3916 6244
283 337 389 400 3ἰ5

901 340 999 400 DE
1041 339 1510 402 OBEDIENTlA
1553 345 2090 410 MAGISTRATUI
2136 346 2609 410 CHRISTIANO
2645 347 2942 413 DENTA’.

3431 355 3542 422 346

281 456 412 523 κρδν
442 454 539 506 καὶ
575 452 766 524 ἕτερος
798 456 960 508 αὑτὸν
997 457 1168 524 ἀνῆκε
1204 457 1396 524 θυμὸς,
1444 459 1677 526 ἀφέσθαι
1722 465 1838 530 ταχὲ

1964 463 2230 515 sententia
2288 463 2592 528 ἰιιιιιιιιιιιιιι,
2651 467 2718 519 ab
2772 465 2864 518 illo
2911 466 3208 520 certamine
3238 470 3543 532 recesserit,

280 547 375 612 τῆς
402 545 614 615 τόλμης
639 547 882 614 ἐκείνης,
921 547 994 616 μὴ
1025 550 1121 601 καὶ
1163 550 1520 620 ἀποθραυσθῇ
1546 552 1642 616 τῆς
1681 569 1856 620 κεφα-

279 637 392 704 >ἧς,
429 636 530 689 καί
560 655 662 690 που
697 639 794 691 καὶ
825 639 1066 708 σποδηθῇ
1099 640 1244 691 κατά
1270 642 1360 691 τὸν
1403 641 1573 704 οὕτως
1605 642 1850 707 εἰπόντα,

281 732 368 783 καὶ
395 729 662 798 ἐπιτριὸῇ
692 731 976 800 φλὼμενος
1019 733 1112 784 καὶ
1151 733 1479 799 πνιγόμενος
1505 749 1516 760 ·
1570 734 1668 786 καὶ
1708 734 1854 798 λογι-

281 822 414 886 σμὸν
436 821 626 876 τοῦτον
649 823 906 892 δεύτερον
953 828 1172 878 συνετὸν
1204 825 1371 894 μωρῷ
1401 827 1593 894 ἐκείνῳ
1649 828 1852 897 πρώτῳ

277 915 631 984 ἀπιστήσας,
663 915 757 966 καὶ
789 916 957 984 ἄμφω
985 916 1355 978 ταλαντεύσας
1383 918 1446 967 ὲκ
1473 919 1850 986 παραθέσεως,

275 1007 369 1057 καὶ
403 1006 580 1074 ροπὴν
609 1007 863 1076 εὑρηκὼς
899 1009 953 1058 ὲν
977 1006 1051 1075 τῷ
1073 1007 1510 1078 δευτερεύσαντι,
1537 1009 1648 1076 ἔχει
1672 1009 1852 1076 λέγειν

275 1096 508 1160 ἀστείως
557 1097 694 1167 πρὸς
747 1098 838 1151 τὸν
867 1098 1214 1167 κατάρξαντα
1267 1099 1393 1152 νοῦν
1443 1103 1620 1152 ἐκεῖνο
1653 1102 1713 1152 τι»
1741 1120 1846 1153 πα-

271 1190 422 1242 λαιόν
443 1205 458 1220 ο
491 1190 566 1252 ὡς
597 1192 658 1243 ού
689 1192 924 1256 πείσεις,
955 1191 1063 1244 οὐδ’
1097 1193 1165 1260 ἣν
1216 1193 1412 1262 πείσῃς
1435 1209 1448 1222 ·
1495 1194 1720 1257 ἔπεισας
1753 1195 1850 1263 μὲν

273 1283 401 1352 γὰρ,
430 1277 475 1336 ὧ
527 1283 686 1348 θυμὲ,
723 1286 911 1353 χεῖρας
936 1286 1190 1346 ἀντήρεις
1233 1286 1490 1356 ἀνασχεῖν
1525 1289 1665 1338 κατὰ
1698 1290 1850 1357 ισχυ-

274 1377 499 1444 ροτὲροο
535 1376 678 1444 ἢπερ
713 1375 822 1442 ἐγώ
843 1394 856 1405 ·
888 1377 946 1428 ού
977 1377 1172 1446 πείσῃς
1201 1377 1256 1428 δὲ
1289 1379 1440 1444 ὅμως
1474 1378 1554 1440 εἰς
1581 1379 1755 1441 τέλος,
1805 1381 1852 1430 εἰ

272 1468 368 1519 καὶ
397 1468 757 1537 παρέπεισας.
789 1466 1135 1534 Εὑλαϐοὖμαι
1167 1468 1274 1538 γὰρ
1301 1469 1647 1534 ἰλυσπᾶσθαι,
1677 1472 1853 1540 pigeat;

268 1563 353 1621 εἰς
381 1560 507 1628 γῆν,
553 1560 649 1611 καὶ
679 1557 823 1611 οὕτω
869 1558 967 1627 τὴν
997 1559 1156 1627 ’ἐρψιν
1199 1560 1536 1626 ἀλλάξασθαι
1566 1561 1662 1632 τῆς
1709 1560 1856 1632 βαδὲ-

272 1670 431 1712 σεως.

237 1801 247 1808 _
342 1743 442 1798 οα’.
478 1746 647 1798 Πάλιν
681 1746 941 1815 λογισμὸς
967 1747 1323 1817 παρέπλαγξέ
1357 1764 1503 1810 τινα,
1535 1749 1696 1800 ὁποῖα
1721 1748 1851 1799 πολ-

1964 563 2216 608 metuens
2246 569 2311 608 ne
2341 556 2518 622 capite
2556 570 2812 623 percusso
2848 557 2916 609 ad
2951 556 3206 622 nihilum,
3257 559 3332 611 uti
3371 561 3545 622 aiunt,

1961 646 2237 709 redactus,
2269 649 2558 711 contritus,
2593 647 2888 702 sull‘ncatus
2919 657 3144 718 pereat;
3186 658 3239 704 et
3271 650 3316 703 si
3351 650 3548 704 deinde

1960 735 2128 801 priori
2161 735 2250 788 illo
2301 735 2574 803 insipienti
2623 738 2852 791 consilio
2905 740 3120 809 abjecto
3159 741 3305 794 aliud
3340 743 3543 808 ccperit

1959 826 2278 894 sapientius,
2310 837 2366 879 et
2391 839 2616 896 utroque
2644 829 2942 885 deliberato
2973 843 3028 886 et
3059 843 3396 899 comparato,
3431 849 3549 885 mo-

1962 930 2199 975 mentum
2230 921 2493 976 incliuare
2523 923 2588 976 ad
2609 925 2902 977 secundum
2937 927 3292 990 intellexerit,
3322 938 3452 982 tunc
3476 928 3541 981 ad

1963 1022 2198 1066 mentem
2231 1026 2334 1080 qua
2369 1014 2606 1078 priorem
2644 1024 2988 1081 suggesserat
3022 1017 3343 1068 sententiam
3396 1027 3544 1068 recte

1961 1104 2157 1171 poterit
2183 1104 2393 1158 dicere:
2429 1104 2660 1157 Suasisti
2691 1105 2934 1172 quidem,
2957 1114 3012 1156 at
3033 1120 3134 1157 non
3152 1105 3538 1172 persuadebis:

1960 1196 2173 1248 Voluisti
2209 1195 2375 1259 enim,
2408 1205 2467 1249 ut
2491 1208 2681 1249 contra
2713 1196 2995 1250 fortiorem
3025 1211 3215 1266 pugna:
3243 1196 3538 1250 discrimen

1959 1285 2236 1351 subirent,
2270 1301 2448 1354 neque
2481 1297 2681 1351 tamen,
2728 1285 2980 1355 quamvis
3005 1301 3090 1338 me
3144 1287 3400 1339 seducere
3424 1295 3540 1339 stu-

1959 1378 2160 1441 dueris,
2199 1379 2325 1431 milti
2352 1393 2588 1446 uttqnztttt
2622 1378 3000 1446 persuadebis.
3046 1375 3251 1429 Vereor
3279 1377 3420 1430 enim
3449 1391 3539 1439 ne,

1958 1474 2024 1527 ad
2061 1483 2258 1528 terram
2312 1474 2517 1534 allisus,
2584 1472 2818 1540 rependo
2878 1471 3059 1538 potius
3089 1471 3192 1524 sim
3249 1471 3536 1537 obnoxius,

1958 1583 2119 1636 quam
2159 1579 2306 1622 recte
2343 1567 2644 1621 incedendo
2680 1567 2928 1620 idoneus.

2029 1743 2119 1796 7t.
2156 1743 2390 1797 Rursum
2426 1743 2588 1805 ratio,
2623 1744 2696 1797 uti
2733 1744 2874 1797 haud
2922 1758 3048 1797 raro
3095 1743 3343 1797 accidere
3377 1741 3533 1803 solet,

266 1837 336 1888 λὰ
358 1839 502 1904 φιλεῖ
533 1839 628 1890 καὶ
661 1836 888 1890 τοιαῦτα
913 1839 1179 1905 γίνεσθαι,
1210 1841 1457 1904 γενναῖον
1485 1835 1646 1902 εἶναι,
1676 1841 1838 1891 παλα·

1954 1834 2186 1903 aliquem
2219 1835 2446 1895 induxit,
2480 1846 2535 1888 ιιι
2567 1850 2888 1902 generosum
2921 1849 3040 1889 sese
3069 1834 3327 1888 exhibeat
3354 1842 3405 1885 et
3429 1834 3534 1884 int-

271 1929 479 1996 μᾶσθαι
512 1929 909 1999 συμποδισμὸν,
940 1929 996 1982 εἴ
1020 1947 1106 1993 τις
1141 1932 1221 1994 εἰς
1250 1931 1595 2000 παλαίστραν
1623 1932 1849 1985 ἀντικα-

265 2021 504 2089 tumin
537 2022 708 2092 αὐτῷ,
745 2023 855 2075 Καὶ
875 2023 1290 2093 ὲπανηγυρίσθη
1321 2023 1490 2091 ἀγὼν,
1519 2022 1614 2077 καὶ
1638 2022 1846 2093 ἐκηρύ-

266 2113 374 2182 χθη
409 2112 848 2184 παλαισμοσύνη,
882 2115 974 2167 καὶ
1007 2113 1171 2178 αὐτὸς
1206 2116 1502 2186 παρεισέδυ
1536 2117 1594 2179 ἐς
1623 2116 1844 2185 μέδους.

266 2206 476 2258 ἐθέλων
507 2207 852 2278 συμπλοκὴν,
886 2208 977 2260 καὶ
1011 2206 1228 2278 θαρῤὦν
1281 2209 1707 2270 καταπαλαίειν,
1750 2207 1846 2260 καλ⁸

263 2298 372 2367 ἥδη
395 2295 456 2350 εὖ
487 2299 632 2367 μάλα
657 2299 972 2368 συμπείσας
998 2301 1190 2352 ἑαυτὸν
1211 2304 1292 2363 εις
1317 2299 1573 2371 τοιαύτην
1593 2299 1839 2370 ἄθλησιν.

277 2386 424 2440 Ἀλλ’
475 2389 696 2441 ἐπειδὰν
745 2390 1157 2460 ἀνταγωνιστὴν
1205 2391 1470 2459 θεάσηται
1499 2393 1759 2460 φανέντα,
1785 2391 1844 2444 ὃν

265 2479 348 2546 μὴ
385 2477 812 2548 ἐνθυμούμενος,
848 2480 982 2534 ἀλλὰ
1007 2482 1129 2534 τότε
1171 2482 1382 2536 κατίδοι
1422 2481 1843 2552 ὲξανακύψαντα

259 2571 365 2622 καὶ
422 2572 504 2634 εἰς
549 2571 844 2625 ἀντίπαλον
893 2575 1350 2644 προχωρήσαντα.
1407 2575 1466 2627 ού
1525 2575 1736 2638 πείσεις
1766 2575 1843 2645 τῷ

261 2659 460 2730 πρώην
479 2661 750 2730 λογισμῷ,
795 2662 924 2730 ἔφη,
958 2663 1060 2716 κᾶν
1093 2664 1308 2731 φθάσας
1339 2663 1567 2726 ἔπεισας
1594 2680 1606 2695 ·
1646 2665 1708 2718 ού
1733 2665 1842 2736 γὰρ

261 2751 530 2821 ἀνέξομαι
565 2754 750 2806 πεσὼν
781 2753 1196 2822 συντρίψεσθαι,
1255 2754 1347 2808 καὶ
1387 2753 1619 2806 καθόλου
1643 2757 1704 2806 ὲν
1729 2757 1843 2818 τοῖς

262 2842 530 2912 φρονοῦσι
582 2846 678 2897 καὶ
726 2844 963 2914 μαθοῦσι
1012 2844 1388 2913 βουλεύεσθαι,
1421 2845 1516 2898 καὶ
1553 2841 1710 2908 αὖθις
1759 2847 1842 2907 εἰς

258 2937 388 2988 δέον
443 2936 961 3005 μεταϐουλεύεσθαι.
1023 2937 1208 2989 Πείθει
1261 2939 1360 3008 μέν
1422 2955 1505 3000 τις
1560 2937 1754 2990 ἑαυτὸν
1783 2937 1841 2988 ἐν

259 3029 506 3093 πολλοῖς,
548 3031 643 3083 καὶ
681 3032 760 3094 εἷς
785 3048 837 3083 τι
866 3030 1065 3100 ψεκτὸν
1099 3032 1194 3083 καὶ
1222 3030 1592 3096 κατατίθεται,
1619 3029 1711 3082 καί
1735 3046 1838 3081 που

257 3123 594 3192 ἐρεθίζεται,
647 3123 741 3175 καὶ
797 3125 878 3185 εἰς
939 3123 1097 3192 ἔργον
1152 3123 1380 3193 ἐξορμᾷ.
1429 3121 1744 3189 Μεταγνοὺς
1777 3120 1834 3172 δὲ

258 3217 491 3284 ἀςοὶησιν
521 3216 722 3277 ἐκεῖνο,
755 3216 836 3275 εἰς
859 3216 998 3284 ὅπερ
1025 3213 1342 3272 κατένευσε,
1371 3212 1464 3265 καὶ
1486 3213 1672 3282 χαίρει
1696 3230 1835 3266 παυ-

261 3311 515 3374 οῖὶμενος,
559 3306 651 3359 καὶ
675 3306 815 3372 λόγῳ
843 3306 1091 3374 τοιούτῳ,
1135 3305 1183 3357 ει
1217 3306 1310 3358 καὶ
1346 3304 1662 3368 πέπεισται,
1684 3305 1836 3373 ὅμως

258 3399 444 3451 οὐκέτι
472 3397 742 3460 πείθεται,
765 3399 951 3466 ὅμοιον
972 3398 1103 3449 ὡσεὶ
1125 3397 1220 3448 καὶ
1243 3395 1506 3465 ὁρμηθεὶς
1538 3395 1678 3450 κατὰ
1698 3413 1836 3467 κρηο

1953 1927 2257 1995 pedimettta
2283 1929 2327 1980 si
2362 1941 2484 1995 quae
2513 1928 2566 1980 in
2603 1940 2768 1980 arena
2800 1933 3112 1989 occurrant,
3137 1924 3347 1978 fortiter
3376 1923 3530 1990 disji«

1949 2019 2077 2072 ciat.
2111 2018 2422 2073 Certamine
2476 2018 2644 2088 igitur
2678 2017 2904 2083 indicto,
2943 2028 2998 2071 et
3043 2033 3217 2085 pugna
3265 2016 3529 2085 prmconis

1947 2126 2080 2166 voce
2097 2112 2437 2176 annuntiata,
2461 2111 2550 2166 ille
2568 2112 2619 2165 in
2644 2113 2876 2165 medium
2901 2111 3264 2180 progreditur,
3284 2107 3526 2163 certandi

1948 2203 2158 2270 avidus,
2196 2203 2263 2258 de
2292 2204 2516 2259 victoria
2556 2213 2764 2268 certus,
2805 2205 2918 2258 suis
2941 2203 3149 2257 viribus
3177 2203 3230 2256 in
3264 2199 3526 2268 ejusmodi

1946 2312 2240 2365 congressu
2272 2299 2500 2352 nimium
2532 2308 2793 2366 quantum
2822 2296 3083 2351 conﬁsus.
3116 2297 3185 2349 At
3214 2295 3302 2349 ubi
3337 2295 3528 2347 adver-

1946 2387 2148 2439 sarium
2170 2401 2328 2454 quem
2353 2400 2459 2440 non
2483 2395 2786 2454 putaverat,
2811 2393 3159 2454 apparentem
3182 2393 3524 2437 etarrectum

1945 2488 2000 2534 et
2030 2479 2168 2532 hosti
2189 2478 2402 2533 obviam
2429 2487 2648 2534 euntem
2681 2477 2966 2547 conspicit,
2999 2485 3123 2530 tunc
3146 2475 3370 2538 rationi,
3394 2474 3529 2528 dicit

1945 2569 2194 2639 quamvis
2240 2579 2398 2625 antea
2431 2571 2790 2640 persuaseris,
2823 2583 2930 2622 non
2961 2566 3190 2633 amplius
3221 2568 3526 2636 persuade-

1947 2662 2059 2725 bis;
2095 2661 2219 2715 nolo
2249 2662 2395 2715 enim
2438 2661 2576 2731 turpi
2607 2677 2736 2717 casu
2781 2661 3017 2725 conteri,
3051 2661 3145 2714 sed
3181 2659 3363 2728 potius
3399 2673 3522 2712 cum

1944 2751 2302 2820 prudentibus
2350 2752 2795 2821 sapientibusque
2828 2753 2964 2806 viris
2991 2751 3274 2806 consilium
3307 2751 3442 2805 inire
3470 2763 3525 2805 et

1945 2844 2010 2895 ad
2045 2842 2276 2898 ollicium
2303 2845 2525 2898 reverti.
2581 2843 2672 2898 Sic
2707 2843 2889 2897 multis
2927 2843 2981 2897 in
3014 2844 3177 2898 rebus
3229 2842 3390 2897 homo
3421 2842 3520 2896 sibi

1943 2937 2182 2992 conﬁsus
2214 2940 2295 2991 vel
2318 2937 2384 2992 ad
2405 2937 2605 2991 malum
2632 2938 2930 3006 propendet
2957 2945 3010 2990 et
3037 2935 3348 2991 stimulatur
3381 2937 3521 2988 adeo

1944 3039 2002 3083 ut
2034 3029 2102 3083 ad
2143 3043 2280 3100 opus
2330 3028 2746 3099 aggrediondutn
2801 3036 3022 3097 paratus
3065 3027 3174 3092 sit;
3229 3027 3321 3081 sed
3350 3029 3522 3096 pecni-

1946 3121 2113 3176 tentia
2151 3131 2434 3192 correptus
2485 3120 2697 3175 desistit
2725 3120 2792 3174 ab
2818 3119 2910 3173 illo
2937 3119 2988 3172 in
3020 3120 3162 3186 quod
3194 3127 3353 3173 antea
3395 3133 3522 3187 pro-

1938 3214 2092 3268 clivis
2105 3211 2401 3280 esstitit,et
2421 3213 2562 3281 quod
2581 3228 2685 3266 non
2706 3213 3008 3280 perrexerit
3026 3212 3248 3280 gaudet,
3263 3219 3317 3265 et
3331 3226 3524 3280 quam.

1939 3307 2020 3360 vis
2075 3315 2231 3360 antea
2283 3307 2513 3360 cesserit
2560 3303 2826 3371 ejusmodi
2886 3305 3138 3366 consilio,
3186 3311 3365 3356 tamen
3412 3318 3518 3355 non

1938 3397 2170 3465 amplius
2198 3398 2361 3460 cedit,
2394 3395 2560 3450 veluti
2601 3396 2643 3450 si
2685 3395 2808 3466 quis
2841 3395 2911 3450 de
2947 3394 3249 3464 prmeipitio
3282 3409 3401 3446 sese
3429 3396 3520 3446 dc-

261 3489 420 3558 μνοῦ,
455 3484 574 3541 εἶτα
619 3488 926 3557 μετάμελος
981 3485 1486 3554 ὲπαναστρέψεται,
1518 3487 1614 3540 καὶ
1647 3485 1835 3551 ἔννους

1949 3489 2202 3553 lecturus,
2223 3498 2407 3558 postea
2432 3497 2635 3541 mutata
2662 3498 2840 3540 mente
2864 3488 3156 3542 revertitur
3182 3493 3236 3539 et
3264 3483 3518 3551 insipien-

257 3586 324 3634 ὲκ
344 3581 696 3647 δυσλογίστου
728 3579 978 3646 γένηται.

327 3669 428 3739 οβ’.
461 3669 583 3739 Χρὴ
639 3668 821 3722 τοίνυν
877 3668 1054 3730 οὕτως
1100 3670 1196 3722 ἐπὶ
1243 3669 1465 3724 πάντων
1491 3670 1601 3723 τῶν
1629 3669 1836 3738 ὁμοίων

256 3761 530 3830 γίνεσθαι,
585 3757 664 3820 ὡς
692 3757 1005 3822 ἀκολούθως
1043 3759 1140 3811 καὶ
1169 3760 1340 3829 ἡμᾶς.
1398 3758 1836 3826 ἀναλασομένους

258 3855 468 3922 πεῖσμα
497 3850 772 3913 ὁπωσοῦν,
809 3850 920 3902 εἴτε
947 3850 1004 3916 ἐξ
1036 3850 1198 3920 ἡμῶν
1227 3851 1413 3901 αὐτῶν
1443 3847 1832 3910 ἀ6ούλως,εῖτε

255 3946 396 3999 κατά
423 3942 779 3998 διδασκαλίαν
803 3942 1157 4007 κακόδουλον,
1200 3942 1418 4002 πάντως
1451 3941 1507 3992 δὲ
1537 3941 1645 3994 ἀπὸ
1672 3941 1834 4008 ἀρχε-

254 4039 428 4092 κάκοο
457 4036 732 4106 δαίμονος,
758 4036 854 4091 καὶ
897 4035 1267 4104 ὡρμημένους
1321 4037 1377 4094 ἐς
1405 4032 1606 4102 πρᾶξιν
1635 4035 1836 4086 ἀποτε-

255 4127 534 4180 λευτῶσαν
583 4126 662 4187 εἰς
724 4122 1064 4194 φαυλότητα,
1115 4122 1492 4189 ἐνθυμεῖσθαι,
1554 4117 1692 4174 εἷναι
1716 4137 1836 4174 τινα

255 4218 412 4288 ἡμῶν
441 4216 754 4287 κρείττονα,
806 4213 903 4268 καὶ
934 4217 982 4265 ει
1021 4213 1096 4283 μὴ
1125 4212 1435 4283 ἄνθρωπον,
1491 4212 1629 4266 ἀλλά
1656 4228 1719 4280 γε
1744 4211 1836 4264 τὸν

254 4312 406 4376 Θεὸν,
424 4310 486 4373 ὃς
515 4309 692 4371 διδοὺς
715 4308 781 4361 τὰ
802 4306 984 4374 ἀγαθά
1016 4306 1370 4375 καταγίνεται
1392 4309 1492 4376 τῆς
1515 4306 1832 4375 κακότητος,

257 4404 450 4455 ἑαυτὸν
484 4401 702 4461 πάντως
741 4398 973 4452 ἐκδικῶν
1006 4397 1095 4452 διά
1124 4399 1224 4467 τῆς
1265 4399 1525 4467 τοιαύτης
1550 4396 1838 4463 ἐπεξελεύ-

1939 3578 2064 3631 tiatn
2091 3578 2143 3631 in
2174 3578 2491 3647 sapientiam
2517 3586 2805 3646 permutat.

2007 3668 2096 3722 72.
2132 3668 2209 3722 ita
2243 3668 2405 3736 igitur
2432 3671 2482 3723 in
2513 3670 2658 3723 omni
2687 3685 2743 3724 re
2765 3669 2927 3722 simili
2962 3669 3077 3724 ﬁeri
3135 3669 3312 3722 decet.
3342 3666 3514 3722 Nimi-

1937 3775 2054 3814 rutn
2088 3760 2132 3813 si
2165 3761 2451 3815 consilium
2469 3761 2735 3829 cepimus,
2761 3762 2846 3814 vel
2873 3775 2938 3813 ex
2969 3761 3124 3815 nobis
3154 3760 3287 3828 ipsis
3317 3761 3516 3828 impru-

1938 3851 2206 3914 dentibus,
2242 3853 2328 3905 vel
2365 3861 2696 3920 prazceptntn
2729 3851 3024 3915 malignum
3069 3858 3383 3919 sequentes,
3429 3849 3513 3903 vel

1937 3943 2168 4010 denique
2205 3941 2431 3996 damoni
2467 3943 2730 3996 malorum
2763 3942 2994 4010 principi
3047 3944 3509 4011 obtemperantes,

1937 4041 1992 4086 ct
2015 4035 2078 4085 ad
2104 4047 2243 4101 opus
2294 4033 2654 4100 improbitatis
2698 4034 2910 4088 macula
2967 4048 3245 4101 aspersum
3277 4033 3514 4101 accingi-

1936 4140 2080 4186 mur,
2113 4132 2223 4179 tum
2265 4133 2514 4194 reputare
2547 4125 2828 4191 debemus,
2851 4140 2972 4180 esse
2995 4125 3232 4193 aliquem
3263 4125 3513 4194 superio-

1938 4232 2076 4282 rem,
2120 4216 2220 4271 etsi
2254 4231 2359 4270 non
2397 4217 2667 4271 hominem
2724 4224 2782 4271 at
2833 4217 3023 4270 saltem
3071 4217 3262 4282 Deum,
3296 4218 3408 4285 qui,
3433 4217 3510 4270 uti

1937 4309 2200 4363 bonorum
2250 4308 2395 4375 fons,
2457 4311 2797 4380 improbitati
2829 4311 3170 4379 adversatur,
3220 4311 3348 4367 etsi
3379 4312 3510 4382 quid

1937 4402 2202 4471 ejusmodi
2244 4403 2645 4469 admiserimus,
2678 4406 2888 4460 ulturus
2906 4415 3009 4460 est.
3039 4403 3156 4474 Ipse
3196 4407 3338 4461 enim
3365 4408 3508 4476 leges

260 4510 420 4557 σεως.
461 4492 702 4554 Ἐκεῖνος
724 4490 833 4560 γὰρ
860 4491 952 4543 καὶ
979 4489 1280 4560 νομοθέτης
1321 4488 1660 4557 ἀγαθότητος
1689 4489 1832 4541 ἀπά·

1949 4497 2166 4563 thimas
2199 4496 2353 4562 tulit;
2389 4497 2560 4566 ipsius
2592 4509 2674 4552 est
2704 4499 2938 4552 mundus
2965 4500 3275 4564 universus,
3333 4499 3508 4568 ipsius

259 4603 357 4656 σης
380 4602 394 4616 ·
427 4585 525 4637 καὶ
574 4581 742 4635 αὑτοῦ
783 4584 955 4648 ἐστιν,
1010 4581 1204 4652 ὥσπερ
1243 4581 1272 4633 ὁ
1309 4581 1538 4650 κόσμος,
1563 4579 1708 4632 οὕτω
1738 4581 1832 4632 καὶ

257 4680 400 4740 ἄπας
425 4675 654 4745 κόσμιος
686 4674 1015 4744 ἡγούμενος,
1046 4676 1141 4728 καὶ
1172 4675 1336 4728 αὐτοῦ
1363 4676 1483 4727 ἐστι
1513 4672 1833 4742 παράγγελ-

260 4785 360 4837 μα,
427 4765 854 4820 πείθεσθαικαὶ
913 4767 1167 4819 ὑπείκειν
1207 4767 1320 4828 τοῖς
1368 4765 1722 4835 ἡγουμένοις,
1781 4763 1830 4815 οἳ

256 4858 470 4910 ἐκείνου
498 4855 639 4909 εἰσὶν
668 4855 1030 4924 εἰκονίσματα
1059 4855 1155 4908 καὶ
1184 4855 1504 4925 ἰνδάλματα.
1539 4853 1629 4906 Διὸ
1675 4853 1771 4906 καὶ
1796 4854 1829 4922 ἡ

254 4948 634 5018 αὖτῶνῦϐρις
663 4948 758 5001 καὶ
784 4946 958 5018 βλάϐη
981 4948 1076 5000 καὶ
1109 4947 1144 5018 ἡ
1170 4946 1294 5000 κατ’
1319 4946 1498 4999 αὐτῶν
1521 4944 1708 4999 ἀδικία
1735 4944 1832 4996 καὶ

255 5040 556 5109 περτεργία
590 5039 686 5092 καὶ
713 5039 1118 5110 περιφρόνησις
1168 5042 1246 5101 εἰς
1273 5040 1484 5092 ἐκεῖνον
1517 5036 1833 5090 ἀναϐαίνειν

253 5127 702 5195 διαγινώσκεται,
754 5129 848 5182 τὸν
894 5129 1160 5200 μισοῦντα
1213 5128 1314 5201 μὲν
1339 5129 1433 5182 καὶ
1457 5127 1606 5181 ἆπαν
1639 5127 1829 5190 κακὸν,

253 5218 360 5288 οὐχ
382 5219 588 5289 ἥκιστα
608 5219 664 5272 δὲ
685 5219 787 5288 τὴν
815 5219 938 5273 κατ’
973 5220 1108 5274 αὐτὸ
1139 5221 1431 5290 ἐπιμονήν.
1759 5260 1761 5262 ς

331 5316 426 5376 or.
457 5310 536 5364 Οὐ
585 5311 695 5380 γὰρ
738 5309 890 5364 ἔστιν
937 5313 1238 5377 ἀντειπεῖν,
1289 5313 1364 5382 μὴ
1408 5309 1678 5381 ἐπιμονήν
1708 5325 1832 5362 τινα.

253 5403 541 5473 χειρίστην
573 5403 670 5455 καί
699 5402 764 5454 τὸ
792 5403 1003 5472 πεῖσμα
1033 5399 1168 5456 εἷναι
1201 5403 1265 5454 τὸ
1297 5403 1500 5472 φαῦλον
1523 5441 1538 5467 ,
1578 5401 1676 5455 καὶ
1706 5401 1832 5454 ἰδιό-

250 5505 402 5557 τητα
430 5490 635 5561 ζωῖκὴν
659 5490 1120 5554 δυσαπάλειπτον,
1140 5491 1410 5563 πολλαχοῦ
1430 5491 1487 5545 δὲ
1516 5493 1610 5545 καὶ
1637 5490 1832 5555 ἀνεξάο

251 5580 500 5635 λειπτον.
525 5581 672 5652 Πλὴν
705 5583 843 5635 ἀλλά
867 5585 924 5636 ὲν
951 5583 1266 5655 ἀνθρώποις
1295 5585 1541 5654 λογίμοις
1585 5585 1682 5639 καὶ
1709 5585 1831 5637 ἐπι-

254 5673 558 5742 σταμένοις
623 5674 1014 5728 ὁποκλῖνεσθαι
1077 5676 1222 5745 λόγῳ
1299 5678 1394 5730 καὶ
1452 5675 1831 5728 ὲπιπείθεσθαι

251 5763 366 5817 οὐκ
416 5764 532 5820 ἐστι
569 5767 650 5835 μὴ
683 5767 1081 5839 ἐξαλείφεσθαιξ
1106 5770 1199 5822 καὶ
1264 5769 1364 5837 τὴν
1426 5768 1683 5838 τοιαύτῆν
1729 5769 1829 5821 οὐκ

1933 4601 2122 4641 omnes
2154 4589 2336 4642 tnundi
2363 4590 2674 4658 principes;
2715 4590 2830 4657 ipse
2864 4592 3142 4659 praecepit,
3192 4598 3251 4644 ut
3281 4590 3506 4644 obedia-

1933 4693 2056 4732 mus
2087 4687 2142 4732 et
2183 4694 2388 4734 morem
2426 4694 2684 4750 geramus
2725 4681 3100 4749 superioribus
3157 4681 3250 4748 qtti
3301 4680 3506 4750 eﬂigies

1933 4769 2052 4838 ejus
2081 4777 2209 4824 sunt
2237 4785 2300 4824 ac
2331 4771 2644 4825 simulacra.
2707 4771 2845 4825 Hinc
2875 4780 3120 4840 apparet,
3155 4787 3344 4826 eorum
3370 4787 3503 4826 con-

1937 4863 2237 4929 tumeliam,
2253 4865 2628 4928 oﬂ‘ensionem,
2648 4863 2924 4931 iniuriam,
2944 4872 3312 4933 contemptum
3331 4865 3508 4920 redire

1934 4963 2001 5016 ad
2054 4957 2230 5027 illum,
2287 4961 2380 5028 qui
2426 4965 2484 5014 et
2516 4971 2734 5012 omnem
2791 4955 3076 5023 malitiam,
3129 4967 3183 5012 et
3229 4955 3284 5011 in
3316 4955 3507 5027 primis

1932 5051 2396 5121 perseverantiam
2430 5051 2485 5105 in
2508 5063 2572 5104 ea
2600 5048 2726 5104 odio
2757 5049 2940 5103 habet.

2005 5308 2094 5362 73.
2125 5307 2270 5361 inter
2317 5318 2508 5359 omnes
2542 5305 2686 5358 enim
2728 5311 2962 5368 constat,
2990 5303 3242 5360 ﬁduciam
3287 5319 3506 5374 perver-

1933 5417 2048 5456 sam
2079 5415 2202 5454 esse
2230 5399 2482 5468 pessimis
2517 5398 3257 5466 quibusqueaccensendam
3277 5438 3295 5465 ,
3331 5400 3493 5468 siqui-

1934 5497 2055 5550 dem
2102 5491 2318 5548 aliectio
2343 5499 2427 5546 est
2463 5491 2653 5556 animi,
2680 5505 2800 5560 quae
2827 5490 3050 5546 nonnisi
3083 5491 3386 5553 difﬁculter,
3416 5492 3505 5545 in-

1935 5586 2149 5640 terdum
2200 5594 2380 5639 autem
2413 5583 2566 5639 nullo
2605 5586 2765 5640 modo
2795 5585 3059 5655 supprimi
3093 5594 3290 5653 potest.
3331 5582 3504 5636 Cate-

1934 5691 2052 5728 rum
2089 5675 2336 5729 homines
2365 5673 2596 5729 solertes
2627 5674 2928 5744 rationique
2947 5676 3166 5728 obedire
3205 5682 3256 5724 ct
3280 5670 3501 5739 obsequ:

1935 5766 2168 5820 scientes
2197 5764 2346 5820 illam
2373 5764 2568 5819 malam
2593 5762 2932 5820 a‘Iectionem
2969 5764 3084 5818 sine
3114 5761 3278 5816 dubio
3303 5776 3502 5817 exuere
