3916 6244
409 335 510 399 347

1102 331 1529 394 EUSTATHII
1568 325 2322 391 TIlESSALONICI‘INSIS
2349 323 2914 386 METROPOLITIE

3546 322 3658 388 3i8

411 434 636 498 possunt
667 440 683 479 :
731 439 905 495 neque
941 425 1084 479 enim
1122 441 1150 478 a
1186 434 1377 478 natura
1413 423 1494 477 eis
1543 424 1710 477 indita
1738 432 1848 486 est,
1885 422 1980 475 sed

2090 419 2299 490 ἀγαθὴν
2333 419 2594 489 ἰδιότητα,
2617 419 2699 472 ὅτι
2733 419 2868 489 μηδὲ
2910 419 2974 470 ἐκ
3020 415 3234 484 φύσεως
3265 415 3450 480 αὐτοῖς
3483 417 3662 482 αὐξά-

409 533 506 590 per
532 517 726 572 malam
756 516 1058 570 doctrinam
1086 522 1140 568 et
1161 513 1602 570 consuetudinem
1637 515 1973 567 incrementa

407 609 551 678 capit
585 619 638 663 et
682 607 979 670 stabiliter,
1016 605 1102 661 vel
1140 607 1342 676 potius,
1397 617 1453 659 ut
1507 603 1847 660 manifestius
1893 603 1976 657 lo-

406 711 565 763 quar,
599 710 695 763 per
727 693 1106 749 conﬁdentiam
1148 709 1459 762 perversam
1489 709 1611 762 quae
1650 704 1705 748 et
1735 694 1850 764 ipsa
1877 695 1976 748 du-

404 787 526 856 plex
562 795 665 840 est.
717 785 928 840 Etenim
959 796 1052 840 aut
1084 800 1115 839 a
1151 786 1446 854 semetipso
1478 785 1600 854 quis
1641 786 1799 839 talem
1833 801 1974 839 tttttl-

406 877 632 930 ciscitur
680 874 1084 940 conﬁdentiam,
1143 875 1267 928 dum
1315 874 1525 927 scilicet
1589 889 1782 940 magno
1847 889 1969 928 cum

406 966 592 1020 labore
630 982 751 1021 sese
783 967 960 1020 erudit
1009 965 1334 1034 instruitque
1375 974 1426 1018 et
1460 965 1540 1020 sic
1588 965 1728 1019 male
1777 965 1972 1020 ﬁducia

406 1057 680 1124 impletur,
740 1064 834 1110 aut
892 1056 1108 1110 aliunde
1160 1056 1422 1124 principia
1481 1061 1666 1118 sumit,
1723 1057 1971 1126 malaque

405 1147 755 1214 persuasione
781 1149 1036 1200 seductus
1068 1148 1446 1201 consuetudini
1479 1163 1638 1216 quam
1667 1149 1828 1201 scim-l
1854 1166 1969 1200 am-

405 1241 594 1307 plexus
627 1247 733 1301 est,
775 1239 1123 1307 pertinaciter
1154 1237 1481 1292 inlmrescit.
1518 1239 1630 1292 Nisi
1671 1240 1814 1290 enim
1849 1240 1972 1306 quis

407 1332 578 1383 nimio
611 1329 688 1383 rei
721 1329 956 1398 alicujus
993 1344 1178 1383 amore
1222 1337 1488 1391 teneatur,
1523 1328 1612 1381 vix
1645 1329 1693 1381 ei
1746 1328 1970 1381 ἰιιιιιιιιε-

405 1423 505 1486 bit,
537 1421 632 1474 sed
663 1421 845 1489 potius
880 1421 1036 1474 facile
1081 1436 1144 1474 ea
1180 1420 1365 1473 relicta
1400 1420 1466 1473 ad
1497 1419 1655 1472 aliam
1697 1417 1969 1472 transibit.

406 1511 502 1565 Illa
536 1513 695 1582 igitur
726 1513 891 1565 animi
925 1512 1139 1565 alIectio
1162 1527 1265 1565 non
1296 1513 1362 1564 ad
1392 1513 1663 1564 hominem
1698 1511 1966 1579 vulgarem

407 1606 664 1672 pertinet,
715 1606 807 1657 scd
843 1605 1135 1657 ascititiutn
1185 1604 1471 1656 manifesm
1497 1603 1622 1670 quid
1657 1614 1738 1656 cst
1771 1613 1824 1656 et
1877 1617 1970 1669 per

405 1697 711 1751 doetrinam
766 1697 1242 1765 superimluctum,
1300 1696 1564 1764 siquidem
1620 1696 1701 1748 vel
1750 1698 1818 1750 ab
1866 1695 1972 1748 alio

406 1790 661 1858 quopiam
695 1788 749 1842 in
781 1788 871 1842 illa
902 1789 1042 1842 mala
1073 1787 1356 1842 aﬁ‘ectione
1387 1788 1742 1842 continuatus
1763 1798 1866 1852 est,
1895 1787 1978 1841 vel

403 1896 524 1932 cam
552 1895 649 1934 sua
677 1889 868 1948 sponte
897 1877 1135 1943 admisit,
1173 1878 1334 1946 eique
1368 1878 1760 1933 contumaciter
1785 1879 1974 1933 addic-

405 1983 494 2026 tus
542 1973 595 2024 in
653 1972 766 2026 dies
815 1970 1110 2025 ardentiori
1161 1973 1346 2024 studio
1397 1970 1660 2034 incubuit,
1703 1987 1808 2024 non
1846 1973 1968 2027 sine

2077 530 2230 568 νεται
2251 512 2314 564 τὸ
2341 513 2603 577 τοιοῦτον,
2644 511 2781 566 ἀλλὰ
2808 512 2897 565 διά
2919 510 3019 564 ούκ
3053 507 3412 563 εὐπαιδεύτου
3442 508 3667 562 συνεθι-

2081 605 2222 674 σμοῦ
2243 605 2338 659 καὶ
2363 604 2558 674 φύεται
2576 605 2672 659 καὶ
2687 604 3001 674 άδρύνεται,
3020 601 3356 672 σαφέστερον
3373 601 3430 655 δὲ
3453 603 3657 663 εἰπεῖν,

2077 697 2166 751 διά
2215 697 2428 768 φαύλης
2464 691 2706 760 πειθοῦς,
2775 694 2972 764 διπλῆς
3020 695 3115 747 καὶ
3153 691 3379 760 ταύτης.
3447 691 3516 744 Ἣ
3543 693 3659 758 γὰρ

2076 787 2291 840 οἴκοθεν
2321 787 2566 840 πείθεται
2588 803 2697 851 τις,
2724 785 2998 856 μοχθηρὸν
3031 783 3193 844 αὐτὸς
3222 782 3412 836 ἑαυτὸν
3433 781 3656 846 διδάξας

2077 878 2172 931 καὶ
2195 878 2492 941 παιδεύσας
2516 878 2609 932 καὶ
2634 879 2840 948 στήσας
2871 873 3237 945 πεισματικὸν
3264 872 3453 934 κακῶς
3487 869 3659 930 εἶναι,

2078 971 2110 1043 ἢ
2149 969 2416 1038 ἑτέρωθεν
2468 968 2802 1039 παραλαχὼν
2831 969 3026 1036 ἀρχὰς,
3061 967 3154 1018 καὶ
3188 965 3531 1034 πειθανάγκῃ
3587 967 3658 1033 τῇ

2077 1061 2287 1114 ἐκεῖθεν
2346 1061 2770 1131 παρελκυσθεις,
2828 1059 2922 1113 καὶ
2966 1057 3108 1110 οὕτω
3145 1056 3427 1124 διαμείνας
3487 1055 3662 1114 κακὸς

2076 1153 2342 1223 ἐπιμονῆς
2376 1152 2540 1220 λόγῳ,
2571 1151 2832 1220 φιλτάτης
2862 1149 3028 1218 αὐτῷ.
3064 1149 3139 1202 Οὐ
3173 1152 3282 1217 γὰρ
3312 1151 3375 1201 ἂν
3421 1165 3530 1212 τις,
3581 1149 3661 1214 μὴ

2078 1243 2388 1313 ὑπερφιλῶν
2411 1244 2664 1314 πρᾶγμα,
2685 1244 2989 1310 παραμενεῖ
3010 1243 3064 1303 ἐς
3089 1241 3236 1293 αὐτό
3265 1240 3397 1292 ἀλλὰ
3414 1239 3548 1308 ταχὺ
3570 1240 3664 1289 ὲκ·-

2077 1335 2322 1403 πηδήσας
2338 1333 2802 1403 ἀπαλλαγήσεται.
2818 1335 2891 1386 Οὐ
2909 1332 3085 1385 τοίνυν
3106 1332 3298 1384 ίδιότού
3316 1329 3413 1401 [αι.
3433 1327 3663 1398 tandem]

2079 1425 2370 1494 ἀνθρώπου
2407 1425 2466 1478 τὸ
2501 1425 2740 1478 τοιοῦτον
2772 1424 2940 1486 πάθος
2980 1427 3150 1484 ἐσιεῖν,
3194 1423 3328 1475 ἀλλὰ
3365 1423 3661 1486 ἐπίκτητον

2077 1515 2218 1570 εἶναι
2256 1519 2347 1571 καὶ
2376 1517 2618 1570 διδακτὸν
2652 1518 2936 1584 ἔγνωσται,
2983 1518 3101 1585 ἤτοι
3154 1515 3464 1574 πεισθέντος
3511 1515 3660 1574 τινος

2079 1609 2244 1660 ποθεν
2267 1607 2482 1671 ἔξωθεν,
2507 1609 2538 1676 ἢ
2568 1606 2890 1676 ueroeam;
2920 1604 3180 1666 παθόντος
3197 1605 3294 1672 τὴν
3321 1603 3539 1664 κακίαν,
3564 1603 3661 1652 καὶ

2085 1700 2338 1767 μένοντος
2389 1697 2664 1762 τοιούτου,¹
2713 1697 2808 1750 καὶ
2877 1695 3249 1764 ὲπαυξομένου
3292 1694 3384 1746 καὶ
3409 1709 3664 1762 στερεου-

2087 1791 2248 1859 μένου
2288 1791 2365 1854 είς
2395 1790 2640 1860 διηνεκὲς
2677 1787 2930 1856 δαιμονία
2959 1787 3362 1856 συναντιλήψει,
3397 1786 3490 1838 καὶ
3523 1785 3665 1838 κατὰ

2084 1882 2206 1944 ἔθος
2239 1885 2320 1945 εἰς
2346 1882 2606 1950 δευτέραν
2657 1877 2769 1935 οἷον
2825 1879 2988 1948 φύσιν
3033 1879 3374 1948 ἀποϐεϐηκὸς
3428 1894 3664 1947 γεγενη-

2077 1973 2240 2044 μένου
2275 1993 2341 2028 πε
2350 1974 2662 2044 ισματικοῦ.

405 2065 530 2120 mali
562 2068 701 2136 genii
742 2067 964 2132 auxilio,
993 2075 1047 2121 et
1081 2066 1179 2128 sic,
1218 2066 1465 2133 improba
1531 2067 1924 2122 consuetudine
1999 2067 2052 2122 in
2104 2070 2332 2124 alteram
2394 2070 2556 2124 veluti
2615 2080 2857 2124 naturam
2923 2078 3278 2132 transeunte,
3332 2067 3662 2122 conﬁdentia

409 2163 551 2216 male
583 2161 796 2216 inﬂatus
827 2172 933 2216 est.

476 2252 568 2307 74.
627 2252 722 2306 Est
760 2264 941 2307 autem
981 2251 1174 2306 ﬁducia
1224 2253 1448 2306 Otttttitto
1503 2253 1669 2307 animi
1717 2268 1971 2321 perseve-

2145 2257 2236 2312 «ιδ’.
2273 2256 2381 2310 Καὶ
2415 2255 2533 2308 ἔστι
2559 2255 2620 2307 τὸ
2647 2257 2855 2325 πεῖσμα
2876 2255 2933 2307 ὲν
2963 2253 3042 2324 τῷ
3069 2253 3300 2307 καθόλου
3333 2253 3501 2322 ἤθους
3532 2255 3660 2313 tuto

407 2347 584 2399 rantia
612 2360 640 2398 a
670 2345 807 2398 mala
838 2345 1164 2398 conﬁdentia
1196 2347 1461 2414 originem
1492 2355 1670 2407 nacta,
1694 2358 1749 2398 et
1782 2347 1982 2414 perdu-

405 2440 547 2493 ratio
581 2439 734 2491 ﬁrma
771 2445 825 2490 et
865 2447 1144 2500 constans,
1193 2437 1244 2490 id
1291 2447 1373 2491 est
1418 2437 1793 2492 immutabilis.
1852 2438 1987 2492 Pro-

407 2541 591 2602 pterea
642 2531 802 2584 homo
840 2529 921 2582 sic
949 2527 1178 2582 allectus
1205 2529 1328 2597 jure
1363 2531 1668 2599 meritoque
1695 2531 1988 2600 appellabi-

408 2631 500 2676 tur
527 2629 687 2676 tenax
736 2619 993 2688 propositi
1027 2628 1081 2674 et
1121 2633 1476 2688 perseverans
1505 2629 1558 2674 et
1605 2621 1979 2688 inexorabilis,

408 2729 518 2768 non
573 2723 682 2766 tam
741 2713 1038 2768 secundum
1099 2723 1349 2767 naturam
1416 2713 1754 2782 simpliciter,
1818 2729 1979 2784 quam

407 2804 709 2859 secundum
747 2804 1022 2874 propriam
1054 2802 1389 2857 voluntatem
1439 2803 1712 2872 animique
1749 2818 1981 2872 propen-

407 2897 640 2959 sionem,
693 2897 851 2964 cujus
901 2904 1220 2965 potestatem
1260 2896 1377 2965 ipse
1425 2896 1609 2952 habet.
1662 2895 1779 2951 Etsi
1832 2897 1975 2951 enim

410 2997 617 3040 natura:
665 2985 872 3041 indoles
923 2986 1119 3039 mutari
1172 2989 1375 3054 nequit,
1407 2995 1644 3040 attamen
1693 3003 1811 3055 qua:
1857 2995 1981 3055 pOst

411 3085 661 3130 naturam
695 3084 840 3138 sttnt,
885 3075 1264 3138 immutantur,
1290 3086 1348 3129 et
1384 3075 1653 3144 imprimis
1682 3077 1835 3129 dotes
1875 3076 1980 3128 liu-

411 3181 588 3219 mana:
632 3165 852 3234 proprie
891 3166 1049 3219 dictae
1093 3166 1302 3219 facilius
1340 3166 1534 3217 mutari
1575 3177 1800 3233 queunt,
1843 3181 1982 3232 prae-

412 3258 605 3310 sertim
649 3256 738 3309 ubi
790 3256 854 3308 ad
894 3258 1146 3309 virtutem
1185 3265 1435 3324 vergunt,
1472 3269 1633 3322 qttatn
1696 3254 1837 3308 Dcus
1869 3257 1984 3323 ipse

411 3348 655 3416 adjuvat,
681 3347 748 3400 ab
779 3347 1126 3413 improbitate
1151 3362 1252 3400 nos
1277 3349 1573 3413 abduceus,
1630 3345 1706 3400 uti
1731 3347 1891 3400 etiam
1927 3346 1981 3400 in

412 3438 605 3491 ﬁducia
641 3445 887 3505 apparet.

485 3529 572 3582 75.
612 3529 667 3582 Si
699 3531 842 3583 enim
881 3531 981 3583 hoc
1007 3531 1151 3598 quod
1183 3531 1398 3585 videtur
1431 3540 1486 3585 et
1531 3530 1673 3599 quod
1703 3530 1976 3584 hominem

411 3619 478 3672 ad
507 3620 774 3690 agendum
806 3620 1035 3689 impellit
1061 3636 1126 3676 ac
1183 3622 1496 3691 persuadet,
1531 3633 1740 3675 natura:
1781 3622 1981 3674 huma-

2084 2349 2220 2421 μονὴ
2240 2350 2326 2402 διὰ
2360 2349 2792 2419 προῦπαρξάσης
2829 2347 3041 2417 φαύλης
3069 2345 3315 2409 πειθοῦς,
3345 2345 3438 2399 καὶ
3463 2345 3661 2397 ἐνστα-

2084 2465 2168 2509 σις
2205 2447 2400 2514 ἀτενὴς
2426 2446 2518 2498 καὶ
2548 2443 2914 2512 άμετάὸατος.
2936 2442 3135 2497 ταυτὸν
3160 2441 3205 2493 δ’
3231 2442 3432 2504 εἰπεῖν,
3455 2440 3665 2505 ἀμετά-

2084 2539 2237 2601 θετος
2262 2555 2276 2568 ·
2316 2538 2396 2591 διὸ
2425 2539 2520 2590 καὶ
2565 2534 2989 2606 ἰσχυρογνώμων
3025 2533 3226 2602 λέγοιτ’
3252 2533 3316 2588 ἂν
3345 2531 3594 2601 άκριϐὦς
3637 2533 3664 2582 ὁ

2080 2630 2239 2685 τοῦτο
2269 2631 2496 2700 πάσχων
2523 2628 2835 2699 ἄνθρωπος,
2861 2627 2955 2680 καὶ
2972 2627 3238 2698 ὲνστάτης
3265 2624 3660 2695 ἀπαραίτητος,

2081 2721 2143 2776 οὐ
2175 2721 2358 2789 μέντοι
2395 2719 2540 2773 κατὰ
2570 2720 2735 2787 φύσιν
2764 2719 3018 2785 ἀκράτως
3067 2719 3159 2770 καὶ
3186 2717 3524 2784 καταμόνας,
3583 2718 3660 2776 ὡς

2081 2811 2256 2874 οὕτως
2279 2814 2480 2876 εἰπεῖν,
2504 2811 2642 2864 ἀλλὰ
2676 2813 2816 2863 κατὰ
2840 2811 3038 2863 οἰκεῖον
3061 2808 3272 2878 θέλημα
3301 2806 3394 2860 καὶ
3419 2805 3660 2878 ψυχικὴν

2084 2903 2287 2972 ὁρμὴν,
2323 2898 2390 2974 ἧς
2433 2902 2596 2964 αὐτός
2635 2902 2751 2954 ἔστι
2789 2900 3000 2972 κύριος.
3063 2901 3126 2952 Εἰ
3161 2900 3266 2969 γὰρ
3306 2898 3492 2950 καὶτὸ
3520 2897 3663 2949 κατὰ

2087 2993 2252 3064 φύσιν
2301 2993 2634 3063 μεταθέσθαι
2659 2993 2760 3046 οὐκ
2817 2991 2989 3057 ἐστιν,
3043 2991 3179 3044 ἀλλὰ
3210 2991 3278 3042 τὰ
3306 2988 3447 3057 μετὰ
3477 2988 3662 3056 φύσιν,

2090 3089 2182 3138 καὶ
2205 3084 2442 3153 μάλιστά
2467 3101 2525 3136 τε
2551 3088 2618 3135 τά
2646 3084 2770 3135 κατ’
2812 3083 3102 3152 ἄνθρωπον
3135 3082 3264 3151 ῥᾷον
3302 3079 3530 3132 δύναται
3564 3096 3662 3147 με·

2089 3173 2428 3238 τατίθεσθαι,
2463 3174 2559 3225 καὶ
2602 3173 2902 3242 ἐπιμᾶλλον
2956 3171 3026 3224 τά
3050 3175 3130 3233 εἰς
3169 3171 3369 3240 ἀρετὴν
3400 3171 3662 3238 ῥέποντα,

2087 3263 2155 3338 ἦς
2186 3253 2324 3337 πρᾊς
2382 3265 2676 3336 ὲξόρθωσιν
2710 3266 2874 3328 αὐτὸς
2923 3265 2952 3318 ὁ
2995 3264 3129 3326 θεὸς
3173 3262 3658 3332 ἀντιλαμϐάνεται,

2088 3360 2319 3426 ἀπάγων
2342 3361 2489 3428 ἡμᾶς
2514 3359 2614 3427 τῆς
2646 3359 2725 3421 εἰς
2758 3358 2818 3411 τὸ
2845 3356 3086 3410 ἐναντίον
3109 3355 3363 3423 σπουδῆς,
3387 3353 3550 3406 ὁποία
3577 3369 3664 3416 τις

2088 3449 2183 3501 καὶ
2213 3451 2307 3504 ἐπὶ
2335 3449 2430 3502 τοῦ
2458 3451 2761 3518 πείσματος
2791 3450 3066 3519 φαίνεται.

2162 3540 2255 3594 σε’.
2293 3540 2356 3594 Ei
2386 3541 2488 3612 μὲν
2517 3541 2628 3610 γάρ
2657 3541 2715 3592 τὸ
2739 3540 2897 3607 δόξαν
2922 3540 3017 3592 καὶ
3055 3537 3404 3606 ὑποκινῆσαν
3431 3538 3529 3590 καὶ
3557 3553 3660 3588 πα-

2097 3631 2362 3698 ραπεῖσαν
2406 3631 2487 3694 είς
2550 3629 2752 3699 πρᾶξιν
2799 3629 2892 3680 τὸν
2943 3626 3230 3696 ἄνθρωπον
3287 3625 3664 3694 ἀπάνθρωπον

413 3726 498 3765 me
536 3711 872 3766 contrarium
926 3721 1013 3766 est
1053 3710 1307 3782 ﬂectique
1359 3713 1632 3778 nescium,
1663 3714 1772 3766 imo
1831 3713 1980 3766 nimi-

2094 3723 2237 3785 ἐστι,
2262 3721 2357 3774 καὶ
2382 3723 2462 3783 εἰς
2493 3719 2646 3774 οὐδὲν
2685 3717 2960 3788 μαλθακὸν
3003 3717 3298 3782 ἐνδίδωσιν,
3323 3717 3459 3770 ἀλλὰ
3497 3717 3662 3786 σκλη-

414 3819 504 3858 υιιι
549 3813 815 3872 quantmn
872 3803 1114 3859 indurat.
1172 3804 1319 3879 Talis
1372 3804 1740 3859 all‘ectusnon
1769 3814 1855 3859 est
1885 3804 1988 3859 nisi

413 3909 626 3949 merum
679 3894 967 3950 arbitrium
1017 3903 1072 3950 et
1097 3895 1318 3951 habitus
1372 3896 1669 3964 singularis
1703 3911 1828 3951 eum
1866 3896 1987 3965 qui.

414 3987 584 4041 veluti
627 3988 865 4056 sapiens,
914 3998 1068 4042 tanta
1127 4003 1252 4043 cum
1288 3989 1588 4057 pertinacia
1619 3989 1672 4042 in
1701 3988 1844 4041 malo
1871 4002 1993 4056 per-

412 4080 577 4146 sistit,
654 4079 1040 4135 ostentationis
1138 4082 1349 4136 macula
1426 4096 1745 4150 aspergens.
1818 4078 1991 4134 Porro

413 4169 683 4239 ejusmodi
712 4171 938 4226 allectus
967 4173 1021 4225 in
1049 4173 1443 4240 singularitatis
1474 4173 1738 4235 studium,
1772 4187 1988 4235 vanam,

414 4263 835 4316 ostentationem
878 4263 1300 4332 superbiamque
1324 4267 1634 4333 degenerat.
1689 4263 1806 4318 ιΙειιιι
1863 4277 1991 4318 vero

423 4362 678 4422 reputare
731 4354 1016 4419 debemus,
1051 4355 1336 4408 Dominum
1392 4355 1484 4423 qui
1547 4355 1796 4424 superbis
1857 4353 1994 4408 resi-

423 4448 542 4510 stit,
571 4460 914 4515 nequaquam
948 4445 1130 4499 favere
1158 4446 1250 4499 tali
1288 4445 1423 4500 velle
1448 4445 1788 4500 conﬁdentiae
1817 4463 1845 4499 a
1883 4461 1989 4514 qua

417 4537 633 4594 Lucifer
662 4551 892 4591 exorsus
921 4548 1023 4601 est,
1075 4545 1261 4607 utpote
1287 4538 1404 4606 qui,
1433 4538 1689 4604 superbia
1739 4552 1803 4591 ac
1835 4537 1989 4592 vani-

415 4642 527 4685 tate
582 4630 860 4696 seductus,
895 4645 1018 4681 cum
1063 4631 1167 4684 alia
1211 4646 1402 4700 magna
1431 4630 1669 4696 eﬁ'icere,
1699 4640 1808 4682 tum
1837 4630 1992 4684 thro-

414 4737 545 4777 num
584 4736 742 4776 suum
786 4721 842 4774 in
873 4720 1109 4776 nubibus
1143 4722 1411 4777 collocare
1455 4729 1509 4778 et
1541 4721 1623 4780 sic
1664 4722 1774 4778 Deo
1794 4721 1990 4778 similis

413 4815 528 4867 ﬁeri
571 4813 819 4882 jactavit.

485 4904 572 4960 76.
613 4905 718 4970 Qui
764 4919 888 4959 cum
956 4903 1051 4959 tali
1108 4904 1312 4961 ﬁducia
1366 4906 1719 4974 inniteretur,
1772 4913 1988 4962 veteres

413 4996 534 5066 ejus
590 4997 836 5060 asseclae,
911 4999 1220 5066 exemplum
1274 4998 1420 5054 illius
1477 5000 1674 5063 secuti,
1727 4998 1814 5052 vix
1879 4996 1986 5052 dici

2099 3815 2316 3883 ρύνεται
2368 3813 2448 3872 είς
2505 3813 2628 3864 ὅσον
2686 3811 2777 3862 καὶ
2830 3811 2993 3863 ὅσον·
3045 3810 3311 3874 ίδιονομία
3357 3810 3580 3870 πάντως
3626 3809 3660 3878 ἡ

2095 3905 2321 3974 τοιαύτη
2352 3905 2499 3958 ἐστὶν
2522 3902 2700 3974 ὄρεξις
2728 3901 2822 3956 καὶ
2857 3901 3154 3969 αὐτονομία
3184 3901 3280 3953 καὶ
3309 3901 3457 3962 θέσις
3482 3900 3663 3970 παρά-

2097 3998 2250 4064 δοξος
2279 3997 2370 4049 ἐπὶ
2410 3993 2770 4065 φανητιασμῴ
2813 3991 2906 4045 τοῦ
2951 3990 3244 4062 τηροῦντος
3285 3990 3490 4059 ταύτην
3526 3994 3664 4061 ἁμεο

2095 4089 2390 4142 ταπείστου
2415 4087 2514 4155 τὴν
2559 4087 2758 4139 κακίαν
2791 4085 2978 4154 σοφοῦ.
3008 4085 3281 4139 Τάσσεται
3309 4084 3366 4136 δὲ
3397 4083 3458 4136 τὸ
3483 4084 3661 4136 τοιοῦ-

2097 4195 2188 4232 τον
2220 4178 2386 4240 πάθος
2421 4177 2512 4231 καὶ
2549 4179 2628 4240 εἰς
2675 4174 3002 4246 ἰδιοτροπίαν
3042 4175 3134 4226 καὶ
3173 4174 3332 4238 δόξαν
3368 4173 3559 4242 κενὴν,
3583 4169 3664 4236 οἷς

2098 4269 2192 4322 καὶ
2217 4269 2276 4320 τὸ
2306 4268 2649 4336 ὑπερήφανον
2675 4264 3152 4333 συναναφαίνεται.
3189 4263 3301 4317 Καὶ
3330 4263 3530 4317 αὐτίκα
3555 4265 3661 4332 χρὴ

2098 4361 2240 4412 νοεῖν
2274 4360 2444 4429 ἡμᾶς,
2486 4359 2567 4411 ὅτι
2609 4357 2850 4418 ἐναντίος
2884 4357 2911 4408 ὁ
2943 4357 3053 4419 τοῖς
3099 4355 3470 4424 ὑπερηφάνοις
3509 4356 3660 4407 ἀντι·

2096 4451 2433 4519 τασσόμενος
2464 4448 2648 4516 κύριος
2675 4447 2894 4516 ἔρχεται
2927 4445 3005 4516 τῷ
3031 4445 3258 4514 τοιούτῳ
3287 4448 3578 4514 πείσματι,
3602 4439 3661 4499 οὗ

2098 4538 2372 4608 κατῆρξεν
2417 4539 2445 4591 ό
2491 4536 2823 4605 Ἑωσφόρος,
2858 4535 2916 4600 ὃς
2951 4535 3378 4605 ὑπερφαίνεσθαι
3428 4535 3663 4602 φιλονει-

2099 4631 2290 4700 κήσας.
2331 4627 2467 4681 ἄλλα
2513 4643 2572 4679 τε
2619 4627 2767 4681 δεινὰ
2814 4626 3107 4698 ἐϐρόντησε
3139 4625 3398 4691 ποιῆσαι,
3427 4627 3522 4678 καὶ
3573 4625 3663 4678 τὸν

2096 4719 2259 4773 αὑτοῦ
2279 4719 2466 4787 θρόνον
2495 4718 2805 4788 ὲφρυάξατο
2827 4720 2884 4771 ὲν
2916 4718 3164 4788 νεφέλαις
3191 4719 3550 4786 καταστῆσαι,
3571 4717 3662 4770 καὶ

2093 4807 2265 4871 οὕτως
2297 4810 2480 4880 ὅμοιος
2509 4809 2728 4864 ἔσεσθαι
2755 4809 2834 4878 τῷ
2862 4808 3004 4880 Θεῷ.

2164 4899 2274 4964 ος⁹.
2318 4901 2561 4954 Ἐκείνου
2589 4901 2644 4954 δὲ
2675 4900 2819 4953 οὕτω
2853 4899 3137 4961 πείσαντος
3171 4895 3666 4962 ἑαυτὸν,λα6όντες

2094 4990 2306 5046 ἐκεῖθεν
2346 4990 2518 5061 ἀρχάς
2551 4991 2600 5044 oi
2646 4990 2880 5043 ἔκπαλαι
2926 4988 3324 5058 δαιμονιώδεις,
3361 4986 3464 5040 οὐκ
3511 4986 3662 5041 ἔστιν

416 5095 616 5157 potest,
665 5095 870 5156 quanto
903 5087 1084 5143 studio
1133 5104 1257 5144 eum
1311 5089 1517 5144 imitari
1581 5088 1980 5146 contenderim:

2094 5085 2291 5151 εἰπεῖν,
2327 5083 2501 5137 ὁπόσα
2541 5083 2678 5154 πρὸς
2726 5083 2956 5153 μίμησιν
3009 5081 3392 5150 ὲτεχνάσαντο,
3424 5080 3526 5148 τὴν
3564 5079 3664 5149 μὲν

412 5180 650 5234 divinam
702 5179 846 5233 enim
895 5179 1188 5235 essentiam
1212 5191 1632 5251 postponentes,
1691 5179 1988 5234 imbecillis

416 5281 580 5338 atque
612 5269 868 5325 obscuris
912 5269 1052 5325 male
1075 5285 1196 5326 sese
1245 5270 1590 5325 tradiderunt
1613 5269 1869 5337 dominis,
1900 5284 1994 5323 eo-

414 5380 518 5433 que
555 5364 753 5418 furoris
807 5381 980 5434 usque
1028 5380 1364 5435 processere,
1420 5374 1479 5420 ut
1521 5366 1759 5436 pessima
1819 5366 1989 5419 conli-

411 5456 598 5510 tlcntia
635 5455 772 5509 duce
828 5471 990 5524 quam
1025 5455 1210 5511 nullus
1249 5466 1547 5526 praeceptor
1580 5456 1860 5524 corrigere
1889 5470 1990 5523 po-

414 5557 572 5614 tera‘t,
619 5549 863 5603 adinstar
924 5549 1126 5603 diaboli
1191 5548 1421 5602 illudere
1475 5546 1586 5601 Deo
1651 5548 1986 5602 viderentur.

411 5640 548 5694 Cum
584 5640 727 5693 enim
766 5638 958 5705 Deum,
1011 5641 1106 5708 qui
1165 5649 1248 5692 est
1307 5637 1638 5706 principium
1705 5653 1980 5692 summum

413 5733 686 5800 simulque
714 5728 967 5800 principii
997 5743 1193 5798 expers
1225 5738 1279 5784 et
1312 5731 1463 5782 omni
1494 5728 1760 5799 principio
1793 5731 1980 5785 excel-

2090 5176 2274 5230 ἔνθεον
2303 5175 2576 5246 ὑπεροχὴν
2608 5175 3021 5244 παρωσάμενοι,
3050 5171 3301 5242 βεϐήλοις
3325 5171 3384 5224 δὲ
3409 5172 3507 5223 καὶ
3541 5169 3667 5223 ἁδο-

2092 5270 2276 5339 κίμοις
2321 5267 2612 5329 δεσπόταις
2668 5265 2911 5334 ἀγεννῶς
2969 5265 3360 5326 πιστεύσαντες
3407 5263 3663 5328 ἑαυτοὺς,

2091 5363 2185 5415 κα)⁵
2214 5363 2292 5424 εἰς
2317 5362 2473 5414 τόσον
2497 5359 2790 5420 ἐκστάντες
2821 5356 3033 5410 ἑαυτῶν
3058 5356 3148 5410 διὰ
3171 5357 3516 5425 φαυλοτάτης
3547 5374 3669 5409 πει-

2093 5452 2320 5520 σμονῆς,
2352 5445 2418 5522 ἦς
2464 5451 2565 5503 οὐκ
2607 5445 2720 5518 εἷχέ
2749 5466 2834 5511 τις
2873 5446 3192 5508 διδάσκαλος
3236 5445 3666 5514 παραγίνεσθαι,

2093 5542 2168 5604 ὠς
2197 5543 2292 5594 καὶ
2313 5541 2748 5612 μυκτηρίζεσθαι
2771 5541 2870 5608 τῆς
2896 5540 3198 5609 μιμήσεως.
3226 5537 3360 5589 θεὸν
3379 5537 3489 5606 γάρ
3511 5538 3673 5590 ἀπει-

2091 5632 2347 5700 πάμενοι,
2367 5630 2464 5700 τὴν
2487 5632 2723 5701 ἄναρχον
2746 5633 2838 5685 καὶ
2857 5633 3188 5702 ὑπεράρχιον
3217 5629 3393 5700 ἀρχὴν
3415 5631 3514 5684 καὶ
3533 5647 3671 5684 παν-

2086 5723 2405 5792 τοδύναμον,
2435 5721 2709 5794 αἰλούροις
2768 5723 3045 5778 ἐπέδωκαν
3101 5722 3355 5785 ἑαυτοὺς,
3407 5722 3504 5775 καὶ
3556 5719 3670 5792 βοϊ-
