3916 6244
229 342 336 401 ἔξω

844 351 939 410 DE
981 353 1464 418 OBEDIENTIA
1510 361 2048 422 MAGISTRATUI
2093 365 2567 427 (ZIIRISTIA‘NO
2611 369 2908 427 DEBITA.

3392 369 3497 430 350

220 460 355 521 δίοις
383 461 693 530 ἀπένειμαν
757 464 944 528 σέϐας,
978 468 1074 519 καὶ
1127 469 1354 523 τοιαῦτα
1406 474 1528 524 τινὰ
1583 473 1807 542 ἐμωρά-

1935 477 2132 542 entius,
2188 488 2469 548 negarent,
2509 479 2704 534 felibus
2753 493 2876 533 sese
2925 477 3234 543 tradidere,
3284 489 3339 536 et
3373 491 3496 535 lau-

221 567 406 615 ναντο,
438 554 928 621 ἀποσεμνύναντες
961 558 1310 624 διδασκαλίας
1345 563 1466 634 δίχα
1503 580 1804 634 πεισματι-

219 641 336 706 κῶς
365 645 457 696 καὶ
491 645 746 715 κυάμους
767 653 862 700 καὶ
889 650 1132 720 κρόμυα.

296 824 395 886 οῖ’.
444 825 556 878 Καὶ
609 825 755 880 οὕτω
811 828 911 897 μὲν
965 834 1078 892 τοῖς
1130 834 1408 888 πείθουσιν
1456 838 1684 901 ἑαυτοὺς
1726 841 1807 904 εἰς

224 917 546 986 φαυλότητα
576 918 952 990 ὑπερηφάνως
988 924 1046 990 ἐξ
1072 926 1538 997 ἀποτελέσματος,
1573 933 1666 984 καὶ¹
1697 949 1807 986 τοιο

226 1011 387 1064 οὖτον
415 1015 626 1080 πεῖσμα
653 1017 1180 1086 κατακλωσαμένοις
1207 1020 1560 1091 ἀντιφέρεται
1596 1025 1624 1075 ὁ
1651 1024 1805 1085 Θεὸς,

225 1095 313 1166 οἷς
344 1100 404 1155 ἓν
437 1103 598 1157 τοῦτο
631 1106 726 1157 καὶ
757 1108 920 1175 μόνον
941 1107 1032 1161 διὰ
1067 1110 1295 1175 σκοποῦ,
1327 1112 1666 1184 καταβρίψαι
1695 1114 1809 1167 ἀδί-

226 1211 341 1256 κως
375 1194 690 1265 ἄνθρωπον,
727 1200 823 1251 καὶ
862 1201 1184 1271 ιμπηδῆσαι
1221 1206 1555 1268 πεπτωκότι,
1585 1208 1680 1260 καὶ
1727 1207 1808 1258 sl-

227 1290 391 1340 πεῖνο
454 1306 474 1340 ι
524 1291 841 1345 Κατάκεισο
892 1293 1067 1357 οὕτως
1125 1294 1419 1367 ἀνέγερτος
1465 1318 1484 1351 ι
1532 1298 1671 1350 Ἀλλ’
1717 1299 1807 1352 ὅτε

227 1381 356 1434 τινά
387 1382 617 1451 εὑρήσει
646 1385 971 1453 κυρώσαντα
1003 1389 1060 1440 ἐν
1086 1388 1282 1458 ἑαυτῷ,
1311 1390 1372 1442 οὑ
1402 1393 1608 1458 πεῖσμα
1631 1392 1810 1458 λέγειν

230 1471 488 1542 ὲθέ).ω,ἢ
525 1477 907 1544 πεισμονικὴν,
947 1479 1014 1529 τὰ
1050 1477 1350 1546 ξενόφωνα,
1380 1480 1601 1544 πειθοῦς
1634 1482 1689 1535 δὲ
1717 1483 1812 1534 τὺ-

231 1579 406 1630 πωμα
461 1564 624 1618 καλδν
675 1567 858 1621 ἐκεῖνο
907 1572 1001 1625 καὶ
1041 1573 1383 1640 μακαριστὸν
1415 1572 1508 1624 καὶ
1553 1572 1810 1640 θεοφιλῶς

233 1653 482 1719 ἀσφαλὲς
515 1657 612 1709 καὶ
657 1657 896 1726 βέϐαιον.
929 1661 1130 1716 αὐτίκα
1161 1665 1297 1732 πρὸς
1339 1664 1549 1716 ἐκείνου
1579 1665 1811 1733 γίνεται,

233 1746 503 1816 καὶπρὸς
538 1748 740 1818 ἀρετὴν
767 1751 959 1812 εὖοδοῖ,
983 1753 1075 1805 καὶ
1123 1753 1485 1821 ἁσςραλίζεται
1519 1756 1588 1808 τὰ
1622 1756 1810 1827 διαϐή-

1911 585 2006 626 ros
2038 571 2343 634 coluerunt,
2395 572 2606 642 aliaque
2656 570 2856 626 similia
2889 570 3269 638 desipuerunt,
3304 575 3378 627 ita
3409 589 3493 640 ιιι,

1909 663 2189 718 hominum
2229 663 2561 718 rusticorum
2599 679 2773 726 more,
2812 664 2897 718 vel
2938 663 3077 719 fabis
3129 673 3293 732 atque
3327 666 3488 736 cepis

1907 754 2066 808 litare
2131 755 2273 810 haud
2313 761 2725 812 erubescerent.

1981 846 2066 900 77.
2124 847 2196 902 lis
2233 855 2414 902 autem
2467 848 2558 918 qui
2614 850 2706 904 tali
2792 849 3121 906 conﬁdentia
3191 848 3363 903 inﬂati
3427 849 3495 904 ad

1908 941 2226 1010 pravitatem
2254 940 2619 1010 abripiuntur,
2654 956 2715 994 ea
2749 951 3008 1009 tanquam
3044 943 3285 996 anchora
3343 938 3492 1002 freti,

1907 1031 2236 1086 adversatur
2275 1031 2440 1094 Deus,
2477 1028 2747 1100 siquidem
2792 1030 2927 1084 nihil
2984 1029 3130 1083 aliud
3171 1029 3277 1084 illis
3336 1024 3494 1082 cordi

1911 1132 1994 1176 est
2047 1121 2152 1175 nisi
2215 1129 2274 1176 ut
2329 1121 2606 1175 hominem
2662 1121 2808 1175 male
2867 1120 3212 1188 praecipitent
3264 1119 3496 1188 ejusqne

1913 1212 2085 1266 ruina:
2114 1211 2444 1267 insultantes
2491 1212 2677 1266 dicere
2711 1211 2952 1279 possint:
2985 1209 3062 1263 En
3099 1209 3294 1263 misere
3320 1209 3491 1277 jaces,

1913 1319 2190 1374 nunquam
2229 1303 2522 1372 resurges!
2560 1301 2662 1356 Ubi
2729 1317 2857 1355 vero
2903 1302 3111 1356 invenit
3169 1300 3354 1371 (Deus)
3388 1301 3496 1354 ali-

1912 1412 2072 1462 quem
2146 1395 2238 1464 qui
2300 1410 2478 1462 neque
2532 1394 2865 1448 conﬁdentia
2932 1408 3108 1460 neque
3186 1391 3496 1460 arrogantia

1915 1487 2185 1544 tumescit.
2223 1487 2317 1539 sed
2370 1485 2565 1538 fiducia
2637 1485 2883 1548 honesta,
2959 1483 3240 1549 laudabili,
3319 1485 3495 1544 firma,

1917 1577 2243 1630 inconcussa
2289 1575 2584 1628 secundum
2621 1574 2716 1628 Dei
2765 1575 3098 1628 voluntatem
3158 1575 3352 1642 plenus
3388 1580 3495 1635 est,

1915 1682 2038 1721 eum
2078 1666 2326 1736 protinus
2356 1665 2601 1733 adjuvat,
2651 1666 2704 1717 in
2736 1664 2954 1718 virtutis
3008 1665 3284 1718 tramitem
3322 1663 3498 1717 dedu-

1918 1759 2016 1824 cit,
2072 1772 2297 1828 gressus
2332 1757 2604 1826 ejusmodi
2649 1757 2888 1810 hominis
2919 1756 3229 1820 conﬁrmat,
3265 1755 3497 1818 laqueos

240 1856 390 1906 ματα
431 1842 532 1894 τοῦ
580 1844 825 1898 τοιούτου
870 1846 1181 1916 ἀνθρώπου,
1215 1848 1308 1900 καὶ
1339 1847 1438 1915 τὴν
1465 1851 1522 1900 ὲν
1556 1850 1810 1918 σχοινίοις

1935 1865 1984 1904 te
2047 1850 2183 1904 retia
2217 1848 2339 1916 ejus
2369 1847 2596 1917 pedibus
2629 1846 2971 1901 imminentia
3000 1845 3066 1900 ad
3090 1846 3316 1900 nihilum
3353 1847 3501 1899 redi-

236 1931 656 2005 διατεινομένην
680 1937 882 2005 παγίδα
918 1941 1034 1999 τοῖς
1067 1939 1276 1992 ἐκείνου
1313 1941 1441 1992 ποσὶ
1496 1939 1702 2010 σχάσας
1732 1941 1810 2003 εἰς

237 2025 631 2095 ἁνενέργητον,
665 2031 768 2082 κᾶν
802 2029 1094 2103 βηματίζῃ,
1121 2032 1255 2100 ὀρθά
1292 2033 1438 2086 ποιεῖ
1470 2031 1815 2102 προπορεὺε-

243 2115 391 2181 σθαι,
422 2119 528 2171 κᾶν
551 2120 726 2174 ἐθέλοι
751 2122 990 2192 τρέχειν,
1021 2123 1348 2178 ἐκπὲτεσθαι
1384 2127 1544 2188 ποιεῖ,
1573 2121 1648 2186 ὡς
1679 2124 1814 2193 ταχῦ

245 2211 622 2277 λαμϐάνεσθαι
653 2213 748 2267 τοῦ
784 2219 841 2268 ἐν
879 2215 1068 2284 ἐφέσει
1105 2217 1296 2272 καλοῦ.
1338 2218 1458 2271 Κᾶν
1488 2217 1708 2269 ἑστάναι
1735 2215 1820 2267 δε-

243 2307 390 2371 ήσοι,
413 2306 513 2358 οὐκ
546 2307 612 2360 ἂν
638 2308 751 2360 οὐδ’
774 2308 934 2372 αὐτὸς
964 2309 1170 2378 δαίμων
1202 2309 1555 2362 ὑποσκελίσοι
1580 2311 1672 2361 τὸν
1711 2326 1819 2361 τοι·

241 2398 420 2461 οὖτον,
451 2400 529 2463 ὡς
563 2399 699 2452 Θεοῦ
732 2400 1022 2470 ἄνθρωπον
1069 2403 1164 2454 καὶ
1213 2401 1519 2454 πεποιθότα
1551 2402 1632 2462 είς
1676 2401 1820 2453 ἐκεῖ-

240 2510 358 2554 νον,
390 2493 486 2545 καὶ
537 2491 712 2556 οὕτως
759 2495 1097 2562 ἀνεστηκότα
1147 2493 1221 2556 ὡς
1259 2495 1340 2558 εἰς
1371 2493 1493 2564 ὅρος
1539 2493 1699 2556 Σιὼν,
1726 2495 1820 2548 καὶ

239 2583 318 2644 ὡς
357 2581 511 2636 οἷκον
541 2583 596 2634 δὲ
647 2585 784 2638 Θεοῦ
839 2586 1332 2654 τεθεμελιιυμὲνον,
1374 2585 1519 2639 καθά
1557 2586 1617 2638 τὸ
1666 2585 1822 2652 ἅγιον

241 2677 583 2743 Εὐαγγέλιον
618 2678 891 2746 βούλεται,
928 2679 1022 2730 καὶ
1072 2679 1171 2731 οὐκ
1202 2681 1380 2732 εἰδότα
1412 2677 1820 2742 κατασείεσθαι,

240 2771 277 2837 ἢ
307 2771 550 2838 ἀνέμοις,
573 2769 648 2832 ὡς
674 2765 762 2822 οἷα
790 2770 1113 2838 καλάμινον,
1144 2769 1175 2834 ἢ
1210 2771 1624 2839 καταράσσουσι
1655 2785 1825 2821 ποτα-

249 2867 391 2929 μοῖς,
415 2863 494 2926 ὡς
539 2859 626 2915 οἶα
660 2865 753 2916 ἐπὶ
787 2863 1014 2932 ψάμμου
1047 2865 1078 2934 ἢ
1116 2865 1321 2932 πέτρας
1369 2849 1704 2933 ἀστηρίκτου
1739 2879 1826 2914 τε-

247 2955 681 3025 θεμελιωμένον,
741 2955 1107 3025 μετριώτερον
1139 2955 1195 3008 δὲ
1249 2955 1441 3023 φάναι,
1485 2956 1579 3007 καὶ⁸
1633 2954 1825 3006 στόλου

245 3049 402 3118 δίκην
437 3049 838 3114 ἀνεσταμένον,
875 3046 1000 3100 οὔτε
1032 3046 1355 3114 πλαγιάζειν
1402 3047 1517 3100 οἴου
1544 3063 1604 3099 τε
1650 3044 1826 3111 ὄντος,

1921 1944 2016 2012 git,
2049 1949 2104 1997 et
2136 1948 2357 1996 euntem
2417 1940 2471 1994 in
2505 1947 2651 1994 recta
2679 1938 2764 1993 via
2847 1947 3150 2002 conservat,
3193 1944 3498 1992 currentem

1921 2044 2102 2090 autem
2139 2042 2400 2100 tanquam
2453 2032 2554 2086 alis
2587 2031 2773 2096 donat,
2811 2040 2871 2085 ut
2901 2045 3066 2100 quam
3095 2029 3382 2084 celerrime
3414 2032 3483 2084 ad

1923 2127 2083 2180 ﬁnem
2114 2125 2316 2179 bonum
2353 2123 2650 2193 pertingat.
2683 2122 2739 2177 Si
2771 2132 2952 2176 autem
3008 2122 3266 2176 standum
3312 2121 3500 2185 fuerit,

1924 2234 1992 2272 ne
2020 2221 2131 2287 ipse
2156 2215 2373 2287 quidem
2405 2215 2654 2270 diabolus
2675 2230 2799 2269 eum
2834 2214 3220 2284 supplantabit;
3252 2225 3336 2270 est
3357 2215 3502 2269 enim

1925 2310 2089 2366 homo
2118 2311 2213 2364 Dei
2245 2309 2300 2362 in
2328 2323 2503 2378 eoque
2535 2307 2784 2362 ﬁduciam
2836 2307 3090 2373 collocat,
3117 2308 3192 2362 ita
3226 2306 3382 2376 quasi
3447 2307 3504 2359 in

1928 2415 2110 2459 monte
2167 2401 2297 2458 Sion
2350 2401 2682 2456 constitutus
2744 2399 2836 2465 sit,
2902 2407 2957 2453 et
3003 2407 3261 2468 tanquam
3311 2397 3506 2453 domus

1928 2499 2044 2564 Dei,
2103 2497 2180 2550 uti
2222 2503 2471 2550 sanctum
2527 2491 2876 2563 Evangelium
2918 2490 3015 2555 ait,
3081 2490 3252 2545 firmis
3314 2489 3500 2544 innixa

1930 2588 2318 2653 fundamentis,
2391 2600 2668 2655 nunquam
2710 2583 3076 2649 concutiatur,
3131 2597 3304 2651 neque
3375 2596 3504 2650 pro-

1930 2683 2104 2745 oellis,
2156 2692 2216 2736 ut
2271 2681 2506 2744 arundo,
2542 2693 2722 2747 neque
2779 2677 3104 2730 torrentium
3137 2676 3364 2742 impetu,
3418 2675 3497 2729 uti

1933 2777 2128 2830 domus
2176 2790 2337 2843 super
2408 2787 2572 2827 arena
2632 2780 2727 2824 aut
2792 2770 2847 2822 in
2913 2783 3049 2837 rupe
3117 2768 3260 2823 haud
3333 2768 3507 2823 solida

1933 2867 2176 2931 fundata,
2209 2865 2304 2922 sed
2357 2880 2479 2934 qua:
2522 2863 2706 2933 potius
2736 2861 2995 2932 persistat
3043 2861 3309 2915 columnae
3336 2861 3509 2914 instar

1934 2976 2056 3032 qua:
2112 2975 2290 3029 neque
2336 2957 2614 3020 inclinari,
2676 2955 2875 3009 nedum
2939 2952 3100 3022 dejici
3153 2959 3351 3021 potest.
3399 2951 3508 3007 imo

1936 3055 2184 3126 quemvis
2226 3053 2488 3122 impetum
2523 3050 2738 3105 fortiter
2796 3061 2989 3103 arcere
3019 3060 3084 3101 ac
3114 3044 3376 3112 repellere
3410 3059 3508 3099 va-

248 3142 435 3214 πολλῷ
462 3143 521 3196 δὲ
555 3142 760 3212 μᾶλλον
790 3142 912 3196 οὐδὲ
944 3141 1338 3202 καταπίπτειν,
1369 3138 1508 3193 ἀλλὰ
1548 3138 1646 3193 καὶ
1670 3137 1827 3192 δυνα-
1859 3177 1907 3240 c
1939 3148 2013 3203 [et
2038 3186 2052 3202 ,

251 3235 416 3306 μένου
450 3237 690 3305 ἰσχυρῶς
722 3235 1016 3304 ὑπανέχειν
1047 3235 1108 3288 τὸ
1138 3234 1517 3302 ἐπικείμενον.

321 3335 422 3397 οη’.
453 3329 824 3398 Προκείμενος
855 3327 918 3395 δὴ
943 3329 970 3379 ὁ
995 3327 1127 3389 Θεὸς
1167 3326 1342 3381 ἅπασι
1372 3328 1484 3388 τοῖς
1516 3325 1827 3394 ἀνθρώποις

251 3423 331 3484 εἰς
361 3423 544 3474 αἰτίαν
581 3422 676 3472 καὶ
709 3419 884 3488 ἀρχὴν
934 3419 1028 3470 καὶ
1061 3417 1420 3488 παράδειγμα
1452 3416 1830 3486 (προσκυνητά

250 3513 308 3566 δὲ
341 3511 520 3566 ταῦτα
554 3515 611 3564 ὲν
638 3510 787 3579 αὐτῷ
824 3510 1047 3577 πάντα),
1079 3510 1174 3562 καὶ
1227 3507 1436 3570 ἔπεισε,
1484 3507 1579 3559 καὶ
1627 3505 1828 3558 πείθων

253 3606 314 3658 οὐ
341 3604 614 3658 διαλείπει
644 3605 770 3665 τοὺς
801 3605 880 3664 εἰς
920 3603 1082 3655 αὐτὸν
1118 3599 1553 3664 ἀποϐλέποντας,
1578 3599 1832 3667 στερεοὺς

256 3697 394 3753 εἶναι
420 3700 518 3752 καὶ
544 3697 797 3767 βεϐαίους
831 3699 972 3749 κατὰ
1011 3696 1112 3762 τῆς
1161 3695 1384 3756 κακίας,
1426 3694 1520 3746 καὶ
1552 3691 1832 3761 ἀμεταϐάι-

256 3809 380 3853 τους
417 3790 514 3842 τοῦ
550 3789 980 3858 ἁγαθοπραγεῖν,
1022 3787 1118 3840 καὶ
1168 3786 1311 3848 οἵους
1364 3783 1502 3838 ἄλλα
1550 3800 1608 3835 τε
1658 3783 1832 3834 ποιεῖν

259 3882 654 3952 εὖαγγελικῶς,
689 3881 787 3935 καὶ⁸
820 3881 1106 3950 μιμεῖσθαι
1131 3878 1292 3932 αὑτὸν
1315 3879 1394 3939 εἰς
1428 3879 1552 3929 ὅσον
1578 3874 1830 3943 δύναμις,

259 3974 354 4026 καὶ¹
382 3973 673 4043 ὁμολογεῖν
723 3972 930 4025 ἐκεῖνον
964 3969 1196 4023 ἐνώπιον
1245 3967 1358 4020 τῶν
1408 3965 1731 4035 ἀνθρώπων.
1776 3963 1836 4016 '0

258 4067 314 4119 δέ
349 4083 413 4132 γε
450 4067 725 4131 Σατανᾶς,
755 4065 947 4118 καθότι
995 4061 1400 4130 ἀντικείμενος,
1425 4059 1524 4128 τῆς
1560 4055 1836 4112 ἀνάπαλιν

260 4158 554 4220 διαθέσεως
600 4157 694 4210 καὶ
733 4156 908 4217 αἴτιος
951 4155 1045 4208 καὶ
1077 4152 1342 4221 ἐνστάτης
1380 4151 1521 4214 ἐστὶ,
1548 4163 1839 4216 κακοπρα-

262 4251 379 4318 γεῖν
413 4266 476 4302 τε
508 4249 714 4301 πείθων
748 4248 875 4311 τοὺς
923 4245 1071 4316 αὐτῷ
1146 4243 1606 4314 προσανέχοντας,
1639 4239 1736 4294 καὶ
1781 4240 1840 4300 ὲς

261 4341 326 4394 τὸ
355 4343 468 4396 πᾶν
495 4340 749 4411 γίνεσθαι
781 4337 926 4393 κατὰ
959 4337 1054 4393 τοῦ
1091 4336 1250 4390 Θεοῦ.

334 4605 434 4662 οθ¹.
467 4605 578 4658 Καὶ
613 4605 743 4666 ἰδοὺ,
776 4601 872 4655 δύο
899 4601 1105 4654 τούτων
1152 4596 1496 4668 ἰδιοτροπιῶν
1528 4595 1619 4650 καὶ
1649 4594 1838 4649 ἐνστά-

269 4720 408 4758 σεων
437 4702 472 4768 ἡ
510 4700 610 4769 μὲν
637 4697 816 4766 φαύλη
843 4697 969 4757 τοὺς
1004 4692 1439 4761 ποικιλοτρόπως
1463 4687 1839 4758 δαιμονιώδεις

267 4795 341 4864 τῷ
379 4795 481 4864 βίῳ
512 4790 982 4859 παρειστὴγαγεν,
1004 4788 1037 4856 ἡ
1072 4785 1126 4837 δὲ
1153 4784 1381 4854 δευτέρα
1407 4783 1531 4846 τοὺς
1572 4783 1842 4851 ήγιασμὲο

268 4903 386 4949 νους
425 4884 506 4954 τῷ
539 4881 662 4952 Θεῷ
693 4879 1080 4951 παρεστήσατο
1113 4875 1381 4945 ἀσκητάς,
1424 4875 1551 4936 τοὺς
1579 4874 1677 4942 τῆς
1711 4872 1842 4942 ἐρή-

273 4997 396 5048 μου,
418 4979 547 5039 τοὺς
580 4974 858 5036 στυλίτας,
879 4972 1006 5033 τοὺς
1027 4970 1296 5040 χωστοὺς,
1321 4968 1446 5026 τοὺς
1469 4966 1843 5033 ἐγκλείστους,

268 5069 393 5133 τοὺς
422 5067 740 5129 πολιτικοὺς
775 5064 1093 5128 παιδευτὰς,
1128 5063 1254 5124 τοὺς
1283 5059 1396 5114 τῶν
1419 5057 1608 5130 ψυχῶν
1633 5059 1846 5120 ἀτενεῖς

272 5160 637 5234 θεραπευτὰς,
683 5159 810 5221 τοὺς
878 5157 990 5210 τῶν
1057 5151 1540 5225 ὲξαγορευομένων
1597 5147 1848 5219 ψυχικῶν

269 5255 608 5326 τραυμάτων
649 5251 900 5322 ίατῆρας,
930 5248 1024 5312 οὓς
1053 5247 1269 5316 ἀνάγκη
1291 5246 1387 5300 καὶ
1413 5241 1563 5315 ξυρῷ
1591 5243 1689 5298 καὶ
1713 5257 1848 5296 καυ-

271 5348 396 5419 τῆρι
427 5344 694 5417 χρῆσθαι,
718 5343 811 5396 ὅτε
856 5340 1173 5411 παραπέσοι
1207 5337 1422 5408 καιρὸς,
1467 5336 1595 5398 τοὺς
1627 5333 1737 5389 τῶν
1768 5333 1848 5386 ἔτι

274 5439 671 5510 κρυπτομένων
705 5434 1026 5506 ὲρευνητάς,
1069 5435 1194 5496 τοὺς
1225 5431 1336 5483 εἴτε
1384 5429 1705 5495 ἀτέγκτους,
1738 5425 1851 5479 εἴτε

277 5531 650 5602 διακριτικοὺς
703 5528 814 5581 τῶν
886 5524 1326 5593 ἁναιδευομένων
1382 5520 1676 5583 κολαστάς,
1723 5519 1853 5581 τοὺς

278 5623 744 5685 ὲπανασὼσαντας
791 5623 902 5684 τοῖς
955 5618 1311 5690 ἠδικημένοις
1364 5616 1510 5668 ἆπαν
1559 5612 1851 5682 ἅρπαγμα,

280 5717 404 5779 τοὺς
444 5717 539 5770 καὶ
571 5712 979 5784 φιλανθρώπως
1008 5712 1104 5765 mi.
1141 5709 1316 5771 άλλως
1348 5709 1406 5761 δὲ
1437 5706 1665 5769 δικαίως
1693 5705 1853 5770 ὲλέγ-

288 5825 502 5879 χοντας,
527 5806 615 5876 ἐφ’
647 5799 727 5869 οἷς
759 5804 1058 5875 ἐνδέχεται,
1085 5804 1213 5866 τοὺς
1259 5800 1637 5868 ὀνειδίζοντας,
1666 5798 1751 5868 ἐφ’
1773 5793 1854 5854 οἷς

2000 3326 2089 3378 78.
2111 3325 2250 3378 Deus
2276 3322 2440 3392 igitur
2453 3320 2546 3388 qui
2567 3317 2820 3372 omnibus
2834 3314 3150 3369 hominibus
3171 3321 3224 3368 et
3242 3327 3407 3368 causa
3420 3328 3510 3368 ex-

1930 3419 2076 3475 sistit
2107 3426 2160 3472 et
2189 3413 2516 3485 principium
2546 3419 2600 3466 et
2625 3409 2900 3477 exemplar
2936 3408 3076 3478 (haec
3109 3407 3292 3472 omnia
3323 3413 3504 3460 autem

1933 3513 1987 3566 in
2037 3524 2102 3564 eo
2155 3521 2281 3564 sunt
2327 3497 2703 3570 adoranda),
2741 3509 2795 3555 et
2860 3501 3109 3553 hortatus
3170 3508 3276 3560 est,
3309 3505 3362 3552 et
3385 3512 3512 3566 per-

1932 3611 2099 3674 pctuo
2143 3600 2394 3655 hortatur
2452 3611 2548 3651 eos
2624 3595 2718 3662 qui
2802 3592 2869 3648 ad
2927 3593 3103 3660 ipsum
3180 3590 3510 3660 respiciunt,

1932 3704 1991 3750 nt
2049 3693 2190 3748 ﬁrmi
2259 3697 2683 3756 constantesque
2729 3687 2840 3741 sint
2886 3685 2940 3739 in
3001 3699 3180 3756 pugna
3243 3685 3507 3740 adversus

1936 3785 2357 3856 improbitatem,
2403 3789 2460 3836 et
2520 3787 2927 3850 perseverantes
2971 3778 3023 3830 in
3087 3777 3324 3839 virtute,
3378 3777 3516 3831 vita-

1935 3893 2042 3949 que
2093 3877 2159 3932 ad
2210 3872 2486 3942 Evangelii
2537 3885 2780 3926 normam
2823 3869 3121 3937 composita
3182 3871 3360 3938 ipsum
3417 3881 3516 3938 pro

1936 3969 2122 4024 virbus
2146 3967 2430 4021 imitentur
2455 3971 2618 4033 atque
2643 3975 2828 4016 coram
2855 3959 3177 4015 hominibus
3207 3959 3514 4016 conﬁtean-

1939 4069 2047 4116 tur.
2079 4059 2288 4116 Contra
2321 4053 2574 4117 Satanas,
2601 4060 2788 4122 utpote
2831 4049 3204 4114 adversarius,
3251 4051 3516 4120 oppositae

1942 4149 2250 4206 affectionis
2299 4156 2491 4202 auctor
2527 4154 2613 4200 est
2661 4142 3086 4213 instigatorque,
3137 4155 3234 4196 eos
3296 4141 3389 4210 qui
3448 4139 3516 4193 ab

1943 4243 2119 4313 ipsius
2155 4241 2405 4312 partibus
2434 4246 2581 4294 stant
2633 4237 2945 4306 impellens,
2997 4243 3058 4288 ut
3107 4233 3369 4288 malitiam
3432 4246 3518 4286 se-

1943 4342 2180 4402 quantur
2232 4341 2286 4385 et
2337 4329 2392 4383 in
2446 4327 2713 4384 omnibus
2763 4325 2926 4380 rebus
2967 4322 3080 4378 Deo
3136 4322 3516 4378 adversentur.

2015 4591 2102 4647 79.
2127 4591 2207 4646 En
2231 4589 2338 4644 duo
2367 4587 2494 4644 vitae
2523 4582 2877 4642 instituendas
2907 4580 3318 4650 dirigendarquc
3344 4577 3514 4632 modi.

1943 4688 2097 4742 Prior
2127 4692 2366 4754 itemque
2403 4683 2578 4737 malus
2609 4695 2704 4735 eos
2737 4678 2831 4747 qui
2872 4691 2900 4729 a
2937 4674 3078 4728 malo
3140 4673 3300 4741 genio
3350 4669 3521 4737 inspi-

1947 4790 2142 4834 rantur
2158 4777 2227 4832 ad
2257 4776 2381 4830 vitae
2404 4773 2652 4828 turbines
2675 4767 2914 4824 deducit.
2938 4765 3090 4820 Alter
3115 4779 3210 4818 eos
3271 4761 3364 4832 qui
3400 4760 3512 4813 Deo

1943 4887 2065 4928 sese
2080 4875 2492 4930 consecrarunt,
2525 4861 2702 4917 reddit
2731 4865 2970 4921 ascetas,
3004 4855 3288 4918 eremitas,
3355 4850 3517 4922 styli-

1947 4975 2054 5031 tas,
2079 4962 2492 5020 subterraneos,
2507 4953 2775 5016 inclusos,
2803 4950 3063 5004 doctores
3082 4945 3355 5017 publicos,
3381 4953 3521 4998 stre-

1943 5073 2086 5112 nuos
2111 5055 2414 5110 animarum
2446 5057 2754 5109 curatores,
2781 5041 3071 5098 vulnerum
3102 5037 3302 5093 animae
3339 5047 3520 5090 enun-

1946 5153 2209 5207 tiatorum
2233 5143 2498 5208 medicos,
2529 5142 2624 5213 qui
2649 5136 2873 5210 quando
2897 5141 3270 5205 opportunum
3303 5128 3520 5184 videtur

1949 5241 2172 5299 cultello
2196 5246 2251 5295 et
2280 5233 2529 5293 cauterio
2561 5232 2642 5288 uti
2670 5229 2870 5286 debent
2893 5242 2910 5294 ;
2939 5239 3105 5297 porro
3158 5237 3350 5277 eorum
3398 5235 3522 5287 qua:

1948 5336 2127 5391 adhuc
2145 5328 2358 5387 occulta
2385 5331 2512 5382 sunt
2564 5323 2930 5392 indagatores,
2991 5315 3364 5385 improbitatis
3425 5319 3522 5366 aut

1950 5438 2170 5480 severos
2201 5429 2296 5475 aut
2326 5418 2622 5472 clementes
2655 5410 2922 5474 vindices,
2957 5421 3149 5462 eorum
3172 5406 3264 5476 qui
3327 5403 3524 5469 injuste

1951 5514 2170 5587 spoliati
2199 5520 2326 5570 sunt
2357 5509 2694 5570 defensores,
2749 5505 3020 5557 humanos
3071 5499 3362 5567 juslosque
3424 5509 3522 5564 pro

1955 5620 2200 5675 tempore
2227 5609 2603 5670 coargutores,
2632 5611 2732 5650 nec
2761 5608 2873 5647 non
2909 5590 3004 5646 ubi
3037 5604 3173 5659 opus
3197 5598 3300 5648 est,
3333 5597 3522 5653 repre-

1956 5673 2242 5758 hensores,
2279 5691 2343 5745 ad
2371 5689 2588 5743 virtutis
2634 5683 2874 5741 studium
2920 5673 3348 5749 promovendum
3408 5685 3526 5724 mo-

1958 5791 2197 5858 nitores,
2229 5785 2296 5842 ad
2342 5783 2663 5855 probitatem
2699 5771 3045 5832 excitandam
3106 5764 3523 5834 vituperatores,
