3916 6244
402 352 502 423 351

1111 342 1538 407 EUSTATHII
1580 342 1866 404 THESSA
1881 342 2026 405 [ΟΝ
2041 342 2340 403 {CENSIS
2377 337 2949 404 METROPOLiT/E

3566 304 3680 396 τιῖρ

408 478 473 529 ad
499 478 718 542 peccata
750 467 978 524 delenda
1021 464 1416 535 speculatores,
1443 463 1510 516 ad
1554 462 1676 516 vitae
1709 461 1973 530 spiritua.

2096 461 2281 533 ίρεὼν,
2339 461 2467 523 τοὺς
2531 458 2908 526 εὐλογοῦντας,
2953 455 3029 519 ὡς
3082 452 3434 523 θαρσοποιεῖν
3484 452 3553 505 τὰ
3589 455 3670 515 εἰς

404 565 472 618 lis
501 566 836 618 incrementa
870 556 1249 626 instigatores,
1275 561 1330 608 et
1350 565 1406 607 nt
1434 567 1542 606 uno
1571 553 1742 607 verbo
1768 553 1971 615 dicam,

408 656 713 708 animarum
734 650 915 722 quoad
952 652 1116 701 vitam
1141 657 1202 703 et
1263 645 1518 714 spiritum
1563 653 1870 709 curatores,
1923 653 1978 698 et

406 746 549 815 quod
573 758 846 801 summum
881 749 985 805 est,
1028 740 1218 794 beatos
1249 736 1346 791 Dei
1380 734 1751 801 confessorcs,
1819 750 1981 807 quos,

406 841 532 910 quia
564 840 768 894 sanctis
798 836 1085 907 apostolis,
1118 831 1441 900 etantiqute
1468 829 1596 900 legi,
1630 839 1757 883 ante
1803 829 1984 882 omnia

408 942 589 987 autem
622 931 731 985 Deo
766 929 856 998 qui
880 929 1135 999 princeps
1163 932 1248 981 est
1274 923 1523 979 veritatis
1548 922 1725 987 testis,
1753 928 1807 974 et
1830 919 1990 974 Chri-

405 1035 490 1079 sto
529 1023 797 1079 Salvatori
832 1022 993 1075 ﬁdem
1034 1018 1275 1072 habuere
1322 1025 1486 1086 atque
1517 1014 1571 1067 in
1635 1011 1986 1068 sanctissima

403 1116 511 1169 ﬁde
535 1115 842 1184 perstitere,
886 1125 1079 1166 servos
1107 1110 1200 1164 Dei
1232 1107 1467 1163 reddidit
1513 1104 1761 1176 ipsorum
1794 1102 1861 1158 de
1887 1101 1982 1156 illo

405 1207 685 1262 confessio
717 1216 770 1258 et
790 1203 1186 1267 testimonium,
1213 1209 1265 1257 et
1291 1214 1438 1254 mors
1479 1213 1578 1269 pro
1604 1197 1695 1252 illo
1757 1198 1982 1251 tolerata

405 1315 525 1367 quae
555 1296 800 1352 omnium
834 1309 1017 1350 rerum
1050 1294 1291 1348 maxime
1331 1289 1602 1346 horrenda
1627 1299 1793 1358 atque
1820 1286 1985 1343 diris-

408 1392 548 1446 sima
573 1398 679 1443 est.

2086 556 2313 626 ἀρετὴν,
2384 552 2511 615 τοὺς
2559 551 2995 622 ἐπιπλήττοντας
3053 548 3133 610 είς
3182 545 3492 617 διόρθωσιν,
3545 544 3670 607 τοὺς

2090 640 2603 715 ὲπιτηροῦντας,ὼς
2625 640 3026 696 ἀνακόπτεσθαι
3048 639 3115 692 τὰ
3138 637 3513 708 ἀμαρτητικὲ,
3542 635 3669 697 τοὺς

2090 734 2502 804 λογιστεύοντας
2561 733 2954 805 πνευματικῶς
3001 731 3070 785 τὰ
3121 728 3392 800 πρακτέα,
3438 729 3499 782 τὸ
3560 729 3701 789 πᾶν,

2095 829 2377 898 ὲπιτόμως
2401 828 2597 892 εἰπεῖν,
2630 828 2760 890 τοὺς
2786 825 2896 879 τῶν
2929 822 3122 894 ψυχῶν
3157 822 3516 892 ἐπιμελητὰς,
3541 821 3670 884 τούς

2098 938 2160 974 τε
2195 922 2336 975 κατὰ
2370 920 2504 992 βίον,
2529 920 2623 974 καὶ
2647 919 2763 973 ὅσοι
2796 935 2857 970 τε
2889 915 3066 978 ἄλλως
3098 912 3193 967 τοῦ
3247 911 3585 982 πνεύματος,
3612 912 3671 964 τὸ

2093 1015 2312 1068 πάντων
2357 1015 2542 1084 μεῖζον
2572 1013 2770 1076 εἰπεῖν,
2790 1011 2918 1075 τοὺς
2954 1008 3246 1080 μακαρίως
3266 1006 3343 1077 τῷ
3365 1007 3487 1078 Θεῷ
3523 1022 3668 1075 μαρκ

2090 1109 2458 1176 τυρήσαντας,
2487 1104 2583 1167 οὓς
2605 1102 2930 1165 πεισθέντας
2962 1103 3075 1162 τοῖς
3109 1098 3289 1168 ἁγίοις
3320 1097 3666 1162 ἀποστόλοις,

2091 1200 2188 1252 καὶ
2224 1199 2329 1268 πρό
2362 1214 2427 1267 γε
2468 1197 2647 1252 αὐτῶν
2679 1200 2745 1268 τῇ
2802 1195 2931 1267 ἁγίᾳ
2976 1192 3186 1263 παλαιᾷ
3238 1192 3554 1262 νομοδοσίᾳ.
3589 1192 3667 1244 ei.

2089 1291 2216 1342 πεῖν
2253 1290 2309 1342 δὲ
2335 1291 2395 1342 τὸ
2429 1290 2785 1359 σεμνότατον,
2816 1291 2894 1355 τῷ
2945 1285 3381 1358 πρωτομάρτυρι
3406 1285 3511 1352 τῆς
3540 1283 3673 1343 ἄλη·-

2091 1377 2241 1443 θείας
2270 1379 2347 1449 τῷ
2378 1379 2518 1449 Θεῷ,
2550 1378 2629 1450 τῷ
2663 1379 2868 1450 σωτῆρι
2903 1376 3147 1449 Χριστῷ,
3179 1376 3271 1429 καὶ
3299 1374 3670 1445 ἐμμείναντας

410 1483 476 1550 τῇ
507 1480 784 1551 ἁγιωτάτῃ
816 1479 993 1533 πειθοῖ
1015 1477 1330 1549 ᾠκειώσατο
1357 1478 1434 1542 εἰς
1466 1475 1812 1546 θεράποντας
1838 1474 1915 1542 τῷ
1950 1471 2073 1541 Θεῷ
2113 1474 2142 1541 ἠ
2196 1472 2335 1542 ὑπὲρ
2384 1472 2590 1527 ἐκείνου
2644 1473 2919 1542 ὁμολογία,
2949 1473 3043 1527 καὶ
3091 1471 3389 1542 μαρτυρία,
3420 1476 3517 1523 καὶ
3547 1471 3577 1523 ό
3605 1462 3671 1521 δι’

413 1572 624 1626 ἐκεῖνον
661 1572 915 1639 θάνατος,
952 1571 1414 1642 τδ.φρικτότατον
1449 1572 1505 1623 ἐν
1538 1567 1846 1640 ἀνθρώποις
1870 1566 2067 1632 ὃεινδν,
2090 1568 2184 1621 καὶ
2213 1568 2288 1639 τῷ
2316 1569 2429 1621 om
2461 1568 2722 1639 ῥίγιστον.

476 1667 564 1723 80.
599 1668 760 1722 Tales
792 1669 837 1723 si
866 1668 991 1736 quis
1012 1667 1260 1721 imitatur
1288 1680 1588 1733 eorumque
1642 1664 1808 1718 rectis
1855 1661 1978 1730 opi-

405 1756 666 1812 nionibus
691 1773 815 1813 sese
842 1758 1044 1812 addicit
1080 1767 1134 1810 et
1196 1757 1263 1812 iis
1281 1755 1631 1825 pertinaciter
1686 1753 1983 1807 adftmrens

2168 1661 2242 1717 π’.
2276 1665 2415 1727 Τοὺς
2442 1664 2713 1726 τοιούτους
2755 1665 2808 1717 εἴ
2848 1682 2932 1727 τις
2977 1661 3316 1734 μιμούμενος
3339 1661 3437 1715 καὶ
3468 1660 3673 1712 πείθων

2096 1756 2289 1809 ἑαυτὸν
2329 1756 2603 1808 ἐνίσταιτο
2633 1757 2750 1819 ταῖς
2780 1757 2877 1826 ὀρθ
2890 1758 2968 1819 ’λῖς
2997 1755 3177 1819 δόξαις
3207 1755 3302 1807 καὶ
3336 1752 3669 1822 ὕπολήψεσι,

408 1864 529 1917 qua:
556 1848 748 1904 decent
776 1848 928 1912 facit,
951 1849 1221 1919 principio
1257 1848 1404 1902 bono
1432 1848 1638 1901 bonum
1685 1845 1845 1898 ﬁnem
1875 1842 1971 1896 ad-

2096 1848 2190 1901 καὶ
2239 1848 2573 1919 παραμένων
2604 1848 2792 1910 αὐταῖς
2827 1848 3056 1918 πράττει
3109 1848 3178 1901 τὰ
3225 1845 3455 1906 δεόντως
3500 1844 3675 1911 καθή-

403 1939 659 2009 jungens,
695 1940 741 1993 is
760 1939 936 2009 primo
959 1939 1101 1993 haud
1133 1939 1349 1993 dicatur
1372 1936 1671 2006 improbam
1698 1931 1983 1988 conﬁden-

406 2031 539 2084 tiam
574 2028 750 2099 sequi,
786 2028 879 2084 sed
896 2028 1075 2100 potius
1101 2036 1263 2083 rectm.
1297 2027 1418 2081 tidei
1472 2034 1635 2094 atque
1690 2021 1969 2076 lenacilati

405 2121 554 2174 circa
587 2135 674 2176 res
711 2121 926 2175 divinas
955 2135 1177 2189 operam
1230 2121 1359 2174 dare
1396 2136 1410 2173 :
1455 2114 1786 2172 conﬁdentia
1837 2114 1980 2168 cnim

406 2213 496 2266 illa
516 2212 794 2282 plerisque
817 2213 1055 2265 virorum
1087 2212 1302 2279 piorum
1338 2224 1444 2263 non
1476 2205 1851 2277 approbanda,
1880 2205 1975 2259 sed

407 2302 707 2355 infaustum
731 2302 861 2371 quid
894 2315 1017 2355 esse
1041 2298 1343 2353 videbatur.
1402 2298 1520 2352 Jam
1584 2311 1710 2350 vero
1763 2290 1982 2348 etiamsi

410 2408 702 2463 ponamus,
726 2393 890 2448 talem
916 2392 1164 2446 affectum
1200 2392 1266 2445 iis
1297 2391 1385 2459 qui
1411 2398 1558 2443 recta
1586 2386 1779 2441 ﬁducia
1819 2382 1985 2437 innisi

418 2493 644 2541 tenaces
677 2492 804 2539 sunt
847 2484 1139 2555 propositi,
1173 2482 1489 2546 convenire,
1555 2488 1732 2533 tamen
1790 2475 1986 2530 distino

415 2578 691 2647 guendum
717 2576 824 2630 erit
852 2576 1277 2644 dicendumque,
1305 2590 1371 2628 ne
1397 2573 1737 2642 spiritualem
1758 2569 1974 2639 quidem

406 2669 501 2736 qui
538 2668 788 2725 ﬁduciam
822 2669 1004 2733 habet,
1046 2669 1245 2736 ubique
1274 2674 1328 2720 et
1381 2667 1431 2719 in
1495 2664 1750 2717 omnibus
1812 2662 1975 2714 rebus

406 2760 920 2827 ideoiaudari;sed
981 2761 1281 2824 interdum,
1352 2758 1464 2812 imo
1524 2756 1722 2824 sazpius
1774 2754 1839 2807 de
1885 2766 1981 2805 sua

405 2854 702 2908 tenacitate
730 2853 971 2909 remittet
995 2861 1050 2907 et
1081 2852 1148 2906 de
1193 2853 1316 2920 jure
1373 2866 1494 2913 suo,
1544 2855 1803 2917 quantum
1865 2845 1978 2899 ﬁeri

406 2954 609 3016 potest,
640 2947 814 3010 cedet,
858 2959 1034 3013 neque
1059 2945 1232 2998 solum
1268 2943 1331 2997 ad
1367 2941 1688 3011 litigandum
1756 2948 1986 2993 conten-

409 3036 756 3107 dendnmque
788 3036 934 3090 haud
966 3037 1069 3090 erit
1097 3048 1415 3103 propensus,
1465 3029 1561 3085 sed
1621 3044 1688 3081 ne
1728 3029 1793 3081 de
1821 3027 1986 3096 iustis

413 3126 632 3193 quidem
660 3126 727 3181 ad
755 3137 1059 3181 extremum
1094 3140 1268 3192 usque
1299 3132 1503 3178 ce.tare
1536 3120 1698 3174 volet.

480 3308 573 3363 8i.
607 3306 746 3363 Iiinc
775 3307 942 3369 enim,
972 3305 1062 3358 tali
1123 3305 1264 3359 bona
1322 3301 1516 3373 agendi
1564 3302 1777 3356 ratione
1827 3302 1981 3366 inita,

408 3400 677 3457 bellorum
706 3396 941 3451 inducite
963 3411 1025 3448 ac
1058 3395 1260 3450 foedera
1278 3403 1332 3448 et
1361 3394 1565 3471 similes
1594 3409 1682 3449 res
1705 3392 1988 3447 laudandae

410 3494 675 3561 originem
716 3503 954 3544 traxere.
990 3489 1083 3542 ille
1112 3488 1276 3557 igitur
1300 3487 1393 3555 qui
1421 3487 1500 3540 sic
1532 3485 1666 3557 agit,
1717 3501 1822 3539 non
1866 3501 1893 3537 a
1922 3506 1982 3535 n-

410 3585 556 3655 plius
593 3583 806 3636 dicetur
838 3580 1064 3634 omnino
1094 3588 1273 3643 tenax,
1310 3577 1403 3632 scd
1440 3577 1604 3631 veluti
1654 3577 1974 3629 immutatus

410 3675 823 3732 honestiorihus
852 3672 1139 3726 ornabitur
1173 3669 1488 3725 nominibus
1543 3687 1556 3723 :
1618 3668 1989 3738 appellabitur

411 3769 675 3827 nimirum
704 3767 1001 3829 humanus,
1035 3763 1316 3834 pacificus,
1337 3762 1432 3816 ira:
1452 3760 1729 3824 inimicus,
1749 3775 1985 3815 concor-

412 3868 516 3919 diae
544 3862 776 3925 anticus,
804 3869 858 3914 et
895 3866 953 3913 ut
983 3857 1295 3913 accuratius
1324 3856 1540 3925 loquar,
1579 3856 1973 3911 moderationis

410 3970 623 4010 amans.
672 3953 776 4020 Qui
797 3950 942 4007 enim
966 3950 1033 4005 de
1057 3948 1179 4019 jure
1206 3948 1350 4029 quod
1385 3948 1537 4018 prius
1577 3948 1846 4002 tenaciter
1888 3937 2001 4001 de?

411 4045 684 4109 fenderat,
713 4041 990 4113 paululum
1016 4039 1265 4103 remittit,
1301 4039 1371 4091 ad
1407 4038 1566 4092 aliam
1591 4036 1842 4091 ﬁduciam
1875 4050 1992 4107 pte.

410 4136 643 4192 nitentia
671 4142 1004 4195 commetus,
1026 4129 1221 4184 deduci
1249 4130 1412 4194 solet,
1442 4129 1666 4197 quando
1725 4129 1985 4182 virtutem

411 4239 699 4294 sequensa
735 4221 1016 4292 proposito
1046 4218 1260 4273 desistit
1285 4226 1337 4270 et
1397 4233 1425 4270 a
1494 4217 1794 4286 pertinacia
1849 4234 1983 4272 con-

414 4317 645 4375 tentiosa
669 4314 736 4368 ad
762 4311 1186 4366 moderationem
1217 4308 1409 4362 transit
1437 4324 1451 4373 ;
1480 4307 1770 4376 siquidem,
1798 4325 1987 4377 quem-

412 4409 707 4467 admodum
778 4405 869 4459 ille
925 4403 1040 4472 qui,
1096 4400 1422 4469 pmnitentia
1478 4400 1704 4465 ductus,
1763 4400 1831 4454 ab
1890 4399 1989 4453 im-

411 4505 578 4576 proba
599 4498 835 4569 etimpia
872 4494 1222 4559 conﬁdentia,
1264 4508 1357 4563 per
1375 4491 1534 4546 aliam
1590 4491 1843 4546 ﬁduciam
1881 4494 1980 4546 ho-

414 4600 625 4648 nestam
649 4586 989 4656 compulsus,
1019 4582 1087 4637 ad
1110 4582 1390 4638 meliorem
1424 4593 1648 4635 sensum
1682 4596 1741 4636 se
1775 4585 1990 4637 confert

412 4682 789 4739 immutatione
813 4679 928 4732 sive
971 4675 1332 4730 conversione
1376 4672 1544 4735 faeta,
1580 4672 1653 4726 ita
1712 4674 1875 4728 etiam
1899 4674 1990 4744 qui

412 4775 800 4834 moderationis
831 4772 1113 4827 studiosus
1143 4780 1250 4835 est,
1279 4769 1369 4823 ubi
1405 4768 1472 4823 ab
1513 4768 1672 4822 initio
1737 4769 1845 4839 iuri
1879 4786 1983 4825 suo

412 4868 641 4921 ﬁrmiter
676 4862 1221 4925 inhaereredecrcvit,
1270 4859 1470 4914 deinde
1521 4867 1764 4930 tempore
1787 4874 1989 4931 oppor-

415 4969 549 5012 tuno
580 4955 917 5009 laudabiliter
948 4954 1269 5007 immutatus
1298 4961 1351 5005 et
1375 4952 1441 5006 ad
1467 4965 1652 5019 pacem
1678 4933 1991 5020 propensus

412 5061 463 5103 et
501 5048 579 5101 uti
614 5046 887 5102 veteribus
934 5045 1276 5113 sapientibus
1301 5042 1560 5115 placitum
1610 5054 1711 5105 est,
1754 5042 1822 5098 de
1859 5044 1984 5110 jure

413 5155 515 5194 suo
550 5138 946 5208 aliquantulum
980 5138 1205 5203 relaxat,
1236 5147 1400 5206 atque
1425 5136 1678 5190 virtutem
1714 5136 1991 5203 ostendit;

414 5231 470 5283 id
499 5238 581 5283 est
606 5228 1054 5289 moderationem,
1088 5228 1167 5281 uti
1199 5228 1471 5295 sapientes
1533 5240 1651 5280 eam
1711 5240 1993 5296 nuneupa-

415 5336 565 5383 vcre,
597 5327 649 5372 et
681 5320 756 5374 ita
793 5318 1048 5373 concedit
1077 5318 1411 5375 adversariis
1437 5326 1598 5389 atque
1621 5317 1690 5373 iis
1723 5332 1782 5371 se
1814 5318 1989 5388 subji-

411 5413 506 5467 cit.

481 5504 572 5557 82.
606 5503 702 5558 llis
724 5503 885 5574 igitur
913 5505 1014 5558 hoc
1038 5504 1200 5559 modo
1229 5510 1284 5557 et
1309 5502 1574 5555 hactenus
1608 5500 1986 5555 consideratis

410 5594 477 5661 (si
507 5594 651 5648 enim
698 5592 913 5661 longius
978 5594 1303 5662 protrahere
1356 5591 1499 5643 hanc
1561 5589 1984 5658 disputationem

408 5686 699 5751 vellemus,
732 5683 1122 5741 ostentationis
1156 5683 1538 5751 inopportunaz
1560 5682 1766 5736 crimen
1799 5684 1985 5737 incur-

411 5777 702 5843 tcremus),
727 5776 854 5844 quid
884 5774 1103 5829 tandem
1134 5786 1240 5826 non
1268 5772 1590 5842 subjicimus
1641 5788 1763 5842 nos,
1799 5792 1830 5830 ο
1872 5778 1982 5831 Do-

2093 1957 2285 2007 κοντα,
2346 1940 2585 2009 χρηστὸν
2638 1939 2792 2004 τέλος
2846 1940 3114 2004 ἐπιτιθεὶς
3170 1941 3367 2009 ἀρχαῖς
3411 1936 3671 2005 ἀγαθαῖς,

2092 2032 2289 2102 πρῶτα
2321 2032 2424 2102 μὲν
2453 2032 2554 2085 οὐκ
2584 2031 2650 2086 ἂν
2670 2032 2884 2100 λέγοιτο
2907 2035 3115 2101 πεῖσμα
3146 2031 3441 2101 φυλάττειν
3482 2030 3516 2099 ἢ
3555 2046 3673 2082 mt-

2102 2124 2328 2195 σμονὴν,
2362 2123 2672 2191 ὀρθοδοξίαν
2700 2124 2756 2178 δὲ
2791 2125 2886 2177 καὶ
2922 2124 3246 2201 ὲνστατικὴν
3275 2121 3555 2192 προσοχὴν
3578 2120 3672 2174 ἐπὶ

2093 2217 2203 2278 τοῖς
2238 2213 2332 2268 τοῦ
2366 2215 2501 2268 Θεοῦ
2526 2231 2539 2244 ·
2577 2216 2633 2267 αἱ
2662 2215 2772 2284 γὰρ
2819 2217 3108 2284 πεισμοναὶ
3149 2215 3240 2268 καὶ
3273 2216 3339 2267 τὰ
3387 2213 3673 2282 πείσματα

2092 2306 2279 2373 ἔδοξαν
2318 2305 2391 2378 μὴ
2425 2308 2515 2359 ἐπ’
2542 2306 2732 2375 ἀγαθῷ
2753 2306 3029 2359 τεθεῖσθαι
3057 2310 3170 2369 τοῖς
3199 2308 3256 2359 ὲν
3289 2305 3470 2375 ἀγαθῇ
3503 2305 3675 2375 μοίρᾳ

2093 2397 2358 2462 πλείοσιν,
2409 2397 2546 2450 ἀλλὰ
2590 2396 2908 2463 δυσώνυμόν
2948 2413 2999 2447 τι
3034 2395 3227 2465 χρῆμα
3294 2390 3461 2446 εἶναι.
3515 2393 3581 2445 Ei
3617 2391 3672 2445 δὲ

2094 2490 2188 2540 καὶ
2219 2488 2352 2549 ἴσως
2384 2486 2588 2557 θῶμεν,
2616 2486 3056 2557 προσαρμόττειν
3086 2485 3225 2540 αὐτὰ
3253 2485 3348 2538 καὶ
3377 2486 3492 2547 τοῖς
3524 2485 3670 2537 656v-

2093 2596 2201 2640 τως
2236 2581 2627 2647 πεπεισμένοις
2654 2580 2748 2632 καὶ
2770 2578 2947 2644 οὕτως
2967 2578 3326 2643 ὲνστατικοῖς,
3350 2577 3459 2647 ἔχω
3481 2575 3674 2630 διελὼν

2092 2671 2329 2726 ἐνταῦθα
2362 2672 2562 2735 εἰπεῖν,
2595 2670 2669 2733 ὡς
2702 2669 2822 2723 οὐδὲ
2849 2672 2876 2722 ὁ
2907 2668 3280 2738 πνευματικὸς
3300 2668 3670 2738 πεισματικδς

2091 2763 2395 2816 ἐπαινεῖται
2432 2763 2663 2817 πάντοτε
2698 2762 2793 2814 καὶ
2828 2760 2921 2816 ἐπὶ
2963 2762 3121 2823 πᾶσι,
3149 2760 3388 2821 τοιοῦτος
3416 2757 3494 2811 ὢν
3515 2776 3529 2790 ·
3555 2759 3653 2811 ἀλλ

2091 2855 2241 2909 ἔστιν
2264 2856 2403 2908 ὅπου
2433 2855 2526 2908 καὶ
2564 2856 2621 2907 ὲν
2651 2853 2866 2919 πολλοῖς
2924 2852 3413 2923 μετακινηθήσεται
3442 2852 3543 2919 τῆς
3589 2852 3667 2903 οξ-

2094 2948 2247 3007 κείας
2289 2946 2619 3009 ὲνστάσεως,
2650 2949 2742 3000 καὶ
2791 2945 3091 2998 ύπενδὼσει
3142 2945 3235 2996 καὶ
3284 2943 3448 2995 αὐτοῦ
3478 2944 3542 3014 δὴ
3573 2944 3667 2996 τοῦ

2092 3038 2212 3092 κατ’
2242 3039 2405 3090 αὑτὸν
2433 3037 2645 3090 δικαίου
2678 3036 2750 3100 ὡς
2775 3031 2887 3090 οἷόν
2919 3052 3003 3099 τε,
3030 3037 3122 3088 καὶ
3156 3034 3573 3106 χαυνωθήσεται
3603 3037 3663 3086 οὗ

2097 3131 2259 3198 μόνον
2299 3129 2393 3182 τοῦ
2444 3130 2619 3190 ἄλλως
2654 3129 3003 3197 φιλονεικεῖν,
3038 3127 3172 3180 ἀλλὰ
3206 3127 3299 3180 καὶ
3350 3126 3520 3180 αὑτοῦ
3568 3128 3663 3180 τοῦ

2012 3208 2053 3260 C
2090 3223 2180 3274 ἐπὶ
2208 3220 2436 3283 δικαίοις
2468 3221 2547 3282 είς
2577 3221 2746 3291 ἄκρον
2771 3218 2864 3271 καὶ
2902 3218 3163 3288 ὑπερλίαν
3194 3217 3484 3287 μάχεσθαι.

2161 3320 2273 3368 παν.
2316 3313 2599 3365 Ἐντεῦθεν
2656 3312 2766 3381 γὰρ
2823 3311 2975 3380 καλῷ
3023 3310 3252 3379 τοιούτῳ
3285 3309 3659 3378 μεθοδεύματι

2090 3408 2147 3459 αἱ
2179 3406 2363 3474 ἀνοχαὶ
2389 3406 2495 3457 τῶν
2522 3404 2773 3473 πολέμων
2796 3404 3197 3472 ὲπινενόηνται,
3220 3404 3315 3454 καὶ
3335 3403 3390 3454 αἱ
3417 3402 3663 3467 σπονδαὶ,

2091 3498 2186 3552 καὶ
2210 3499 2308 3550 ὅσα
2337 3497 2475 3550 καλὰ
2499 3495 2744 3549 τοιαῦτα.
2790 3496 2896 3548 Καὶ
2920 3496 3101 3547 τοῖνυν
3147 3495 3288 3547 ούτω
3319 3493 3490 3546 ποιῶν
3521 3495 3666 3546 ἐκεῖ·

2091 3607 2181 3651 νος
2222 3587 2408 3641 οὐκέτι
2449 3587 2812 3657 πεισματικὺς
2865 3584 3303 3655 ὀνομασθήσεται
3329 3584 3388 3637 τὸ
3423 3582 3664 3650 σύνολον,

2091 3680 2229 3734 ἀλλὰ
2255 3681 2329 3744 ὡς
2358 3674 2468 3732 οἷον
2500 3678 2837 3748 μεταϐαφεὶς
2863 3676 3245 3748 χρωσθήσεται
3267 3675 3664 3747 χρηστοτέραις

2096 3772 2352 3841 κλήσεσι,
2404 3770 2784 3838 φιλάνθρωπος
2832 3769 3308 3838 ἐπονομαζόμενος
3342 3769 3438 3820 καὶ
3475 3768 3662 3834 ἀφιλόο

2090 3879 2290 3929 νεικος,
2322 3861 2416 3915 καὶ
2448 3861 2618 3932 μισῶν
2649 3860 2748 3931 μὲν
2771 3860 2830 3913 τὸ
2858 3859 3182 3931 ἁκράχολον,
3211 3858 3434 3921 εὔκολος
3452 3858 3509 3912 δὲ
3536 3860 3663 3928 pta).-

2090 3954 2181 4008 λον
2206 3949 2343 4008 εῖναι
2371 3953 2781 4024 προτιθέμενος,
2807 3953 2985 4005 εἰπεῖν
3007 3951 3064 4004 δὲ
3095 3953 3356 4021 ἀκριϐῶς,
3383 3950 3660 4018 ἐπιεικής.

2101 4047 2162 4099 '0
2189 4047 2298 4114 γὰρ
2332 4048 2393 4114 ἐκ
2424 4045 2725 4112 πείσματος
2775 4043 3001 4106 ἀτενοῦς
3030 4043 3242 4096 δικαίου
3276 4043 3659 4111 ὑποκαταὸὰς,

2092 4136 2172 4201 εἰς
2207 4137 2458 4206 ἑτεροίαν
2485 4132 2658 4187 πειθὼ
2701 4134 2795 4188 ἐπὶ
2838 4134 3097 4205 μετανοίᾳ
3129 4135 3427 4204 μετέπεσεν
3454 4137 3661 4205 ἐτιμη-

2095 4230 2432 4297 οευσάμενος
2483 4227 2770 4297 ὲναρὲτως,
2802 4229 2897 4280 καὶ
2924 4228 2989 4280 ὲκ
3020 4225 3323 4294 φιλονείκου
3355 4224 3662 4289 ὲνστάσεως

2097 4317 2477 4389 μετεληλυοὼς
2506 4317 2587 4380 εἰς
2616 4317 2916 4370 ἐπιείκειαν
2937 4332 2952 4346 υ
2994 4316 3114 4368 ἐπεὶ
3145 4332 3250 4381 τοι,
3282 4314 3426 4369 καθὰ
3453 4316 3484 4369 ό
3520 4317 3661 4369 κατὰ

2096 4407 2401 4478 μετάμελον
2451 4408 2514 4459 ὲκ
2559 4406 2780 4469 πειθοῦς
2834 4406 3045 4476 φαύλης
3079 4405 3176 4457 καὶ
3208 4406 3526 4476 ἁμαρτικῆς
3576 4404 3663 4459 διὰ

2023 4536 2065 4590 D
2094 4500 2356 4569 δευτέρας
2393 4500 2647 4569 ἐναρέτου
2677 4500 2898 4562 πειθοῦς
2929 4499 3399 4569 μεταϐαλλόμενος
3424 4503 3507 4564 εἰς
3532 4503 3660 4555 καλ-

2097 4593 2249 4646 λίονα
2288 4595 2611 4664 μετέρχεται
2651 4592 2795 4658 νοῦν,
2844 4591 3288 4662 μετατιθέμενος,
3318 4593 3420 4646 εἴτ’
3443 4593 3539 4647 οὖν
3568 4613 3664 4664 με·

2095 4683 2513 4752 ταπειθόμενος,
2543 4682 2686 4737 οὕτω
2712 4700 2829 4746 πως
2859 4685 2956 4736 καὶ
2988 4684 3015 4735 ό
3045 4684 3294 4753 ἐπιεικὴς
3328 4684 3526 4737 ἑαυτὸν
3551 4685 3666 4738 πεί-

2099 4794 2201 4839 σας
2233 4776 2301 4829 τὰ
2326 4776 2519 4847 πρῶτα
2552 4775 2629 4845 τῷ
2657 4776 2841 4846 οἰκείῳ
2869 4776 3059 4848 δικαίῳ
3108 4776 3287 4840 καλῶς
3323 4777 3663 4845 ἐνίστασθαι,

2097 4861 2217 4920 εἶτα
2263 4867 2491 4933 δεόντως
2537 4866 2858 4939 μεταϐαλὼν
2883 4869 2942 4921 ὲν
2976 4869 3174 4938 καιρῷ,
3210 4868 3324 4936 καὶ,
3363 4869 3439 4932 ὡς
3469 4872 3665 4939 εἰπεῖν,

2099 4960 2363 5029 ὲπιείξας,
2404 4962 2498 5014 καὶ
2550 4960 2695 5015 καθὰ
2750 4960 2898 5014 δοκεῖ
2942 4964 3056 5025 τοῖς
3109 4961 3274 5015 πάλαι
3325 4965 3535 5032 σοφοῖς,
3576 4966 3669 5018 καὶ

2100 5048 2499 5123 παραθραύσας
2535 5050 2644 5105 τῶν
2685 5066 2810 5105 τινα
2848 5050 3203 5105 δικαιούντων
3251 5052 3437 5118 αὑτὸν,
3465 5054 3668 5124 ἀρετὴν

2100 5142 2371 5212 ἐκφαίνει,
2427 5142 2549 5212 τὴν,
2598 5143 2673 5204 ὡς
2717 5142 2766 5194 οἱ
2819 5141 2972 5210 σοφοὶ
3018 5141 3311 5211 ὀνομάζειν
3357 5143 3667 5213 βούλονται,

2097 5233 2398 5286 ἐπιείκειαν
2418 5250 2432 5265 ·
2463 5234 2557 5285 καὶ
2589 5231 2764 5296 οὕτως
2796 5233 3016 5286 ὑπείκει
3042 5233 3383 5303 τασσόμενος
3418 5236 3528 5289 ὑπὸ
3556 5238 3670 5300 τοῖς

2097 5325 2409 5390 ἐνστάταις,
2437 5327 2531 5378 καὶ
2557 5323 2689 5377 αὐτὸ
2718 5324 2782 5393 δὴ
2806 5324 2964 5377 τοῦτο
2986 5324 3450 5394 ὑποτασσόμενος.

2166 5504 2278 5574 πβ’.
2312 5502 2478 5557 υῦτω
2508 5503 2573 5574 δὴ
2606 5503 2813 5557 τούτων
2836 5502 2970 5573 ἡμῖν
2998 5502 3424 5574 τεθεωρημένων
3456 5506 3555 5558 καὶ
3579 5505 3671 5558 ἐπὶ

2092 5595 2347 5649 τοσοῦτον
2363 5596 2462 5665 (είς
2483 5596 2646 5648 πλέον
2664 5595 2733 5661 γᾶ
2741 5612 2773 5664 ρ
2791 5596 3062 5647 ἐπιτεῖναι
3082 5595 3142 5648 τὺ
3156 5593 3400 5647 τοιοῦτον
3419 5597 3668 5664 σκέμμα,

2095 5684 2412 5755 φιλοτιμίαν
2465 5686 2714 5756 οἰήσεταί
2758 5703 2842 5749 τις
2893 5685 3164 5755 ἄκαιρον),
3214 5684 3270 5736 τί
3317 5685 3525 5753 δήποτε
3575 5687 3670 5755 οὐχ

2095 5774 2539 5845 ὕποτασσόμεθα,
2576 5770 2620 5831 ῶ
2652 5776 2828 5849 σῶτερ
2872 5777 3052 5847 κύριε,
3075 5777 3104 5830 δ
3149 5779 3240 5832 καὶ
3266 5775 3483 5846 φθάσας
3510 5777 3667 5842 εὐξά-
