3888 6238
473 312 581 375 355

1141 310 1567 374 ΕΗΞΤΑἹἮΙΙ
1614 311 1718 370 ΤΠ
1729 309 2067 371 ΕεεΑιοΝ

2175 308 2396 370 ENSIS
2431 304 2995 370 METROPOLlT/E

3625 306 3715 373 356

548 426 641 479 85.
682 423 770 480 Vae
800 425 1119 496 regionibus
1163 437 1217 481 et
1250 425 1463 497 oppidis
1519 435 1576 480 et
1612 425 1752 479 vicis
1789 434 1844 480 et
1889 426 2056 495 agris,

2235 431 2341 480 πεν.
2397 424 2536 478 Οὐαὶ
2589 423 2797 494 χώραις
2850 424 2945 478 καὶ
2980 423 3169 478 πόλεσι
3217 424 3312 477 καὶ
3369 423 3586 495 κώμαις
3637 432 3720 484 καὶ

472 516 585 587 jam
637 530 763 571 vero
789 518 955 571 etiam
997 516 1249 582 desertis,
1304 531 1425 586 quae
1456 516 1611 571 multi
1639 517 1733 587 qui
1762 516 1927 569 vitam
1961 529 2050 570 se-

482 604 727 659 cundum
781 603 949 659 Deum
1004 605 1217 670 vivunt,
1264 612 1319 658 et
1362 605 1676 661 dilexerunt
1705 617 1757 661 et
1791 604 2053 669 diligunt.

478 706 533 750 et
554 697 609 749 in
624 695 1022 751 habitationem
1036 695 1302 752 Naziraeis
1322 696 1543 767 dignam
1559 694 2052 761 transformaruut,

480 787 574 842 ubi
605 802 782 855 neque
810 786 1105 849 invenitur,
1131 801 1308 856 neque
1336 794 1628 856 cooptatur
1654 795 1750 841 aut
1777 784 2050 854 diligitur,

478 878 591 934 imo
618 893 688 934 ne
721 878 986 948 quaeritur
1030 877 1251 947 quidem
1300 878 1640 949 ﬁrmiterque
1703 877 2056 933 constituitur

482 970 735 1040 superior
765 971 1067 1025 secundum
1098 968 1363 1038 Spiritum
1417 978 1683 1033 sanetum,
1734 970 1901 1037 legem
1938 983 2057 1023 rec-

483 1071 594 1115 tam
629 1077 897 1131 usumque
930 1061 1254 1115 laudabilem
1279 1069 1334 1115 et
1381 1071 1587 1116 natura:
1617 1063 2054 1123 convenientem,

483 1166 535 1209 ct
575 1155 803 1210 inferior
838 1155 931 1223 qui
960 1155 1007 1208 ei
1056 1153 1353 1219 subsit,'ex
1390 1153 1590 1224 quibus
1624 1155 1892 1211 ambobus
1935 1152 2060 1226 pul-

484 1251 638 1312 citra,
689 1247 1032 1303 rationabilis
1069 1247 1448 1317 laudandaque
1503 1247 1793 1303 coniicitur
1824 1249 2056 1317 paritas,

485 1340 785 1394 secundum
859 1353 1045 1405 quam,
1098 1337 1190 1392 ubi
1254 1352 1341 1393 res
1394 1336 1852 1393 administrantur
1900 1338 2055 1408 juxta

485 1427 724 1479 divinam
774 1424 1134 1490 voluntatem,
1196 1425 1352 1480 multi
1418 1426 1671 1496 discipuli
1725 1428 2053 1485 doctoribus

485 1515 864 1586 perfectiores,
916 1518 1058 1573 servi
1118 1517 1273 1588 probi
1325 1519 1564 1574 dominis
1617 1521 2060 1586 excellentiores,

489 1609 751 1675 infantes,
793 1610 1091 1666 secundum
1136 1610 1379 1666 divinam
1444 1608 1836 1671 "revelationem
1869 1624 1925 1671 et
1960 1616 2062 1672 be-

2156 515 2370 585 ἀγροῖς,
2395 515 2498 586 ἠδη
2549 514 2607 568 δι
2638 514 2737 568 καὶ
2784 514 3037 584 ἐρήμοις,
3087 513 3153 579 ἃς
3200 512 3392 569 πολλοὶ
3442 515 3549 572 τῶν
3592 516 3720 572 κατὰ

2152 606 2288 661 Θεδν
2318 606 2542 671 ζώντων
2566 605 2875 676 ἠγάπησαν
2906 605 3000 659 καὶ
3027 603 3308 674 ἀγαπῶσι,
3341 603 3438 659 καὶ
3468 607 3548 668 εἰς
3594 607 3720 658 οἰκε-

2157 703 2295 773 σμδν
2351 701 2713 773 μετεϐάλοντο
2765 701 3088 770 Ναζιραίοις
3148 702 3450 771 πρέποντα,
3492 700 3615 755 ἔνθα
3657 703 3719 771 μὴ

2156 796 2476 865 εὑρίσκεται
2503 796 2599 849 καὶ
2630 795 2945 862 ἔπιλέγεται
2977 794 3071 848 καὶ
3100 796 3414 863 στέργεται,
3449 794 3539 848 ναὶ
3560 795 3616 848 δὲ
3640 800 3721 847 καὶ

2156 888 2402 957 ζητεῖται
2456 889 2553 942 καὶ
2582 888 2843 940 τάσσεται
2906 886 3147 954 στερεῶς
3178 890 3205 941 ό
3256 889 3359 955 μέν
3390 905 3473 951 τις
3526 888 3721 957 μείζων

2157 977 2302 1032 κατά
2335 978 2561 1047 Πνεῦμα
2606 979 2761 1043 ἅγιον
2793 980 2889 1032 καὶ
2921 978 3087 1047 νόμον
3129 980 3289 1047 όροδν
3319 983 3412 1032 καὶ
3451 979 3572 1040 ἔθος
3600 979 3720 1031 εὐθὺ

2158 1069 2252 1122 καὶ
2309 1069 2469 1136 φύσει
2526 1071 2990 1141 παραδεδομένον,
3034 1073 3060 1123 ὁ
3123 1072 3304 1124 δὲύπ’
3359 1074 3587 1137 ἐκεῖνον,
3642 1068 3720 1125 οἷα

2158 1162 2421 1215 ἐλάττωνο
2461 1162 2518 1224 ἐξ
2550 1156 2625 1212 ὧν
2658 1163 2982 1231 ἀμφοτέρων
3012 1165 3043 1231 ἠ
3101 1164 3242 1231 καλὴ
3306 1164 3398 1216 καὶ
3430 1165 3487 1216 ἒν
3525 1164 3722 1231 ἰσότητι

2162 1251 2300 1318 σοφή
2331 1254 2427 1305 καὶ
2478 1253 2738 1322 ἐπαινετὴ
2790 1258 3191 1322 γεωμετρεῖται
3258 1255 3460 1325 ἰσότης,
3493 1256 3616 1308 καθ’
3666 1256 3722 1320 ἦν

2161 1342 2394 1407 ἐναλλὰξ
2423 1342 2531 1397 τῶν
2563 1345 2907 1412 πραγμάτων
2946 1345 3473 1415 διοικονομουμὲνων
3498 1346 3723 1413 suam;

2161 1435 2347 1489 θεόθεν
2381 1437 2477 1489 καὶ¹
2505 1436 2745 1505 μαθηταὶ
2770 1438 2956 1491 πολλοὶ
2980 1439 3290 1508 κρείττονες
3319 1436 3657 1490 διδασκάλων
3675 1438 3724 1488 ὲν

2161 1529 2565 1599 ἀποτελέσματι
2596 1530 2863 1599 γίνονται,
2913 1532 3007 1585 καὶ
3037 1532 3213 1586 δοῦλοι
3246 1533 3304 1586 δὲ
3342 1531 3543 1597 ἀγαθοὶ
3570 1532 3727 1600 ὺπέρ-

2163 1636 2307 1690 τεροι
2330 1619 2608 1674 δεσποτῶν
2635 1620 2711 1693 μὴ
2740 1620 3029 1686 τοιούτων,
3084 1624 3180 1675 καὶ
3210 1622 3383 1692 νήπια
3446 1620 3722 1690 ὑπερφερῆ

486 1703 832 1774 nignitatem,
880 1704 1105 1761 senibus
1129 1705 1508 1774 prudentiores
1537 1705 1691 1772 fiunt,
1715 1716 1769 1764 et
1801 1708 2062 1766 mulieres

2175 1713 2443 1782 γερόντων
2475 1712 2540 1765 ἔκ
2568 1713 2718 1774 θείας
2755 1713 3157 1783 ἀποκαλύψεως
3194 1714 3291 1767 καὶ
3345 1711 3726 1781 δυναμώσεως,

486 1797 597 1863 θεῖ,
633 1798 806 1868 gratia
840 1811 905 1852 ac
945 1798 1212 1868 sapientia
1246 1798 1535 1856 illustratte
1562 1801 1810 1856 animum
1842 1802 2054 1859 virilem

2175 1805 2258 1857 καὶ
2317 1805 2579 1872 γυναῖκες
2653 1802 2997 1873 ἀνδρίζονται
3056 1803 3221 1873 σοφίᾳ
3293 1802 3418 1874 θείᾳ.
3485 1803 3586 1855 καὶ
3637 1803 3728 1872 χά-

487 1888 770 1941 exhibent.

562 1981 651 2036 86.
683 1983 724 2034 0
749 1990 896 2038 artes
934 1982 1254 2054 litteraeque,
1288 1984 1479 2052 quidni
1510 1991 1566 2039 et
1594 1999 1691 2040 vos
1723 1984 1953 2039 invicem
1980 1985 2061 2039 in-

486 2073 703 2137 videtis,
732 2083 785 2129 et
812 2075 880 2129 de
931 2076 1337 2144 pra-eminentia
1380 2075 1621 2145 iactatis,
1654 2085 1819 2146 atque
1838 2079 2063 2133 annula-

489 2168 636 2221 tione
661 2167 909 2235 improba
945 2168 1274 2222 dissidetis?
1330 2171 1372 2221 0
1417 2168 1644 2224 missum
1695 2184 1895 2239 corpus
1950 2186 2063 2224 ma-

490 2272 679 2327 gnum,
738 2254 1037 2312 secundum
1099 2269 1340 2314 veterem
1400 2260 1737 2330 opinionem,
1794 2262 2063 2317 descende

495 2349 811 2419 aliquando,
844 2358 897 2404 et
930 2365 1053 2418 qua:
1107 2351 1204 2406 tibi
1253 2350 1473 2406 subdita
1525 2361 1671 2414 sunt,
1707 2353 1759 2406 in
1815 2354 2060 2408 caelitum

493 2455 724 2496 numero
764 2442 1037 2496 recenseri
1069 2443 1339 2510 permitte.
1374 2443 1418 2499 Ο
1477 2445 1720 2500 membra
1751 2446 2062 2515 particulae-

492 2547 599 2601 que
629 2531 940 2588 hominibus
989 2534 1242 2604 propriae,
1290 2535 1481 2605 quidni
1543 2536 1832 2603 iusurgitis
1869 2544 2061 2592 contra

493 2623 783 2692 pulchrum
819 2634 1009 2694 caput,
1037 2638 1281 2680 vestrum
1311 2626 1476 2681 veluti
1536 2626 1733 2681 coelum
1767 2625 1928 2682 ?Cur
1964 2644 2063 2681 v0-

493 2716 578 2773 bis
623 2716 907 2773 tolerabile
937 2716 1178 2781 videtur,
1213 2726 1274 2773 ut
1293 2718 1663 2773 membrorum
1697 2721 1944 2789 compagi
1974 2734 2060 2774 su-

492 2809 881 2879 perimpositus
910 2810 985 2865 sit
1016 2809 1271 2881 globulus
1329 2809 1723 2876 foraminosus,
1773 2812 2063 2866 maximam

491 2910 698 2968 partem
725 2915 789 2956 ex
812 2902 1031 2957 ossibus
1047 2903 1388 2972 compositus
1407 2912 1460 2957 et
1481 2916 1648 2957 carne
1672 2901 2067 2971 propemodum

495 2992 833 3048 destitutus?
857 2992 968 3047 Cur
1011 2998 1264 3048 vestrum
1310 2992 1742 3063 unumquodque
1773 2993 2070 3048 laboratae

496 3086 752 3152 luctatur,
804 3087 1104 3154 praesertim
1162 3099 1292 3140 vero
1342 3093 1553 3153 peetus,
1602 3085 1731 3140 dum
1796 3094 1962 3154 caput
2015 3085 2067 3138 in

500 3178 609 3231 alto
650 3177 891 3247 positum
934 3177 1114 3232 omnis
1145 3177 1351 3232 laboris
1393 3191 1587 3245 expers
1641 3176 1866 3241 eminet,
1902 3184 1958 3230 et
1986 3186 2063 3245 ty-

496 3271 652 3324 ranni
672 3270 846 3325 instar
863 3269 1219 3338 supereiliose
1251 3268 1556 3323 luxuriatur
1583 3278 1639 3323 et
1659 3278 1855 3324 caetera
1894 3282 2063 3322 mem-

499 3364 594 3418 bra
629 3361 801 3415 veluti
832 3360 1059 3415 humilia
1107 3359 1389 3429 despicit?
1430 3357 1475 3415 Ο
1504 3374 1598 3415 vos
1635 3360 1725 3429 qui
1754 3359 1913 3414 nobis
1964 3362 2061 3413 do-

498 3460 678 3523 gmata
702 3459 850 3508 recta
874 3461 1253 3521 praeceptaque
1275 3450 1459 3506 divina
1483 3450 1809 3516 tradidistis,
1833 3451 2065 3517 apostoli

498 3553 552 3599 et
598 3542 778 3598 caeteri
837 3542 989 3599 verbi
1057 3541 1297 3598 caelestis
1345 3557 1648 3614 praecones,
1710 3556 1810 3598 cur
1848 3540 2064 3596 tandem

503 3634 745 3692 animum
805 3635 871 3692 ad
944 3648 1040 3689 vos
1091 3634 1375 3690 advertere
1397 3634 1625 3706 iubetis,
1694 3648 1797 3690 nec
1856 3634 2068 3702 legibus

404 3792 413 3800 ο
500 3726 697 3783 νοειτίε
727 3741 793 3783 ae
819 3724 1088 3782 doctrinis
1121 3724 1398 3781 adversari
1452 3724 1678 3781 sinitis?
1704 3722 1896 3779 Nonne
1944 3723 2066 3780 uni-

501 3818 649 3874 versi
684 3831 786 3873 nos
819 3815 1282 3888 quemadmodum
1336 3830 1433 3871 vos
1480 3829 1698 3885 quoque
1756 3813 2009 3870 homines
2039 3829 2071 3869 ο

502 3911 619 3965 luto
650 3908 870 3965 conficti
922 3907 1157 3964 sumus?

572 4003 663 4058 87.
723 4003 846 4057 Haec
902 4002 1111 4064 omnia,
1165 4016 1288 4071 quae
1319 3999 1520 4055 talibus
1584 4000 1746 4055 dictis
1806 3998 2074 4068 factisque

502 4094 1060 4163 comprehenduntur,
1130 4106 1369 4162 quonam
1420 4091 1667 4159 tendant,
1715 4090 1928 4145 nonnisi
1980 4090 2075 4159 qui

502 4201 689 4243 crasso
721 4185 940 4252 ingenio
991 4183 1205 4238 laborat
1254 4191 1309 4236 et
1341 4198 1426 4236 res
1480 4182 1719 4250 penitius
1765 4183 2076 4252 perspicere

505 4277 716 4346 nequit,
747 4274 907 4329 facile
956 4272 1306 4343 ignoraverit.
1344 4272 1583 4341 Apparet
1625 4272 1797 4335 enim,
1830 4289 1955 4327 eum
1980 4274 2074 4344 qui

509 4385 617 4424 non
651 4369 849 4423 intimo
902 4366 1068 4421 corde
1128 4364 1506 4435 apostolorum
1560 4362 1895 4434 Patrmnque
1944 4365 2075 4420 doc-

2171 1915 2200 1967 p
2224 1914 2300 1950 ‘tt.

2240 1985 2363 2053 τῖς-⁷.
2386 1984 2459 2041 Ὠ
2488 1990 2674 2058 τέχναι
2716 1991 2810 2041 καὶ
2844 1990 3170 2057 ἐπιστῆμαι,
3220 1989 3273 2041 τί
3306 1988 3379 2056 μὴ
3407 1988 3495 2042 διὰ
3536 1987 3726 2058 φθόνου

2169 2081 2264 2135 καὶ
2301 2083 2460 2151 ὑμεῖς
2484 2082 2745 2150 ἀλλήλαις
2775 2082 3021 2152 ἔρχεσθε,
3064 2077 3144 2143 οἷς
3177 2080 3513 2150 θεωρεῦνται
3536 2080 3729 2147 ὑπερο·

2170 2175 2282 2239 χαὶ,
2317 2176 2412 2227 καὶ
2440 2175 2498 2227 ὲν
2532 2176 2661 2244 ύμῖν
2684 2176 2745 2227 τὸ
2799 2174 3091 2240 ἐπίφθονον
3128 2175 3184 2225 ὲν
3222 2177 3331 2236 τοῖς
3366 2175 3491 2225 καθ’
3542 2175 3727 2241 ﬂgiti};

2169 2260 2240 2317 Ὦ
2265 2266 2513 2333 πεμπτδν
2567 2265 2709 2334 μέγα
2737 2265 2917 2332 σῶμα.
2949 2263 3011 2314 τὸ
3067 2265 3211 2316 κατὰ
3272 2264 3512 2316 παλαιὰν
3559 2262 3727 2326 δόξαν,

2173 2355 2550 2423 ύποκατάθηοι
2578 2355 2757 2424 χρόνῳ
2790 2353 2943 2415 ποτὲ,
3006 2356 3100 2406 καί
3156 2355 3557 2424 παραχώρησον
3581 2353 3733 2423 0:391-

2174 2446 2417 2514 νωθῆναι
2446 2446 2516 2499 τὰ
2560 2446 2666 2498 ὑπὸ
2698 2447 2778 2499 σέ.
2833 2440 2903 2498 Ὦ
2941 2446 3081 2515 μέλη
3135 2446 3227 2499 καὶ
3262 2447 3405 2514 μέρη
3437 2445 3507 2498 τὰ
3544 2446 3605 2497 ἐν
3651 2447 3735 2498 ἀν-

2173 2536 2433 2606 θρώποις,
2469 2539 2522 2590 τί
2557 2537 2631 2607 μὴ
2666 2537 3129 2604 κατεξανίστασθε
3157 2536 3257 2605 τῆς
3277 2535 3451 2606 καλῆς
3475 2537 3731 2604 κεφαλῆς,

2171 2625 2269 2680 τοῦ
2305 2628 2366 2680 ὲν
2396 2628 2527 2697 ἡμίν
2555 2627 2812 2696 ούρανοῦ,
2842 2627 2978 2680 ἀλλά
3000 2626 3229 2682 ἀνεκτὸν
3263 2628 3391 2696 ύμῖν
3419 2628 3595 2693 δοκεῖ,
3623 2629 3735 2682 ὁλο-

2178 2719 2399 2787 μελείας
2420 2718 2676 2788 τοιαύτης
2702 2718 3065 2784 ὑπερκεῖσθαι
3099 2719 3350 2789 σφαιρίον
3382 2719 3733 2792 πολύτρητον,

2173 2805 2233 2864 οὗ
2262 2811 2324 2865 τὺ
2351 2812 2533 2863 πλεῖον
2565 2810 2801 2872 ὀστῶδες
2824 2810 2919 2863 καὶ
2947 2811 3068 2863 οὐδὲ
3122 2809 3387 2863 πλουτοῦν
3411 2814 3618 2882 σαρκὸς
3648 2829 3737 2862 πε-

2179 2899 2573 2969 ριουσιασμόν;
2609 2900 2704 2951 Δια
2732 2899 2787 2950 τί
2820 2898 2875 2951 δὲ
2927 2899 3080 2969 ὑμῶν
3120 2899 3221 2968 μὲν
3275 2899 3514 2952 ἕκαστον
3550 2898 3735 2968 μοχθεϊ

2175 2993 2268 3045 καὶ
2294 2992 2495 3061 μᾶλλον
2528 2991 2597 3041 τὰ
2633 2992 2771 3059 μετᾶ
2798 2990 2889 3042 τὸν
2923 2990 3169 3060 Θώρακα,
3210 2991 3269 3043 τὸ
3289 2990 3344 3043 δὲ
3370 2990 3475 3060 τῆς
3502 2989 3737 3058 κεφαλῆς

2177 3085 2389 3154 ἕξαρμα
2420 3085 2621 3154 μόχθου
2647 3083 2846 3146 παντὸς
2874 3084 3170 3153 ἀπείρατον
3211 3083 3621 3154 ὑπερκάθηται,
3650 3083 3739 3134 καὶ

2181 3179 2256 3242 ώς
2281 3175 2370 3231 οἷά
2398 3194 2481 3240 τις
2509 3177 2774 3245 τύραννος
2800 3176 3111 3242 ὲεαπόπτου
3138 3176 3344 3246 τρυφᾷ,
3393 3176 3494 3229 καὶ
3522 3176 3623 3229 ὅσα
3651 3176 3738 3229 καὶ

2170 3269 2394 3337 πεδινῆς
2419 3268 2522 3335 τῆς
2572 3266 2769 3335 λοιπῆς
2799 3266 3051 3337 διαρτίας
3097 3266 3277 3319 ἐθέλει
3343 3268 3737 3336 κατατρυφᾷν;

2166 3356 2236 3412 Ὦ
2264 3360 2560 3429 παραδόται
2584 3359 2693 3412 τῶν
2730 3360 2789 3413 ὲν
2811 3359 2941 3429 ἡμῖν
2985 3360 3079 3413 καὶ
3099 3360 3387 3428 δογμᾶτων
3429 3358 3608 3427 ὀρθῶν
3650 3357 3740 3410 καὶ

2168 3451 2508 3521 πραγμάτων
2569 3451 2748 3515 θείων,
2805 3449 3096 3504 ἀπόστολοι
3151 3452 3245 3503 καὶ
3275 3450 3459 3503 λοιποὶ
3485 3448 3740 3518 θεοκήρυ-

2170 3558 2286 3607 κες,
2317 3541 2370 3593 τί
2394 3541 2593 3609 δήποτε
2613 3539 2865 3594 κελεύετε
2894 3542 3043 3612 ἡμᾶς
3083 3541 3229 3611 ἔχειν
3284 3541 3415 3604 τοὺς
3444 3539 3734 3609 λογισμοὺς

2171 3632 2307 3702 πρὸς
2349 3632 2501 3701 ὑμῖν.
2558 3634 2655 3686 καὶ
2704 3630 2779 3700 μὴ
2813 3631 3000 3701 ἀφίετε
3024 3631 3459 3700 ἀντινομιθετείν
3479 3634 3574 3685 καὶ
3599 3633 3741 3684 ἀντι-

2172 3724 2579 3793 γνωματεύειν;
2613 3718 2691 3776 Ἦ
2737 3723 2843 3792 γὰρ
2881 3724 3002 3793 οὐχὶ
3028 3723 3122 3777 καὶ
3146 3724 3302 3793 ἡμεῖς
3333 3723 3537 3787 πάντες
3555 3724 3742 3792 ἐπίσης

2172 3816 2300 3884 ὑμῖν
2350 3814 2445 3867 καὶ
2491 3815 2693 3884 ὁμοίως
2724 3816 2831 3869 ἀπὸ
2884 3816 2985 3884 γῆς
3024 3815 3301 3884 ἄνθρωποι
3343 3816 3741 3886 πεπλάσμεθα;

2250 3992 2358 4058 σις’.
2416 3993 2600 4046 Ταῦτα
2630 3993 2685 4047 δὲ
2714 3992 2913 4057 πάντα,
2944 3993 3038 4047 καὶ
3077 3994 3194 4046 ὅσοι
3228 3992 3463 4048 τοιοῦτοι
3482 3994 3628 4062 λόγοι
3650 3993 3743 4044 καὶ

2176 4088 2360 4156 ἠθικοὶ
2391 4085 2606 4154 τρόποι,
2648 4085 2751 4138 ποῦ
2800 4085 2933 4138 ποτὲ
2985 4086 3390 4153 ἀνατείνονται,
3439 4087 3619 4155 παχὺς
3674 4084 3744 4138 ἂν

2177 4180 2263 4249 εἴη
2320 4179 2415 4231 καί
2453 4178 2528 4247 μὴ
2590 4176 2811 4248 βάπτων
2844 4181 2927 4238 είς
2977 4177 3104 4230 νοῦν
3164 4176 3332 4246 βαθὺν
3398 4179 3495 4231 καὶ
3535 4177 3744 4246 όρθὺνδ

2181 4270 2414 4338 ἀγνοῶν.
2450 4269 2624 4338 Δῆλον
2652 4269 2781 4339 γὰρ,
2809 4268 2884 4331 ὡς
2913 4268 2942 4321 ό
2990 4269 3066 4340 μὴ
3111 4269 3436 4333 ὲνδιαθέτως
3492 4284 3751 4340 προσποι-

2182 4360 2434 4431 ούμενος,
2470 4360 2568 4413 καὶ
2609 4357 2752 4412 οὕτω
2784 4359 3026 4429 φιληδῶν
3081 4360 3196 4423 τοῖς
3227 4359 3614 4423 ἁποστολικοίς
3651 4359 3749 4413 καὶ
3847 4416 3849 4427 4

508 4463 666 4516 trina:
696 4459 965 4519 addictus,
991 4457 1082 4512 sed
1109 4456 1176 4509 ab
1199 4469 1261 4511 ea
1292 4455 1501 4510 alienus
1532 4462 1634 4521 est,
1668 4455 1814 4510 baud
1846 4456 2067 4511 multum

2183 4451 2527 4520 πατερικοίς,
2574 4448 2697 4505 ἀλλ’
2755 4450 3363 4521 ἀποπροσποιούμενος,
3418 4452 3587 4520 ἔγγὺς
3621 4450 3749 4520 ἥκει

503 4554 701 4610 abesse
731 4565 760 4605 a
795 4546 1209 4606 contemnendis
1248 4546 1417 4603 rebus
1463 4546 1684 4623 divinis,
1738 4561 1863 4602 cum
1894 4557 2075 4604 tamen

504 4647 649 4702 inter
686 4656 879 4699 omnes
905 4647 1142 4707 constet,
1179 4652 1207 4694 a
1234 4637 1345 4693 Deo
1396 4637 1537 4694 sicut
1561 4653 1726 4696 omne.
1756 4639 1963 4695 bonum
2006 4639 2079 4695 ita

503 4738 668 4794 etiam
696 4733 1046 4792 sanctissima
1079 4729 1371 4802 Evangelia
1419 4730 1620 4786 tradita
1665 4745 1808 4800 esse,
1858 4739 1913 4788 et
1944 4731 2079 4788 doc-

505 4828 707 4884 trinam
734 4824 1106 4896 spostolorum
1135 4832 1569 4895 eaeterorumque
1598 4822 1909 4880 divinorum
1940 4838 2081 4894 prte-

508 4930 709 4971 conum
742 4923 798 4969 et
840 4916 1195 4984 interpretum
1225 4915 1294 4971 ad
1321 4929 1423 4971 nos
1451 4914 1756 4985 pervenire.
1793 4913 2084 4985 Quaprop-

511 5014 597 5062 ter
628 5004 818 5071 etiam,
855 5005 950 5072 qui
981 5004 1089 5059 illis
1114 5004 1357 5061 adhaeret
1385 5015 1550 5076 atque
1583 5019 1679 5076 per
1703 5020 1799 5062 eos
1823 5006 1879 5060 in
1911 5005 2081 5061 altum

513 5092 761 5150 ascendit
807 5092 1054 5162 aliosque
1103 5107 1289 5147 secum
1343 5094 1575 5159 extollit,
1617 5092 1712 5150 Dei
1760 5104 1847 5150 est
1895 5095 2081 5158 homo,

516 5185 821 5255 morigeros
865 5184 968 5240 sibi
1005 5183 1237 5241 reddens
1265 5187 1496 5254 similes,
1518 5196 1571 5242 et
1596 5189 1669 5242 ita
1701 5187 1868 5243 Deum
1903 5187 2082 5256 ipsum

514 5276 724 5338 colens,
768 5274 834 5330 ad
862 5289 1023 5344 quem
1051 5276 1233 5330 omnia
1267 5275 1335 5331 ab
1367 5276 1680 5333 hominibus
1732 5278 1873 5333 bene
1928 5287 2081 5347 gesta

516 5366 702 5423 redeu:
793 5367 1053 5437 quoniam
1094 5376 1148 5423 et
1167 5370 1341 5437 gratia
1388 5368 1593 5423 bonum
1639 5368 1877 5426 faciendi
1933 5369 2083 5425 illinc

518 5462 702 5515 desce.
724 5457 823 5513 dit.
859 5456 961 5524 Qui
994 5469 1171 5513 autem
1206 5459 1530 5525 reluctatur,
1569 5466 1624 5513 et
1657 5460 1886 5516 auribus
1923 5460 2086 5515 obtu-

521 5551 657 5607 ratis
714 5566 880 5606 omne
933 5550 1172 5606 studium
1229 5550 1282 5604 in
1321 5565 1387 5605 eo
1446 5550 1697 5613 collocat,
1760 5561 1819 5605 ut
1868 5550 2089 5606 resistat

523 5653 684 5712 atque
727 5642 1070 5709 refraetetur,
1108 5641 1158 5697 is
1192 5640 1511 5713 magistrum
1542 5655 1570 5693 a
1600 5654 1710 5709 quo
1734 5640 1801 5695 ad
1828 5643 2085 5697 virtutem

524 5735 856 5801 sequendam
894 5738 1177 5802 incitatur,
1217 5742 1443 5789 coronat
1509 5732 1756 5802 quidem,
1809 5736 1923 5802 ipse
1961 5749 2087 5788 vero

2181 4542 2535 4612 περιφρονεῖν
2561 4540 2660 4595 καὶ
2694 4542 2763 4595 τὰ
2796 4541 2855 4609 ἐξ
2887 4540 3054 4601 αὐτοῦ
3082 4540 3242 4606 Θεοῦ,
3271 4542 3334 4608 ἐξ
3377 4536 3440 4597 οὗ
3466 4542 3752 4614 epam-

2180 4648 2294 4697 ται,
2319 4630 2509 4701 ὥσπερ
2543 4632 2651 4685 πᾶν
2704 4631 2934 4698 ἀγαθὸν.
2966 4630 3110 4685 οὕτω
3139 4631 3234 4685 καὶ
3271 4636 3339 4686 τὰ
3385 4633 3496 4687 τῶν
3517 4633 3752 4702 ἁγιωτά-

2182 4740 2290 4776 των
2315 4721 2655 4791 εὐαγγελίων
2683 4721 3110 4792 παραδεδόσθαι,
3138 4724 3234 4777 καὶ
3256 4723 3327 4777 τά
3352 4724 3465 4778 τῶν
3499 4725 3662 4778 θείων
3692 4724 3751 4777 δὲ

2181 4812 2501 4868 ἀποστόλων
2530 4812 2625 4868 καὶ
2648 4813 2854 4867 λοιπῶν
2904 4813 3259 4885 θεοκηρύκων
3290 4816 3387 4868 καὶ
3428 4816 3755 4887 διερμηνευ-

2181 4904 2291 4959 τῶν
2321 4904 2583 4975 καθήκειν
2613 4905 2693 4969 είς
2714 4905 2884 4973 ἡμᾶς.
2915 4903 3010 4958 Διδ
3042 4906 3134 4959 καὶ
3173 4907 3202 4958 ό
3241 4905 3345 4976 μὲν
3399 4907 3562 4972 αὐτὸς
3588 4908 3757 4960 οἰκει-

2184 4997 2438 5067 ούμενος,
2484 4996 2581 5050 καὶ
2632 4996 2702 5049 δι’
2735 4996 2916 5050 αὐτῶν
2960 4999 3041 5060 είς
3082 4997 3199 5067 ῥίον
3246 4999 3630 5069 εὐθυνόμενος,
3662 4996 3761 5050 καὶ

2186 5089 2406 5157 ἐτέρους
2436 5086 2495 5142 δὲ
2550 5086 2898 5150 ἀπευθύνων,
2933 5088 3030 5140 τοῦ
3081 5088 3217 5141 Θεοῦ
3271 5091 3420 5143 ἐστὶν
3448 5091 3757 5162 ἄνθρωπος,

2184 5181 2407 5250 ὁμοίους
2438 5178 2589 5248 αύτῷ
2647 5180 2817 5232 ποιῶν
2861 5178 2987 5242 τοὺς
3037 5180 3440 5247 ὑπακούοντας,
3495 5185 3587 5237 καὶ
3616 5182 3765 5234 οὕτω

2189 5271 2512 5344 θεραπεύων
2541 5272 2633 5325 τὸν
2691 5268 2822 5323 Θεὸν
2856 5272 3044 5336 αὐτὸν,
3076 5275 3157 5335 εἰς
3219 5274 3279 5327 ὃν
3304 5275 3590 5329 ἀναϐαίνει
3623 5277 3763 5341 ἀγα-

2189 5366 2419 5438 θουργία
2447 5368 2596 5419 πᾶσα
2627 5367 2662 5436 ἠ
2697 5365 2756 5417 ὲν
2781 5364 3113 5434 ἀνθρώποις,
3157 5368 3352 5421 καθότι
3385 5369 3479 5422 καὶ
3515 5370 3548 5436 ἡ
3601 5370 3763 5437 χαριεῖ

2188 5459 2281 5512 τοῦ
2308 5461 2571 5528 πράττειν
2602 5457 2664 5510 τὸ
2689 5457 2893 5526 ἀγαθὸν
2918 5459 3126 5512 ἐκεῖθεν
3169 5461 3576 5531 καταϐέϐηκεν.
3622 5459 3681 5512 '0
3702 5458 3762 5508 δὲ

2188 5567 2250 5616 γε
2274 5549 2688 5614 ἁποδυσπετῶν,
2720 5551 2816 5603 καὶ.
2846 5549 2943 5612 τὰς
2968 5550 3067 5619 μὲν
3088 5551 3257 5614 ἀκοάς
3279 5552 3612 5616 ἀποκλείων,
3639 5550 3765 5608 τοὺς

2189 5641 2246 5693 δὲ
2278 5639 2446 5702 πόδας
2481 5640 2574 5692 καὶ
2605 5639 2705 5703 τὰς
2731 5642 2922 5711 χεῖρας
2953 5640 3248 5703 εὐθετίζων
3298 5642 3378 5705 είς
3424 5644 3486 5694 τὸ
3516 5640 3773 5696 ἀντιϐαί-

2191 5749 2306 5785 νειν
2328 5735 2423 5784 καί
2445 5731 2857 5806 ἀντιπράττειν,
2889 5731 2981 5786 τὸν
3018 5731 3119 5803 μὲν
3160 5732 3486 5789 διδάσκοντα
3531 5737 3632 5788 καὶ
3662 5752 3761 5801 κη-
