3916 6244
201 249 296 313 357

807 249 906 308 DE
939 247 1416 310 OBEDIENTIA
1454 245 1979 309 MAGISTRATUI
2015 247 2489 310 CIIRISTIANO
2530 248 2821 313 DEBITA.

3345 247 3452 311 358

201 345 458 414 ρύττοντα
485 352 547 394 το
583 339 749 394 καλὸν
778 341 874 393 καὶ
908 342 989 403 είς
1022 341 1152 393 αὐτὸ
1181 337 1623 409 προκαλούμενον
1649 355 1771 390 στε-

1883 338 1998 408 quia
2035 355 2061 391 a
2090 338 2248 394 Patre
2279 340 2484 396 caelesti
2547 340 2827 404 desciscit,
2885 337 3028 391 inter
3091 336 3233 392 ﬂlios
3262 342 3448 406 pcrdi-

198 437 388 506 φανοῖ·
416 433 583 496 αὐτὸς
612 432 670 485 δὲ
721 431 816 485 τοῦ
868 431 1126 502 οὐρανίου
1180 431 1384 501 πατρὸς
1431 429 1676 492 ἀποστὰς
1707 431 1772 500 τῇ

197 527 443 598 ἀπωλείᾳ
464 524 672 579 τίθεται
712 525 793 586 είς
826 524 966 578 υίόν.

258 617 379 687 ,πη⁹.
411 619 544 683 Καὶ,
589 615 773 684 κύριε,
825 614 1036 683 βοήθει,
1087 615 1320 685 μήποτε.
1383 612 1474 667 ὅτε
1531 613 1772 684 μετέρχῃ

196 713 284 763 τὸν
313 711 374 762 εν
409 709 662 777 πολιτείᾳ
690 705 936 760 τοιοῦτον
969 705 1278 774 ἄνθρωπον,
1319 705 1776 758 συναπολεσθεῖεν

197 804 290 856 καὶ
319 802 522 872 ἕτεροι,
547 801 704 857 οὐδὲν
734 802 868 860 ἴσως
897 800 1082 853 stator
1109 799 1246 853 ἀλλὰ
1272 799 1430 852 τοῦτο
1457 801 1557 867 μὲν
1579 800 1679 852 οὐκ
1709 800 1776 854 ἄν

199 910 328 946 ποτε
381 895 624 962 ποιήσῃς
657 893 686 945 ὁ
743 890 971 958 ἀγαθὸς,
1028 890 1088 944 οὗ
1139 890 1240 958 τῆς
1287 891 1639 960 δικαιοσύνης
1679 894 1776 965 καὶ

199 987 310 1054 ἅμα
333 983 708 1052 ὲλεημοσύνης
747 984 849 1036 οὐκ
883 983 1030 1035 ἔστιν
1075 981 1476 1052 άπαρίθμησις,
1518 984 1602 1036 ὅτι
1640 987 1774 1053 μηδὲ

203 1078 475 1143 μάρπτειν
505 1073 689 1138 ἑξείης
742 1072 972 1137 ἐθέλεις,
1025 1071 1084 1134 ὃς
1123 1088 1181 1124 τε
1235 1073 1429 1135 αἴτιος,
1494 1075 1550 1136 ὃς
1587 1092 1646 1127 τε
1683 1078 1777 1130 καὶ

200 1165 255 1219 οὐ
262 1168 338 1236 χὶ,
362 1165 508 1217 κατὰ
535 1163 624 1216 τὸν
661 1161 806 1216 οὕτω
837 1162 1101 1230 φάμενονο
1140 1162 1278 1216 ἀλλὰ
1308 1165 1487 1217 πάντα
1518 1166 1614 1229 μὲν
1639 1168 1776 1232 ἀγα-

199 1259 288 1309 θὺν
313 1258 606 1324 ἄνθρωπον
658 1254 969 1324 φυλάττων,
1003 1255 1133 1317 τοὺς
1163 1255 1222 1307 δὲ
1262 1255 1337 1324 μὴ
1376 1256 1650 1319 τοιούτους
1691 1277 1777 1320 φο.

198 1343 538 1413 λανθρὼπως
573 1344 668 1397 καὶ
697 1344 958 1405 ἐπιεικῶς
992 1345 1508 1414 διοικονομούμενος
1550 1351 1640 1400 καὶ
1679 1368 1776 1419 xq-

197 1438 421 1506 δόμενος
465 1440 560 1491 καὶ
615 1439 963 1508 ἀνεχόμενος,
1034 1441 1441 1508 κατακεράσεις
1497 1443 1775 1513 διακρίσει

198 1527 292 1594 τὴν
327 1528 534 1597 κρίσιν,
565 1528 659 1581 καὶ
707 1527 1181 1598 καταμελιτὼσεις
1229 1529 1373 1582 οὕτω
1415 1533 1514 1598 τὴν
1548 1534 1774 1597 πικρῖαν

197 1618 294 1685 τῆς
320 1621 647 1690 καταδίκης,
700 1620 728 1673 ὃ
778 1620 840 1691 δὴ
872 1621 1104 1673 πάντοτε
1155 1622 1349 1684 ποιεῖς,
1392 1624 1628 1692 μερίζων
1656 1629 1771 1689 τοῖς

1880 428 2044 484 tionis
2072 428 2388 486 collocatur.

1947 606 2038 664 88.
2091 607 2220 674 Fac,
2279 608 2528 682 Domine,
2581 625 2660 670 ne,
2700 610 2921 680 quando
2968 609 3129 664 talem
3176 609 3448 665 hominem

1880 705 2137 772 castigas,
2181 701 2272 756 alii
2318 703 2480 758 simul
2537 714 2784 772 pereant,
2825 705 2919 772 qui
2965 702 3202 759 fortasse
3257 705 3452 758 inson-

1880 801 1959 848 tes
2015 804 2194 850 sunt:
2256 807 2312 867 at
2359 811 2490 851 vero
2538 807 2592 850 tu
2648 812 2926 866 nunquam
2981 797 3085 852 hoc
3140 796 3305 852 facies
3358 799 3451 867 qui

1879 883 2056 937 bonus
2100 900 2178 946 cs,
2207 885 2366 954 cujus
2403 884 2612 955 justitia
2648 893 2811 952 atque
2840 883 3216 938 misericordia
3265 883 3449 938 inlini-

1876 987 1926 1030 ta
1956 987 2057 1038 cst,
2099 995 2268 1048 quare
2311 994 2416 1032 non
2455 980 2644 1032 eodem
2687 979 2848 1032 modo
2897 988 3108 1032 sontem
3178 981 3454 1046 percutics

1877 1077 1930 1123 et
1973 1067 2267 1130 insontem,
2293 1071 2338 1126 si
2382 1071 2506 1140 quis
2547 1072 2738 1124 insons
2780 1071 2890 1124 dici
2952 1078 3152 1138 potest,
3202 1071 3295 1124 sed
3327 1086 3447 1122 om-

1879 1177 1999 1213 ncm
2052 1163 2323 1217 hominem
2381 1165 2581 1217 bonum
2626 1164 2908 1228 servabis,
2953 1167 3043 1231 qui
3072 1178 3197 1216 vero
3230 1163 3450 1216 malitim

1879 1261 2006 1306 sunt
2041 1254 2262 1318 addicti,
2313 1255 2547 1310 humane
2572 1264 2966 1324 mansucthue
3023 1257 3305 1318 tractabis,
3354 1273 3452 1310 cu-

1877 1348 2046 1411 rabis,
2100 1348 2376 1411 tolerabis,
2442 1349 2496 1401 in
2557 1349 2766 1416 judicio
2805 1349 3054 1402 faciendo
3101 1349 3447 1418 dijudicabis,

1877 1446 2039 1504 atque
2084 1436 2154 1488 ita
2204 1438 2574 1494 damnationis
2619 1441 3038 1494 amaritudinem
3099 1440 3450 1509 temperabis,

1877 1528 2020 1597 quod
2087 1545 2304 1594 semper
2359 1531 2514 1594 fucis,
2565 1531 2651 1586 his
2710 1534 2932 1602 quidem
2994 1532 3281 1595 beneﬁcia,
3340 1533 3450 1586 illis

1880 1621 2307 1673 miscricordiam
2344 1623 2662 1676 condonans
2716 1634 2882 1691 atque
2920 1623 3356 1678 benevolentiam
3389 1629 3446 1675 et

203 1709 296 1775 μὲν
324 1709 678 1779 εὐεργεσίας,
712 1712 825 1773 τοῖς
873 1711 930 1763 δὲ
990 1710 1418 1782 εὐσπλαγχνίας,
1450 1715 1545 1766 καὶ
1594 1715 1774 1786 ἱλαρὸα

1883 1712 2236 1774 bilaritatem,
2282 1715 2334 1766 iu
2379 1716 2552 1782 poenis
2604 1727 2786 1770 autem
2837 1715 3142 1784 inﬂigendis
3194 1729 3452 1768 mansue-

198 1818 386 1868 τητας,
417 1803 518 1854 καὶ
557 1802 901 1871 συμμετρίας
942 1800 1348 1866 ὲπεξελεύσεων
1378 1807 1772 1874 πραγματευό-

203 1908 385 1961 μενος,
417 1893 512 1944 καὶ
543 1892 800 1945 οὐδέποτε
838 1891 1008 1945 θέλων
1047 1894 1339 1962 ἀνθρώπου
1375 1899 1642 1963 κάκωσιν,
1679 1901 1774 1968 μό-

200 2000 288 2035 νον
325 1984 382 2036 δὲ
411 1984 591 2052 μισῶν
636 1985 697 2038 to
729 1984 872 2037 κατὰ
899 1983 1153 2052 δαίμονα,
1189 1987 1280 2039 τὸν
1314 1989 1626 2060 ἀρχέκακον
1651 1991 1775 2045 ἁνε-

199 2075 329 2126 πίστ
337 2092 505 2141 ροφον
515 2116 527 2130 .

271 2165 383 2219 πο’.
419 2166 848 2236 Κεφαλαιωτέον
875 2187 965 2238 μοι
1001 2170 1092 2223 τὸν
1117 2171 1295 2239 λόγον,
1328 2169 1372 2224 ὦ
1407 2172 1652 2240 ἀδελφοὶ,
1680 2173 1773 2224 καὶ

202 2259 534 2312 ωσταλτὲον
565 2259 861 2328 εὐροοῦντα
897 2263 978 2324 είς
1001 2263 1172 2315 πλείω
1213 2263 1518 2333 διατριϐὴν,
1557 2267 1650 2316 καὶ
1679 2263 1774 2333 δη-

197 2350 404 2402 λωτέον
437 2351 497 2401 οὐ
531 2349 669 2419 πρὸς
700 2352 1054 2421 ἀναφώνησιν
1084 2353 1263 2423 ψιλὴν,
1291 2354 1405 2407 ἀλλ’
1440 2356 1610 2425 αὐτὴν
1641 2356 1774 2424 ἀλή-

200 2443 373 2506 θειαν,
405 2442 500 2503 ὡς,
533 2445 580 2494 εἰ
611 2443 684 2510 μὴ
721 2445 812 2495 καὶ
846 2443 942 2496 τοῦ
972 2445 1140 2498 πάλαι
1171 2447 1302 2499 ποτὲ
1343 2448 1608 2501 ἀνέκαθεν
1637 2450 1772 2500 ἀπο-

200 2533 365 2587 λύτου
400 2534 542 2587 κατὰ
580 2537 768 2588 ἄνεσιν
818 2537 934 2605 βίου
988 2538 1368 2608 ἀπανθίσομεν
1412 2540 1481 2591 τὰ
1513 2541 1774 2595 κάλλιστα

197 2625 294 2676 ἐπὶ
327 2626 587 2679 συστάσει
624 2627 740 2696 βίου
763 2627 857 2680 τοῦ
895 2631 1014 2681 καθ’
1059 2631 1229 2700 ἡμᾶς,
1267 2633 1361 2683 καὶ
1396 2633 1488 2685 τοῦ
1521 2633 1773 2702 δευτέρου

197 2717 292 2770 τοῦ
324 2719 470 2772 κατὰ
511 2719 610 2790 τὴν
665 2721 828 2789 ἁγίαν
883 2722 1118 2776 παλαιὰν
1164 2724 1546 2792 ἐπιλεξόμεθα,
1580 2726 1684 2778 ὅσα
1714 2744 1774 2779 τε

198 2809 381 2879 ὃμοια,
425 2812 522 2864 καὶ
551 2813 727 2866 ὁπόσα
765 2817 900 2883 πρὸς
948 2815 1172 2885 ἰσότητα
1197 2818 1504 2886 συντρέχει,
1539 2819 1777 2886 μάλιστα

196 2902 256 2956 δὲ
289 2903 388 2956 τοῦ
423 2903 732 2969 ἁγιωτάτου
766 2908 952 2975 τρίτου
1001 2907 1102 2975 τὴν
1144 2907 1239 2960 καὶ
1285 2907 1632 2977 τελειοτάτην
1681 2910 1774 2962 καὶ

197 2994 523 3063 τελεστικὴν
547 2995 949 3064 είσοικισὸμεθα
974 2998 1154 3067 χάριν,
1179 2998 1239 3051 οὐ
1270 2996 1676 3068 συλλεξάμενοι,
1701 3000 1776 3061 ὡς

1879 1812 1990 1857 tum
2025 1811 2077 1857 te
2120 1807 2367 1873 prmbens
2412 1822 2586 1876 neque
2626 1823 2869 1878 unquam
2919 1808 3158 1863 hominis
3190 1807 3450 1876 perditio-

1877 1914 1997 1952 nem
2044 1901 2295 1969 cupiens,
2338 1903 2430 1956 sed
2463 1903 2809 1958 solummodo
2868 1903 3169 1958 danuonem
3206 1902 3449 1972 pravita-

1887 1991 1956 2046 tis
2001 2005 2281 2049 auctorcm
2327 1996 2738 2052 tenacissimum
2805 1997 2932 2050 odio
2981 1995 3210 2051 habens.

1949 2172 2038 2227 89.
2064 2171 2181 2226 Jam
2245 2188 2454 2237 vero,o
2523 2176 2742 2241 fratres,
2805 2176 3076 2229 orationis
3132 2189 3330 2228 cursus
3380 2188 3447 2226 ne

1878 2265 2018 2318 ultra
2051 2264 2268 2317 modum
2312 2265 2610 2327 discurrat,
2637 2265 3055 2335 rcstringendus
3079 2273 3162 2318 est
3186 2262 3452 2316 cohibens

1876 2352 2106 2421 dusque.
2139 2351 2294 2418 Quod
2342 2362 2520 2406 autem
2545 2355 2653 2417 jam
2689 2354 2889 2418 dicam,
2936 2369 3040 2407 non
3075 2369 3223 2407 mera
3282 2353 3450 2424 verba

1878 2453 2026 2506 sunt,
2072 2444 2164 2499 scd
2199 2445 2397 2498 veritas
2428 2445 2698 2499 absoluta.
2727 2445 2863 2509 Nisi,
2898 2444 2963 2498 ad
2992 2445 3208 2499 modum
3247 2445 3443 2514 prisca:

1879 2536 2000 2590 vitm
2030 2539 2285 2593 omnibus
2319 2539 2562 2593 numeris
2583 2539 2872 2602 absolutae,
2900 2540 3301 2606 pulcherrimos
3323 2539 3445 2594 edi.

1880 2630 2226 2697 musifructus
2248 2629 2300 2682 in
2321 2631 2420 2683 hac
2437 2631 2752 2699 vita,ncque
2773 2629 3066 2685 secundam
3083 2647 3200 2699 qua:
3219 2631 3270 2683 in
3290 2645 3452 2686 sacro

1877 2723 2048 2776 veteri
2083 2722 2436 2777 Testamento
2483 2721 2818 2777 describitur
2841 2730 2895 2776 et
2920 2738 3041 2790 qua:
3071 2722 3269 2777 similia
3295 2733 3450 2784 sunt,

1879 2811 2185 2880 sequimur,
2219 2827 2396 2880 neque
2453 2811 2818 2866 sanctissimae
2861 2811 3031 2866 tertia:
3076 2812 3304 2881 gratiam
3333 2826 3453 2879 per-

1880 2903 2076 2958 fectam
2100 2911 2152 2958 et
2181 2903 2546 2971 perlicientem
2571 2903 2945 2972 adipiscimur,
2973 2919 3077 2957 non
3111 2903 3449 2973 colligentes,

1879 3005 1936 3049 ut
1977 2996 2030 3049 in
2059 2995 2312 3052 transitu.
2352 2995 2511 3064 stipis
2548 2995 2741 3058 instar,
2775 2996 2867 3050 sed
2899 2996 3452 3063 recipientes,qttem-

197 3086 258 3139 ἐν
282 3086 594 3148 ἐπελεύσει,
625 3087 783 3154 δίκην
806 3089 1026 3157 ἐράνου,
1053 3089 1193 3143 ἀλλὰ
1245 3067 1642 3160 εἰσδεξάμενοι,
1701 3092 1775 3156 ὡς

1889 3087 2211 3140 admodum
2266 3085 2429 3142 Pater
2493 3098 2710 3156 patrum
2739 3096 2792 3141 et
2842 3102 3090 3143 summus
3145 3095 3454 3156 praeceptor

198 3179 227 3228 δ
253 3177 363 3228 τῶν
385 3177 646 3245 πατέρων
674 3177 858 3247 πατὴρ
889 3179 985 3232 καὶ
1012 3181 1519 3251 πρωτοδιδάσκαλος
1555 3200 1772 3250 παραγ-

197 3269 408 3335 γέλλει,
441 3271 584 3336 μετὰ.
636 3269 965 3338 διακρίσεως
1013 3273 1161 3342 αὐτῷ
1191 3289 1248 3324 τε
1309 3273 1626 3344 πρεπούσης
1683 3275 1775 3326 καὶ

197 3359 350 3427 ἡμᾶς
381 3357 726 3428 βελτιούσης,
755 3361 848 3412 καὶ
869 3360 1013 3414 οὕτω
1060 3365 1443 3432 σκευασόμεθα
1487 3365 1773 3428 πάντοθεν,

196 3452 298 3501 καὶ
349 3448 972 3519 συνεπιλαμϐανομένης
1021 3454 1118 3522 τῆς
1179 3455 1489 3522 ἁγιωτάτης
1547 3453 1776 3523 Τριάδος

198 3539 541 3607 ἀποθώμεθα
571 3540 630 3592 ἐν
665 3543 730 3610 τῇ
763 3542 964 3613 καρδίᾳ
994 3544 1063 3594 τὰ
1098 3545 1366 3614 σωτήρια,
1393 3545 1459 3596 τὰ
1491 3544 1592 3611 μὲν
1623 3545 1779 3598 αὐτοὶ

197 3629 511 3696 φιλοπόνως
545 3630 960 3700 ἀναλεγόμενοι,
1002 3633 1070 3685 τὰ
1101 3633 1156 3686 δὲ
1200 3635 1295 3687 καὶ
1327 3636 1778 3704 ὐπαγορευόντων

195 3720 429 3786 ἀγαθῶν
455 3721 794 3776 διδασκάλων
834 3723 1202 3794 ἐκδεχόμενοι,
1232 3724 1485 3794 δακτύλῳ
1519 3725 1654 3778 Θεοῦ
1690 3742 1782 3793 γε-

198 3813 528 3883 γραμμένα,
558 3814 656 3867 καὶ
686 3812 862 3876 οὕτως
902 3816 1138 3886 ἀπονητὶ
1181 3817 1596 3888 παραδεδομένα
1623 3820 1778 3887 ἡμῖν,

193 3904 670 3975 οίχησόμεθα,ώς
701 3906 763 3958 οὐ
819 3905 1070 3972 θέλομεν.
1139 3908 1294 3972 Ἰδοὺ,
1347 3908 1575 3976 εἴπομεν
1628 3910 1782 3978 ὑμῖν,

1875 3178 2053 3247 jubet,
2111 3194 2233 3232 cum
2280 3178 2487 3246 judicio
2549 3179 2654 3246 ipsi
2704 3179 3084 3242 conveniente,
3138 3188 3300 3248 atque
3351 3194 3452 3232 nos

1883 3272 2134 3326 ntcliOres
2165 3272 2446 3334 reddente,
2487 3281 2539 3325 et
2565 3270 2835 3326 Trinitate
2887 3271 3237 3326 sanCtissima
3289 3269 3451 3334 adju-

1883 3373 2042 3418 vaute
2098 3366 2150 3418 in
2209 3365 2371 3418 corde
2404 3365 2722 3432 reponimus
2765 3363 3045 3426 salutaria,
3092 3379 3212 3432 qum.
3250 3366 3446 3432 partim

1883 3455 1984 3523 ipsi
2017 3456 2259 3509 studiose
2289 3456 2687 3524 conquirimus,
2716 3461 2911 3524 partlm
2941 3471 2969 3508 a
2990 3456 3145 3510 bonis
3177 3454 3451 3524 magistris

1882 3549 2200 3613 cdocemur,
2237 3548 2408 3618 digito
2444 3547 2535 3602 Dei
2569 3549 2877 3616 conscripta
2908 3555 2965 3602 et
3009 3547 3081 3602 ita
3118 3548 3236 3602 sine
3265 3550 3452 3602 labore

1885 3641 2042 3694 nobis
2104 3639 2325 3704 tradita,
2373 3639 2700 3694 decedemus
2755 3636 3030 3709 quomodo
3086 3637 3451 3692 uoluerimus.

1886 3731 2044 3792 Ecce,
2069 3730 2305 3784 diximus
2355 3729 2532 3790 vobis,
2566 3738 2619 3784 et
2651 3729 2863 3784 audivit
2893 3729 3197 3782 omniscius
3225 3737 3277 3781 ct
3333 3744 3454 3780 om-

1889 3817 2137 3886 nipolens
2170 3815 2332 3882 Deus,
2384 3821 2472 3873 cui
2528 3817 2700 3886 gloria
2740 3818 2796 3871 in
2837 3817 3034 3872 saecula
3095 3818 3448 3872 saeculorum.

1885 3908 2054 3964 Amen
2066 3949 2078 3963 .

193 4001 495 4065 ἀκούοντος
511 3999 727 4056 καὶτοῦ
761 4003 856 4056 ἐπὶ
885 4003 1106 4056 πάντων
1134 4002 1226 4055 καὶ
1260 4002 1440 4056 πάντα
1465 4003 1663 4065 εἰδότος
1685 4005 1780 4057 καὶ
1816 4004 2115 4076 δυναμένου
2134 4009 2290 4076 Θεοῦ,
2311 4003 2354 4077 ᾧ
2371 4009 2544 4080 ἡδόξα
2562 4011 2642 4072 εἰς
2661 4010 2786 4072 τοὺς
2808 4010 3008 4071 αἰῶνας
3054 4007 3163 4062 τῶν
3215 4007 3458 4063 αἰώνων.

204 4095 269 4146 Ἀ
280 4094 412 4164 μήν.
