3968 6244
427 304 530 367 375

1117 304 1541 367 ΕυΞΤΑἸΗΙΙ
1576 303 1984 369 'l'HBSSALOl

2087 309 2343 374 IENSIS
2383 312 2955 380 METROP‘lLIT/E

3575 313 3684 380 376

492 418 546 476 3.
599 415 739 484 Quid
794 416 925 470 mihi
1004 428 1134 471 vero
1186 416 1603 475 discurrentium
1658 433 1755 489 per
1802 420 1978 492 singul

2087 472 2090 481 .
2189 427 2260 499 γ’.
2292 430 2359 484 Τί
2384 429 2440 483 δέ
2466 444 2560 500 μοι
2604 428 2915 497 ἐπεξελθεῖν
2949 431 3093 487 κατὰ
3138 429 3312 503 μέρος
3359 430 3475 495 τοῖς
3503 430 3684 485 τοιού-

427 508 613 564 talium
647 522 841 578 magna
880 522 946 564 cx
974 517 1126 578 parte
1157 507 1446 576 bonorum,
1485 525 1607 564 cum
1641 510 1782 565 bene
1824 513 2007 567 scien-

425 604 570 658 tibus
597 601 840 657 indicare
861 600 1114 665 sufliciat,
1140 601 1281 669 quod
1308 602 1619 671 bujusmodi
1641 602 2008 659 simulationis

423 697 636 767 species
665 692 1037 749 emnimodam
1066 708 1131 749 ex
1165 694 1395 749 historia
1437 693 1689 750 virtutem
1744 704 1798 749 et
1845 694 2005 749 mali-

422 789 552 842 tiam
587 786 841 843 visendas
884 799 948 841 ac
1005 784 1309 842 audiendas
1360 786 1598 856 antiquis
1644 788 2003 858 proponebat,

418 890 478 934 ut
503 879 647 935 illam
688 878 913 951 quidem
970 877 1288 947 probarent,
1338 877 1478 934 hanc
1498 892 1626 933 vero
1681 878 2006 947 rejicerent?

420 969 632 1028 Bonum
672 971 778 1026 hoc
810 969 1009 1027 exinde
1042 967 1259 1023 transiit
1290 970 1356 1024 ad
1381 978 1653 1039 posteros,
1695 979 1753 1023 ut
1780 984 1884 1024 non
1914 984 2004 1024 so-

419 1065 527 1120 lum
556 1078 587 1120 e
626 1062 935 1118 viventibus
965 1072 1281 1115 mutuemur
1304 1060 1429 1115 boni
1470 1061 1753 1117 scientiam
1778 1077 1795 1129 ;
1829 1060 1921 1117 sed
1948 1069 2003 1116 et

416 1170 539 1215 cum
577 1154 806 1209 mortuis
831 1166 926 1220 per
946 1151 1088 1209 lianc
1123 1152 1548 1208 transactionem
1591 1161 2001 1220 conversantes,

416 1252 586 1300 νιιιιιη
605 1241 791 1298 virtuti
814 1255 1109 1309 congruam
1138 1239 1523 1310 adipiscamur.
1543 1240 1609 1295 Et
1642 1241 1765 1295 talis
1781 1240 2000 1311 quidem

410 1346 536 1397 erat
600 1344 730 1391 tunc
775 1333 990 1390 scenica
1051 1333 1463 1400 demonstratio,
1520 1350 1645 1389 cum
1717 1335 2001 1391 rationalis

416 1438 564 1486 esset
593 1440 956 1499 personarum
983 1435 1036 1481 et
1065 1427 1341 1481 actionum
1374 1426 1630 1492 imitatio,
1675 1432 1728 1481 et
1776 1427 1829 1481 in
1879 1428 2002 1483 istis

416 1520 738 1590 qualitatum
815 1514 1144 1586 ﬂorilegium
1195 1516 1262 1570 ad
1319 1516 1693 1572 studiosorum
1756 1517 2001 1588 discipli-

417 1625 565 1667 nam.
603 1607 669 1662 Et
693 1615 809 1664 erat
840 1606 1001 1676 hujus
1046 1604 1306 1674 temporis
1339 1614 1491 1662 actor
1513 1608 1768 1664 scenicus
1816 1610 2001 1663 omnis

419 1699 638 1755 virtutis
669 1706 998 1768 praeceptor,
1022 1696 1372 1752 ititruducetts
1396 1697 1611 1764 quidem
1644 1697 1700 1751 in
1726 1698 1997 1753 theatrum

421 1793 588 1848 etiam
643 1787 974 1845 malitiarum
1022 1796 1200 1857 typos,
1261 1801 1366 1841 neu
1413 1796 1471 1841 ut
1513 1791 1635 1855 quis
1683 1803 1870 1844 earum
1918 1789 2001 1844 in.

414 1886 604 1942 dueret
620 1881 870 1945 formam,
913 1877 1011 1933 sed
1039 1888 1100 1933 ut
1133 1878 1303 1946 ipsam
1323 1889 1688 1935 aversaretur.
1734 1877 1804 1935 Ut
1837 1881 1995 1936 aliter

413 1976 616 2041 dicam,
647 1973 826 2043 quoad
853 1972 1065 2028 vultum
1101 1970 1355 2037 mendax,
1391 1969 1445 2025 in
1479 1972 1795 2041 magisterio
1827 1987 1995 2030 verax

411 2081 571 2135 erat;
604 2076 662 2122 et
699 2072 955 2137 poterant
1006 2073 1347 2134 spectatores
1377 2074 1507 2119 tunc
1557 2064 1662 2119 sibi
1694 2063 1991 2122 lucrosum

412 2160 643 2216 reddere
693 2156 1033 2214 mendacium
1076 2165 1133 2211 et
1173 2155 1308 2210 illud
1368 2155 1662 2225 laudabile,
1710 2145 1821 2213 ubi
1850 2158 1993 2227 quod

308 2274 309 2277 η
410 2249 644 2321 spissum
662 2260 718 2304 et
738 2247 995 2304 sensibile
1014 2256 1151 2311 erat,
1173 2247 1385 2302 veritati
1401 2259 1647 2303 non-erat
1664 2258 1989 2322 congruum;

411 2344 556 2414 quod
611 2351 793 2398 autem
848 2341 917 2395 ad
959 2340 1284 2395 sententiam
1314 2339 1650 2396 enuntiatatn
1687 2343 1989 2411 spectabat,

408 2438 605 2495 animai
631 2434 876 2505 quaedam
904 2442 1021 2487 erat
1054 2432 1246 2501 figura.

477 2532 535 2587 4.
581 2528 698 2584 Dici
727 2540 856 2583 vero
883 2539 1102 2596 quoque
1135 2532 1312 2594 potest
1337 2524 1603 2595 ejusmodi
1627 2533 1795 2581 actor
1832 2527 1989 2596 quasi

407 2621 782 2680 substantivus
820 2631 1027 2673 sermo.
1096 2616 1337 2686 Corpore
1394 2630 1629 2686 namque
1691 2627 1988 2688 personato

404 2726 631 2786 prorsus
665 2713 847 2775 hctus,
870 2707 1180 2777 disciplinis
1212 2708 1644 2763 substantialiter
1675 2712 1983 2779 constabat,

402 2818 462 2866 et
490 2806 679 2877 aliquo
709 2805 872 2859 modo
907 2801 1195 2858 videbatur
1227 2801 1319 2857 ille
1351 2802 1630 2858 inhaerens
1668 2804 1867 2860 animis
1892 2807 1989 2861 be-

404 2900 602 2965 roieis,
657 2913 688 2953 a
739 2896 937 2967 quibus
990 2894 1203 2949 fortiter
1248 2893 1543 2962 inspiratus
1587 2894 1850 2951 edocebat
1891 2910 1986 2952 au-

403 2992 632 3048 ditores.
678 2987 1007 3043 Rectissime
1033 2985 1197 3041 etiam
1235 2985 1438 3040 dixeris
1472 2986 1621 3039 illum
1662 2996 1721 3041 ut
1749 2988 1980 3044 monito-

2110 539 2225 587 τοις
2255 525 2335 587 είς
2367 525 2531 581 πλέον
2561 526 2810 596 ἀγαθοῖς,
2846 525 2968 579 δέον
3007 524 3067 578 δν
3098 523 3553 596 δποκρούσασθαι
3572 527 3684 588 τοῖς

2110 616 2173 671 εὖ
2200 617 2420 683 εἰδόσιν,
2450 618 2527 683 ὡς
2570 618 2631 672 τὸ
2657 617 2759 689 τῆς
2817 616 3081 687 τοιαύτης
3138 615 3488 686 ὑποκρίσεως
3544 607 3686 677 εἶδος

2110 710 2377 763 παντοίαν
2419 710 2710 781 ίστορικῶς
2750 710 2956 780 ἀρετήν
2987 725 3046 762 τε
3081 709 3173 762 καὶ
3209 706 3409 762 κακίαν
3449 708 3563 770 τοῖς
3589 707 3687 775 ἀρ-

2106 798 2287 869 χαίοις
2317 799 2530 865 ἐξέθετο
2562 800 2643 865 εῐς
2674 817 2735 853 τε
2770 802 3044 871 πρόοπτον
3083 801 3179 853 καὶ
3210 800 3293 863 είς
3324 800 3584 867 ἐπήκοον,
3610 796 3689 862 ὡς

2105 889 2204 959 τὴν
2223 891 2320 959 μιν
2342 892 2582 957 ἐκείνους
2603 892 2899 964 αἱρεῖσθαι,
2925 891 3025 962 τὴν
3041 892 3097 946 δὲ
3118 891 3647 963 ἀποπροσποιεϊσθαι
3668 907 3685 958 ;

2110 983 2177 1035 '0
2207 982 2271 1055 δὴ
2292 983 2458 1039 καλὸν
2488 986 2701 1040 ἐκεῖθεν
2732 984 2943 1058 icasqu
2972 986 3069 1040 καὶ
3093 986 3173 1050 εῑς
3197 984 3325 1049 τοὺς
3354 985 3680 1054 μετέπειτα,

2106 1075 2193 1131 ἶνα
2225 1077 2303 1149 μὴ
2336 1079 2501 1148 μόνον
2524 1079 2589 1133 ἐκ
2615 1079 2723 1133 τῶν
2770 1078 2991 1144 ζώντων
3033 1076 3425 1150 ἐρανιζώμεθα
3454 1076 3556 1149 τὴν
3588 1076 3681 1131 τοῦ

2105 1169 2315 1237 ἀγαθοῦ
2350 1170 2615 1241 μάθὴσιν,
2667 1171 2804 1227 ἀλλά
2852 1172 2949 1226 καλ⁵
3002 1174 3220 1241 νεκροῖς
3260 1169 3579 1242 ὁμιλοῦντες
3613 1169 3683 1224 δι’

2105 1263 2452 1334 ὑποκρίσεως
2479 1265 2718 1335 ἐκείνης,
2741 1265 2842 1336 τὴν
2869 1265 2993 1319 κατ’
3012 1264 3215 1336 ἀρετὴν
3243 1263 3392 1335 ζωὴν
3418 1280 3683 1335 προσεπι-

2102 1356 2384 1427 κτώμεθα.
2415 1357 2525 1413 Καὶ
2550 1358 2775 1429 τοιαύτη
2808 1358 2906 1429 μιν
2930 1353 2997 1429 ἦν
3026 1359 3115 1412 ὅτε
3142 1359 3176 1429 ἡ
3200 1357 3529 1429 ύποκριτικὴ
3560 1354 3699 1410 sui?

2102 1449 2288 1518 δειξις,
2323 1450 2557 1523 μίμησις
2587 1450 2726 1506 οῦσα
2771 1450 3081 1523 προσώπων
3113 1467 3173 1506 τε
3207 1452 3303 1505 καὶ
3333 1452 3681 1524 πραγμάτων

2102 1542 2346 1614 ἐλλογος,
2396 1546 2493 1599 καὶ
2524 1544 2873 1615 ἀνθολὸγημα
2905 1543 3005 1615 τῆς
3046 1545 3105 1599 ἐν
3133 1544 3364 1607 ἐκείνοις
3393 1545 3680 1614 ποιότητος

2101 1637 2195 1691 ἐπὶ
2237 1608 2524 1691 παιδεύσει
2576 1635 2686 1690 τῶν
2724 1608 3189 1706 ἐντυγχανόντων.
3228 1635 3336 1690 Καὶ
3360 1630 3451 1717 ,ἦν
3482 1636 3510 1689 δ
3554 1608 3691 1721 stite:

2035 1763 2077 1822 Β
2105 1730 2412 1822 ὑποκριτὴς
2446 1729 2646 1822 ἀρετῆς
2675 1727 3271 1822 ἀπάσηςδιδάσκαλος,
3313 1727 3675 1822 παρεισάγων

2108 1822 2208 1893 μὲν
2238 1822 2319 1885 είς
2350 1821 2412 1875 τὸ
2468 1820 2697 1891 θέατρον
2728 1822 2826 1873 καὶ
2856 1821 3063 1884 τύπους
3110 1820 3339 1885 κακιῶν,
3384 1820 3483 1889 οὐχ
3534 1818 3677 1872 ὥστε

2107 1914 2214 1983 μὴν
2247 1911 2605 1984 μορφωθῆναί
2641 1929 2766 1966 τινα
2815 1911 2951 1983 πρὸς
2979 1910 3170 1976 αὑτὰς,
3219 1910 3332 1965 ἀλλ’
3364 1910 3438 1974 ὡς
3480 1910 3676 1980 ἐκτρέ-

2099 2004 2308 2074 ψασθαι
2330 2018 2346 2034 ⁶
2378 2005 2553 2057 εἰπεῖν
2578 2003 2635 2057 δὲ
2666 2004 2763 2057 καὶ
2794 2003 2991 2069 ἄλλως,
3015 2002 3347 2075 ψευδόμενος
3379 2003 3588 2065 ἐκεῖνος
3613 2000 3675 2055 τὸ

2101 2096 2415 2165 πρόσωπον,
2474 2093 2868 2167 ἀληθιζόμενος
2913 2092 2983 2164 ἦν
3032 2097 3124 2150 τὸν
3177 2095 3544 2151 διδάσκαλον·
3581 2095 3674 2151 καὶ

2099 2184 2244 2258 εῐχον
2291 2188 2342 2241 οἱ
2378 2187 2571 2241 θεαταὶ
2613 2188 2937 2257 πορίζεσθαι
2987 2187 3293 2260 τηνικαῦτα
3336 2186 3535 2260 ψεῦδος
3580 2188 3674 2241 καὶ

2098 2278 2279 2332 ἐκεῖνο
2304 2279 2611 2346 ἐπαινετὸν,
2646 2272 2709 2334 οὗ
2731 2281 2792 2333 τὸ
2823 2281 2921 2351 μέν
2946 2282 3094 2352 παχὺ
3125 2282 3219 2335 καὶ
3242 2281 3379 2352 πρὸς
3417 2280 3674 2350 αἴσθησιν

2097 2367 2255 2424 οὐδέν
2275 2368 2505 2433 οὐδόλως
2534 2365 2603 2441 ἦν
2642 2370 2780 2440 πρὸς
2805 2370 3087 2440 ἀλήθειαν,
3121 2371 3182 2425 τδ
3207 2372 3264 2425 δὲ
3296 2372 3430 2443 πρὸς
3461 2370 3671 2425 ἔννοιαν

2095 2461 2197 2530 τὴν
2233 2460 2642 2534 ἐκλαλουμίνην
2671 2462 2853 2534 ψυχῆς
2883 2459 2952 2534 ἦν
2980 2481 3033 2518 τι
3066 2463 3365 2535 μόρφωμα.

2165 2549 2229 2608 δ’.
2261 2552 2419 2607 Ἐστι
2450 2552 2508 2607 δέ
2552 2552 2645 2607 τδν
2677 2555 2980 2628 ὑποκριτὴν
3011 2558 3218 2611 ἐκεῖνον
3258 2556 3437 2611 εἰπεῖν
3468 2556 3563 2612 καὶ
3592 2553 3670 2622 ὡς

2092 2637 2206 2698 οἷον
2230 2644 2389 2713 λόγον
2413 2645 2761 2717 αὐτόχρημα.
2788 2648 2863 2701 Τδ
2895 2648 3004 2721 γάρ
3036 2649 3158 2703 καθ’
3182 2650 3476 2721 ὑπόκρισιν
3504 2649 3668 2721 σῶμα

2092 2736 2423 2807 ψευδόμενος
2444 2737 2525 2802 είς
2554 2737 2615 2791 τὸ
2654 2740 2783 2806 πᾶν,
2821 2742 2942 2804 ταῖς
2984 2739 3116 2810 γοῦν
3161 2740 3535 2806 διδασκαλίαις
3576 2742 3667 2797 οῦ-

2093 2826 2283 2895 σιωτο,
2311 2827 2408 2881 καί
2435 2844 2555 2891 πως
2584 2827 2749 2900 ἐῴκει
2778 2831 3008 2902 κάτοχος
3045 2833 3255 2895 ἐκεῖνος
3294 2829 3435 2889 εἶναι
3465 2835 3669 2906 ψυχαῖς

2095 2921 2384 2991 ἡρωῖκαῐς,
2418 2919 2513 2989 ὑφ’
2555 2913 2632 2975 ὧν
2680 2921 3088 2994 ψυχαγωγικῶς
3136 2926 3509 2997 ἐμπνεόμενος
3542 2924 3667 2986 ,ἐδί-

2091 3008 2257 3063 δασκε
2286 3010 2414 3072 τοὺς
2435 3009 2733 3079 ἀκροατάς.
2762 3011 2928 3076 Τάξοι
2969 3013 3026 3066 δέ
3056 3012 3123 3068 ἀν
3151 3030 3241 3077 τις
3264 3013 3426 3068 αὐτὸν
3464 3014 3558 3067 καὶ
3588 3012 3664 3075 ὡς

404 3096 546 3148 rem,
586 3078 797 3135 alienos
846 3088 1131 3137 sermones
1187 3075 1325 3129 bene
1367 3076 1830 3133 transmittentem
1881 3094 1984 3136 au-

2089 3101 2170 3165 είς
2194 3100 2485 3168 ύποῦολέα,
2508 3075 2700 3174 λόγους
2724 3104 3039 3175 ἀλλοτρίους
3058 3075 3367 3169 εύθυύόλως
3391 3106 3667 3177 πορθμεύ-

405 3174 723 3239 dientibus;
785 3170 901 3227 sive
936 3170 1097 3241 quasi
1152 3168 1465 3235 bifrontem,
1503 3187 1537 3229 e
1570 3172 1983 3243 vultibus.uno,

400 3268 506 3322 etsi
539 3279 647 3321 non
693 3262 974 3335 quomodo
1022 3261 1237 3319 celeber
1304 3259 1495 3329 Janus,
1540 3273 1819 3334 utentem;
1871 3267 1987 3324 sive

406 3358 698 3429 quemdam
718 3353 1009 3426 duplicem,
1027 3354 1132 3410 etsi
1148 3354 1307 3409 aliter
1318 3368 1481 3425 quam
1499 3355 1821 3415 Molionidae.
1848 3360 1988 3417 ima-

406 3451 685 3523 ginaretur
715 3445 912 3516 aliquis
939 3449 994 3501 In
1028 3445 1153 3510 illo,
1184 3447 1717 3517 metempsycboseos
1742 3451 1983 3520 nomine,

408 3546 785 3613 portentosum
806 3536 1282 3604 ,transfusionem.
1342 3537 1445 3605 Qui
1484 3553 1613 3595 vero
1637 3552 1818 3598 mente
1849 3545 1983 3600 sim-

404 3634 529 3704 plex
565 3639 674 3695 est,
708 3628 855 3685 velut
899 3627 1297 3682 mandataiium
1356 3627 1516 3684 talem
1565 3638 1981 3703 nuncupaverit,

407 3725 659 3798 personis
686 3722 923 3779 heroicis
978 3720 1429 3789 subservientem,
1489 3725 1647 3795 quasi
1702 3741 1984 3785 sermones

397 3820 640 3893 ipsarum
678 3824 733 3872 et
759 3816 1003 3871 actiones
1031 3814 1297 3896 imitando
1328 3817 1679 3887 exprimeret,
1707 3834 1811 3875 non
1838 3821 1984 3892 judi-

404 3927 540 3970 cans
570 3909 786 3982 quidem
830 3907 1129 3962 secundum
1179 3905 1322 3973 illas,
1346 3908 1455 3974 vel,
1496 3918 1556 3963 ut
1594 3909 1738 3967 idem
1777 3912 1981 3982 dicam,

398 4006 714 4061 discernens
732 3999 816 4055 vel
847 3999 1177 4065 decernens,
1197 4006 1253 4053 et.
1282 3998 1357 4053 ita
1399 4000 1570 4071 judex
1624 4018 1713 4058 res
1740 4003 1978 4074 ipsarum

396 4092 789 4157 determinans,
813 4100 868 4145 ut
899 4101 1021 4161 agat
1047 4099 1101 4147 et
1131 4093 1277 4147 dicat
1297 4107 1417 4163 qua:
1430 4094 1650 4163 quidem
1672 4096 1779 4153 ille:
1798 4099 1980 4167 reipsa

398 4184 655 4239 fecissent
690 4196 750 4237 ac
785 4180 1074 4236 dixissent.

464 4352 525 4410 5.
562 4352 739 4407 Aliter
774 4353 919 4407 enim
947 4352 1115 4425 judex
1176 4354 1497 4426 simpliciter
1537 4360 1828 4419 diceretur.
1870 4366 1977 4423 Sed

391 4460 560 4513 nunc,
606 4455 667 4500 ut
698 4456 1044 4515 comparatus
1072 4447 1138 4501 ad
1194 4448 1388 4503 duceni
1422 4462 1476 4506 et
1508 4453 1575 4506 ad
1609 4465 1890 4524 praetorem
1922 4470 1976 4516 et

390 4536 461 4591 ad
520 4535 752 4606 imperio
810 4537 1048 4591 maximo
1086 4542 1459 4608 praepositum,
1505 4553 1591 4599 est
1643 4547 1969 4620 subpraator,

387 4639 442 4685 et
464 4630 677 4685 subdux
723 4638 781 4683 et
809 4628 1159 4700 ,byparchus,
1188 4632 1267 4686 sic
1314 4642 1367 4687 et
1418 4636 1485 4690 ad
1525 4636 1762 4704 judicent
1821 4643 1969 4698 illum

389 4719 755 4793 praecipuum,
783 4721 867 4776 cui
891 4722 1045 4792 quasi
1076 4724 1255 4802 thema
1290 4724 1475 4781 subest
1499 4729 1856 4802 primitivum,
1887 4747 1972 4795 est

388 4825 543 4869 actor
591 4816 878 4895 scenicus;
924 4798 1183 4882 colligens
1243 4818 1460 4886 quidem
1515 4831 1569 4876 et
1615 4823 1733 4893 ipse
1778 4798 1970 4887 critico

384 4907 568 4973 modo,
604 4920 787 4975 opera
856 4914 911 4959 et
974 4906 1161 4973 verba,
1225 4910 1386 4965 ambo
1438 4914 1678 4981 beroica,
1730 4934 1838 4974 non
1885 4930 1967 4976 ta-

384 5011 508 5054 tuen
568 4996 1000 5053 indubitabiliter
1052 4999 1142 5055 illa
1190 5001 1302 5070 ipsa
1327 5018 1447 5073 quae
1476 5010 1769 5063 secundum
1803 5028 1967 5069 accu-

382 5096 560 5143 ratam
592 5096 717 5143 sunt
761 5088 1069 5157 veritatem,
1117 5092 1211 5146 sed
1272 5096 1588 5152 verisimilia
1631 5110 1686 5154 et
1736 5102 1963 5161 forsitan

382 5180 457 5234 ita
482 5192 542 5234 se
572 5177 848 5245 habentia,
869 5188 923 5233 et
951 5180 1193 5238 moribus
1220 5182 1438 5240 illorum
1468 5187 1762 5257 submissa,
1803 5203 1858 5248 et
1890 5195 1962 5250 ita

380 5267 497 5324 fere
523 5269 625 5326 sub
650 5269 861 5342 judicio
889 5271 1101 5328 illorum
1133 5276 1312 5346 posita
1342 5294 1357 5344 ;
1389 5279 1459 5336 ad
1493 5283 1830 5341 suadendum
1863 5304 1963 5342 au.

381 5356 645 5413 ditoribus
706 5369 765 5413 ut
823 5360 1070 5430 credant,
1112 5366 1159 5419 si
1212 5382 1321 5421 non
1368 5369 1658 5440 ipsissima,
1730 5385 1786 5429 ut
1839 5382 1959 5450 quis

379 5449 595 5519 dixerit,
624 5450 812 5507 saltem
846 5455 972 5509 talia
999 5458 1247 5515 debuisse
1269 5472 1547 5533 prototypa
1570 5481 1690 5524 esse
1714 5449 1955 5542 heroica,

379 5546 575 5611 quibus
636 5545 918 5616 disciplina
972 5549 1251 5607 theatralis
1307 5556 1556 5629 refulget,
1597 5569 1651 5615 et
1709 5565 1846 5621 adeo
1899 5578 1957 5623 ut.

380 5634 687 5703 hujusmodi
717 5650 907 5697 orator
931 5641 1117 5699 dicere
1162 5648 1387 5703 auderet
1441 5650 1653 5708 animas
1708 5658 1955 5727 heroicus

380 5738 633 5787 evocata:
660 5730 804 5803 loqui
850 5735 1136 5805 etfacere,
1179 5752 1277 5807 per
1311 5737 1432 5800 illos
1464 5752 1679 5805 actores
1725 5761 1787 5805 ea
1834 5766 1955 5824 qua:

2087 3209 2219 3247 οντα
2248 3195 2359 3256 τοῖς
2383 3194 2760 3265 ἀκροωμένοις
2784 3212 2799 3225 ·
2858 3196 2892 3268 ἧ
2931 3197 3026 3250 καὶ
3059 3196 3137 3260 ὼς
3163 3191 3273 3251 οἷον
3313 3197 3663 3268 διπρόσωπον

2088 3284 2303 3357 θατέρῳ
2335 3287 2450 3340 τοῖν
2474 3286 2795 3357 προσώποιν
2830 3289 3182 3361 ἐνεργοῦντα,
3210 3292 3260 3344 εί
3286 3291 3380 3345 καὶ
3406 3290 3482 3361 μὴ
3518 3292 3663 3347 κατά

2084 3378 2179 3432 τὸν
2209 3377 2606 3449 περιᾳδόμενον
2647 3380 2895 3435 Ἰαννοψ
2932 3382 2965 3452 ἢ
3012 3384 3110 3436 καὶ
3158 3382 3384 3438 διπλοῦν
3433 3400 3581 3446 τινα,
3612 3384 3661 3439 εί

2086 3471 2183 3524 καὶ
2205 3470 2400 3538 ἄλλως,
2432 3471 2576 3542 ἥπερ
2599 3471 2650 3525 oi
2679 3471 3017 3528 Μολιονίδαι.
3041 3474 3388 3545 Φαντάσηται
3416 3474 3464 3528 δ’
3486 3474 3556 3530 ἀν
3578 3491 3662 3540 τις

2084 3560 2144 3614 ἐν
2172 3559 2249 3629 τῷ
2286 3559 2515 3631 τοιούτῳ
2544 3562 2640 3615 καὶ
2666 3560 2761 3616 τὸν
2802 3564 3234 3634 τερατευόμενον
3264 3566 3659 3636 γμεταγγισμδν

2084 3653 2561 3724 μετεμψυχώσεως
2587 3654 2731 3726 λόγῳ
2750 3693 2769 3711 .
2811 3657 2871 3710 '0
2891 3657 2947 3709 δὲ
2976 3657 3067 3712 τὸν
3099 3657 3223 3712 νοῦν
3245 3659 3533 3730 ἀπέριττος
3567 3661 3661 3716 καὶ

2081 3744 2158 3810 ὡς
2185 3746 2268 3809 εἰς
2289 3745 2509 3799 ἐντολέα
2549 3745 2642 3801 τὸν
2678 3747 2922 3802 τοιοῦτον
2949 3749 3307 3821 ἐγγράφεται,
3350 3750 3663 3823 καθυπουρ-

2081 3836 2285 3906 γοῦντα
2315 3835 2630 3907 προσώποις
2673 3839 2957 3910 ἡρωῖκοῖς,
2988 3841 3122 3896 ὡσεὶ
3151 3845 3246 3897 καὶ
3275 3844 3469 3912 λόγους
3517 3845 3661 3899 ἐκεί-

2082 3947 2191 3984 νων
2216 3930 2313 3982 καὶ
2344 3928 2484 3999 ἔργα
2515 3929 2655 3999 πρὸς
2688 3931 2926 4002 μίμησιν
2955 3933 3288 4005 ἐξεμάττετο
3310 3954 3326 3968 ο
3361 3939 3421 3990 οὺ
3454 3938 3656 4009 κρίνων

2083 4021 2185 4091 μὲν
2213 4022 2335 4074 κατ’
2374 4019 2647 4087 ἐκείνους,
2699 4023 2900 4078 ταύτὸν
2947 4024 2993 4077 δ’
3023 4027 3220 4093 εἰπεῖν,
3275 4028 3570 4100 διακρίνων
3617 4029 3651 4100 ἢ

2079 4113 2401 4183 ἐπικρίνων,
2429 4113 2525 4166 καὶ
2555 4110 2702 4167 οὕτω
2747 4116 3015 4185 κριτικῶς
3048 4119 3276 4189 ὀρίζων,
3305 4122 3443 4174 αὑτά
3469 4123 3535 4194 δὴ
3584 4123 3653 4177 τά

2076 4206 2326 4271 ἐκείνων,
2358 4204 2445 4259 ῐνα
2480 4205 2575 4261 καὶ
2600 4209 2730 4279 ποιῇ
2754 4209 2849 4262 καὶ
2872 4208 3029 4284 λέγῃ,
3059 4210 3202 4283 ἀπερ
3226 4211 3294 4268 ἂν
3324 4217 3525 4271 ἐκεῖνοι
3556 4218 3653 4271 αὗ-

2075 4298 2353 4368 τόχρημα-

2148 4388 2211 4444 ε’.
2247 4388 2324 4444 Ἥ
2363 4390 2472 4461 γάρ
2496 4390 2562 4447 ἂν
2598 4392 2789 4465 κριτὴς
2817 4393 3123 4461 ἀσυνθέτως
3158 4397 3399 4468 ἐλέγετο.
3428 4401 3547 4457 Νῦν
3569 4403 3644 4469 δὲ,

2006 4481 2053 4540 ι)
2079 4481 2270 4551 ὥσπερ
2296 4482 2414 4536 ἐστὶ
2454 4484 2591 4554 πρὸς
2617 4486 2708 4538 τὸν
2736 4484 2904 4540 δοῦκα
2933 4489 3029 4541 καὶ
3064 4490 3201 4561 πρὸς
3230 4492 3321 4546 τὸν
3353 4495 3649 4567 πρακτῆρα

2073 4573 2171 4627 καὶ
2200 4573 2339 4642 πρὸς
2360 4573 2455 4629 τὸν
2497 4577 2557 4629 ἐν
2587 4575 2821 4650 μεγίστῃ
2852 4579 2996 4649 ἀρχῇ
3027 4579 3056 4632 ὁ
3097 4582 3477 4655 ύποπράκτωρ
3507 4587 3602 4640 καὶ
3625 4589 3651 4640 ό

2073 4663 2310 4729 ύποδοὺξ
2330 4666 2425 4718 καὶ
2453 4668 2481 4719 ὁ
2507 4665 2780 4737 ὕπαρχος,
2808 4668 2973 4723 τοῦτο
2996 4672 3094 4725 καὶ
3120 4673 3255 4744 πρὸς
3285 4676 3483 4745 κριτὴν
3506 4679 3649 4730 ἐκεῖ·

2071 4772 2163 4809 νον
2192 4760 2490 4827 κορυφαῖον
2531 4755 2645 4815 οἷον
2672 4762 2803 4816 ὄντα
2831 4762 2921 4818 διά
2968 4764 3030 4817 τὸ
3063 4767 3411 4834 πρωτόθετον
3461 4772 3489 4822 ό
3522 4770 3650 4824 ὑπο.

2070 4849 2271 4920 κριτής
2294 4866 2308 4881 ο
2337 4850 2737 4922 ἀναλεγόμενος
2765 4854 2864 4924 μὲν
2895 4855 2989 4909 καὶ
3015 4858 3179 4921 αὐτὸς
3205 4862 3438 4931 κριτικῷ
3462 4865 3648 4934 τρόπῳ

2067 4939 2211 5007 ἔργα
2237 4940 2335 4993 καὶ
2360 4940 2577 5009 λόγους,
2605 4945 2821 5014 ήρωῖκὰ
2849 4948 2943 5000 καὶ
2971 4947 3158 5018 ἄμφω,
3184 4950 3247 5005 οὐ
3280 4951 3388 5021 μὴν
3414 4956 3653 5026 ἀναμφι-

2068 5031 2277 5096 λέκτως
2313 5035 2453 5088 αὐτά
2497 5037 2682 5091 ἐκεῖνα
2712 5039 2784 5091 τά
2814 5039 2950 5108 πρὸς
2998 5041 3470 5117 ἀπηκριϐωμένην
3513 5050 3645 5120 ἀλή·

2067 5125 2240 5192 θειαν,
2270 5126 2388 5180 ἀλλ’
2419 5128 2658 5196 ἐοικότα,
2691 5131 2788 5185 καὶ
2818 5132 2958 5202 τάχα
2986 5134 3054 5188 ἂν
3092 5135 3266 5201 οὕτως
3303 5140 3520 5208 ἔχοντα,
3551 5146 3648 5196 καὶ

2067 5216 2394 5286 ὑπαγόμενα
2418 5221 2530 5282 τοῖς
2559 5220 2788 5275 ἐκείνων
2811 5224 2987 5293 ἤθεσι,
3019 5227 3111 5279 καὶ
3135 5227 3210 5291 ὡς
3239 5230 3343 5284 ὑπό
3369 5246 3432 5299 γε
3465 5232 3648 5304 κρίσει

2063 5307 2195 5360 ὄντα
2223 5310 2289 5379 τῇ
2324 5311 2447 5364 κατ’
2476 5311 2718 5377 ἐκείνους
2742 5328 2756 5345 ⁸
2777 5314 2852 5378 ὡς
2877 5315 3023 5386 ἐχειν
3045 5319 3256 5373 πείθειν
3284 5322 3412 5386 τοὺς
3440 5326 3648 5396 ἀκροα-

2062 5398 2165 5463 τὰς
2196 5400 2427 5467 οἴεσθαι,
2459 5403 2507 5455 εί
2531 5404 2625 5457 καὶ
2652 5406 2728 5475 μὴ
2748 5406 3042 5474 αὐτότατα,
3071 5413 3216 5465 καθά
3238 5430 3321 5477 τις
3350 5414 3477 5486 ἔφη,
3505 5419 3645 5473 ἀλλά

2061 5490 2197 5567 γοῦν
2224 5491 2450 5545 τοιαῦτα
2495 5489 2637 5549 εἶναι
2672 5496 2738 5548 ἂν
2770 5498 2865 5551 καὶ
2917 5499 2985 5552 τὰ
3021 5503 3360 5571 πρωτότυπα
3404 5507 3643 5577 ήρωῖκά,

2059 5573 2143 5642 οἷς
2173 5581 2205 5650 ἡ
2231 5582 2561 5655 ὑποκριτικὴ
2587 5585 2925 5655 ἐλλάμπεται
2954 5590 3196 5659 μέθοδος,
3230 5595 3327 5649 καὶ
3351 5573 3643 5661 είςντοσοῦ-

2057 5687 2178 5735 τον,
2235 5669 2309 5733 ὡς
2357 5675 2454 5726 καὶ
2500 5676 2771 5747 τολμῆσαι
2806 5679 2873 5734 ἂν
2927 5683 3020 5736 τὸν
3075 5683 3218 5749 οὕτω
3271 5690 3642 5760 ῥητορεύοντα

2062 5762 2267 5833 φάναι,
2297 5762 2475 5836 ψυχας
2508 5768 2750 5839 ὴρωῖκάς
2775 5771 3116 5846 ἀνοιγομένας
3138 5776 3318 5836 λαλεῖν
3342 5782 3436 5836 καὶ
3454 5785 3640 5857 ,ποιεῖν
