3968 6244
261 348 366 410 377

1565 342 1665 404 DE
1699 341 1826 403 SIM
1838 341 2246 406 ULATIONE.

3403 341 3508 405 378

263 465 349 518 διὰ
392 461 579 534 μέσων
608 461 719 516 τῶν
748 460 1067 533 ὑποκριτῶν
1094 460 1164 516 τὰ
1200 462 1280 528 είς
1315 463 1618 539 κηληθμδν,
1647 485 1724 533 ως
1749 469 1835 522 οδ.

1944 476 2067 521 sunt
2102 461 2524 534 spectatorlbus,
2551 470 2609 517 ut
2640 460 2715 517 ita
2765 461 2977 526 dicam,
3014 460 3506 518 incantamentum.

259 573 367 618 τως
397 555 599 622 εἰπεῖν,
629 554 744 608 τῶν
795 553 1031 610 θεατῶν.
1075 550 1152 608 Οὔ
1204 556 1492 625 ποιητικὸν
1527 558 1656 614 ίδιον
1702 560 1835 630 παρ’

259 651 443 712 ἀλλοις
477 650 576 720 μὲν
602 650 658 703 αἱ
689 649 869 704 ἀοιδαὶ
895 647 1134 715 Μοῦσαι,
1169 650 1323 720 παρὰ
1353 650 1410 705 δὲ
1443 652 1518 724 τῷ
1549 656 1837 726 κορυφαίῳ

259 741 319 794 εν
349 741 599 810 μελικοῖς
626 739 684 794 αῖ
729 738 1065 812 Κηληδόνες,
1101 741 1232 796 ἄλλο
1275 740 1442 812 τέρας
1475 744 1638 800 αὑταὶ
1682 749 1836 818 ποιρά

258 847 321 900 γε
353 831 418 885 τὺ
447 829 556 886 τῶν
606 832 908 904 Σειρήνων.
951 832 1009 886 '0
1040 831 1097 887 δὲ
1145 831 1293 888 οὕτω
1315 837 1592 907 τολμηρὸς
1651 839 1836 910 ῥήτωρ

259 922 355 976 καὶ
392 921 494 994 τὴν
540 921 790 996 ἔντεχνον
831 922 1070 978 παλαιὰν
1124 924 1421 996 ὑπόκρισιν
1465 928 1719 1000 όρίσηται
1767 931 1836 986 ἂν

260 1015 595 1084 ἀγοήτευτον
645 1016 1031 1086 ψυχαγωγίαν,
1078 1015 1398 1086 βελτιοῦσαν
1434 1019 1529 1078 τὸν
1573 1022 1712 1092 βίον,
1741 1027 1836 1078 καὶ

257 1108 350 1162 τὸν
383 1107 557 1179 αὐτὴν
599 1109 856 1180 μετιόντα
889 1110 1176 1181 ὑποφήτην
1201 1111 1391 1182 ψυχῶν
1417 1115 1674 1185 ἡρωϊκῶν
1699 1117 1837 1187 πρὸς

262 1199 378 1270 βίον
408 1200 832 1274 λυσιτέλειαν,ἢ
857 1201 1064 1273 βιϐλίον
1097 1205 1340 1275 ἱστορίας
1368 1206 1478 1272 ζῶν
1500 1209 1594 1262 καὶ
1619 1209 1832 1277 λαλοῦν,

261 1291 294 1363 ἢ
326 1291 423 1345 καὶ
449 1292 646 1365 ἡρώων
671 1293 1085 1366 ὑποδρηστῆρα,
1109 1292 1191 1363 οἷς
1221 1299 1318 1353 καὶ
1345 1298 1637 1356 τεθνεῶσιν
1655 1301 1685 1356 ό
1713 1300 1837 1367 νοῦς

257 1383 330 1458 δι’
354 1382 524 1439 αὐτοῦ
554 1389 685 1458 περὶ
714 1385 819 1456 γῆν
853 1385 1111 1453 σώζεται.

329 1589 409 1657 ς’.
448 1591 558 1647 Καὶ
587 1593 732 1650 οὕτω
755 1592 860 1666 μὶν
889 1593 1095 1664 ἀγαθὸν
1122 1594 1360 1650 παλαιὸν
1403 1594 1499 1651 καὶ
1529 1596 1564 1668 ἠ
1605 1596 1839 1669 ὑπόκρι-

261 1697 370 1746 σις.
397 1683 496 1738 καὶ
525 1686 554 1737 ὁ
587 1684 709 1739 κατ’
734 1685 906 1755 αὐτὴν
936 1688 1212 1758 τεχνίτης.
1258 1686 1412 1741 Ἐπεὶ
1440 1687 1500 1742 δλ
1525 1687 1625 1740 οὐκ
1653 1682 1722 1758 ἦν
1759 1685 1835 1758 μὴ

1940 557 2031 614 Sic
2058 557 2330 627 poeticum
2353 555 2692 626 privilegium
2711 555 2927 625 quidem
2949 556 3090 620 apud
3110 565 3339 611 caeteros
3383 569 3514 610 sunt

1945 651 2276 706 cantatrices
2307 664 2495 714 musa,
2521 650 2662 718 apud
2685 663 2818 704 vero
2837 648 3186 718 coryphaeum
3217 649 3271 702 in
3305 648 3513 702 melicis

1945 750 2074 798 sunt
2122 740 2447 806 Celedones,
2484 742 2628 795 aliud
2661 740 2792 810 ipsa:
2823 730 3130 794 monstrum
3146 749 3342 808 praeter
3359 740 3512 793 Sire-

1937 849 2063 890 num
2085 833 2404 904 prodigium.
2439 831 2533 888 Ille
2563 847 2689 888 vero
2717 832 3113 887 audacis~imus
3142 833 3326 886 rhetor
3353 831 3513 884 indu-

1940 928 2195 985 atriosam
2214 937 2449 982 veterem
2470 933 2642 981 artem
2689 925 2957 978 scenicam
3004 923 3256 978 definiret
3303 924 3515 977 anima-

1939 1018 2182 1072 rumsine
2238 1016 2411 1086 magia
2434 1015 2824 1079 evocationem,
2857 1028 2974 1082 qua:
3022 1013 3186 1066 vitam
3235 1013 3511 1069 meliorem

1937 1108 2154 1176 Iacit,et
2175 1123 2300 1163 eum
2323 1107 2416 1176 qui
2444 1105 2792 1177 prosequitur
2814 1105 2985 1171 illam,
3012 1115 3186 1157 vatem
3209 1105 3512 1160 animarum

1938 1201 2281 1258 beroicarum
2311 1201 2379 1254 ad
2419 1207 2544 1254 vitae
2587 1197 2898 1262 utilitatem,
2923 1196 3008 1250 vel
3045 1195 3286 1251 historia:
3312 1197 3508 1252 librum

1942 1296 2214 1350 viventem
2241 1302 2296 1347 et
2329 1291 2664 1362 loquentem,
2690 1287 2776 1344 vel
2821 1289 3047 1343 heroum
3105 1288 3387 1358 tantulum,
3418 1306 3516 1359 per

1939 1404 2100 1460 quem
2141 1388 2358 1444 illorum
2393 1385 2558 1444 etiam
2589 1390 2934 1440 mortuorum
2967 1396 3120 1437 mens
3141 1381 3195 1437 in
3225 1391 3372 1439 terra
3400 1399 3517 1439 ser-

1937 1493 2118 1538 vatur.

2005 1592 2060 1648 6.
2084 1592 2153 1648 Et
2176 1593 2255 1648 sic
2276 1596 2494 1665 quidem
2519 1599 2716 1659 bonum
2743 1613 2861 1661 erat
2894 1599 3180 1671 antiquum
3199 1602 3256 1651 et
3278 1606 3370 1648 ars
3389 1605 3515 1647 sce-

1937 1683 2060 1738 nica
2088 1694 2140 1738 et
2163 1685 2324 1753 hujus
2347 1693 2483 1746 artis
2511 1696 2728 1753 artifex.
2753 1697 2884 1754 Cum
2907 1709 3088 1752 autem
3117 1694 3233 1749 lieri
3265 1705 3373 1746 non
3391 1700 3517 1758 pos-

261 1775 356 1828 καὶ
385 1776 450 1830 τὺ
479 1776 648 1831 καλὸν
679 1779 857 1832 ἐκεῖνο
905 1779 1344 1851 καηλευθῆναι,
1375 1781 1472 1834 καὶ
1507 1779 1700 1852 πρῶτα
1733 1781 1834 1851 μὲν

1944 1784 2021 1831 set
2043 1788 2101 1832 ut
2131 1777 2234 1834 hoc
2259 1780 2458 1837 bonum
2481 1801 2585 1840 non
2605 1801 3065 1860 corrumperetur,
3084 1797 3140 1844 et
3185 1786 3359 1856 primo
3389 1781 3513 1852 (ιιιί-

257 1866 632 1938 ἀχρειωθῆναι
664 1871 807 1925 κατά
837 1871 1144 1941 παράμιξιν
1192 1871 1552 1942 φαυλότητος,
1587 1867 1710 1924 εἶτα
1738 1872 1832 1926 καὶ

1944 1870 2053 1925 dem
2097 1873 2166 1927 ob
2189 1875 2374 1929 vilium
2434 1893 2612 1934 rerum
2669 1883 3050 1937 admistionem
3092 1879 3296 1934 inutilis
3335 1875 3510 1937 ﬂeret,

260 1959 542 2024 παντελῶς
569 1961 992 2033 ἀμαυρωθῆναι,
1025 1963 1102 2028 ὡς
1130 1964 1250 2019 ἀντὶ
1291 1964 1487 2036 τέχνης
1525 1963 1830 2034 εὐχρήστου

259 2050 342 2115 είς
393 2055 861 2126 ματαιοτεχνίαν,
911 2058 1025 2109 είτε
1075 2057 1436 2127 κακοτεχνίαν
1497 2056 1829 2124 διεκπεσεῖν,

259 2142 416 2198 ἀνύει
445 2144 619 2200 ταῦτα
647 2147 676 2200 ὁ
705 2147 1046 2218 πολύτροπος
1075 2148 1190 2220 βίος
1208 2165 1224 2180 ο
1253 2151 1351 2202 xci.
1379 2149 1525 2205 κατά
1542 2166 1596 2202 τι
1633 2148 1830 2217 φθόνου

259 2235 539 2306 τέχνασμα
569 2241 637 2309 τῇ
675 2239 1004 2310 ἀγαθουργῷ
1041 2240 1571 2311 ἐπιϐουλευσάμενος
1605 2239 1834 2311 ὑποκρί-

262 2345 367 2396 σει,
405 2329 601 2402 πρῶτα
640 2329 746 2402 μὲν
777 2333 1074 2389 ἐπινοεῖται
1111 2332 1182 2386 τὰ
1231 2333 1533 2404 Σατυρικὰ,
1581 2332 1834 2403 μίγματα

259 2424 445 2477 ικεῖνα
477 2423 732 2494 πράξεων
766 2425 863 2480 καὶ
892 2427 1068 2495 λόγων
1093 2425 1202 2479 τῶν
1229 2428 1286 2480 ἐν
1315 2425 1630 2495 προσώποις
1665 2427 1834 2494 ὴρωῖ-

258 2516 396 2579 κοῖς,
432 2509 512 2570 ὧν
534 2516 598 2569 τὺ
623 2518 818 2588 κρᾶμα
838 2516 1040 2586 γέλωτι
1060 2519 1155 2571 καὶ
1181 2517 1390 2590 σπουδῇ
1417 2517 1832 2588 παραμέμικτο.

261 2605 375 2658 Καὶ
418 2605 601 2658 ίσασιν
633 2605 774 2659 αὐτὰ
811 2607 863 2660 οἱ
909 2605 1332 2678 ἐντετυχηκότες
1382 2605 1636 2671 παλαιοῖς
1667 2606 1833 2678 τοο-μή⁴

261 2712 453 2765 μασιν,
481 2689 558 2751 ὧν
593 2695 754 2766 ὀλίγα
781 2696 904 2752 τινὰ
937 2697 1316 2770 περιφέρεται.

329 2809 396 2875 ζ’.
431 2811 588 2866 Μετά
625 2811 685 2866 δὲ
724 2811 793 2868 τὰ
827 2813 1104 2884 Σατυρικά
1140 2812 1595 2883 σπουδαιογελοῖα
1625 2812 1838 2867 εὐδοκί-

265 2915 406 2970 μησε
429 2902 493 2954 τὸ
515 2902 856 2973 κωμῳδικόν
890 2903 1267 2974 ὑποκριτικὸν,
1305 2903 1495 2958 οὐκέτι
1527 2903 1835 2975 προσώπων

260 2991 521 3062 ἡρωϊκῶν
572 2995 952 3066 ἀντεχόμενον,
985 2997 1034 3049 εί
1065 2995 1144 3068 μή
1195 3012 1299 3049 που
1340 2996 1400 3049 ὲν
1448 2993 1836 3066 παρέργῳοτὰ

261 3084 437 3138 πολλά
467 3086 524 3139 δὲ
551 3089 839 3156 συρφετοῖς
873 3085 1380 3156 ἐγκαλινδούμενον,
1414 3089 1510 3140 καὶ
1551 3085 1695 3141 οὕτω
1731 3102 1834 3141 κα⁴

1935 1961 2132 2018 deinde-
2146 1981 2368 2034 prorsus
2390 1972 2551 2024 etiam
2575 1973 2656 2028 sic
2681 1972 3076 2039 obfuscaretur,
3103 1982 3184 2038 ut,
3202 1973 3335 2026 artis
3357 1969 3511 2024 bona!

1936 2055 2074 2119 loco,
2099 2059 2150 2110 in
2175 2073 2368 2114 vanum
2393 2063 2506 2118 sive
2532 2067 2728 2120 malum
2761 2068 3034 2123 desineret
3052 2065 3362 2130 artiﬁcium,
3394 2063 3511 2118 hac

1936 2146 2147 2216 perﬁcit
2178 2151 2526 2208 multiformis
2547 2156 2692 2222 vita;
2723 2166 2800 2221 et,
2815 2157 3115 2212 secundum
3150 2156 3384 2226 aliquam
3420 2151 3508 2207 in-

1938 2239 2095 2294 vidia:
2126 2243 2608 2311 machinationem,
2645 2249 2763 2303 utili
2825 2251 3076 2305 insidiata
3131 2249 3366 2312 theatro,
3418 2258 3519 2299 ex-

1937 2332 2139 2400 cogitat
2182 2344 2448 2406 satyram,
2485 2339 2772 2394 miaturam
2825 2341 2970 2395 illam
3003 2342 3277 2395 actionum
3311 2347 3365 2394 et
3392 2352 3514 2392 ser—

1936 2436 2157 2478 monum
2176 2425 2228 2480 in
2245 2429 2492 2496 personis
2510 2431 2746 2488 heroicis
2770 2435 3092 2504 positorum,
3113 2447 3342 2503 quorum
3365 2445 3516 2488 com-

1933 2513 2132 2581 positio
2161 2517 2270 2572 risu
2296 2519 2672 2590 gravitateque
2719 2525 3005 2578 commista
3029 2532 3131 2578 est.
3182 2522 3310 2578 Haec
3333 2523 3514 2578 sciunt

1933 2605 2025 2674 qui
2054 2608 2328 2664 veteribus
2365 2611 2692 2667 studuerunt
2735 2615 3026 2684 Operibus,
3075 2627 3304 2684 quorum
3336 2614 3518 2684 aliqua

1936 2711 2111 2768 pauca
2145 2698 2629 2758 circumferuntur.

2006 2806 2060 2862 7.
2101 2805 2234 2865 Post
2261 2819 2502 2883 satyram
2529 2823 2712 2870 autem
2737 2815 2926 2886 jocoso
2952 2818 3210 2891 serieque
3243 2829 3516 2892 tempera-

1939 2905 2071 2965 tam,
2101 2898 2154 2954 in
2186 2899 2391 2957 honore
2417 2901 2518 2958 fuit
2543 2911 2955 2974 repraesentatio
3000 2913 3230 2978 comica,
3258 2929 3362 2967 non
3392 2913 3507 2984 jam

1938 3003 2202 3061 personas
2228 2994 2482 3051 herdicas
2511 3005 2775 3066 tractans,
2802 3001 2907 3058 nisi
2945 3001 3088 3059 forte
3113 3019 3209 3073 per
3241 3007 3515 3061 accessio-

1939 3095 2087 3147 nem,
2121 3085 2216 3138 sed
2248 3087 2568 3159 plerumque
2596 3093 2846 3148 sordibus
2880 3094 3145 3162 involuta,
3169 3098 3354 3167 sicque
3377 3114 3514 3154 con-

256 3177 698 3248 ταπατούμενον,
730 3182 826 3232 καὶ
858 3177 925 3232 ἂν
953 3179 1270 3249 κεισόμενω
1308 3180 1390 3243 είς
1430 3178 1752 3250 παρόραμα,
1780 3179 1832 3234 ει

1944 3171 2168 3239 sulcata,
2201 3187 2364 3248 atque
2405 3181 2457 3234 in
2500 3183 2811 3250 despectum
2851 3201 3066 3254 casura,
3103 3189 3202 3243 nisi
3236 3190 3515 3261 eleganter

268 3267 344 3337 μὴ
370 3267 523 3320 καλλι
531 3269 637 3340 ῤῥη
645 3269 934 3339 μονοῦντες
953 3270 1006 3322 oi
1031 3269 1285 3340 κωμῳδοὶ
1305 3270 1576 3340 ιπὴγοντο
1601 3269 1703 3332 τὰς
1724 3269 1833 3323 τῶν

263 3357 476 3411 θεατῶν
505 3359 698 3427 ἀκοὰς,
744 3359 842 3415 καὶ
875 3358 1021 3413 οὕτω
1064 3360 1470 3430 πλατυνάμενοι
1501 3357 1837 3431 περιεσώθη-

266 3463 367 3502 σαν
405 3449 488 3512 εῖς
538 3450 848 3518 ἀνάγνωσιν
897 3453 1012 3515 τοῖς
1061 3451 1296 3521 ἑλλόγως
1351 3450 1595 3520 βιοῦσινο
1646 3451 1700 3505 οῖ
1739 3450 1834 3504 τοῦ

265 3539 480 3594 ἐκεῖθεν
513 3542 710 3611 μυελοῦ
742 3543 1120 3615 κερδαίνοντες
1147 3543 1550 3616 ἀπόρριπτοῦσι
1576 3542 1646 3596 τὰ
1679 3541 1834 3608 ὀστᾶ,

263 3634 359 3688 καὶ
390 3633 525 3688 ἀλλο
555 3634 614 3688 δι
643 3637 773 3703 πᾶν,
798 3637 922 3692 ὅσον
946 3635 1021 3708 μὴ
1047 3636 1324 3708 νόστιμον,
1353 3638 1435 3700 είς
1457 3636 1832 3704 ἐξουθένωσιν.

333 3751 407 3820 η’.
437 3748 550 3802 Καὶ
573 3746 716 3803 οὕτω
741 3748 840 3820 μὲν
860 3751 1012 3821 τρεῖς
1040 3741 1202 3805 αὗται
1225 3747 1460 3803 παλαιαὶ
1489 3747 1834 3820 ὑποκρίσεις,

261 3842 330 3910 τῇ
375 3839 480 3910 μὲν
512 3841 892 3912 μεταχειρίσει
926 3841 1200 3914 διάφοροι,
1231 3840 1510 3912 ἐλλόγιμοι
1558 3840 1617 3894 δὲ
1659 3839 1836 3903 ἄλλως

263 3932 364 3986 καὶ
417 3934 723 4002 ὲπαγωγοὶ,
770 3933 1079 4006 ἀνθήσασαι
1136 3931 1405 3988 ἀνέκαθεν
1467 3930 1686 4004 χρόνου,
1739 3932 1838 3984 καὶ

263 4023 482 4095 καρπὸν
519 4024 577 4078 δὲ
607 4023 932 4093 ἑνεγκοῦσαι
959 4025 1160 4090 πᾶσαι,
1189 4024 1222 4093 ἡ
1253 4023 1353 4094 μὲν
1377 4021 1588 4077 παλαιὰ
1616 4021 1835 4091 θαυμά-

264 4136 404 4184 σιον,
434 4120 470 4189 ἡ
501 4117 732 4190 δευτέρα
758 4117 817 4172 δὲ
844 4119 939 4172 καὶ
970 4118 1129 4189 τρίτη
1151 4117 1262 4170 οὐδ’
1293 4117 1456 4172 αὑταὶ
1488 4117 1666 4191 πάντῃ
1702 4118 1838 4174 ἀπό-

263 4205 483 4279 ϐλητον,
515 4206 796 4272 ἐξώλοντο.
844 4208 1110 4278 Ἀνεφὰνη
1159 4206 1217 4262 δὲ
1245 4207 1481 4279 τετάρτη
1520 4209 1638 4280 μετ’
1693 4209 1838 4263 ὲκεί-

261 4316 384 4364 νας.
416 4297 544 4352 οὔτε
573 4300 810 4368 ελλογος,
836 4297 958 4351 οὐδὲ
992 4299 1098 4369 μὴν
1132 4299 1314 4368 ἀγαθὴ
1342 4299 1480 4363 ὅλως
1510 4300 1588 4363 είς
1631 4299 1832 4372 ψυχὴν,

257 4391 358 4445 καὶ
382 4392 470 4446 διὰ
502 4391 662 4445 τοῦτο
695 4390 1020 4464 ἔρεθίζουσοι
1052 4388 1177 4453 τοὺς
1207 4389 1495 4458 φιλοῦντας
1525 4391 1587 4444 τὸ
1613 4391 1832 4462 ἀληθὲς,

1935 3261 2218 3333 loquentes
2242 3270 2470 3324 comcedi
2497 3283 2859 3341 spectatorum
2883 3277 3245 3346 captivassent
3271 3281 3513 3337 auditum

1934 3365 1990 3412 et
2018 3357 2091 3412 ita
2115 3357 2294 3415 dill'usi
2319 3363 2519 3418 servati
2537 3364 2765 3423 fuissent
2794 3369 2863 3424 ad
2894 3369 3245 3426 instruendus
3275 3374 3516 3429 rationa-

1941 3451 2126 3508 biliter
2188 3456 2433 3514 viventes
2475 3475 2493 3517 :
2533 3461 2625 3530 qui
2657 3461 2947 3518 medullam
2978 3464 3331 3534 excipientes,
3386 3483 3514 3524 ossa

1945 3543 2226 3613 rcjiciunt,
2247 3556 2304 3604 et
2333 3549 2480 3606 aliud
2513 3566 2694 3621 omne,
2724 3555 3079 3628 quodcunque
3110 3572 3220 3613 non
3245 3569 3330 3616 est
3360 3561 3511 3630 utile,

1935 3647 2283 3696 aversantur.

2006 3749 2060 3804 8.
2101 3747 2168 3804 Et
2223 3751 2294 3805 ita
2352 3751 2570 3822 quidem
2623 3763 2732 3810 tres
2785 3755 2891 3812 illa:
2949 3765 3161 3817 veteres
3212 3763 3514 3833 comoediae,

1937 3846 2172 3893 tractatu
2206 3840 2422 3910 quidem
2479 3842 2727 3910 diversae,
2775 3843 2995 3902 aliunde
3037 3863 3166 3904 vero
3192 3851 3432 3923 insignes
3459 3866 3514 3911 et

1935 3930 2004 3983 ad
2036 3929 2372 3983 suadendum
2403 3940 2542 4001 aptat
2564 3973 2581 4000 ,
2619 3929 2741 4001 quas
2766 3949 2794 3986 a
2850 3934 3012 4003 longo
3040 3947 3282 4007 tempore
3314 3943 3513 3999 ﬂorue-

1939 4030 2066 4075 runt
2099 4029 2155 4076 et
2186 4020 2420 4077 fructum
2465 4024 2707 4080 tulerunt
2745 4040 2955 4094 omnes,
2985 4028 3074 4083 illa
3115 4031 3332 4100 quidem
3367 4037 3513 4089 anti-

1937 4127 2044 4182 qua
2104 4113 2432 4180 mirabilem,
2483 4117 2722 4171 secunda
2779 4133 2908 4173 vero
2953 4133 3016 4174 ac
3047 4123 3201 4176 tertia
3249 4141 3351 4180 nec
3385 4125 3516 4196 ipsa

1935 4217 2160 4274 prorsus
2213 4202 2608 4273 abjiciendum,
2661 4208 2966 4278 perierunt.
3013 4209 3278 4282 Apparuit
3331 4227 3512 4273 autem

1935 4305 2058 4364 post
2088 4295 2208 4350 illas
2240 4306 2459 4366 quarta,
2496 4312 2598 4354 nec
2643 4299 2952 4368 rationalis,
3015 4319 3114 4359 nee
3167 4319 3391 4374 prorsus
3441 4309 3512 4365 ad

1939 4389 2172 4443 animam
2198 4389 2430 4456 utilis,ct
2455 4390 2576 4446 ideo
2603 4393 2712 4446 veri
2735 4403 3004 4449 atnatures
3052 4398 3300 4455 excitans
3331 4405 3510 4470 quoad

257 4485 432 4555 ὁμόσε
477 4487 680 4557 χωρεῖν
729 4484 809 4556 τῷ
841 4485 963 4538 κατ’
1005 4483 1176 4554 αὐτῆς
1218 4483 1393 4554 ψόγῳ,
1427 4482 1570 4536 καθὰ
1609 4482 1834 4553 πρώτην

1944 4481 2382 4536 consentiendum
2457 4483 2511 4536 in
2577 4483 2692 4552 ejus
2738 4486 3206 4557 vituperationem,
3256 4500 3507 4562 tanquam

258 4577 572 4647 ἀράξαντες
630 4577 792 4645 λόγου
845 4575 1072 4646 βαλὸῑδα
1121 4572 1563 4644 ὐπεκρουόμεθα.
1605 4573 1716 4627 Καὶ
1748 4573 1837 4628 οῐα

257 4670 364 4740 μὲν
403 4671 505 4740 τὴν
536 4669 712 4740 ἀρχὴν
749 4669 807 4721 ὲν
851 4665 1160 4736 ἀνθρώποις
1189 4663 1601 4726 ἐπολιτεύσατο.
1646 4666 1748 4718 οὐκ
1769 4665 1836 4719 ἂν

254 4760 438 4812 εἰπεῖν
469 4758 585 4828 ἔχοι
624 4757 821 4828 μικρὸς
853 4755 1170 4825 ἀκρίϐειαν.
1213 4751 1637 4807 Ἐπολιτεύσατο
1685 4752 1837 4825 stay

255 4850 509 4913 πάντως,
537 4849 681 4903 καθά
716 4848 816 4902 οὐκ
844 4847 1038 4918 ἀγαπᾷ
1069 4849 1097 4900 ό
1129 4845 1284 4911 Θεός.

333 4962 404 5020 θ’.
439 4966 560 5018 Ἔτι
584 4963 766 5016 θετέον
793 4965 873 5025 εἰς
901 4963 1247 5034 ὑποκρίσεως
1265 4961 1430 5016 τόπον
1452 4959 1548 5015 καὶ
1575 4958 1674 5032 τὴν
1697 4959 1838 5014 κατά

249 5058 352 5112 τὸν
381 5058 694 5128 ἀρχέκακον
733 5057 859 5124 ὅφιν
901 5055 1108 5109 ἐκεῖνον
1134 5054 1517 5126 ψευδαπόιτην,
1551 5053 1651 5123 τὴν
1679 5051 1838 5122 ψίθυ-

251 5167 377 5221 ρον.
409 5148 524 5202 Νῦν
555 5149 614 5201 δὲ
659 5146 932 5216 ἀκμάζειν
964 5145 1161 5212 ἔοικεν,
1191 5147 1302 5200 εἴτε
1337 5145 1577 5215 σφριγᾷν
1620 5143 1717 5197 καὶ
1745 5147 1837 5211 ὀρ·

251 5240 371 5310 μᾷν
404 5240 498 5291 καὶ
520 5237 808 5307 τεθηλέναι
844 5238 924 5300 είς
961 5235 1176 5307 καρπὸν
1209 5235 1437 5304 σαπρόν.
1480 5233 1615 5304 Ἐμὲ
1656 5235 1836 5287 τοίνυν

248 5329 449 5395 αὐτὸν,
481 5330 575 5382 τὸν
603 5329 732 5399 ἀρτι
771 5327 926 5381 τοῦδε
953 5328 1048 5381 τοῦ
1087 5326 1262 5381 κακοῦ
1306 5326 1651 5397 ξυγγραφέα,
1680 5325 1835 5393 ὲξόλ-

244 5423 416 5476 λυσιν
446 5425 477 5493 ἡ
511 5421 707 5493 μιαρά.
763 5421 874 5474 Καὶ
903 5421 1009 5492 γάρ
1047 5438 1130 5473 τοι
1182 5420 1571 5490 κατακώχιμος
1620 5417 1696 5471 ὢν
1733 5435 1835 5488 μυ-

247 5514 408 5586 ρίαις
437 5514 680 5578 κακίαις,
711 5513 897 5586 μήπου
926 5512 981 5565 δὲ
1009 5513 1103 5566 καὶ
1132 5511 1396 5577 ἀπάσαις,
1425 5509 1835 5580 διαλελὼὅημαι

246 5606 361 5660 καί.
390 5605 492 5658 ὑπὸ
518 5608 741 5676 ταύτης,
768 5605 842 5667 ὡς
869 5606 968 5658 οὐκ
990 5599 1169 5674 οἶμαι,
1201 5604 1254 5658 εί
1277 5621 1358 5668 τις
1389 5603 1550 5666 ἄλλος
1579 5602 1687 5654 τῶν
1714 5601 1834 5655 κατ’

247 5696 392 5766 ἐμὲ.
421 5698 546 5750 Δέον
577 5695 710 5765 γοῦν
751 5714 884 5750 ποτε
935 5694 1128 5768 χολᾷν,
1168 5696 1253 5766 ἐφ’
1295 5689 1375 5758 οἷς
1423 5693 1836 5765 πραγματικῶς

243 5789 565 5852 διάκειμαι,
615 5791 1007 5857 ἀνακαγχάζω,
1053 5789 1410 5857 ἐπικρύπτων
1459 5787 1718 5855 ἐμαυτὸν,
1757 5786 1834 5850 ὡς

1946 4571 2120 4640 prima
2160 4573 2430 4628 sermonis
2479 4575 2736 4644 repagula
2779 4577 3159 4635 ahscindentcs
3213 4582 3514 4638 insinuavi-

1945 4678 2084 4718 mus.
2137 4663 2268 4730 Quae
2293 4665 2504 4732 qualem
2571 4668 2622 4720 in
2687 4667 2994 4722 hominibus
3055 4684 3115 4724 se
3173 4675 3398 4742 gesserit
3442 4677 3512 4732 ab

1943 4753 2154 4824 origine
2186 4756 2369 4810 dicere
2413 4772 2518 4811 non
2551 4767 2734 4827 posset
2772 4759 2872 4812 nisi
2923 4769 3114 4816 auctor
3147 4766 3359 4833 gravis;
3415 4769 3514 4825 sed

1948 4847 2171 4900 omnino
2219 4847 2387 4902 vitam
2441 4848 2590 4916 degit
2641 4849 2851 4918 qualem
2900 4867 3005 4906 non
3042 4865 3185 4910 amat
3212 4857 3368 4913 Deus.

2013 4959 2068 5015 9.
2108 4961 2418 5018 Ponendum
2475 4973 2560 5019 est
2596 4965 2772 5022 adhuc
2829 4967 2885 5023 in
2927 4976 3044 5023 arte
3101 4972 3314 5027 scenica
3369 4973 3515 5030 illam

1943 5065 2063 5121 quae
2086 5052 2380 5106 secundum
2412 5062 2688 5108 auctorem
2725 5053 2896 5110 totius
2935 5055 3308 5127 maliserpens
3347 5059 3516 5116 sedu-

1943 5143 2084 5198 ctrix
2142 5151 2266 5208 est,
2325 5155 2698 5200 susurrantem
2764 5145 2906 5202 dico.
2969 5145 3120 5202 Nunc
3188 5161 3364 5204 autem
3413 5151 3511 5207 ﬂo-

1943 5251 2158 5290 rescere
2207 5236 2441 5302 videtur,
2496 5236 2610 5292 sive
2673 5237 3000 5307 germinare,
3047 5254 3399 5310 prorumpere
3449 5260 3515 5301 ac

1942 5326 2092 5380 abire
2143 5325 2199 5379 in
2256 5325 2490 5381 fructum
2545 5327 2848 5396 putridum.
2905 5331 3101 5387 Memet
3169 5334 3376 5392 scilicet
3431 5338 3513 5408 ip-

1942 5429 2436 5488 sum,praesentem
2466 5420 2625 5488 hujus
2670 5422 2796 5476 mali
2861 5423 3278 5494 descriptorem,
3338 5431 3514 5498 perdit
3583 5445 3585 5447 ‘

1941 5513 2116 5566 bestia
2142 5513 2228 5566 illa
2266 5512 2549 5566 scelerata.
2574 5513 2784 5568 Etenim
2817 5517 3046 5571 traditus
3091 5518 3515 5586 milleiniquita-

1943 5603 2106 5666 tibus,
2146 5605 2300 5659 sinon
2345 5604 2622 5672 omnibus,
2684 5601 2832 5663 abea
2886 5609 3198 5663 dill‘amntus
3257 5625 3399 5668 sum,
3453 5621 3512 5664 ut

1944 5694 2140 5758 nullus,
2169 5706 2318 5765 puto,
2342 5697 2470 5751 mihi
2490 5699 2796 5767 teqitaliu-m.
2821 5699 3043 5770 Oportet
3061 5701 3202 5754 enim
3226 5700 3514 5767 aliquando

1944 5791 2006 5842 de
2033 5787 2259 5858 negotiis
2282 5789 2476 5860 quibus
2498 5791 2699 5862 insum,
2721 5781 2902 5852 vexari
2938 5793 3130 5861 bilem;
3155 5789 3250 5849 sed
3287 5791 3515 5850 abscon-
