3804 6238
415 361 522 426 3Ἱ⁴3

1090 355 1516 418 ΕΗΒΤᾹΤΗΙΙ
1561 351 1994 414 THESSALUF

2100 353 2319 414 ENSIS
2353 355 2917 418 METIiOPOLIT/E

3562 355 3657 416 $.80

415 481 549 531 dens
582 491 669 531 me
705 475 839 531 sicut
873 487 1117 544 possum,
1149 472 1318 527 rideo.
1376 471 1569 527 Essent
1611 471 1826 541 quidam
1856 488 1884 526 a
1918 487 1994 528 me

2105 470 2216 541 ἐγὼ
2240 467 2378 527 οἶδα.
2411 474 2540 527 Δέον
2569 473 2632 526 ὂν
2673 474 2954 548 ἀφορίζειν
2995 473 3149 537 τινὰς
3182 473 3278 529 ἀπ’
3311 474 3468 546 ἐμοῦ,
3497 477 3658 543 ἀγκα-

412 570 765 640 segrcgamli:
791 569 884 624 sed
912 569 1085 636 magis
1110 567 1230 620 illos
1258 563 1326 619 ad
1350 564 1560 635 negotia
1595 577 1836 619 reservo.
1859 563 1999 618 Cau-

415 679 532 717 sam
560 669 831 732 oporteret
872 660 1164 716 defendere
1197 675 1212 714 :
1240 667 1391 714 taceo
1441 658 1493 712 in
1527 657 1790 729 judicium
1840 657 1994 712 mihi.

416 753 486 808 Ut
535 754 712 806 omnia
749 751 1074 807 brevissime
1122 750 1298 805 dicam
1321 792 1336 817 ,
1366 749 1683 820 plerumque
1723 747 1996 802 sincerum

414 845 592 898 \it‘um
641 845 892 898 mentior.
950 842 1162 897 Utinam
1211 845 1427 897 tandem
1476 856 1582 895 non
1629 854 1850 910 prorsus
1899 837 1999 891 fai-

414 938 520 1001 lar,
567 949 617 992 te
665 952 894 1007 precor,
943 936 1085 991 Deus
1139 935 1410 1002 Salvator,
1461 934 1556 1005 qui
1601 948 1762 1003 super
1792 947 1876 987 me
1903 943 1998 1001 po-

414 1028 572 1082 suiSti
615 1038 1053 1099 manum;tuam.
1100 1027 1214 1082 [loc
1241 1028 1405 1098 igitur
1430 1041 1600 1082 unum
1631 1042 1736 1081 non
1779 1025 1996 1091 simulo,

413 1121 779 1185 sanctitatem,
813 1135 844 1175 a
878 1134 982 1188 qua
1016 1129 1257 1176 remotus
1290 1133 1433 1186 sum,
1485 1133 1590 1173 non
1620 1117 1958 1172 solummodo
1981 1156 1996 1181 ,

421 1233 437 1264 ο
479 1221 740 1280 quantum
783 1227 814 1266 a
863 1223 1004 1266 terra
1057 1212 1219 1265 distat
1269 1211 1491 1273 coelum,
1524 1228 1543 1262 ι
1581 1211 1699 1277 sed,
1731 1209 1775 1263 si
1811 1208 1994 1263 siclo-

419 1307 510 1372 qui
543 1304 687 1365 licet,
733 1310 991 1372 quantum
1033 1317 1097 1355 ex
1129 1301 1526 1370 superterrenis
1557 1301 1622 1353 ad
1666 1299 1820 1354 fictos
1853 1299 1997 1352 anti-

423 1396 589 1465 podes
635 1395 870 1464 spatium
924 1395 1116 1447 currit.
1168 1393 1308 1448 Ecce
1363 1392 1660 1463 pessimum
1711 1391 1996 1460 memetip—

420 1506 538 1543 sunt
569 1487 877 1541 manifesto.
907 1484 1020 1539 Non
1058 1485 1200 1538 enim
1248 1485 1548 1539 sinceritati
1612 1484 1992 1553 memetipsum

415 1581 682 1635 fallaciter
719 1578 981 1644 inscriho,
1024 1578 1320 1632 secundum
1357 1576 1650 1646 plerosque
1678 1590 1868 1636 eorum
1902 1575 1992 1644 qui

411 1682 540 1726 sunt
598 1672 742 1724 circa
800 1685 918 1733 nos,
963 1682 1061 1736 ego
1115 1667 1207 1736 qui
1283 1666 1446 1720 etiam
1532 1664 1753 1719 frivolos
1818 1664 1993 1720 homi-

411 1781 508 1820 nes
533 1765 670 1818 inter
691 1761 862 1816 aniles
889 1769 943 1815 et
972 1758 1181 1815 \etulos
1209 1767 1263 1813 et
1287 1759 1538 1829 stupidos
1573 1772 1840 1823 numero;
1893 1771 1990 1812 nec

414 1875 567 1928 teque
600 1860 814 1914 cunctis
851 1857 902 1910 in
934 1855 1228 1909 amicitiam
1262 1855 1686 1924 imprudentem,
1723 1853 1990 1910 blandito-
2022 1833 2066 1888 Β

415 1966 538 2007 rem
570 1966 658 2006 me
685 1950 918 2021 praebeo.
949 1946 1173 2013 Verum,
1202 1947 1391 2002 stricte
1415 1959 1628 2017 semper
1653 1963 1772 2018 qua:
1801 1961 1992 2002 secun-

416 2042 545 2102 dum
578 2041 741 2098 Deum
772 2045 888 2106 est,
937 2037 1260 2094 charitatem
1307 2038 1658 2106 amplectens,
1717 2033 1990 2091 nihilomi-

413 2152 518 2192 nus
548 2135 808 2189 invitante
837 2141 1103 2200 tempore,
1133 2137 1321 2184 contra
1357 2128 1617 2181 malitiam
1651 2127 1811 2193 latro,
1847 2126 1996 2180 dixe-

412 2229 483 2281 rit
530 2227 617 2280 ille
674 2225 949 2294 malignus
988 2223 1079 2291 qui
1141 2219 1465 2276 laudabilem
1521 2219 1994 2288 reprehensionem

419 2324 474 2376 in
538 2320 744 2375 latratu
809 2317 1000 2386 ponit;
1056 2323 1110 2369 et
1168 2327 1343 2384 neque
1405 2313 1753 2383 paciscerer,
1822 2325 1998 2376 neque

418 2411 800 2482 complectenti
828 2410 1194 2471 eoadunarer,
1229 2406 1332 2470 etsi
1368 2405 1708 2460 simultatem
1745 2403 1878 2457 mihi
1905 2417 2000 2464 ex-

415 2507 681 2574 probrans
705 2511 1066 2570 rumperetur.
1100 2496 1234 2553 Cum
1279 2496 1407 2550 ﬂere
1459 2503 1696 2564 oportet,
1746 2507 1854 2548 non
1883 2492 1996 2547 risu

413 2596 706 2652 sardonito
743 2602 883 2648 utar.
917 2589 1014 2646 Est
1068 2603 1281 2659 quoque
1343 2589 1474 2641 mihi
1534 2584 1818 2640 rationalis
1859 2583 1996 2638 laeti-

417 2689 505 2742 tiae
557 2686 795 2751 occasio,
827 2698 950 2738 cum
1003 2696 1132 2743 non,
1200 2677 1492 2732 contractis
1546 2675 1850 2745 superciliis
1897 2686 1999 2729 nec

417 2779 581 2836 labiis
613 2775 949 2840 constrictis,
986 2771 1194 2828 sull'ocu
1222 2771 1515 2841 gaudium,
1555 2769 1688 2823 illud
1729 2769 1876 2822 intus
1905 2781 2000 2836 per

417 2873 731 2944 hypocrisin
783 2883 1134 2938 compOnens.
1181 2864 1297 2919 Non
1357 2863 1675 2920 simulanter
1718 2862 1998 2916 laudarem

417 2982 580 3039 quem
618 2981 725 3020 non
755 2965 942 3033 diligo,
973 2963 1167 3030 linguze
1225 2959 1456 3030 gratiam
1500 2958 1703 3026 ﬁngens
1751 2956 1996 3011 adulato-

417 3063 587 3121 riam,
639 3069 762 3110 cum
812 3053 978 3108 etiam
1043 3048 1411 3104 adulationem
1470 3048 1586 3101 scio
1647 3048 1995 3117 pr0paginem

417 3165 596 3220 prava:
620 3141 1251 3218 stipitis,simulationis.
1297 3139 1412 3193 Non
1466 3140 1593 3192 item
1645 3138 1992 3191 sobrietatem
2023 3181 2066 3240 C

421 3244 659 3312 fingam,
691 3238 860 3293 satius
895 3236 1102 3290 ducens
1148 3241 1360 3301 captum
1414 3230 1676 3284 ebrietate
1719 3244 1803 3284 me
1829 3229 1996 3284 videri

422 3350 585 3404 quam
641 3330 909 3384 fallaciter
930 3341 1026 3394 pro
1069 3325 1290 3379 hctnine
1323 3322 1508 3376 sobrio
1547 3319 1996 3374 haberi.Manum

425 3427 632 3482 habens
656 3437 836 3478 messe
866 3434 987 3492 qua:
1017 3417 1163 3474 venit
1191 3433 1221 3472 a
1245 3417 1351 3471 Deo
1364 3416 1602 3485 plenam,
1629 3414 1864 3472 lructum
1889 3427 1997 3469 non

421 3515 774 3577 abscondam,

496 3610 586 3665 10.
607 3609 865 3675 Uttotutn
901 3603 1171 3658 declarem
1194 3640 1208 3667 ,
1244 3597 1644 3654 simulationem
1664 3612 1784 3668 ego,
1817 3605 1876 3650 ut
1907 3595 1996 3666 qui

423 3702 659 3758 maxime
695 3713 762 3752 ex
793 3695 1082 3759 omnibus,
1119 3693 1170 3747 in
1216 3693 1342 3747 odio
1407 3689 1601 3744 habeo.
1649 3687 1760 3742 lloc
1819 3699 1996 3743 autem

421 3799 544 3852 dico
575 3809 678 3847 non
711 3791 981 3862 glorians,
1009 3786 1412 3858 Astydamantis
1449 3786 1646 3853 instar,
1679 3793 1740 3840 ut
1767 3783 1993 3858 dicitur,

419 3888 517 3945 sed
555 3887 854 3943 secundum
891 3882 1300 3936 accurationem
1333 3879 1516 3934 studio
1541 3878 1761 3946 proprio
1803 3875 1996 3928 immu-

425 3992 572 4032 nem.
616 3975 852 4029 Prorsus
891 3972 1036 4026 enim
1084 3970 1284 4023 malum
1316 3969 1458 4023 istud
1519 3968 1782 4044 detestor,
1829 3972 1882 4018 et
1929 3962 1996 4016 ab

419 4069 539 4143 illo,
599 4074 862 4132 quantum
923 4074 1146 4129 possum
1199 4058 1434 4112 declino.
1490 4056 1546 4112 Si
1607 4069 1735 4110 vero
1803 4055 1854 4107 in
1914 4055 1996 4109 bis

419 4163 562 4216 forte
589 4159 818 4211 diversae
873 4151 1170 4206 locutionis
1231 4149 1549 4223 convincar,
1601 4147 1728 4201 hinc
1779 4146 1996 4214 quidem

425 4249 804 4315 memetipsum
844 4256 1111 4296 accusans
1133 4240 1200 4295 de
1245 4253 1397 4293 more
1423 4238 1785 4302 simulatorio,
1853 4237 1998 4291 sicut

426 4345 538 4416 jam
581 4349 738 4395 antea
785 4333 1074 4390 confessus
1110 4346 1228 4386 sum
1253 4381 1269 4406 ,
1308 4330 1454 4383 illinc
1505 4336 1683 4383 autem
1732 4331 1877 4384 idem
1907 4346 2000 4385 ne-

425 4451 584 4507 gans,
618 4443 747 4486 ecce
782 4425 913 4481 mihi
951 4423 1133 4478 factus
1169 4421 1467 4477 advocatus
1505 4423 1560 4473 in
1592 4421 1818 4474 veritate
1873 4421 1997 4476 dico

2099 564 2321 634 λίζομαι
2355 565 2482 630 τοὺς
2515 566 2820 630 τοιούτους
2848 565 3515 640 πραγματευτικώτερον·
3550 567 3660 621 δέον

2097 656 2640 728 δικαιολογήσασθαι,
2665 659 2801 713 ἀλλὰ
2827 659 3079 730 ἐχεμυθῶ
3111 661 3190 722 είς
3219 663 3393 729 κρῖμα
3428 660 3567 729 ἐμοί.
3595 660 3661 713 Th

2101 753 2210 804 πᾶν
2240 753 2298 804 ἐν
2335 751 2662 822 βραχυτάτῳ
2709 754 2916 806 είπεῐνο
2954 753 3224 824 ψεύδομαι
3263 753 3355 806 τὸν
3394 751 3555 823 ὀρθὸν
3583 753 3658 806 ἄν·

2101 843 2324 912 θρωπον
2349 844 2419 897 τά
2448 844 2636 899 πολλά.
2663 846 2754 917 Μὴ
2779 845 2888 915 γάρ
2927 863 3015 916 μοι
3045 842 3258 914 γένοιτο
3282 847 3337 908 ἐς
3381 845 3441 898 es
3471 861 3662 897 παντε-

2099 934 2210 1000 λὲς,
2245 936 2340 1006 μὴ,
2370 929 2416 990 ὧ
2445 935 2550 990 Θεέ
2577 936 2785 1009 Σῶτερ,
2813 940 2841 991 ό
2872 937 2968 992 καὶ
3003 936 3083 1001 εἰς
3121 937 3221 1008 ἐμὲ
3241 935 3352 1000 θεὶς
3379 934 3479 1006 τὴν
3509 937 3662 1007 χεῖρα

2101 1044 2222 1082 σου.
2267 1030 2368 1082 Ἕν
2398 1030 2529 1098 γοῦν
2573 1030 2750 1083 ἐκεῖνο
2781 1031 2880 1101 οὑχ
2925 1030 3318 1100 ὑποκρίνομαι,
3356 1029 3455 1100 τὴν
3511 1029 3662 1097 ἁγιό-

2096 1137 2256 1194 τητα,
2291 1118 2359 1194 ἦς
2386 1122 2758 1192 ἀφιστάμενος
2788 1122 2851 1175 οὑ
2887 1119 3070 1190 μόνον,
3105 1141 3122 1174 ι
3154 1121 3277 1174 ὅσον
3306 1119 3533 1190 οὐρανός
3559 1120 3659 1172 ἐστ’

2097 1215 2208 1268 ἀπὸ
2231 1216 2418 1286 γαίης,
2451 1235 2470 1268 ι
2500 1215 2615 1269 ἀλλ’
2641 1216 2802 1286 εῐπερ
2835 1211 2903 1288 ἧν
2932 1217 3132 1280 εἰπεῖν,
3167 1214 3263 1268 καὶ
3297 1215 3421 1266 ὅσον
3471 1215 3536 1266 ἐκ
3562 1212 3662 1265 τῶν

2099 1308 2407 1380 ὑπεργεῐων
2425 1310 2643 1374 είςτοὺς
2661 1309 3049 1379 ἐννοουμένους
3065 1305 3376 1369 ἀντίποδας.
3397 1306 3664 1374 Ἐκφαίνω

2097 1401 2336 1472 ἐμαυτὸν
2362 1402 2472 1456 ἰδοὺ
2503 1401 2892 1473 περιπόνηρον.
2925 1399 3064 1453 Οὑτε
3098 1397 3208 1469 γὰρ
3242 1399 3320 1460 είς
3351 1395 3659 1450 άπλαστίαν

2097 1495 2333 1563 ἐμαυτὸν
2369 1493 2734 1565 ψευδογραφῶ
2767 1491 2910 1546 κατά
2943 1493 3070 1555 τοὺς
3119 1491 3336 1554 πλείους
3385 1489 3499 1541 τῶν
3543 1489 3663 1559 περὶ

2096 1588 2268 1658 ἡμᾶς,
2296 1589 2324 1641 ὁ
2371 1588 2468 1641 καὶ
2515 1588 2642 1650 τοὺς
2685 1585 2912 1648 άὸαθεῖς
2956 1582 3280 1654 ἀνθρώπους
3316 1581 3398 1643 είς
3440 1597 3664 1650 μαμμα.

2095 1679 2324 1744 κούθους
2360 1681 2454 1734 καὶ
2507 1678 2826 1750 πολυώρους
2862 1678 2960 1731 καὶ
3011 1675 3282 1746 μελιτίδας
3331 1672 3661 1742 ἐγγράφων·

2095 1774 2217 1828 οὐδὲ
2249 1773 2355 1845 μὴν
2394 1772 2593 1840 ἐπίσης
2639 1772 2845 1824 ἅπασιν
2875 1770 2952 1832 ὡς
2997 1769 3055 1830 ἐς
3091 1766 3282 1836 φιλίαν
3331 1764 3665 1826 ἀδιακρίτως

2097 1866 2482 1937 προσφέρομαι
2525 1864 2764 1935 άρέσκου
2793 1861 2974 1930 δίκην.
3022 1859 3185 1914 Ἀλλά
3216 1858 3464 1928 στέργων
3499 1853 3664 1926 ὀρθῶς

2096 1958 2183 2010 ἀεὶ
2209 1956 2308 2028 τὴν
2336 1957 2478 2011 κατά
2501 1956 2634 2010 Θεὸν
2665 1955 2908 2025 ἀγάπην,
2932 1955 3081 2024 ὅμως
3113 1950 3308 2021 καιροῦ
3339 1949 3665 2010 καλέσαντος

2097 2048 2430 2102 καθυλακτῶ
2462 2047 2557 2102 τοῦ
2592 2046 2786 2112 κακοῦ,
2810 2046 2958 2099 εἴποι
2985 2045 3054 2099 ἂν
3083 2045 3290 2106 ἐκεῖνος
3320 2043 3348 2094 6
3376 2043 3572 2106 κακδς,
3611 2041 3665 2100 ὃς

2096 2141 2190 2194 τὸν
2214 2139 2499 2194 ἐπαινετὸν
2532 2139 2756 2210 ἔλεγχον
2787 2139 2870 2203 είς
2903 2138 3149 2208 βαῦσμὸν
3181 2135 3367 2204 τίθησι
3393 2151 3410 2166 ·
3439 2135 3539 2187 καὶ
3569 2133 3664 2186 οὐκ

2097 2235 2164 2290 ἂν
2195 2235 2320 2288 οὔτε
2366 2233 2788 2304 συναλλάξαιμι,
2820 2231 2944 2284 οὔτε
2975 2229 3338 2299 ἀσπαζομένῳ
3387 2242 3666 2297 «patrsz-

2099 2329 2272 2400 θείην,
2307 2327 2410 2382 κᾶν
2434 2324 2759 2397 διαρῤαγείη
2792 2322 3072 2377 ἐπικαλῶν
3094 2339 3184 2392 μοι
3207 2319 3266 2374 τὺ
3307 2319 3666 2389 μνησίκακον.

2098 2419 2351 2476 κλαῦσαι
2377 2419 2600 2487 δεῆσαν,
2631 2418 2732 2470 οὑκ
2755 2415 2822 2470 ἂν
2853 2415 3137 2480 ἐκγελάσω
3163 2407 3472 2484 σαρδόνιον.
3519 2411 3670 2462 Ἔστι

2103 2531 2195 2584 μοι
2235 2514 2328 2566 καὶ
2351 2512 2636 2582 χαρμονῆς
2663 2510 2886 2576 ἐλλόγου
2917 2512 3131 2577 καιρὸς,
3162 2509 3253 2560 ὅτι
3297 2506 3397 2559 οὑκ
3441 2504 3511 2558 ἂν
3548 2519 3671 2556 συν-

2100 2603 2324 2673 αγαγὼν
2359 2603 2458 2665 τὰς
2499 2602 2692 2672 ὀφρῦς,
2723 2602 2818 2656 καὶ
2860 2601 2930 2653 τὰ
2953 2599 3109 2672 χείλη
3151 2597 3472 2666 συσφίγξας,
3507 2594 3672 2659 πνίξω

2101 2696 2382 2757 συστείλας
2421 2694 2519 2764 τὴν
2565 2693 2743 2764 χαρὰν
2793 2693 2946 2755 ἐντὸς
2992 2689 3384 2762 ὑποκριτικῶς.
3442 2688 3561 2742 Οὑκ
3609 2686 3672 2744 ἀν

2100 2787 2538 2857 ὑποκρινάμενος
2572 2785 2949 2855 ἐπαινέσαιμι,
2979 2783 3038 2838 ὃν
3067 2784 3132 2837 οὑ
3161 2782 3320 2852 φιλῶ,
3345 2779 3673 2850 ψευδόμενος

2099 2881 2350 2952 γλώσσης
2385 2881 2544 2950 χάριν
2579 2877 3036 2949 κολακικώτερον,
3070 2877 3191 2931 ἐπεί
3222 2893 3306 2929 τοι
3328 2877 3423 2928 καὶ
3455 2872 3556 2943 τὴν
3588 2888 3676 2924 κο-

2097 2973 2325 3034 λακείαν
2351 2971 2680 3042 παραφυάδα
2715 2965 2832 3024 οἶδα
2851 2969 3054 3036 φαύλου
3075 2969 3379 3036 στελέχους,
3420 2964 3523 3034 τῆς
3542 2964 3674 3016 ὑπο-

2098 3064 2354 3134 κρίσεως.
2389 3061 2464 3115 os
2500 3061 2942 3132 προσποιήσομαι
2977 3059 3097 3112 οὑδέ
3129 3057 3191 3110 τὸ
3222 3051 3675 3126 ἐγκρατευτικόν.

2101 3155 2318 3210 Βέλτιον
2375 3153 2661 3223 ἡγήσομαι
2722 3149 3057 3221 κατάσχετος
3117 3149 3258 3219 μέθῃ
3314 3143 3676 3214 ἐκφανθῆναι,

2100 3251 2245 3322 ἥπερ
2269 3244 2789 3318 ψευδογραφηθῆναι
2830 3243 2968 3311 πρὸς
3009 3239 3336 3310 νηστευτήν.
3385 3235 3675 3304 Πεπληρο-

2100 3339 2414 3410 φορημένος
2461 3339 2558 3404 τὴν
2589 3337 2746 3405 χεῖρα
2773 3332 2965 3402 θέρους
2993 3330 3090 3386 τοῦ
3126 3331 3192 3384 ἐκ
3235 3327 3394 3395 Θεοῦ,
3427 3326 3530 3382 οὑκ
3556 3326 3683 3379 ἐπι-

2098 3430 2276 3501 κρύψο
2284 3447 2382 3500 μαι
2409 3428 2500 3484 τὸν
2529 3427 2763 3498 καρπόν.

2171 3614 2230 3665 t'.
2256 3607 2486 3660 Συνόλου
2524 3606 2580 3658 δὲ
2630 3602 3014 3674 ἀποφήνασθαι
3039 3619 3054 3635 °
3083 3600 3340 3673 ἀπεχθῶς
3392 3597 3510 3667 ἐγὼ
3560 3595 3683 3652 διάο

2100 3715 2296 3768 κειμαι
2332 3699 2460 3767 περὶ
2489 3696 2588 3767 τὴν
2617 3696 2930 3766 ὑπόκρισιν,
2957 3694 3032 3754 ὡς
3074 3693 3173 3746 ούκ
3215 3689 3332 3752 οἷδ’,
3369 3691 3422 3744 εί
3465 3706 3549 3752 τις
3581 3675 3685 3740 ἀν-

2100 3788 2356 3860 θρὼπων.
2391 3788 2550 3856 Λέγω
2579 3787 2634 3840 δέ
2671 3787 2822 3851 αὑτὸ,
2860 3787 2961 3839 οὐκ
3005 3784 3400 3854 ἀποσεμνύνων
3441 3780 3684 3851 ἐμαυτὸν
3767 3787 3772 3790 ’

2091 3878 2548 3947 Ἀστυδάμαντος
2581 3877 2760 3948 δίκην,
2787 3876 2814 3929 ὃ
2841 3877 3081 3943 λέγεται,
3109 3873 3246 3929 ἀλλά
3276 3874 3412 3944 πρὸς
3442 3873 3689 3942 ἀφίλαυ-

2096 3990 2190 4025 τον
2222 3971 2530 4042 ἀκρίὸειαν.
2568 3969 2718 4024 Πάνυ
2759 3987 2865 4038 γαρ
2904 3980 3045 4039 μισω
3080 3969 3231 4021 τουτὶ
3261 3967 3320 4019 τὸ
3346 3966 3537 4031 κακὸν,
3584 3965 3690 4018 καὶ

2098 4066 2177 4128 είς
2217 4063 2338 4118 ὅσον
2363 4064 2616 4134 δύναμις,
2656 4063 3007 4133 παρεκκλίνω
3054 4065 3148 4116 ἀπ’
3182 4063 3368 4115 αὑτοῦ.
3403 4061 3548 4114 Εἰδὲ
3591 4077 3693 4110 τυ-

2099 4156 2192 4227 χὸν
2250 4157 2676 4226 ἐναντιοφωνίας
2729 4159 2785 4209 ἐν
2829 4156 3038 4221 τούτοις
3099 4157 3416 4225 άλίσκομαι,
3465 4157 3541 4222 πῆ
3577 4153 3690 4222 μὲν

2098 4247 2422 4318 κατηγορῶν
2451 4247 2688 4316 ἐμαυτοῦ
2714 4247 2774 4300 τὸ
2807 4246 3157 4317 ὑποκριτικὸν
3185 4241 3334 4318 ἦθος,
3360 4244 3433 4307 ὡς
3463 4244 3692 4312 φθάσας

2096 4338 2663 4410 ἀνθωμολογησάμην,
2715 4341 2793 4409 πῆ
2828 4338 2883 4391 δὲ
2935 4339 3348 4408 ἀπαρνούμενος
3399 4335 3460 4390 τδ
3517 4336 3692 4397 αὐτὸ,

2099 4428 2214 4483 ἀλλ’
2248 4430 2355 4483 ἰδοὺ
2389 4430 2692 4502 δικηγορῶν
2740 4430 2963 4500 ἐμαυτῷ
3007 4431 3150 4498 λέγω
3209 4431 3348 4500 πρὸς
3385 4429 3696 4498 ἀλήθειαν,

419 4536 565 4607 quod
605 4533 670 4587 de
697 4538 899 4584 caetero
923 4537 1261 4594 prosequens
1289 4519 1624 4576 sinceritatis
1669 4521 1864 4586 solem,
1915 4522 1990 4575 si-

2100 4524 2181 4578 ὅτι
2215 4523 2388 4586 ἄλλως
2441 4523 2540 4594 μὲν
2587 4523 2938 4593 μεταδιώκων
2992 4524 3083 4576 τὸν
3125 4523 3222 4593 τῆς
3275 4521 3698 4589 ἀνυποκρισίας

429 4621 748 4682 mulationis
775 4619 975 4687 effugio
1004 4616 1259 4672 tenebras
1283 4631 1299 4682 ;
1327 4615 1420 4670 sed
1463 4627 1801 4683 quascunque
1823 4613 1997 4667 sintu-

419 4718 607 4773 latorie
628 4714 806 4768 facere
829 4709 1111 4766 confessus
1135 4721 1276 4773 sum,
1303 4708 1413 4760 haec
1441 4714 1571 4760 sunt
1596 4720 1624 4758 a
1647 4720 1732 4759 me
1753 4704 1994 4758 rationes

421 4806 760 4878 meonomiae,
815 4803 1029 4871 qualem
1093 4797 1274 4870 regula
1331 4795 1634 4867 prmscriblt
1729 4795 1996 4851 discretos

421 4916 701 4957 sermones
739 4898 1056 4965 disttcnsare
1103 4902 1368 4956 statuens,
1417 4891 1668 4960 labiaqne
1697 4893 1993 4945 secundum

421 4989 884 5061 opportunitatem
917 4985 1153 5060 aperire,
1190 4998 1289 5037 nec
1315 4997 1425 5037 non
1452 4993 1653 5052 apertae
1707 4981 1994 5038 locutionis

422 5076 962 5148 intempestivitatem
1023 5075 1218 5150 vitare,
1282 5082 1447 5143 atque
1515 5072 1751 5130 .omnino
1811 5087 1993 5127 rerum

423 5169 826 5228 conditionibus
876 5168 942 5220 ad
964 5179 1098 5235 opus
1134 5165 1560 5220 accommodari.
1589 5164 1742 5230 Quod
1777 5164 1994 5236 quidem

427 5267 475 5320 si
515 5265 632 5332 quis
657 5261 850 5316 tribuit
890 5257 1233 5313 simulatorio
1261 5257 1586 5332 discrimini,
1644 5273 1752 5312 non
1809 5265 1995 5326 posset

427 5370 641 5412 omnem
661 5356 1001 5408 honestatem
1025 5361 1079 5405 et
1101 5350 1528 5404 moderationem
1556 5361 1609 5404 et
1627 5350 1993 5424 disciplinam,

422 5449 621 5521 quibus
671 5447 725 5500 in
793 5444 1046 5498 vitiorum
1111 5444 1294 5513 fugam
1342 5443 1676 5498 inducuntur
1723 5445 1990 5524 homines,

419 5538 697 5616 hypocrisi
753 5550 859 5592 non
914 5535 1202 5606 subjicere,
1273 5534 1612 5590 Manifestum
1679 5545 1761 5592 est
1820 5537 1990 5612 enim’

426 5635 570 5705 quod
622 5631 902 5686 hominum
956 5639 1171 5704 natura,
1215 5642 1338 5698 qua;
1391 5629 1597 5683 lubrica
1647 5638 1728 5684 est
1771 5637 1823 5682 et
1845 5644 1994 5684 erra-

422 5726 601 5781 hunda
629 5724 784 5780 facile
821 5731 995 5794 potest
1027 5721 1351 5792 praecipitari
1375 5721 1430 5776 in
1460 5721 1669 5776 ruinam
1699 5739 1712 5790 ;
1748 5722 1836 5776 ille
1867 5737 1994 5776 vero

421 5817 516 5888 qui
549 5816 891 5872 rectitudinis
943 5813 1205 5868 Dominus
1259 5820 1366 5878 cst,
1399 5813 1632 5881 desuper
1690 5811 1991 5882 reSpicicns

2098 4615 2270 4687 ἥλιον,
2306 4617 2561 4684 ἐκφεύγω
2608 4616 2667 4669 τὸ
2701 4617 2797 4686 τῆς
2838 4618 3180 4686 ὑποκρίσεως
3224 4614 3538 4667 σκοτεινόν·
3587 4615 3703 4665 ὅσα

2096 4705 2153 4760 δὲ
2187 4705 2683 4778 διωμολογησάμην
2731 4709 2864 4779 δρᾷν
2901 4707 3291 4778 ὑποκριτικῶς,
3344 4705 3459 4760 ἀλλ’
3487 4708 3703 4757 ἐκεῖνα

2096 4798 2412 4869 οἰκονομίας
2466 4800 2574 4851 elei
2623 4800 2717 4852 καὶ
2763 4799 2893 4870 παρ’
2953 4799 3078 4868 ἐμοὶ
3132 4799 3367 4868 μέθοδοι,
3420 4798 3632 4849 ὁποίαν
3676 4799 3708 4848 ὁ

2097 4890 2256 4962 ὀρθὸς
2279 4891 2652 4962 παραγγέλλει
2684 4891 2886 4955 κανὼν,
2920 4891 3108 4961 λόγους
3133 4910 3190 4945 τε
3220 4890 3497 4960 κριτικοὺς
3531 4894 3709 4942 οἰκο-

2097 4987 2284 5054 νομεῖν
2341 4986 2547 5047 ἐκεῖνος
2591 4985 3032 5054 διαταττόμενος,
3067 4987 3162 5038 καὶ
3211 4986 3359 5055 χείλη
3403 4986 3456 5038 ἐν
3493 4986 3711 5055 κιαι.ρῷ

2097 5077 2354 5152 ἀνοίγειν,
2387 5081 2482 5132 καὶ⁸
2515 5077 2574 5131 τδ
2623 5079 2720 5148 τῆς
2763 5078 3074 5148 παρρησίας
3128 5081 3356 5149 ἄκαιρον
3409 5078 3711 5146 ἀπολέγε-

2100 5169 2248 5235 σθαι,
2289 5173 2382 5226 καὶ
2412 5172 2548 5234 ὅλως
2597 5174 2718 5232 ταῖς
2750 5171 3130 5240 περιπετείαις
3171 5172 3282 5224 τῶν
3331 5173 3716 5240 πραγμάτων

2075 5261 2176 5350 ,είς
2209 5262 2324 5314 δέον
2352 5262 2746 5332 ἁρμόττεσθαι,
2781 5265 2957 5331 Ὅπερ
2989 5264 3152 5326 εἴτις
3183 5265 3440 5316 ὑποϐαλεί
3461 5263 3722 5334 διατρέ-

2099 5369 2230 5423 ματι
2253 5353 2614 5426 ὑποκριτικῷ,
2640 5356 2738 5407 οὑκ
2758 5355 2823 5408 ἂν
2846 5356 3037 5426 φθάνοι
3064 5355 3155 5408 καὶ
3177 5358 3345 5409 πᾶσιν
3367 5357 3723 5427 σεμνότητα

2097 5445 2191 5516 καὶ
2223 5447 2556 5517 κοσμιότητα
2582 5448 2674 5500 καὶ
2715 5448 3018 5512 παίδευσιν,
3053 5449 3123 5502 δι’
3148 5443 3223 5503 ὧν
3246 5453 3312 5521 τῇ
3351 5449 3453 5501 τῶν
3481 5452 3725 5504 κακῶν

2097 5539 2272 5607 ἀποχῇ
2290 5539 2572 5606 ἐνὰγονται
2591 5541 2887 5612 ἄνθρωποι,
2908 5542 3339 5612 καθυπάγωνεῐς
3358 5543 3725 5614 ὑπόκρισιν.

2094 5630 2264 5700 Δῆλον
2294 5633 2422 5702 γὰρ,
2445 5632 2519 5697 ὡς
2546 5635 2579 5704 ἡ
2606 5637 2702 5702 μὲν
2733 5635 2854 5689 κατ’
2884 5636 3174 5708 ἄνθρωπον
3205 5641 3365 5708 φύσις
3392 5638 3729 5705 εὑόλισθος

2095 5715 2252 5786 οὖσα,
2301 5724 2394 5776 καὶ
2434 5723 2495 5775 τὸ
2545 5725 2923 5794 ἁμαρτητικὸν
2979 5729 3223 5793 εὐπετῶς
3262 5731 3372 5800 ἔχει
3409 5733 3733 5803 καταρρι-

2096 5813 2370 5878 πτείσθαι,
2426 5814 2532 5883 ὅπη
2580 5814 2652 5884 μὴ
2683 5819 2787 5887 χρή
2815 5832 2829 5849 ο
2866 5820 2893 5870 ὁ
2927 5817 2982 5872 δέ
3013 5820 3108 5889 τῆς
3139 5822 3428 5894 ὀρθότητος
3457 5821 3734 5894 Κύριος
