3968 6244
187 367 296 432 381·

1483 378 1589 439 DE
1625 378 1762 440 SIM
1771 377 2177 442 ULATIONE.

3361 387 3471 452 38?.

184 480 482 550 ὑπερείδων
527 480 723 552 αὐτὴν,
759 481 854 537 δύο
895 484 1070 540 ταῦτα
1104 487 1320 556 ὲξανύιι
1352 490 1558 560 ἀγαθὰ,
1587 507 1758 547 κατα-

1883 495 2031 574 llam,
2075 497 2192 554 haec
2234 498 2346 555 duo
2394 497 2536 556 bona
2603 498 2836 577 perficit,
2878 515 2908 555 a
2958 500 3204 557 cadendo
3247 518 3472 572 praeser-

184 575 402 630 πίπτειν
437 593 500 628 τε
549 577 778 633 κωλύων
807 581 865 634 ὲν
900 579 977 648 τῷ
1030 581 1340 652 ὑπερείδειν
1380 585 1474 640 καὶ
1527 604 1763 656 συγκροο

183 672 319 733 τείν,
356 669 455 722 καὶ
493 669 772 726 πεσοῦσαν
819 671 1142 737 ὲξανιστῶν.
1184 677 1294 731 Καὶ
1325 678 1388 731 ού
1431 678 1703 748 δήπουθεν
1735 681 1770 734 6

183 760 353 825 ἄλλως
387 760 490 829 μὲν
519 761 743 830 ἕτοιμος
771 764 852 826 είς
885 764 1104 828 κακίαν,
1136 771 1204 837 τῇ
1231 767 1288 821 δὲ
1319 771 1461 824 κατὰ
1489 771 1614 826 νοῦν
1635 773 1766 827 διοι-

185 854 344 924 κήσει
374 853 794 924 ὲξορθούμενος,
830 857 1046 926 λέγοιτο
1067 860 1134 914 ἂν
1167 861 1493 935 ὑποκριτής.

258 952 346 1000 ια’,
397 945 740 1018 Ὑποκριτὴν
788 950 896 1020 γὰρ
947 949 1174 1023 οἴδαμεν
1216 949 1356 1009 εἶναι
1385 956 1478 1010 τὸν
1501 959 1560 1012 ἐν
1589 959 1772 1032 ἀγαθῇ

188 1040 554 1110 προσποιήσει
585 1042 680 1095 καὶ
714 1045 992 1116 φαντασίᾳ
1025 1048 1092 1116 τῇ
1124 1047 1328 1112 ἔξωθεν
1345 1051 1770 1122 εύχρηστεῖσθαι

185 1130 468 1195 δοκοῦντα,
500 1135 596 1187 καὶ
623 1133 701 1196 ὡς
731 1138 813 1197 τίς
841 1137 1014 1208 μύρον
1045 1139 1188 1194 θεῖον
1219 1141 1585 1199 καθεστάναι·
1619 1147 1688 1200 τὰ
1713 1147 1775 1202 δὲ

186 1223 338 1288 ἐντὸς
379 1225 605 1296 ἀχρεῖον
646 1228 745 1281 καὶ
795 1228 1028 1284 ὀδωδότα
1048 1248 1064 1264 ο
1117 1235 1212 1288 καὶ
1249 1234 1398 1289 θεῖον
1443 1239 1546 1309 μὲν
1583 1239 1772 1303 δολίως

187 1317 654 1386 προφαινόμενον,
691 1315 971 1391 δαιμόνιον
1001 1323 1059 1377 δὲ
1093 1324 1164 1378 τὰ
1211 1327 1270 1388 ἐς
1319 1328 1568 1398 κρύφιον.
1600 1332 1667 1386 Et
1717 1333 1776 1386 δὲ

186 1410 435 1472 τοιοῦτος
466 1412 494 1464 6
528 1411 856 1482 ὑποκριτὴς,
886 1414 1007 1479 πῶς
1031 1416 1097 1470 ἂν
1124 1418 1213 1488 εἴη
1242 1419 1430 1490 ὅμοιος
1456 1423 1482 1475 ὁ
1508 1425 1573 1495 τῇ
1608 1425 1778 1497 κακίᾳ

189 1501 485 1568 παλαίωνς
528 1505 626 1557 καὶ
662 1503 1078 1577 πολεμούμενος
1123 1510 1223 1580 μὲν
1264 1511 1354 1564 ὑπ’
1389 1513 1579 1584 αὐτῆς,
1608 1517 1778 1570 νικῶν

188 1593 245 1646 δὲ
272 1593 450 1663 αὐτὴν
480 1596 772 1666 ἐγκρατῶς
793 1615 808 1630 ·
839 1598 937 1652 καὶ
989 1601 1424 1674 κολακευόμενος
1475 1608 1594 1674 μὲν,
1643 1611 1778 1666 dva-

189 1685 363 1740 νεύων
393 1687 455 1740 δὲ
509 1689 606 1740 καὶ
634 1691 968 1745 καταπτύων
1018 1695 1213 1764 αὐτῆς,
1244 1698 1334 1751 ὅτε
1381 1701 1559 1768 φιλεῖν
1614 1705 1778 1758 αὑτὸν

1867 606 2020 658 τίεις,
2054 591 2412 648 sustentando
2441 592 2762 672 fortiﬁcans,
2794 602 2847 648 et
2877 595 3086 663 lapsam
3143 595 3376 664 erigens.
3410 595 3473 650 Et

1866 700 2000 741 sane
2025 687 2118 756 qui
2147 686 2480 754 easteroquin
2511 686 2729 754 quidem
2755 686 2960 754 pronus
2985 697 3070 743 est
3095 691 3161 742 ad
3182 687 3465 750 malitiam,

1867 777 1966 832 sed
1995 775 2234 846 spiritali
2264 775 2643 832 moderatione
2665 775 2915 855 erigitur,
2948 793 3059 833 non
3103 778 3467 848 appellabitur

1870 868 2014 924 simu
2028 869 2193 933 lator,
3445 923 3448 926 .

1942 957 2421 1017 M.Simuiatorem
2453 959 2669 1029 quidem
2693 976 2815 1016 esse
2841 961 3044 1018 scimus
3058 977 3179 1017 eum
3211 962 3298 1030 qui
3323 962 3464 1016 bona

1871 1052 2056 1122 Specie
2075 1061 2132 1106 et
2163 1052 2487 1122 apparentia
2521 1053 2738 1108 videtur
2772 1054 2922 1109 utilis
2947 1063 3002 1108 et
3031 1055 3289 1120 divinum,
3330 1068 3464 1109 cre—

1874 1145 2091 1199 deretur
2127 1154 2500 1214 unguentum;
2545 1145 2776 1200 interius
2831 1154 3014 1200 autem
3042 1146 3252 1201 inutilis
3287 1152 3370 1200 est
3400 1161 3464 1202 ae

1874 1235 2063 1302 foeta;
2097 1236 2583 1307 fraudulenterque
2633 1238 2850 1295 divinus
2891 1247 3139 1307 apparet,
3190 1239 3318 1292 dum
3369 1253 3458 1293 se:

1875 1328 2423 1396 eretodactnoniacus
2452 1337 2558 1386 est.
2591 1328 2649 1384 Si
2683 1344 2811 1384 vero
2851 1329 2974 1384 talis
3035 1340 3116 1386 est
3152 1329 3458 1401 hypocrita.

1876 1421 2146 1492 quomodo
2171 1422 2224 1478 ei
2257 1422 2447 1476 similis
2479 1429 2628 1477 esset
2655 1423 2747 1492 qui
2776 1436 2899 1476 cum
2931 1423 3132 1476 malitia
3184 1423 3463 1477 luctatur?

1878 1514 1968 1584 qui
2031 1514 2252 1584 quidem
2301 1514 2368 1570 ab
2415 1513 2503 1570 illa
2564 1515 2706 1572 bello
2752 1529 3047 1584 oppressus
3089 1514 3233 1572 illam
3279 1524 3460 1571 tamen

1882 1607 2116 1664 ﬁrmiter
2159 1607 2447 1674 vincit;et
2493 1608 2746 1664 adulatus
2775 1611 2843 1666 ab
2892 1608 3108 1676 eadem,
3155 1609 3360 1677 respuit
3402 1615 3459 1663 et

1882 1702 2139 1770 conspuit
2169 1701 2344 1766 illam,
2394 1702 2614 1771 quando
2655 1701 2769 1758 vult
2815 1702 3054 1760 osculari
3088 1716 3237 1757 eum.
3308 1702 3462 1754 Atta-

189 1779 386 1833 ἐθέλει.
425 1781 588 1835 Ἀλλὰ
618 1781 790 1837 ταῦτα
819 1785 916 1854 μὲν
936 1785 1082 1842 οὕτω
1112 1789 1461 1846 καθιστάσθω
1500 1811 1611 1865 μοι,
1636 1798 1775 1869 τάχα

1885 1809 2008 1850 men
2053 1792 2173 1848 haec
2204 1794 2422 1862 quidem
2455 1793 2587 1847 mibi
2619 1792 2702 1848 sic
2732 1801 2936 1848 statuta
2975 1793 3105 1859 sint,
3145 1792 3290 1846 forte
3335 1791 3459 1858 qni-

195 1873 293 1942 μὲν
319 1873 604 1942 ἀμεμφῶς
630 1875 846 1946 ἔχοντα,
881 1877 1010 1942 ἴσως
1049 1880 1105 1934 δὲ
1134 1884 1227 1936 καὶ
1255 1883 1458 1946 ἄλλως.

260 1961 352 2054 ιβ’.
385 1965 452 2054 Οί
481 1964 542 2017 δὲ
574 1965 888 2037 ὑποκριταὶ,
924 1963 999 2025 ὧν
1030 1973 1124 2026 καὶ
1171 1977 1388 2042 φθάσας
1430 1983 1777 2054 πεπείραμαι

194 2053 289 2146 καὶ
311 2053 501 2146 eludat,
522 2055 828 2126 πειρῶμαι,
861 2059 1121 2132 τοιαύτην
1155 2064 1340 2135 ἔχουσι
1373 2053 1770 2146 καταγραφήν.

204 2143 630 2201 Ὑποποιοῦντσι
658 2149 768 2219 πρὸ
799 2149 910 2203 τῶν
933 2151 1112 2206 ἄλλων
1134 2156 1197 2208 τὸ
1223 2159 1420 2228 φίλιον,
1455 2143 1776 2230 ποππύζον-

193 2251 283 2298 τες
323 2238 419 2290 τὸν
475 2242 1357 2316 παρατυγχάνοντα,-θώπτοντες,
1420 2256 1777 2323 αίκάλλοντες

191 2328 266 2392 ὡς
291 2323 383 2383 οἷα
410 2332 506 2384 καί
530 2349 650 2386 τινα
675 2334 911 2405 κυνάρια
937 2335 1219 2410 σαίνουρα,
1257 2345 1616 2416 κνυζώμενοι,
1643 2369 1788 2422 προ-ι’

193 2421 573 2492 κυλινδόμενοι
603 2425 801 2491 ποδῶν,
836 2426 1110 2498 λείχοντες
1137 2436 1336 2505 μικροῦ
1365 2439 1458 2491 καὶ
1491 2441 1634 2514 ίχνη,
1671 2421 1778 2514 πρὸ

191 2514 300 2569 τῶν
352 2518 702 2588 φιλουμένων
752 2521 1045 2593 βαΰζοντες
1080 2529 1342 2594 εὐνοϊκῶς
1371 2532 1554 2604 δῆθεν,
1597 2537 1777 2592 πάντα

193 2609 498 2675 ποιοῦντες,
540 2612 721 2668 πάντα
751 2616 1026 2686 λέγοντες,
1064 2621 1132 2674 δι’
1155 2615 1230 2676 ὧν
1264 2624 1330 2679 ἂν
1368 2627 1777 2694 ὲφελκύσωνται

193 2703 506 2772 ἄνθρωπον,
539 2711 901 2781 προσανέχειν
948 2716 1135 2780 αὐτοῖς
1169 2718 1245 2780 ὡς
1275 2720 1515 2790 ἑταίροις
1559 2722 1774 2791 φίλοις·

193 2795 496 2886 κλαίοντες,
527 2800 590 2852 οὐ
620 2804 802 2870 μόνον,
829 2805 917 2858 ὅτε
946 2807 1188 2878 δάκρυον
1207 2813 1232 2864 ὀ
1258 2813 1590 2884 φιλούμενος
1611 2817 1780 2886 ἐκρή-

193 2885 273 2980 ξει
301 2886 579 2960 ϐλαϐερὸν,
609 2892 749 2946 ἀλλὰ
772 2896 888 2963 καὶ,
919 2897 1012 2950 ὅτε
1033 2915 1136 2952 που
1166 2904 1376 2973 χαίρων
1408 2906 1571 2968 αὐτὸς
1601 2885 1775 2980 ardori,

193 2978 286 3072 καὶ
318 2980 563 3072 ὀπηνίκα
601 2985 660 3038 δὲ
687 2986 833 3042 οὕτω
861 2991 1078 3061 συμϐὰν
1100 2995 1384 3065 ὀφθαλμία
1411 2978 1776 3072 ὲπιγενομένή

192 3067 430 3141 λυπήσει
465 3075 566 3146 τὴν
617 3077 742 3147 ὄψιν
770 3079 846 3143 ὡς
897 3084 978 3146 είς
1018 3085 1274 3157 δάκρυον,
1317 3089 1346 3143 6
1373 3067 1649 3160 πήγνυται
1683 3067 1778 3150 καί

1880 1887 2000 1942 dem
2033 1886 2434 1954 irreprebensa,
2465 1886 2760 1956 aliquando
2789 1901 2918 1940 vero
2954 1885 3423 1956 reprehendenda.

1952 1975 2039 2030 12.
2073 1973 2381 2046 iiypocritae
2429 1990 2584 2043 vero,
2618 1990 2756 2045 quos
2780 1977 2893 2045 jam
2929 1983 3193 2045 expertus
3241 1988 3360 2028 sunt
3405 1983 3461 2027 et

1878 2069 2060 2125 adhuc
2089 2069 2364 2138 experior,
2391 2069 2554 2124 talem
2586 2071 2822 2124 subeant
2853 2068 3294 2124 delineationem.
3322 2066 3456 2120 Fin-

1878 2168 2011 2232 gunt
2065 2169 2192 2215 ante
2224 2160 2404 2214 omnia
2463 2160 2784 2226 amicitiam,
2817 2159 3049 2215 subeant
3104 2167 3461 2226 provocantes

1879 2267 2299 2323 occurrentem,
2367 2256 2675 2323 adulantes,
2743 2255 3069 2316 mulcentes.
3135 2263 3196 2309 ut
3249 2253 3460 2308 faciunt

1877 2349 2043 2408 catuli
2076 2351 2302 2404 caudam
2333 2358 2640 2413 moventes,
2674 2348 3026 2417 gannientes,
3053 2347 3119 2401 ad
3150 2347 3315 2416 pedes
3335 2359 3464 2416 pro-

1879 2439 2070 2514 voluti,
2097 2439 2324 2508 vestigia
2352 2438 2463 2494 fere
2483 2439 2810 2503 lambentes,
2831 2452 3017 2493 eoram
3044 2437 3274 2498 dilectis.
3304 2435 3462 2490 beni-

1877 2546 1981 2602 gne
2029 2545 2182 2595 sane,
2211 2529 2502 2598 latrantes,
2527 2530 2709 2585 omnia
2737 2527 3024 2593 facientes,
3060 2526 3244 2580 omnia
3278 2526 3464 2578 dicen-

1881 2631 1986 2688 tes,
2011 2611 2211 2692 quibus
2231 2622 2473 2678 alliciant
2503 2621 2780 2678 hominem
2800 2621 2864 2674 ad
2887 2619 3308 2702 assqescendnm
3329 2615 3462 2686 ipsis

1878 2722 1937 2768 ut
1984 2713 2166 2768 charis
2208 2713 2410 2778 sociis;
2458 2713 2775 2782 plorantes,
2825 2725 2929 2765 non
2981 2709 3194 2771 solum,
3242 2706 3461 2774 quando

1877 2806 2088 2860 amicus
2121 2805 2175 2859 in
2204 2805 2571 2860 tribulationis
2595 2805 2864 2874 lacrymas
2884 2803 3139 2872 erumpit,
3157 2800 3251 2856 sed
3275 2800 3456 2864 etiam,

1879 2913 2002 2952 cum
2032 2897 2170 2951 forte
2199 2895 2446 2967 gaudens
2483 2897 2600 2966 ipse
2625 2895 2704 2951 sic
2745 2895 3000 2958 adicitur,
3031 2901 3085 2949 et
3116 2907 3238 2947 cum
3269 2905 3461 2959 super-

1881 2988 2106 3043 veniens
2153 2986 2440 3042 oculorum
2494 2986 2718 3041 morbus
2777 2986 2952 3040 visum
3016 2983 3200 3039 dolore
3261 2979 3462 3050 premit

1880 3088 2142 3150 tanquam
2176 3079 2242 3134 ad
2270 3077 2476 3144 ﬂetum,
2498 3079 2588 3148 qui
2618 3077 2934 3148 coaguletnr
2966 3077 3018 3130 in
3048 3075 3456 3146 lippitudinem.

193 3163 272 3264 τίς
306 3165 518 3264 λήμην.
553 3169 738 3243 Iide
767 3173 878 3244 γὰρ
901 3176 1122 3242 πάντως
1154 3181 1527 3249 μεθοδεύουσι,
1561 3185 1642 3257 τῷ
1677 3204 1771 3255 γε-

1885 3173 2096 3243 Ubique
2123 3173 2269 3228 enim
2299 3173 2445 3226 omni
2476 3173 2634 3226 modo
2667 3171 2890 3225 student
2919 3170 3082 3225 irriso
3104 3165 3458 3230 conformari,

193 3252 424 3349 λωμινῳ
471 3265 996 3334 συσχηματίζεσθαι,
1045 3271 1437 3342 ἀκριϐούμενοι
1485 3252 1776 3349 τήν-πρὸς

195 3347 404 3403 ἐκεῖνον
433 3351 659 3422 εὐφυῶς
678 3356 958 3413 τύπωσιν·
991 3364 1085 3415 καὶ
1127 3363 1270 3418 οὕτω
1319 3368 1418 3437 μὲν
1475 3347 1774 3436 κλαίοντες,

194 3441 482 3512 χαίροντες
504 3445 562 3498 δὲ
597 3449 832 3514 ἀστείως
871 3452 971 3520 μὲν
1005 3455 1156 3521 ἴσως,
1184 3457 1272 3510 ὅτε
1303 3459 1479 3529 χαρὰν
1502 3463 1528 3514 6
1560 3461 1775 3515 θωπευο

194 3533 388 3627 όμενος
411 3535 528 3608 ἔχει
555 3555 570 3570 ·
603 3539 665 3592 τδ
689 3540 747 3595 δὲ
784 3544 881 3598 καὶ
911 3545 1108 3612 ἄλλως,
1141 3549 1174 3619 ἢ
1225 3551 1478 3622 κέρχνειν
1511 3553 1544 3624 ἢ
1583 3554 1776 3627 βήχειν

195 3626 378 3716 ᾐρόμα
408 3630 632 3685 ἐπέλθοι
657 3634 872 3706 ἐκείνῳ.
913 3637 1417 3712 ’Υποποιησάμενοι
1443 3645 1571 3716 γὰρ,
1599 3647 1777 3704 δοκεῖν

195 3715 466 3787 ἄγχεσθαι
499 3722 746 3792 γελῶντα
779 3728 1009 3796 ἐκεῖνον,
1054 3734 1484 3790 συνδιατίθενται
1519 3715 1603 3808 τῷ
1636 3755 1776 3810 καγε

194 3811 394 3881 χασμῷ
446 3814 530 3877 είς
579 3814 878 3890 ὁμοιότητα
903 3837 920 3853 ·
950 3821 1158 3894 ψύλλης
1195 3826 1254 3878 δὲ
1303 3827 1659 3901 ἑνδακούσης,
1702 3831 1778 3895 ὡς

193 3901 668 3976 ἑπισημήνασϐαι,
719 3909 752 3981 ἢ
804 3911 970 3981 μυίας
1027 3915 1512 3989 ἐπιπετασθείσης,
1562 3920 1774 3992 ἕτοιμοι

193 3991 288 4044 καὶ
315 3994 648 4066 ὁπλοφορεῖν
684 4001 826 4054 κατὰ
867 4003 975 4056 τῶν
1014 4005 1357 4062 ἐνδακόντων
1382 4009 1431 4062 οί
1474 4009 1675 4073 θῶπες.
1715 4011 1777 4064 El

189 4083 254 4136 δέ
277 4103 396 4150 πως
425 4087 682 4173 ὑπώπιον
711 4091 743 4162 ἢ
775 4093 1109 4167 πρόσκομμα
1146 4099 1309 4152 πάθοι
1337 4099 1572 4173 βληχρόν
1595 4119 1648 4156 τι
1681 4103 1778 4156 καὶ

190 4165 802 4248 ἁμυδρὺῃὶπὲύδουσιν
823 4165 1161 4260 νἈσκλήπιῷ
1185 4190 1280 4244 καὶ
1311 4165 1616 4266 ﬂavas-tela,
1653 4211 1778 4248 συν-

190 4269 619 4342 επικαλούμενοι
667 4277 763 4330 καὶ
787 4276 884 4350 τὴν
936 4279 1096 4332 Ἰασὼ
1125 4282 1262 4352 πρὸς
1291 4282 1612 4354 θεραπείαν.
1646 4284 1776 4340 Ὅτε

189 4361 256 4414 Gl
287 4367 380 4418 καὶ
417 4366 498 4428 είς
535 4368 793 4440 πταρμὸν
813 4370 1158 4445 ἐξανεμωθῇ,
1190 4374 1356 4444 βαϐαὶ
1389 4377 1500 4431 τῶν
1530 4394 1777 4448 προσκυ-

189 4456 452 4524 νημάτων
484 4460 582 4516 καὶ
625 4461 733 4514 τῶν
776 4464 1107 4535 εύφημιῶνί
1149 4468 1470 4536 Ἀγωνιῶσι,
1518 4471 1613 4524 καὶ
1649 4487 1779 4543 κρο-

1887 3267 2194 3322 naturalem
2249 3267 2422 3334 ipsius
2459 3275 2643 3336 typum
2700 3263 3009 3334 exprimere
3061 3271 3361 3327 conantes;
3406 3268 3462 3314 et

1884 3360 1956 3414 ita
1994 3361 2210 3429 quidem
2249 3357 2471 3426 ﬂentes;
2502 3359 2750 3412 lmtantes
2778 3371 2905 3412 vero
2936 3357 3207 3411 interdum
3234 3355 3458 3425 quidem

1883 3452 2114 3515 urbane,
2183 3453 2405 3522 quando
2465 3450 2712 3506 iretitiam
2784 3448 3034 3504 adulatus
3090 3449 3288 3508 habet;
3355 3446 3464 3502 hoc

1884 3551 2063 3597 autem
2089 3542 2226 3597 alias
2248 3583 2261 3608 ,
2298 3541 2342 3596 si
2374 3539 2558 3595 forsan
2594 3540 2836 3596 raucitas
2871 3539 2954 3595 vel
2989 3555 3151 3610 parva
3185 3540 3347 3595 tussis
3374 3537 3459 3595 illi
3573 3542 3581 3546 “

1885 3633 2262 3702 superveniat.
2295 3631 2612 3702 Conspicati
2645 3633 2788 3688 enim
2817 3633 2966 3688 illum
2995 3632 3263 3687 ridentem
3287 3632 3457 3687 suffo-

1883 3735 2114 3794 catoque
2142 3724 2254 3779 fere
2301 3724 2553 3789 similem,
2580 3724 2643 3778 ad
2681 3724 3039 3779 imitationem
3067 3724 3182 3794 ejus
3204 3724 3458 3779 cachinni

1884 3824 2302 3883 componuntur.
2340 3813 2493 3878 Quod
2519 3813 2563 3867 si
2607 3814 2767 3883 pulex
2800 3813 3178 3876 momorderit,
3213 3821 3272 3866 ut
3304 3813 3458 3881 signo

1884 3906 2287 3969 manifestatur,
2318 3905 2403 3958 vel
2445 3905 2710 3961 insederit
2755 3906 3162 3975 musca,parati
3203 3914 3330 3960 sunt
3365 3905 3460 3959 ari-

1884 4012 2079 4054 versus
2113 3997 2426 4051 mordentes
2456 4009 2608 4049 arma
2645 4011 2838 4066 capere
2866 3996 3203 4052 adulatores.
3245 3994 3299 4051 Si
3327 4011 3459 4051 vero

1884 4091 2026 4146 forte
2081 4089 2372 4160 quamdam
2423 4088 2594 4142 levem
2653 4087 3086 4158 suggillationem
3133 4089 3216 4145 vel
3259 4089 3461 4144 subob-

1885 4199 2104 4242 scurum
2165 4183 2400 4252 patiatur
2445 4180 2855 4247 ofiendiculum,
2893 4179 3211 4250 Esculapio
3278 4182 3458 4235 Pana-

1884 4289 2104 4346 ceraque
2148 4273 2341 4341 libant,
2380 4274 2600 4342 insuper
2646 4280 2699 4326 et
2731 4269 2988 4328 .lasonem
3019 4272 3084 4326 ad
3117 4272 3457 4327 curationem

1885 4368 2223 4423 invocantes.
2260 4365 2395 4419 Cum
2443 4373 2624 4418 autem
2658 4366 2711 4420 in
2747 4373 3240 4420 sternutamentum
3272 4367 3462 4434 exegi-

1885 4469 2050 4526 tetur,
2081 4457 2265 4530 papae!
2305 4470 2426 4526 qua:
2453 4456 2818 4513 salutationes
2853 4464 2910 4512 et
2963 4457 3146 4527 qualia
3193 4460 3354 4513 vota!
3398 4457 3457 4514 in

187 4545 334 4599 κύδα
365 4547 396 4619 ἢ
427 4549 604 4622 ἄχνην
631 4553 755 4608 τινὰ
784 4555 1150 4624 ἐφιζάνουσαν
1175 4560 1372 4624 ἰδόντες
1397 4564 1460 4633 τῇ
1493 4562 1586 4616 τοῦ
1616 4563 1773 4633 φίλου

1883 4553 2174 4621 angoribus
2201 4560 2327 4607 sunt
2357 4561 2587 4606 tramam
2615 4549 2700 4605 vel
2727 4549 2962 4619 glumam
3010 4549 3066 4609 in
3094 4551 3256 4604 amici
3285 4551 3455 4605 vesti-

185 4638 458 4713 ἀναϐολῇ.
492 4644 810 4719 Καθημένῳ
841 4650 1213 4721 παρίστανται
1244 4654 1478 4722 ἀτενεῖς,
1516 4658 1617 4719 τὰς
1656 4657 1775 4728 χεῖ-

189 4746 304 4800 ρας
337 4732 744 4803 ἐπαλλάξαντες
788 4740 897 4812 πρὸ
928 4743 1022 4796 τοῦ
1061 4743 1288 4814 κόλπου,
1336 4746 1470 4800 ὡσεὶ
1494 4749 1588 4801 καὶ
1617 4747 1777 4819 βασι-

185 4823 338 4888 λέως
361 4825 698 4901 ἐμπροσθεν,
733 4832 1015 4902 ἐθέλοντες
1042 4835 1199 4908 οἶμαι
1243 4841 1340 4895 καὶ
1370 4840 1555 4894 ’ὀπίσω
1583 4841 1778 4908 συνδῆ-

187 4933 293 4970 σαι
347 4922 758 4995 περσικώτερον
808 4927 1002 4993 αὑτὰς,
1059 4929 1146 4984 ἵνα
1185 4930 1246 4984 τὸ
1282 4931 1654 5002 δουλοπρεπὲς
1697 4931 1777 4996 εις

183 5009 366 5065 πλέον
400 5015 744 5086 ἑμφήνωσιν.
784 5017 1218 5088 Ἐξαναστάντος
1246 5025 1402 5081 αὐτοὶ
1433 5027 1776 5099 σκύλλονται,

180 5106 589 5178 ἀπορούμενοι,
622 5110 721 5165 ὅτι
753 5111 1068 5187 δράσαιενῆ
1100 5115 1160 5182 ἐξ
1186 5119 1476 5192 ἐπιταγῆς,
1511 5121 1542 5192 ἢ
1579 5123 1775 5189 ἄλλως.

191 5197 479 5256 ὀδεύοντι
511 5203 987 5276 παρομαρτοῦσιν,
1012 5207 1113 5262 ὅσα
1141 5212 1233 5264 καὶ
1261 5212 1487 5284 ὀτρηροὶ
1515 5215 1782 5287 θεράπον·

179 5308 316 5357 τες,
351 5292 782 5362 φιλονεικοῦντες
811 5299 912 5370 τὴν
947 5301 1197 5372 πρόοδον.
1229 5303 1616 5375 Μακαρίζουσι
1650 5310 1777 5372 τοὺς

178 5384 556 5452 γειναμένους
599 5387 696 5447 Δτὸν
726 5387 1031 5459 ἄνθρωπον.
1069 5391 1140 5444 El’
1181 5407 1233 5446 τι
1281 5392 1526 5464 λαλήσει,
1569 5397 1776 5466 φαντά-

177 5475 389 5540 ζουσιν
418 5476 601 5545 αὑτὸν,
642 5478 823 5558 ὀλίγον
853 5483 950 5551 μέν
975 5487 1030 5536 τί
1060 5485 1230 5549 ἔστιν,
1265 5485 1360 5539 ἐὰν
1386 5487 1466 5549 είς
1495 5489 1776 5558 Δημοσθέ-

177 5587 323 5642 νην,
356 5571 401 5623 οί
424 5572 480 5626 δὲ
503 5575 596 5627 καὶ
627 5557 708 5636 είς
735 5574 900 5629 αὐτὸν
938 5576 1169 5649 Ἑρμῆν.
1195 5578 1467 5647 Τοξεύων,
1500 5557 1587 5644 είς
1606 5582 1775 5636 Ἀδα-

179 5680 288 5734 ριν
332 5664 603 5729 εἰκάζεται
634 5665 726 5720 τὸν
759 5667 1124 5739 περίκλυτον·
1172 5656 1405 5743 τρέχων,
1441 5675 1548 5741 sic:
1567 5673 1776 5744 Βορεάο

172 5755 299 5816 δας
333 5757 624 5826 ἀνάγεται·
678 5759 876 5830 μικρὸν
922 5760 1054 5832 γὰρ,
1094 5763 1254 5832 εἴπερ
1303 5763 1382 5827 είς
1418 5764 1653 5836 Περσέα,
1683 5765 1775 5818 τὸν

177 5844 350 5908 καθά
377 5863 460 5912 τις
507 5849 614 5920 ἔφη
660 5851 1090 5924 ἀρδυλόπτερον.
1126 5855 1328 5925 ’ᾼδων,
1383 5854 1628 5925 Ὀρφέως
1672 5857 1770 5926 ἐμ-

1886 4654 2070 4705 mento
2125 4644 2566 4716 supersedentcm
2619 4643 2887 4698 videntes.
2944 4642 3102 4713 Apud
3173 4643 3452 4699 sedentem

1883 4749 2065 4799 astant
2129 4738 2367 4802 attenti,
2445 4736 2695 4791 manibus
2745 4746 2872 4790 ante
2944 4736 3120 4790 sinum
3189 4737 3462 4792 consertis

1887 4844 2144 4904 tanquam
2193 4830 2246 4884 in
2280 4829 2423 4899 regis
2459 4834 2759 4896 conspectu
2791 4825 3042 4881 volentes
3079 4829 3267 4893 etiam,
3301 4836 3460 4896 puto,

1885 4926 2099 4997 persica
2130 4936 2304 4988 more,
2335 4930 2488 4976 retro
2517 4919 2712 4988 ligatas
2745 4919 2867 4974 illas
2893 4918 3116 4984 habere,
3152 4929 3210 4974 ut
3241 4920 3307 4974 ad
3342 4935 3462 4975 ser-

1885 5019 2141 5075 viendum
2218 5014 2398 5071 ὀρνυιί
2459 5012 2634 5084 magis
2719 5023 3042 5083 appareant,
3113 5023 3458 5084 assurgente,

1885 5111 2137 5166 laborant
2165 5107 2263 5173 illi,
2297 5108 2653 5162 observantes
2677 5107 2805 5176 quid
2841 5105 3043 5162 faciant
3076 5107 3158 5162 vel
3182 5123 3246 5161 ex
3278 5108 3458 5178 jussu,

1887 5205 1972 5259 vel
2008 5205 2185 5268 aliter,
2215 5202 2317 5257 iter
2344 5200 2640 5256 facientem
2673 5200 3026 5265 comitantur,
3060 5201 3224 5256 veluti
3253 5202 3462 5256 celeres

1887 5296 2052 5359 servi,
2102 5305 2454 5364 progressum
2501 5289 2842 5346 annulantes.
2908 5290 3108 5346 Beatos
3161 5293 3462 5361 pradicant

1885 5387 1978 5458 qui
2015 5392 2315 5458 genuerunt
2373 5385 2664 5440 hominem.
2703 5383 2762 5439 Si
2794 5383 2926 5453 quid
2975 5383 3253 5455 loquatur,
3306 5386 3458 5441 illum

1887 5497 2078 5555 parum
2141 5480 2294 5534 abest
2342 5479 2470 5546 quin
2509 5479 2594 5533 vel
2635 5479 2690 5534 in
2757 5477 3222 5546 Demosthenem,
3273 5482 3464 5549 plures

1883 5577 2044 5634 etiam
2077 5575 2130 5628 in
2161 5574 2337 5640 ipsum
2375 5570 2704 5628 Mercurium
2732 5573 3152 5644 transﬁgurent.
3185 5573 3462 5643 Sagittam

1882 5669 2079 5724 Abaris
2119 5666 2319 5720 famam
2351 5667 2630 5736 adaequat;
2673 5681 2927 5730 currens,
2977 5665 3324 5736 aquilonibus
3364 5677 3466 5717 as-

1884 5759 2190 5822 similatur;
2267 5773 2454 5826 parum
2519 5759 2686 5824 enim,
2747 5757 2792 5812 si
2855 5757 3075 5818 Perseo,
3121 5753 3237 5822 qui,
3293 5753 3444 5809 velut

1884 5851 2078 5921 aliquis
2136 5849 2313 5916 dixit,
2388 5849 2648 5922 pennipes
2712 5859 2851 5906 erat.
2905 5848 3174 5914 Cautans,
3226 5846 3456 5919 Orpheu
