3968 6244
496 375 604 437 388

1169 371 1590 435 EUSTATHII
1621 362 2071 430 TllESSALON
2086 362 2386 426 [CENSIS
2435 363 3003 427 METROPOLI'IUE

3639 362 3746 429 38!

497 497 758 552 inusicior
789 507 911 550 esse
959 493 1303 564 prmdicatur.
1363 492 1552 548 Virum
1600 491 1680 546 sic
1735 488 2061 545 celebratum

2174 481 2396 550 μελέστε
2410 499 2501 552 ρος
2529 481 2670 538 εἶναι
2701 482 2912 537 ἀκούει.
2955 480 3137 536 Καλὸν
3176 476 3319 536 εῖναι
3356 473 3618 552 μανθάνει
3649 487 3747 540 καὶ

491 587 655 642 Nirea
708 585 990 657 pra-ponit,
1021 593 1073 641 et
1104 599 1268 656 super
1291 585 1476 640 omnia
1512 582 1723 638 felicem
1754 594 1876 636 esse
1913 594 2068 634 mun-

489 685 620 737 dum
677 682 864 745 aiunt,
905 681 1046 748 quod
1087 680 1250 734 talem
1307 678 1684 734 exornationis
1706 674 1876 746 gratia
1926 673 2070 728 obti-

496 775 677 831 nuerit
707 774 1008 827 hominem.
1043 770 1219 827 Unum
1253 770 1381 839 quid
1413 769 1480 823 ad
1509 767 1868 824 elevationem
1901 764 2067 820 amici

492 865 806 936 relinquunt
843 866 1194 928 intentatum,
1238 859 1512 916 hominem
1567 859 1746 915 facere
1773 855 1969 923 Deum,
2014 864 2072 910 et

491 963 546 1018 in
587 977 801 1017 sacram
836 960 1098 1016 extollere
1152 959 1484 1015 columnam.
1527 957 1778 1010 Attamen
1826 954 2066 1009 divinum

489 1070 554 1109 ac
586 1055 980 1110 divinissimum
1015 1062 1178 1123 atque
1195 1054 1397 1119 divum,
1417 1063 1583 1122 atque
1614 1049 1723 1105 Deo
1742 1048 1972 1104 similem
2012 1058 2069 1104 et

488 1146 599 1201 Deo
623 1160 807 1213 parem
831 1155 885 1200 et
928 1145 1017 1199 Dei
1049 1145 1324 1211 aemulum,
1365 1153 1420 1198 et
1448 1145 1492 1198 sl
1555 1143 1697 1211 quod
1745 1150 1831 1197 est
1880 1141 2067 1207 hujus-

489 1240 636 1295 tnodi
666 1237 972 1293 venerabile
998 1244 1417 1308 cognomentum
1449 1237 1766 1305 frequenter
1790 1232 2067 1303 appellant

487 1331 787 1386 hominem.
835 1329 991 1384 Mane
1037 1344 1099 1384 se
1144 1328 1342 1383 lavanti
1378 1328 1613 1382 asistunt
1645 1343 1662 1382 :
1702 1339 1733 1380 a
1766 1325 2069 1381 dormiente

489 1421 682 1478 sedulo
710 1434 925 1476 muscas
959 1418 1220 1490 abigunt;
1246 1417 1496 1489 spuentis
1519 1431 1629 1472 non
1651 1416 1839 1472 sinunt
1864 1414 2063 1469 calcari

486 1517 750 1581 salivam,
811 1531 918 1570 non
990 1513 1333 1568 fastidiosam
1382 1511 1527 1567 illam
1585 1525 1707 1566 esse
1772 1517 2062 1577 putantes,

486 1609 583 1663 sed
615 1622 886 1662 ama-nam
933 1606 1075 1662 visu.
1112 1605 1511 1675 Ascendentem
1541 1603 1596 1657 in
1639 1601 1926 1672 subjugale
1959 1601 2062 1655 hu-

487 1700 656 1756 meris
684 1699 981 1764 extollunt,
1013 1708 1067 1753 et
1111 1698 1454 1756 adhaerentes
1499 1695 1613 1759 illi,
1657 1693 1828 1747 νυιιιιί
1863 1706 2064 1746 musca:

488 1795 755 1865 cupediis,
803 1794 871 1848 de
933 1793 1110 1848 reditu
1178 1805 1500 1861 persuasum
1563 1789 1764 1844 habere
1843 1787 2058 1842 nolunt.

488 1891 762 1942 Enarrant
804 1902 1019 1957 quoque
1065 1885 1396 1952 calumnias,
1430 1893 1621 1938 contra
1668 1897 1827 1952 quas,
1881 1881 2062 1934 amico

485 1985 752 2047 intentas,
785 1983 890 2054 ipsi
931 1997 1066 2037 sane
1103 1984 1478 2046 decertarunt,
1515 1992 1761 2048 quasque
1815 1977 2065 2030 confuta-

487 2088 784 2142 verunt,et
826 2076 969 2145 ipsas
1009 2091 1115 2130 non
1167 2089 1349 2141 veras,
1396 2076 1492 2128 sed
1538 2071 1720 2136 ﬁctas,
1773 2069 2072 2126 scelerati:

481 2169 774 2225 Adulatum
825 2170 905 2222 sic
950 2169 1160 2224 ironice.
1207 2167 1310 2235 ipsi
1351 2165 1684 2221 contumelia
1733 2161 2061 2228 allicientes,

483 2274 676 2328 argute
732 2261 1232 2317 comminiscuntur
1277 2261 1400 2314 vitae
1472 2259 1926 2313 communitatem
2008 2265 2064 2311 et

485 2354 809 2411 substantia:
833 2352 1292 2417 distributionem,
1327 2350 1436 2405 vini
1460 2349 1777 2419 amphoras,
1810 2361 1866 2404 et
1925 2348 2064 2404 alios

485 2447 730 2503 autumni
805 2445 1038 2509 fructus,
1097 2457 1152 2500 et
1222 2445 1432 2500 catinos
1493 2443 1758 2511 placentis
1810 2443 2061 2508 refertos,

484 2541 562 2596 illi
606 2539 967 2610 proferentes.
1009 2537 1075 2594 Et
1120 2540 1493 2594 comedentem
1541 2538 1757 2606 quidem
1785 2548 1837 2592 et
1870 2536 2064 2590 hiben-

481 2643 588 2690 tem
618 2634 686 2689 ad
725 2633 1200 2703 intemperantiam
1238 2632 1566 2697 incitant,nt
1598 2629 1699 2700 ipsi
1733 2637 2060 2698 prietexunt,

478 2729 546 2781 ad
581 2729 704 2782 vita:
743 2727 1222 2792 sustentationem,
1272 2725 1366 2780 sed
1414 2725 1547 2779 alias
1605 2736 1768 2796 puto,
1803 2734 1858 2777 ut
1892 2723 2062 2792 ipsius

477 2821 660 2891 gulam
687 2819 1114 2888 ebrietatemqne
1150 2819 1282 2874 risui
1315 2819 1551 2875 habeant
1588 2834 1604 2874 :
1645 2833 1834 2872 verum
1871 2818 1916 2872 si
1953 2831 2059 2871 non

479 2913 735 2970 satiatum
773 2913 924 2966 illum
965 2928 1111 2982 aegre
1154 2911 1338 2969 ferunt
1380 2912 1432 2966 in
1483 2911 1836 2981 apparentia,
1888 2911 2062 2979 magis

478 3015 662 3064 tamen
711 3007 1032 3078 gauderent,
1075 3006 1218 3076 quod
1259 3005 1362 3075 ipsi
1394 3005 1540 3059 laute
1581 3006 1941 3074 replerentur.
1981 3003 2059 3058 En

479 3111 660 3153 autem
699 3098 900 3168 aliquid
941 3099 1066 3154 novi
1101 3099 1272 3167 magis
1303 3115 1316 3152 :
1351 3097 1625 3168 mysteriis
1659 3097 1966 3163 initiantur,
2006 3104 2063 3150 et

477 3191 698 3262 propria
734 3200 977 3258 secreta,
1011 3206 1132 3262 quae
1167 3194 1249 3248 vel
1294 3193 1567 3258 fecerunt,
1591 3193 1674 3246 vel
1708 3192 2060 3261 excogitave-
2087 3205 2130 3263 ο

478 3297 632 3352 runt,
670 3285 936 3350 revelant,
964 3296 1017 3339 et
1052 3285 1168 3357 ipsa
1197 3285 1465 3356 pessima;
1497 3295 1550 3341 et
1583 3295 1844 3354 tanquam
1881 3283 2058 3339 amico

474 3378 625 3449 loqui
661 3380 998 3450 credereque
1038 3389 1236 3435 cuncta
1277 3380 1332 3434 in
1376 3380 1559 3434 animo
1602 3379 1872 3449 reposita,
1916 3377 2057 3445 ausi,

481 3474 742 3528 miserum
775 3483 831 3528 et
863 3481 993 3528 tunc
1028 3483 1330 3541 provocant
1382 3471 1448 3526 ad
1479 3474 1822 3528 consortium
1847 3511 1863 3537 ,
1906 3480 1968 3527 ut
2003 3480 2059 3526 et

479 3565 570 3622 ille
626 3568 873 3636 quedam
930 3578 1151 3625 suorum
1205 3578 1538 3625 secretorum
1599 3564 1930 3620 manifestet.
1991 3566 2059 3624 Et

481 3662 596 3718 haec
621 3661 837 3732 quidem
863 3663 963 3734 ipsi
987 3662 1216 3733 iaciunt,
1236 3675 1290 3721 et
1314 3667 1396 3722 his
1426 3665 1530 3721 alia
1555 3665 1710 3737 plura
1739 3665 2054 3736 pejoraque,

486 3771 656 3827 usque
677 3759 803 3812 dum
837 3760 1129 3829 prastigiis
1156 3761 1472 3830 deceperint
1501 3762 1826 3828 inescatum,
1867 3761 2056 3830 illique

479 3854 854 3924 persuaserint
885 3861 946 3907 ut
977 3852 1110 3923 ipsis
1139 3855 1377 3908 conﬁdat
1400 3864 1456 3909 et
1488 3854 1645 3925 quasi
1671 3856 1837 3912 rectis
1863 3856 2055 3913 amicis

481 3949 767 4004 inhaereat.
801 3948 935 4004 Cum
968 3959 1148 4004 autem
1172 3949 1314 4002 intra
1350 3951 1488 4005 rctia
1514 3951 1882 4006 miserandum
1909 3954 2054 4008 hunc

481 4042 856 4112 passerculum
881 4051 1098 4114 captum
1151 4043 1500 4110 retinuerint,
1529 4055 1656 4098 tunc
1683 4043 2054 4104 simulationis

483 4137 736 4192 nebulam
780 4135 1120 4207 abjicientes,
1145 4145 1431 4207 apparent,
1456 4137 1696 4194 amicitia
1719 4153 1846 4195 vera
1867 4139 2059 4214 sicque

482 4229 690 4284 malitia
725 4228 1176 4298 splendidissimi.

557 4321 646 4377 13.
693 4321 760 4376 Et
815 4323 1085 4390 quomodo
1123 4330 1360 4377 tractent
1409 4325 1558 4381 hunc
1612 4325 1917 4399 hominem,
1951 4345 2055 4402 ego

487 4416 624 4483 scio,
666 4412 886 4481 fratres,
917 4423 972 4468 et
999 4429 1095 4470 vos
1115 4415 1288 4480 scitis,
1319 4425 1375 4470 et
1405 4427 1531 4473 ante
1555 4434 1650 4475 vos
1677 4420 1857 4476 sciunt
1908 4425 2052 4480 scri—

484 4517 689 4578 plores,
735 4506 845 4561 imo
871 4505 1049 4559 omnis
1100 4507 1364 4562 mundus:
1386 4509 1530 4562 unde
1555 4511 1885 4581 superﬂuum
1911 4525 2056 4572 esset

485 4614 756 4671 exponere
803 4614 926 4668 quae
973 4598 1042 4654 de
1077 4609 1275 4655 cartero
1323 4603 1508 4657 auditu
1546 4619 1653 4658 non
1695 4617 1820 4661 sunt
1872 4609 2055 4679 digna.

490 4697 734 4750 Araneus
773 4693 866 4762 qui
922 4691 996 4747 ita
1047 4691 1317 4758 culicem,
1369 4706 1589 4763 captum
1637 4701 1847 4753 retibus
1905 4711 2059 4758 tene-

487 4795 594 4854 ret,
615 4783 1004 4842 animalculum
1032 4785 1352 4844 oll‘eude-‘et.
1381 4786 1486 4841 Sed
1511 4790 1652 4845 istud
1687 4808 1783 4862 per
1809 4804 2058 4850 attenua-

489 4881 690 4936 tionem
714 4878 933 4933 dicitur.
954 4877 1065 4934 Leo
1090 4895 1218 4934 vero
1243 4881 1323 4936 sic
1345 4881 1582 4939 irrueret
1611 4887 1721 4954 ovi,
1748 4888 2060 4960 animalque

493 4972 656 5028 dente
716 4970 1072 5044 discerperet,
1101 4974 1242 5028 sicut
1306 4975 1381 5029 illi
1415 4976 1784 5032 miserandum
1818 4982 2054 5038 amicum

491 5066 813 5132 discerpunt
838 5064 1111 5130 laetantes,
1141 5065 1250 5120 imo
1279 5082 1409 5124 vero
1453 5070 1649 5124 hilaria
1681 5082 1965 5138 canentes,
1999 5084 2073 5129 ut-

490 5159 654 5212 etiam
681 5172 804 5213 cum
841 5158 975 5226 ipsis
1000 5159 1162 5214 veluti
1189 5159 1416 5216 canibus
1447 5163 1678 5218 ludibria
1711 5166 2058 5234 conspician-

491 5260 600 5304 tur.
666 5248 781 5303 Non
861 5251 1006 5305 enim
1071 5251 1423 5317 erubescunt,
1487 5257 1582 5308 sed
1618 5258 2057 5314 ostentationem

489 5352 698 5406 amant,
730 5340 889 5410 quasi
921 5358 1017 5410 per
1041 5342 1265 5398 chorum
1295 5353 1348 5400 et
1374 5347 1724 5413 cantilenam,
1758 5347 1880 5404 talia
1913 5367 2062 5407 com-

490 5435 705 5503 plentes
733 5433 788 5486 hi
821 5435 1054 5491 audaces
1085 5443 1140 5490 et
1179 5435 1519 5490 miserabiles
1555 5454 1570 5491 :
1612 5455 1776 5494 unum
1810 5443 2056 5512 quidem,

487 5529 628 5598 quod
651 5527 910 5582 audacter
929 5526 1189 5582 adversus
1208 5530 1500 5584 amicitiam
1521 5540 1723 5603 agunt;
1746 5535 1887 5590 aliud
1908 5553 2058 5600 vero.

489 5619 632 5676 UllOd
669 5619 804 5675 nihil
836 5621 1111 5676 laudabile
1145 5623 1376 5677 faciunt.

559 5795 646 5852 li.
681 5795 873 5868 Itaque
908 5811 1014 5854 non
1039 5795 1148 5866 jam
1181 5798 1478 5856 amicitiam
1519 5802 1905 5865 blandimentis
1940 5807 2057 5865 alli-

2092 1845 2138 1906 Β

2172 574 2316 641 ὑπὲρ
2345 574 2520 644 Νιρέα
2543 575 2637 628 τὸν
2665 575 3078 647 περιᾳδόμενον.
3109 576 3220 629 Καὶ
3247 577 3344 631 ἐπὶ
3367 578 3531 629 πᾶσιν
3560 575 3748 629 εὔδαι-

2172 669 2358 736 μονεῖν
2403 667 2496 720 τὸν
2543 669 2749 738 κόσμον
2780 669 2966 738 φασὶν,
3001 670 3085 722 ὃτι
3121 669 3364 724 τοιοῦτον
3406 669 3626 740 εῐληχεν
3652 668 3747 723 ἀν-

2167 756 2272 825 δρα
2302 759 2379 822 είς
2405 760 2786 828 ἐπικόσμημα.
2823 759 2920 811 Ἔν
2950 775 3002 813 τι
3024 760 3250 829 ἀφιᾶσιν
3280 757 3418 814 εἶναι
3443 760 3744 813 ἀσάλευτον

2170 847 2252 912 είς
2315 849 2672 922 ὑπερύψωσιν
2711 848 2956 920 φιλικὴν,
3007 852 3068 904 τὸ
3126 851 3468 921 θεοποιῆσαι,
3515 851 3610 904 καὶ
3661 851 3742 913 είς

2172 941 2327 1012 ίεράν
2380 945 2583 1016 στήλην
2612 943 2924 1014 ἀναστῆσαι
2951 945 3042 998 τὸν
3092 942 3404 1013 ἄνθρωπον.
3442 943 3516 995 Τὸ
3555 943 3744 1011 μέντοι

2170 1035 2317 1089 θεῖον
2341 1037 2438 1089 καὶ
2465 1036 2742 1090 θειότατον
2772 1039 2870 1092 καὶ
2899 1035 3157 1090 θέσκελον
3190 1037 3285 1089 καὶ
3313 1032 3617 1087 θεοείκελον
3649 1034 3744 1087 καὶ

2168 1126 2231 1182 τὸ
2268 1127 2498 1191 θεοειδὲς
2538 1128 2636 1180 καὶ
2679 1128 2742 1180 τὸ
2774 1127 3129 1197 θεομίμητον,
3177 1126 3274 1180 καὶ
3304 1127 3358 1179 εί
3401 1143 3455 1178 τι
3496 1126 3745 1178 τοιοῦτον

2170 1219 2368 1289 σεμνὸν
2398 1216 2593 1288 ὄνομα,
2629 1218 2800 1289 συχνὰ
2832 1217 3196 1289 κατεπᾴδουσι
3240 1217 3335 1271 τοῦ
3366 1217 3581 1287 ἀνδρός.
3621 1218 3744 1270 Ἔτι

2165 1310 2447 1381 λουομένῳ
2505 1309 2990 1382 παραστατοῦσινο
3051 1308 3350 1372 ὑπνοῦντος
3409 1309 3748 1363 ἀποσοϐοῦσι

2165 1403 2267 1468 τὰς
2301 1403 2467 1474 μυίας
2514 1402 2906 1474 προμηθικῶς·
2941 1400 3248 1462 πτύσαντος
3275 1392 3375 1454 σ’ὑκ
3414 1401 3610 1468 ἀφιᾶσι
3641 1419 3752 1454 παο

2165 1494 2398 1565 τηθῆναι
2431 1493 2523 1548 τὸν
2569 1493 2766 1558 σίελον,
2807 1492 2885 1563 μὴ
2929 1493 3118 1561 σικχδν
3152 1490 3315 1544 αὑτὸν
3345 1485 3485 1544 εἶναι
3528 1490 3752 1560 φιλοσο-

2167 1586 2436 1656 φοῦντες,
2483 1585 2601 1641 ἀλλ’
2659 1585 2789 1656 ἡδὺν
2844 1584 3163 1656 βλέπεσθαι.
3225 1582 3616 1637 Ἀνασαίνοντα
3665 1583 3751 1644 είς

2166 1675 2462 1745 ὑποζύγιον
2516 1674 2879 1730 ἀναϐάλλουσι
2929 1673 3306 1742 κουφίζοντες,
3354 1672 3451 1726 καὶ
3499 1689 3751 1743 παρακο-

2164 1767 2483 1832 λουθοῦντες
2515 1769 2617 1822 ὅσα
2652 1769 2746 1821 καὶ
2780 1769 2936 1834 μυῖαι
2969 1766 3344 1835 γλυκάσματι,
3373 1764 3476 1818 οὐκ
3499 1765 3748 1818 ἐθέλουσι

2167 1861 2454 1916 πείθεσθαι
2477 1862 2555 1923 είς
2584 1859 2921 1930 ἀνάκαμψιν.
2960 1856 3324 1926 ’Δφηγοῦνται
3347 1845 3438 1910 καὶ
3464 1856 3747 1922 διασολάς,

2165 1948 2240 2008 ὧν
2268 1953 2435 2023 δῆθεν
2477 1952 2898 2024 ἐπιφερομένων
2927 1949 3006 2020 τῷ
3037 1950 3176 2019 φίλῳ
3213 1949 3369 2002 αὐτοὶ
3397 1950 3750 2018 προέστησαν

2165 2044 2460 2114 ἀντίμαχοι
2495 2044 2589 2096 καί⁸
2614 2041 2944 2112 ἀνέτρεψαν,
2979 2040 3072 2093 καὶ
3115 2039 3287 2100 αὑτὰς
3313 2039 3417 2092 οὐκ
3445 2037 3750 2108 ἀληθευού-

2167 2151 2289 2197 σας,
2320 2133 2456 2187 ἀλλὰ
2485 2132 2889 2202 πλαττομένας,
2935 2132 2983 2184 oi
3017 2129 3354 2201 ἐπίτριπτοι.
3390 2129 3751 2200 ’Υὸρίζοντες

2165 2225 2324 2280 αὐτοὶ
2351 2223 2498 2278 οὕτω
2534 2223 2779 2292 πλαγίως
2810 2223 2903 2278 τὸν
2934 2223 3386 2294 κολακευόμενον,
3427 2221 3750 2290 σοφίζονται

2165 2320 2262 2374 καὶ
2307 2319 2424 2389 βίου
2478 2316 2769 2371 κοινωνίαν
2823 2317 2918 2370 καὶ
2971 2310 3753 2387 περιουσίαςίὰπομερισμδν,

2166 2411 2354 2481 βίκους
2385 2411 2529 2463 οἴνου
2557 2408 2983 2480 περιφοροῦντες
3014 2408 3235 2479 ἐκείνῳ,
3275 2409 3372 2462 καὶ
3398 2408 3622 2477 ὀπώραν
3649 2405 3748 2461 ἀλ-

2164 2505 2286 2557 λοτε
2345 2502 2555 2572 ἀλλην,
2613 2503 2707 2556 καὶ¹
2759 2500 2986 2569 τρυϐλία
3041 2503 3347 2571 πεμμάτων
3399 2503 3596 2574 μεστά.
3634 2500 3755 2554 Καὶ

2163 2597 2418 2652 ἐσθίοντα
2470 2595 2571 2668 μὲν
2603 2596 2698 2649 καὶ
2745 2595 2976 2648 πίνοντα
3032 2594 3438 2649 συνεπωθοῦσιν
3471 2595 3554 2658 είς
3602 2594 3753 2666 πλη-

2166 2689 2399 2761 σμονὴν,
2438 2688 2502 2741 τὸ
2535 2687 2634 2757 μέν
2664 2689 2992 2754 φαινόμενον
3021 2685 3113 2738 ἐπὶ
3147 2685 3408 2739 συστάσει
3453 2685 3627 2757 ζωῆς,
3651 2687 3759 2739 ἀλ-

2163 2783 2272 2848 λως
2311 2783 2368 2837 δὲ
2393 2777 2573 2851 οἶμαι,
2623 2779 2712 2833 ἵνα
2751 2777 3103 2849 καταγελῷεν
3133 2777 3302 2832 αὑτοῦ
3351 2779 3431 2840 είς
3475 2779 3756 2849 βορότητα

2164 2876 2263 2929 καὶ
2311 2871 2688 2942 οἰνοφλυγίαν.
2717 2871 2809 2939 Μὴ
2840 2869 3258 2941 ἐμφορουμένου
3287 2869 3347 2923 δὲ
3388 2870 3612 2924 δοκοῦσι
3647 2871 3761 2939 μὲν

2163 2966 2450 3038 ἄχθεσθαι,
2478 2962 2719 3034 χαίροιεν
2746 2961 2803 3016 δέ
2835 2961 2902 3015 ἂν
2934 2961 3154 3029 μᾶλλον,
3186 2961 3269 3014 ὅτι
3307 2960 3464 3014 αὐτοὶ
3493 2959 3757 3030 πλησθή-

2165 3076 2351 3114 σονται
2403 3055 2664 3128 δαψιλῶς.
2706 3055 2780 3108 To
2813 3054 2870 3107 δὲ
2909 3053 3259 3124 καινότερον·
3311 3054 3405 3106 καὶ
3441 3052 3754 3123 μυστηριῶ-

2165 3147 2376 3212 ζονται,
2401 3147 2496 3201 καὶ
2527 3146 2735 3218 κρύφια
2756 3145 2932 3198 οίκεῖα
2957 3145 2990 3214 ἢ
3018 3141 3318 3214 δράσαντες
3347 3142 3380 3208 ἢ
3411 3142 3757 3208 πλάσαντες,

2166 3235 2592 3300 ἐκκαλύπτουσι,
2620 3235 2712 3288 καὶ
2736 3233 2874 3288 αὐτὰ
2895 3234 3167 3305 χείριστα,
3191 3231 3288 3286 καὶ
3311 3231 3388 3296 ὡς
3418 3227 3511 3286 οἷα
3539 3233 3752 3304 τεθαῤ-

2168 3328 2402 3401 ῥηκότες
2438 3329 2580 3398 φίλῳ
2609 3327 2792 3382 λαλεῖν
2830 3327 2927 3381 καὶ
2974 3325 3338 3396 παρατιθέναι
3377 3326 3446 3380 τὰ
3495 3328 3556 3380 ἐν
3599 3326 3755 3398 ψυχῇ

2168 3421 2406 3486 ἅπαντα,
2445 3420 2885 3492 προκαλούμενοι
2938 3419 3031 3472 τὸν
3055 3419 3290 3471 ἐλεεινὸν
3343 3417 3628 3472 κάνταῦθα
3667 3421 3758 3484 είς

2163 3515 2482 3588 ὁμοιότητα,
2513 3513 2599 3567 ίνα
2622 3514 2718 3568 καὶ
2735 3513 2941 3572 ἐκεῖνος
2961 3509 3072 3564 τῶν
3094 3527 3218 3562 τινα
3237 3509 3368 3579 παρ’
3392 3507 3547 3578 αὐτῷ
3573 3509 3759 3579 ἀττορ-

2165 3606 2346 3675 ρήτων
2378 3602 2614 3676 ἐκφήνῃ.
2643 3602 2754 3657 Καὶ⁸
2797 3599 2970 3654 ταῦτα
3009 3601 3108 3670 μὲν
3145 3598 3393 3655 ποιοῦσιν
3443 3600 3623 3665 αὐτοὶ,
3652 3601 3757 3654 καὶ

2161 3695 2369 3751 τούτων
2397 3697 2563 3766 ἔτερα
2596 3695 2766 3748 πλείω
2807 3694 2900 3748 καὶ
2935 3693 3124 3764 χείρω,
3151 3692 3257 3755 ἕως
3287 3691 3354 3745 ἂν
3377 3692 3759 3761 καταγοητεύο

2167 3808 2301 3844 σωσι
2334 3790 2425 3844 τὸν
2455 3788 2870 3856 δελεαζόμενον,
2907 3785 3199 3849 πείσαντες
3229 3785 3458 3856 θαρρεῖν
3490 3786 3756 3850 ἐκείνοις,

2161 3883 2260 3936 καὶ
2298 3881 2654 3953 προσανέχειν
2699 3881 2799 3933 ὅσα
2828 3879 2923 3931 καὶ
2949 3877 3123 3946 φίλοις
3161 3875 3363 3949 ὀρθοῖς.
3395 3877 3530 3930 ὐτε
3564 3877 3624 3930 δὲ
3649 3875 3758 3946 θη-

2167 3977 2470 4046 ρασάμενοι
2504 3973 2614 4026 ἔσω
2643 3970 2872 4040 παγίδος
2900 3969 2963 4023 τὸ
2992 3968 3211 4038 οἰκτρὸν
3242 3969 3420 4022 ἐκεῖνο
3458 3967 3760 4038 στρουθίον

2165 4069 2506 4139 κατάσχωσι,
2538 4067 2659 4119 τότε
2692 4063 2756 4134 δὴ
2784 4064 2844 4116 τὸ
2863 4063 2963 4129 τῆς
2989 4059 3335 4130 ὑποκρίσεως
3362 4060 3760 4129 ἀπαγαγόντες

2162 4159 2344 4227 νέφος,
2371 4156 2736 4226 ἐκλάμπουσι,
2768 4156 2836 4225 τῇ
2859 4153 2993 4224 πρὸς
3018 4151 3276 4222 ἀλήθειαν
3297 4149 3453 4223 φιλίᾳ
3479 4152 3580 4205 καὶ
3601 4151 3760 4206 οὕτω

2165 4251 2336 4321 κακίᾳ
2363 4248 2850 4320 περιφανέστατοι.

2237 4347 2326 4410 ιγ’.
2360 4342 2472 4395 Καὶ
2495 4336 2580 4393 οἷα
2609 4337 2943 4393 διατίθενται
2974 4337 3066 4392 τὸν
3111 4337 3304 4409 ἄνδρα,
3339 4335 3451 4405 ἐγώ
3497 4355 3563 4390 τε
3596 4333 3751 4410 οἴδα,

2165 4427 2210 4488 ὧ
2249 4408 2494 4500 ἀδελφοὶ,
2527 4432 2621 4484 καὶ
2654 4430 2812 4498 ὑμεῖς
2863 4429 3066 4496 οἴδατε,
3092 4430 3189 4482 καὶ
3217 4427 3324 4498 πρὸ
3351 4429 3514 4497 ὑμῶν
3539 4408 3766 4483 οἴδασιν

2161 4525 2212 4578 oi.
2275 4522 2866 4594 βιϐλιογραφήσαντες,
2903 4523 3000 4574 καὶ
3057 4522 3085 4574 ὁ
3119 4519 3321 4582 κόσμος
3356 4519 3412 4572 δὲ
3442 4519 3596 4582 ἄπας
3621 4535 3634 4548 '
3669 4519 3768 4573 διδ

2167 4615 2262 4668 καὶ
2298 4611 2556 4684 περιττὸν
2596 4612 2662 4666 ἂν
2687 4613 2800 4680 εἴη,
2831 4612 3088 4665 ἐκθέσθαι
3118 4612 3184 4665 τὰ
3243 4611 3339 4664 καὶ
3386 4611 3572 4674 ἄλλως
3611 4612 3770 4680 μηδὶ

2162 4699 2334 4770 ἀκοῆς
2355 4698 2503 4766 ἀξια.
2557 4700 2831 4770 ’Λράχνης
2861 4699 2927 4754 ἄν
2950 4717 3036 4762 τις
3060 4699 3202 4752 οὕτω
3240 4698 3484 4752 κώνωπα
3519 4701 3774 4765 περιλα-

2162 4792 2297 4854 6ὼν,
2331 4789 2412 4857 οἷς
2437 4792 2772 4856 δικτυοῦται,
2820 4792 3157 4861 κακουργοίη
3201 4790 3330 4860 περὶ
3373 4790 3434 4842 τὸ
3479 4789 3769 4859 ζωῢφιον.

2175 4885 2340 4940 Ἀλλά
2381 4885 2542 4938 τοῦτο
2567 4884 2669 4954 μὲν
2697 4886 2780 4946 είς
2808 4884 3086 4936 εὐτέλειαν
3124 4884 3461 4952 πέφρασται.
3498 4883 3655 4936 Λέων
3697 4884 3772 4936 δὲ

2162 4979 2338 5044 οὕτως
2372 4980 2439 5035 ἂν
2469 4980 2731 5052 ἐπιϐρίσῃ
2761 4979 3045 5049 προϐάτῳ,
3073 4979 3166 5032 καὶ
3199 4978 3416 5048 συσχὼν
3437 4977 3775 5049 διασπάσῃ-

2160 5089 2254 5128 ται
2280 5073 2343 5127 τὸ
2366 5073 2527 5138 ζῶον,
2561 5071 2634 5134 ὡς
2665 5072 2866 5124 ἐκεῖνοι
2903 5071 2996 5124 τὸν
3042 5070 3261 5140 οἰκτρὸν
3313 5070 3471 5138 φίλον
3517 5070 3783 5124 διασπει-

2164 5165 2417 5238 ράττουσι
2443 5164 2752 5234 χαίροντες,
2785 5163 3051 5234 μενοῦνγε
3079 5163 3380 5234 μέλποντες
3402 5161 3772 5231 εὐφρόσυνσι,

2163 5255 2250 5310 ῖνα
2280 5257 2374 5310 καὶ
2403 5256 2489 5308 ἐπ’
2519 5255 2704 5310 αὐτῶν
2729 5257 2830 5308 ὅσα
2862 5255 2956 5308 καὶ
2983 5254 3261 5322 κυναρίων
3291 5252 3589 5324 μέλπηθρά
3622 5270 3780 5310 τινα.

2164 5347 2480 5419 θεωροῖντο.
2514 5347 2653 5401 Οὐδὲ
2705 5347 2814 5417 γὰρ
2845 5345 3286 5416 ἐπαισχύνονται,
3318 5343 3455 5398 ἀλλὰ
3485 5346 3578 5398 καὶ
3618 5349 3778 5414 φιλ-

2162 5440 2533 5494 ενδεικτοῦσιν
2553 5441 2627 5502 ὡς
2652 5442 2744 5493 ἐπὶ
2768 5438 2914 5511 χορῷ
2937 5441 3030 5492 καὶ
3052 5438 3253 5508 μολπῇ,
3284 5435 3521 5489 τοιαῦτα
3561 5437 3784 5508 πλημ-

2166 5531 2456 5602 μελοῦντες
2484 5534 2534 5584 οἱ
2566 5537 2660 5586 καὶ
2692 5533 2914 5601 θρασεῖς
2945 5537 3038 5584 καὶ
3078 5531 3307 5590 τάλανες
3334 5544 3347 5556 ⁸
3385 5528 3447 5580 τὸ
3504 5529 3628 5598 μὲν,
3671 5532 3784 5587 ὅτι

2163 5624 2406 5692 τολμῶσι
2437 5628 2581 5680 κατὰ
2615 5627 2820 5695 φιλίας,
2859 5622 2918 5676 τὸ
2951 5625 3028 5689 δὲ,
3056 5623 3138 5676 ὅτι
3168 5621 3320 5675 οὐδέν
3356 5639 3408 5674 τι
3434 5621 3604 5693 δρῶσι
3642 5642 3785 5694 μα-

2163 5716 2443 5786 καριστόν.

2238 5809 2322 5865 ιδ’.
2359 5808 2572 5865 Οὐκοῦν
2602 5810 2727 5866 οὔτε
2764 5811 3008 5866 σαίνουσι
3041 5807 3136 5896 τοῦ
3194 5808 3386 5864 λοιποῦ
3447 5810 3512 5863 τὸ
3541 5807 3794 5885 φίλιον,
