3968 6244
197 320 314 394 385

1521 328 1628 393 DE
1651 329 2207 394 SIMULATIONK.

3375 337 3483 406 386

190 435 322 490 οὔτε
356 434 652 507 κλαυθμοῦ
681 436 780 492 καὶ
809 435 990 510 χαρᾶς
1025 439 1247 512 μερῖται
1303 441 1614 511 φαίνονται,
1672 443 1782 497 ούδί

1902 444 2079 511 ciunt,
2142 461 2244 502 nec
2291 444 2451 502 ﬂetus
2497 455 2550 502 et
2603 449 2784 519 gaudii
2841 447 3144 521 participes
3195 465 3480 522 apparent,

191 528 432 602 ἀμύνειν
454 530 492 603 ἢ
524 531 862 603 θεραπεύειν
895 534 1350 603 προσποιοῦνται,
1383 537 1475 590 καὶ
1505 537 1599 591 τοῦ
1622 538 1794 611 τιμᾷν

189 625 288 678 καὶ
312 625 567 693 εὐλογεῖν
604 625 696 680 τὸν
719 627 916 698 πρῴην
959 628 1112 698 φίλον
1143 629 1237 683 καὶ
1264 629 1665 700 εὐδαιμονίζειν
1689 633 1797 685 ἀπ-

191 715 432 788 έχονται.
457 718 650 790 Αἴρειν
677 718 733 772 δὲ
758 719 921 773 αὐτὸν
946 719 1041 773 ἐπὶ
1069 721 1270 792 χειρῶν
1297 722 1608 776 ἀναϐολέων
1633 723 1794 794 δίκην

192 813 457 866 τοσοῦτον
517 815 840 882 ἀπέχουσιν,
876 815 1020 869 ὥστε
1078 817 1174 870 καὶ
1221 816 1584 888 βοθρεύοντες
1622 836 1794 872 κατα-

192 905 489 970 ϐάλλουσι,
525 907 622 961 καὶ
648 907 907 980 ἀπέχουσι
933 910 991 964 δέ
1018 925 1030 940 ⁸
1067 911 1162 964 καὶ⁵
1204 910 1260 962 εί
1293 902 1342 964 τί
1375 913 1681 984 ἑχορήγουν
1714 910 1792 982 τῷ

191 999 337 1070 φίλῳ
377 999 518 1071 πρὸς
543 1000 816 1066 δεξίωσιν,
845 1004 894 1056 εί
920 1001 978 1055 δὲ
1011 1001 1106 1057 καὶ
1139 1005 1420 1074 μυστήρια
1452 1003 1792 1074 ὲκειμηλιώ-

196 1093 368 1148 σαντό
401 1110 510 1147 που
552 1094 747 1162 φιλικά
773 1096 820 1148 oi
858 1095 967 1165 πρὸ
999 1095 1205 1149 τούτων
1237 1095 1651 1167 ὲξερευγόμενοι
1687 1114 1791 1168 μυ-

195 1187 500 1258 στηριακά,
535 1188 632 1241 καὶ
686 1183 754 1241 αὖ
794 1188 964 1242 πάλιν
1020 1187 1522 1259 ἀντεισδεχόμενοι,
1565 1190 1674 1244 οὐδ’
1722 1191 1790 1245 ἂν

195 1280 417 1350 πηγαῖα
447 1279 608 1350 χύσις
637 1279 860 1348 ἡτισοῦν
915 1279 1180 1350 ἐκϐρὰσοι
1240 1281 1371 1351 ῥᾷον
1409 1281 1790 1336 ἀναϐάλλουσι

191 1372 252 1427 τὸ
293 1375 420 1426 κατ’
455 1374 629 1446 αὐτὴν
675 1373 906 1444 ἀρχικὸν
938 1371 1108 1444 ὕδωρ,
1160 1373 1236 1435 ὡς
1270 1374 1475 1428 ἰκτῖνοι
1530 1373 1787 1445 ἐξεμοῦσι

187 1465 258 1521 τά
319 1465 776 1538 παρστεθειμένα
823 1465 1052 1536 κρύφια.
1084 1465 1271 1520 Ταῦτα
1321 1465 1379 1519 δὲ
1428 1468 1612 1521 πάντα
1643 1467 1786 1520 διατι

191 1560 290 1614 καὶ
319 1559 474 1623 τίνος
539 1558 734 1624 Evam;
766 1557 892 1611 Ὅτι
969 1557 1310 1626 φαυλότατόν
1357 1576 1411 1612 τι
1461 1560 1786 1630 παραπεσὸν

193 1654 460 1724 πρᾶγμα,
502 1652 626 1706 οὐδὲ
657 1651 852 1706 ὀϐολοῦ
881 1651 1228 1722 ἀξιούμενον,
1263 1651 1506 1720 ἐλύπησε
1535 1651 1630 1705 τὸν
1654 1652 1787 1706 ὑπο-

190 1743 389 1815 κριτὴν
449 1743 906 1813 παρεωραμένον,
939 1743 1015 1806 ὡς
1065 1742 1134 1796 ἄν
1175 1742 1343 1806 αὐτὸς
1387 1743 1560 1808 εἴποι,
1613 1741 1781 1809 ἀξιῶν
1807 1783 1855 1845 Β

187 1832 533 1899 δεσποτικῶς
553 1836 612 1898 ις
641 1834 702 1888 τὸ
743 1835 852 1889 πᾶν
879 1833 961 1904 τῷ
1001 1832 1432 1905 κολακευομένῳ
1463 1833 1778 1904 προσφέρε-

188 1925 346 1995 σθαι,
404 1927 504 1983 καὶ
557 1915 787 1998 μηδενὸς
843 1926 1248 1997 ἀποτυγχάνειν
1301 1924 1362 1991 ἐξ
1413 1925 1649 1993 ἐκείνου,
1702 1919 1780 1983 ὧν

191 2021 414 2092 ἐφίεται
433 2037 450 2054 ο
483 2020 513 2076 δ
537 2019 757 2086 πάντως
781 2019 882 2074 οὐκ
905 2018 1054 2074 εστιν
1077 2021 1137 2074 ἐν
1157 2017 1237 2092 τῷ
1269 2019 1370 2092 βίῳ
1395 2019 1533 2092 πρὸς
1559 2021 1780 2088 οὐδενὸς

187 2113 470 2181 γίνεσθαι,
503 2114 641 2169 ὅπου
683 2130 749 2182 γε
783 2116 891 2176 πᾶς
925 2113 1218 2185 ἄνθρωπος
1269 2113 1393 2168 οὐδὲ
1427 2113 1524 2168 τοῦ
1568 2114 1776 2170 οἰκείου

186 2206 388 2276 κρατεῖ
440 2205 620 2260 διόλου
677 2204 1074 2276 βουλεύματος,
1125 2204 1264 2260 ἀλλά
1311 2222 1364 2259 τι
1397 2204 1660 2275 κυρώσας
1715 2207 1777 2261 ιν

190 2297 474 2371 σταθερᾷ),
507 2299 608 2370 τὴν
639 2299 882 2370 σήμερον
921 2297 1120 2369 αὔριον
1165 2297 1508 2368 μεταϐαλὼν,
1547 2300 1776 2368 ἀπεχει-

189 2392 456 2462 ροτόνησε
481 2391 583 2462 τὴν
609 2391 821 2445 οἰκείαν
845 2389 1124 2462 πρόθεσιν.
1158 2389 1224 2444 Τί
1252 2390 1307 2444 δέ
1336 2408 1482 2460 φημι
1536 2391 1730 2462 αὔριον
1754 2409 1772 2461 ;

185 2484 309 2540 δέον
331 2487 531 2546 εἰπεῖν,
559 2486 642 2540 ὅτι
687 2484 960 2554 αὐθωρδν,
1021 2482 1094 2537 τά
1117 2500 1177 2537 τε
1207 2483 1367 2549 ἄλλα,
1418 2484 1514 2538 καὶ
1535 2483 1672 2539 διότι
1711 2485 1772 2539 ού

183 2574 334 2629 πάνυ
394 2575 604 2645 ἀπᾷδον
651 2576 787 2646 πρὸς
821 2575 1105 2647 ἀλήθειαν,
1155 2575 1219 2630 τδ
1247 2576 1349 2641 τὰς
1383 2577 1590 2649 φρένας
1635 2575 1774 2648 πρὸς

180 2669 361 2740 τύχας
376 2668 681 2740 κεκτῆσθαι
703 2669 872 2740 ἡμᾶς.

258 2768 346 2818 ιε’.
380 2763 492 2816 Καὶ
521 2761 666 2818 οὕτω
695 2764 796 2833 μὲν
840 2763 912 2817 τὰ
952 2763 1012 2825 ις
1052 2761 1238 2832 φιλίαν
1284 2763 1689 2836 κακουργοῦσιν
1721 2764 1771 2820 οἱ

183 2855 287 2926 τῆς
313 2856 686 2927 ύποκριτικῆς
715 2857 1001 2928 αἱρέσεως,
1031 2857 1122 2911 ὅτε
1171 2856 1668 2928 μεταχειρίσασθαι
1710 2856 1772 2912 τὸ

184 2947 313 3002 κατ’
342 2945 523 3019 αὐτὴν
549 2946 888 3016 πρόθωνται.
926 2946 1038 3001 Καὶ
1055 2946 1218 3021 ἤρκει
1251 2947 1352 3017 μὲν
1379 2945 1614 3002 ἐνταῦθα
1634 2945 1773 3019 φαύ-

185 3042 314 3106 λους
338 3040 742 3111 ἐληλεγμένους
780 3039 979 3103 αὐτοὺς
1010 3040 1230 3108 ἀφεῖναι
1260 3039 1479 3110 βάλλειν
1504 3042 1563 3106 ες
1601 3041 1772 3112 κόρα-

1902 550 2003 591 nec
2037 539 2174 593 tueri
2206 539 2289 593 vel
2305 539 2510 596 servire
2533 539 2762 611 tingunt,
2786 552 2838 598 et
2867 543 2937 599 ab
2970 543 3290 602 honorando
3320 545 3487 610 bene-

1895 623 2236 695 dicendoque
2279 643 2342 682 ac
2383 629 2725 696 praedicando
2747 633 2964 688 beatum
2997 633 3138 690 hunc
3168 633 3481 691 hesternum

1898 719 2159 784 amicum,
2201 717 2501 775 abstinent.
2539 718 2770 776 Tantum
2803 734 2982 779 autem
3017 727 3171 781 abest
3209 736 3289 796 ut,
3325 731 3483 798 equi-

1896 823 2090 865 sonum
2123 811 2315 875 instar,
2361 813 2509 866 illum
2534 813 2586 866 in
2623 816 2872 870 manibus
2909 818 3122 884 tollant,
3167 828 3228 874 ut
3260 837 3388 876 eum
3424 821 3479 876 itt

1893 915 2089 956 caveas
2121 905 2460 974 przecipitent
2513 913 2568 960 et
2609 906 2883 974 obruant;
2933 919 2986 964 et
3034 911 3080 966 si
3126 913 3257 981 quid
3303 915 3482 970 amico

1893 993 2310 1064 suppeditabant
2376 999 2443 1052 ad
2505 998 2758 1052 amicitia:
2795 1000 3029 1070 signum,
3075 1005 3212 1060 etsi
3258 1005 3481 1060 aliunde

1891 1086 2154 1154 mysteria
2192 1087 2354 1144 amici
2402 1090 2658 1160 quopiam
2689 1091 2958 1147 servanda
2992 1097 3356 1164 reponebant,
3396 1099 3475 1152 illi

1890 1177 1981 1246 qui
2015 1185 2174 1232 antea
2205 1178 2557 1251 divulgabant
2588 1182 2932 1252 mysteriosa,
2965 1196 3025 1241 ut
3057 1187 3296 1244 vicissim
3331 1191 3474 1244 obti-

1891 1280 2215 1331 nerent,uon
2243 1270 2454 1326 facilius
2477 1272 2600 1328 fons
2621 1275 2932 1332 ebullientis
2952 1293 3103 1348 aqua:
3122 1295 3274 1334 suam
3299 1280 3478 1336 fonta-

1891 1362 2066 1418 nnlem
2095 1379 2289 1434 aquam
2318 1367 2620 1432 emitteret,
2656 1384 2818 1439 quam
2853 1370 2939 1425 isti
2977 1373 3216 1440 reposita
3255 1387 3474 1430 secreta

1888 1465 2166 1510 eructant.
2195 1455 2320 1510 llrec
2352 1468 2534 1512 autem
2561 1460 2747 1515 omnia
2781 1478 2953 1532 quare
2976 1475 3029 1518 et
3049 1474 3273 1534 propter
3301 1467 3471 1536 quid?

1889 1547 2027 1613 Quia
2058 1562 2144 1602 res
2180 1549 2363 1619 aliqua
2404 1551 2666 1604 vilissima
2701 1555 3114 1622 superveniens,
3164 1572 3262 1612 nec
3320 1558 3467 1612 oboli

1886 1640 2228 1706 aestimanda,
2285 1643 2630 1698 contristnvit
2671 1645 3068 1712 simulatorem,
3134 1649 3476 1718 despectum,

1886 1733 2028 1788 sicut
2057 1734 2170 1801 ipse
2199 1734 2428 1797 diceret,
2459 1737 2888 1794 dominationem
2923 1740 2976 1795 in
3010 1741 3260 1798 omnibus
3306 1759 3472 1813 super

1892 1825 2170 1881 adulatum
2205 1827 2406 1883 habere
2434 1828 2620 1886 volens
2647 1839 2701 1886 et
2728 1831 2798 1886 ab
2829 1832 2917 1889 illo
2959 1833 3092 1888 nihil
3127 1848 3314 1890 eorum
3354 1852 3474 1906 quas

1891 1915 2189 1981 desiderat,
2218 1932 2324 1973 non
2361 1919 2611 1975 obtinere
2648 1937 2662 1976 :
2705 1924 2851 1992 quod
2900 1926 2952 1978 in
2990 1923 3103 1980 vita
3153 1941 3385 1996 prorsus
3433 1943 3462 1980 a

1889 2006 2108 2066 nemine
2137 2017 2314 2081 potest
2343 2011 2604 2076 obtineri,
2668 2014 2759 2069 ubi
2809 2015 3027 2085 quidem
3076 2016 3257 2074 omnis
3309 2019 3473 2076 ιιοιιιο

1890 2103 2129 2175 propria:
2161 2103 2458 2159 voluntatis
2506 2120 2614 2160 non
2661 2118 2747 2162 est
2790 2107 3014 2164 omnino
3047 2109 3318 2176 dominus,
3352 2112 3471 2174 sed,

1893 2205 2185 2267 postquam
2219 2195 2426 2265 aliquid
2466 2197 2699 2252 ﬁrmiter
2726 2197 2947 2263 statuit,
2986 2197 3251 2254 hodierna
3291 2199 3377 2254 die
3417 2201 3470 2254 in

1888 2288 2190 2346 crastinam
2245 2297 2600 2356 commutata,
2638 2289 2920 2359 pr0prium
2964 2291 3303 2360 abjudicavit
3346 2308 3474 2364 pro.

1888 2384 2149 2456 positum.
2199 2383 2530 2439 Cur'autem
2583 2383 2707 2438 dico
2742 2383 3074 2454 crastinam}?
3105 2383 3254 2439 dium
3305 2399 3474 2455 opor-

1892 2478 2039 2533 tebat
2090 2477 2277 2532 dicere
2330 2475 2510 2541 illico;
2555 2475 2808 2545 istudque
2835 2513 2850 2539 ,
2891 2474 3034 2531 inter
3075 2484 3299 2542 cratera,
3340 2478 3470 2548 quia

1889 2587 1998 2628 non
2029 2579 2112 2628 est
2138 2571 2362 2624 omnino
2410 2584 2440 2624 a
2487 2570 2719 2624 veritate
2770 2567 3032 2635 alienum,
3082 2569 3231 2640 quod
3273 2586 3471 2628 sensus

1883 2663 2043 2736 juxta
2078 2663 2356 2717 fortunam
2389 2661 2672 2717 habemus.

1961 2759 2049 2813 15.
2077 2757 2142 2812 Et
2163 2757 2235 2810 ita
2263 2755 2477 2824 quidem
2505 2755 2712 2810 bonum
2735 2754 2991 2809 amicitiae
3014 2764 3467 2827 pervertunt,qu.

1887 2850 2166 2924 pertinent
2197 2849 2264 2904 ad
2307 2859 2509 2904 sectam
2546 2848 2984 2919 hypocritarum,
3017 2864 3140 2906 cum
3203 2849 3281 2915 id,
3322 2849 3466 2921 quod

1888 2944 2058 3018 ipsius
2074 2953 2181 3011 est,
2203 2942 2590 2998 administrare
2616 2941 2946 2997 luculentius
2964 2942 3204 3013 aggressi
3227 2943 3469 3000 suut..Et

1891 3038 2109 3110 quidem
2145 3035 2220 3092 ibi
2261 3033 2564 3091 sumciebat
2597 3035 2731 3091 istos
2761 3035 2827 3090 de
2873 3036 3149 3105 pravitate
3181 3037 3466 3091 convictos

188 3152 319 3200 κας.
387 3132 448 3187 '0
511 3133 624 3204 γὰρ
682 3132 1009 3203 τηλικούτου
1076 3135 1776 3206 καταπανουργευσάμενος

1892 3129 1952 3186 de
2002 3129 2172 3198 gradu
2230 3126 2492 3196 dejicere.
2553 3126 2656 3194 Qui
2718 3128 2864 3182 enim
2929 3126 3195 3182 adversus
3246 3135 3459 3182 tantum

187 3226 428 3297 ἀγαθοῦ,
462 3226 610 3292 κατά
656 3225 812 3280 ποίου
844 3227 1034 3297 ἐτέρου
1081 3226 1525 3298 εὐλαϐηθήσεται
1558 3230 1634 3299 μὴ
1687 3229 1781 3283 ἀν-

184 3318 524 3393 δρίσασθαι;
555 3317 1022 3388 Ἐπισκεψὼμεθα
1049 3318 1106 3372 δὲ
1131 3319 1280 3389 ὅμως
1313 3319 1410 3373 καὶ
1461 3319 1550 3374 ἐπ’
1595 3319 1782 3386 ἄλλοις

186 3410 288 3480 τὴν
321 3409 513 3466 αὐτῶν
565 3408 897 3480 μοχθηρίαν,
965 3410 1074 3480 ὅπη
1125 3409 1412 3481 ἐπιτιμίας
1461 3410 1779 3485 ἀφώρισται

188 3502 626 3573 ἐντυγχάνοντας
654 3517 670 3534 ·
706 3502 881 3564 οὐδεὶς
909 3502 1021 3572 γὰρ
1048 3502 1150 3576 τὴν
1170 3503 1436 3575 τοιαύτην
1461 3505 1651 3574 ἀγνοεῖ
1679 3524 1780 3576 μο-

185 3593 450 3666 χθηρίαν,
481 3594 594 3665 ὅπη
621 3595 910 3662 ἐπιτιμίας
932 3596 1246 3666 ἀφώρισται
1270 3612 1286 3630 ⁸
1321 3597 1437 3650 ἀλλ’
1473 3597 1618 3652 ὥστε
1647 3616 1777 3654 συν-

187 3689 430 3758 αγαγεῖν
461 3705 520 3742 τι
557 3687 655 3742 καὶ
703 3687 860 3742 αὐτοὶ
890 3688 1030 3758 πρὸς
1059 3688 1413 3760 κατάκρισιν,
1445 3690 1540 3744 καὶ
1571 3708 1780 3763 προσε-

187 3776 442 3832 πιδαλεῖν
473 3776 555 3848 τῷ
580 3777 704 3830 κατ’
728 3777 902 3847 αὐτῆς
943 3779 1190 3849 μεγίστῳ
1226 3779 1407 3847 κάδδῳ
1433 3779 1617 3851 ψῆφον
1644 3783 1778 3850 μίαν

189 3869 322 3940 γοῦν
350 3887 480 3925 τινα
533 3869 814 3941 μέλαιναν,
839 3869 942 3941 τὴν
973 3869 1062 3923 διὰ
1089 3873 1310 3943 γραφῆς
1341 3872 1568 3944 ταύτης,
1591 3876 1778 3945 ὅμοιον

190 3961 268 4026 ὡς
332 3965 386 4017 εί
449 3961 547 4016 καί
600 3977 747 4024 τινος
801 3960 1092 4032 ἀλιτηρίου
1135 3961 1319 4016 λάϊνον
1356 3963 1778 4033 ἀμφιεσαμένου

189 4056 424 4128 χιτῶνα,
473 4054 537 4109 δν
575 4053 728 4123 αὐτῷ
765 4053 800 4126 ἡ
851 4049 1023 4108 κακία
1061 4052 1352 4122 ὲξύφανεν,
1397 4055 1477 4118 είς
1506 4056 1783 4126 ἐπίσημον

187 4151 452 4219 ἀντάφιον
509 4145 830 4218 περίὸλημα
885 4146 1317 4220 προσεπιρρίψει
1370 4150 1469 4202 καὶ
1507 4147 1669 4212 αὐτὸς
1716 4150 1782 4202 ἐκ

187 4239 438 4310 παρόδου
475 4237 730 4308 λιθάριον
755 4237 838 4300 εἰς
869 4235 1178 4304 ἀφοσίωσιν
1215 4237 1427 4310 ἔθιμον.

267 4341 367 4400 ις’.
409 4333 735 4404 Θεωρητὲον
769 4331 866 4385 οὖν
920 4333 1013 4387 τδν
1048 4331 1373 4404 ὑποκριτὴν,
1429 4329 1614 4395 ὁποῖός
1663 4330 1781 4385 ἔστι

181 4429 290 4483 καὶ
315 4428 374 4481 ιν
401 4429 471 4498 τῇ
506 4426 763 4497 πολιτικῇ
799 4424 1080 4496 κοινωνίᾳ,
1112 4425 1204 4478 ὅτε
1239 4423 1450 4490 τάξεώς
1487 4442 1590 4478 που
1622 4441 1782 4494 περι-

181 4520 398 4589 φανοῦς
427 4518 883 4584 ὲπιτεύξεται.”Ᾱ
896 4535 971 4588 μα
999 4513 1140 4571 εῐδεν
1172 4517 1337 4570 αὐτὸν
1370 4519 1402 4588 ἡ
1442 4516 1620 4587 ἀγορὰ
1648 4515 1682 4587 ἢ
1720 4514 1780 4568 τὸ

183 4613 603 4686 βουλευτήριον,
635 4613 732 4666 καὶ⁴
772 4611 936 4676 εὐθὺς
975 4609 1336 4682 περιθέμενος
1367 4610 1429 4664 τδ
1458 4611 1560 4680 τῆς
1581 4609 1782 4683 εὐσχη-

183 4709 456 4782 μοσύνης,
483 4705 587 4762 εἷτ’
615 4705 711 4760 οὖν
740 4704 1032 4768 εύλαόείας
1064 4704 1159 4758 καὶ
1187 4704 1468 4774 προσοχῆς
1499 4702 1592 4758 καὶ
1621 4703 1782 4774 ἀκρι-

115 4786 125 4793 ’
181 4799 350 4862 σείας
399 4799 772 4872 προσωπεῖον,
837 4795 1087 4868 βουλεύει
1149 4795 1252 4864 μὲν
1288 4793 1487 4866 βουλὰς
1537 4794 1778 4865 ἀγαθάς,

178 4892 449 4964 ἀγορεύει
479 4892 539 4946 δὲ
590 4890 662 4946 τὰ
703 4890 1024 4945 συνοίσοντα
1049 4905 1064 4921 °
1097 4889 1196 4944 καὶ
1223 4889 1434 4960 ὁμιλῶν
1460 4888 1562 4960 μὲν
1597 4887 1782 4942 ἐπιλέ-

179 5001 368 5056 γεται.Δ
406 4983 555 5051 νοῦν,
585 4983 643 5048 ὃς
703 4982 1118 5055 προφερόμενος
1164 4980 1241 5044 ὡς
1271 4980 1352 5045 είς
1400 4980 1537 5034 Θεοῦ
1593 4979 1781 5051 φωνὴν

180 5080 529 5149 ἀηχεῖταιο
598 5075 862 5148 πράττων
915 5075 977 5133 δὲ,
1031 5073 1280 5145 ἀφορίζει
1334 5071 1429 5128 τὸν
1478 5072 1672 5145 μῶμον
1721 5068 1782 5138 ἐξ

184 5167 416 5233 ἑαυτοῦ,
445 5167 523 5230 ὡς
555 5165 651 5221 καὶ
701 5164 1019 5236 φθονεῖσθαι
1057 5166 1174 5228 τοῖς
1228 5181 1292 5232 γε
1322 5162 1637 5235 βασκάνοις.
1669 5162 1782 5215 Καὶ

181 5259 415 5318 διαιτῶν
462 5262 563 5332 μὲν
589 5259 690 5314 οὐκ
715 5260 784 5314 ἂν
813 5261 870 5322 ἐς
902 5258 1195 5329 πρόσωπον
1235 5255 1542 5328 ἀποϐλέψῃ,
1573 5254 1684 5308 οὐδ’
1715 5253 1782 5308 ἂν

184 5354 698 5424 κατακαυχήσηται
723 5349 894 5405 αὐτοῦ
925 5349 1097 5421 δῶρον
1131 5366 1146 5382 ·
1180 5349 1345 5421 μέσος
1377 5349 1434 5402 δὲ
1487 5347 1665 5410 ἄλλως
1696 5363 1785 5415 γι-

182 5446 425 5516 νόμενος
453 5447 772 5517 πράγμασι,
796 5443 896 5515 τὴν
923 5445 1185 5515 ἐνάρετον
1218 5443 1477 5513 συντηρεῖ
1506 5439 1783 5513 σύμϐασιν

178 5539 342 5608 λόγῳ
365 5536 440 5608 τῷ
473 5536 598 5591 κατ’
639 5538 866 5612 ἀρετῄν.
903 5538 1121 5607 Κρίνων
1151 5536 1208 5590 δὲ
1237 5533 1474 5605 ἀπορθοῖ
1496 5533 1595 5605 τὴν
1637 5533 1780 5603 γνὼ-

185 5643 314 5696 μην
345 5627 425 5691 εἰς
467 5626 748 5696 εὐθύτητα
773 5625 1020 5696 θεοφιλῆ.
1040 5624 1418 5690 Ἐπανασώζει
1451 5622 1598 5677 ἅπαν
1620 5619 1786 5692 ἀφαί-

184 5732 371 5788 ρεμα,
387 5717 768 5789 παρῤησιάζει
791 5717 850 5772 τὸ
871 5716 1104 5783 δίκαιον,
1131 5715 1465 5788 περιγράφει
1491 5714 1552 5767 τδ
1573 5714 1784 5781 ἄδικον,

181 5807 425 5876 κολάζει
457 5809 721 5879 δεόντως,
757 5809 1126 5868 ἑπιεικεύεται
1175 5808 1525 5882 πρεπόντως,
1560 5805 1788 5879 καθείρ-

1885 3221 2090 3276 bonum
2121 3233 2378 3290 perverse
2415 3218 2548 3288 egit,
2595 3228 2786 3273 contra
2836 3219 2982 3289 quod
3018 3218 3164 3273 aliud
3195 3218 3471 3273 verebitur

1886 3314 2169 3368 audacter
2209 3309 2386 3366 ferri?
2422 3307 2813 3365 Examinemns
2867 3317 3072 3376 tamen,
3107 3319 3159 3363 et
3208 3309 3261 3365 in
3322 3310 3468 3373 aliis,

1886 3405 2130 3476 ipsorum
2158 3402 2513 3473 pravitatem,
2541 3400 2632 3454 ubi
2659 3414 2895 3456 censura
2923 3405 3138 3472 signata
3167 3411 3251 3456 est
3271 3415 3472 3456 oecur-

1886 3494 2163 3552 rentibus.
2218 3492 2388 3548 Nemo
2442 3492 2589 3548 enim
2640 3492 2801 3548 talem
2851 3493 3072 3564 ignorat
3115 3495 3465 3565 pravitatem,

1884 3590 1979 3645 ubi
2013 3599 2250 3644 censura
2283 3595 2467 3641 natata
2500 3591 2624 3650 est;
2653 3585 2748 3640 sed
2777 3599 2878 3642 nos
2901 3585 3068 3641 etiam
3099 3585 3314 3657 aliquid
3349 3587 3468 3642 col-

1885 3683 2120 3752 ligemus
2173 3681 2242 3735 ad
2283 3678 2826 3746 condemnationem,
2868 3689 2946 3746 et,
2993 3680 3238 3736 maximo
3275 3690 3466 3736 contra

1885 3775 2033 3830 illum
2055 3772 2336 3844 sulfragio,
2375 3771 2690 3843 suifragium
2728 3787 2896 3826 unum
2919 3771 3142 3840 inquam
3166 3771 3359 3827 saltem
3379 3773 3468 3827 ni-

1883 3881 2065 3939 grum,
2107 3863 2249 3935 quod
2303 3873 2387 3919 est
2417 3864 2562 3919 illius
2611 3862 3020 3930 accusatiunis,
3067 3863 3466 3933 superadjicie-

1890 3973 2030 4023 mus,
2055 3954 2508 4022 quemadmodum
2537 3954 2606 4020 si,
2640 3953 2867 4008 homine
2919 3953 3153 4008 scelesto
3201 3941 3468 4024 lapideam

1890 4046 2136 4101 tunicam
2172 4044 2383 4111 induto,
2426 4059 2592 4117 quam
2634 4042 2740 4115 ipsi
2781 4044 2997 4099 malitia
3051 4046 3245 4113 texuit,
3284 4047 3340 4101 in
3393 4047 3470 4102 si-

1884 4147 2110 4210 gnatum
2146 4138 2471 4208 sepulcrum.
2515 4144 2571 4192 et
2627 4137 2747 4208 ipse
2808 4137 3075 4193 transitur
3115 4153 3184 4193 ex
3231 4139 3316 4193 via
3355 4141 3470 4209 pal-

1887 4231 2020 4288 lium
2059 4229 2334 4302 lapideum
2382 4229 2451 4284 ad
2499 4228 2868 4300 expiationem
2899 4245 2966 4286 ex
3004 4244 3154 4284 more
3178 4231 3463 4298 conjiciat.

1957 4323 2046 4378 l6.
2098 4322 2522 4379 Consideremus
2563 4321 2729 4393 igitur
2755 4322 3151 4389 simulatorem,
3187 4324 3366 4394 qualis
3397 4324 3472 4378 sit

1885 4415 1942 4471 in
1999 4415 2144 4471 civili
2206 4415 2644 4480 communitate,
2691 4415 2736 4469 si
2789 4414 3010 4484 quando
3072 4417 3138 4471 ad
3200 4416 3470 4486 insignem

1814 4480 1858 4538 θ
1889 4508 2196 4579 pervenerit
2220 4508 2493 4564 ordinem.
2517 4505 2715 4563 Statim
2741 4480 3114 4577 utconspexit
3138 4521 3260 4561 eum
3294 4480 3470 4562 forum

1889 4600 1975 4655 vel
2036 4608 2279 4668 senatus,
2338 4599 2616 4668 extemplo
2669 4597 3016 4668 maiestatis,
3068 4599 3183 4653 sive
3233 4599 3472 4652 cireum-

1890 4693 2189 4764 spectionis
2237 4702 2294 4748 et
2363 4691 2671 4763 prudentia:
2711 4704 2920 4744 necnon
2970 4688 3217 4758 obsequii
3284 4702 3475 4758 perso-

1892 4803 2017 4843 nam
2085 4787 2326 4852 iudutns,
2381 4783 2703 4841 cousiliatur
2762 4782 2989 4852 quidem
3026 4781 3256 4836 consilia
3305 4783 3474 4852 bona,

1887 4890 1943 4936 et
1995 4878 2237 4947 loquitur
2294 4876 2457 4931 verba
2515 4886 2725 4942 magnae
2802 4872 3022 4928 utilitati
3073 4870 3274 4928 futura.
3321 4872 3472 4929 Con-

1889 4969 2161 5026 versando
2185 4965 2508 5024 sententiam
2536 4964 2755 5032 quidem
2785 4961 3088 5028 concludit,
3115 4978 3236 5034 quae
3260 4963 3473 5033 prolata

1891 5073 2151 5134 tanquam
2185 5062 2250 5118 ad
2299 5060 2391 5116 Dei
2438 5072 2623 5113 vocem
2651 5064 2848 5122 sonat;
2909 5058 3190 5126 operando
3227 5072 3358 5112 vero
3395 5057 3478 5112 sic

1890 5172 1920 5212 a
1969 5172 2058 5212 se‘
2089 5167 2338 5210 removet
2380 5149 2893 5220 reprehensionem,
2945 5159 3005 5204 ut
3037 5149 3237 5206 invidis
3283 5151 3473 5208 saltem

1893 5251 1987 5306 ﬁat
2019 5250 2293 5317 obiectum
2330 5244 2574 5301 invidia.
2608 5245 2829 5299 Arbiter
2870 5241 3074 5307 factus,
3117 5258 3224 5297 non
3261 5244 3328 5296 ad
3361 5241 3480 5297 vul-

1893 5353 2004 5398 tum
2079 5358 2317 5413 unquam
2391 5339 2679 5405 attendet,
2754 5351 2858 5393 nec
2927 5350 2987 5392 se
3042 5336 3247 5392 donum
3303 5334 3478 5390 invio

1893 5437 2068 5508 ip<um
2117 5436 2338 5507 gloriari
2391 5434 2634 5490 audebit.
2676 5431 2872 5487 Mistus
2915 5432 3135 5486 aliunde
3214 5431 3472 5499 negotiis,

1893 5529 2221 5587 laudabilem
2270 5527 2712 5583 conciliationem
2747 5564 2763 5590 ,
2853 5538 3110 5580 sermone
3173 5524 3475 5579 secundum

1893 5624 2158 5678 virtutem
2214 5617 2382 5686 facto,
2437 5626 2747 5674 conservat.
2797 5614 3080 5681 Judicans,
3150 5611 3474 5670 sententiam

1891 5717 2048 5788 juxta
2085 5713 2476 5769 rectitudinem
2546 5709 2657 5766 Deo
2717 5709 3000 5781 placitam,
3057 5705 3267 5773 dirigit.
3304 5702 3478 5758 Omne

1899 5814 2172 5865 restaurat
2205 5805 2522 5876 abreptum,
2552 5814 2742 5874 aperte
2769 5801 2981 5874 justum
3007 5796 3271 5864 declarat,
3299 5791 3478 5863 repri-
