3968 6244
420 319 524 388 391

427 539 608 593 diatur
652 554 668 590 :
717 534 912 590 mulier
955 532 1098 589 enim
1144 532 1382 602 coniugii
1415 532 1678 588 simulans
1726 529 2018 588 continen-

429 632 580 693 tiam,
615 630 681 685 ad
703 629 989 684 mmchiam
1021 625 1338 681 inardescit.

496 723 588 778 2t).
629 721 772 778 Istud
811 721 1146 790 proditiones
1206 719 1438 782 invenit.
1480 729 1534 774 et
1570 731 1692 773 cum
1725 717 1868 781 aliis,
1917 729 2014 785 pa-

425 813 651 867 triarnm
687 810 1038 879 proditiones.
1074 809 1282 864 Etenim
1330 810 1545 863 sincere
1574 818 1843 870 amantes,
1877 805 2017 863 ami-

424 917 543 969 cus,
601 903 816 969 socius,
881 900 1094 966 amnis,
1159 900 1336 964 civis,
1388 900 1626 965 amicos,
1685 907 2014 965 consortes,

427 994 801 1060 contribules,
852 993 1106 1049 concives
1155 998 1423 1059 tuentur;
1475 992 1568 1061 qui
1632 1005 1762 1046 vero
1814 1005 2018 1061 caupo-

430 1097 620 1144 nantes
651 1083 975 1142 charitatem
1016 1087 1488 1150 adulteraverunt,
1525 1085 1847 1155 plerumque
1895 1086 2014 1156 qui-

429 1186 551 1238 dem
582 1183 648 1238 ad
685 1183 916 1249 lucrum,
959 1196 1085 1236 raro
1117 1196 1245 1236 vero
1291 1181 1475 1250 gloriae
1514 1195 1704 1244 causa,
1734 1181 2010 1248 amicitiae,

432 1277 707 1346 totiusque
759 1273 1188 1340 communitatis,
1246 1282 1301 1328 et
1355 1273 1595 1344 generis,
1655 1281 1712 1329 et
1768 1272 2012 1346 ejusdem

429 1368 670 1438 regionis
699 1367 897 1422 civium
928 1363 1226 1423 adversarii
1256 1364 1417 1424 fiunt.

497 1550 590 1607 21.
651 1551 755 1606 Alii
825 1549 1192 1607 simulationis
1250 1549 1476 1606 effectus
1551 1558 1678 1604 sunt
1746 1548 2010 1619 absconsa

425 1643 734 1701 latrocinia.
789 1643 902 1699 Non
940 1645 1200 1700 audentes
1235 1645 1378 1698 enim
1435 1642 1724 1698 bomicidtc
1775 1658 2009 1714 pugnam

427 1736 493 1790 ad
526 1737 722 1790 faciem
783 1735 942 1799 inire,
978 1735 1135 1790 aliter
1184 1734 1558 1800 insidiantur;
1605 1744 1662 1789 et
1709 1735 1762 1788 in
1791 1735 2014 1789 simula-

1150 318 1577 383 EUSTATHII
1611 315 2377 384 THESSALONICENSIS
2410 319 2982 386 METROPOLITA!

497 444 586 499 l9.
619 439 769 500 Istud
825 437 1028 496 malum
1074 440 1240 495 etiam
1299 441 1610 508 nuptiarum
1659 438 1820 495 bonis
1878 435 2013 493 lnsi-
2039 439 2088 500 Α

2039 1785 2086 1845 Β

3583 317 3701 384 392

2189 437 2276 495 ιϐ’.
2308 437 2481 493 Τοῦτο
2505 440 2568 494 τδ
2589 439 2762 494 κακὸν
2787 436 3063 511 ἐνεδρεύει
3090 433 3186 492 καὶ
3223 436 3338 501 τοῖς
3381 434 3476 490 τοῦ
3513 434 3698 508 γάμου

2118 529 2328 594 καλοῖς.
2369 529 2514 600 Γυνὴ
2565 531 2676 602 γάρ
2727 529 3138 600 ύποκρινομένη
3167 529 3230 582 τδ
3272 529 3375 598 τῆς
3435 529 3699 598 συζυγίας

2118 621 2486 694 εύᾶρμοστον,
2521 623 2974 695 οίστρηλατεῐται
3001 623 3083 686 είς
3114 621 3382 692 μοιχικόν.

2187 723 2258 772 κ’.
2307 716 2481 772 Τοῦτο
2531 716 2632 779 τάς
2675 716 2970 787 προδοσίας
3001 714 3212 786 ἐξεῦρε,
3248 714 3347 780 τάς
3391 732 3451 769 τε
3504 716 3693 783 ἄλλας,

2117 809 2214 862 καὶ
2240 808 2342 872 τάς
2374 808 2485 862 τῶν
2523 808 2821 880 πατρίδων.
2853 808 3062 878 Ὀρθῶς
3086 807 3187 876 μὲν
3213 807 3325 880 γάρ
3345 809 3691 877 ἀγαπῶντες,

2115 901 2146 955 6
2172 901 2347 969 φίλος,
2375 903 2405 955 6
2436 899 2721 968 κοινωνὸς,
2747 903 2776 954 ό
2801 901 3096 972 ὁμογενὴς,
3122 902 3151 956 6
3179 900 3426 971 πολίτης,
3459 901 3693 965 σώζουσι

2115 993 2244 1056 τοὺς
2281 993 2491 1064 φίλους,
2543 996 2676 1060 τοὺς
2734 995 3137 1058 συναλλάκτας,
3191 995 3320 1058 τοὺς
3365 995 3462 1048 τοῦ
3523 994 3692 1049 αὑτοῦ

2115 1085 2328 1154 γένους,
2379 1087 2510 1151 τοὺς
2543 1086 2861 1156 πατριώτας
2885 1102 2902 1120 ο
2933 1085 3299 1155 νοθεύσαντες
3340 1085 3397 1139 δὲ
3429 1085 3532 1155 τὴν
3555 1085 3694 1152 ἁγά-

2116 1193 2228 1246 πην
2253 1176 2599 1247 καπηλικῶς,
2625 1179 2693 1232 τὰ
2716 1178 2888 1232 πολλὰ
2919 1177 3022 1248 μὲν
3074 1178 3169 1231 ἐπὶ
3200 1177 3404 1246 κέρδει,
3446 1178 3588 1231 κατά
3637 1194 3694 1229 τι

2113 1267 2172 1322 δέ
2208 1285 2311 1323 που
2347 1271 2575 1325 σπάνιον
2603 1271 2698 1326 καὶ
2731 1269 2894 1339 δόξης
2933 1270 3116 1342 χάριν,
3154 1271 3544 1338 καταγίνονται
3591 1269 3690 1339 τῆς

2114 1359 2321 1428 φιλίας,
2357 1363 2455 1415 καὶ
2483 1361 2772 1427 κοινωνίας
2805 1361 3044 1433 ἁπάσης,
3081 1363 3175 1416 καὶ
3205 1363 3421 1431 γένους,
3451 1361 3544 1415 καὶ
3579 1363 3692 1414 τῶν

2112 1455 2214 1524 τῆς
2244 1453 2416 1522 αὐτῆς
2443 1453 2570 1522 γῆς.

2184 1545 2293 1602 κα’.
2339 1542 2720 1620 ’Υποκρὶσεως
2766 1548 3121 1620 ἀποτέλεσμα
3180 1549 3279 1604 καὶ
3307 1549 3378 1604 τὰ
3427 1549 3688 1621 εγκρυφῆ

2111 1632 2464 1710 λῃστευτικά.
2500 1637 2584 1709 Μὴ
2611 1637 2947 1709 θαρῤοῢντες
2977 1640 3090 1711 γὰρ
3121 1640 3170 1694 oi
3206 1639 3423 1709 φονικοὶ
3461 1640 3564 1705 τὴν
3597 1643 3691 1695 ἀν-

2111 1731 2426 1800 τιμέτωπον
2450 1732 2654 1804 μάχην,
2685 1732 3063 1803 ύποκάθηνται
3083 1731 3257 1795 άλλως
3277 1747 3292 1763 ·
3317 1731 3410 1784 καὶ
3439 1732 3498 1784 ὲν
3525 1747 3697 1803 προσ-

426 1829 574 1884 tione
602 1828 814 1883 consilii
843 1844 950 1884 non
983 1828 1132 1895 mali,
1183 1827 1364 1883 subito
1392 1827 1610 1898 quidem
1663 1827 2012 1898 hypocriscos

2121 1824 2334 1894 ποιήσει
2377 1823 2474 1878 τοῦ
2508 1825 2584 1895 μὴ
2628 1825 2833 1896 φαύλου
2868 1825 3072 1895 αίφνης
3117 1824 3422 1896 γυμνοῦσιν
3467 1825 3694 1888 ἑαυτοὺς

427 1933 717 1988 personam
744 1926 975 1985 exuunt,
1004 1933 1155 1972 arma
1192 1917 1368 1988 palam
1403 1919 1706 1988 stringunt,
1725 1924 1780 1972 et
1809 1918 1882 1974 ita
1911 1917 2013 1974 sibi

422 2009 622 2082 placita
651 2011 949 2080 complent.

493 2103 587 2160 εει.
639 2103 999 2176 llypocriseos
1065 2101 1262 2160 nebula
1312 2102 1720 2174 speculatorum
1786 2103 2014 2162 insidias

423 2198 776 2266 obumbrans,
811 2195 1042 2268 grandia
1072 2195 1212 2250 mala
1239 2202 1295 2252 et
1312 2195 1644 2252 exercitibus
1692 2205 1750 2253 et
1790 2195 2016 2252 urbibus

424 2291 610 2348 infert.

493 2384 586 2440 25.
622 2381 912 2439 Sitnnlatio
961 2380 1216 2437 amicitiae
1275 2378 1545 2436 celebrem
1592 2387 1810 2452 quoilue
1858 2381 2013 2438 exci-

425 2476 563 2530 tavit
591 2473 1006 2530 Semiramidem
1041 2473 1307 2528 adversus
1339 2471 1630 2528 Persarum
1669 2487 1877 2544 regem,
1903 2488 2011 2530 non

424 2567 599 2644 scium
667 2567 982 2626 innocuum,
1027 2565 1121 2618 sed
1177 2573 1232 2619 et
1284 2563 1709 2619 amicissimum.
1779 2564 2012 2620 Perfldia

431 2655 651 2711 Sinonis
691 2668 944 2724 magnum
980 2652 1344 2724 Trojanorum
1378 2653 1498 2707 urbi
1553 2652 1754 2706 malum
1807 2654 2010 2710 intulit.

425 2744 624 2803 Verum
651 2745 724 2800 ibi
747 2746 812 2799 de
836 2745 1017 2814 ligneo
1044 2758 1185 2814 equo
1212 2743 1409 2816 aliquis
1434 2743 1586 2814 justo
1609 2745 1729 2815 plus
1747 2746 2014 2804 extollens

426 2838 766 2903 artificium,
819 2837 967 2892 dicat
1033 2851 1140 2892 non
1207 2837 1699 2894 dissimulationem
1750 2839 2010 2909 perﬁdam

425 2931 567 2985 istud
599 2944 736 3000 opus
773 2927 1102 2999 perfecisse,
1143 2927 1226 2983 vel
1257 2936 1314 2981 ut
1349 2928 1663 2985 distinctius
1693 2930 2009 2999 loquamur,

425 3041 533 3081 non
565 3025 911 3095 sapientiam,
950 3023 1306 3096 hypocriseos
1350 3024 1494 3091 loco,
1546 3024 1709 3096 hujus
1746 3025 2010 3082 facinoris

2119 1913 2220 1988 μὶν
2252 1913 2348 1970 τοῦ
2379 1915 2745 1988 ὑποκριτικςοῦ
2785 1918 3164 1989 προσωπείου,
3199 1917 3270 1971 τά
3321 1916 3464 1971 ὅπλα
3495 1915 3555 1971 δδ
3582 1916 3694 1971 τῶν

2113 2007 2326 2078 θηκῶν,
2354 2010 2448 2063 καὶ
2473 2009 2677 2080 δρῶσιν
2703 2009 2848 2066 οὕτω
2877 2013 2948 2066 τὰ
2979 2009 3134 2081 σφίσι
3161 2009 3386 2080 θελητά.

2183 2103 2289 2176 κβ’.
2331 2105 2709 2177 Ὑποκρίσεως
2733 2105 2897 2177 νέφος
2925 2106 3018 2160 καὶ
3046 2106 3175 2169 τοὺς
3208 2100 3531 2169 ἐπιϐούλους
3555 2122 3692 2159 πευ-

2115 2196 2284 2268 θῆνας
2313 2199 2681 2271 ἑπηλυγάζον,
2717 2203 2863 2272 μέγα
2899 2199 3074 2255 κακὸν
3100 2201 3416 2271 ἐπιπέμπει
3451 2201 3547 2254 καὶ
3578 2201 3696 2264 τοῖς

2119 2291 2503 2363 στρατεύμασι
2533 2294 2632 2348 καὶ
2653 2295 2775 2358 ταῖς
2803 2293 3052 2357 πόλεσιν.

2185 2387 2296 2451 κγ’.
2341 2382 2670 2455 ’Υπόκρισις
2698 2383 2885 2454 φιλίας
2908 2384 3005 2438 καὶ
3033 2381 3134 2454 τὴν
3165 2381 3498 2454 περίκλυτον
3528 2381 3696 2453 Σεμί-

2115 2491 2285 2545 ραμιν
2342 2478 2628 2547 κατεπῇρε
2686 2475 2781 2530 τοῦ
2814 2476 2986 2548 μηδὲν
3029 2476 3359 2546 ἠδικηκότος
3407 2471 3693 2545 Περσικοῦ

2115 2567 2402 2639 βασιλέως,
2433 2569 2573 2624 ἀλλὰ
2619 2569 2716 2623 καὶ
2752 2569 3251 2640 ύπερφιλήσαντος.
3293 2567 3622 2639 ’Υπόκρισις
3658 2569 3693 2640 ἡ

2112 2659 2206 2714 τοῦ
2229 2658 2467 2721 Σίνωνος
2485 2660 2548 2713 τὸ
2577 2660 2722 2733 μέγα
2749 2658 2894 2713 κατὰ
2923 2659 3034 2713 τῶν
3058 2658 3268 2731 Τρώων
3293 2657 3468 2712 κακὸν
3493 2657 3696 2730 ἐκορύ-

2113 2768 2316 2822 φωσεν.
2367 2751 2528 2807 Ἀλλὰ
2575 2753 2650 2823 μή
2705 2769 2792 2816 τις
2826 2750 3065 2806 ινταῦθα
3119 2749 3406 2823 σεμνύνων
3445 2748 3517 2803 τὰ
3547 2751 3696 2804 κατὰ

2111 2843 2208 2898 τδν
2235 2843 2484 2914 δούρειον
2521 2843 2715 2911 ίππον,
2749 2843 3016 2912 σόφισμα,
3051 2843 3280 2911 λεγέτω,
3320 2841 3381 2896 οὐ
3420 2841 3528 2912 μὴν
3552 2856 3696 2913 κρυ.

2110 2935 2330 3008 ψίνοιαν
2363 2937 2731 3006 ὑποκριτικὴν
2769 2935 3026 3002 ἐξανύσαι
3065 2935 3127 2989 τὸ
3158 2935 3322 3006 ἔργον
3353 2936 3567 2989 ἐκεῖνοο
3600 2937 3697 2989 εύ-

2113 3031 2470 3103 κρινέστερον
2493 3029 2553 3084 δὲ
2583 3031 2785 3093 εἰπεῖν,
2817 3029 2893 3100 μὴ
2928 3027 3126 3096 σοφίαν
3155 3029 3426 3083 αίτιάσθω
3470 3027 3691 3082 ἐκείνου

428 3120 670 3188 αεείςηοι
721 3132 965 3173 causam.
1013 3116 1157 3172 Bene
1198 3115 1303 3172 scit
1337 3116 1486 3171 enim
1517 3132 1644 3173 vere
1679 3117 2002 3189 interpella-

2121 3121 2210 3176 τοῦ
2237 3121 2666 3191 άριστεύματος,
2697 3121 2760 3176 οὐ
2805 3122 2916 3192 μὴν
2947 3121 3262 3194 ὑπόκρισιν.
3297 3121 3372 3176 Εὖ
3405 3120 3514 3193 γάρ
3545 3118 3693 3176 οῐδεν

427 3220 608 3278 turus,
654 3211 799 3282 quod
848 3210 1070 3266 cuilibet
1117 3208 1266 3279 operi
1315 3219 1437 3266 arte
1479 3207 1627 3265 facto
1663 3212 1778 3267 sive
1817 3226 2011 3267 secun-

429 3305 558 3361 dum
590 3305 947 3374 iniquitatem,
981 3302 1097 3358 sive
1139 3301 1436 3357 secundum
1467 3301 1838 3371 prudentiam,
1873 3315 2012 3372 quo-

427 3408 550 3451 rum
596 3405 768 3448 mater
831 3393 1098 3446 industria
1157 3402 1489 3463 praesumpta
1537 3399 1658 3459 est,
1709 3395 2007 3450 comitatur

431 3486 630 3555 aliquis
662 3485 840 3548 dolus,
871 3483 1189 3554 pariterque
1218 3483 1535 3540 artificium.
1559 3483 1805 3540 Artiﬁcio
1829 3493 2010 3541 autem

431 3576 667 3645 doloque
713 3591 871 3632 nemo
915 3574 1270 3632 allirmaverit
1337 3591 1443 3632 non
1491 3575 1656 3633 etiam
1725 3575 2008 3646 perfidiam

431 3668 751 3740 plerumque
798 3670 990 3725 saltem
1065 3673 1311 3726 subesse.
1360 3667 1428 3723 Et
1476 3669 1522 3725 si
1569 3669 1788 3742 quidem
1837 3671 2010 3727 bonus

431 3772 518 3818 est
554 3762 734 3830 dolus,
765 3763 942 3819 bonus
973 3763 1136 3820 etiam
1186 3771 1267 3818 est
1298 3763 1650 3834 hypocriseos
1684 3763 2010 3830 comitatus;

432 3856 573 3926 quod
593 3855 660 3911 de
698 3856 1035 3927 sophismate
1072 3869 1287 3926 quoque
1323 3855 1486 3912 valet.
1508 3855 1564 3910 Si
1579 3869 1712 3912 vero
1727 3855 1864 3910 mala
1884 3865 2012 3910 sunt

429 3947 595 4003 etiam
627 3948 806 4014 ambo,
825 3949 1356 4020 sicutﬁargumentor
1375 3947 1440 4003 de
1459 3947 1603 4002 facto
1627 3947 1866 4014 Sinonis,
1888 3947 2011 4004 talis

431 4055 556 4097 esse
594 4043 752 4096 debet
779 4041 924 4098 illius
958 4041 1283 4112 hypocrisis,
1309 4054 1418 4094 non
1449 4039 1610 4094 aliter
1636 4054 1698 4094 ac
1727 4039 2003 4095 simulatio

434 4132 766 4202 percelebris
833 4131 888 4186 in
939 4131 1389 4200 magnanimitate
1438 4130 1738 4202 Megabyzi.
1785 4129 1843 4184 Si
1888 4129 2012 4200 quis

434 4235 616 4278 autem
671 4222 789 4277 haec
834 4221 1064 4277 honoris
1117 4222 1405 4291 cupiditati
1463 4223 1717 4292 virilique
1772 4223 2012 4279 audaciae

436 4317 694 4379 ascribat,
730 4315 978 4370 utetiam
1025 4329 1208 4371 comes
1255 4315 1530 4370 simulatio
1577 4315 1867 4382 laudanda,
1893 4315 2014 4369 inil-

437 4409 539 4463 tias
572 4422 675 4460 non
709 4406 881 4462 ierim.
920 4408 1031 4476 Ego
1061 4421 1192 4461 vero
1242 4420 1346 4460 non
1383 4409 1678 4460 secundum
1708 4407 1830 4461 illos
1866 4405 1996 4460 mihi

2111 3212 2140 3266 6
2191 3214 2363 3278 δντως
2423 3215 2931 3285 ύποκρουσόμενος,
2993 3215 3079 3267 ὃτι
3138 3215 3320 3270 παντὶ
3347 3214 3498 3287 ἔργῳ
3524 3212 3696 3285 δεινῷ

2111 3307 2478 3377 ὲξανυομὲνῳ,
2519 3307 2620 3361 εἴτ’
2646 3306 2742 3361 οὖν
2769 3307 2913 3361 κατὰ
2944 3305 3236 3375 πονηρίαν,
3256 3307 3370 3361 είτε
3393 3307 3688 3377 φρόνησιν,

2110 3395 2187 3456 ὧν
2224 3403 2407 3472 μήτηρ
2461 3400 2495 3471 ἡ
2547 3399 2796 3471 δεινότης
2840 3399 3298 3470 πεφιλοσόφηται.
3360 3401 3676 3470 παρέπεται

2110 3493 2207 3547 καί
2243 3511 2328 3557 τις
2355 3493 2530 3559 δόλος,
2560 3492 2764 3564 ὁμοίως
2792 3492 2852 3546 δὲ
2907 3492 3004 3546 καὶ
3051 3491 3323 3564 σόφισμα.
3375 3493 3692 3563 Σοφίσματι

2109 3585 2169 3640 δὲ
2199 3586 2296 3640 καὶ
2321 3585 2463 3656 δόλῳ
2495 3585 2598 3640 οὐκ
2618 3586 2686 3641 ἄν
2719 3601 2803 3648 τις
2833 3583 3276 3655 ἀπισχυρίσηται
3310 3584 3387 3654 μὴ
3419 3584 3543 3656 οὐχὶ
3589 3587 3692 3640 καὶ

2111 3680 2409 3749 ὑπόκρισιν
2435 3678 2507 3732 τά
2551 3695 2617 3748 γε
2646 3677 2821 3733 πλείω
2854 3676 3316 3750 παρακολουθεῖν.
3351 3677 3463 3731 Καὶ
3497 3679 3548 3732 εί
3583 3677 3691 3746 μιν

2112 3772 2319 3840 ἀγαθὸς
2343 3772 2370 3824 ὁ
2398 3770 2574 3836 δόλος,
2609 3769 2818 3836 άγαθδν
2853 3769 2947 3824 καὶ
2985 3767 3050 3824 τὸ
3086 3769 3210 3824 καθ’
3242 3768 3536 3840 ὑπόκρισιν
3582 3785 3693 3825 πα·-

2115 3863 2542 3937 ρακολούθημαο
2595 3861 2743 3917 οὔτω
2791 3861 2849 3917 δὲ
2881 3864 2976 3917 καὶ
3008 3863 3104 3918 ἐπὶ
3145 3863 3504 3932 σοφίσματος.
3532 3860 3594 3916 Εί
3629 3863 3692 3917 es

2112 3955 2299 4025 φαῦλα
2324 3957 2420 4008 καὶ
2445 3955 2638 4024 ἄμφω,
2683 3953 2828 4008 καθά
2857 3971 2962 4009 που
3001 3949 3160 4024 οἴμαι
3187 3954 3282 4008 καὶ
3318 3954 3382 4008 τὸ
3421 3955 3564 4010 κατὰ
3595 3955 3693 4008 Σί-

2111 4065 2279 4111 νωνα,
2307 4048 2396 4116 εἴη
2426 4046 2495 4102 ἂν
2526 4044 2754 4114 τοιαύτη
2791 4048 2888 4100 καὶ
2918 4049 2952 4119 ὴ
3004 4047 3128 4101 κατ’
3180 4048 3346 4101 αὐτὸν
3369 4047 3692 4119 ὑπόκρισις,

2112 4139 2256 4194 καθὰ
2313 4142 2408 4193 καὶ
2454 4141 2488 4212 ἡ
2531 4140 2672 4195 κατὰ
2706 4140 2800 4194 τὸν
2827 4141 3166 4209 περίπυστον
3219 4141 3278 4193 ἑν
3306 4141 3695 4213 μεγαλοψυχίᾳ

2111 4229 2460 4299 Μεγάϐυζον.
2493 4233 2556 4285 El
2579 4231 2636 4286 δέ
2667 4248 2750 4295 τις
2785 4232 2927 4286 αύτά
2956 4233 3040 4294 είς
3093 4232 3414 4302 φιλοτιμίαν
3463 4234 3561 4286 καὶ
3587 4235 3696 4286 άν-

2113 4324 2310 4394 δρικὴν
2364 4323 2571 4394 τόλμαν
2614 4323 2978 4394 ὲγγράψεται,
3019 4323 3110 4377 ίνα
3163 4324 3258 4378 καὶ
3317 4325 3352 4395 ἡ
3391 4325 3699 4391 ἀκόλουθος

2118 4415 2416 4486 ὑπόκρισις
2447 4415 2707 4485 ἐνάρετος
2736 4415 2848 4486 εἴη,
2874 4414 3019 4468 ἔστω
3049 4415 3150 4485 μὲν
3185 4414 3319 4468 αὐτὸ
3343 4413 3514 4476 οὕτως
3543 4414 3698 4486 ἔχον.

436 4515 712 4564 nocerem,
746 4498 1266 4568 planedefatigatus,
1314 4507 1368 4552 et
1422 4512 1488 4552 ex
1536 4496 2013 4569 opportunissimis

2135 4510 2278 4580 Ἐγὼ
2311 4511 2368 4564 δὲ
2395 4511 2495 4565 οὐκ
2540 4511 2607 4565 ἂν
2645 4512 2767 4565 κατ’
2805 4508 3051 4572 ἐκείνους
3101 4510 3377 4580 ὲσινάμην
3431 4508 3697 4577 ἐμαυτὸν,

436 4593 687 4662 rejectus,
718 4605 866 4644 vanae
896 4588 1081 4660 gloria:
1115 4601 1304 4643 causa.

500 4792 592 4848 24.
647 4791 755 4847 Sed
827 4787 952 4860 quid
1027 4787 1158 4843 mihi
1228 4791 1605 4858 exponendum
1659 4788 2013 4860 hyporrtseos

435 4883 706 4953 exetnpla,
770 4895 889 4950 qua:
947 4879 1246 4951 frequentia
1302 4880 1573 4936 habentur
1641 4884 1696 4936 in
1775 4883 2013 4954 antiquis

431 4973 797 5045 scriptoribus
842 4972 933 5040 qui
989 4973 1268 5027 historiam
1323 4981 1559 5029 tractant
1587 4974 1611 5028 ?
1639 4972 1869 5030 Concise
1912 4989 2014 5032 nec

434 5061 619 5134 procul
661 5075 690 5114 a
727 5061 952 5114 veritate
1017 5059 1305 5114 dicendum
1371 5071 1455 5116 est
1483 5061 1739 5115 mundum
1775 5077 2012 5132 praesen-

435 5159 542 5202 tem
572 5162 694 5203 esse
722 5161 908 5202 crassa
935 5145 1281 5202 simulatione
1309 5148 1546 5218 plenum.
1577 5150 1675 5217 Qui
1708 5151 1790 5205 vel
1821 5151 1874 5206 in
1910 5153 2014 5209 hoc

434 5237 575 5306 ipso,
628 5236 771 5306 quod
822 5254 842 5289 ι
876 5240 1108 5292 mundus
1139 5257 1158 5290 ι
1206 5244 1311 5303 est,
1365 5241 1507 5310 apud
1553 5256 1650 5296 nos
1697 5257 1794 5311 per
1841 5243 2015 5299 homi-

435 5343 534 5384 nes
585 5327 889 5395 hujusmodi
952 5329 1202 5396 fallitur;
1265 5332 1338 5386 ita
1396 5342 1494 5399 ut,
1552 5335 2013 5402 quemadmodum

435 5421 618 5488 magni
650 5421 740 5476 Dei
774 5437 970 5478 nomen
998 5439 1096 5494 per
1118 5439 1214 5480 eos
1240 5424 1330 5493 qui
1365 5425 1605 5480 divinant
1635 5443 1739 5482 non
1773 5443 2015 5500 sequun-

432 5520 522 5567 tur
576 5513 1012 5583 inspirationem,
1065 5515 1520 5585 blasphematur,
1561 5518 1640 5572 sic
1687 5519 1850 5573 etiam
1897 5521 2014 5574 bla-

431 5604 751 5674 Spltematur
799 5607 983 5660 mundi
1023 5621 1218 5660 nomen
1267 5622 1365 5676 per
1410 5621 1506 5663 eos
1549 5609 1641 5678 qui
1696 5609 1880 5665 mundi
1907 5628 2012 5665 non

432 5707 601 5764 sunt;
633 5699 823 5768 quales
860 5707 1008 5758 sunt.
1041 5699 1132 5767 qui
1167 5707 1380 5769 gentem
1415 5700 1830 5770 hypocritarum
1859 5717 2014 5759 com-

435 5799 726 5859 ponentes,
760 5789 1186 5847 destructionem
1220 5804 1387 5861 super
1431 5805 1648 5846 omnem
1701 5792 1863 5850 aliam
1919 5796 2016 5850 tri-

2111 4603 2430 4673 κατακόψας
2477 4603 2676 4674 μικροῦ
2722 4603 2858 4666 δεῖν,
2899 4603 2999 4656 καὶ
3038 4601 3149 4655 τῶν
3181 4601 3570 4674 καιριωτάτων
3600 4603 3703 4657 ὲκ-

2111 4695 2428 4767 κρουσθεὶς,
2458 4696 2617 4767 δόξης
2649 4697 2813 4767 χάριν
2843 4697 3028 4763 κενῆς.

2185 4788 2286 4844 κδ’.
2331 4788 2494 4844 Ἀλλὰ
2521 4789 2573 4841 τί
2596 4807 2685 4860 μοι
2711 4789 2882 4844 πλείω
2911 4788 3244 4861 ἐπέρχεσθαι
3267 4787 3705 4858 παραδείγματι

2113 4882 2470 4953 ὑποκριτικὰ,
2494 4885 2624 4955 ὲπιῤ
2632 4883 2820 4954 ῥέοντα
2856 4883 3031 4952 συχνὰ
3052 4885 3116 4936 ἐκ
3147 4881 3499 4937 παλαιτάτων
3523 4880 3704 4933 ἀκου-

2115 4976 2340 5048 σμάτων
2372 4979 2484 5041 τοῖς
2527 4979 2764 5048 ἱστορεῖν
2805 4975 3302 5049 προτεθειμένοιςς
3339 4975 3472 5029 Δέον
3514 4975 3703 5028 εἰπεῖν

2117 5067 2585 5138 συνεπτυγμένως
2620 5067 2718 5122 καὶ
2748 5067 2871 5121 οὐδὲ
2907 5067 3130 5138 μακρὰν
3163 5066 3454 5138 ἀληθείας,
3505 5065 3702 5138 πλήρη

2114 5158 2211 5212 νῦν
2242 5159 2338 5211 τδν
2370 5158 2578 5228 κόσμον
2609 5153 2750 5212 εἶναι
2779 5157 3161 5226 ὑποκρίσεωςο
3209 5155 3269 5221 ὃς
3299 5174 3364 5226 γε
3411 5155 3509 5210 καὶ
3561 5156 3705 5210 αὐτὸ

2117 5247 2282 5302 τοῦτο
2314 5248 2375 5302 τὸ
2415 5267 2434 5300 ι
2476 5249 2682 5319 κόσμος
2728 5267 2746 5302 ι
2785 5245 2928 5302 εἶναι
2959 5248 3218 5320 ψεύδεται
3246 5247 3380 5319 παρ’
3411 5248 3548 5318 ἡμῖν
3601 5246 3704 5303 διὰ

2115 5341 2242 5403 τοὺς
2273 5340 2570 5407 τοιούτους,
2623 5341 2700 5404 ὡς
2746 5341 3218 5413 βλασφημεῖσθαι,
3279 5339 3422 5395 καθὰ
3481 5339 3544 5394 τὸ
3597 5339 3741 5400 τοῦ,

2117 5433 2360 5502 μεγάλου
2382 5433 2519 5487 Θεοῦ
2554 5433 2725 5504 ὄνομα
2759 5432 2846 5486 διὰ
2876 5433 3004 5496 τοὺς
3042 5431 3117 5505 μὴ
3153 5431 3395 5495 ἐνθέους,
3424 5429 3570 5485 οὕτω
3598 5432 3706 5488 καὶ

2113 5525 2174 5578 τὸ
2193 5525 2287 5578 τοῦ
2313 5526 2523 5596 κόσμου
2537 5525 2626 5579 διὰ
2648 5527 2776 5590 τοὺς
2807 5527 3109 5596 ἀκόσμους·
3137 5527 3314 5578 ὁποῖοι
3341 5524 3517 5579 καὶτὸ
3538 5522 3707 5589 ἔθνος

2111 5617 2214 5686 τῆς
2249 5617 2617 5683 ὑποκρίσεως,
2647 5618 2697 5671 οἳ
2719 5617 2820 5688 τὴν
2845 5617 3124 5688 ἀκοσμίαν
3145 5616 3290 5686 ὑπὲρ
3312 5616 3423 5669 πᾶν
3445 5614 3577 5670 ἄλλο
3594 5613 3672 5682 φῦ
3687 5643 3708 5659 ο

2113 5707 2206 5760 λον
2248 5707 2574 5776 τεχνῶντει,
2611 5706 3057 5780 παραποιούντες
3078 5706 3137 5761 τὸ
3169 5707 3272 5777 τῆς
3320 5706 3542 5776 φύσεως
3562 5699 3706 5760 κόσα

2117 5815 2260 5868 μιον.
2278 5797 2396 5851 Ἐπ’
2418 5797 2601 5864 ἄλλοις
2617 5801 2722 5873 γὰρ
2741 5800 3118 5870 πεπλασμένοι
3143 5798 3406 5870 κοσμίως,
3427 5798 3504 5863 ὠς
3518 5799 3549 5852 6
3571 5813 3704 5854 ttae-
