3968 6244
326 352 442 418 393

325 579 515 616 τουσιν
547 569 795 633 ἑαυτοὺς.
825 573 1009 642 δῆλον,
1043 577 1118 642 ὡς
1147 582 1226 644 εἰς
1248 583 1306 636 τὸ
1340 584 1596 655 ἔμπαλιν.
1638 594 1903 664 Ἀκοπμοι

324 657 483 708 αὐτοὶ
519 658 628 729 ἄρα
661 664 796 734 πρὸς
839 667 1121 736 ἀλήθειαν,
1161 675 1256 726 καὶ
1285 675 1353 728 δι’
1388 680 1523 734 αὐτὸ
1557 683 1661 750 ἔξω
1693 687 1902 757 κόσμου

325 746 484 800 ἄλλον
515 751 740 819 τρόπον,
787 755 933 827 ἥπερ
985 762 1033 812 oi
1093 771 1484 834 πνευματικῶς
1523 746 1900 848 ἀναχωρηταί.

327 835 491 890 Αὐτοὶ
521 841 624 908 μὲν
653 843 763 912 γὰρ
792 847 868 918 τῷ
892 851 1012 903 κατ’
1049 853 1248 920 αὐτοὺς
1281 857 1594 935 ἐξωτερικῷ
1629 869 1709 931 εἰς
1734 869 1902 940 ῦτιερο

326 932 590 1001 κοσμίους
629 936 1142 1008 ὕπερανοικίζονται
1169 963 1184 980 ⁸
1219 953 1267 1002 oi
1308 951 1363 1004 δὲ
1395 955 1770 1027 ὑποκριτικῶς
1796 963 1902 1032 ἔξω

325 1023 417 1075 τοῦ
477 1027 689 1094 κόσμου
735 1031 1027 1099 Ἀρπυῖαις
1083 1039 1313 1106 ἑαυτοὺς
1347 1047 1764 1120 παρατιθέασιν,
1823 1055 1900 1119 ὡς

321 1115 817 1184 ὲξωκεανὲζεσθαι.

391 1346 483 1395 κε’.
534 1342 674 1396 Ἀλλ’
708 1347 943 1402 ἐνταῦθα
997 1355 1263 1422 μνησθεὶς
1292 1359 1404 1413 τῶν
1451 1362 1621 1432 ἁγίως
1653 1370 1748 1423 καὶ
1777 1371 1896 1424 θεο-

320 1430 493 1495 φιλῶς
523 1433 631 1498 ἔξω
655 1437 750 1491 τοῦ
773 1441 975 1510 κόσμου
1007 1447 1240 1518 ἀνδρῶν,
1269 1452 1379 1504 τῶν
1408 1430 1646 1525 ὕπερθεν
1677 1461 1780 1531 γῆς
1802 1465 1897 1518 καὶ

316 1523 543 1578 πάντων
569 1528 680 1581 τῶν
706 1533 825 1584 κατ’
845 1536 1036 1605 αὐτὴν,
1061 1541 1170 1591 τῶν
1191 1541 1598 1616 ὑπερνεφέλων,
1616 1551 1726 1604 τῶν
1745 1554 1895 1608 αίθε-

293 1612 452 1694 ,ρίων
494 1618 588 1671 τὸν
617 1622 763 1688 νοῦν,
792 1627 899 1680 τῶν
919 1630 1239 1701 ἁειλαμπῶν
1261 1638 1360 1704 τὴν
1387 1639 1596 1709 νόησιν,
1631 1644 1742 1698 τῶν
1763 1646 1894 1716 φλο-

313 1708 458 1808 ἷέων
481 1712 815 1784 άγγελικῶς,
844 1721 952 1774 τῶν
977 1724 1042 1777 ἐκ
1067 1727 1203 1780 Θεοῦ
1229 1731 1322 1783 καὶ
1351 1708 1490 1788 κατὰ
1515 1735 1649 1790 Θεὸν
1673 1708 1887 1808 φώτων,

307 1791 386 1850 ὧν
412 1802 508 1855 καὶ
534 1805 592 1856 αἱ
621 1805 863 1874 γλῶσσαι
887 1813 1114 1886 πύριναι

304 1895 362 1945 δὲ
387 1894 578 1951 ἅπασα
605 1899 844 1972 διαρτία,
883 1901 962 1968 οἷς
990 1911 1088 1980 τὴν
1118 1914 1321 1969 κακίαν
1356 1921 1884 1994 καταναλίσκουσιν,

305 1989 704 2057 ἐμπιπρῶντες
735 1994 869 2050 ὡσεὶ
921 2001 1018 2054 καὶ
1053 2014 1234 2075 αχυρα
1256 2021 1271 2037 ο
1305 2007 1356 2060 οἳ
1408 2011 1622 2082 κόσμον
1654 1989 1886 2083 ἀφέντες

303 2082 399 2130 καὶ
433 2081 501 2134 τὰ
523 2083 582 2134 ὲν
623 2086 835 2156 κόσμῳ,
870 2093 1006 2161 πρὸς
1039 2095 1191 2166 αὐτῷ
1219 2099 1340 2170 Θεῷ
1371 2081 1622 2172 ἐγένοντο
1649 2123 1664 2138 ·
1694 2081 1887 2179 διορῶ-

310 2187 413 2238 μαι
449 2173 684 2272 στύλους
709 2180 808 2250 μὲν
833 2182 1052 2252 ὀλίγους
1098 2191 1272 2260 πυρὸς
1304 2195 1611 2266 άσκητικοῦ
1642 2200 1702 2255 ὲν
1746 2173 1884 2272 ἡμῖν

305 2265 732 2335 προφαίνοντας,
759 2274 996 2344 γνόφους
1037 2279 1094 2333 δὲ
1118 2284 1356 2353 μυρίους
1387 2265 1551 2353 ὅσους
1597 2265 1884 2365 ὑποκριτι-

303 2359 458 2423 κοὺς,
492 2362 956 2434 ἀποφραγνύντας
982 2374 1080 2426 καὶ
1105 2373 1540 2450 διατειχίζοντας
1569 2385 1699 2448 τοὺς
1724 2405 1883 2456 νεφε-

301 2448 631 2522 λουμένους,
693 2457 770 2521 ὡς
831 2461 907 2532 μὴ
957 2464 1107 2535 ἔχειν
1158 2448 1325 2525 ποθὲν
1389 2448 1880 2548 καταλάμπεσθαι.

300 2543 806 2611 Προσεπιὸλεπέτω
829 2552 886 2606 δὲ
910 2557 1005 2610 καὶ
1034 2563 1356 2631 καταιγίδας
1378 2543 1878 2642 άπορῤηννυμένας

296 2637 538 2707 ἐκεῖθεν,
595 2643 682 2698 ἴνα
741 2651 836 2703 καὶ
864 2651 926 2705 τὸ
959 2655 1075 2720 φῶς
1109 2657 1337 2714 ἐκείνων
1373 2637 1632 2731 σϐέσωσι,
1689 2637 1785 2724 καὶ
1817 2637 1879 2726 τό

296 2732 411 2783 πᾶν
458 2735 557 2789 τοῦ
611 2739 672 2792 ὲν
719 2742 851 2813 ἡμῖν
899 2745 1014 2816 βίον
1070 2751 1132 2805 έν
1183 2754 1435 2826 ἀλαμπεί
1478 2764 1876 2836 καταστήσων-

294 2840 408 2879 ται.

369 2954 486 3020 κς⁹.
517 2954 591 3012 Ὠ
622 2960 885 3020 κάκιστον
931 2968 1143 3041 θηρίον,
1180 2977 1512 3050 ὑπόκρισιςι
1551 2985 1604 3037 τί
1633 2985 1698 3057 δή
1742 3006 1873 3044 ποτε

298 3046 438 3151 πρὸς
467 3052 536 3120 τῇ
563 3051 726 3124 λαῖκῇ
761 3057 855 3110 τοῦ
892 3059 1029 3115 Θεοῦ
1065 3065 1238 3139 ἀγέλῃ
1270 3046 1467 3144 ὲνάλλῃ
1508 3075 1602 3128 καὶ
1631 3046 1698 3148 cii
1727 3077 1870 3151 ἱερᾷ,

293 3137 358 3202 ἑξ
385 3141 555 3195 αὐτοῦ
583 3143 724 3241 Θεοῦ
749 3149 1097 3222 ἀφαρπάζειν
1133 3137 1466 3235 πειρωμένη
1503 3137 1693 3241 αὐτὴν,

292 3229 387 3283 λον
414 3234 519 3303 μὲν
547 3232 642 3290 οὖν
663 3237 839 3304 άλλως
889 3229 1263 3320 ὲπαπορῆσαι,
1295 3229 1396 3311 οὐκ
1441 3229 1514 3313 αν
1557 3229 1746 3334 οἶμαι,
1793 3265 1871 3336 μὴ

293 3324 566 3392 δεόντως;
603 3331 670 3384 Τί
697 3333 762 3404 δή
808 3355 938 3393 ποτε
979 3341 1080 3410 τὴν
1105 3344 1233 3414 ὃλην
1273 3350 1557 3423 φαρέτραν
1607 3324 1871 3424 istm-vuig;

295 3418 424 3522 τοὺς
450 3419 806 3492 ὡσιωμένους
836 3430 914 3499 τῷ
940 3432 1060 3503 Θεῷ
1091 3436 1286 3506 βάλλον
1311 3458 1326 3508 ;
1357 3418 1512 3499 γῶντοῑ
1555 3447 1656 3516 μὲν
1682 3450 1739 3501 έν

293 3508 364 3560 δι’
387 3512 520 3564 αὐτὸ
555 3515 622 3586 δὴ
669 3519 729 3569 τὸ
764 3519 1021 3590 βιωτικὸν
1053 3529 1151 3598 οὐχ
1206 3532 1380 3594 οὕτως
1424 3537 1870 3597 ὲπιϐουλεῦονται

276 3591 416 3655 ὀὐδὲ
454 3603 769 3674 βάλλονται,
805 3614 854 3666 oi
911 3616 967 3670 δὲ
997 3617 1090 3672 τὸν
1144 3621 1262 3691 βίον
1295 3626 1668 3698 ἀπειπάμενοι
1699 3635 1871 3691 φυλα-

289 3693 400 3758 δδν,
434 3699 532 3750 καὶ
570 3702 789 3756 πάντων
820 3706 1314 3785 ὑπερπετασθῆναι
1345 3719 1456 3773 τῶν
1490 3722 1640 3777 κάτω
1675 3728 1870 3795 προθέ-

291 3810 471 3861 μενοι,
508 3792 584 3850 ὧν
618 3798 785 3870 μέρος
814 3807 911 3857 καὶ
937 3807 963 3858 6
999 3808 1137 3877 πρὸς
1171 3813 1432 3884 αἴσθησιν
1458 3818 1634 3889 γάμος
1671 3792 1765 3876 καὶ
1797 3824 1866 3878 τὰ

289 3884 412 3938 κατ’
431 3887 598 3940 αὑτὸν
633 3895 870 3961 σαρκικὰ
893 3895 941 3965 (6
967 3898 1076 3968 γάρ
1100 3917 1183 3954 τοι
1210 3903 1400 3972 λοιπδς
1429 3884 1628 3980 γάμος,
1663 3913 1691 3966 6
1720 3917 1866 3970 κατά

287 3977 536 4078 πνεῦμα,
560 3981 658 4037 οὐκ
691 3985 840 4041 ἔστιν
873 3989 1027 4063 ἀνδρὶ
1054 3993 1375 4070 Χριστιανῷ
1409 3977 1587 4058 οὐδενὶ
1616 4005 1864 4078 διπόρῤη..

283 4085 403 4133 τος,
451 4066 626 4141 οὗπερ
683 4076 928 4144 ἐφίενται
959 4085 1165 4155 νοερῶς
1197 4088 1248 4142 oi
1300 4066 1605 4162 φιλόκαλοι,
1640 4066 1860 4168 ut,de

282 4158 477 4229 ψυχῶν
511 4164 740 4237 καθαρῷ
795 4173 1012 4242 νυμφίῳ
1044 4175 1276 4244 ἑαυτοὺς
1325 4158 1700 4254 παρθενικῶς.
1724 4191 1860 4260 ἀφο-

283 4253 553 4326 σιοῦντες)
590 4259 637 4310 οἱ
671 4261 853 4316 τοίνυν
913 4266 1046 4337 πρὸς
1097 4269 1361 4342 ἀλήθειαν
1412 4253 1648 4334 τοιοῦτοι
1717 4253 1856 4338 ὅσιοι

276 4343 374 4397 τοῦ
439 4346 576 4399 Θεοῦ
636 4349 904 4408 ἄσπονδον
935 4357 1138 4429 ἔχθραν
1172 4363 1541 4427 ὲξανάπτουσι
1578 4371 1654 4442 τῷ
1685 4376 1852 4446 κοινῷ

275 4435 548 4508 πολεμίῳ,
581 4444 855 4516 γινομένῳ
905 4449 1044 4519 πρὸς
1101 4452 1288 4519 αὐτοῖς
1327 4459 1403 4522 ὡς
1463 4435 1725 4530 μάλιστα,
1758 4435 1853 4522 καὶ

1628 383 1729 444 DE
1771 386 2319 461 SiMULATIONE.

331 469 558 539 μοποιὸς
587 474 722 538 Θεὸς
751 478 1093 552 ἀπεφήνατο,
1156 485 1334 553 ἄλλως
1393 493 1549 549 αὐτοὶ
1581 502 1901 569 μετατιλάτ-
1933 511 1973 568 Α

3479 427 3586 489 θοι

2005 507 2166 576 hmn,
2215 524 2420 570 natura:
2492 518 2737 576 ord.'nem
2813 523 3220 598 adulterantes,
3287 534 3583 594 artiﬁciose

2008 611 2195 672 agunt.
2256 603 2459 661 Pra-ter
2508 610 2651 664 enim
2703 613 2832 676 alia,
2887 616 3122 675 feliciter
3165 621 3404 690 formati,
3441 630 3585 684 sicut

2007 705 2221 748 creator
2245 695 2386 754 Deus
2425 700 2741 770 declaravit,
2763 708 2922 765 aliter
2959 711 3056 778 ipsi
3100 729 3218 771 sese
3243 716 3531 774 immutant
3564 739 3579 775 :

2005 786 2230 844 evidens
2291 800 2374 845 est
2432 794 2574 863 quod
2626 797 2676 850 in
2733 803 3085 862 contrarium.
3147 806 3344 864 Parum
3395 811 3578 867 idonei

2003 887 2131 931 Sunt
2185 878 2252 932 ad
2301 879 2729 952 investigandam
2785 892 3103 960 veritatem,
3157 907 3212 951 et
3249 899 3376 953 ideo
3424 911 3578 957 extra

2004 971 2262 1024 mundum
2296 972 2400 1028 alio
2438 979 2618 1043 modo,
2651 994 2813 1048 quam
2844 985 3158 1051 spirituales
3201 994 3575 1050 anachoreta:

2004 1060 2056 1115 hi
2091 1063 2260 1129 enim,
2291 1080 2390 1120 suo
2420 1067 2590 1134 exitu,
2632 1071 2698 1125 ad
2729 1079 3198 1140 supermundiales
3232 1088 3530 1140 ascendunt
3558 1105 3573 1155 ;

2001 1149 2089 1215 qui
2120 1165 2247 1204 vero
2274 1167 2369 1220 per
2400 1155 2740 1213 mendacium
2779 1173 2930 1214 extra
2963 1167 3234 1222 mundum-
3255 1181 3401 1237 sunt,
3450 1173 3576 1230 har-

1999 1239 2138 1307 pyis,
2169 1251 2225 1295 ut
2262 1240 2533 1298 Oceanum
2563 1253 2938 1315 transeaut,se
2959 1250 3212 1324 jungunt.

2066 1378 2158 1432 25.
2193 1377 2310 1434 Jaut
2374 1395 2502 1437 vero
2553 1387 2832 1441 mentione
2880 1388 3024 1445 facta
3069 1393 3311 1448 virorum
3359 1395 3571 1452 illorum

1996 1469 2090 1537 qui
2128 1480 2318 1526 sancte
2361 1473 2623 1544 juxtaque
2662 1477 2756 1531 Dei
2798 1480 3052 1548 placitum
3107 1495 3261 1538 extra
3312 1488 3570 1542 mundum

1996 1572 2160 1627 sunt,
2212 1565 2304 1635 qui
2359 1580 2522 1634 super
2573 1580 2776 1625 terram
2831 1581 2885 1627 et
2946 1577 3127 1630 omnia
3183 1587 3394 1633 terrena
3447 1581 3578 1635 sunt

1995 1652 2216 1721 elevati,
2265 1659 2355 1725 qui
2397 1660 2568 1714 nubes
2615 1657 3034 1730 transcendunt,
3085 1670 3296 1724 aetherii
3354 1672 3569 1743 spiritu.

1995 1761 2210 1817 semper
2264 1752 2593 1819 cogitatione
2639 1754 2826 1820 lucidi,
2884 1762 3141 1816 ardentes
3195 1763 3455 1832 angelice,
3502 1781 3570 1820 ex

1150 1821 1523 1890 ἁποστολικῶς
1557 1831 1650 1882 κοιλ⁵
1672 1833 1704 1902 ἡ
1726 1832 1869 1888 λοιπὶ

1996 1839 2104 1893 Deo
2138 1845 2545 1916 secundumque
2594 1849 2758 1903 Deum
2817 1850 3045 1916 lumina,
3086 1868 3316 1928 quorum
3345 1854 3567 1925 linguas,

1991 1934 2133 1989 sicut
2162 1938 2560 2006 apostolorum,
2597 1941 2776 2012 ignita:
2809 1953 2930 1998 sunt
2962 1946 3103 2000 sicut
3135 1957 3187 2001 et
3222 1948 3426 2018 reliqua
3457 1957 3565 2003 tota
3609 1945 3612 1949 ’

1989 2027 2180 2094 facies,
2233 2031 2300 2084 ad
2349 2036 2777 2090 consumendam
2843 2039 3130 2105 malitiam,
3182 2055 3344 2110 quam
3403 2041 3568 2097 veluti

1990 2118 2176 2186 paleas
2230 2123 2589 2190 comburunt,
2633 2125 2727 2193 qui
2777 2130 3039 2182 mundum
3083 2141 3137 2184 et
3177 2144 3236 2184 ea
3285 2147 3404 2201 qua:
3437 2141 3567 2187 sunt

1990 2213 2043 2264 in
2068 2211 2268 2266 mundo
2288 2213 2678 2284 relinquentes,
2701 2222 2767 2273 ad
2787 2220 2963 2288 ipsum
2989 2220 3156 2277 Deum
3180 2233 3562 2292 pervenerunt;
3649 2269 3654 2272 .

1986 2304 2263 2372 prOSpicio
2297 2307 2515 2373 quidem
2565 2309 2616 2363 in
2661 2311 2820 2366 nobis
2850 2311 3056 2382 aliquot
3103 2314 3387 2370 columnas
3443 2315 3568 2386 igne

1984 2393 2255 2466 fulgentes
2309 2402 2570 2465 ascetico,
2624 2402 2723 2458 sed
2788 2403 3108 2463 innumeras
3165 2410 3341 2466 nubes
3400 2410 3566 2465 veluti

1983 2486 2371 2554 simulatorias,
2397 2490 2733 2550 includeutes
2779 2501 2835 2551 e‘t
2868 2498 3212 2555 circumdant
3245 2517 3366 2572 qua:
3397 2504 3567 2557 uehu-

1984 2578 2150 2648 losos,
2201 2598 2273 2638 ne
2327 2583 2508 2640 lumen
2560 2587 2757 2643 exinde
2813 2590 3026 2662 fulgere
3049 2597 3270 2664 ~‘possit.
3342 2595 3566 2664 Insuper

1983 2681 2162 2726 autem
2199 2675 2406 2742 aspicio
2438 2677 2708 2744 procellas
2731 2679 2860 2736 hinc
2891 2696 3263 2751 erumpentes,
3300 2696 3360 2740 ut
3395 2689 3558 2742 etiam

1978 2780 2166 2821 eorum
2199 2768 2378 2823 lumen
2422 2772 2792 2841 exstinguant,
2824 2784 2878 2830 et
2940 2777 3231 2846 quodquod
3287 2779 3353 2833 ad
3397 2781 3560 2835 vitam

1977 2867 2220 2912 nostram
2251 2860 2507 2929 pertinet,
2540 2864 2592 2918 in
2625 2864 2861 2922 obscuro
2895 2871 3258 2927 constituant.

2047 2991 2137 3048 26.
2174 2990 2218 3050 Ο
2247 2995 2482 3065 pessima
2519 2997 2660 3066 fera,
2709 3001 3018 3069 simulatio,
3077 3020 3176 3060 cur
3211 3006 3264 3062 in
3314 3008 3408 3063 Dei
3439 3023 3561 3080 gre-

1971 3099 2094 3154 gem
2130 3086 2327 3142 laicum
2362 3097 2418 3143 et
2461 3104 2676 3146 sacrum
2718 3092 2904 3159 irruis,
2961 3096 3061 3164 ipsi
3098 3095 3209 3153 Deo
3255 3098 3407 3153 illum
3453 3101 3560 3156 eri-

1733 3173 1939 3264 μάλ-ο
1975 3189 2102 3244 pere
2170 3185 2413 3243 tentans,
2462 3179 2551 3236 ubi
2579 3182 2763 3250 potius
2806 3183 3190 3253 dubitandum,
3243 3187 3384 3243 haud
3438 3203 3560 3245 cre-

1981 3267 2235 3338 diderim,
2273 3286 2341 3326 an
2383 3286 2490 3327 non
2530 3275 2874 3344 opportune?
2902 3275 3038 3344 Quid
3074 3287 3239 3334 totam
3302 3281 3561 3337 exhanrls

1981 3362 2316 3431 pharetram,
2355 3378 2708 3423 consecratos
2757 3366 2868 3424 Deo
2911 3370 3262 3437 percutiens?
3305 3372 3558 3442 equihus

1981 3452 2069 3520 qui
2109 3453 2327 3521 quidem
2377 3455 2432 3510 in
2491 3447 2617 3512 vita:
2665 3461 3081 3516 conversatione.
3139 3470 3285 3526 sunt,
3342 3477 3559 3534 propter

1979 3543 2150 3610 ipsum
2189 3545 2353 3601 vitam
2401 3564 2508 3603 non
2547 3551 2625 3606 sic
2665 3552 2947 3620 patiuntur
2983 3553 3212 3610 insidias
3261 3563 3316 3609 et
3350 3555 3556 3614 feriun-

1980 3641 2105 3698 tur;
2169 3635 2259 3703 qui
2321 3651 2452 3692 vero
2503 3639 2760 3694 saeculum
2817 3640 3061 3696 tributim
3111 3644 3552 3716 ahuegaverunt,

1977 3722 2188 3792 sibique
2255 3737 2660 3795 proposuerunt
2740 3730 2998 3786 inferiora
3072 3748 3300 3802 qumque
3366 3736 3547 3790 volatu

1975 3815 2382 3881 transcendere,
2417 3834 2646 3887 quorum
2692 3836 2817 3890 pars
2849 3823 3049 3892 nuptis:
3101 3824 3386 3880 sensibiles
3426 3836 3550 3881 sunt

1973 3920 2027 3964 et
2072 3914 2370 3967 secundum
2403 3929 2495 3968 eas
2543 3917 2827 3983 carnalia;
2863 3919 3116 3989 (caeterze
3162 3933 3400 3990 namque
3447 3939 3548 3978 nu-

1973 4001 2118 4072 ptiae,
2176 4017 2294 4071 quae
2323 4003 2620 4060 secundum
2689 4008 2938 4077 spiritum
3019 4021 3166 4076 sunt,
3235 4010 3366 4067 nuli
3433 4012 3550 4066 viro

1970 4093 2280 4151 Christiano
2305 4105 2430 4150 sunt
2457 4097 2779 4166 interdictce,
2811 4115 2948 4170 quas
2999 4102 3321 4170 spiritaliter
3347 4105 3546 4174 ample-

1965 4195 2191 4242 ctuntur
2230 4189 2485 4244 ardenter
2517 4201 2785 4257 amantes,
2830 4207 2964 4259 puro
3014 4194 3320 4250 animarum
3345 4211 3548 4264 sponso

1964 4291 2086 4333 sese
2138 4279 2386 4349 virginali
2440 4281 2599 4335 modo
2655 4285 3088 4351 consecrantes)
3125 4325 3140 4349 ,
3195 4286 3248 4341 hi
3319 4289 3545 4356 proinde

1963 4372 2264 4428 sccumlum
2296 4374 2580 4430 veritatem
2629 4374 2938 4443 hujusmodi
2992 4380 3164 4433 sancti
3208 4377 3302 4435 Dei
3353 4380 3545 4450 impla-

1962 4465 2190 4521 cabilem
2225 4466 2566 4522 inimicitiam
2597 4470 2901 4525 accendunt
2926 4472 3208 4527 communi
3249 4473 3413 4539 hosti,
3449 4471 3538 4541 qui

274 4528 723 4604 φιλοτιμουμένῳ
746 4535 808 4588 τὸ
835 4537 1150 4607 ἀντίπαλον,
1177 4547 1268 4598 καὶ
1295 4547 1471 4615 οὕτως
1495 4554 1848 4624 ἁνθάμιλλον.

1978 4558 2266 4613 »ιωεετιῑηι
2295 4559 2402 4614 illis
2431 4561 2696 4629 adhaeret,
2726 4563 2778 4616 in
2811 4561 3019 4617 honore
3047 4574 3236 4619 tenens
3265 4567 3405 4631 quod
3434 4566 3536 4619 sibi

271 4617 385 4670 Καὶ
405 4617 468 4670 τὸ
499 4622 694 4685 αῐτιον,
721 4625 803 4677 ὅτι
839 4629 1230 4697 γυμνωθέντες
1263 4637 1310 4690 οἱ
1340 4638 1574 4694 τοιοῦτοι
1611 4645 1723 4697 τῶν
1751 4648 1853 4715 τῆς

270 4711 591 4809 παχυτέρας
628 4714 774 4785 ζωῆς
821 4721 1062 4789 ῥακέων,
1096 4727 1124 4780 ὃ
1169 4729 1233 4801 δὴ
1277 4731 1520 4801 λέγεται,
1555 4711 1852 4809 ἀπαρακα-

265 4799 487 4867 λύπτως
527 4808 736 4864 εἴλοντο
769 4815 912 4870 κατὰ
960 4817 1055 4871 τοῦ
1084 4821 1476 4895 ἀντικειμένου
1511 4831 1846 4897 τοξάζεσθαι

264 4894 411 4966 ὑπὲρ
446 4899 624 4955 πάντα
651 4903 742 4954 τὸν
765 4905 952 4962 λοιπὸν
981 4909 1272 4983 ἄνθρωπον
1297 4894 1318 4948 ’ί
1340 4923 1436 4976 καὶ
1464 4921 1564 4994 τὴν
1592 4894 1691 4977 τοῦ
1723 4926 1844 4996 βίου

259 4990 646 5057 παρεκδύντες
704 4997 934 5071 τύρϐην,
975 5005 1178 5071 καὶὼς
1246 5012 1309 5063 ἐκ
1371 4990 1583 5080 πόλεως
1609 4990 1842 5088 ταύτης,

256 5076 387 5130 καθ’
434 5079 664 5179 ἡνφὲστι
720 5087 1035 5159 πολεμικῶς
1084 5102 1529 5171 πυργηροῦσθαι,
1562 5076 1841 5179 ’προποόίξ

255 5181 458 5265 σαντες
483 5165 574 5223 οἷα
604 5175 722 5265 ’καὶ
751 5179 835 5241 είς
885 5185 1133 5254 πεδιάδα,
1167 5165 1319 5265 ⁷ἐν’-ᾖ
1353 5196 1451 5248 οὐκ
1496 5165 1561 5250 άν
1594 5165 1839 5255 ὑπίδοιτό

251 5274 339 5318 τις
369 5259 528 5329 λόχον
559 5262 908 5340 αὐτόχρημα,
965 5281 1299 5346 στρατιῶται
1335 5285 1470 5338 Θεοῦ
1507 5283 1648 5343 εἶναι
1697 5292 1834 5344 τάσ-

247 5365 460 5416 σονται,
522 5356 765 5422 φύλακες
821 5362 929 5415 τῶν
980 5366 1160 5421 ἄλλων
1222 5375 1442 5430 πάντων
1496 5380 1832 5452 ἀνθρώπιον,

242 5440 580 5499 ὀφειλόντων
618 5450 719 5517 μὲν
771 5456 864 5505 καὶ
918 5459 1148 5515 ἐκείνων
1202 5468 1276 5534 μὴ
1312 5469 1737 5542 ἀπονυστάζειν,
1771 5479 1831 5532 οὐ

239 5535 368 5584 κατ’
397 5537 599 5602 αὐτοὺς
631 5543 712 5605 δὲ,
744 5547 872 5610 τοὺς
901 5549 1000 5621 ἤδη
1037 5555 1383 5626 ταξαμένους
1427 5565 1496 5617 τά
1527 5567 1666 5636 ὑπὲρ
1706 5572 1830 5637 τοὺς

235 5625 491 5692 λοιπούς.
525 5635 694 5688 Αὐτοὶ
729 5639 830 5705 μὲν
871 5643 981 5713 γὰρ
1006 5649 1103 5701 τοῦ
1136 5625 1270 5704 Θεοῦ
1311 5659 1586 5724 κραταιοὶ,
1622 5625 1829 5733 σφόδρα

231 5719 538 5818 ἑξηρμένοι
563 5727 660 5796 τῆς
703 5731 827 5799 γῆς.
871 5737 968 5789 καὶ
1011 5737 1099 5792 διὰ
1129 5743 1287 5797 τοῦτο
1319 5719 1638 5818 φερέγγυοι,
1667 5719 1825 5810 ’κατὰ

227 5811 351 5866 τῶν
387 5819 726 5885 πνευμάτων
759 5825 857 5892 τῆς
889 5835 1160 5903 πονηρίας
1184 5836 1562 5904 ἀνθίστασθαι,
1595 5845 1699 5895 τῶν
1727 5851 1821 5900 καὶ

564 5915 835 5985 Parum.
877 5925 992 5989 Gn.
1024 5929 1362 5997 CXXXVI.

1963 4649 2307 4718 adaequatum
2360 4657 2446 4705 est
2480 4659 2532 4705 et
2580 4651 2660 4706 sic
2706 4651 2960 4706 aemulum
2994 4655 3236 4722 aggredi.
3277 4652 3342 4708 Et
3371 4671 3536 4710 causa

1960 4750 2064 4810 est,
2116 4743 2370 4810 quoniam
2422 4741 2728 4811 hujusmodi
2780 4743 3032 4799 homines
3079 4745 3363 4801 crassioris
3409 4750 3537 4802 vitae

1956 4833 2289 4900 panniculis,
2347 4841 2404 4887 ut
2453 4834 2614 4905 vulgo
2671 4834 2908 4899 dicitur,
2968 4839 3150 4902 exuti,
3204 4839 3380 4904 palam
3418 4854 3535 4896 ete-

1955 4933 2152 4994 perunt
2208 4935 2400 4980 contra
2465 4926 2607 4981 hunc
2665 4927 3038 4983 adversarium
3097 4945 3263 5000 super
3315 4947 3530 4987 omnem

1953 5015 2224 5084 reliquum
2311 5015 2586 5072 hominem
2659 5018 2950 5087 sagittari;
3009 5028 3066 5076 et
3115 5022 3240 5076 vitae
3315 5024 3530 5078 turbam

1951 5107 2241 5180 fugientes,
2273 5119 2327 5164 et
2357 5110 2705 5184 postmodum
2754 5126 2821 5167 ex
2879 5112 2981 5167 hac
3029 5115 3183 5180 urbe,
3217 5129 3320 5184 qua
3355 5125 3532 5170 turres

1949 5204 2016 5258 ah
2057 5203 2210 5258 hoste
2240 5203 2624 5258 circumveniri
2671 5217 2905 5276 queunt,
2935 5207 3350 5275 progredientes
3379 5209 3525 5264 velut

1947 5297 1999 5350 in
2037 5296 2336 5364 planitiem,
2374 5295 2460 5351 ubi
2491 5297 2613 5368 quis
2658 5312 2762 5352 non
2795 5297 3019 5354 omnino
3061 5299 3216 5354 timet
3275 5301 3523 5362 insidias.

1946 5389 2145 5444 milites
2189 5386 2283 5442 Dei
2336 5405 2455 5443 esse
2483 5400 2818 5456 censentur,
2864 5392 3096 5446 aliorum
3140 5394 3380 5447 onmium
3431 5410 3528 5447 cur

1941 5480 2130 5534 stodes
2179 5480 2477 5544 hominum,
2527 5480 2620 5549 qui
2649 5481 2892 5550 quidem
2921 5484 3022 5552 ipsi
3071 5499 3177 5540 non
3227 5485 3522 5539 dormitare

1939 5571 2159 5635 debent,
2194 5573 2287 5626 sed
2320 5587 2425 5625 non
2453 5571 2604 5640 juxta
2637 5572 2781 5640 illos,
2811 5574 2904 5646 qui
2931 5574 3041 5643 jam
3078 5577 3396 5646 dignitatem
3428 5590 3521 5629 su.-

1937 5678 2033 5732 pra
2094 5672 2321 5718 cwteros
2393 5665 2769 5720 obtinuerunt.
2846 5665 2951 5736 Ipsi
3026 5669 3248 5735 quidem
3315 5667 3516 5720 etenim

1933 5763 2059 5808 sunt
2108 5753 2200 5810 Dei
2256 5753 2446 5820 fortes,
2493 5756 2716 5810 multum
2765 5770 2796 5810 e
2837 5765 2977 5810 terra
3023 5753 3239 5816 elevati,
3289 5752 3514 5820 ideoque

1933 5846 2102 5911 magis
2160 5845 2402 5900 valentes
2462 5847 2527 5903 ad
2590 5847 2953 5902 resistendum
3012 5856 3203 5901 contra
3257 5842 3509 5910 nequitiae

3120 5942 3190 6000 13
