3968 6244
453 408 555 469 3ἕ95

1166 408 1587 471 EUSTATHII
1624 391 2388 470 THESSALONICENSIS
2429 406 3001 494 METROPOLITRE
3061 485 3066 488 _

3605 411 3711 473 396

451 529 704 595 spiritus,
755 529 846 598 qui
891 529 1042 585 multi
1099 543 1252 597 sunt,
1290 541 1345 585 et
1394 520 1549 602 juxta
1602 529 1947 585 Psalmistam
1981 529 2024 592 ¹,

2141 529 2367 593 πολλῶν,
2413 530 2708 601 ψαλμικῶς
2739 532 2831 585 καὶ
2897 529 3055 582 τοῦτο
3084 530 3284 598 εἰπεῖν,
3317 530 3411 585 καὶ
3453 529 3515 595 ἐξ
3542 530 3713 600 ὕψους

451 635 514 674 ex
553 621 664 676 alto
697 620 979 676 dimicant.
1016 620 1119 676 Alii
1147 636 1272 677 vero
1303 622 1557 678 deorsum
1589 623 1766 677 adhuc
1795 621 2031 692 graviter

451 713 795 778 incumbunt,
849 724 904 769 et
945 729 1051 769 non
1101 723 1210 768 tam
1268 717 1337 770 ad
1387 731 1624 786 pugnam
1663 715 1842 770 idonei
1881 722 2030 776 sunt,

453 807 579 859 licet
610 806 851 875 alioquin
881 806 997 860 zelo
1015 807 1310 861 secundum
1341 806 1532 874 Deum,
1553 817 1607 862 et
1630 807 1709 861 sic
1736 809 1880 862 intus
1908 805 2031 872 igne

453 899 704 954 succensi
733 913 836 953 non
867 899 918 954 in
949 901 1329 964 carhuncuios,
1371 915 1472 955 nec
1513 901 1568 955 in
1600 900 2031 970 qualemcunque

453 988 746 1055 ﬂammam,
799 993 894 1046 sed
947 992 1092 1046 velut
1133 993 1187 1046 in
1238 991 1473 1062 fulgura,
1505 1008 1628 1061 quas
1676 993 2028 1058 multiplicata

451 1085 780 1138 comurbant
835 1085 1086 1139 inimicos
1144 1086 1257 1153 Dei,
1294 1101 1396 1141 nou
1451 1087 1606 1156 pauci
1654 1095 1907 1155 superent
1937 1101 2031 1140 eos

452 1177 542 1245 qui
575 1191 798 1246 prorsus
848 1178 1121 1232 tenebrosi
1172 1188 1318 1244 sunt,
1361 1179 1716 1247 adimplentes
1757 1188 1812 1234 et
1841 1179 2032 1232 ordine

452 1266 812 1334 perﬁcientes,
868 1283 988 1338 quae
1021 1284 1128 1324 non
1175 1279 1330 1325 erant
1372 1271 1643 1326 ordinata.
1676 1270 1844 1339 Quos,
1879 1279 2030 1339 puto,

453 1362 900 1428 pertimescentes
957 1363 1030 1418 illi
1087 1365 1362 1429 monachi,
1419 1363 1510 1434 qui
1565 1379 1688 1422 sese
1742 1365 1796 1418 in
1851 1363 2028 1433 lignea

451 1451 739 1507 simulacra
760 1455 1054 1510 secundum
1076 1455 1325 1510 virtutem
1345 1472 1500 1512 suam
1525 1463 1838 1522 erexerunt,
1857 1469 2033 1526 neque

453 1543 711 1609 ferentes,
744 1546 884 1614 quod
914 1547 1130 1615 quidem
1181 1549 1284 1619 ipsi
1315 1549 1663 1615 certaverint,
1706 1549 1797 1602 alii
1849 1558 2030 1604 autem

453 1633 704 1690 auferant
749 1639 963 1705 praemia
994 1640 1190 1709 (ethoc
1219 1655 1440 1711 promus
1476 1656 1690 1696 summo
1715 1641 1883 1712 jure),
1911 1641 2028 1697 sive

453 1728 596 1794 quod
629 1729 698 1783 ab
729 1729 858 1797 ipsis
885 1741 1160 1785 armatura
1199 1733 1420 1800 spiritus
1472 1732 1748 1802 paululum
1781 1732 1978 1800 reiecta
2010 1770 2030 1798 ,

454 1816 530 1870 iiii
581 1832 700 1871 eam
750 1821 803 1872 in
854 1831 1236 1875 ornamentum
1295 1829 1348 1878 et
1396 1822 1859 1893 propugnaculum
1913 1823 2030 1877 vice

452 1921 549 1960 sua
601 1909 911 1975 induerint,
963 1911 1220 1968 labuntur
1273 1917 1328 1970 in
1383 1916 1752 1987 hypocrisin);
1804 1923 1862 1969 et
1914 1915 2028 1981 illa,

453 2005 708 2067 tanquam
764 1999 866 2055 levi
919 2006 1150 2070 quadam
1203 2018 1481 2062 armatura
1541 1995 1914 2063 sanctiﬁcante
1961 2009 2029 2063 ad

451 2081 728 2147 latendum
784 2095 1109 2150 circumdati
1169 2099 1532 2168 simpliciores
1585 2101 1900 2168 decipiunt,
1962 2115 2030 2157 eo

452 2180 595 2247 quod
626 2181 678 2236 in
706 2184 873 2240 armis
900 2186 1163 2242 adversus
1190 2189 1466 2246 daemones
1515 2191 1766 2247 inimicos
1820 2201 2032 2248 stantes

453 2271 518 2323 ad
546 2271 838 2340 fugandum
875 2275 1017 2341 illos,
1059 2275 1248 2348 fugant
1278 2281 1558 2346 virtutem,
1586 2291 1641 2335 et
1674 2282 1819 2335 illam
1865 2292 2030 2336 totam

452 2375 482 2413 c
513 2361 640 2416 sede
669 2374 904 2432 movent,
967 2368 1124 2437 quasi
1169 2371 1369 2424 reversi
1417 2370 1525 2424 sint
1575 2371 1629 2426 in
1691 2372 1833 2428 hanc
1888 2382 2032 2429 vete-

455 2465 568 2504 rem
634 2453 1074 2526 primitivamque
1117 2457 1388 2526 formam,
1441 2476 1538 2529 per
1582 2476 1744 2531 quam
1793 2463 1940 2534 velut
1979 2466 2032 2520 in

455 2542 703 2608 paradiso
733 2555 1136 2614 conversantes,
1177 2549 1431 2606 intentati
1473 2553 1540 2606 ab
1568 2552 1886 2610 insidiatore
1936 2556 2034 2612 bo-

456 2633 661 2687 minum
696 2635 940 2693 daemone
969 2641 1258 2696 evaserint.

522 2817 614 2873 27.
647 2819 874 2880 Videres
901 2823 1064 2895 igitur
1090 2827 1210 2882 illos
1241 2845 1344 2884 non
1371 2833 1558 2902 quales
1598 2843 1752 2900 sunt,
1783 2838 2034 2907 decipere

455 2911 752 2975 quemlibet
782 2914 1082 2983 hominem,
1117 2927 1260 2975 totos
1283 2937 1310 2974 a
1337 2925 1565 2990 pedibus
1588 2925 1655 2980 ad
1679 2939 1841 2998 caput
1866 2945 2035 2999 usque

455 3000 633 3053 ﬁctos.
663 3000 776 3055 Non
805 3005 978 3059 solum
1009 3008 1153 3062 enim
1179 3013 1338 3067 nudis
1370 3028 1548 3083 neque
1572 3018 1764 3072 lavatis
1787 3020 2030 3088 pedibus,

391 3103 412 3112 ⁵
454 3093 812 3163 sordibusque
841 3098 1074 3172 desuper
1103 3117 1273 3171 usque
1313 3105 1568 3163 deorsum
1602 3112 1792 3179 repleti
1823 3114 2028 3169 circum

2138 621 2552 691 πολεμούντωνο
2600 623 2645 674 oi
2676 622 2730 675 δὲ
2758 621 2914 675 ἄλλοι
2949 621 3098 676 κάτω
3148 622 3229 676 ἔτι
3264 622 3587 693 βαροῦνται,
3618 628 3716 681 καὶ

2133 709 2234 762 οὐκ
2259 711 2317 772 ἐς
2340 709 2598 763 τοσοῦτόν
2635 711 2772 762 εἰσιν
2799 711 3112 783 ἀξιόμαχοι,
3138 711 3242 766 κᾶν
3266 713 3440 777 ἄλλως
3468 717 3548 784 τῷ
3569 718 3714 772 κατά

2133 799 2269 853 Θεδν
2300 798 2447 872 ζήλῳ
2501 805 2597 855 καὶ
2635 803 2715 872 τῷ
2762 802 2938 866 οὕτως
2971 803 3253 876 ὲνδομύχῳ
3297 807 3435 876 πυρὶ
3467 808 3709 863 ἀναπτό-

2136 907 2308 962 μενοι,
2341 893 2440 945 ούκ
2469 892 2548 952 είς
2575 892 2882 963 ἄνθρακας,
2913 895 3036 947 οὐδὲ
3068 895 3148 958 είς
3186 896 3360 964 φλόγα
3388 897 3489 967 τὴν
3518 898 3712 968 τυχοῦ-

2136 1001 2257 1049 σαν,
2321 983 2434 1038 ἀλλ⁹
2463 985 2539 1050 ὡς
2577 988 2655 1048 είς
2711 987 3022 1058 ἀστραπὰς,
3063 987 3119 1040 αἳ
3167 989 3573 1058 πληθυνόμεναι
3607 1009 3712 1046 τα·-

2136 1078 2401 1146 ρὰσσουσι
2433 1078 2558 1140 τοὺς
2590 1077 2822 1149 ἐχθροὺς
2845 1078 2946 1132 ’τοῦ
2977 1078 3138 1143 Θεοῦ,
3192 1079 3712 1150 ύπεραναϐαίνωσιν

2133 1175 2234 1226 οὐκ
2263 1173 2434 1242 ὀλίγοι
2459 1173 2583 1236 τοὺς
2609 1172 2787 1226 διόλου
2817 1175 3234 1244 μελαμφύρους,
3265 1176 3588 1239 ὲξανύοντες
3612 1179 3711 1232 καὶ

2134 1266 2555 1334 κατορθοῦντες,
2584 1265 2620 1318 ἃ.
2653 1265 2730 1335 μὴ
2757 1265 3038 1330 ἐτάξαντο.
3079 1264 3185 1327 Οὒς
3215 1262 3369 1334 οἶμαι
3416 1271 3510 1319 καὶ
3541 1268 3713 1321 δεδιό-

2133 1372 2248 1419 τες,
2303 1357 2423 1410 ὅσοι
2486 1354 2596 1407 τῶν
2649 1353 2995 1425 μοναζόντων
3031 1354 3111 1415 είς
3174 1353 3417 1420 ὑπόξυλα
3481 1357 3713 1420 ἑαυτοὺς

2135 1449 2431 1520 ἀγάλματα
2455 1447 2578 1502 κατ’
2607 1448 2811 1517 ἀρετὴν
2841 1446 3251 1516 ἀνεστήλωσαν,
3277 1448 3372 1498 καὶ
3409 1447 3482 1517 μὴ
3513 1449 3712 1516 φέρον-

2133 1557 2262 1606 τες,
2327 1542 2486 1611 εἴπερ
2543 1540 2699 1594 αὐτοὶ
2763 1540 2861 1609 μὲν
2928 1537 3400 1607 ἐστρατεύσαντο,
3452 1539 3600 1595 ἄλλοι
3655 1539 3711 1598 δὲ

2135 1634 2526 1704 ἀποφέρωνται
2584 1633 2652 1686 τὰ
2711 1631 2923 1687 ἔπαθλα
2961 1631 3078 1702 (καὶ
3101 1631 3238 1684 αύτὺ
3288 1632 3503 1693 πάντως
3549 1632 3711 1702 ὀρθάν

2134 1723 2315 1794 cura),
2347 1723 2482 1788 εἴτε,
2520 1721 2703 1777 αὐτῶν
2731 1721 3161 1793 ἀωρῥιψάντων
3191 1721 3390 1791 μικροῦ
3421 1723 3520 1792 τὴν
3574 1740 3713 1775 παν-

2137 1818 2336 1872 οπλίαν
2364 1816 2460 1871 τοῦ
2490 1817 2830 1887 πνεύματος,
2859 1818 3058 1870 ἐκεῖνοι
3085 1816 3257 1886 αὐτὴν
3289 1814 3714 1868 ἀντενεδύσαντο

2133 1911 2213 1973 είς
2246 1928 2305 1964 τε
2339 1910 2678 1982 εὐπρέπειαν
2737 1909 2831 1962 καὶ
2886 1910 2964 1971 είς
3002 1907 3290 1979 ὀχύρωμα,
3347 1907 3712 1976 ἐκτρέπονται

2131 2003 2211 2064 εἰς
2237 2001 2532 2071 ὑπόκρισιν
2555 2015 2570 2030 ⁶
2604 2001 2699 2055 καὶ
2741 2001 3160 2070 περιϐαλόμενοι
3215 1997 3424 2067 ταύτην
3475 2000 3554 2058 είς
3588 1996 3714 2049 ἐπί-

2133 2092 2335 2163 κρυψιν
2369 2092 2445 2156 ὡς
2476 2089 2567 2147 οἷά
2590 2109 2643 2145 τι
2669 2093 2910 2162 ἐλαφρὸν
2953 2091 3234 2157 ἀγιοποιὺν
3264 2090 3450 2155 ὅπλον,
3481 2087 3711 2158 φενακί-

2134 2184 2290 2248 ζουσι
2339 2184 2467 2246 τοὺς
2500 2183 2930 2254 ἁπλουστέρους,
2962 2184 3046 2236 ὅτι
3077 2182 3292 2235 ἔνοπλοι
3327 2183 3437 2244 τοῖς
3494 2179 3713 2249 ἐχθροῖς

2133 2275 2384 2346 δαίμοσιν
2414 2276 2956 2348 ἀντικαθιστάμενοι,
2988 2275 3082 2328 καὶ
3111 2273 3286 2335 οὕτως
3309 2273 3712 2336 ἀποσοϐοῦντες

2135 2369 2404 2432 ἐκείνους,
2443 2367 2785 2422 ἀποσοϐοῦσι
2815 2367 2916 2438 τὴν
2947 2367 3177 2436 ἀρετὴν,
3221 2367 3316 2418 καὶ
3351 2367 3537 2418 πᾶσαν
3557 2365 3715 2416 ,ἐκεία-

2134 2478 2234 2530 νην
2259 2459 2674 2526 είσοικίζονται,
2713 2458 2789 2523 ὡς
2843 2459 2895 2513 εἰ
2953 2458 3052 2511 καὶ
3087 2455 3414 2526 ἀνέκαμψαν
3454 2457 3535 2518 εἰς
3572 2470 3714 2525 πρε-

2137 2552 2379 2622 σϐυγενῆ
2411 2551 2712 2623 ἀρχέγονον
2745 2550 2967 2615 πλάσιν,
2997 2548 3066 2603 δι’
3098 2543 3165 2621 ἦς
3193 2543 3282 2602 οἷα
3307 2549 3400 2601 καὶ
3429 2548 3487 2600 ὲν
3535 2563 3715 2616 παρα-

2133 2645 2296 2718 δείσῳ
2331 2645 2704 2716 διαιτώμενοι,
2767 2645 3114 2718 ἀνενόχλητοι
3167 2641 3244 2712 τῷ
3275 2639 3552 2710 ἐπιϐούλῳ
3603 2639 3714 2692 τῶν

2135 2739 2441 2810 ἀνθρώπων
2474 2740 2690 2811 δαίμονι
2715 2739 3077 2810 ὲκϐεόήκασι.

2209 2829 2314 2897 κζ’.
2351 2831 2463 2885 Καὶ
2519 2833 2652 2896 ῐδοις
2688 2831 2754 2886 ἂν
2785 2831 2979 2894 αὐτοὺς
3009 2828 3109 2882 οὐκ
3136 2826 3200 2882 ἂν
3239 2826 3314 2896 μὴ
3343 2824 3492 2885 οἵους
3525 2839 3588 2875 τε
3634 2821 3715 2873 ὅν.

2134 2938 2257 2988 τας,
2308 2921 2593 2991 ἀπατῆσαι
2649 2919 2827 2974 πάντα
2895 2919 3223 2990 ἄνθρωπον,
3285 2914 3709 2984 πεπλασμένους

2135 3013 2292 3076 ὅλους
2327 3014 2392 3066 ἐκ
2419 3012 2594 3066 ποδῶν
2623 3013 2727 3076 ἕως
2759 3009 3027 3081 κεφαλῆς.
3061 3011 3137 3063 Οὐ
3186 3011 3346 3080 μόνον
3378 3009 3488 3077 γὰρ
3520 3006 3716 3072 ἐπίτη-

2137 3105 2222 3169 δες
2264 3105 2478 3175 νήλιποι
2511 3106 2604 3158 καὶ
2631 3104 2991 3166 ἀνιπτόποδες
3035 3103 3446 3172 περιέρχονται,
3479 3099 3578 3151 καὶ
3619 3098 3714 3167 ῥύ-

456 3184 755 3248 ambuiant,
783 3189 877 3241 sed
904 3189 1071 3244 etiam
1097 3191 1361 3261 reliquam
1395 3197 1540 3250 circa
1567 3198 1731 3267 pedes
1759 3212 1874 3256 arte
1903 3218 2032 3258 con-

2141 3211 2243 3248 που
2303 3197 2570 3266 γέμοντες
2623 3197 2730 3250 ἀπὸ
2763 3195 2966 3249 ἄνωθεν
3019 3195 3124 3257 ἕως
3155 3193 3422 3258 κάτωθεν,
3447 3190 3586 3244 ἀλλά
3617 3191 3714 3281 καὶ

456 3278 650 3333 ﬁniunt
676 3281 1043 3347 imitationem,
1073 3289 1284 3355 qualem
1305 3303 1467 3346 nemo
1488 3293 1771 3350 mirabitur
1787 3305 1868 3352 est
1889 3299 2032 3368 ipsos

355 3379 363 3387 '
455 3371 793 3435 auinveuire,
843 3375 934 3442 qui
967 3375 1169 3430 divinae
1217 3378 1561 3437 formationis
1600 3384 2031 3443 immutationem

458 3464 620 3518 semel
653 3473 982 3522 statuerunt.
1009 3467 1435 3528 Gesticuiantem
1455 3487 1713 3544 usurpant
1736 3479 2031 3549 incessum,

457 3555 670 3622 qualem
724 3557 1072 3612 formicarum
1130 3575 1278 3617 more
1334 3565 1592 3622 incurvus
1635 3571 2033 3636 przesefertse-

459 3660 598 3711 nox,
633 3648 711 3700 sic
735 3649 892 3702 tidem
921 3649 1217 3720 facientes,
1272 3668 1332 3709 se
1382 3657 1612 3712 naturali
1662 3660 1848 3730 vigore
1897 3664 2032 3719 solvi

459 3754 557 3807 per
591 3741 995 3810 abstinentiam,
1043 3755 1098 3801 et
1150 3751 1539 3818 prepemodum
1593 3756 1855 3826 attingere
1887 3774 2033 3814 mor-

463 3840 590 3886 tem.
652 3827 904 3890 Attamen
956 3837 1045 3892 hic
1098 3854 1292 3896 manus
1355 3841 1456 3898 alia
1509 3852 1790 3904 testantur.
1848 3847 2036 3906 Nutri-

464 3925 662 3979 meutis
688 3926 829 3980 enim
861 3929 1001 3983 ultra
1023 3931 1325 3987 satietatem
1358 3941 1646 4003 tumentes,
1661 3951 1849 3996 contra
1870 3942 1950 3997 sic
1978 3958 2035 3999 se

459 4015 756 4084 jar-tantem
805 4019 1120 4088 loquuntur.
1171 4024 1266 4079 illa
1300 4041 1428 4081 vero
1480 4043 1600 4097 qua:
1647 4029 1788 4087 facie
1817 4047 2031 4102 parent,

467 4107 580 4174 ipsa
635 4108 903 4164 differenti
969 4115 1126 4168 turba
1189 4117 1458 4172 mendacii
1511 4132 1713 4176 mutata
1765 4125 2034 4183 videntur.

462 4195 678 4250 Etenim
728 4199 890 4254 barba
946 4204 1031 4257 vel
1083 4205 1282 4260 inculta
1329 4225 1554 4266 manens
1601 4212 1786 4269 horret
1820 4227 2037 4286 propter

447 4290 800 4345 abstinentiae
853 4295 1040 4349 sordes
1092 4305 1149 4351 et
1203 4298 1500 4355 deformem
1560 4306 1753 4360 exinde
1817 4323 2040 4364 canere-

467 4383 693 4447 tionem,
729 4383 812 4437 vel
849 4384 916 4438 ad
969 4396 1218 4442 ornatum
1253 4393 1492 4459 compta,
1533 4397 1852 4462 pendentem
1890 4399 2038 4455 iiiinc

447 4476 568 4530 "fert
606 4476 821 4532 virtutis
859 4481 1428 4550 comprehensionem,
1466 4496 1683 4556 tegente
1724 4503 1842 4545 eam
1876 4507 2035 4560 supe-

2138 3285 2332 3357 λοιπὴν
2368 3287 2613 3340 κάκωσιν
2644 3285 2943 3355 τεχνῶνται
2975 3285 3102 3356 περὶ
3131 3285 3255 3346 τοὺς
3288 3282 3473 3345 πόδας,
3517 3280 3713 3333 ὁποίαν

2140 3375 2290 3439 εἰκὸς
2343 3376 2715 3447 περινοεῖοθαι
2783 3376 2999 3443 αὐτοὺς,
3032 3374 3390 3446 κυρώσαντας
3451 3372 3714 3436 καθάπαξ

2141 3467 2505 3539 παραλλαγὴν
2532 3471 2625 3522 τοῦ
2651 3468 2794 3522 Θείου
2821 3468 3158 3537 πλάσματος.
3195 3467 3447 3536 Βὰδισμα
3473 3464 3529 3518 δὲ
3557 3484 3715 3534 περι-

2141 3561 2424 3615 ποιοῦνται
2459 3562 2874 3633 μοριραστικῶς,
2905 3561 3090 3614 ὁποῖον
3123 3559 3490 3630 μυρμηκίζων
3513 3577 3715 3628 τροχα-

2140 3651 2231 3715 λὸς
2294 3653 2494 3721 πάσχοι
2553 3649 2618 3706 ἂν
2677 3653 2876 3721 γέρων,
2935 3651 3174 3719 ἔμφασιν
3201 3649 3342 3702 οὕτω
3377 3649 3711 3718 πέμποντες,

2142 3742 2551 3812 παραλελύσθαι
2573 3744 2670 3813 τῆς
2699 3743 2843 3796 κατά
2890 3743 3052 3812 φύσιν
3080 3739 3362 3803 τονὼσεως
3412 3743 3480 3809 τῇ
3513 3741 3716 3806 ἐγκρα-

2141 3835 2285 3905 τείᾳ,
2311 3835 2405 3888 καὶ
2437 3833 2776 3905 παρασχεδὶν
2803 3834 2963 3906 ἥκειν
3009 3831 3108 3886 τοῦ
3160 3831 3555 3903 νενεκρῶσθαι.
3604 3829 3716 3882 Καὶ

2145 3931 2252 3999 μὴν
2281 3930 2339 3983 αἱ
2371 3929 2554 3999 χεῖρες
2581 3925 2820 3982 ἐνταῦθά
2849 3946 2911 3997 γε
2941 3928 3078 3982 ἄλλα
3129 3925 3492 3997 μαρτυροῦσι.
3531 3925 3714 3991 Πεφυ-

2143 4023 2377 4093 σημέναι
2411 4023 2521 4092 γὰρ
2551 4023 2673 4080 ταῖς
2701 4022 2780 4083 εἰς
2830 4019 2994 4086 κόρον
3044 4021 3294 4090 τροφαῖς,
3346 4015 3712 4085 ἁντιφωνοῦσι

2139 4114 2218 4182 τῷ
2249 4113 2423 4175 οὕτως
2454 4111 2741 4183 ἀρετῶντι.
2768 4107 2850 4162 Τὰ
2883 4109 2988 4180 μέν
3021 4125 3102 4160 τοι
3135 4109 3262 4178 περὶ
3296 4108 3357 4160 τὸ
3393 4108 3712 4176 πρόσωπον,

2144 4207 2258 4262 ἀλλ’
2291 4207 2432 4260 αὐτά
2461 4204 2681 4276 έτεροίᾳ
2736 4203 2916 4274 τύρϐῃ
2970 4196 3201 4272 ψεύδους
3263 4199 3615 4268 ἐμφαίνεται.
3654 4199 3715 4250 '0

2143 4301 2246 4369 μὲν
2271 4299 2378 4369 γὰρ
2410 4297 2612 4364 πώγων
2653 4296 2684 4367 ἢ
2724 4295 3103 4366 ἀμελούμενος
3138 4290 3555 4362 δυσπρόσοπτός
3596 4289 3715 4340 ἐστι

2142 4381 2230 4446 διὰ
2265 4391 2365 4463 τὴν
2385 4388 2826 4460 ἒγκρατευτικὴν
2857 4387 3104 4458 ρύπωσιν
3136 4383 3231 4438 καὶ
3255 4383 3354 4451 τὴν
3392 4380 3605 4434 ἐκεῖθεν
3632 4379 3718 4431 εί-

2142 4482 2309 4552 δεχθῆ
2334 4481 2575 4550 πίλησιν,
2607 4480 2640 4550 ἢ
2668 4477 3049 4546 κτενιζόμενος
3080 4479 3159 4539 είς
3181 4475 3542 4544 εὐπρέπειαν,
3568 4474 3718 4524 ἐκεί-

461 4567 807 4626 ιοίοτίελιδϋιίί
855 4570 1176 4644 lanuginem
1227 4574 1383 4643 ﬂore,
1433 4578 1598 4633 veluti
1662 4589 1804 4635 tecto
1841 4584 2033 4652 piioso.

2144 4573 2235 4626 θεν
2262 4572 2682 4644 ἐκκρεμάμενον
2711 4568 2870 4639 φέρει
2905 4568 2964 4619 τδ
2997 4569 3105 4619 πᾶν
3129 4566 3228 4635 τῆς
3264 4567 3488 4635 ἀρετῆς,
3516 4561 3722 4628 στεγάο

455 4658 520 4713 Si
544 4673 683 4715 vero
723 4661 864 4720 forte
897 4667 1175 4735 superiora
1216 4671 1491 4739 quomodo
1541 4681 1732 4732 manus
1775 4677 1839 4730 ad
1871 4692 2036 4732 orna-

462 4766 704 4811 mentum
752 4761 1032 4827 enutrivit,
1081 4771 1138 4816 at
1186 4765 1350 4818 etiam
1398 4765 1561 4821 habet
1607 4769 1674 4821 ad
1712 4769 1801 4825 illa
1856 4774 2038 4828 asce’ta

457 4843 815 4900 artificiosum
864 4847 1202 4921 fucum,qu~a
1247 4855 1482 4911 diversis
1525 4855 1698 4912 modis
1747 4859 2040 4918 immutans

457 4949 524 4988 se
543 4937 835 4996 coloratur.
867 4937 1022 4996 Oculi
1053 4957 1184 4998 vero
1212 4945 1496 5012 puleh'rum
1521 4950 1714 5005 animae
1738 4955 2036 5020 Speculum,

445 5028 710 5095 corporis
747 5027 986 5095 lucerna,
1024 5033 1102 5086 soi
1137 5035 1187 5087 in
1225 5036 1462 5092 humano
1498 5038 1639 5094 cmlo
1665 5039 1874 5108 lucens,
1913 5058 2039 5098 sen-

463 5116 639 5173 sibilis
671 5117 894 5174 lu'minis
941 5122 994 5176 in
1027 5114 1186 5180 nobis
1215 5136 1404 5195 portae,
1439 5129 1618 5185 vultus
1652 5143 2033 5188 ornamentum

463 5205 628 5259 etiam
679 5208 783 5275 ipsi
847 5209 1150 5267 redduntur
1197 5217 1418 5274 inutiles
1475 5220 1792 5290 hypocrita,
1829 5225 2037 5278 vultum

467 5309 773 5367 importune
835 5311 1314 5371 praemonstrantes
1375 5311 1570 5366 iratum
1637 5322 1690 5369 et
1748 5316 2034 5383 tetricum,

469 5389 822 5457 reprimentes
852 5394 1201 5466 hilaritatem,
1240 5412 1289 5456 et
1325 5403 1702 5470 sic-nebulosi,
1735 5419 1840 5462 non
1870 5409 2040 5464 visio-

451 5480 552 5535 nis
599 5483 780 5540 radios
820 5486 1243 5548 disseminantes
1292 5495 1362 5550 ad
1417 5497 1616 5567 ubique
1664 5499 1953 5553 videndum
1989 5510 2044 5554 et

465 5569 792 5629 brevissimo
837 5583 1083 5647 tempore
1131 5594 1250 5650 quae
1281 5591 1409 5636 sunt
1440 5597 1654 5640 sursum
1703 5596 1759 5642 et
1786 5588 2041 5644 deorsum

466 5671 522 5714 et
551 5662 779 5728 circum,
809 5666 1053 5725 divinius
1085 5674 1552 5746 censpicicndum,
1585 5688 1640 5734 et
1673 5680 1744 5736 ita
1781 5681 2042 5738 visionem

547 5848 551 5852 ”
597 5843 744 5898 Psal.
779 5858 899 5911 Lili,
925 5845 981 5899 5.

2146 4666 2333 4729 ζοντος
2360 4663 2529 4732 αὐτὴν
2567 4661 2783 4730 σεμνῶς
2813 4657 2908 4713 τοῦ
2938 4659 3079 4712 κατά
3132 4657 3226 4710 τὸν
3281 4655 3540 4726 μύστακα
3571 4654 3725 4706 πάπ-

2147 4772 2275 4820 που,
2309 4749 2394 4806 οἶα
2426 4754 2523 4806 καὶ
2554 4752 2754 4822 ὀρόφου
2793 4749 3149 4820 λαχνήεντος.
3196 4739 3278 4799 Τά
3317 4745 3373 4798 δὲ
3404 4745 3644 4814 ὕπερθεν
3672 4741 3730 4794 εῐ

2147 4857 2253 4902 που
2279 4847 2375 4902 καὶ
2405 4845 2544 4898 αὐτὰ
2574 4843 2716 4898 κατά
2745 4842 2842 4905 τὰς
2879 4843 3069 4912 χεῖρας
3096 4839 3362 4907 τέτροφεν
3413 4836 3496 4899 είς
3523 4835 3728 4904 ὡραϊσ-

2149 4942 2272 5013 μὸν,
2297 4938 2412 4994 ἀλλ’
2445 4939 2558 5008 ἔχει
2584 4934 2677 4989 καὶ
2709 4933 2851 4988 κατὰ
2875 4932 3082 4986 τούτων
3114 4932 3141 4983 ὀ
3180 4927 3426 4999 ἀσκητὴς
3456 4925 3727 4996 τεχνητὸν

2149 5031 2348 5104 ὦχρον,
2381 5029 2447 5082 δι’
2481 5021 2544 5083 οὗ
2574 5025 2873 5086 πολυειδῶς
2897 5022 3092 5077 ἑαυτὸν
3119 5020 3399 5089 ἀφανίζων
3427 5016 3724 5086 βέϐαπται.

2151 5127 2214 5180 οι
2273 5123 2330 5176 δὲ
2385 5120 2685 5190 ὀφθαλμοὶ,
2720 5117 2781 5170 τὸ
2836 5115 3003 5170 καλὸν
3033 5113 3136 5180 τῆς
3163 5111 3343 5208 ψυχῆς
3374 5107 3660 5208 ἔνοπτρον,
3687 5107 3729 5208 ,δ

2149 5214 2344 5285 λύχνος
2378 5213 2476 5267 τοῦ
2511 5211 2786 5280 σώματος,
2817 5209 2844 5260 ὁ
2861 5208 2924 5259 ὲν
2943 5205 3020 5275 τῷ
3043 5205 3166 5259 κατ’
3189 5201 3479 5272 ἄνθρωπον
3508 5200 3728 5270 οὐρανῷ

2146 5311 2318 5383 ἥλιος,
2356 5306 2527 5363 αἰτοῦ
2558 5303 2681 5358 κατ’
2709 5301 2962 5372 αίσθησιν
2987 5300 3044 5351 ὲν
3079 5293 3423 5384 ὴμῖνγφωτδς
3467 5291 3663 5354 πύλαι,
3695 5287 3730 5340 6

2149 5402 2244 5458 τοῦ
2273 5398 2565 5470 προσώπου
2597 5397 2823 5466 κόσμος,
2867 5390 3007 5447 ἀλλά
3047 5391 3141 5443 καὶ
3183 5386 3337 5442 αὐτοὶ
3371 5383 3732 5454 ἀχρειοῦνται

2151 5496 2227 5565 τῷ
2268 5494 2563 5564 ὑποκριτῇ,
2618 5489 2940 5559 κνυζόμενοι
2999 5482 3216 5552 ἀκαίρῳ
3270 5478 3728 5548 σκυθρωπότητι,

2155 5586 2534 5648 συστέλλοντες
2556 5585 2617 5637 τὸ
2640 5582 2823 5654 ἱλαρὸν
2848 5580 2941 5635 καὶ
2971 5577 3115 5632 οὕτω
3136 5571 3484 5644 νεφούμενοι,
3515 5570 3578 5622 ού
3606 5582 3734 5619 σκε-

2151 5669 2440 5740 sumam-,-
2468 5675 2566 5740 τὰς
2597 5673 2831 5739 ὸπτικὰς
2857 5671 3106 5736 ἀκτῖνας,
3137 5665 3212 5731 ὡς
3247 5659 3529 5732 πανταχοῦ
3559 5658 3730 5720 θέειν,
