3968 6244
336 367 441 432 397

1649 371 1747 436 DE
1785 371 2339 439 SlMULATlONE.

3501 376 3604 446 393

337 487 436 540 καὶ
483 485 688 556 ἀκαρεῖ
745 485 923 556 χρόνῳ
985 483 1097 540 τῶν
1150 483 1264 540 ἅνω
1312 485 1409 539 καὶ
1439 485 1591 540 κάτω
1618 486 1727 557 ικαὶ
1759 489 1920 557 πέριξ

2032 501 2131 542 non
2184 487 2523 554 fallendum;
2579 486 2674 544 scd
2734 487 2800 543 ad
2853 486 3024 543 solam
3081 495 3278 547 terram
3334 503 3427 545 eos
3474 481 3608 564 deji-

335 576 666 646 δράττεσθαι
697 576 998 646 θειότερον,
1026 576 1124 629 καὶ
1152 575 1297 629 οὕτω
1322 576 1421 644 τὴν
1451 577 1579 630 θέαν
1610 578 1686 648 μὴ
1723 579 1917 648 ψεύδει

337 667 494 720 σθαι·
559 668 697 720 ἀλλὰ
741 668 883 720 κατὰ
910 667 1016 735 γῆς
1065 667 1234 737 μόνης
1287 667 1458 730 αὐτὰς
1512 667 1801 737 βάλλοντες
1836 671 1916 734 είς

334 757 567 825 ἔνδειξιν
604 759 872 812 ἀκουσίαν
895 759 989 811 τοῦ
1025 759 1197 830 μόνην
1224 758 1331 829 γῆν
1375 755 1517 814 εἶναι
1547 761 1609 814 τὸ
1644 761 1789 816 οὕτω
1821 779 1920 815 κα-

335 850 417 903 τὼ
436 851 660 921 βλέπον.
684 851 794 905 Καὶ
819 851 927 923 μὴν
954 853 1141 923 ἐχρῆν,
1165 854 1582 923 οὐρανοσάμονα
1611 854 1920 924 ταξάμενον

337 940 481 998 εἶναι
508 945 622 999 am
661 944 888 1015 βλέπειν
957 945 1328 1015 συμϐολικῶς,
1383 947 1479 1000 καὶ
1518 945 1692 1009 οὕτως
1741 946 1919 1018 αῐρειν

337 1037 658 1104 ὀφθαλμοὺς
693 1037 772 1094 εἰς
807 1035 932 1108 ὅρη,
961 1037 1089 1091 ὅθεν
1131 1039 1560 1110 καταπέμπεται
1588 1041 1700 1103 τοῖς
1741 1037 1918 1111 ὀρθῶς

335 1127 798 1198 ἀναϐλέπουσινὴ
845 1127 1092 1198 βοήθεια.

408 1225 516 1288 κη’.
553 1217 668 1274 Οὐκ
695 1217 886 1289 ᾀφζησι
914 1218 970 1274 δὲ
1007 1222 1034 1273 ὁ
1061 1218 1301 1283 τοιοῦτος
1357 1218 1566 1274 οὐδὲτὸ
1629 1218 1803 1288 στόμα
1857 1216 1918 1273 εὖ

335 1309 482 1381 ἔχειν
509 1309 603 1364 τοῦ
628 1313 765 1364 κατὰ
797 1309 958 1380 φύσιν
983 1311 1244 1380 ἐνεργεῖν,
1281 1311 1416 1366 ἀλλὰ
1439 1313 1742 1384 παραποιεῖ
1765 1310 1918 1373 αὐτὸ,

335 1403 408 1460 τά
437 1401 608 1455 πολλὰ
640 1401 740 1472 μὲν
788 1401 1010 1457 σιωπῶν
1038 1402 1181 1456 κατὰ
1208 1401 1328 1474 τὴν,
1359 1400 1436 1467 ὡς
1469 1402 1536 1457 ἄν
1573 1420 1656 1466 τις
1681 1403 1921 1471 πυθαγο-

341 1495 510 1564 ρίζων
541 1494 708 1559 εῖποι,
767 1494 1053 1564 ὲκσίγησιι
1073 1510 1088 1526 ·
1119 1495 1208 1548 ὅτε
1238 1494 1295 1548 δὲ
1335 1495 1431 1554 καὶ
1462 1495 1796 1565 φθέγξασθαι
1824 1496 1922 1549 ac.

335 1586 418 1657 τῷ
454 1587 869 1659 εὐαρεστηθείη,
905 1589 1236 1660 νυκτερίδων
1287 1589 1446 1662 δίκην
1494 1590 1819 1660 ὑποτρίζων,
1847 1589 1922 1654 ὡς

341 1679 418 1750 μὴ
489 1679 746 1750 αἴσθησιν
825 1684 1075 1752 ἐμποιεῖν
1143 1698 1252 1737 τινι
1314 1681 1410 1736 τοῦ
1483 1682 1664 1743 λαλεῖν
1699 1699 1715 1716 ο
1751 1683 1800 1736 εί
1865 1683 1922 1738 δὲ

339 1775 433 1827 καὶ
491 1772 781 1844 διαρθροῦν
849 1774 956 1826 δέει
989 1775 1052 1827 τὸ
1105 1776 1537 1846 προφαινόμενον
1588 1777 1794 1848 ⁴ιιρξξμα,
1825 1777 1922 1830 καὶ

337 1865 458 1919 τότε
490 1865 808 1935 ύποψοφῶν,
827 1867 961 1929 ὼςεί
987 1867 1080 1922 καὶ
1112 1869 1410 1933 εὐλαϐεῖτο,
1439 1869 1514 1941 μὴ
1539 1870 1923 1924 συνεκπνεύσοι

338 1958 435 2012 καὶ
463 1959 564 2028 τὴν
591 1959 791 2028 ψυχήν.
823 1959 1086 2026 Ἔνδειξις
1129 1963 1300 2014 ταῦτα
1333 1961 1410 2031 τῷ
1438 1961 1662 2034 τοιούτῳ
1684 1961 1924 2034 ὲναρέτῳ

336 2049 432 2102 τοῦ
473 2051 858 2122 πεπνίχθαιτὰ
887 2051 1036 2111 ἐντὸς
1090 2050 1239 2120 αὐτῷ
1269 2053 1327 2104 ἐν
1381 2051 1566 2125 ἀσιτίᾳ
1615 2052 1710 2106 καὶ
1762 2053 1922 2124 λοιπῇ

333 2143 586 2215 καχεξίᾳ,
618 2144 694 2206 ὡς
726 2144 802 2216 μὴ
826 2145 979 2198 τόνον
1004 2143 1253 2199 ἐντεῦθεν
1279 2144 1424 2214 ἔχειν
1457 2146 1604 2218 αὐτῷ
1640 2147 1777 2219 μηδὲ
1825 2149 1925 2218 τὴν

333 2233 594 2304 ἐκπνοήν.
623 2233 828 2297 Λαλιᾶς
858 2235 915 2290 δὲ
939 2233 1198 2306 τοιαύτης
1230 2238 1410 2299 ὁποῖος
1445 2253 1531 2300 τις
1560 2237 1627 2290 ἂν
1656 2236 1744 2306 εἴη
1775 2235 1921 2302 νοῦς;

335 2323 548 2388 Πλατὺς
576 2325 677 2395 μὲν
704 2325 812 2397 γάρ
840 2344 959 2391 πως
1000 2327 1068 2383 ἂν
1099 2327 1325 2398 γένηται
1356 2327 1433 2399 τῷ
1489 2327 1637 2382 οὕτω
1678 2327 1925 2398 δυσλάλῳ

333 2416 428 2470 καὶ
449 2416 516 2470 δι’
541 2417 676 2473 αὐτὸ
714 2421 1171 2491 στενολεσχοῦντι,
1204 2423 1411 2492 γλυκὺς
1466 2423 1523 2479 δὲ
1551 2424 1652 2476 οὐκ
1681 2422 1746 2477 ἂν
1775 2422 1927 2476 οὐδό-

334 2507 446 2573 λως
472 2511 500 2563 ό
525 2509 622 2582 καὶ
659 2509 1039 2581 δυσαίσθητος.
1075 2512 1358 2582 Ὣςρέλειαν
1380 2515 1434 2569 δὲ
1471 2515 1665 2587 ἡλίκην
1694 2515 1805 2586 ἔχοι
1835 2517 1923 2584 ἂν,

341 2601 548 2657 εἴσεται
571 2601 600 2654 ό
623 2601 887 2668 ἀκούσας,
926 2603 984 2667 ὃς
1012 2604 1087 2675 μὴ
1121 2604 1238 2674 εἴην
1282 2607 1415 2676 ὲγώ.
1468 2610 1924 2681 Πραγματεύεται

337 2694 394 2749 δὲ
427 2695 537 2766 ἄρα
564 2695 624 2750 ὲν
654 2695 864 2766 τούτοις
901 2699 929 2752 ό
953 2694 1373 2768 ψευδάνθρωπος
1399 2701 1497 2760 τὴν
1529 2702 1628 2772 τῆς
1660 2701 1924 2766 ἰδιωτείας

339 2784 662 2857 ἑπίκρυψιν.
702 2787 982 2857 Ἀγροικοι
1005 2790 1115 2862 γάρ
1144 2791 1322 2861 πάντη
1341 2792 1561 2856 πάντως
1592 2793 1640 2846 oi
1671 2793 1922 2859 τοιοῦτοι,

338 2881 862 2948 πραγματευόμενοι
897 2879 956 2933 τὸ
980 2882 1200 2952 σιγηλὸν
1245 2882 1339 2936 καὶ
1366 2883 1426 2934 τὸ
1451 2883 1921 2956 ὀλιγορῤημονεῖν,

337 2968 425 3023 διὰ
449 2969 512 3022 τὸ
534 2969 748 3032 ἐκεῖθεν
780 2968 1188 3042 ἀνεξέλεγκτον*
1219 2973 1296 3038 ὡς
1324 2973 1378 3027 οῖ
1395 2989 1458 3042 γε
1485 2975 1639 3044 σοφοὶ
1672 2975 1921 3046 μοναχοὶ,

343 3061 438 3113 καὶ
464 3063 814 3132 γραμμάτων
853 3063 1155 3136 ἄνθρωποι,
1209 3067 1304 3119 καὶ
1328 3067 1530 3137 ἀρετῆς
1559 3066 1775 3138 ἄνδρες,
1829 3070 1924 3122 καὶ

345 3155 546 3225 μύσται
573 3153 820 3226 χρηστῆς
847 3157 1200 3226 παιδεύσεως,
1251 3160 1354 3229 τήν
1375 3177 1434 3212 τε
1466 3161 1649 3232 φωνὴν
1680 3161 1922 3233 τοροῦσι,
1954 3203 1997 3263 c

342 3246 674 3315 τρανότερον
709 3246 1017 3315 λαλοῦντες,
1047 3252 1140 3303 καὶ
1169 3250 1229 3304 τὸ
1263 3251 1487 3322 φθέγμα
1544 3251 1923 3321 καλλύνουσιν,

344 3337 554 3403 ἑννοίας
603 3338 917 3408 ὲμμούσους
971 3340 1232 3411 ποταμῶν
1283 3343 1439 3413 δίκην
1493 3341 1927 3418 ἐξερευγόμενοι,

345 3423 421 3482 ὧν
453 3428 523 3481 τά
549 3429 697 3498 ὁρμή
710 3446 854 3498 ματα
880 3431 1236 3500 εὐφραίνουσι
1270 3432 1455 3496 πόλεις
1503 3434 1639 3488 Θεοῦ
1659 3454 1671 3467 ·
1703 3439 1795 3493 καὶ
1817 3438 1930 3496 τοῖς

340 3519 643 3588 ὀφθαλμοῖς
701 3520 1001 3591 λάμπουσι,
1029 3523 1121 3580 καὶ
1149 3526 1263 3588 τοῖς
1306 3525 1620 3594 προσώποις
1651 3529 1734 3592 εἰς
1762 3527 1930 3598 ὡραῖ-

343 3614 477 3680 σμδν
511 3613 658 3667 θεῖον
691 3613 1006 3685 ἐρεύθονται
1026 3631 1042 3645 '
1079 3617 1174 3676 atat
1205 3616 1283 3687 τῷ
1305 3617 1414 3690 ὅλῳ
1443 3619 1585 3671 κατὰ
1616 3617 1776 3688 φύσιν
1799 3620 1930 3672 ἀνα-

344 3706 586 3774 στήματι
612 3704 672 3757 τὸ
701 3705 847 3758 θεῖον
877 3705 1104 3776 πλάσμα
1151 3697 1638 3777 ἐπαληθιζόμενοι,
1680 3709 1775 3761 καὶ
1803 3710 1927 3770 ταῖς

342 3794 608 3866 πράξεσιν
635 3796 716 3866 είς
753 3793 890 3851 Θεοῦ
960 3798 1196 3868 μίμησιν
1242 3799 1621 3865 είκονίζονται.
1676 3800 1753 3852 Οὐ
1821 3799 1928 3868 μὴν

343 3887 484 3942 κατά
511 3889 642 3952 τοὺς
674 3888 805 3961 παρ’
829 3891 963 3960 ἡμῖν
1025 3890 1396 3962 ὑποκριτικῶς
1429 3891 1749 3965 τυποῦνται,
1789 3893 1838 3944 οἳ
1868 3891 1928 3949 τὸ

341 3981 736 4051 ἀκατάληπτον
778 3981 1160 4051 μεθοδεύοντες
1216 3985 1612 4063 κομμωτικῶς,
1686 3985 1929 4063 ὑπογρά-

342 4091 504 4144 φουσι
526 4074 628 4145 τὴν
664 4073 987 4145 ἔμπρακτον
1029 4075 1251 4146 ἀρετὴν,
1302 4078 1350 4128 εί
1377 4077 1472 4131 καὶ
1503 4077 1579 4148 μὴ
1605 4077 1788 4149 ἔχουσι
1844 4079 1927 4133 διο

340 4167 464 4222 ὁλου
499 4168 637 4234 αὐτὸ
670 4167 940 4236 ἐξανύειν,
969 4170 1049 4221 ὅτι
1084 4168 1221 4240 μηδὲ
1247 4169 1493 4232 δυνατόν.

415 4442 518 4498 κθθ.
551 4438 935 4503 Πλεονάξουσα
967 4438 1066 4510 μὲν
1109 4437 1218 4506 γὰρ
1258 4439 1291 4506 ἡ
1325 4437 1516 4508 ἀρετὴ,
1542 4439 1637 4492 καὶ
1669 4455 1929 4510 πραγμα.

2027 577 2260 644 cientes,
2291 579 2357 633 ad
2386 580 2552 635 invite
2585 578 2999 635 monstrandum
3035 577 3377 637 solummodo
3409 589 3608 633 terram

2021 682 2145 724 esse
2191 683 2352 737 quam
2409 669 2498 722 illa
2557 671 2810 724 deorsum
2865 668 3087 736 respicit
3136 668 3296 723 visio.
3355 665 3610 722 Attamen

2020 759 2321 814 caelicolam
2367 775 2593 830 prorsus
2646 758 2987 829 perfectum,
3043 762 3329 830 oportebat
3394 760 3613 831 symbo-

2022 845 2124 900 lice
2158 861 2374 901 sursum
2422 847 2596 914 tueri,
2647 849 2834 918 sicque
2882 849 3060 904 levare
3103 850 3288 906 oculos
3349 849 3417 904 ad
3459 863 3612 903 mon-

2025 945 2125 1006 tes,
2158 938 2298 1004 unde
2327 939 2474 995 venit
2513 939 2614 998 rite
2643 939 3066 1009 suspicientibus
3102 942 3391 1009 auxilium.

2095 1208 2181 1268 28,
2225 1207 2371 1264 Talis
2399 1219 2578 1264 autem
2607 1223 2708 1264 nec
2738 1223 2798 1264 os
2826 1209 2957 1270 sinit
2978 1209 3131 1279 juxta
3168 1213 3468 1268 naturalem
3500 1213 3606 1268 vim

2024 1315 2206 1370 agere,
2237 1301 2329 1354 sed
2356 1300 2492 1354 illud
2523 1301 2815 1364 adulterat,
2843 1299 3164 1370 plerumque
3193 1302 3413 1370 quidem
3442 1303 3612 1360 silens

2023 1395 2318 1448 secrmdum
2387 1394 2546 1458 hanc,
2597 1408 2758 1463 quam
2792 1393 3115 1465 pythagorio
3173 1378 3322 1448 more
3375 1395 3608 1462 dixeris,

2025 1486 2495 1551 taciturnitatem;
2551 1483 2646 1540 sed
2695 1493 2748 1540 et
2793 1500 2915 1539 cum
2956 1500 3150 1546 sonum
3201 1487 3364 1541 edere
3411 1487 3610 1542 benum

2026 1573 2128 1641 ipsi
2197 1574 2371 1632 visum
2437 1584 2542 1638 est,
2607 1573 3053 1642 vespertilionum
3117 1589 3269 1630 more
3325 1574 3612 1630 stridulam

2025 1678 2212 1718 vocem
2238 1663 2516 1728 emittens,
2551 1663 2624 1718 ita
2654 1673 2711 1717 ut
2739 1669 2955 1720 sensum
3011 1663 3286 1730 sermonis
3315 1663 3477 1719 alicui
3507 1679 3611 1718 non

2027 1755 2345 1825 imprimat;
2392 1755 2437 1809 si
2472 1769 2602 1808 vero
2644 1755 2915 1825 prolatum
2959 1755 3354 1824 aliquantulum
3407 1755 3614 1808 articu-

1951 1838 1999 1900 B
2027 1845 2140 1901 lare
2173 1855 2362 1912 tentat,
2393 1856 2524 1900 tunc
2559 1845 2724 1900 etiam
2783 1846 3214 1909 submurmurat,
3247 1845 3401 1914 quasi
3462 1845 3616 1898 time-

2033 1946 2135 2005 ret,
2151 1952 2222 1994 ne
2240 1936 2399 1991 simul
2418 1937 2930 2007 exspiretmentem.
2951 1934 3274 2004 chitaque
3297 1934 3613 2004 hujusmodi

2033 2031 2262 2100 praedito
2297 2031 2498 2083 virtute
2536 2030 2849 2084 testimonio
2887 2030 3034 2085 claro
3070 2041 3197 2084 sunt
3227 2031 3370 2099 quod
3399 2043 3462 2083 ea
3493 2043 3614 2096 quae

2032 2132 2160 2179 sunt
2209 2125 2355 2178 intus
2409 2122 2510 2192 ipsi
2557 2137 2824 2179 vexantur
2876 2125 3051 2178 inedia
3106 2124 3427 2193 reliquaque
3473 2123 3613 2177 mala

2033 2217 2280 2286 corporis
2313 2217 2644 2280 valetudine,
2699 2227 2958 2286 tanquam
3004 2215 3202 2269 exhinc
3249 2231 3355 2269 non
3390 2213 3614 2268 haberet

2033 2317 2222 2362 tonum
2265 2320 2364 2362 nec
2418 2308 2862 2375 respirationem,
2916 2307 3186 2362 sermonis
3237 2317 3419 2360 autem
3469 2305 3615 2374 ejus-

2034 2401 2175 2457 modi
2207 2399 2380 2468 qualis
2408 2413 2561 2455 mens
2590 2411 2712 2454 esse
2751 2398 2976 2468 posset?
3006 2397 3178 2468 Larga
3217 2397 3436 2469 quidem
3483 2413 3616 2452 sane

2031 2505 2154 2548 esse
2199 2502 2375 2560 potest
2409 2492 2536 2547 huic
2585 2491 2805 2547 dililcile
2836 2491 3078 2562 loquenti
3113 2501 3167 2546 et
3218 2491 3340 2546 ideo
3386 2499 3618 2561 angusta

2030 2585 2189 2650 fanti,
2235 2583 2479 2655 jucunda
2536 2599 2666 2639 vero
2718 2599 2852 2640 sane
2905 2597 3010 2647 non
3060 2591 3245 2654 posset
3277 2583 3464 2638 haberi
3497 2597 3616 2652 qua:

2034 2687 2143 2734 tam
2177 2677 2394 2734 dililcile
2423 2678 2746 2748 percipitur.
2778 2676 3048 2743 Quantam
3107 2685 3292 2730 autem
3322 2675 3612 2731 utilitatem

2033 2769 2306 2840 proferat,
2342 2769 2558 2824 auditur
2585 2767 2758 2835 sciet,
2805 2769 2894 2837 qui
2939 2781 3039 2838 ego
3084 2784 3190 2822 non
3231 2783 3354 2823 esse
3396 2767 3610 2820 vellem.

2033 2861 2232 2918 Tentat
2279 2869 2463 2916 autem
2527 2860 2581 2913 in
2635 2858 2755 2914 istis
2815 2859 2978 2913 homo
3029 2857 3199 2913 falsus
3245 2869 3359 2912 sua!
3391 2857 3616 2911 rustici-

2034 2953 2162 3008 tatis
2193 2951 2703 3008 dissimulationem.
2746 2948 2928 3005 Rudes
2963 2951 3108 3004 enim
3147 2949 3458 3006 omnimodo
3488 2961 3615 3004 sunt

2034 3043 2363 3122 lmjusmodi,
2408 3044 2499 3116 qui
2539 3043 2816 3122 silentium
2856 3043 3258 3114 verborumque
3291 3043 3612 3112 parcitatem

2033 3119 2358 3202 obaervant,
2413 3137 2669 3206 quoniam
2741 3119 2942 3191 exinde
2991 3135 3258 3203 confutari
3314 3145 3612 3206 nequeunt.

2030 3230 2192 3293 Certe
2231 3230 2378 3289 enim
2413 3229 2670 3284 monachi
2725 3230 2993 3299 sapientes
3022 3269 3038 3294 ,
3073 3229 3487 3298 litterarumque
3520 3243 3616 3298 pe-

2033 3327 2138 3394 riti,
2161 3339 2368 3380 necnon
2395 3321 2496 3376 viri
2532 3322 2826 3378 virtutibus
2850 3323 2993 3394 pleni
3025 3322 3288 3392 bonaeque
3317 3322 3615 3390 disciplina:

2028 3419 2356 3488 initiatores,
2419 3428 2609 3471 vocem
2673 3415 2952 3484 expoliunt
3013 3415 3162 3469 clare
3220 3402 3502 3483 loquentes
3559 3423 3617 3467 et

2029 3526 2338 3569 sermonem
2376 3511 2647 3564 adornant
2671 3509 3029 3578 cogitationes
3051 3508 3402 3563 harmonicas
3435 3505 3616 3560 llumi-

2031 3617 2156 3657 num
2186 3602 2360 3656 instar
2405 3599 2744 3666 emittentes,
2782 3613 3014 3670 quorum
3070 3600 3304 3669 impetus
3337 3598 3614 3670 lactiﬁcant

2027 3692 2276 3749 civitates
2321 3689 2464 3758 Dei;
2505 3689 2680 3745 oculis
2713 3689 2919 3764 lucent,
2954 3702 3018 3742 ac
3067 3689 3121 3742 in
3157 3690 3397 3743 divinum
3450 3689 3615 3744 decus

2026 3783 2178 3838 vultu
2210 3784 2529 3846 rubescunt,
2568 3789 2679 3835 tota
2712 3780 2947 3833 naturali
2989 3778 3316 3834 celsitudine
3345 3795 3482 3850 Opus
3515 3781 3612 3833 Dei

1988 3906 1996 3914 -
2027 3875 2299 3936 veraciter
2327 3871 2678 3937 annuntiant,
2704 3880 2761 3925 et
2792 3870 2999 3925 actibus
3027 3873 3094 3925 ad
3123 3871 3216 3924 Dei
3251 3869 3612 3925 imitationem

2028 3969 2374 4039 cllinguntnr.
2447 3967 2722 4020 Attamem
2767 3979 2873 4028 non
2926 3963 3267 4020 simulatorie
3339 3965 3614 4034 tinguntur

2029 4059 2328 4117 secundum
2381 4058 2503 4112 illos
2547 4057 2638 4127 qui
2689 4065 2816 4112 sunt
2862 4057 3002 4133 apud
3057 4071 3174 4119 nos,
3227 4056 3432 4128 quique
3467 4059 3612 4130 quod

2029 4152 2579 4224 incomprehensibile
2631 4160 2715 4206 est
2752 4149 2820 4206 de
2869 4150 3132 4205 industria
3179 4163 3611 4222 prosequentes,
3657 4133 3661 4138 ’

2028 4245 2299 4301 eliicacem
2353 4244 2674 4314 promittunt
2724 4242 3005 4310 virtutem,
3060 4242 3164 4298 etsi
3223 4259 3329 4298 non
3391 4246 3614 4299 omnino

2029 4339 2239 4410 possint
2267 4338 2409 4392 istud
2444 4336 2726 4408 perlicere,
2757 4336 2902 4412 quod
2930 4336 3074 4392 haud
3111 4336 3370 4408 possibile
3396 4349 3500 4393 est.

2097 4431 2190 4487 29.
2233 4429 2421 4486 Virtus
2470 4430 2616 4485 enim
2649 4447 2767 4503 quae
2803 4440 3046 4504 praestat,
3096 4442 3147 4484 et
3187 4446 3313 4484 vere
3363 4431 3611 4500 operaria

343 4536 571 4606 τειώδης
602 4531 816 4604 άληθῶς
855 4526 1013 4593 οὖσα,
1043 4529 1138 4582 καὶ⁹
1181 4529 1592 4607 σπουδαζομένη
1625 4531 1769 4584 κατὰ
1792 4531 1925 4595 πάν-

2032 4535 2136 4593 est,
2179 4540 2243 4580 ac
2271 4525 2587 4580 omnimode
2637 4524 2903 4588 studiosa,
2945 4523 3020 4576 ita
3057 4536 3113 4575 ιιι
3142 4537 3238 4591 per
3270 4523 3421 4576 illam
3455 4527 3612 4594 quasi

344 4648 412 4686 τα
439 4629 664 4700 τρόπον,
689 4625 766 4688 ὡς
829 4621 1095 4693 ἄγχεσθαι
1142 4621 1211 4675 δι’
1239 4622 1409 4691 αὐτῆς
1461 4621 1730 4693 ἀνδρικῶς
1771 4626 1928 4686 ὁποῖα

344 4723 436 4788 καὶ
457 4719 653 4774 λέοντα
701 4717 760 4769 τὸ
785 4716 928 4768 κατὰ
985 4713 1164 4786 ψυχὴν
1208 4712 1423 4781 ἄλογον,
1455 4713 1726 4781 πνίγοιᾷν
1783 4715 1931 4779 ἐντὸς

348 4815 674 4886 μοχθηρίαν,
708 4811 786 4882 μὴ
808 4808 1039 4880 ἔχουσαν
1082 4791 1455 4876 ἐκφανῆναι,
1513 4807 1566 4860 εἴ
1592 4807 1674 4870 τίς
1705 4825 1804 4860 που
1847 4809 1934 4861 έν-

343 4910 576 4979 δόμυχος
636 4904 964 4978 κρύπτοιτο·
1015 4899 1158 4964 καθὰ
1215 4903 1310 4953 καλ⁸
1361 4899 1503 4972 ὀδμὴ
1552 4901 1932 4978 δυσαπόιρορος

347 4999 661 5073 ἀρωμάτων
693 4993 1204 5065 παραδεδλημένων
1229 4994 1310 5056 εἰς
1340 4991 1544 5060 πλῆθος
1587 4993 1688 5046 οὐκ
1720 4992 1786 5047 ἂν
1817 4994 1933 5065 ἔχοι

347 5090 735 5162 φιλενδεικτεῖν
782 5085 880 5160 τὴν
923 5085 1135 5156 φαύλην
1207 5083 1406 5153 δσιραν.
1438 5084 1567 5138 Ὅτε
1598 5085 1652 5138 δέ
1709 5101 1816 5139 τινι
1865 5087 1933 5144 τὰ

350 5186 449 5254 μὲν
505 5185 660 5245 ἐντὸς
700 5165 921 5248 ἀπάσης
960 5176 1301 5248 ἀκαθαρσίας
1354 5177 1516 5247 γέμει
1559 5177 1658 5248 τῆς
1702 5178 1789 5231 διὰ
1833 5197 1933 5232 και

345 5279 488 5340 κίαν,
517 5274 806 5341 ἔξωθενδὲ
841 5271 1044 5344 ἀρετῆς
1085 5272 1440 5342 προφαίνοιτο
1476 5270 1666 5341 χάσμα
1697 5271 1930 5324 ἐπίπλα-

347 5387 489 5438 στον,
522 5370 642 5433 πῶς
671 5367 739 5422 ἂν
773 5369 890 5420 ἐκεῖ
916 5366 1091 5446 νικῴη
1122 5365 1183 5418 τὸ
1251 5362 1467 5434 ἀληθῶς
1528 5365 1804 5435 ἐνάρετον,
1868 5358 1930 5418 οὗ

349 5462 592 5538 μηδόλως
620 5461 844 5532 μέτεστι
883 5456 961 5528 τῷ
999 5457 1194 5529 άνδρέ;
1267 5455 1487 5526 Ἀμέλει
1544 5455 1720 5521 καλῶς
1750 5459 1777 5510 ὁ
1831 5457 1930 5527 τὴν

347 5555 595 5623 ἐνάρετον
629 5548 832 5621 πρᾶξιν
859 5549 1205 5622 ψευδόμενος,
1240 5545 1336 5599 καὶ
1363 5545 1436 5610 ὠς
1470 5541 1582 5599 οἷον
1627 5546 1934 5624 ὲςριμυθιω-

351 5647 503 5715 μένος
534 5643 655 5698 κατ’
687 5641 879 5713 αὐτὴν,
907 5643 999 5695 καὶ
1025 5641 1307 5710 προσθέτω
1357 5637 1666 5711 ἐρυθήματι
1729 5637 1930 5692 καλλυ-

347 5739 586 5808 τέμενος,
612 5738 674 5790 οὐ
701 5734 969 5808 κρύψεται
1012 5733 1110 5804 τὴν
1145 5730 1402 5803 αἰσχρίαν
1433 5731 1523 5783 διά
1572 5731 1796 5802 παντὸς,
1828 5731 1928 5784 άλ-

351 5829 412 5888 λὲι
439 5830 578 5899 ταχὺ
621 5825 991 5898 ἐπιγνωσθεὶς
1019 5827 1360 5896 ὲκφανεῖται,
1391 5825 1485 5879 καὶ
1516 5822 1774 5892 διαδείξει
1802 5827 1926 5894 εαυ-

2035 4618 2119 4675 leo
2141 4619 2513 4686 stranguletur
2567 4616 2714 4686 quod
2768 4632 2874 4671 non
2916 4623 2994 4669 est
3033 4615 3287 4669 inanima
3323 4617 3612 4686 rationale,

2032 4713 2115 4768 sic
2152 4709 2422 4766 internatn
2457 4709 2714 4762 malitiam
2770 4705 3083 4771 sulfocaret,
3122 4719 3200 4771 ut,
3246 4707 3290 4760 si
3325 4724 3442 4778 qua:
3473 4710 3615 4767 forte

2037 4805 2227 4857 lateret
2260 4802 2509 4866 interior,
2542 4797 2879 4853 manifestari
2942 4799 3193 4867 nequiret
3219 4818 3232 4854 :
3257 4805 3614 4870 quemadmo-

2035 4897 2160 4950 dum
2214 4894 2606 4950 tenacissimus
2638 4899 2941 4946 aromatum
2995 4891 3325 4946 inclusorum
3372 4894 3506 4950 odor
3547 4899 3616 4954 ad

2041 4984 2444 5043 multitudinem
2487 4997 2591 5038 non
2631 4982 2836 5037 Valeret
2868 4997 3090 5052 pravam
3131 4984 3387 5040 olentiam
3415 5004 3588 5056 expan

2037 5087 2187 5138 dere.
2232 5080 2372 5136 Cum
2420 5089 2600 5133 autem
2642 5075 2872 5144 alicujus
2923 5077 3186 5132 interiora
3223 5079 3464 5148 qualibet
3517 5084 3618 5135 ima

2036 5177 2274 5248 puritate
2319 5172 2538 5236 malitiae
2585 5171 2744 5241 plena
2798 5179 2965 5239 sunt,
3025 5179 3074 5225 et
3114 5175 3387 5230 exteriora
3430 5176 3613 5229 lictqu

2038 5269 2252 5322 virtutis
2286 5267 2494 5322 hiatum
2538 5267 2858 5331 ostendunt,
2914 5267 3188 5335 quor-mdo
3246 5269 3489 5322 vinceret
3533 5267 3608 5322 ibi

2037 5363 2184 5434 quod
2220 5377 2345 5417 vere
2376 5361 2630 5415 virtutem
2661 5361 2827 5431 sapit,
2872 5374 2997 5414 cum
3027 5359 3153 5416 huic
3198 5361 3360 5416 homo
3394 5361 3617 5418 minime

2037 5454 2362 5525 participat?
2389 5452 2642 5508 Profecto
2667 5454 2760 5524 qui
2803 5454 3094 5522 pulchram
3128 5455 3401 5518 actionem
3441 5455 3613 5522 ﬁngit,

2038 5559 2091 5603 et
2135 5564 2230 5618 per
2273 5562 2392 5602 eam
2420 5547 2575 5616 quasi
2611 5535 2930 5612 cerussata:
2958 5556 3066 5614 est,
3096 5546 3484 5615 adjectitioque
3528 5562 3616 5599 co-

2039 5642 2152 5699 lore
2184 5651 2530 5704 venustatur,
2563 5653 2672 5694 non
2698 5652 2918 5709 semper
2949 5635 3250 5708 foeditatem
3299 5637 3614 5702 abscondet,

2036 5737 2131 5790 sed
2158 5733 2308 5788 brevi
2329 5733 2596 5804 cognitus
2624 5730 2934 5804 apparebit,
2968 5741 3024 5785 et
3085 5728 3325 5797 seipsum
3362 5727 3614 5795 fallacem

2039 5827 2468 5900 mendacemque
2546 5825 2882 5896 signatorem
2957 5820 3226 5879 ostendet.
3301 5818 3397 5877 Vel
3471 5820 3616 5876 enim
