3968 6244
359 309 478 371 399

1069 302 1498 366 EUSTATHII
1536 305 2300 369 THESSALONICENSIS
2334 301 2897 369 METROPOLlTxE

3501 301 3614 365 £80

376 426 660 488 postquam
695 413 849 469 malis
882 411 1090 466 artibus
1109 413 1222 481 iam
1257 414 1602 470 mendacium
1634 415 1937 485 complevit,

2047 419 2138 472 τόν
2161 418 2451 472 ἀπατεῶνα
2483 418 2576 471 καὶ
2633 417 3092 487 ψευδεπίγραφον.
3129 414 3280 484 Ἔχει
3308 413 3363 467 δὲ
3393 414 3622 482 διπλόην

378 509 708 577 ἰιινειΙιιίιιμιε
742 505 1017 574 decipiens
1052 515 1420 571 occurrentes,
1453 522 1515 562 ac
1546 509 1595 561 in
1630 508 1834 562 sanctis
1859 515 1942 561 est

376 609 673 671 reputatus,
707 597 922 652 tandem
955 595 1193 650 abluitur
1244 596 1539 666 hypocrisi,
1581 596 1768 666 sicque
1789 611 1942 665 pror-

375 708 466 747 sus
493 694 665 745 factus
696 687 1022 743 daemonium
1055 686 1108 740 in
1145 700 1202 740 se
1223 687 1398 740 latens
1432 689 1685 751 ostendit,
1715 697 1788 748 et.
1813 702 1945 742 con-

376 783 532 838 victis
564 779 912 843 mirantibus,
938 779 1068 849 quid
1101 779 1169 833 ab
1198 779 1318 848 ipso
1349 778 1570 832 scenico
1595 779 1940 832 sanctitatem

372 872 780 934 aastimaverint,
809 873 953 939 quod
987 883 1105 924 erat
1130 885 1307 938 pravae
1339 880 1545 924 naturae
1567 885 1943 938 perversazque

375 965 497 1016 vitae
565 961 965 1016 manifestatur.
1039 960 1133 1014 Vel
1189 961 1300 1015 cito
1358 959 1482 1015 boni
1542 960 1939 1015 simulationem

373 1067 592 1108 omnem
625 1054 852 1116 veritus,
889 1054 964 1107 uti
991 1067 1211 1123 gravem
1261 1051 1553 1120 ipsumque
1603 1051 1939 1124 fatigantem,

371 1147 438 1197 ad
465 1144 875 1199 similitudinem
911 1145 1028 1213 ejus
1051 1144 1167 1213 qui,
1203 1142 1385 1199 debile
1414 1159 1610 1212 corpus
1638 1144 1847 1200 habens
1875 1143 1942 1198 ad

372 1251 591 1290 scenam
617 1237 855 1303 graviter
893 1243 1254 1302 armatorum,
1301 1235 1352 1289 in
1406 1234 1761 1292 loricatorum
1805 1237 1943 1290 mili-

374 1342 483 1382 tum
531 1329 698 1382 armis
747 1329 1034 1398 impeditus
1083 1338 1307 1398 apparet
1357 1328 1488 1397 (non
1521 1330 1666 1383 enim
1719 1329 1943 1384 omnino

374 1432 546 1488 potest
601 1422 866 1474 concinne
914 1423 1141 1487 moveri,
1199 1422 1558 1490 plurimorum
1613 1421 1940 1476 talentorum

373 1521 666 1564 armaturae
692 1513 931 1580 pondere
947 1513 1358 1583 circumdatus),
1384 1514 1554 1582 ipsam
1588 1513 1807 1582 quidem
1832 1512 1941 1566 vir-

373 1606 505 1656 tutis
538 1603 906 1672 apparentiam
970 1604 1126 1673 quasi
1175 1620 1390 1674 gravem
1433 1615 1485 1658 et
1546 1603 1940 1658 intolerabilem

370 1694 582 1761 objicit,
632 1694 832 1748 exinde
877 1709 1006 1749 vero
1068 1695 1325 1764 fugitivus
1357 1695 1535 1750 factus
1587 1694 1640 1748 in
1670 1694 1942 1749 evidentia

371 1787 627 1856 peccandi
666 1789 815 1842 brevi
851 1789 1172 1843 restituitur.

2051 512 2079 562 ὁ
2101 512 2336 573 τοιοῦτος
2363 511 2695 579 ἐκφάνσεως.
2741 511 2810 562 Ἢ
2835 509 2940 577 γάρ
2970 507 3170 569 ἀνύσας
3223 505 3322 577 ήδη
3356 506 3621 575 τεχνικῶς

2051 604 2149 676 τὴν
2176 604 2484 674 ὑπόκρισιν,
2519 604 2615 657 καὶ
2643 601 2865 671 ἰσχύσας
2918 600 3258 668 ἐξαπατῆσαι
3309 597 3434 660 τοὺς
3465 614 3623 649 τετυ·
3682 644 3684 646 τ

2051 697 2307 765 χηκότας,
2343 696 2437 747 καὶ
2493 692 2763 760 >ογισθεὶς
2812 694 2867 744 ἐν
2896 691 3091 759 ἁγίοις,
3141 688 3468 742 άπολούεται
3516 688 3622 750 τὴν

2052 789 2341 857 ὑπόκρισιν
2390 785 2482 838 τοῦ
2515 783 2722 837 λοιποῦ·
2760 783 2854 835 καὶ
2886 781 3118 851 καθαρῦς
3151 780 3293 833 οὑτω
3323 781 3620 848 γενόμενος

2049 880 2293 948 ἐκφαίνει
2340 878 2399 930 τὸ
2427 879 2483 930 ἐν
2512 876 2658 947 αὑτῷ
2707 875 3002 945 δαιμόνιον,
3039 873 3134 926 καὶ
3179 873 3613 942 πληροφορήσας

2047 970 2176 1034 τοὺς
2206 969 2517 1034 θεαθέντας,
2549 970 2632 1022 ὅτι
2661 967 3072 1036 κατετάχθησαν
3105 965 3197 1016 ὑπ’
3227 962 3391 1016 αὑτοῦ
3425 979 3624 1030 σκηνο-

2051 1061 2409 1131 ϐατήσαντος,
2470 1059 2570 1129 τὴν
2643 1059 2952 1127 ἁγιωσύνην
3022 1055 3406 1117 διαδείκνυται,
3481 1053 3620 1121 ὅπερ

2047 1144 2117 1221 ἦν
2150 1149 2430 1218 ἐκφύσεως
2493 1147 2586 1201 καὶ
2623 1146 2834 1216 φαύλης
2875 1145 3136 1216 βιώσεως.
3177 1145 3251 1197 ’Ἦ
3291 1142 3426 1196 ἀλλά
3465 1143 3624 1194 εὐλα-

2051 1242 2238 1313 ϐηθεὶς
2282 1242 2472 1311 τάχιον
2519 1241 2618 1309 τὴν
2665 1241 2798 1300 ὅλως
2844 1239 3137 1306 ὑπόκρισιν
3184 1236 3278 1288 τοῦ
3303 1233 3488 1297 καλοῦ,
3545 1233 3622 1292 ὡς

2049 1334 2146 1387 καὶ
2219 1332 2385 1403 αὑτὴν
2421 1331 2641 1401 βαρεῖαν
2672 1331 2766 1383 καὶ
2817 1327 3231 1382 καταπονοὺσαν
3266 1326 3429 1379 αὑτὸν
3483 1324 3624 1394 πρὸς

2048 1423 2340 1494 ὁμοιότητα
2382 1423 2474 1476 τοῦ
2509 1425 2568 1475 ἐν
2600 1423 2815 1490 ἀγεννεῖ
2844 1421 2920 1490 τῷ
2955 1419 3166 1490 σώματι
3219 1419 3353 1487 πρὸς
3416 1416 3625 1469 ὁπλιτι-

2051 1517 2153 1585 κὴν
2180 1516 2379 1587 σκηνὴν
2399 1514 2806 1583 ἐνδεικνυμένου
2824 1512 2893 1566 τὰ
2911 1512 3019 1565 τῶν
3037 1511 3438 1581 καταφράκτων
3458 1525 3626 1577 στρα-

2053 1606 2260 1660 τιωτῶν
2293 1606 2435 1677 (οὑδέ
2461 1605 2570 1674 γάρ
2600 1605 2719 1659 οὑδὲ
2744 1605 2951 1666 ἐκεῖνος
2982 1601 3269 1670 εὐρύθμως
3297 1599 3470 1654 διόλου
3503 1599 3618 1668 ἔχει

2053 1695 2345 1759 κινεῖσθαι,
2379 1695 2842 1767 περιϐεϐλημένος
2869 1692 3033 1764 βάρος
3066 1692 3328 1753 ὁπλίσεως
3382 1687 3622 1742 πολυτά-

1976 1783 2018 1836 Β
2046 1786 2278 1855 λαντον),
2307 1785 2634 1857 ἀπορρίπτει
2664 1786 2762 1855 μὲν
2806 1783 2900 1837 καὶ
2936 1783 3066 1837 αὑτὸ
3094 1783 3154 1836 τὸ
3182 1781 3478 1852 πρόσχημα
3522 1777 3624 1849 τῆς

369 1885 571 1954 ἀρετῆς
608 1885 686 1948 ὡς
711 1884 848 1955 βαρὺ
881 1888 977 1940 καὶ
1026 1883 1390 1949 ἀϐάστακτον,
1427 1883 1937 1939 ἀποκαθίσταταιδέ
1974 1884 2344 1955 δραπετεύσας
2371 1883 2577 1936 ἐκεῖθεν
2631 1881 2799 1953 ταχὺς
2870 1882 2948 1946 είς
2996 1881 3057 1934 τὸ
3115 1879 3408 1950 προφανῶς
3489 1874 3625 1946 ἐφά-

373 1999 450 2050 μα
458 1999 602 2050 ρτον.

438 2073 527 2128 ὅθ.
575 2073 639 2128 Ει
666 2074 747 2129 sic
805 2083 1032 2142 uterque
1089 2072 1429 2128 simulationi
1459 2076 1651 2141 servit;
1686 2075 1779 2145 qui
1817 2088 1940 2144 per-

368 2173 585 2218 severat
603 2174 658 2219 et
689 2165 778 2234 qui
803 2163 1068 2234 fugitivus
1087 2174 1174 2220 est
1199 2180 1392 2234 puram
1421 2165 1942 2222 retinentsimilitu-

366 2252 550 2308 dinem
570 2269 698 2308 cum
730 2269 794 2308 eo
814 2255 909 2324 qui
937 2255 1208 2325 principio
1228 2257 1408 2326 paruit
1425 2257 1944 2326 hypocrita,scilicet

366 2345 832 2414 antiquissimum.
878 2344 978 2401 llic
1029 2347 1174 2402 enim
1235 2347 1650 2419 qualiscunque,
1711 2348 1757 2404 si
1800 2346 1942 2404 forte

363 2436 587 2506 contigi;
607 2446 690 2492 set
735 2445 793 2491 ut
829 2437 991 2493 homo
1023 2452 1285 2506 personas
1318 2439 1566 2495 lteroicas
1603 2438 1937 2506 imitaretur,

373 2527 571 2584 deinde
600 2537 722 2598 post
741 2542 960 2584 scenam
991 2530 1043 2585 in
1079 2529 1336 2585 humilem
1387 2541 1444 2584 ut
1475 2530 1633 2601 prius
1661 2530 1939 2586 hominem

367 2619 576 2673 redibat
605 2635 622 2674 :
651 2619 938 2690 hypocrita
981 2633 1112 2674 vero
1141 2621 1465 2684 monachus,
1513 2629 1801 2691 postquam
1828 2621 1941 2675 vir-

367 2719 542 2766 tntem
581 2711 988 2781 quomodolibet
1035 2712 1226 2776 illusit,
1261 2713 1354 2768 ille
1406 2727 1598 2769 rursus
1634 2721 1815 2768 manet
1847 2711 1941 2782 qui

367 2813 493 2857 ante
528 2804 1059 2873 reprzesentationem
1090 2813 1208 2859 erat
1234 2815 1512 2874 peccator.
1574 2805 1938 2861 Ascribantur

365 2909 495 2963 ergo
530 2894 667 2949 tales
701 2896 947 2949 homines
975 2896 1189 2950 comico
1229 2896 1463 2963 theatro,
1510 2907 1563 2951 et
1604 2898 1937 2953 subordinati

366 2983 586 3052 quidem
646 2984 967 3036 ordinentur
1000 2983 1054 3035 in
1087 2982 1410 3053 simpliciter
1457 2984 1705 3039 scenicos
1731 2997 1940 3054 eosque

353 3090 473 3130 non
528 3074 859 3138 concinnus;
913 3073 1224 3141 superiores
1276 3082 1456 3128 autem
1511 3083 1829 3143 reputentur
1881 3072 1938 3126 in

348 3165 567 3220 .theatri
624 3165 810 3226 duces.
879 3163 1078 3233 istique
1159 3147 1504 3234 imperfectas
1561 3163 1938 3218 simulationes

353 3257 620 3320 r-rideant,
649 3254 1035 3324 cOgitationem
1087 3254 1326 3324 expertis
1355 3259 1730 3325 suggerentes,
1754 3254 1939 3323 quales

350 3361 500 3401 tcum
547 3355 772 3400 tonsura
825 3345 1039 3414 quidem
1108 3345 1478 3415 apparuerint,
1529 3344 1719 3416 quales
1751 3354 1932 3402 autem

339 3447 491 3508 ,post
555 3438 716 3491 breve
775 3447 986 3506 tempus
1041 3436 1370 3493 manifestati
1419 3439 1548 3493 sint.
1599 3437 1940 3496 Simularunt

365 3529 510 3582 enim
564 3537 735 3582 totum
792 3527 982 3598 fugere
1042 3528 1296 3582 mundum
1347 3538 1401 3584 et
1451 3539 1845 3600 consequenter
1875 3545 1938 3585 ea

347 3635 486 3688 quae
545 3620 904 3685 comitantur,
944 3621 1084 3674 inter
1118 3635 1236 3689 quae
1275 3630 1400 3676 sunt
1437 3631 1697 3691 parentes
1738 3621 1942 3692 aliique

350 3710 685 3766 familiares.
737 3710 1148 3765 Constitueruut
1191 3723 1371 3767 autem
1405 3728 1622 3784 quoque
1684 3713 1787 3769 sibi
1823 3729 1941 3770 mo-

368 3800 603 3854 destiam
657 3810 711 3855 et
772 3817 1089 3857 successum
1140 3813 1192 3856 et
1260 3805 1484 3859 omnino
1539 3815 1934 3873 paupertatem,

331 3925 336 3932 ς
363 3891 602 3962 ideoque
625 3892 757 3948 nihil
778 3908 1000 3962 prorsus
1020 3895 1207 3960 partiri
1227 3906 1476 3964 possunt.
1503 3895 1772 3962 Quidnam
1792 3897 1938 3952 enim

360 3982 721 4051 partirentur,
771 3985 863 4052 qui
907 3984 1040 4038 nihil
1085 3985 1285 4040 habere
1323 3987 1641 4055 tinxerunt;
1702 4001 1803 4042 nec
1859 3987 1941 4041 ul-

343 4073 474 4122 ‘-lum
523 4071 684 4124 alium
736 4073 1006 4127 hominem
1051 4085 1246 4144 praeter
1297 4076 1819 4146 semetipsosvitlere
1848 4093 1939 4134 as-

345 4163 506 4216 ‘sueti
549 4163 720 4218 sunt?
766 4162 1085 4234 ‘Postquam
1132 4175 1310 4220 autem
1379 4167 1504 4222 huic
1561 4183 1736 4225 scena:
1818 4183 1938 4225 sese

340 4253 647 4320 vpaulu'lum
693 4253 976 4310 dedissent
1048 4258 1688 4328 reprazsenlavissentque
1749 4261 1938 4316 drama

366 4351 526 4418 quasi
577 4351 678 4420 ipsi
729 4351 950 4422 choragi
1020 4352 1217 4418 forent,
1260 4354 1477 4408 sibimet
1533 4369 1596 4409 ac
1648 4356 1938 4413 levioribus

349 4443 643 4512 placentes
690 4438 1111 4510 spectatoribus,
1170 4459 1334 4497 unum
1389 4445 1563 4499 solum
1609 4462 1674 4502 ex
1724 4447 1936 4503 actione

361 4535 658 4589 dramatica
713 4533 957 4605 plerique
1023 4549 1194 4606 usque
1246 4538 1311 4590 ad
1370 4539 1530 4593 tinent
1570 4541 1932 4608 retinuerunt,

353 4626 760 4696 praaliguratam
795 4627 1196 4683 lamentabilem
1231 4631 1540 4698 nigritiam;
1585 4636 1802 4689 caneris
1831 4650 1932 4690 au-

358 4731 466 4774 tem
497 4721 902 4787 abstinuerunt,
939 4737 1046 4775 non
1078 4723 1224 4790 quod
1261 4722 1523 4778 ludebant
1562 4738 1929 4795 remanentes,

357 4825 461 4865 nec
527 4811 688 4865 etiam
739 4812 807 4866 ad
867 4813 1054 4881 priora
1094 4825 1450 4880 revertentes,
1494 4818 1585 4871 sed
1615 4817 1667 4872 in
1716 4820 1932 4890 pejores

361 4900 766 4966 transformati,
798 4903 1058 4957 mundum
1092 4905 1226 4959 adeo
1260 4907 1366 4961 sibi
1393 4909 1666 4977 proprium
1700 4912 1930 4980 operati,

361 5001 416 5042 ut
447 4991 592 5046 illius
635 4991 806 5060 magis
841 5007 1000 5059 quam
1035 4999 1206 5050 sancti
1257 4999 1572 5052 monasterii
1627 5015 1749 5055 esse
1787 5001 1931 5054 vide-

358 5095 568 5136 rentur.

430 5170 521 5224 51.
559 5170 731 5224 Antea
789 5169 1015 5240 quidem“
1067 5176 1266 5229 etenim
1329 5179 1409 5232 vel
1462 5179 1708 5248 qntedam
1758 5180 1929 5236 victus

359 5259 612 5328 quaestio,
651 5260 736 5314 vel
772 5261 1109 5330 publicitatis
1137 5268 1310 5334 pudor
1341 5269 1486 5338 ipsos
1516 5271 1692 5325 arcuit
1720 5286 1747 5324 a
1787 5271 1924 5325 foro.

353 5350 736 5405 Fastidiebant
757 5351 899 5406 enim
934 5353 1075 5408 inter
1103 5357 1298 5412 multos
1339 5357 1531 5427 videri,
1566 5361 1777 5434 plurimi
1811 5363 1929 5431 qui-

357 5449 483 5498 dem
513 5442 637 5511 quia
673 5444 945 5498 mundana
981 5451 1396 5504 conversatione
1435 5467 1538 5504 non
1574 5464 1730 5507 erant
1777 5455 1925 5525 digni

349 5536 443 5603 qui
477 5535 964 5606 conspicerentur;
1001 5538 1182 5609 plures
1214 5550 1390 5594 autem
1419 5544 1580 5596 etiam
1609 5544 1678 5598 ob
1705 5545 1924 5614 aliquod

354 5629 568 5681 facinus
604 5629 950 5696 probrosum,
982 5644 1012 5684 e
1054 5631 1251 5699 quibus
1278 5631 1482 5699 aliquot
1523 5649 1712 5690 carcer
1735 5637 1927 5692 celavit

355 5718 787 5782 malefacientes,
835 5729 888 5774 et
942 5721 1022 5775 sic
1071 5723 1328 5776 abscondi
1358 5739 1464 5776 non
1501 5725 1734 5781 libenter
1789 5731 1926 5784 obti-

2116 2073 2180 2130 λ’.
2234 2074 2344 2128 Καὶ
2371 2071 2542 2136 οὑτως
2595 2070 2844 2141 ἑκάτεροι
2873 2067 3048 2122 δοῦλοι
3089 2068 3190 2138 τῆς
3251 2065 3621 2137 ὑποκρίσεως,

2043 2169 2073 2222 ὅ
2104 2184 2164 2221 τε
2201 2164 2518 2237 παράμονος
2545 2163 2639 2216 καὶ
2668 2163 2697 2216 ὁ
2729 2161 2928 2232 φυγὰς,
2994 2158 3341 2224 ἀποσώζουσι
3372 2160 3624 2232 καθαρὰν

2043 2258 2293 2313 εἰκασίαν
2325 2255 2460 2326 πρὸς
2487 2253 2580 2308 τδν
2606 2253 2982 2324 πρωτοφανῶς
3009 2251 3332 2323 ὑποκριτὴν,
3390 2252 3483 2305 τὸν
3512 2268 3625 2306 πα-

2041 2348 2292 2404 λαίτατον
2312 2345 2535 2417 δηλαδή.
2561 2343 2799 2406 Ἐκεῖνός
2829 2358 2890 2396 τι
2939 2339 3048 2412 γὰρ
3074 2343 3103 2395 ό
3147 2341 3349 2411 τυχὼν,
3416 2340 3470 2393 cf
3516 2356 3621 2393 που

2043 2441 2137 2495 καὶ
2167 2439 2323 2510 λάχοι
2356 2437 2641 2508 ἄνθρωπος
2679 2433 2754 2488 ὣν
2805 2435 2901 2488 καὶ
2963 2431 3344 2504 μιμησάμενος
3401 2428 3620 2500 ἡρωῖκά

2042 2531 2332 2605 πρόσωπα,
2368 2524 2485 2583 εῐτα
2513 2527 2652 2599 μετὰ
2683 2527 2781 2597 τὴν
2813 2533 3023 2597 σκηνην
3056 2524 3133 2586 είς
3157 2521 3249 2574 τὸν
3274 2520 3466 2592 πρῴην
3518 2536 3618 2574 ταο

2043 2623 2228 2678 πεινδν
2250 2620 2536 2692 ἄνθρωπον
2580 2618 2898 2688 ἀνέκαμπτε
2921 2631 2936 2648 ·
2968 2617 3062 2670 καὶ
3087 2617 3116 2669 ό
3168 2612 3291 2668 καθ’
3323 2611 3617 2681 ὑπόκρισιν

2040 2717 2097 2771 δὲ
2155 2712 2388 2786 μοναχὸς
2418 2711 2516 2784 τὴν
2544 2709 2746 2782 ἀρετὴν
2784 2707 2980 2776 παίξας
3019 2706 3102 2776 ἐφ’
3135 2702 3444 2769 ὁποσονοῦν,
3473 2702 3619 2758 ἐκεῖ·

2041 2822 2131 2870 νος
2185 2801 2343 2868 αὖθις
2398 2800 2550 2872 μένει
2602 2801 2631 2855 ὸ
2694 2799 2790 2854 καὶ
2845 2796 2950 2869 πρὸ
3001 2799 3101 2870 τῆς
3167 2795 3618 2866 σκηνοϐατήσεως

2048 2894 2400 2968 ἁμαρτωλός.
2448 2890 3008 2962 Ἀποκληρούσθωσαν
3033 2889 3099 2960 δὴ
3125 2888 3221 2942 καὶ
3273 2887 3325 2940 οῖ
3385 2885 3619 2940 τοιοῦτοι

2045 2987 2324 3059 ἄνθρωποι
2369 2988 2436 3056 τῇ
2495 2985 2829 3054 παιγνήμονι
2871 2982 3102 3054 θυμέλῃ,
3138 2983 3230 3036 καὶ
3259 2977 3618 3032 ὑποτακτικοὶ

2049 3078 2150 3150 μὲν
2181 3077 2336 3142 ὄντες
2381 3075 2730 3147 τετάχθωσαν
2777 3075 2855 3136 εἰς
2901 3071 3090 3134 ἀπλῶς
3149 3067 3496 3141 θυμελικοὺς,
3521 3065 3619 3119 καὶ

2044 3169 2243 3234 αὑτοὺς
2272 3169 2371 3223 οὑκ
2398 3168 2656 3240 ἐμμελεῖς
2682 3182 2695 3196 °
2723 3164 3167 3236 ὑπερκαθήμενοι
3199 3162 3252 3215 δὲ
3281 3158 3619 3224 λογιζέσθω-

1968 3281 2014 3346 c
2046 3279 2148 3317 σαν
2172 3262 2246 3326 ὡς
2281 3263 2361 3324 είς
2409 3259 2651 3330 θυμέλης
2680 3257 3072 3329 προάρχοντας,
3099 3255 3149 3308 οἳ
3199 3254 3292 3308 καὶ
3344 3251 3626 3346 γελάσθωιι

2045 3370 2144 3408 σαν
2175 3351 2284 3405 τῶν
2309 3352 2370 3405 οὑ
2406 3349 2708 3404 σπουδαίων
2753 3349 3121 3418 ὑποκρίσεων,
3148 3345 3353 3400 ἔννοιαν
3382 3345 3494 3406 τοῖς
3521 3359 3619 3394 πε-

2042 3442 2394 3514 πειραμένοις
2425 3441 2834 3505 ὑποϐάλλοντες,
2889 3432 2990 3493 οἷοι
3051 3437 3151 3508 μὲν
3209 3437 3325 3506 ἀμα
3351 3438 3415 3505 τῇ
3443 3435 3620 3505 κουρᾷ

2041 3535 2400 3605 ἐξεφάνησαν,
2455 3529 2558 3586 οἶοι
2615 3532 2671 3586 δὲ
2703 3533 2840 3602 μετά
2868 3533 3058 3602 χρόνον
3088 3530 3148 3583 οὑ
3189 3529 3357 3583 πολὺν
3392 3529 3613 3581 ἀπεδεί-

2041 3627 2272 3696 χθησαν.
2322 3623 2722 3694 ’Υπεκρίναντο
2759 3624 2858 3694 μὲν
2897 3623 3028 3693 γὰρ,
3057 3622 3149 3675 τὸν
3181 3621 3295 3691 βίον
3330 3621 3618 3690 πρόπαντα

2043 3718 2257 3787 φυγεῖν,
2289 3715 2596 3779 ἀκολούθως
2620 3714 2676 3769 δὲ
2709 3715 2802 3768 καὶ
2826 3715 2894 3768 τὰ
2922 3713 3303 3785 παρεπόμενα,
3332 3713 3392 3764 ἐν
3417 3706 3499 3775 οἷς
3523 3711 3618 3764 κα)⁵

2043 3810 2090 3864 oi
2125 3808 2262 3880 πρὸς
2302 3809 2491 3876 γένους
2515 3811 2610 3861 καὶ
2664 3807 2711 3861 οἱ
2742 3807 2916 3872 ἄλλως
2963 3805 3216 3875 γνωστοί.
3248 3803 3541 3870 Ἐτάξαντο
3561 3805 3616 3858 δέ

2041 3899 2136 3952 καὶ
2169 3897 2394 3966 ἀτυφίαν
2426 3898 2519 3951 καὶ
2549 3896 2879 3965 ἐκτοπισμὸν
2929 3896 3023 3949 καὶ
3052 3895 3112 3949 τὸ
3144 3895 3282 3958 ὅλως
3331 3894 3506 3958 ἀϐιον,
3536 3894 3617 3947 διὸ

2042 3989 2144 4042 οὑκ
2164 3988 2230 4042 ἀν
2261 3988 2358 4040 καὶ
2409 3987 2738 4058 μετάδωσιν.
2769 3988 2926 4050 Τίνος
2981 3986 3091 4058 γὰρ
3127 3985 3193 4039 ἂν
3248 3985 3526 4056 μεταδοῖεν
3565 3985 3614 4037 οι

2046 4080 2214 4151 μηδὲν
2269 4081 2416 4150 ἔχειν
2456 4080 2980 4152 προσποιησάμενοι,
3022 4079 3117 4132 καὶ
3140 4077 3276 4149 μηδέ
3323 4075 3610 4146 ἄνθρωπον

2045 4173 2264 4244 βλέπειν
2290 4171 2449 4227 ἀλλον
2486 4171 2859 4241 κυρώσαντες,
2891 4171 2972 4224 ὅτι
3005 4170 3080 4241 μὴ
3113 4169 3306 4240 μόνους
3363 4169 3610 4233 ἐαυτούς;

2040 4265 2254 4336 Μικρὸν
2276 4265 2334 4318 δὲ
2367 4267 2433 4336 τῇ
2465 4267 2635 4335 σκηνῇ
2674 4264 2846 4334 ταύτῃ
2901 4262 3395 4333 ἐμμελετήσαντες,
3426 4264 3521 4314 καὶ
3554 4261 3613 4312 τὸ

2039 4358 2225 4428 δρᾶμα
2257 4355 2680 4426 ἐπιδειξάμενοι,
2707 4354 2782 4418 ὡς
2819 4355 2977 4418 αὑτοὶ¹
3006 4353 3375 4424 ἐχορήγησαν,
3399 4352 3612 4414 ἑαυτοῖς

2041 4451 2136 4503 καὶ
2195 4451 2307 4512 τοῖς
2381 4447 2766 4519 ἁϐαθεστέροις
2817 4447 3033 4510 θεαταῖς
3081 4445 3511 4516 εὑηρεστηκὸτες
3557 4441 3614 4498 ἐν

2046 4541 2206 4611 μόνον
2237 4541 2338 4609 τῆς
2369 4539 2812 4610 δραματουργίας
2865 4540 3284 4608 παρακατέσχον
3345 4539 3426 4602 είς
3462 4537 3612 4598 τέλος

1967 4612 2013 4668 θ
2041 4635 2092 4686 Ol.
2145 4633 2380 4698 πλείους,
2415 4633 2514 4702 τὴν
2541 4631 2983 4702 προφαινομένην
3037 4629 3300 4702 πένθιμον
3331 4631 3610 4699 μελανίαν·

2043 4727 2152 4778 τῶν
2178 4723 2234 4776 δὲ
2263 4724 2466 4777 λοιπῶν
2504 4724 2821 4793 ἀπέσχοντο,
2855 4723 2950 4793 μὴ,
3008 4723 3146 4793 ὅπερ
3206 4721 3450 4786 ἔπαιζον,
3505 4720 3617 4791 μεί-

2043 4833 2252 4883 ναντες,
2284 4816 2376 4870 καὶ
2405 4815 2539 4887 μηδέ
2569 4816 2646 4878 είς
2674 4815 2740 4869 τὰ
2787 4815 3024 4886 πρότερα
3046 4814 3175 4882 γοῦν
3206 4813 3618 4866 ἀποκαταστάν-

2042 4925 2156 4974 τες,
2183 4909 2318 4960 ἀλλὰ
2367 4906 2823 4978 μεταποιηθὲντες
2850 4903 2929 4969 είξ
2963 4905 3235 4976 χείρονας,
3267 4906 3359 4958 τὸν
3411 4905 3617 4973 κόσμον

2039 5002 2097 5063 ἐς
2126 5000 2380 5053 τοσοῦτον
2419 5000 2854 5070 οίκειωσάμενοι,
2881 4999 2955 5063 ὼς
3005 5001 3211 5052 ἐκείνου
3243 4998 3443 5069 μᾶλλον
3480 4994 3618 5051 εἶναι

2035 5086 2234 5158 δοκεῖν,
2266 5091 2297 5163 ἢ
2327 5091 2417 5144 τοῦ
2460 5092 2615 5160 ἁγίου
2672 5092 3108 5160 φροντιστηρίου.

2107 5183 2212 5236 λα.
2298 5183 2505 5252 Ἰὀπρἰν
2547 5183 2645 5250 μὲν
2707 5185 2814 5250 γὰρ
2855 5183 2888 5252 ἡ
2927 5181 3042 5250 βίου
3110 5182 3340 5252 ζήτησις
3388 5179 3616 5250 ἡτισοῦν

2036 5274 2252 5344 ἀπῆγεν
2290 5274 2488 5336 αὐτοὺς
2512 5275 2609 5342 τῆς
2633 5275 2858 5344 ἀγορᾶς,
2891 5273 2923 5343 ἢ
2947 5272 3181 5343 ἐντροπὴ
3228 5273 3612 5342 προφάνσεως.

2040 5364 2270 5416 Ὤκνουν
2304 5364 2413 5434 γὰρ
2437 5364 2538 5436 τὴν
2562 5366 2619 5417 ἐν
2661 5367 2771 5427 τοῖς
2805 5363 3020 5425 πολλοῖς
3089 5361 3246 5415 θέαν·
3309 5363 3356 5413 ci
3396 5363 3614 5422 πλείους

2043 5455 2142 5525 μὲν
2179 5455 2265 5507 διὰ
2310 5455 2369 5506 τὸ
2401 5455 2499 5523 τῆς
2531 5453 2673 5506 κατά
2707 5454 2911 5524 κόσμον
2936 5451 3198 5522 ἀναϐολῆς
3233 5452 3334 5504 οὑκ
3363 5450 3616 5518 ἀξιοθέα-

2036 5563 2150 5612 τον,
2188 5545 2373 5599 πολλοὶ
2406 5546 2461 5598 δὲ
2495 5545 2590 5599 καὶ
2611 5547 2698 5598 διά
2727 5544 3069 5620 κακουργίαν
3123 5543 3512 5614 αἰσχύνουσαν,
3543 5534 3619 5598 ὧν

2035 5637 2098 5707 δή
2126 5654 2275 5700 τινας
2305 5637 2396 5689 καὶ
2429 5636 2706 5708 κάθειρξις
2767 5636 3083 5706 ἐπέκρυπτε
3142 5633 3615 5703 κακουργοῦντας,

2037 5731 2128 5783 καὶ
2158 5729 2299 5783 ούτω
2331 5729 2702 5800 λαγχάνοντας
2733 5730 2792 5782 τδ
2839 5728 2982 5783 οὑτω
3015 5728 3356 5799 κρύπτεσθαι
3381 5728 3442 5780 οὑ
3489 5724 3608 5778 καθ’
