3968 6244
239 358 348 421 409

1225 355 1526 438 CONTRA
1569 352 1746 416 INJU
1762 347 2064 411 lilARUM
2111 353 2158 410 Μ
2173 350 2554 414 ΕΜΟΒΙΑΜ.

3383 355 3489 419 410

239 471 496 539 ἔχουσαν.
522 465 634 521 Καὶ
681 465 840 519 τοῦτο
871 465 931 518 οὗ
963 467 1097 536 πρδς
1137 466 1427 534 φιλαυτίαν
1463 465 1536 533 (τί
1581 463 1688 534 γάρ
1721 479 1811 533 μοι

1934 475 2009 514 'IIS
2040 475 2183 514 sum.
2216 459 2279 514 Et
2313 463 2413 516 hoc
2473 479 2577 517 non
2613 478 2798 516 amore
2832 463 2934 518 mei
2985 463 3136 535 (quid
3167 465 3311 520 enim
3357 470 3492 522 titihi

245 561 410 630 μέλον
449 559 848 628 σκιαγραφίας,
877 559 925 610 εί
955 555 1206 627 ψεύδοιτο
1252 558 1349 626 μὲν
1387 557 1446 610 τδ
1478 558 1816 626 στερέμνιον,

244 651 511 720 βλάπτειν
566 650 620 702 δὲ
672 650 822 718 λέγει
873 647 1025 701 οὐδέν
1047 647 1108 718 ς),
1145 649 1261 702 ἀλλ’
1295 649 1382 702 ἴνα
1441 647 1516 719 μὴ
1550 647 1822 718 παραϐλέ-

246 757 443 802 ποντες
476 741 523 790 οί
549 739 614 792 τὰ
641 741 892 809 ἡμέτερα
925 739 1364 810 ζωγραφοῦντες,
1392 741 1486 793 κα)⁸
1518 743 1596 804 εἰς
1626 741 1822 811 λοιπὴν

244 833 505 901 ἀτεχνίαν
557 833 917 884 ἑκπίπτοιενι
955 833 1091 902 ὅπερ
1135 833 1462 897 είσμάλιστα
1495 833 1677 886 δάκνει
1729 850 1818 902 με,

245 923 302 974 εἴ
339 940 446 992 περ
476 923 650 983 ἄλλως
684 923 1118 992 πεπαιδευμένοι
1150 923 1217 975 τὰ
1257 923 1336 985 είς
1383 924 1482 993 τὴν
1521 923 1818 993 γραφικὴν,

250 1012 347 1063 καὶ
376 1013 575 1080 τρανὲς
613 1012 668 1064 δὲ
701 1013 775 1073 ὡς
816 1013 1076 1064 ἑκάστοτε
1111 1011 1398 1081 βλέποντες
1439 1012 1499 1065 οὐ
1542 1011 1818 1082 βλέπουσι,

246 1106 341 1156 καὶ
366 1105 594 1156 τοιαῦτα
628 1105 765 1174 πρὶς
800 1105 1113 1175 ἀκρίϐειαν,
1144 1106 1237 1158 καὶ
1269 1103 1513 1167 νοοῦντες
1542 1105 1817 1159 ἐκϐαίνουε

248 1213 334 1246 σιν
365 1198 446 1258 εἰς
485 1196 796 1251 ἀλλόκοτον.

319 1293 388 1354 γ’.
443 1286 755 1357 Ἐξενίκησε
807 1288 864 1342 δέ
918 1303 1006 1358 με,
1041 1291 1135 1342 καὶ
1189 1291 1268 1353 είς
1322 1289 1439 1344 τόδε
1483 1291 1820 1360 ἀντιγραφῆς

247 1381 616 1448 παρήγαγεν,
673 1381 756 1433 ὅτι
817 1381 1088 1450 μὴμόνον
1135 1385 1194 1434 ὲν
1244 1383 1370 1450 τῇδε
1419 1388 1482 1452 τῇ
1521 1385 1670 1436 πόλει
1722 1385 1820 1455 τὴν

247 1473 436 1523 εἰκόνα
472 1473 652 1542 ἡμῶν,
706 1473 767 1525 τὸ
813 1474 1100 1526 Δαυῖτικδν
1141 1474 1336 1540 εἰπεῖν,
1385 1476 1747 1541 ὲξουδένωσαν
1773 1478 1822 1530 οἱ

245 1560 358 1611 εἴτε
389 1563 714 1630 γράφοντες.
755 1563 866 1615 εἴτε
902 1563 1302 1633 διαγράφοντες
1342 1567 1510 1636 ἡμᾶς,
1559 1567 1695 1620 ἀλλὰ
1725 1567 1821 1638 τὴν

248 1651 702 1719 φαυλεπίφαυλον
742 1654 922 1706 αὐτῶν
964 1653 1172 1717 εἰκόνα,
1234 1658 1358 1709 καθ’
1407 1658 1474 1728 ἣν
1527 1659 1672 1728 ἡμᾶς
1721 1659 1822 1709 οὐκ

246 1743 657 1811 ἀνεστήὶωσαν,
683 1744 845 1810 λέγω,
889 1743 1002 1796 ἀλλ’
1037 1744 1450 1812 ὲστηὶίτευσαν,
1484 1747 1587 1811 ἕως
1619 1750 1709 1801 καὶ
1743 1752 1822 1812 εἰς

248 1834 350 1902 τὴν
377 1836 642 1906 μεγίστην
676 1834 786 1887 τῶν
822 1835 1032 1887 πόλεων
1080 1838 1442 1905 περιήγαγον.
1484 1838 1639 1892 Ἐστι
1679 1839 1734 1893 δὲ
1768 1841 1824 1893 τὸ

247 1925 458 1977 τούτων
486 1925 773 1992 δείκηλονο
826 1945 845 1977 ι
885 1927 1242 1996 Μνησίκακος
1285 1929 1441 1996 ἀνὴρ,
1484 1930 1827 2000 ἐπιγεγραμ-

253 2018 415 2084 μένος
449 2021 528 2080 είς
559 2020 822 2089 ἀρχιερέα
867 2019 1275 2090 Θεσσαλονίκης
1303 2021 1392 2074 τὸν
1442 2023 1585 2092 ἄρτι.
1628 2043 1646 2073 ι
1687 2024 1827 2092 Πρὸς

252 2108 279 2160 δ
313 2110 378 2175 δὴ
414 2109 612 2178 βρέτας
643 2111 930 2180 (παικτέον
961 2111 1067 2182 γάρ
1096 2129 1146 2164 τι
1174 2112 1314 2165 κατὰ
1340 2113 1436 2182 τῆς
1465 2114 1671 2183 φαύλης
1700 2114 1827 2183 τέχ-

251 2199 373 2268 νης)
427 2201 496 2254 τὰ
529 2202 720 2270 πρῶτα
755 2202 854 2272 μὲν
887 2203 1211 2270 ὲντρανίσας
1243 2203 1476 2270 ἐγέλασα
1499 2222 1511 2235 ·
1553 2199 1672 2257 εἶτα
1704 2222 1828 2257 συν-

253 2290 480 2357 αγαγὼν
534 2292 768 2361 ἐμαυτὸν
804 2294 882 2356 είς
913 2291 1062 2358 νοῦν,
1113 2292 1210 2345 καὶ
1256 2293 1564 2364 ἐθαύμασα,
1602 2295 1750 2356 ὅπως
1800 2297 1828 2347 ό

253 2382 556 2445 παναίολος
583 2383 777 2452 χρόνος
821 2383 1062 2452 παράγει
1105 2382 1206 2452 μὲν
1258 2385 1353 2436 καὶ
1389 2385 1455 2436 τὰ
1507 2385 1826 2454 καινοφανῆ,

251 2477 417 2542 γεννᾷ
445 2475 502 2526 δὲ
535 2476 685 2544 ὅμως
715 2476 814 2528 οὐκ
847 2475 1003 2544 ὀλίγα
1036 2475 1110 2538 ὡς
1141 2472 1251 2528 οἷον
1282 2476 1339 2527 ὲν
1383 2477 1700 2546 ἀνακάμψει
1733 2478 1828 2531 καὶ

251 2566 392 2635 πρὸς
427 2568 668 2631 παλαιάς
707 2570 1057 2640 ὁμοιότητας,
1101 2571 1196 2623 καὶ
1225 2569 1405 2623 αὐτῶν
1443 2571 1541 2633 τάς
1579 2571 1679 2641 μὲν
1710 2570 1828 2634 οἵας

252 2659 623 2724 ἐπαινεῖσθαι,
657 2660 752 2721 τὰς
792 2660 849 2712 δὲ
879 2660 1048 2730 λήθης
1086 2662 1323 2732 ἐσχάτης
1354 2663 1527 2728 ἀξίας.
1561 2663 1668 2714 Καὶ
1709 2661 1828 2732 ἅμα

254 2746 638 2818 ὲν;νοησάμην
664 2749 762 2811 τὰς
793 2748 902 2801 τῶν
945 2749 1449 2804 ἀποκαταστάσεων
1493 2750 1829 2822 θρυλλουμέ-

255 2853 352 2900 νας
397 2839 918 2902 πεντακοσιοστύας,
961 2835 1036 2894 ὧν
1063 2841 1224 2912 ἔργον
1265 2843 1458 2910 φασὶν,
1503 2841 1624 2894 ἐπεὶ
1653 2857 1832 2912 παρα-

256 2927 538 2998 δράμοιεν,
581 2932 971 3001 ὲπανατρέχειν
1027 2935 1105 2995 εἰς
1163 2932 1231 2985 τὰ
1279 2932 1561 2999 φθάσαντα
1616 2931 1692 2992 ὡς
1740 2925 1830 2985 οἶα

258 3021 354 3072 καὶ
386 3021 849 3098 παραδείγματα,
884 3025 980 3077 καὶ
1009 3026 1186 3077 ποιεῖν
1231 3019 1388 3085 αὖθις
1421 3023 1601 3090 ἀγαθά
1636 3039 1694 3076 τε
1735 3023 1831 3076 καὶ

259 3113 406 3165 κακὰ
455 3115 660 3177 ἐκεῖνα,
695 3103 862 3178 Δὅσοις
908 3117 935 3166 ό
968 3112 1252 3184 προλαὸὼν
1295 3115 1404 3168 τῶν
1451 3115 1827 3170 πεντακοσίων

259 3203 394 3258 ιτῶν
427 3204 703 3273 meum;
732 3206 1056 3278 ἐνδιέτριψε.

326 3466 387 3522 δ’.
432 3469 644 3540 Χρόνος
668 3463 761 3525 οὖν
790 3469 958 3524 πάλαι
992 3471 1122 3524 ποτὲ
1154 3471 1330 3543 διέϐη,
1358 3470 1486 3526 καθ’
1517 3471 1576 3526 ὃν
1605 3471 1739 3527 ἄλλα
1768 3487 1828 3526 τε

262 3569 378 3608 τινα
415 3557 640 3625 φαύλως
687 3557 1095 3630 ὲθεωρήθησαν.
1141 3561 1234 3613 καὶ
1275 3561 1336 3613 τὸ
1389 3560 1612 3615 σύννουν
1645 3561 1702 3613 δὲ
1736 3561 1830 3614 καὶ

265 3647 597 3712 φυλακτικὸν
631 3649 853 3713 ἑαυτοῦ,
889 3652 985 3702 καὶ
1012 3649 1086 3721 μὴ
1117 3651 1318 3722 ῥᾳδίως
1343 3653 1456 3714 τοῖς
1488 3651 1828 3722 βλάπτεσθαι

264 3741 541 3794 ἐθέλουσιν
560 3740 876 3811 ἀναχρωννύ
886 3758 1063 3810 μενον,
1091 3745 1172 3804 είς
1195 3742 1295 3795 οὐκ
1325 3743 1527 3810 ἀγαθὸν
1552 3744 1827 3814 ἐνεγράφη

264 3833 372 3894 τοῖς
407 3848 472 3899 γε
505 3832 948 3902 παραθεωροῦσι.
973 3835 1084 3887 Καὶ
1107 3835 1170 3904 δὴ
1199 3834 1296 3888 καὶ
1330 3835 1424 3887 νῦν
1457 3835 1650 3905 χρόνος
1676 3830 1828 3900 οὗτος

267 3923 518 3992 ἐξεφάνη.
548 3927 777 3994 γράφων
815 3927 895 3987 εις
920 3927 1250 3995 χαρακτῆρα
1298 3925 1482 3996 ὅμοιον
1532 3926 1628 3978 καὶ
1661 3926 1827 3995 ἡμᾶς,

265 4013 342 4065 ὅτι
375 4016 716 4085 προσέχομεν
758 4017 888 4086 ημῖν
933 4019 1122 4080 αὐτοῖς
1172 4019 1266 4070 καὶ
1324 4018 1699 4088 σκεπτόμεθα,
1754 4021 1829 4090 μὴ

268 4106 610 4176 βαλλώμεθα,
650 4111 741 4160 καὶ
777 4109 1162 4179 φυλαττόμεθα
1199 4111 1267 4164 τὰ
1301 4111 1398 4182 τῆς
1439 4111 1688 4182 διασολῆς
1721 4113 1829 4182 ἀμ-

268 4197 594 4268 φίῦληστρα,
643 4203 738 4252 καὶ
793 4199 1239 4270 ἁνακαθαὶρομεν
1269 4241 1284 4269 ,
1345 4202 1716 4266 εὑθετίζοντες
1761 4202 1832 4256 τὰ

269 4291 462 4357 πτερὰ,
494 4290 707 4352 εἴποις,
739 4285 812 4344 ὧν
847 4292 1253 4362 πεπειράμεθα,
1301 4293 1544 4362 παγίδων
1587 4295 1831 4365 ύπερπευ

269 4383 485 4451 τόμειοι
523 4384 858 4452 σωζοίμεθα.

347 4479 401 4524 ε’.
451 4474 586 4544 Φέρε
629 4473 718 4543 δὴ,
768 4475 1037 4545 χρώματα.
1083 4474 1275 4546 τρίψας
1318 4474 1385 4528 δι’
1423 4469 1497 4529 ὧν
1534 4476 1716 4568 ἔχοιμι
1767 4476 1832 4530 ἂν
1866 4514 1908 4568 D

270 4565 505 4632 ἐμαυτὸν
540 4566 888 4634 μεταγράψαι
924 4569 1005 4628 εἰς
1039 4568 1176 4637 ὅπερ
1208 4569 1326 4636 εἰμὶ
1371 4568 1452 4638 (οὐ
1501 4569 1608 4637 γὰρ
1638 4567 1833 4622 λανθάο

269 4671 435 4723 νομαι
472 4657 764 4726 κατόπτρῳ
798 4657 1136 4726 κεχρημένος
1185 4658 1245 4710 ὲν
1289 4653 1334 4726 ᾧ
1380 4657 1668 4728 χαρακτὴρ
1703 4658 1834 4728 ἐμὸς

272 4751 616 4816 ἐμφαίνεται,
663 4749 718 4800 6;
766 4751 798 4818 η
851 4749 997 4819 ψυχὴ
1043 4751 1288 4802 ἑκάστων
1331 4751 1620 4818 γράφουσα
1662 4751 1720 4803 ἐν
1757 4750 1836 4820 τῷ

277 4843 500 4911 βάπτειν
548 4845 629 4905 είς
679 4843 988 4911 συνείδηςιν
1036 4844 1288 4914 προῖσιᾷ,
1333 4842 1470 4894 ὥστε
1517 4843 1611 4896 καὶ
1657 4842 1836 4906 ἄλλοις

273 4935 586 5001 βλέπεσθαι,
619 4936 714 4987 καὶ
747 4935 1120 5004 διακρίνεσθαι
1153 4933 1222 4986 τὰ
1250 4933 1371 4986 κατ’
1393 4930 1547 5003 ἦθος,
1576 4933 1670 4986 καὶ
1692 4932 1837 4987 οὕτω

270 5026 672 5092 περιποιεῖσθαι
707 5027 806 5094 μὲν
847 5043 916 5076 τα
943 5025 1117 5094 ὀρθῶς
1155 5025 1372 5094 ἔχοντα,
1401 5023 1750 5094 διορθοῦσθαι
1778 5025 1836 5076 δὲ

269 5119 344 5168 τὰ
365 5117 435 5178 ὡς
466 5118 664 5188 ἑτέρως
699 5118 1081 5183 ἐκπίπτοντα),
1127 5116 1574 5186 διακριὸώσομαι
1619 5117 1676 5168 τὸ
1703 5115 1837 5184 ἐμὸν

271 5213 427 5278 παρὰ
458 5213 568 5268 τοῖς
620 5210 852 5263 ἐνταῦθα
903 5211 1213 5278 εἰκόνισμα,
1246 5212 1313 5263 τὰ
1355 5209 1454 5278 μὲν
1505 5209 1638 5262 ἀλλα
1692 5209 1836 5260 πάνυ

269 5299 732 5368 ἁπηκριόωμένον
794 5303 935 5352 κατὰ
988 5303 1115 5362 τοὺς
1185 5301 1284 5369 ἐμὲ
1351 5299 1490 5368 πρὸς
1561 5299 1837 5367 ἁμαρτίαν

272 5391 582 5458 γράφοντας
611 5393 814 5460 (φαίνω
838 5393 945 5462 γὰρ
982 5393 1090 5445 ἰδοὺ
1119 5393 1355 5461 ἐμαυτὸν
1392 5391 1567 5452 ἄλλως
1605 5389 1702 5459 μὲν
1731 5391 1838 5440 ὁτι-

273 5482 427 5549 μάλα
454 5484 904 5555 διεστραμμένον,
947 5487 1040 5538 καὶ
1087 5485 1278 5554 ἀγαΟῲ
1330 5484 1521 5552 μηδενὶ
1567 5481 1838 5549 alapa-.6-

277 5593 443 5644 μενον
507 5581 584 5640 εἰς
653 5579 1072 5648 εὐπρόσωπον)·
1136 5579 1195 5630 τὸ
1262 5578 1444 5646 μέντοι
1505 5576 1838 5644 μνησίκακον

271 5671 344 5725 ἐς
374 5683 426 5716 ti
455 5671 553 5721 πᾶν
581 5671 888 5738 διαγράφω,
929 5673 1023 5722 καὶ
1055 5671 1324 5738 ἐξαλείφω
1377 5673 1472 5738 τῆξ
1507 5669 1740 5731 εἰκόνος»
1772 5667 1837 5736 ἢν

271 5759 580 5830 ἀνέστησάν
616 5780 706 5831 μοι
731 5763 796 5815 τὰ
839 5765 973 5814 καλὲ
1001 5763 1160 5816 τέκνα
1210 5761 1367 5830 τῆσδε
1408 5762 1505 5830 τῆς
1539 5758 1763 5820 πόλεως.

1923 567 2067 606 cura:
2100 549 2240 606 foret
2275 555 2510 621 pictura,
2544 555 2586 608 si
2637 556 2958 609 mentiretur
2985 557 3200 624 quidem
3233 560 3490 626 solidum,

1923 643 2062 697 nihil
2116 652 2294 697 autem
2331 646 2504 698 nocivi
2557 648 2934 717 indicaret?),
2998 650 3092 702 sed
3155 665 3222 704 ne
3260 654 3350 719 qui
3396 669 3493 705 no-

1922 742 2035 788 stra
2071 735 2329 803 pingunt,
2365 750 2459 805 per
2487 736 2755 806 ignaviam
2793 738 2975 793 denuo
3010 740 3061 792 in
3095 740 3233 794 artis
3277 742 3494 812 imperi-

1923 827 2324 882 tiamdeeidant
2359 842 2374 881 :
2421 831 2560 897 quod
2598 829 2646 882 in
2685 831 2878 899 primis
2913 848 2997 885 me
3045 847 3236 900 vexat;
3280 835 3327 889 si
3374 837 3495 904 qui-

1924 919 2042 970 dem
2079 934 2163 972 res
2197 922 2484 989 graphicus
2515 922 2648 977 satis
2685 924 2823 977 docti
2857 923 3106 994 clareque
3135 925 3246 981 fere
3277 943 3493 994 semper

1925 1003 2203 1069 videntes,
2247 1023 2393 1060 nunc
2443 1009 2659 1076 quidem
2714 1014 3010 1068 caecutiunt
3061 1023 3114 1070 et
3158 1031 3268 1086 prae
3323 1019 3486 1074 nimia

1923 1096 2135 1149 cautela
2162 1096 2501 1153 descendunt
2540 1102 2588 1154 in
2618 1103 2932 1159 absurdum.

1996 1274 2047 1327 5.
2073 1275 2275 1332 Dcvicit
2305 1289 2480 1332 autem
2514 1295 2598 1336 me
2624 1297 2850 1352 prorsus
2871 1294 2923 1338 et
2953 1285 3004 1340 in
3033 1287 3168 1341 hanc
3193 1293 3488 1348 accusatio-

1925 1381 2045 1418 nem
2086 1370 2318 1436 induxit,
2350 1372 2490 1441 quod
2523 1391 2624 1428 non
2663 1377 2833 1430 solum
2864 1379 2916 1431 in
2955 1379 3056 1433 hac
3094 1384 3224 1435 urbe
3249 1396 3490 1441 nostrain

1927 1457 2238 1526 imaginem,
2267 1462 2420 1530 juxta
2451 1464 2762 1520 Davidicum
2801 1467 3028 1533 dictum,
3051 1471 3116 1523 ad
3146 1473 3371 1527 nihilum
3410 1491 3492 1529 re-

1925 1547 2185 1616 degerunt
2232 1551 2323 1618 qui
2379 1567 2476 1608 nos
2525 1555 2640 1608 sive
2691 1559 2934 1626 pingunt,
2976 1561 3090 1615 sive
3150 1565 3487 1627 describunt,

1940 1639 2035 1691 sed
2067 1640 2380 1696 vilissimum
2419 1645 2659 1712 ipsorum
2707 1648 3014 1718 imaginem,
3063 1669 3157 1720 per
3184 1671 3346 1724 quant
3391 1673 3492 1712 nos

1928 1730 2066 1783 haud
2091 1733 2142 1785 in
2171 1734 2383 1802 cippum
2408 1737 2775 1804 elevaverunt,
2802 1741 2943 1807 dico,
2969 1743 3063 1798 sed
3099 1745 3148 1797 in
3173 1746 3330 1816 cippo
3354 1748 3493 1803 male

1857 1806 1896 1862 Β
1930 1831 2277 1888 notaverunt,
2319 1837 2596 1895 postremo
2622 1831 2673 1882 in
2704 1832 2918 1884 urbium
2951 1836 3239 1888 maximam
3265 1837 3499 1893 circum-

1927 1913 2216 1970 duxerunt.
2256 1917 2350 1974 Est
2397 1931 2574 1975 autem
2625 1921 2837 1977 illorum
2871 1927 3084 1997 imago:
3126 1947 3144 1980 ι
3181 1928 3387 1986 Memor
3415 1915 3500 1986 in-

1927 2006 2192 2072 jttriarum
2231 2011 2331 2076 vir,
2379 2024 2666 2080 provectus
2712 2015 2766 2068 iii
2843 2029 3162 2085 pra~setttem
3209 2021 3498 2079 Thessalo-

1933 2097 2066 2149 nica:
2093 2099 2581 2171 ar('l|lcplS(‘.l'plttll.
2624 2120 2642 2154 ι
2677 2104 2754 2158 Ad
2787 2107 2926 2174 quod
2977 2107 3333 2164 simulacrum
3377 2113 3498 2181 (ali-

1931 2189 2170 2256 qttaliter
2197 2193 2337 2245 enim
2370 2195 2475 2245 ludi
2499 2196 2658 2247 ndunt
2686 2207 2766 2249 est
2787 2199 3041 2253 ath-rsus
3067 2201 3256 2256 malam
3281 2207 3496 2275 artem),

1931 2281 2106 2350 primo
2136 2283 2377 2351 quidem,
2421 2287 2590 2338 oculis
2632 2286 2682 2338 iu
2723 2287 2772 2339 id
2808 2290 3088 2358 e0ujeetis,
3137 2294 3263 2358 risi;
3303 2295 3499 2350 deinde

1933 2373 2245 2442 recolligens
2272 2384 2527 2442 mentem,
2569 2378 2723 2432 valde
2746 2380 2906 2432 etiam
2945 2383 3170 2436 miratus
3206 2399 3322 2438 sum
3376 2402 3496 2455 pto-

1935 2464 2094 2518 modo
2135 2476 2436 2532 temporum
2490 2473 2720 2524 varietas
2766 2487 2898 2525 nova
2928 2477 3174 2543 qumalatn
3222 2479 3287 2529 ad
3319 2477 3490 2532 lucem

1931 2555 2218 2621 producat,
2263 2571 2366 2610 non
2400 2573 2564 2624 pauca
2605 2569 2780 2614 tamen
2840 2573 3063 2632 generet
3117 2577 3374 2635 tanquam
3440 2571 3490 2623 in

1936 2649 2293 2702 renovatione
2335 2653 2742 2720 secundumque
2814 2664 3024 2710 veteres
3091 2658 3496 2722 similitudines.

1931 2752 2158 2806 quarum
2191 2740 2309 2794 alias
2344 2740 2558 2807 quidem
2597 2744 2755 2796 laude
2791 2746 2964 2812 dignae
3017 2759 3164 2813 sunt,
3203 2750 3324 2804 alite
3369 2767 3498 2808 vero

1944 2830 2183 2882 omnium
2210 2831 2501 2885 oblivione.
2528 2833 2590 2886 Et
2616 2816 2774 2887 simul
2801 2835 2849 2887 iti
2879 2844 3111 2892 mentem
3139 2841 3384 2894 revocavi
3413 2857 3500 2895 ce-

1943 2920 2262 2977 leberrimos
2303 2924 2708 2980 reSIitutionum
2761 2929 3084 2998 quingentos
3132 2945 3327 2999 annos,
3367 2948 3502 3002 quo-

1935 3027 2050 3065 rum
2095 3014 2326 3068 elﬁcittm
2365 3024 2472 3082 est,
2513 3019 2682 3082 aiunt,
2733 3032 2856 3072 cum
2905 3021 3230 3077 transierunt
3259 3063 3275 3088 ,
3323 3027 3386 3078 ad
3435 3042 3499 3080 ea

1931 3117 2052 3171 qua:
2096 3119 2495 3174 praecesserunt
2541 3122 2818 3163 recurrere
2860 3120 3110 3180 tanquam
3151 3116 3500 3184 exemplaria,

1949 3163 1963 3171 '
2098 3163 2113 3174 ν
2971 3163 2983 3180 ι
3158 3163 3500 3184 '"""r“""'v

1855 3163 1899 3222 ο
1936 3195 2219 3265 dettquue
2266 3202 2563 3267 producere
2616 3202 2756 3256 bona
2807 3202 2890 3256 vel
2953 3204 3086 3258 mala
3137 3206 3250 3270 illa,
3301 3209 3500 3277 quibus

1935 3289 2176 3358 elapsum
2228 3294 2644 3362 quingentorum
2697 3309 2962 3349 annorum
3018 3299 3252 3366 spatium
3308 3302 3502 3354 immo-

1936 3390 2112 3436 tatum
2167 3391 2269 3437 est.

2006 3473 2060 3528 4.
2105 3471 2340 3542 Tempus
2385 3475 2550 3543 igitur
2602 3475 2730 3531 olim
2777 3476 3068 3545 aliquando
3098 3479 3334 3547 transiit,
3371 3495 3501 3551 quo,

1936 3579 2060 3619 cum
2087 3565 2264 3634 aliqua
2295 3573 2488 3620 ca'tera
2523 3603 2540 3628 ,
2574 3576 2682 3620 tum
2740 3567 3025 3635 prudentia
3059 3567 3255 3636 suique
3285 3585 3506 3625 conser-

1939 3657 2082 3711 vatio
2110 3671 2275 3728 prave
2305 3659 2646 3712 considerata
2696 3672 2847 3722 sunt,
2898 3671 2952 3712 et
2987 3676 3091 3713 non
3133 3660 3309 3716 facilis
3343 3678 3372 3715 a
3405 3679 3503 3717 no-

1936 3763 2062 3802 cere
2111 3748 2415 3802 volentibus
2463 3748 2883 3804 decolorationis
2927 3751 3144 3817 opilicio
3190 3752 3241 3805 itt
3277 3757 3506 3808 nonbo~

1936 3854 2067 3894 num
2099 3838 2286 3893 saltent
2317 3854 2348 3892 a
2376 3839 2515 3892 male
2541 3840 2916 3906 judicantihus
2947 3841 3270 3907 imputatum
3299 3853 3404 3914 est.
3443 3844 3504 3897 Et

1939 3929 2182 3999 profecto
2215 3944 2357 3982 nunc
2400 3929 2539 3982 istud
2577 3939 2788 3996 tempus
2821 3930 3039 3990 reluxit,
3092 3929 3257 3982 simili
3306 3935 3503 3986 chara-

1937 4031 2087 4074 ctere
2135 4034 2232 4073 nos
2278 4017 2440 4072 etiam
2471 4020 2717 4088 pingens,
2755 4032 2820 4072 eo
2848 4021 2990 4086 quod
3029 4020 3374 4085 providemus
3411 4039 3506 4078 no.

1940 4111 2022 4164 bis
2051 4120 2102 4165 et
2149 4125 2216 4164 ne
2253 4110 2566 4179 dejiciamur
2612 4123 2891 4173 cavemus,
2943 4118 2995 4162 et
3048 4111 3331 4163 calumniae
3365 4124 3499 4168 rt‘lea

1941 4200 2215 4269 fugimus,
2270 4209 2326 4252 et
2383 4199 2498 4253 alas
2553 4209 2799 4266 aptantes
2837 4214 3207 4268 repurgatntts,
3262 4201 3306 4253 si
3365 4207 3504 4257 l'orte

1940 4307 2110 4360 super
2171 4292 2326 4352 retia,
2366 4292 2562 4359 quibus
2611 4290 2798 4346 tentati
2831 4305 3045 4354 sumus,
3098 4291 3361 4358 volantes,
3394 4297 3503 4348 sal-

1948 4383 2106 4437 vandi
2138 4383 2329 4436 simus.

2010 4473 2062 4526 5.
2103 4473 2215 4540 Age
2239 4486 2395 4540 porro
2417 4512 2432 4537 ,
2465 4471 2614 4526 tritis
2635 4471 2926 4536 coloribus,
2957 4472 3156 4541 quibus
3185 4490 3268 4528 nte
3299 4477 3501 4544 possim

1941 4566 2100 4619 talem
2171 4564 2346 4632 qualis
2403 4579 2522 4617 sum
2569 4565 2788 4632 pingere
2837 4565 2981 4634 (non
3021 4567 3166 4618 enim
3211 4567 3505 4620 obliviscor

1941 4658 2016 4709 uti
2047 4657 2284 4724 speculo,
2325 4660 2471 4708 unde
2504 4671 2617 4706 mea
2650 4657 2820 4708 forma
2865 4655 3086 4716 relucet,
3133 4658 3274 4722 quod
3321 4658 3500 4710 annua

1937 4749 2200 4817 cujusque
2257 4747 2484 4814 pingens
2556 4745 2848 4798 colorantlo
2912 4747 3325 4814 conscientiam,
3377 4759 3503 4802 ante

1936 4857 1995 4896 se
2021 4841 2171 4910 ponit
2191 4850 2246 4892 ut
2267 4856 2294 4890 a
2319 4839 2526 4891 cameris
2547 4849 2826 4901 cernatur,
2854 4839 3015 4904 inque
3035 4838 3326 4891 moralith
3353 4839 3492 4899 ditu-

1937 4935 2169 4998 dicetttr,
2191 4943 2245 4985 et
2270 4933 2347 4986 sic
2374 4933 2704 4986 retineantur
2729 4945 2790 4984 ea
2813 4932 3026 4998 quidem
3051 4947 3165 4998 qua:
3187 4942 3328 4985 recta
3354 4941 3502 4994 sunt,

1939 5023 2281 5090 corrigantur
2328 5033 2544 5073 errores
2595 5021 2875 5072 commisisi
2904 5021 2956 5086 );
3011 5021 3284 5088 perlieiatn
3327 5038 3497 5074 meam

1937 5128 2117 5165 coram
2163 5113 2249 5165 hic
2298 5111 2652 5177 praesentibus
2691 5110 3014 5177 imaginem;
3049 5115 3111 5162 de
3152 5125 3344 5165 caetero
3375 5114 3498 5179 qui-

1938 5209 2058 5260 dem
2093 5221 2317 5274 prorsus
2347 5215 2654 5258 accuratatn
2689 5204 2981 5256 scentulum
3015 5219 3054 5256 es
3083 5220 3108 5257 s
3138 5205 3230 5273 qui
3266 5221 3348 5256 tne
3381 5219 3501 5274 prc-

1937 5297 2272 5350 caminosum
2323 5296 2735 5363 piogunt.(ecce
2767 5309 2910 5348 enim
2961 5295 3244 5362 tuetipsum
3289 5296 3501 5350 aliunde

1938 5388 2152 5456 quidem
2187 5387 2570 5449 deformatum,
2600 5399 2652 5438 et
2673 5387 2737 5438 ad
2769 5386 3048 5454 pulchram
3095 5387 3323 5439 formam
3356 5387 3502 5440 nullo

1941 5483 2082 5534 bono
2121 5478 2441 5530 relucentem
2468 5478 2742 5545 ostendo);
2771 5479 2909 5530 hanc
2934 5488 3110 5530 autem
3145 5478 3271 5531 tnali
3301 5489 3505 5530 memo-

1928 5551 2073 5627 |riam
2098 5571 2318 5624 omnino
2346 5569 2494 5622 deleo
2517 5579 2569 5622 et
2601 5567 2790 5621 atthero
2819 5571 2883 5620 ab
2915 5571 3015 5620 hac
3047 5571 3300 5636 imagine,
3331 5581 3491 5634 quam

1941 5663 2068 5718 mihi
2098 5663 2263 5732 hujus
2295 5659 2440 5714 urbis
2472 5659 2591 5714 boni
2619 5662 2766 5712 cives
2789 5670 3096 5711 erexi-rant.
