3968 6244
204 349 302 415 ll'l

1193 355 1494 416 CONTRA
1537 356 2029 420 lNJURlARUM
2066 357 2498 422 MEMORIAM.

3358 361 3462 425 418

205 466 518 539 βούλεσθαι,
566 467 661 522 καὶ
710 467 897 522 πέττει
944 467 1037 524 τὸν
1071 469 1249 541 χόλον·
1283 474 1378 525 καὶ
1421 471 1491 525 τά
1551 473 1777 542 κύματα

1894 473 2087 527 ierium
2137 474 2188 526 in
2245 475 2521 529 voluntate
2574 474 2782 542 reponit
2858 475 3125 544 bilemque
3175 476 3357 544 coquit
3409 485 3466 532 ct

203 561 503 628 θραύουσα,
531 562 630 613 οὐκ
655 560 938 630 ὲξαφρίζει
973 563 1051 626 τίς
1083 564 1254 632 θυμδν
1287 565 1522 632 ἀκρατῆ.
1551 566 1661 618 Καὶ
1687 564 1781 616 οὔ·

203 671 309 717 τως
335 654 398 718 ἐξ
420 655 690 720 ἀναλόγου
712 655 1046 725 δευτερεύει,
1083 657 1334 726 καθάπερ
1365 658 1780 730 εὐεργετοῦντος

203 746 397 818 ἀνδρὸς
427 747 549 799 κατ’
589 747 873 816 ἐνέργειαν
906 751 932 802 ὁ
957 749 1249 819 ἱστάμενος
1283 753 1340 802 ὲν
1378 752 1525 822 μόνῳ
1552 752 1631 823 τῷ
1660 752 1781 804 ὲ.θέ-

202 841 316 892 ).ε.ν
367 841 677 910 εὐεργετεῖν
721 840 864 893 οὕτω
910 842 1005 894 καὶ
1057 843 1152 896 τοῦ
1215 845 1555 912 μνησικάκου
1625 845 1779 915 ἐνερ-

201 932 428 1000 γοῦντος
452 933 549 1004 τὴν
575 935 819 987 κάκωσιν
842 937 869 986 ὀ
892 935 1091 988 ἐθέλων
1119 935 1240 1005 μὲν,
1269 937 1481 1008 ἐπέχων
1507 938 1562 990 δὲ
1585 938 1778 993 εἰσέτι.

205 1024 406 1086 Aonia;
429 1025 484 1078 δὲ
518 1027 612 1077 καὶ
644 1025 827 1095 τρίτος
852 1027 1151 1092 κάνταῦθα,
1177 1027 1368 1099 ὥσπερ
1402 1033 1460 1082 ὲν
1488 1032 1601 1094 τοῖς
1636 1032 1779 1084 κατά

205 1116 527 1186 εὐεργεσίαν
547 1119 576 1170 6
616 1117 912 1190 ὲπίρῤητος
936 1121 1031 1173 καὶ
1075 1121 1351 1190 ἐπάρατος
1379 1123 1428 1191 (ὁ
1464 1123 1599 1192 μήτε
1629 1124 1781 1190 ἐνερ-

205 1206 322 1273 γῶν
347 1208 414 1260 τά
453 1210 800 1279 εὐεργετικά,
837 1212 974 1282 μήτε
1014 1213 1119 1282 μὴν
1146 1214 1494 1282 αἱρούμενος,
1529 1215 1664 1268 ἀλλά
1689 1221 1781 1268 καὶ

204 1302 752 1368 πφσεπιόλὰπτων),
795 1303 1053 1358 οὕτωκαὶ
1096 1309 1154 1357 ὲν
1183 1309 1296 1370 τοῖς
1337 1309 1416 1368 εἰς
1463 1308 1706 1361 κάκωσιν
1753 1309 1780 1360 ὁ

204 1390 383 1453 avo;
421 1395 478 1458 ἑξ
517 1394 764 1447 ἐναντίου
805 1397 900 1448 καὶ
943 1396 1181 1448 ἐπαίνων
1221 1397 1370 1462 ἄξιος
1404 1399 1498 1449 καὶ
1529 1399 1724 1467 εὐχῶν,
1751 1399 1780 1452 ὀ

206 1483 350 1549 μετὰ
379 1484 627 1536 κάκωσιν
651 1484 852 1555 δηλαδὴ
878 1487 1184 1552 ὲφθακυῖαν
1213 1493 1348 1558 μήτε
1386 1491 1692 1558 ἐνεργήσας
1714 1489 1780 1542 τά

203 1573 282 1636 εἰς
311 1574 548 1642 ἄμυναν,
615 1581 752 1644 μήτε
802 1578 910 1648 μὴν
949 1579 1168 1645 ἐθέλων,
1222 1582 1362 1653 ἀλλ’,
1416 1583 1469 1635 εί
1501 1601 1632 1636 ποτε
1684 1586 1780 1637 xui.

204 1666 485 1732 μεμνῷτο,
539 1667 668 1736 χοῦν
715 1668 792 1739 τῷ
839 1671 998 1739 κακῷ
1041 1672 1324 1743 ἐπιφορῶν
1368 1674 1464 1726 καὶ
1501 1676 1553 1728 εί
1583 1676 1634 1726 τί
1677 1693 1780 1730 που

201 1757 445 1821 δεοζέσει
496 1761 737 1824 κακίας,
786 1763 1043 1831 χωννύων
1101 1766 1234 1818 αὐτὸ
1285 1767 1366 1828 είς
1415 1767 1624 1838 λήθην,
1685 1770 1780 1821 καὶ

202 1853 619 1922 μυσαττόμενος
651 1855 747 1906 καὶ
775 1856 872 1925 τὴν
907 1859 1130 1928 μνήμην
1158 1859 1348 1929 αὐτην.

271 2027 354 2084 ιδ’.
382 2029 444 2083 El
468 2031 652 2086 τοίνυν
670 2033 828 2086 ταῦθ’
847 2033 1020 2100 οὕτως
1045 2037 1159 2108 ἔχει
1188 2039 1321 2109 (ἔχει
1352 2039 1408 2093 δὲ
1432 2042 1654 2107 πάντως
1678 2045 1782 2099 οὐκ

200 2119 424 2191 ἄλλως),
454 2123 716 2193 ἔσφαλται
742 2127 850 2200 ἀρα
871 2129 962 2183 τοῦ
992 2133 1072 2196 είς
1099 2133 1260 2201 ὀρθὸν
1283 2133 1493 2203 βαίνειν
1522 2136 1783 2202 ἀληθείας

199 2213 340 2302 sca
427 2217 740 2287 μεμνῆσθαι
797 2223 971 2276 κακοῦ
1067 2225 1147 2285 είς
1221 2227 1426 2280 ταύτὸν
1496 2231 1646 2292 ἄγων
1714 2233 1778 2302 τῇ

199 2301 480 2373 ἁμαρτάδι
511 2306 612 2376 τῆς
647 2308 1089 2376 ἀντικακώσεως.
1126 2313 1294 2382 Δῆλον
1330 2313 1456 2385 γὰρ.
1493 2317 1569 2380 ὡς
1601 2316 1723 2372 οὔτε

203 2395 432 2464 μνήμην
457 2397 780 2468 εὐεργεσίας
801 2403 1082 2456 ἀναλαϐὼν
1112 2404 1291 2478 πάντῃ
1307 2397 1540 2471 ’πάντως
1562 2410 1648 2462 eos
1661 2428 1785 2480 ργε-

200 2490 323 2551 τετ,
353 2491 476 2544 οὐδὲ
507 2492 615 2564 μὴν
642 2495 672 2548 ὁ
703 2496 999 2558 κακώσεως
1031 2498 1378 2567 μνησάμενος
1397 2540 1411 2564 ,
1445 2501 1547 2572 ἠδη
1573 2504 1666 2557 καὶ
1701 2505 1784 2568 εἰς

201 2576 402 2647 βόθρον
429 2582 524 2634 τοῦ
557 2585 936 2640 ἀντικακῶσαι
977 2587 1197 2646 ὤλισθε.
1672 2595 1676 2600 ’

273 2677 360 2724 ιε’.
399 2674 902 2744 Κεφαλαιὼσασθαι
929 2681 985 2735 δὲ
1012 2685 1071 2736 τὸ
1103 2684 1253 2755 χῦμα
1278 2686 1372 2740 τοῦ
1402 2687 1569 2748 τόπου
1593 2686 1742 2741 τοῦδε
1765 2703 1779 2718 ⁶

205 2764 525 2833 μεμνῆσθαι
579 2768 678 2838 μέν
730 2788 877 2836 τινος
932 2775 1298 2843 ἀγαθύνοντος
1353 2781 1448 2833 καὶ
1499 2779 1566 2833 αὖ
1619 2780 1784 2834 πάλιν

203 2857 636 2922 κακοποιοῦντος
660 2861 1052 2934 ἀντικειμένως
1079 2868 1314 2938 ἔχουσιν,
1348 2870 1492 2924 οὕτω
1512 2871 1568 2923 δὲ
1605 2873 1698 2924 καὶ
1723 2872 1783 2924 τὺ

204 2946 522 3016 εὐεργετεῖν
543 2968 560 2984 ⁸
588 2953 616 3006 δ
647 2954 710 3024 δή
751 2973 893 3020 τινες
925 2960 1124 3015 οίονται
1160 2965 1382 3036 μνήμης
1406 2963 1614 3033 ἀγαθῆς
1649 2967 1784 3017 ἀπο-

204 3038 471 3108 τέλεσμα.
505 3045 600 3098 καὶ
634 3045 696 3098 τὸ
734 3053 1051 3104 κακοποιεῖν
1075 3053 1154 3118 δι,
1189 3049 1327 3125 ὅπερ
1357 3056 1406 3108 oi
1447 3059 1590 3108 νοεῖν
1617 3056 1782 3110 δεινοὶ

204 3131 366 3184 τόκον
392 3132 572 3190 οἴδασι
609 3136 705 3190 τοῦ
741 3141 962 3212 μνήμην
991 3143 1257 3200 ἀπόθετον
1286 3147 1429 3218 ἔχειν
1459 3149 1776 3216 κακώσεως,
1807 3178 1850 3237 c

205 3220 287 3282 είς
317 3222 595 3278 ἀντίθεσιν
623 3227 944 3296 ἀσύμϐατον
985 3234 1368 3304 ἀφορίζονται·
1397 3237 1534 3306 πρὸς
1573 3237 1627 3290 δὲ
1654 3238 1780 3291 τοῦ-

205 3329 319 3372 τοις
372 3316 470 3369 καὶ
525 3317 588 3370 τὸ
644 3319 854 3375 ἐθέλειν
914 3323 1014 3394 μιν
1064 3325 1386 3398 εὐεργεσίαν
1446 3331 1653 3390 ποιεῖν.
1709 3330 1785 3400 μὴ

208 3404 486 3475 ἐξισχύειδ
521 3409 612 3474 δὲ,
639 3413 731 3465 καὶ
762 3414 925 3468 πάλιν
960 3416 1231 3489 ἑτέρωθεν
1265 3422 1326 3472 τὸ
1360 3420 1647 3490 βούλεσθαι
1687 3423 1787 3492 μὲν

206 3497 614 3567 ἀντικακῶσαι,
647 3506 722 3576 μὴ
757 3506 903 3576 ἔχειν
931 3507 1010 3572 δὲ,
1052 3511 1148 3564 καὶ
1185 3511 1323 3566 αὐτὰ
1349 3515 1429 3576 εἰς
1460 3516 1655 3583 μοῖραν
1693 3515 1790 3566 ἀν-

209 3589 441 3646 τῖπαλον
477 3595 758 3660 ἰδιάζοντι.
795 3601 902 3653 Καὶ
935 3602 1072 3654 είσὶν
1099 3603 1314 3676 ἀγαθῆς
1347 3603 1447 3674 μιν
1471 3606 1788 3674 συστοιχίας

208 3684 270 3737 τὸ
310 3688 629 3759 μεμνῆσθαι
658 3692 1038 3760 ἀγαθοποιίας,
1065 3698 1154 3750 καὶ
1180 3696 1241 3750 τδ
1271 3697 1340 3749 δι’
1371 3697 1543 3767 αὐτὴν
1567 3699 1791 3769 εὐεργε-

209 3777 325 3827 τσίν
351 3794 366 3808 ο
408 3779 505 3832 καὶ
541 3782 728 3850 τρίτον
761 3783 825 3836 τὺ
877 3786 1106 3851 ἐθέλειν,
1156 3787 1206 3840 εί
1248 3787 1340 3841 καὶ
1383 3787 1458 3856 μὴ
1512 3787 1566 3840 al
1608 3785 1791 3858 γεῖριξ

208 3864 472 3920 δύνανται
499 3871 1091 3942 συνεπιλαμϐάνεσθαι.
1112 3877 1222 3948 Τῆς
1239 3877 1437 3948 ἑτέρας
1453 3878 1510 3932 δὲ
1534 3877 1791 3948 φατρίας.

209 3957 313 4026 δση
341 3960 624 4028 λογίζεται
656 3965 735 4028 είς
767 3966 1106 4031 ἐναντίωσιν,
1139 3969 1198 4020 τὸ
1236 3969 1447 4039 βαρέως
1478 3969 1792 4039 μεμνῆσθαι

207 4050 515 4118 κακώσεως
535 4069 550 4084 ⁸
588 4058 684 4110 καὶ
709 4059 962 4131 δεύτερον
988 4061 1171 4125 εὐθὺς,
1200 4061 1260 4114 τὸ
1288 4061 1354 4114 δι’
1390 4061 1561 4130 αὐτὴν
1593 4060 1793 4115 αὐτίκα

207 4139 358 4198 εἷναί
386 4149 516 4200 τινὰ
540 4151 854 4205 κακωτικόν
872 4170 886 4185 ο
915 4153 1012 4206 καὶ
1035 4154 1126 4206 ἐπὶ
1149 4153 1266 4206 δνσὶ
1287 4152 1498 4215 τούτοις
1514 4155 1574 4206 τδ
1597 4169 1794 4223 προαι-

211 4236 430 4304 ρεῖσθαι
475 4239 612 4309 μὲν,
653 4244 874 4312 ἀτυχεῖν
918 4245 973 4297 δὲ
1013 4244 1263 4298 ὁπωσοῦν
1308 4245 1406 4314 τὴν
1441 4246 1790 4316 προαίρεσιν.

210 4327 326 4381 Καὶ
351 4328 498 4384 οὕτω
533 4334 634 4401 μὲν
662 4335 772 4387 τῶν
803 4337 1148 4406 ἑκατέρωθεν
1179 4335 1462 4406 βαθμίδων
1503 4340 1558 4392 αί
1591 4338 1796 4410 ὑψηλό-

206 4429 393 4483 τεραι,
417 4419 452 4487 ἡ
481 4419 584 4488 μὲν
603 4421 832 4476 εὐκταία
856 4427 976 4478 κατ’
994 4426 1202 4493 ἀρετὴν
1219 4428 1329 4488 τοῖς
1348 4428 1792 4498 προσϐαίνουσιν,

1883 561 2075 616 ﬂuetus
2107 565 2429 632 reprimens,
2457 582 2558 619 non
2591 565 2644 618 iu
2687 565 2820 619 iram
2856 567 3204 634 impotentem
3239 565 3467 620 efferve-

1881 655 2004 708 scit.
2041 656 2107 709 Et
2150 655 2226 710 sic
2283 671 2348 710 ex
2397 657 2642 725 analogia
2696 659 3152 726 quemadmodum
3197 661 3467 714 secundus

1883 755 1966 800 est
2021 747 2090 801 ab
2165 747 2387 802 homine
2445 747 2537 817 qui
2600 752 2897 803 secundum
2959 749 3252 804 eilicaciam
3327 751 3466 805 bene

1886 835 2054 902 fecit,
2117 837 2207 892 ille
2265 839 2356 906 qui
2415 839 2565 893 sistit
2620 839 2672 892 in
2730 840 3007 894 voluntate
3055 841 3458 905 benefaciendi,

1885 925 1958 979 ita
2008 943 2224 996 quoque
2281 931 2553 982 secundus
2587 939 2670 984 est
2729 931 2796 985 ab
2836 947 2901 985 eo
2930 932 3021 1000 qui
3087 933 3211 987 mali
3253 948 3463 987 memo-

1885 1021 2016 1074 riam
2049 1021 2116 1075 ad
2144 1023 2392 1078 eﬂ‘ectum
2431 1025 2599 1088 ducit.
2629 1026 2718 1078 ille
2733 1027 2823 1095 qui
2857 1042 3052 1080 nocere
3079 1030 3292 1096 quidem
3327 1029 3462 1092 vult,

1884 1115 2060 1167 adhuc
2103 1130 2281 1167 autem
2318 1119 2578 1170 abstinet.
2609 1118 2800 1171 Restat
2825 1129 3001 1170 autem
3034 1119 3122 1171 hic
3151 1121 3314 1174 etiam
3353 1130 3459 1172 ter-

1885 1206 2011 1268 tius,
2059 1206 2202 1260 sicut
2259 1209 2309 1260 in
2364 1209 2426 1260 iis
2463 1223 2584 1276 qua:
2635 1218 2762 1263 sunt
2813 1209 3218 1274 beneﬁcentiae,
3253 1215 3466 1279 v'tupc-

1889 1295 2118 1360 randus,
2146 1306 2198 1349 et
2247 1299 2602 1352 exsecrabilis
2659 1301 2746 1354 ille
2782 1301 2892 1370 (qui
2925 1317 3026 1355 nec
3061 1302 3318 1356 beneﬁcia
3376 1319 3464 1355 re.

1884 1387 1998 1455 ipsa
2025 1389 2236 1443 confert
2264 1405 2362 1442 nec
2393 1391 2618 1444 reddere
2649 1396 2861 1458 gaudet,
2882 1393 2974 1446 sed
3008 1393 3169 1447 etiam
3207 1395 3462 1464 injurialtt

1884 1477 2115 1548 adjicit),
2151 1481 2224 1533 ita
2269 1497 2486 1550 quoque
2525 1483 2576 1535 in
2609 1483 2694 1536 his
2725 1498 2842 1550 qua:
2879 1484 2942 1537 ad
2976 1484 3313 1537 vexationem
3346 1500 3466 1553 spe-

1884 1579 2058 1634 ctant,
2095 1571 2182 1624 ille
2210 1575 2301 1641 qui
2340 1586 2595 1627 caeterum
2633 1589 2663 1629 e
2705 1576 2978 1630 contrario
3011 1576 3256 1630 laudibus
3291 1585 3343 1630 et
3375 1577 3465 1628 be-

1886 1659 2287 1716 nedictionibus
2319 1664 2516 1733 dignus
2547 1674 2649 1730 est,
2679 1667 2769 1734 qui
2801 1675 2922 1734 post
2955 1667 3296 1718 chationetn
3330 1681 3465 1718 sane

1887 1753 2244 1820 praebabitam
2283 1771 2454 1824 neque
2483 1772 2603 1825 quae
2632 1759 2881 1812 vindictae
2929 1766 3052 1812 sunt
3081 1769 3337 1824 oneratur
3365 1774 3464 1810 ne-

1808 1843 1848 1895 Β
1879 1861 1982 1914 que
2009 1849 2222 1916 qumrit,
2251 1849 2368 1913 sed,
2405 1852 2448 1905 si
2486 1851 2626 1906 forte
2661 1854 2926 1919 meminit,
2955 1867 3206 1922 aggerem
3239 1853 3464 1920 opponit

1883 1937 2051 2003 malo,
2085 1948 2140 1994 et
2175 1941 2218 1995 si
2255 1943 2384 2008 quid
2415 1945 2522 1998 olet
2553 1945 2852 2011 malitiam,
2889 1947 3017 1999 illud
3050 1947 3102 1999 in
3133 1945 3460 2000 oblivionem

1881 2041 1931 2083 et
1969 2033 2399 2089 recordationem
2431 2037 2603 2105 ipsam
2636 2053 2666 2093 e
2700 2049 2883 2094 mente
2919 2040 3110 2109 rejicit.

1957 2124 2042 2179 Η».
2075 2124 2197 2183 ﬂzec
2229 2128 2392 2198 igitur
2419 2130 2463 2184 si
2495 2130 2566 2184 ita
2592 2132 2698 2186 sint
2723 2133 3104 2202 (proruldubio
3133 2142 3310 2186 autem
3343 2147 3460 2185 om-

1884 2216 2016 2270 nino
2055 2218 2229 2290 sunt).
2266 2223 2616 2276 convincitur
2669 2224 2723 2278 in
2785 2237 2934 2279 recto
2963 2226 3211 2280 t'etiiatis
3247 2225 3463 2278 tramite

1884 2323 1987 2362 non
2019 2311 2298 2367 ambulare
2340 2315 2431 2384 qui
2488 2317 2922 2371 recordationem
2973 2317 3098 2370 mali
3151 2317 3216 2370 ad
3255 2317 3458 2370 malum

1883 2399 2026 2453 malo
2071 2401 2484 2458 retribuendum
2517 2405 2752 2459 reducit.
2798 2403 3144 2460 Manifestum
3193 2415 3274 2459 est
3309 2404 3460 2458 enim

1882 2490 2026 2559 quod
2059 2507 2234 2562 neque
2280 2494 2529 2551 beneficii
2569 2497 2887 2552 recordatus
2935 2496 3133 2566 ubique
3166 2493 3459 2562 benefacit,

1884 2597 2058 2652 neque
2092 2585 2182 2654 qui
2222 2587 2522 2642 vexationis
2580 2588 2746 2642 illatae
2780 2589 3044 2652 meminit,
3094 2587 3202 2656 jam
3241 2602 3307 2642 eo
3337 2587 3460 2658 ipso

1883 2673 1936 2727 in
1966 2677 2220 2745 abyssum
2277 2679 2428 2731 malae
2472 2677 2722 2732 vindicta:
2749 2677 3002 2744 delapsus
3033 2688 3136 2731 est.

1954 2765 2043 2819 15.
2079 2767 2209 2838 Age,
2241 2767 2354 2836 jam
2392 2783 2732 2823 resumamus
2769 2771 2926 2837 hujus
2962 2767 3270 2836 argumenti
3307 2782 3460 2822 sum-

1885 2874 2029 2913 mam
2066 2876 2080 2913 :
2117 2861 2434 2914 meminisse
2474 2861 2690 2930 quidem
2724 2860 2952 2928 alicujus
2990 2860 3128 2914 bene
3181 2857 3455 2917 facientis,

1882 2957 1938 3004 et
1993 2964 2210 3004 rursum
2270 2950 2411 3004 male
2479 2949 2688 3018 agentis
2717 2948 3020 3015 recordari,
3057 2947 3458 3017 oppositionem

1884 3037 2123 3108 habent;
2160 3050 2212 3092 ut
2250 3048 2466 3094 econtra
2498 3041 2658 3094 etiam
2689 3039 3032 3099 benefacere.
3064 3040 3202 3108 quod
3233 3036 3450 3106 quidam

1887 3131 2038 3184 bona:
2061 3132 2331 3183 memoria:
2347 3130 2598 3184 eﬂ‘ectum
2623 3144 2744 3186 esse
2765 3139 2975 3200 putant,
3009 3137 3062 3184 et
3092 3129 3229 3184 male
3252 3129 3460 3191 facere,

1886 3224 2030 3292 quod
2083 3223 2354 3292 sapientes
2406 3233 2742 3277 conservata:
2796 3223 2921 3276 mali
2983 3223 3257 3275 memoriae
3309 3219 3457 3274 fruc-

1887 3321 1999 3367 tum
2024 3323 2272 3380 censent,
2299 3315 2598 3370 insociabili
2625 3313 2908 3370 intervallo
2943 3324 3289 3385 separantur.
3309 3312 3465 3366 Insu-

1888 3421 1981 3478 per
2036 3417 2214 3462 autem
2253 3409 2388 3462 velle
2441 3409 2658 3476 quidem
2701 3422 2961 3463 exercere
3020 3406 3459 3466 beneiiceutiam,

1890 3500 1984 3554 sed
2032 3516 2134 3554 non
2197 3515 2392 3570 posse;
2439 3503 2749 3569 iterumque
2794 3501 2932 3556 alias
2984 3515 3184 3570 cupere
3240 3499 3460 3569 quidem

1895 3591 2095 3646 malum
2133 3607 2230 3664 pro
2274 3594 2418 3645 malo
2463 3593 2724 3658 reddere,
2769 3607 2949 3662 neque
2992 3608 3120 3648 vero
3171 3607 3366 3660 posse,
3410 3591 3464 3644 in

1893 3695 2099 3752 partem
2161 3685 2491 3738 contrariam
2553 3685 2666 3754 ipsa
2731 3687 3159 3755 distinguuntur.
3218 3683 3311 3739 Est
3363 3684 3466 3738 bo-

1893 3777 1944 3829 ni
1971 3777 2188 3844 quidem
2217 3777 2426 3832 ordinis
2481 3777 2646 3832 simul
2695 3777 3070 3832 beneﬁcentia:
3116 3777 3462 3838 meminisse,

1893 3877 1944 3923 et
1976 3869 2044 3922 ob
2087 3869 2230 3923 illam
2260 3869 2613 3934 benefacere,
2648 3880 2704 3924 et
2733 3869 2949 3923 tertium
2982 3884 3135 3924 mens
3179 3869 3458 3934 benevola,

1891 3961 1996 4016 etsi
2039 3976 2230 4016 manus
2277 3963 2537 4030 perlicere
2582 3978 2684 4016 non
2716 3961 2950 4017 valeant.
2987 3961 3226 4015 Alterius
3273 3971 3457 4016 autem

1893 4053 2108 4116 classis,
2151 4067 2270 4122 quas
2316 4064 2594 4122 reputatur
2635 4052 2687 4107 in
2733 4053 3149 4122 Oppositioncm,
3180 4061 3264 4108 est
3296 4067 3461 4105 vexa-

1895 4146 2058 4202 tionis
2089 4147 2334 4201 dolenter
2372 4146 2721 4212 meminisse;
2760 4147 3058 4201 secnndum
3111 4147 3220 4199 cito
3247 4155 3460 4214 propter

1897 4238 2040 4293 illaut
2072 4230 2432 4304 ma‘cl‘accre;
2471 4249 2521 4292 et
2556 4238 2832 4308 superbis
2859 4238 3086 4302 duobus,
3137 4235 3237 4290 sibi
3274 4249 3470 4305 propo-

1897 4347 2028 4385 nere
2057 4332 2300 4401 quidem,
2339 4333 2432 4386 sed
2460 4333 2794 4401 propositum
2831 4345 3155 4399 quocunque
3179 4329 3336 4382 modo
3362 4341 3470 4382 non

1899 4423 2184 4495 attingere.
2215 4423 2280 4477 Et
2309 4424 2382 4478 ita
2423 4425 2640 4494 quidem
2663 4464 2675 4485 .
2710 4438 2774 4477 ex
2819 4423 3063 4491 utrisque
3091 4420 3348 4492 gradibus
3378 4434 3471 4472 su-

207 4510 242 4578 ἡ
280 4509 346 4563 δὲ
370 4551 386 4574 ,
424 4511 617 4565 ὁποίαν
659 4513 958 4585 ἀπεύχεται
995 4518 1022 4569 ὁ
1064 4518 1310 4586 φρονῶν,
1357 4517 1587 4586 ἔσχατον
1632 4523 1789 4587 αὐτὸς

1900 4514 2142 4583 periores
2192 4525 2355 4580 sunt,
2419 4532 2558 4569 unus
2600 4514 2819 4584 quidem
2860 4514 3158 4568 secundum
3215 4513 3468 4564 virtutem

208 4600 434 4670 βαθμὸν
465 4603 822 4673 αἱρούμενος,
846 4607 997 4678 ἥπερ
1037 4609 1376 4674 ἀναϐαίνειν,
1404 4612 1524 4664 ὅθεν
1551 4613 1666 4666 ἕσται
1694 4631 1794 4666 κα-

205 4695 698 4768 τακρημνισθῆναι
720 4700 800 4760 εἰς
819 4699 1066 4771 ὀλεθρον*
1093 4703 1142 4754 οἱ
1168 4702 1352 4768 μέντοι
1369 4703 1570 4756 τούτων
1589 4704 1798 4773 πυθμέ-

208 4801 304 4847 νες
341 4787 622 4840 ἀνάπαλιν
650 4788 853 4857 ἔχουσι.
893 4791 1002 4845 Καὶ
1037 4792 1096 4845 τὸ
1133 4793 1232 4862 μὲν
1271 4793 1378 4858 ἔξω
1411 4797 1633 4865 μνήμης
1665 4796 1796 4865 βά).-

205 4879 331 4930 ὶειν
371 4878 438 4929 τὸ
466 4879 836 4950 εὐεργέτημα,
885 4883 979 4935 καὶ
1022 4883 1322 4954 ἀχάριστον
1355 4881 1516 4943 εἶναι.
1551 4887 1646 4940 καί
1693 4905 1796 4940 που

205 4971 311 5024 καὶ
353 4969 644 5040 δακνηρῶς
676 4973 1095 5042 ἐμφύεσθαι,τῷ
1131 4976 1519 5047 εὐεργετηκότι
1541 5018 1556 5039 ,
1591 4978 1663 5042 ὡς
1704 4981 1799 5032 καὶ

205 5058 569 5129 ἀποτρώγειν
587 5061 796 5114 ἐθέλειν
816 5063 923 5116 τῶν
944 5065 1110 5118 αὐτοῦ
1130 5068 1368 5138 σαρκῶν,
1395 5068 1424 5122 ὃ
1448 5067 1511 5138 δὴ
1535 5074 1625 5121 καὶ
1649 5073 1800 5124 κάτω

203 5151 457 5220 ἔσχατον
482 5151 839 5222 ὑποστάθμης
863 5154 1006 5225 λόγῳ
1029 5157 1088 5208 ὲν
1112 5157 1178 5226 τῇ
1199 5158 1568 5231 ἐπαινουμένη
1587 5176 1771 5211 σνστοι
1787 5188 1803 5200 ο

204 5245 308 5314 χία
349 5243 554 5307 εκειτο,
587 5244 1036 5313 φαυλεπίφαυλόν
1069 5249 1215 5301 ἐστιν
1245 5249 1414 5312 ὅντως
1442 5254 1532 5302 καλ
1568 5267 1802 5322 μεμιση-

207 5337 398 5406 μένον
421 5334 496 5404 τῷ
519 5337 618 5390 καὶ
652 5336 854 5407 πρώτῳ
879 5340 971 5391 καὶ
997 5339 1238 5410 μεγίστῳ
1264 5340 1594 5412 διδασκάλῳ,
1620 5337 1680 5395 οὗ
1706 5342 1803 5410 τῆς

207 5425 530 5496 μαθητεὶας
559 5428 588 5481 ὁ
616 5429 926 5498 νενοσηκὼς
963 5430 1094 5483 αὐτὸ
1137 5430 1491 5500 Ἰσκαριώτης
1522 5433 1802 5497 ἐξέπεσεν.

215 5517 538 5588 Ἐτέρωθεν
583 5519 639 5572 δέ
679 5536 743 5588 γε
793 5522 855 5574 τὸ
893 5523 1113 5593 μνήμην
1153 5523 1250 5592 μὲν
1304 5522 1579 5596 π[ἀσχε]ιν
1616 5525 1804 5578 κακώ-

209 5629 364 5673 σεως
389 5651 408 5670 ,
442 5612 663 5680 ἀμελεῖν
697 5613 754 5666 δὲ
788 5615 1238 5678 ἁντικακώσεως,
1271 5617 1348 5678 εἰς
1383 5614 1410 5668 ὃ
1443 5615 1506 5686 δὴ
1537 5618 1802 5688 περιέστη

204 5704 288 5763 ὡς
343 5695 447 5752 οἷα
478 5705 571 5754 καὶ
611 5704 692 5765 εἰς
731 5703 964 5774 τρυγίαν
997 5706 1118 5758 τινα
1154 5707 1186 5775 ἡ
1222 5705 1456 5775 κακίστη
1497 5708 1808 5778 σνστοιχεία

206 5791 316 5852 τοῦ
354 5795 678 5865 μεμνῆσθαι
706 5796 1043 5866 κακωθῆναι,
1069 5800 1159 5856 καὶ
1187 5801 1253 5871 τῇ
1287 5799 1478 5870 μνήμῃ
1511 5798 1688 5872 ταύτῃ
1714 5816 1812 5853 κα-

1896 4608 2299 4662 ambulantibus
2349 4607 2747 4670 desiderabilis,
2803 4605 2942 4659 alius
3006 4614 3187 4657 autem
3241 4602 3364 4656 talis
3411 4609 3470 4654 ut

1894 4715 2018 4755 eum
2050 4701 2374 4768 deprecatur
2407 4700 2665 4766 prudens,
2701 4696 2948 4749 ultimum
2973 4694 3087 4763 ipse
3112 4693 3336 4761 gradum
3370 4705 3470 4760 po-

1904 4793 2008 4845 tius
2038 4791 2264 4857 eligens,
2299 4804 2460 4859 quam
2512 4791 2805 4844 ascendere
2853 4802 3090 4849 rursum,
3128 4784 3270 4837 unde
3324 4782 3470 4838 deci-

1901 4883 2028 4936 dere
2057 4879 2273 4935 debebit
2323 4881 2374 4934 in
2437 4875 2692 4934 ruinam:
2750 4878 2898 4932 fundi
2935 4885 3114 4930 tamen
3167 4873 3386 4928 illorum
3438 4887 3470 4928 ο

1905 4971 2182 5026 contrario
2236 4970 2484 5025 veniunt.
2540 4968 2608 5024 Et
2641 4969 2858 5040 quidem
2925 4977 3079 5023 extra
3150 4967 3469 5021 memoriam

1902 5062 2167 5133 projicere
2192 5061 2540 5128 beneficium,
2578 5070 2631 5115 et
2677 5061 2949 5129 ingratum
3008 5071 3168 5122 esse,
3217 5056 3470 5128 forteque

1908 5156 2178 5209 mordicus
2214 5154 2293 5208 sic
2343 5154 2608 5208 inbazrere
2663 5153 3017 5212 benefactori.
3062 5160 3119 5205 ut
3159 5149 3338 5204 taliter
3395 5148 3478 5204 af-

1905 5246 2081 5301 fectus
2128 5246 2291 5301 etiam
2350 5245 2498 5300 illius
2532 5260 2729 5300 carnes
2793 5246 3076 5300 comedere
3131 5242 3291 5308 velit,
3333 5243 3481 5313 quod

1908 5339 2161 5392 deorsum
2205 5340 2257 5392 in
2311 5338 2502 5392 ordine
2536 5335 2821 5400 laudabili,
2882 5337 3028 5391 Izecis
3079 5335 3200 5389 loco
3236 5333 3477 5410 iacebat,

1908 5431 2089 5501 rcipsa
2121 5430 2506 5500 pravissimum
2541 5439 2623 5484 est
2662 5431 3021 5498 odiosumque
3052 5431 3226 5499 primo
3257 5442 3476 5496 magno-

1909 5535 2014 5590 que
2048 5517 2331 5587 Magistro,
2365 5533 2395 5573 e
2424 5518 2578 5586 cujus
2605 5517 2930 5588 discipulam
2973 5521 3060 5589 qni
3102 5525 3345 5574 senserat
3373 5518 3475 5569 hoc

1911 5612 2168 5667 lscariota
2239 5612 2464 5667 excidit.
2501 5611 2734 5666 Aliunde
2756 5627 2885 5666 vero
2909 5612 3225 5665 memoriam
3257 5608 3474 5677 quidem

1914 5702 2187 5758 suStincre
2213 5703 2542 5766 vexationis,
2578 5703 2854 5757 abstinere
2907 5716 3038 5756 vero
3068 5716 3095 5754 a
3135 5697 3263 5752 mali
3323 5699 3480 5749 retri-

1915 5796 2161 5862 butione,
2201 5795 2266 5850 ad
2297 5796 2438 5866 quod
2472 5795 2664 5865 vergit,
2701 5802 2957 5864 tanquam
3012 5793 3077 5847 ad
3129 5791 3362 5859 aliquam
3391 5787 3484 5842 lata
