3968 6244
482 333 589 401 419

1159 334 1500 395 EUSTATII
1518 333 1574 392 l1
1608 333 2368 398 TIlESSALONICENSlS
2409 337 2965 402 METROPOLITAZ

3614 329 3720 396 420

485 461 602 500 cem
639 444 869 513 pessima
913 445 1105 501 classis
1132 460 1237 515 qua
1271 445 1398 500 mali
1435 443 1560 500 facti
1595 454 1807 501 tenetur
1840 461 2048 502 memo-

2172 456 2412 513 ιοποιεῖν.
2447 454 2478 524 ἢ
2513 454 2716 508 ἐθέλειν
2745 452 3084 514 κακοποιεῖν,
3122 447 3321 518 ἀρίστη
3357 446 3418 500 τέ
3450 445 3585 507 ἐστι,
3629 445 3721 496 καὶ

485 538 587 602 ria,
618 537 826 608 hacque
853 539 1107 594 memoria
1141 538 1339 592 malum
1360 539 1556 607 agitur,
1575 541 1656 593 vel
1679 540 2046 596 malefaciendi

485 628 1009 690 voluntasbabetur,
1043 629 1158 683 haec
1186 628 1284 684 fat!
1327 631 1461 685 bona
1499 643 1576 684 est
1613 642 1667 684 et
1718 631 1825 686 Deo
1872 641 2048 700 grata,

485 725 540 772 et
563 729 910 788 peccatorum
945 720 1201 786 deletrix,
1235 736 1299 775 eo
1329 723 1469 790 quod
1509 724 1620 791 ipsa
1664 723 1805 779 delet
1836 740 1899 779 ex
1932 725 2050 779 ani-

487 825 571 862 ma
608 825 712 865 non
748 811 1159 866 convenientem
1192 813 1507 868 vindictam.
1543 813 1714 883 Hujus
1747 825 1923 868 autem
1958 830 2050 870 ac-

487 900 718 955 cidentis
769 919 929 957 causa
988 914 1110 967 est,
1161 907 1302 973 quod
1351 906 1571 974 quidem
1636 907 2048 962 beneﬁcentiam

489 1009 712 1060 prorsus
741 995 1012 1062 oblivisci,
1043 996 1331 1051 ordinatur
1370 997 1512 1050 inter
1542 999 1838 1066 composita
1890 1014 2050 1068 supe-

490 1085 602 1136 rius
661 1085 827 1150 bona,
877 1089 929 1140 in
965 1097 1230 1152 quantum
1257 1089 1570 1151 nefandum,
1596 1101 1648 1144 et
1672 1090 1740 1144 ob
1770 1091 1818 1142 id
1852 1090 1904 1144 in
1927 1092 2052 1144 odio

486 1183 590 1234 est,
616 1175 745 1228 etin
782 1177 1062 1231 malitiam‘
1095 1180 1416 1247 imputatur;
1450 1180 1636 1248 procul
1665 1189 1842 1232 autem
1870 1180 2053 1246 jacere

488 1263 805 1323 vindictam,
840 1275 893 1318 et
933 1265 1067 1320 velle
1099 1282 1202 1320 non
1242 1269 1575 1334 meminisse,
1605 1269 1650 1322 si
1677 1270 1816 1336 quod
1845 1269 2051 1323 illatum

488 1351 658 1406 fuerit
693 1353 914 1419 malum,
965 1356 1048 1412 vel
1102 1357 1148 1413 si
1196 1357 1339 1414 forte
1391 1361 1654 1414 memoria
1698 1371 1968 1422 servetur,
1999 1359 2053 1411 in

489 1443 721 1495 animam
756 1445 1036 1500 introitum
1060 1448 1256 1501 vindici
1283 1449 1652 1504 rualelicentite
1671 1449 2054 1514 intercludere,

490 1531 592 1584 boc
626 1533 835 1589 duobus
871 1538 934 1590 de
965 1553 1071 1604 quo
1105 1539 1352 1606 superius
1391 1541 1648 1608 peccatis,
1686 1541 1971 1606 obnititur,
2004 1553 2056 1596 et

493 1623 704 1677 illorum
734 1627 967 1680 declinat
986 1629 1234 1683 ordinem
1260 1648 1275 1696 ;
1297 1642 1348 1684 et
1371 1631 1684 1700 relinquens
1705 1631 1807 1686 ista
1826 1633 2054 1686 demoui

492 1714 658 1777 malo,
701 1717 813 1782 ipsa
861 1715 966 1770 Deo
1010 1721 1427 1787 appropriatur,
1479 1733 1532 1776 et
1573 1722 1625 1775 in
1666 1701 2057 1790 virtutempu-

493 1802 722 1863 I'ilittata,
759 1805 1015 1861 Sublimis
1048 1807 1114 1860 ad
1151 1808 1490 1862 Altissitltum
1528 1809 1738 1864 volitat.

560 1894 647 1948 i6.
685 1895 747 1950 Et
775 1897 855 1951 sic
885 1897 1044 1952 habet
1073 1914 1131 1954 se
1166 1902 1488 1956 naturaliter
1516 1917 1601 1957 res
1623 1942 1639 1967 ,
1683 1903 1825 1958 sicut
1861 1912 1915 1957 et
1961 1903 2056 1958 do—

489 1997 700 2039 ctorum
728 1990 908 2057 regula
941 1991 1109 2045 novit.
1146 1991 1222 2046 Ex
1255 1993 1337 2046 bis
1359 1994 1500 2048 enim
1525 1995 2058 2059 duobuscoutrariis,

490 2077 762 2135 oblivione
783 2081 1251 2148 benefaciendi,et
1286 2085 1480 2139 iterum
1513 2085 1886 2140 malefaciendi
1918 2087 2058 2140 obli-

491 2171 672 2233 vione,
702 2174 959 2240 quoniam
990 2191 1155 2229 unum
1193 2192 1418 2246 pravum
1468 2193 1592 2231 cum
1646 2177 1738 2239 sit.
1770 2177 1871 2233 sub
1919 2177 2059 2234 bona

493 2259 642 2316 felici
698 2271 847 2317 sorte
906 2267 1124 2331 cecidit,
1187 2267 1415 2321 alterum
1466 2284 1596 2337 ergo
1647 2269 1885 2323 divinum
1937 2284 2058 2320 cum

494 2355 586 2416 sit,
617 2365 670 2408 et
709 2357 882 2425 ipsum
920 2359 1018 2412 sub
1057 2359 1215 2412 aliam
1251 2361 1447 2415 seriem
1483 2362 1680 2417 malam
1716 2362 1958 2416 intravit.
2000 2360 2064 2415 Et

495 2445 678 2512 aliquo
722 2449 901 2514 modo,
945 2451 1032 2517 qui
1094 2467 1198 2506 ιιοιι
1248 2453 1418 2507 voluit
1466 2454 1770 2522 intelligere
1811 2464 1868 2506 ut
1926 2453 2062 2508 bene

493 2547 704 2606 ageret,
733 2537 888 2606 juxta
917 2539 1282 2608 Psalmistam,
1311 2543 1638 2599 abundantis
1665 2544 1840 2597 medio
1868 2544 2064 2597 messis

493 2638 656 2681 enata
697 2629 849 2695 Spitta
886 2644 1190 2700 reputatur,
1232 2635 1459 2697 scilicet,
1497 2635 1547 2689 in
1582 2635 1721 2692 serie
1771 2634 2060 2688 beneficio.

495 2739 638 2777 rum.
680 2723 784 2789 Qui
821 2740 946 2778 vero
976 2741 1080 2779 non
1121 2742 1219 2795 pro
1264 2727 1404 2780 malo
1439 2725 1639 2780 malum
1691 2725 1884 2791 reddit,
1937 2741 2060 2781 rosa

491 2813 788 2882 judicatur,
825 2831 964 2884 quae,
990 2817 1172 2886 spinas
1201 2818 1322 2873 mali
1360 2818 1636 2872 memoria:
1667 2819 1934 2882 devitans,
1968 2816 2064 2870 bo-

498 2924 623 2958 num
689 2911 976 2962 innocuum
1017 2910 1292 2980 proponit.
1334 2911 1515 2979 Itaque
1553 2910 1675 2977 jure
1709 2910 1816 2966 dici
1864 2918 2063 2979 potest,

497 2999 640 3062 quod
673 2999 974 3062 ambulant,
1011 3002 1207 3054 bonum
1243 3000 1459 3068 quidem
1493 3000 1622 3057 illud
1650 3015 1871 3069 corpus,
1902 3000 2067 3055 bene-

2149 543 2267 612 Θεῷ
2302 543 2452 614 φίλη,
2496 548 2590 596 καὶ
2623 544 2908 614 ἀμαρτιῶν
2938 540 3312 608 ἐξαλειπτικὴ,
3344 538 3425 589 ὅτι
3456 537 3551 588 καὶ
3583 534 3723 600 αὑτὴ

2151 631 2448 701 ἀπαλείφει
2495 634 2593 700 τῆς
2616 632 2793 702 ψυχῆς
2821 632 2880 684 τὸ
2906 632 2962 684 ὲν
2992 629 3067 700 μὴ
3088 630 3264 680 δέοντι
3287 625 3608 696 ἀμυντικόν.
3638 624 3727 675 Αἶ-

2148 739 2265 776 τιον
2299 723 2354 775 δὲ
2391 725 2542 777 τοῦδε
2583 723 2674 777 τοῦ
2709 722 3153 792 συμπτώματος,
3186 723 3269 774 ὅτι
3310 719 3370 772 τὸ
3414 719 3512 786 μὲν
3543 716 3724 785 πάντῃ

2150 813 2502 884 ἐπιλελῆσθαι
2543 813 2902 882 ἀγαθοποιίας
2937 811 3270 879 ὲνὴλλακται
3301 809 3439 878 πρὸς
3472 808 3539 860 τά
3580 808 3724 860 ἀνω-

2147 907 2293 978 τέρω
2329 906 2717 976 συστοιχοῖητα
2761 904 3012 974 χρηστὰ,
3044 903 3120 964 είς
3154 903 3281 954 ὅσον
3321 901 3593 972 άρῤητον,
3629 899 3726 950 καὶ

2149 999 2238 1053 διά
2263 999 2423 1052 τοῦτο
2457 1001 2720 1068 μισεῖται,
2759 999 2851 1050 καὶ
2881 997 2960 1058 είς
2989 996 3192 1049 κακίαν
3218 995 3639 1062 ἀπογράφεταιο
3666 990 3727 1042 τὸ

2149 1093 2206 1146 δέ
2228 1109 2292 1160 γε
2321 1092 2510 1162 ττιρρω
2538 1089 2754 1160 βάλλειν
2782 1089 2842 1141 τὸ
2873 1089 3194 1156 ἀμυντικὸν,
3230 1086 3326 1139 καὶ
3354 1084 3559 1138 ἐθέλειν
3591 1083 3729 1152 μηδὲ

2155 1181 2500 1251 μεμνῆσθαι,
2535 1182 2590 1234 et
2629 1181 2684 1233 τί
2728 1198 2831 1234 που
2871 1179 3038 1232 πάθοι
3085 1177 3286 1237 κακὸν,
3323 1178 3371 1229 εί
3402 1175 3459 1228 δέ
3495 1191 3598 1227 που
3631 1174 3726 1226 καὶ

2157 1273 2420 1344 μνησθείη
2444 1313 2460 1333 ,
2489 1272 2798 1326 ἀποκλείειν
2817 1276 2914 1341 τὴν
2937 1272 2992 1333 ἐς
3010 1268 3190 1339 ψυχὴν
3233 1267 3437 1321 εῖσοδον
3461 1269 3528 1336 τῇ
3556 1267 3731 1333 ἀμυνο

2152 1368 2279 1434 τικῇ
2309 1362 2603 1434 κακοποιίᾳ
2625 1401 2641 1426 ,
2669 1363 2832 1416 τοῦτο
2863 1364 2975 1425 τοῖς
3002 1359 3260 1430 ἀνωτέρω
3293 1358 3448 1412 δυσὶν
3471 1357 3729 1426 ἁμαρτή-

2159 1474 2326 1526 μασιν
2351 1455 2406 1519 ὲς
2434 1455 2495 1508 τὸ
2517 1453 2777 1517 παντελὲς
2801 1452 3140 1512 ἀντιπίπτει,
3173 1449 3270 1502 καὶ
3294 1447 3394 1517 τὴν
3421 1448 3558 1515 πρὸς
3589 1444 3730 1499 αύτά

2159 1548 2393 1620 φατρίαν
2427 1548 2700 1601 ὲκκλίνειυ
2735 1545 2830 1598 καὶ
2863 1542 3255 1614 ἀποκληροῦσα
3289 1541 3472 1593 ἐκεῖνα
3503 1536 3580 1606 τῷ
3609 1536 3730 1588 δαί-

2162 1659 2302 1712 μονι,
2330 1638 2626 1694 οἰκειοῦται
2655 1639 2793 1708 αὑτὴ
2822 1636 2900 1705 τῷ
2931 1636 3076 1706 Θεῷ,
3117 1637 3212 1690 καὶ
3249 1633 3328 1696 είς
3359 1630 3559 1701 ἀρετὴν
3586 1631 3729 1681 ἀπο-

2158 1733 2518 1786 λεπτυνοεῖσα
2551 1730 2730 1801 κούφη
2768 1728 3136 1800 πτερύσσεται
3181 1723 3316 1796 πρὸς
3346 1723 3436 1778 τὸν
3480 1721 3728 1791 ὑψιστον.

2232 1916 2308 1974 ις’
2340 1910 2446 1962 Καὶ
2483 1909 2594 1978 ἔχει
2635 1906 2778 1961 οὕτω
2812 1907 3028 1976 φύσεως
3061 1904 3120 1958 τὸ
3151 1905 3408 1973 πρᾶγμα,
3450 1900 3595 1953 καθά
3637 1899 3731 1950 καὶ

2157 2001 2445 2071 φιλόσοφος
2481 1997 2586 2054 οἵδε
2621 2000 2822 2054 κανών.
2861 2000 3018 2056 Δυοῖν
3045 1996 3153 2064 γὰρ
3185 1994 3404 2048 τούτοιν
3434 1991 3729 2054 ἐναντίοιν,

2158 2095 2326 2164 λήθης
2356 2111 2412 2147 τε
2436 2092 2527 2146 τοῦ
2554 2091 2866 2160 ἀγαθύνειν,
2895 2090 2988 2142 καὶ
3012 2087 3080 2142 αὖ
3100 2086 3261 2140 πάλιν
3289 2081 3733 2153 ἐπιλησμοτύνης

2157 2187 2252 2240 τοῦ
2284 2186 2628 2246 κακοποιεῖν,
2664 2184 2786 2236 ἐπεὶ
2823 2182 2884 2234 τὸ
2921 2181 2978 2232 ἓν
3001 2221 3016 2245 ,
3044 2179 3246 2248 φαῦλον
3281 2176 3361 2241 ὃν,
3394 2176 3585 2244 ἔλαχεν
3629 2172 3736 2224 ὑπὸ

2159 2281 2226 2332 τὰ
2251 2273 2466 2349 χρηστά
2491 2276 2677 2328 πεσεῖν
2709 2274 2988 2343 σύστοιχα,
3013 2271 3073 2324 τὸ
3101 2269 3212 2340 ἄρα
3242 2267 3448 2330 λοιπόν,
3480 2267 3622 2320 θεῖον
3649 2265 3733 2326 ὃν,

2160 2369 2291 2422 αὑτὸ
2317 2366 2417 2437 τὴν
2444 2365 2639 2436 ἑτέραν
2671 2361 2988 2432 συστοιχίαν
3019 2359 3187 2412 ὑπέδυ
3223 2357 3320 2426 τὴν
3353 2355 3586 2423 φαύλην.
3625 2351 3736 2403 Καί

2163 2477 2278 2521 πως
2298 2458 2326 2509 ὁ
2351 2457 2448 2528 μὶν
2475 2458 2547 2527 μὴ
2580 2453 2859 2526 βουληθεὶς
2891 2451 3130 2506 συνιέναι
3155 2447 3249 2500 τοῦ
3275 2445 3565 2514 ἀγαθῦναι,
3593 2441 3740 2495 κατά

2162 2553 2253 2604 τὸν
2275 2547 2580 2620 ιψαλμῳδὸν
2613 2547 2692 2610 είς
2725 2544 2969 2600 ἄκανθαν
2997 2540 3273 2609 λογίζεται
3303 2537 3443 2607 ληῖῳ
3475 2549 3737 2603 παραπεο

2165 2646 2400 2710 φυκυῖαν
2440 2639 2677 2709 εὑφόρῳ,
2713 2637 2793 2706 τῷ
2825 2635 2964 2690 κατά
2997 2636 3097 2705 τὴν
3129 2630 3486 2702 εὐεργετικὴν
3517 2643 3736 2680 συστοι-

2162 2734 2287 2806 χίαν
2309 2749 2324 2765 ·
2345 2734 2374 2786 ὁ
2395 2733 2451 2786 δὲ
2471 2733 2545 2802 μὴ
2567 2728 2956 2792 ἀνταποδιδοὺς
2980 2729 3093 2789 τοῖς
3123 2725 3456 2786 κακώσασιν,
3487 2721 3568 2782 είς
3588 2718 3740 2788 ῥόδον

2163 2827 2509 2899 ἐγκρίνεται,
2535 2823 2563 2877 ὃ
2599 2822 2696 2885 τὰς
2735 2820 2975 2881 ἀκάνθας
3028 2816 3264 2887 ἐκφυγὸν
3313 2813 3408 2866 τοῦ
3465 2827 3741 2881 μνησικα-

2165 2921 2282 2973 κεῖν
2347 2917 2548 2985 ἀγαθὸν
2608 2915 2814 2970 ἄλυπον
2863 2913 3172 2982 πρόκειται.
3219 2906 3429 2961 Οὑκοὺν
3475 2909 3570 2957 καὶ
3621 2902 3738 2953 ἔστι

2167 3013 2304 3082 πρὸς
2324 3009 2644 3079 ἀστειότητα
2669 3006 2858 3075 φάναι,
2879 3004 2951 3068 ὡς,
2977 3004 3238 3074 βαίνουσι,
3259 2999 3420 3052 καλὸν
3443 2995 3543 3066 μὲν
3563 2996 3742 3046 έκεῖνο

501 3087 746 3142 liciorum
782 3093 936 3154 ordo,
982 3093 1146 3145 veluti
1195 3092 1337 3146 malo
1367 3093 1536 3162 pede,
1575 3093 1808 3157 scilicet,
1842 3092 2065 3162 ingrati-

2172 3103 2348 3173 σῶμα,
2381 3102 2448 3156 τὰ
2476 3097 2799 3169 εὐεργετικά
2829 3098 3107 3165 σύστοιχα,
3144 3093 3218 3155 ώς
3246 3086 3333 3143 οἷα
3367 3087 3560 3157 φαύλῳ
3592 3085 3739 3146 ποδὶ,

499 3184 748 3248 trutinis;
783 3183 982 3236 malum
1030 3195 1210 3238 autem
1250 3185 1412 3248 istud,
1450 3184 1576 3239 mali
1613 3185 1896 3248 memoria,
1927 3184 2066 3238 bono

501 3279 657 3345 I‘ede,
705 3276 1001 3328 secundum
1053 3274 1314 3330 malitiam
1356 3274 1634 3333 ambulare
1693 3275 1959 3330 tardante.
1999 3272 2070 3328 Ut

501 3368 660 3421 aliter
696 3367 896 3430 dicam,
939 3366 1026 3421 bic
1063 3366 1528 3436 complantantur,
1570 3367 1708 3422 sicut
1737 3381 1856 3421 cum
1903 3366 2070 3419 virtu-

503 3463 646 3514 ri'uus
679 3459 899 3523 malitia,
937 3458 1015 3512 sic
1055 3475 1177 3512 enm
1215 3461 1412 3514 virtute
1446 3474 1642 3528 magna
1679 3457 1827 3512 vitia.
1855 3455 2065 3510 Etenim

501 3551 617 3618 ejus
647 3553 736 3622 qui
773 3553 908 3606 bene
943 3551 1067 3606 fecit
1097 3551 1411 3606 meminisse
1433 3592 1449 3616 ,
1479 3550 1844 3616 beneficiaque
1879 3561 2064 3602 revera

505 3648 828 3708 retribuere,
858 3656 1017 3714 atque
1061 3646 1225 3699 etiam
1271 3654 1458 3699 nmtua
1507 3645 1622 3697 vice
1655 3642 2068 3698 beneﬁcentiam

502 3749 760 3806 pnestare
787 3739 944 3804 velle,
974 3738 1212 3808 ejusdem
1243 3737 1449 3792 ordinis
1474 3737 1527 3791 in
1557 3736 1751 3790 virtute
1776 3745 1936 3798 Sunt;
1978 3733 2074 3784 boo

507 3831 711 3884 minunt
746 3840 924 3884 autem
957 3845 1118 3898 prava
1161 3830 1410 3885 voluntas
1461 3829 1545 3884 Itis
1586 3827 1828 3898 pulchris
1859 3824 2070 3878 arbori-

506 3921 606 3977 bus
626 3924 855 3978 inseruit
899 3922 1147 3976 fruticem
1172 3922 1570 3992 pravissimum.
1608 3915 2073 3989 ingratitudinem,

505 4029 668 4083 quam
703 4029 894 4083 parere
925 4015 1061 4068 solet
1096 4013 1482 4068 beneficiorum
1524 4011 1746 4066 oblivio.

581 4106 664 4158 17.
702 4107 766 4159 Ει
803 4107 871 4159 ita
919 4107 1134 4174 quidam
1173 4107 1414 4160 excrevit
1453 4120 1521 4158 ex
1573 4104 1784 4157 illarum
1814 4101 2074 4156 virtutum

508 4197 788 4250 ordinibus
819 4213 924 4250 una
958 4199 1217 4266 pravitas,
1248 4206 1302 4250 et
1336 4211 1398 4249 ex
1431 4195 1532 4249 alia
1565 4203 1735 4263 parte,
1763 4194 1942 4262 gravis
1965 4209 2078 4248 tne-

512 4291 683 4342 moria
726 4290 1072 4359 iujuriarum,
1127 4298 1181 4341 et
1218 4289 1283 4342 ab
1321 4289 1410 4342 llla
1447 4303 1612 4358 prava
1649 4288 1936 4344 retributio
1979 4303 2077 4357 per

407 4429 412 4432 .
513 4379 986 4434 malefaciendum.
1036 4379 1140 4434 Sed
1173 4380 1285 4433 lucc
1317 4381 1416 4432 tria
1455 4379 1591 4432 mala
1625 4378 1786 4432 simul
1826 4378 2075 4434 ordinata

2171 3194 2248 3262 τῷ
2277 3193 2372 3248 τοῦ
2403 3193 2741 3264 ἀχαριστεῖν,
2769 3189 2938 3247 κακὸν
2965 3187 3009 3240 δ’
3037 3184 3192 3246 αὖθις
3222 3185 3422 3244 ἐκεῖνο,
3485 3178 3546 3232 τὸ
3604 3195 3741 3246 μνη-

2175 3287 2426 3351 σίκακον,
2483 3283 2674 3353 ἀγαθῷ
2737 3283 2892 3347 ποδὶ,
2931 3278 3288 3348 ἐπεμϐαίνειν
3319 3271 3572 3326 ὀκνοῦντι
3606 3267 3741 3338 πρὸς

2174 3380 2439 3434 κάκωσιν.
2467 3377 2678 3448 Φράσαι
2703 3375 2759 3430 δὲ
2792 3375 2968 3436 ἄλλως
2994 3389 3009 3406 ·
3041 3371 3413 3442 παραπέπηγε
3437 3362 3740 3422 κάνταῦθα,

2175 3473 2366 3542 ὥσπερ
2400 3470 2619 3541 ἀρεταῖς
2653 3467 2844 3531 κακία,
2881 3464 3025 3519 οὑτω
3054 3465 3148 3517 καὶ
3178 3462 3346 3532 ἀρετῇ
3381 3456 3742 3528 φαυλότητες.

2173 3562 2502 3633 Μεμνῆσθαι
2544 3558 2642 3630 μὲν
2679 3559 2788 3628 γὰρ
2827 3556 2922 3610 τοῦ
2955 3555 3418 3626 εὐεργετήσαντος
3442 3589 3455 3609 .
3497 3547 3596 3599 καὶ
3639 3543 3746 3612 μὴν

2173 3656 2585 3725 ἀντευεργετεῖν
2613 3653 2756 3708 κατά
2787 3651 2968 3722 ἔργον,
3003 3649 3084 3702 ἔτι
3113 3647 3172 3700 δὲ
3207 3648 3300 3698 καὶ
3333 3643 3540 3696 ἐθέλειν
3587 3641 3745 3708 εὐερ-

2173 3744 2365 3816 γεσίαν
2396 3741 2724 3807 ἀντιδοῦναι,
2766 3737 3112 3809 συστοιχοῦσι
3147 3734 3267 3790 κατ’
3299 3733 3524 3804 ἀρετήν.
3560 3729 3748 3797 Φαύλη

2175 3839 2232 3892 δὲ
2265 3835 2584 3908 προαίρεσις
2619 3832 2936 3904 ἀνθρωπίνη
2965 3827 3251 3900 παρέπηξε
3275 3826 3488 3886 τούτοις
3507 3821 3748 3888 δένδροις

2178 3928 2387 3994 καλοῖς,
2415 3927 2583 3997 φυτὸν
2617 3925 2973 3994 φαυλότατον,
3007 3923 3068 3974 τὸ
3091 3921 3410 3992 ἀχάριστον,
3443 3917 3585 3984 ὅπερ
3615 3913 3752 3964 ἀπο-

2179 4021 2382 4083 τίκτειν
2414 4015 2556 4074 οἶδεν
2590 4019 2624 4088 ὴ
2663 4016 2801 4087 λήθη
2831 4015 2942 4068 τῶν
2972 4010 3323 4083 εὐεργεσιῶν.

2256 4113 2340 4180 ιζ’.
2394 4112 2507 4166 Καὶ
2551 4109 2694 4163 οὑτω
2745 4109 2841 4178 μὲν
2892 4105 3196 4174 συστοίχοις
3245 4102 3473 4163 ταύταις
3525 4097 3754 4168 ἀρεταῖς

2179 4197 2350 4265 κακία
2383 4209 2480 4278 μία
2522 4207 2914 4276 παραπέφυκε,
2951 4201 3142 4271 βαρεῖα
3176 4197 3219 4250 δ’
3250 4193 3518 4265 ἑτέρωθεν
3558 4192 3752 4261 μνήμη

2179 4301 2494 4362 κακώσεως,
2539 4298 2635 4351 καὶ
2679 4295 2823 4366 qua
2856 4294 2994 4361 αὑτῇ
3035 4289 3406 4348 ἀντικάκωσις
3440 4281 3752 4349 κακοποιῆ-

2183 4413 2294 4449 cat.
2334 4391 2498 4445 ’Λλλά
2527 4388 2697 4442 ταῦτα
2733 4385 2858 4456 τρία
2889 4382 3038 4442 κακά
3066 4381 3328 4448 σύστοιχα
3363 4377 3516 4446 παρὰ
3550 4375 3753 4443 θύραν,

513 4471 580 4524 ad
606 4483 836 4540 portam,
869 4481 924 4524 ιιι
954 4472 1128 4534 aiunt,
1159 4471 1532 4525 assimilantur
1565 4471 1652 4524 uni
1690 4470 1899 4537 virtuti,
1929 4469 2065 4524 scili-

2179 4482 2204 4535 ὅ
2230 4495 2418 4550 φασιν,
2444 4478 2672 4546 ἥκουσιν
2704 4476 2872 4543 ἀρετῇ
2897 4471 3018 4542 μιᾷ,
3050 4471 3114 4539 τῇ
3141 4469 3233 4521 τοῦ
3268 4465 3342 4537 μὴ
3373 4465 3581 4518 ἐθέλειν
3616 4463 3757 4524 ὅλως

510 4577 620 4630 cct,
647 4582 750 4618 non
787 4565 1005 4624 omnino
1050 4564 1183 4619 velle
1229 4563 1531 4618 vexationis
1577 4563 1935 4618 meminisse:
1990 4565 2077 4618 cui

515 4661 654 4713 Ιοιιο
677 4657 1052 4727 metuctipsum
1077 4657 1190 4726 ipse
1211 4656 1456 4722 ascribo;
1487 4665 1540 4710 et
1575 4657 1652 4710 sic
1675 4670 1852 4726 neque
1881 4655 2079 4710 malum

514 4768 612 4819 pro
653 4752 794 4804 malo
819 4750 1074 4817 cuiquam
1109 4748 1382 4804 invenirer
1412 4747 1749 4814 reddidisse;
1795 4761 1968 4816 neque
1987 4762 2081 4801 vo-

511 4842 628 4898 lens
645 4843 887 4912 quidem,
913 4843 1006 4895 sed
1030 4856 1134 4894 non
1164 4840 1369 4904 valens,
1395 4839 1680 4894 vindictam
1697 4840 2076 4908 suspendisse:

513 4950 742 5002 quorum
781 4933 928 5001 prius
960 4933 1174 4999 quidem
1211 4932 1532 5001 pessimum,
1584 4933 1854 5000 posterius
1898 4939 2077 4985 autem

515 5025 730 5078 \irtutis
761 5022 1157 5081 simulationem
1190 5023 1424 5093 ingeniis
1457 5039 1562 5078 non
1591 5021 1875 5093 profundis
1909 5021 2083 5091 subji-

513 5132 639 5172 cere
677 5116 811 5170 vult.

595 5209 676 5262 18.
729 5207 786 5261 Si
831 5206 951 5277 quis
1005 5216 1186 5260 autem
1237 5205 1436 5261 dixerit
1484 5204 1706 5274 vulgare
1756 5203 1878 5268 hoc,
1956 5221 1974 5254 ι
2011 5203 2086 5257 ls—

523 5301 615 5354 lud
677 5300 838 5369 igitur
902 5299 1042 5352 unde
1094 5295 1437 5353 manifestqu
1488 5297 1608 5352 est?
1639 5296 1818 5368 primo
1864 5297 2081 5366 quidem

517 5391 773 5445 diScutiat
799 5389 964 5446 vitam
1011 5399 1271 5453 nostram,
1318 5387 1406 5442 ubi
1449 5403 1552 5442 non
1601 5387 1796 5456 poterit
1839 5386 2084 5443 invenire

513 5498 839 5554 quemquam
863 5497 892 5535 a
915 5482 1071 5537 nobis
1100 5481 1303 5552 aliquid
1329 5481 1621 5534 ulciscendi
1645 5495 1806 5536 causa
1831 5493 2080 5549 passum,

515 5576 719 5631 Deinde
770 5574 1163 5630 recentioribus
1214 5572 1414 5628 nostris
1464 5571 1782 5629 infortuniis
1825 5576 2084 5631 adhibeat

515 5683 732 5732 curam,
778 5669 832 5721 in
873 5666 1068 5736 quibus
1104 5679 1265 5718 nemo
1307 5678 1405 5717 nos
1443 5663 1652 5718 audivit
1697 5667 1940 5722 dicentes
1980 5668 2082 5723 ali-

516 5759 649 5829 quid
707 5759 774 5816 ad
824 5760 1081 5815 damnum
1117 5753 1278 5824 hujus
1320 5753 1520 5824 lingua:
1569 5770 1666 5812 nos
1697 5758 2081 5818 calutuniant's

2185 4568 2500 4639 μεμνῆσθαι
2542 4563 2879 4626 κακώσεως·
2924 4556 2968 4628 ᾧ
3011 4561 3073 4630 δὴ
3107 4558 3298 4626 ἀγαθῴ
3355 4554 3596 4624 ἐμαυτὸν
3645 4553 3758 4620 ἐγὼ

2183 4662 2484 4732 ἀποκληρῶ
2509 4677 2524 4692 ·
2563 4660 2656 4713 καὶ
2680 4656 2801 4711 abre
2838 4657 2903 4710 ἀν
2933 4652 3219 4724 εὑρεθείην
3244 4649 3416 4704 κακοῦ
3444 4649 3620 4702 κακόν
3652 4665 3760 4698 τινι

2183 4753 2517 4816 ἀνταποδούς
2543 4751 2722 4822 (τοῦτο
2749 4751 2812 4818 δὴ
2837 4748 2898 4800 τὸ
2927 4743 3249 4817 χείριστον),
3270 4740 3392 4796 οὐδὲ
3425 4741 3533 4811 μὴν
3559 4739 3761 4792 ἐθέλων

2187 4849 2307 4913 μὲν,
2342 4844 2614 4915 ἀδυναμίᾳ
2641 4843 2698 4897 δὲ
2727 4840 3027 4910 ἀπαιωρῶν
3057 4837 3153 4907 τὴν
3185 4836 3403 4905 ἄμυναν
3423 4848 3438 4863 ⁸
3471 4833 3612 4900 ὅπερ
3637 4833 3765 4898 ἁρε-

2183 4938 2281 5004 τῆς
2310 4937 2604 5007 ὑπόκρισιν
2633 4933 2958 5001 ὑποϐάλλειν
2991 4931 3241 5002 βούλεται
3267 4929 3380 4990 τοῖς
3411 4925 3488 4996 μὴ
3515 4923 3766 4994 ἐμϐαθύ-

2186 5045 2388 5084 νουσιν.

2257 5212 2349 5276 ιη’.
2386 5205 2447 5259 Et
2481 5205 2537 5258 δέ
2571 5222 2653 5267 τις
2690 5203 2802 5274 ἔχει
2833 5203 3018 5271 λέγειν
3056 5202 3214 5257 τοῦτο
3246 5202 3310 5274 δὴ
3342 5203 3404 5256 τὸ
3437 5203 3767 5274 δημοτικὸν,

2185 5299 2246 5352 τι
2344 5297 2515 5352 Πόθεν
2588 5291 2698 5350 ἇοα
2761 5296 2920 5350 τοῦτό
2993 5313 3055 5364 γε
3117 5297 3312 5366 δῆλον;
3413 5297 3614 5368 πρῶτα
3665 5301 3770 5366 μὲν

2187 5385 2538 5452 ὲπεξελθέτω,
2562 5379 2643 5448 οἷς
2673 5382 3042 5457 βεϐιώκαμεν,
3084 5388 3142 5440 ὲν
3171 5380 3250 5451 οἷς
3276 5387 3374 5440 οὑκ
3401 5387 3468 5441 ἂν
3502 5388 3768 5457 εὑρέσθαι

2189 5478 2406 5530 δύναιτο
2441 5478 2532 5530 τὸν
2580 5476 2638 5543 ἐξ
2690 5476 2849 5547 ἡμῶν
2897 5478 3202 5532 πεπονθότα
3249 5498 3302 5533 τι
3338 5483 3474 5550 πρὸς
3521 5483 3767 5552 ἀμυναν.

2188 5567 2322 5622 Εἶτα
2355 5569 2455 5630 καὶ,
2478 5571 2590 5631 τοῖς
2630 5568 2858 5639 ἔναγχος
2892 5571 3183 5640 ἡμετέροις
3218 5572 3628 5644 ἐνδιατριψάτω
3664 5595 3773 5627 πα-

2188 5663 2450 5731 θήμασιν,
2486 5662 2543 5713 ὲν
2571 5655 2651 5723 οἷς
2681 5661 2853 5726 οὐδεὶς
2888 5663 3120 5733 ἤκουσεν
3156 5665 3302 5734 ἡμᾶς
3335 5666 3774 5731 ἀποπτύσαντάς

2187 5774 2238 5809 τι
2287 5755 2421 5824 πρὸς
2462 5754 2665 5823 βλάϐην
2703 5755 2801 5823 τῆς
2865 5756 2987 5810 καθ’
3019 5757 3177 5823 ἡμῶν
3229 5758 3483 5814 διαϐόλου
3520 5758 3782 5838 γλώττης
