3968 6244
249 364 352 474 ιιι

1241 396 1546 459 (ΣΟΝΤΒΛ
1582 387 2083 454 ΙΝῙΟΒῙΑΒΗΜ
2119 380 2563 445 MEMORIAM.

3420 370 3525 434 42?.

248 529 494 598 ἐκείνης,
526 527 652 581 οἱδὶ
684 527 739 589 ἐς
770 522 831 577 τὸ
865 522 1050 591 τυχόν.
1091 520 1154 573 El
1191 518 1236 572 δ’
1266 515 1603 586 ἀμφιϐάλλει
1631 511 1833 572 αὐτὸς,
1869 557 1871 565 ,

1983 520 2042 560 cc
2067 504 2185 558 sine
2213 502 2462 558 consilio.
2490 497 2546 552 Si
2571 509 2698 551 vero
2729 491 3106 561 ambigitipse,
3137 488 3331 558 ecquid
3362 489 3528 541 halte-

249 625 346 678 καὶ
379 623 433 677 τί
472 621 540 676 ἂν
567 621 796 690 εἴχομεν
827 615 1161 682 ἀντιϐλάψαι
1194 613 1284 665 τὸν
1323 611 1421 674 τῆς
1456 607 1837 678 πνευματικῆς

251 715 459 782 ἀγέλης
503 710 990 781 άποσκιρτήσαντα
1025 705 1109 775 ἐφ’
1144 703 1444 777 ἡμετέραις
1483 699 1836 763 κακσῦσεσιν;

252 805 386 863 Οἶδα
417 807 540 876 μὲν,
570 806 652 858 ὃτι
682 802 1011 874 κερτομοῦσι
1042 797 1465 867 πυνθανόμενοι,
1499 795 1641 863 ἅπερ
1667 792 1839 845 οἴδασι

253 900 392 970 πρὸς
418 897 731 968 ἀκρίϐειαν.
761 895 823 948 Εἰ
845 895 901 948 δὲ
923 893 1016 946 καὶ
1041 892 1190 946 ἐτεὸν
1216 892 1323 944 ἀπὸ
1350 889 1611 957 σπουδῆς,
1638 887 1665 939 ὃ
1688 887 1842 950 λέγε-

256 1010 371 1055 ται,
424 987 581 1042 ταῦτ’
638 985 992 1056 ἀγορεύουσι,
1047 981 1514 1052 παραδαλλόντων
1566 979 1651 1046 ἐφ’
1693 978 1842 1046 ἡμᾶς

259 1083 624 1152 ἡσυχαίτερον
658 1081 755 1133 ἐπὶ
797 1078 1036 1148 μαθήσει
1060 1092 1074 1106 ⁸
1112 1076 1207 1128 καὶ
1238 1075 1400 1143 ἡμεῖς
1433 1068 1840 1140 ἐξηγησόμεθα.

260 1177 471 1238 ὁποίοις
499 1173 854 1242 ὲνισχημένοι
889 1171 1079 1232 κακοῖς
1103 1169 1203 1222 οὐκ
1239 1165 1644 1237 ὲξελαλήσαμεν
1671 1164 1749 1226 εῐς
1780 1180 1843 1231 γε

263 1269 353 1320 τὸν
393 1265 659 1336 βλάπτειν
681 1265 773 1317 ἐπὶ
804 1262 1031 1324 δικαίοις
1062 1259 1385 1328 δυνάμενον.

341 1359 429 1414 ιθ’.
461 1357 619 1411 υῦτω
646 1356 712 1427 δὴ
745 1355 1094 1424 καταστήσας
1122 1352 1190 1405 τὰ
1213 1352 1500 1420 εἰρημένα,
1535 1349 1608 1411 ὡς
1638 1350 1740 1401 οὐκ
1758 1348 1844 1413 ἂν,

265 1449 458 1523 οἶμαι,
509 1451 710 1522 ῥᾳδίως
760 1447 1208 1516 ἀντιλογηθῇναι,
1261 1444 1483 1510 λαλήσω
1526 1444 1619 1495 καί
1671 1441 1847 1502 ἄλλως

268 1547 398 1617 περὶ
459 1539 676 1597 τὰὺτῶν
737 1538 1144 1609 ὶπιτομώτερόν
1203 1555 1264 1589 τε
1321 1536 1414 1589 καὶ
1472 1536 1846 1604 σαφέστερον,

264 1639 506 1703 δεικνὺς,
530 1639 605 1700 ὡς
639 1639 699 1690 οὐ
734 1634 928 1698 ταύτὰ,
978 1631 1384 1704 μιμνήσκεσθαί
1441 1648 1497 1684 τε
1538 1628 1710 1684 κακοῦ
1757 1629 1850 1680 καὶ

272 1733 639 1804 μνησικακεῖν
703 1726 1078 1796 ἀγαθοποιίας.
1175 1725 1231 1777 Ὀ
1307 1725 1453 1775 δεῖνα
1507 1723 1781 1792 μέμνηται
1831 1736 1845 1752 ο

270 1827 477 1894 ἀγαθὸς
508 1826 615 1895 ἄρα
647 1824 788 1877 ἐστί.
824 1822 1136 1881 Κακώσεως
1167 1816 1296 1892 ἦλθέ
1329 1837 1434 1873 τινι
1473 1819 1660 1888 μνήμη
1689 1833 1702 1846 ·
1740 1817 1849 1887 ἄρα
1889 1862 1930 1919 Β

275 1920 618 1990 μνησίκακος
658 1920 686 1969 ὁ
728 1917 890 1985 ἀνήρ.
922 1916 1017 1976 Τίς
1049 1917 1075 1973 ὀ
1107 1915 1166 1966 τὸ
1213 1911 1433 1980 πρῶτον
1466 1911 1635 1964 εἰπών
1666 1928 1677 1975 ;
1711 1910 1792 1972 τις
1826 1910 1852 1961 ὁ

273 2011 338 2064 τὸ
369 2010 664 2077 δεύτερον;
695 2006 1159 2077 Προδαλλέτωσαν
1184 2005 1411 2066 ἑαυτοὺς
1441 2005 1519 2066 εἰς
1547 2002 1732 2070 μέσον,
1767 2000 1857 2055 ἵνα

276 2105 374 2158 καὶ
414 2102 657 2171 γελῷντο
687 2103 767 2163 είς
792 2101 1056 2170 ἐμφανές.
1100 2098 1384 2168 Μέμνηται
1417 2113 1499 2158 τις
1527 2095 1676 2148 οἴκου
1713 2093 1855 2162 λαμ-

281 2196 426 2265 προῦ
451 2211 466 2225 ·
503 2193 785 2262 οἰκοδόμος
825 2191 935 2262 ἄρα
964 2190 1112 2242 ἐστὶν
1139 2229 1153 2253 ,
1195 2183 1274 2250 οἷς
1319 2187 1614 2257 μέμνηται.
1663 2185 1857 2237 Πλοίου

282 2291 509 2358 μνήμην
551 2288 687 2355 ἔχει,
724 2287 859 2355 πρὸς
902 2284 1097 2353 τέχνην
1137 2280 1538 2350 οίακιζομένου,
1583 2279 1678 2332 καὶ
1716 2277 1858 2331 οὕτω

280 2379 777 2449 παρακρουομένου
824 2378 892 2431 τὰ
946 2375 1106 2445 πέριξ
1152 2372 1413 2443 κύματαο
1467 2369 1861 2438 οἰακοστρόφος

277 2477 504 2540 ἀριστος
544 2473 653 2541 ἄρα
682 2473 748 2540 τῇ
785 2471 972 2540 μνήμῃ
1009 2471 1037 2522 ὁ
1067 2468 1230 2538 ἀνήρ.
1269 2466 1562 2534 Μέμνηται
1593 2462 1688 2515 τοῦ
1721 2479 1859 2532 φορ-

278 2563 437 2618 τικοῦ
491 2562 829 2632 Φαλάριδος·
878 2560 1076 2613 οὐκοῦν
1126 2559 1174 2611 εί
1231 2557 1540 2626 μέμνηται,
1586 2554 1860 2623 τυραννεῖ.

279 2657 614 2725 Μέμνηται,
669 2653 809 2707 κατὰ
854 2650 1104 2722 κρημνοῦ
1155 2647 1338 2704 πεσών
1389 2664 1474 2711 τις
1522 2647 1613 2699 καὶ
1661 2648 1865 2715 ἐκτρα-

281 2751 602 2823 χηλισθείς·
665 2747 850 2802 πταίει
917 2748 1024 2815 άρα
1089 2745 1168 2806 εἰς
1223 2743 1418 2796 ἑαυτὸν
1473 2742 1501 2793 ὁ
1555 2738 1864 2810 ἄνθρωπος.

296 2841 662 2896 ’Δνασκάλλει
694 2842 760 2910 τῇ
792 2838 1021 2910 διανοίᾳ,
1046 2837 1212 2898 κακὸς
1245 2835 1405 2896 αὑτός
1435 2849 1568 2886 ποτε
1603 2829 1864 2898 γεγονὼς,

289 2932 374 2998 οἷς
428 2935 672 3005 ἥμαρτε,
726 2935 817 2985 καὶ
871 2932 936 2999 τῇ
966 2931 1150 3000 μνήμῃ
1183 2925 1407 2997 ἄχθεται
1459 2941 1473 2955 ο
1534 2925 1870 2994 μνησικακεῖ

288 3030 424 3097 γοῦν
449 3026 652 3097 ἐαυτῷ.
685 3024 822 3078 Οῦτε
852 3026 1035 3076 ἐκεῖνα
1069 3022 1232 3091 σοφὰ,
1263 3021 1357 3075 καὶ
1384 3019 1555 3074 ταῦτα
1585 3019 1640 3072 δὲ
1668 3036 1868 3088 κωμῳ-

286 3125 410 3184 δίας
443 3123 602 3185 ἄξια·
653 3116 733 3181 οἷς
773 3113 928 3186 οἶμαι
966 3114 1293 3167 συντακτέον
1335 3112 1429 3165 καὶ
1449 3111 1542 3164 τό’
1579 3109 1870 3178 Μέμνηται

291 3218 404 3280 τιςν
435 3214 742 3275 κακώσεως
792 3206 1041 3263 ὁπωσοῦν
1095 3223 1108 3237 ο

367 3307 436 3365 κ’.
494 3307 621 3358 Ἔτι
680 3306 708 3356 ὁ
759 3303 858 3371 τὴν
929 3297 1300 3370 μνησικακίαν
1347 3294 1592 3365 ἀτέχνως
1649 3296 1870 3364 μνήμην

293 3401 467 3457 κακοῦ
505 3399 540 3468 ἦ
574 3393 874 3456 κακώσεως
913 3391 1100 3455 ἁπλῶς
1129 3389 1451 3462 ὁριζόμενος
1471 3427 1485 3451 ,
1516 3388 1577 3440 ού
1613 3388 1772 3454 μόνον
1804 3386 1874 3440 τὰ

293 3497 351 3558 ἐς
379 3490 670 3562 ῥητορείαν
692 3485 1027 3556 πλημμελεῖ,
1055 3481 1270 3552 καίριόν
1295 3497 1348 3534 τι
1382 3481 1546 3551 μέρος
1578 3476 1672 3530 τοῦ
1702 3493 1876 3546 πανη-

299 3585 550 3654 γυρίζειν
591 3580 823 3644 ἀπάγων
870 3577 1070 3645 αὐτῆς,
1104 3574 1166 3626 τὸ
1195 3571 1456 3642 ψεκτικὸν
1486 3570 1652 3637 (ὅπερ
1677 3567 1775 3619 οὐκ
1812 3565 1876 3619 ἂν

303 3675 638 3732 συνίσταιτο,
691 3665 1050 3736 ὰπαγομένης
1103 3665 1169 3716 ὲκ
1217 3661 1336 3731 βίου
1377 3659 1476 3728 τῆς
1529 3658 1638 3712 τῶν
1687 3656 1878 3711 κακῶν

307 3763 566 3834 μνήμης)
591 3777 605 3792 ⁶
654 3757 793 3812 ἀλλά
829 3773 894 3825 γε
927 3756 1020 3808 καὶ
1063 3752 1123 3806 τὸ
1156 3751 1451 3814 δικανίζειν
1487 3748 1875 3820 παραγράφει,

303 3858 402 3910 καὶ
428 3853 556 3915 τούς
583 3850 860 3928 τεάξονας
880 3844 1120 3908 ἀποξέει,
1148 3842 1244 3894 καὶ
1273 3842 1372 3900 τὰς
1400 3838 1624 3906 κύρϐεις
1654 3835 1882 3889 ἀπαλεί-

307 3966 430 4014 φει,
469 3946 569 3997 καὶ
605 3942 702 4012 τὴν
740 3939 956 3994 ἀδικίαν
994 3933 1386 4006 παῤῥησιάζει.
1423 3930 1593 3991 Αὐτὸς
1629 3927 1726 3999 μὲν
1773 3929 1882 3998 γὰρ

300 4043 403 4095 οὒκ
433 4038 634 4098 ἐθέλει,
669 4035 888 4102 μνήμην
907 4025 1047 4082 εἶναι
1080 4025 1252 4080 κακοῦ
1275 4026 1354 4087 εἰς
1384 4023 1444 4076 τὸ
1473 4023 1603 4076 πᾶν.
1637 4021 1712 4073 Τὸ
1739 4021 1798 4073 δέ
1818 4036 1881 4086 γε

301 4133 582 4186 δικανικόν
616 4129 757 4181 είσιν
789 4125 946 4193 οἵπερ
977 4120 1266 4192 ὡρίσαντο,
1302 4117 1468 4188 μηδέν
1495 4116 1686 4184 ἕτερον
1716 4105 1881 4174 εἶναι,

305 4227 339 4296 ἢ
369 4226 430 4277 τό
475 4242 488 4254 ·
552 4219 701 4290 ἄνδρ’
746 4213 1168 4287 ἀπαμύνασθαι,
1199 4212 1288 4264 ὅτε
1320 4227 1404 4272 τις
1433 4209 1696 4277 πρότερον
1723 4203 1885 4275 χαλε-

305 4322 475 4390 πήνῃ,
505 4316 594 4368 διὰ
634 4313 853 4382 μνήμην
900 4307 1118 4368 πάντως
1163 4302 1335 4356 κακοῦ
1359 4298 1700 4370 ὑπάρξαντος
1720 4313 1734 4326 ·
1766 4297 1891 4348 ἀτεο

304 4386 546 4478 λωςῄμὲν
566 4407 766 4459 ἐκεῖνοι
790 4400 1046 4470 φάμενοι,
1065 4398 1126 4449 ού
1153 4395 1374 4464 μακρὰν
1391 4393 1448 4446 δὲ
1479 4386 1685 4444 σκοποῦ
1709 4387 1890 4460 πάντῃ

307 4519 376 4555 πε
385 4515 568 4559 σοντες
581 4538 594 4550 .

381 4599 488 4646 κα¹.
540 4589 665 4659 Χρὴ
700 4588 910 4650 τοίνυν,
939 4583 1016 4647 ὡς
1057 4581 1225 4644 ἔοικε,
1267 4579 1394 4639 τοὺς
1423 4575 1584 4640 Buta:

309 4683 628 4754 ὲντρανίσαι
657 4676 950 4746 κατηγόρῳ
973 4714 990 4738 ,
1016 4675 1111 4728 καὶ
1146 4669 1509 4738 ἐξαναστῆναι
1537 4666 1632 4720 τοῦ
1664 4665 1856 4735 θρόνου
1875 4701 1890 4729 ,

313 4778 414 4832 καί⁵
441 4776 720 4846 ἧάφεῖναι
745 4770 804 4826 τὸ
829 4769 978 4839 βῆμα
1003 4765 1098 4819 καὶ
1115 4759 1496 4833 ἀναχωρῆσαι,
1520 4758 1554 4828 ἢ
1582 4757 1718 4812 ἀλλὰ
1755 4755 1917 4826 γράον

312 4869 522 4944 duella:
594 4859 962 4934 μνησικακίας
1021 4856 1114 4909 τὸν
1176 4853 1490 4921 ἄνθρωπον,
1541 4851 1626 4903 ὅτι
1691 4864 1901 4918 μεμνηη-

321 4963 479 5031 μένος
508 4954 808 5015 κακώσεως
831 4952 958 5020 ἥκει
987 4948 1164 5001 λύσων
1195 4945 1342 4999 κατὰ
1370 4943 1536 5012 νόμου
1559 4941 1769 4996 δίαιταν
1799 4937 1898 5008 τὴν

317 5051 530 5118 πλοκὴν
564 5047 662 5104 τοῦ
706 5041 915 5106 κακοῦ,
955 5040 1052 5094 καὶ
1093 5034 1521 5104 διαπησόμενος
1581 5029 1898 5101 είρηνικῶς.

320 5145 384 5197 Ei
429 5142 486 5194 δὲ
524 5141 619 5193 καλ⁸
666 5135 1038 5206 παράγγελμα
1087 5132 1230 5183 θεῖον
1273 5127 1595 5188 ὑπόκειται,
1624 5121 1900 5190 τυφθέντα

319 5232 448 5286 τινὰ
475 5233 531 5291 ὲς
559 5205 796 5296 παρειάν
827 5221 1056 5291 στρέψαι
1088 5217 1184 5271 καὶ
1205 5215 1303 5286 τὴν
1340 5214 1557 5282 ἑτέραν,
1591 5209 1818 5277 γένηται
1846 5205 1903 5260 δὲ

319 5326 354 5390 ἡ
391 5319 586 5390 πρώτη
615 5313 802 5384 πληγὴ
840 5311 983 5365 οὕτω
1024 5309 1220 5380 βαρεῖα
1243 5347 1256 5372 ,
1294 5304 1368 5367 ὡς
1409 5301 1544 5372 μηδὲ
1578 5296 1902 5367 πλαγιάζειν

321 5414 471 5483 ἐχειν
502 5412 603 5479 τὴν
636 5406 833 5475 λοιπὴν
852 5443 868 5470 ,
895 5403 988 5456 καὶ
1015 5401 1044 5454 ὁ
1090 5398 1321 5468 πληγεὶς
1347 5393 1504 5456 εἰδὼς
1544 5391 1641 5446 καὶ
1681 5390 1904 5461 μνήμην

322 5481 552 5577 limina
583 5499 784 5563 πάθοι,
833 5496 894 5549 οὐ
938 5493 1165 5562 στρέφει
1204 5488 1398 5543 ἑαυτὸν
1446 5486 1540 5538 καί
1585 5485 1663 5546 εἰς
1716 5481 1903 5549 ἓτερον

325 5573 561 5667 πλῆγμα
583 5636 598 5658 ,
633 5594 740 5664 ήδη
773 5591 832 5644 δὲ
864 5591 960 5642 καὶ
991 5583 1358 5658 ὑποϐρύχοιτο
1393 5579 1665 5643 στενάζων
1695 5575 1771 5646 τῷ
1805 5573 1899 5644 βαο

328 5689 720 5762 ρυαλγήματιο
767 5681 998 5750 εἴπομεν
1047 5679 1114 5731 ἂν
1166 5677 1378 5730 ἐκεῖνον
1421 5669 1774 5744 ἁμαρτωλὸν,
1829 5666 1905 5730 ὡς

328 5759 532 5840 εἰδότα,
587 5776 617 5830 δ
670 5775 897 5843 πάσχει,
927 5771 1022 5822 καὶ
1063 5767 1207 5822 οὕτω
1263 5766 1636 5838 μνησίκακον;
1692 5759 1905 5813 Γελοῖον

332 5875 393 5926 τὸ
418 5871 652 5940 πρᾶγμα
680 5867 774 5920 καὶ
805 5860 1059 5934 ὁρισμός.

1174 3205 1320 3258 ἔστιν
1351 3204 1458 3272 ἄρα
1517 3203 1872 3273 μνησίκακος.
1903 3203 1950 3266 C
1981 3178 2024 3232 εί

1941 614 2127 655 remus
2156 594 2395 650 vicissim
2429 593 2625 647 laedere
2646 601 2979 660 quemquam
3005 600 3034 639 e
3061 581 3326 653 spirituali
3365 595 3528 651 grege

1943 693 2008 748 de
2028 688 2229 744 nostris
2250 685 2530 742 maleliciis
2556 678 2955 738 exsultantem?
2984 675 3112 731 Scio
3142 674 3360 745 quidem
3382 672 3528 741 quod

1941 784 2225 837 vexatorie
2277 783 2665 848 percontantur
2729 787 2848 841 qua:
2910 769 3149 839 perfecte
3203 776 3421 820 norunt.
3469 763 3530 819 Si

1949 893 2079 935 vero
2109 887 2260 932 certe
2285 883 2506 944 propter
2532 869 2793 934 studium,
2825 876 2880 920 ut
2917 866 3134 930 dicitur,
3166 869 3278 917 haec
3301 863 3532 931 loquun-

1957 981 2071 1036 tur,
2112 967 2457 1023 venientibus
2509 965 2574 1016 ad
2607 979 2703 1016 nos
2737 960 2961 1030 pacilice
2993 957 3054 1010 ad
3091 954 3526 1016 instructionem,

1947 1080 2045 1118 nos
2077 1063 2242 1116 etiam
2272 1055 2689 1128 explicabimus,
2737 1051 2933 1120 quibus
2965 1047 3160 1102 irretiti
3209 1045 3368 1099 malis
3411 1059 3520 1098 non

1948 1154 2112 1210 locuti
2147 1154 2409 1208 fuerimus
2447 1147 2609 1207 etiam
2639 1156 2832 1201 contra
2871 1141 3017 1210 illum
3039 1138 3128 1208 qui
3158 1135 3307 1206 juste
3335 1150 3532 1191 nocere

1950 1257 2143 1316 potest.

2021 1340 2108 1395 l9.
2145 1338 2314 1393 Dictis
2341 1337 2416 1390 ita
2441 1330 2772 1390 constitutis,
2799 1336 2858 1380 nt
2884 1339 2990 1381 non
3019 1322 3194 1384 facile,
3224 1329 3376 1390 puto,
3403 1332 3535 1372 con-

1955 1432 2146 1490 tradici
2195 1429 2422 1499 possim,
2475 1424 2575 1478 alia
2618 1422 2790 1475 dicam
2855 1415 3073 1471 brevius
3129 1420 3184 1466 et
3233 1408 3534 1464 evidentius

1952 1541 2116 1591 super
2153 1523 2295 1585 istis,
2331 1517 2626 1573 ostendens
2684 1526 2788 1566 nun
2849 1509 3039 1562 eadem
3071 1518 3195 1559 esse
3249 1495 3535 1554 recordari

1956 1619 2102 1681 mali,
2136 1624 2189 1671 et
2221 1614 2357 1669 male
2392 1605 2701 1664 meminisse
2736 1601 3149 1658 beneﬁciorum.
3172 1593 3386 1662 Aliquis
3417 1605 3533 1642 me-

1957 1711 2116 1766 minit
2148 1727 2161 1762 :
2195 1721 2324 1776 ergo
2358 1710 2532 1759 bonus
2567 1708 2670 1753 est.
2708 1695 3035 1764 lnjnriarum
3070 1687 3233 1742 alicui
3267 1681 3532 1737 memoria

1959 1803 2108 1856 venit
2140 1816 2154 1852 :
2193 1774 2325 1866 ergo
2357 1795 2481 1848 mali
2515 1805 2723 1846 memor
2753 1797 2837 1842 est
2869 1788 3051 1840 homo.
3092 1779 3223 1846 Quis
3256 1777 3385 1830 illud
3420 1774 3534 1843 pri-

1961 1906 2105 1946 mum
2153 1886 2318 1942 dicit?
2360 1884 2484 1955 quis
2537 1883 2640 1937 hoc
2697 1873 3033 1933 secundum?
3079 1871 3132 1924 In
3191 1867 3428 1922 medium
3481 1879 3539 1916 se

1961 1987 2284 2056 producant,
2351 1987 2411 2031 ut
2442 1973 2617 2042 palam
2669 1970 3022 2024 irrideantnr.
3074 1959 3308 2018 lllustris
3344 1958 3538 2010 domus

1959 2075 2158 2143 aliquis
2206 2061 2494 2129 meminit;
2535 2077 2700 2133 ergo,
2740 2057 2939 2128 quibus
2977 2053 3264 2112 meminit,
3314 2049 3399 2102 his
3453 2053 3539 2098 est

1963 2166 2315 2222 architectus.
2376 2156 2540 2213 Navis
2587 2151 2905 2208 memoriam
2964 2145 3124 2200 habet
3166 2142 3301 2194 srite
3346 2138 3541 2206 guber-

1965 2268 2105 2314 natae
2136 2257 2321 2322 sicque
2348 2248 2602 2304 ﬂuctibus
2628 2241 2859 2298 feliciter
2883 2245 3116 2304 ereptae:
3154 2231 3390 2300 Optimus
3413 2241 3542 2292 ergo

1963 2355 2292 2424 gubernator
2327 2345 2414 2399 ille
2442 2342 2528 2396 vir
2565 2331 2932 2394 memorabilis
2962 2338 3063 2384 est.
3095 2322 3401 2380 lnsolcntiae
3433 2336 3544 2370 nte-

1967 2446 2123 2502 tninit
2153 2438 2492 2497 Phalaridis:
2529 2435 2734 2500 itaque,
2765 2427 2890 2497 quia
2920 2411 3542 2488 meminit,tyrannidem

1966 2543 2202 2593 exercet.
2233 2526 2477 2586 Meminit
2505 2520 2701 2590 aliquis
2730 2517 2829 2571 viri
2857 2515 2908 2569 in
2943 2510 3300 2583 praecipitium
3335 2506 3545 2572 lapsum

1966 2635 2023 2680 et.
2072 2628 2534 2690 conquassatum:
2586 2624 2714 2675 ergo
2789 2605 2913 2660 talis
2975 2605 3137 2656 homo
3192 2593 3546 2660 semetipsum

1969 2681 2217 2769 oﬂ'enditi.
2250 2705 2592 2778 Cogitatione
2631 2704 2846 2765 reputat
2883 2694 2999 2762 ipse
3027 2688 3117 2758 qui
3168 2686 3269 2738 fuit
3328 2681 3548 2750 iniquus

1972 2812 2216 2872 malaque
2241 2801 2407 2871 gessit
2427 2805 2479 2850 et
2509 2789 2780 2848 inemoria‘
2802 2786 3119 2841 succenset:
3147 2789 3274 2844 ergo
3299 2772 3421 2826 mali
3440 2787 3552 2824 me-.

1971 2913 2092 2954 mor
2136 2897 2188 2949 in
2239 2892 2475 2960 seipsum
2509 2895 2617 2939 est.
2645 2881 2737 2936 llla
2780 2873 3043 2946 sapientia
3077 2883 3185 2923 non
3244 2872 3391 2926 sunt,
3455 2861 3550 2913 sed

1973 2989 2238 3048 comoedia
2265 2985 2428 3053 digna
2457 2997 2472 3047 ;
2507 2977 2704 3048 quibus
2767 2968 2910 3025 istud
2945 2961 3350 3035 adjungendum
3383 2964 3548 3025 puto:

1978 3083 2176 3150 aliquis
2221 3076 2543 3149 injuriarum
2577 3066 3032 3137 qualitercunque
3086 3051 3381 3109 meminit:
3422 3060 3549 3118 ergo

2033 3171 2274 3230 multatis
2307 3180 2462 3223 tenax
2492 3172 2594 3218 est.

2046 3263 2393 3331 20.1nsuper
2452 3259 2540 3326 qui
2602 3252 2728 3306 ntali
2766 3244 3085 3304 memoriam
3139 3241 3258 3294 sine
3321 3231 3553 3288 artiﬁcio

1979 3360 2294 3418 memoriam
2359 3351 2484 3406 tnali
2551 3348 2665 3402 sive
2725 3339 3025 3396 vexationis
3083 3329 3402 3399 simpliciter
3459 3330 3554 3379 de,-

1980 3453 2116 3519 ﬁnit,
2178 3448 2226 3501 is
2275 3459 2379 3499 non
2425 3439 2595 3494 solum
2656 3431 2887 3487 rhetoris
2939 3438 3108 3479 artem
3172 3416 3433 3476 olIcndit,
3486 3411 3554 3464 ab

1981 3545 2071 3603 illa
2131 3553 2350 3610 gravem
2406 3526 2712 3603 panegyrici
2749 3534 2956 3592 partem
2998 3509 3328 3574 auferendo,
3376 3520 3556 3570 repre-

1981 3637 2298 3693 hensionem
2359 3628 2499 3695 (quae
2553 3636 2658 3675 non
2692 3615 3039 3675 subsisteret,
3067 3604 3278 3662 sublata
3324 3602 3388 3653 de
3448 3595 3557 3648 vita

1985 3728 2253 3784 malorum
2281 3715 2588 3778 memoria).
2621 3711 2712 3766 sed
2744 3709 2905 3761 etiam
2934 3695 3367 3771 iurisdictionem
3398 3687 3559 3740 abro-

1983 3829 2103 3893 gat,
2143 3825 2198 3870 et
2234 3824 2437 3867 amnes
2485 3804 2732 3864 abradit,
2782 3808 2836 3853 et
2887 3791 3098 3848 tabulas
3145 3787 3306 3845 delet,
3357 3791 3409 3834 et
3449 3777 3556 3832 ini-

1927 3925 1935 3931 '
1983 3869 2248 3982 quitatem
2296 3906 2544 3954 excusat.
2589 3893 2706 3961 ipse
2751 3898 2986 3952 namque
3030 3895 3135 3933 non
3184 3875 3295 3928 vult
3337 3869 3560 3923 omnino

2686 3981 2691 3982 γ
2777 3980 2785 3982 ᾗ
2842 3978 2853 3982 _
2943 3977 2954 3982 _
3246 3975 3256 3982 ι
3338 3981 3341 3982 ν
3396 3960 3557 3982 Δηὼ

1989 3960 2079 3982 τ.-

1987 3995 2303 4057 memoriam
2336 4005 2455 4044 esse
2490 3985 2637 4038 mali.
2672 3977 3120 4039 Jnrisdictionem
3172 3975 3349 4020 autem
3394 3960 3560 4026 aliqui

1988 4056 2252 4149 deﬁniunt
2300 4083 2434 4142 nihil
2469 4078 2612 4134 aliud
2658 4089 2778 4132 esse
2825 4085 2986 4140 quam
3035 4063 3221 4119 istud:
3279 4056 3561 4112 llominent

1991 4184 2252 4255 repellere
2299 4191 2421 4232 cum
2457 4169 2651 4241 aliquis
2683 4167 2830 4235 prius
2865 4163 3038 4216 iratus
3093 4164 3209 4217 est,
3241 4154 3310 4204 ob
3360 4160 3564 4200 ιιιειιιοτ

1992 4279 2124 4333 riam
2154 4288 2285 4330 sane
2317 4269 2441 4324 mali
2471 4263 2612 4336 quod
2643 4260 2848 4315 illatum
2884 4263 2969 4309 est
3010 4265 3023 4304 :
3069 4261 3256 4318 parum
3291 4237 3565 4296 sufﬁcien-

1991 4380 2074 4425 ter
2106 4366 2182 4422 illi
2229 4363 2445 4434 quidem
2499 4354 2700 4419 locuti,
2751 4350 2846 4404 sed
2900 4359 3003 4399 non
3047 4340 3268 4400 omnino
3309 4328 3496 4402 procul
3536 4341 3568 4381 a

1993 4477 2124 4517 vero
2153 4460 2492 4513 aberrantes.

1585 4590 1746 4637 οντας
1775 4571 1894 4640 ἅμα,
1924 4557 1968 4610 D
2065 4553 2155 4610 21.
2184 4549 2411 4618 Oportet
2455 4541 2639 4613 igitur,
2674 4543 2733 4590 ut
2758 4537 3004 4601 apparet,
3043 4525 3277 4596 indices,
3311 4517 3399 4570 ubi
3437 4527 3568 4578 cog-

2857 4623 2915 4640 "-
2975 4630 3194 4640 ----ι----.-
3266 4609 3348 4640 ιωι
3397 4605 3565 4640 ...ςιημ

1997 4651 2265 4706 noverunt
2291 4645 2700 4692 accusatorem,
2733 4642 2762 4679 e
2794 4623 2924 4677 sella
2966 4630 3218 4683 surgere,
3266 4609 3349 4662 vel
3397 4605 3565 4656 Iribu~

1999 4739 2086 4792 nal
2114 4736 2365 4789 deserere
2399 4737 2454 4780 et
2484 4721 2759 4780 recedere,
2790 4711 2873 4765 vel
2923 4711 2994 4764 ob
3031 4704 3286 4759 vindicta:
3325 4697 3566 4749 animum

2000 4829 2365 4887 condemnare
2403 4819 2706 4876 hominem,
2730 4807 2875 4879 quod
2913 4800 3218 4858 vexationis
3251 4791 3570 4849 recordatus

2000 4925 2148 4979 venit
2178 4935 2274 4989 per
2307 4911 2596 4972 arbitrium
2633 4905 2764 4977 legis
2797 4899 2924 4955 mali
2969 4896 3168 4952 nodum
3206 4889 3487 4946 soluturus
3515 4889 3570 4935 et

2001 4978 2225 5088 paciﬁci:
2260 5009 2631 5063 discussurus.
2665 4995 2772 5050 Sed
2807 5000 2859 5046 et
2885 4989 2930 5044 si
2977 4987 3218 5043 divinum
3249 4978 3574 5048 subjiciatur

2004 5069 2023 5088 ,ν

2004 5105 2340 5163 mandatum,
2373 5093 2515 5164 quod
2545 5088 2741 5158 aliquis
2780 5087 2831 5137 in
2863 5079 3133 5135 maxillam
3159 5086 3453 5144 percussus
3480 5069 3569 5120 ile-

2006 5200 2129 5252 beat
2162 5201 2215 5248 et
2248 5190 2407 5244 aliaat
2441 5157 2698 5248 prmbere,
2733 5176 2828 5229 ﬁat
2860 5181 3037 5226 autem
3082 5167 3253 5237 prima
3292 5157 3576 5232 percussio

2007 5301 2110 5344 tam
2132 5283 2332 5358 gravis,
2361 5289 2419 5333 ut
2447 5270 2780 5345 impossibile
2803 5267 2870 5321 sit
2897 5265 3120 5317 alteram
3152 5266 3366 5314 vertere
3384 5251 3576 5306 maxil-

2003 5384 2136 5450 lam,
2166 5388 2217 5432 et
2277 5387 2570 5447 percussus
2625 5367 2813 5419 videns
2871 5369 2925 5414 et
2977 5355 3294 5410 memoriam
3344 5350 3576 5402 Italicus.

2007 5474 2148 5543 quod
2186 5482 2379 5540 passus
2408 5464 2500 5526 sit,
2531 5471 2636 5512 non
2669 5469 2728 5509 se
2747 5455 3030 5507 convertat
3064 5442 3128 5496 ad
3158 5442 3318 5494 aliain
3353 5448 3578 5504 ρει-ρων

2007 5581 2218 5629 suram,
2235 5559 2344 5631 jam
2364 5570 2493 5610 vero
2521 5551 2929 5606 suhtnurmurat
2953 5537 3104 5609 gravi
3128 5533 3311 5588 dolore
3331 5540 3575 5598 gemens,

2008 5655 2296 5714 dicendum
2327 5647 2481 5703 nobis
2507 5644 2634 5704 erit,
2664 5639 2816 5694 illum
2840 5639 3206 5703 peccatoretn,
3243 5620 3395 5691 quasi
3432 5615 3576 5686 quod

2010 5749 2211 5819 patitur
2266 5743 2556 5802 scientem,
2627 5738 2682 5786 et
2745 5727 2825 5780 sic
2889 5717 3182 5778 simultatis
3242 5705 3582 5767 memorem!

2008 5839 2250 5898 Rideuda
2278 5845 2332 5895 et
2361 5848 2450 5891 res
2477 5838 2530 5888 et
2564 5819 2823 5885 deﬁnitio.
