3968 6244
322 359 425 426 425

1306 375 1608 437 CONTRA
1653 379 2143 445 INJURIARUM
2175 384 2615 446 MEMORLAM.

3462 385 3566 450 ιεο

319 493 408 537 νος
439 478 668 547 μελετᾷ,
700 480 798 534 καὶ
825 479 1081 537 τίσασθαι
1111 487 1355 555 τυρεύει,
1387 489 1483 542 καὶ
1519 493 1687 546 κακὸν
1725 496 1886 548 ἄντα-

1994 512 2208 567 quoque
2255 499 2548 553 vindictam
2597 500 2686 554 illo
2741 501 3058 566 meditatur,
3111 499 3565 570 machinaturque

319 570 574 625 ποδοῦναι
633 572 829 640 κακοῦ,
886 577 1062 629 ἐκεῖνό
1114 579 1296 647 ἐστιν,
1349 575 1394 635 ὧ
1447 576 1632 652 οὗτοι,
1695 603 1889 658 μνησι-

320 680 451 714 κακε
463 681 531 716 ιν.

388 759 488 807 κε’.
523 752 649 807 Ἐτι
689 757 1252 830 ἑντεθησαυρισμένου
1289 762 1364 832 τῷ
1403 763 1543 818 κατὰ
1577 766 1755 838 ψυχὴν
1792 785 1889 822 τα-

321 843 480 912 μιείῳ
505 846 694 901 θεόθεν
727 849 821 902 καὶ
853 849 948 904 τοῦ
986 852 1084 922 τῆς
1115 854 1341 925 μνήμης
1376 856 1545 911 καλοῦ
1570 859 1653 921 είς
1684 860 1889 930 μυρίαν

317 936 667 1007 εὐεργεσίαν,
693 943 760 1012 ἢν
783 944 1040 999 ἐκθέσθαι
1075 945 1492 1019 βιϐλιογραφίας
1515 949 1600 1020 εἴη
1634 950 1702 1006 ἂν
1723 950 1888 1022 ἔργον

319 1032 560 1100 μακρᾶς,
591 1034 672 1096 τίς
701 1033 767 1088 ἀν
793 1034 938 1090 οὕτω
967 1043 1419 1113 κατεπιχειρήσοι
1449 1045 1718 1115 στεγανῆς
1746 1043 1885 1098 ταύ-

315 1138 413 1191 της
464 1127 884 1197 ταμιειουχίας,
919 1128 996 1195 ὡς
1024 1132 1242 1204 ὀργάνῳ
1297 1133 1472 1205 λήθης
1522 1135 1778 1205 ἐξορύξαι
1824 1136 1888 1190 τὸ

318 1209 603 1280 φύλαγμα,
636 1213 732 1268 καὶ
754 1215 1086 1274 ἀπώσασθαι
1119 1221 1220 1291 μὲν
1242 1221 1304 1275 τδ
1333 1222 1500 1278 καλὸν
1528 1224 1632 1296 τῆς
1663 1227 1888 1298 μνήμης

317 1300 734 1377 πτερυξαμένης
793 1309 905 1364 ἀνω
960 1329 1065 1365 που
1107 1313 1243 1385 πρὸς
1288 1315 1612 1387 Ὄλυμπον,
1667 1319 1888 1372 ἀντεισ·

318 1397 552 1463 αγαγεῖν
609 1397 669 1452 δὲ
722 1398 824 1470 τὴν
879 1401 1135 1473 κίϐδηλον
1183 1405 1390 1476 λήθην,
1455 1407 1555 1479 τὴν
1611 1409 1672 1464 τὸ
1721 1409 1887 1464 καλὸν

319 1483 550 1555 πλάσμα
575 1487 670 1540 τοῦ
700 1487 836 1542 Θεοῦ
859 1491 1396 1562 ἀπανθρωπίζουσαν
1421 1513 1437 1561 ;

384 1585 503 1642 κς’.
543 1574 688 1648 Ἐγὼ
713 1576 808 1636 οὖν
841 1583 1158 1656 μεμνῄμην,
1190 1585 1294 1640 Θεὶ
1320 1586 1519 1660 σῶτερ,
1547 1589 1656 1643 ἀεί·
1683 1591 1886 1663 κεκλή-

317 1684 426 1734 μην
472 1666 618 1722 οὕτω
653 1669 808 1735 εἰδώς
849 1689 907 1725 τε
949 1673 1047 1726 καὶ
1078 1677 1423 1748 ἐπιστήμων,
1462 1680 1556 1734 καὶ
1582 1681 1886 1752 διακρίνειν

316 1758 531 1827 μαθὼν,
575 1762 674 1815 καὶ
722 1763 785 1816 τὸ
839 1763 961 1818 ὅλον
1019 1767 1236 1832 εἰπεῖν,
1296 1767 1601 1842 ἄνθρωπος’
1650 1771 1749 1826 καὶ
1808 1774 1885 1844 μὴ

1992 589 2210 643 modum
2245 591 2561 655 ulciscendi,
2613 609 2821 648 necnon
2864 594 3066 648 malum
3115 609 3213 662 pro
3264 592 3404 652 malo
3436 594 3560 648 red-

1992 679 2176 746 dendi,
2211 681 2312 736 hoc
2340 691 2424 736 est
2449 698 2576 737 vere
2611 685 2735 738 mali
2773 685 3110 739 meminisse.

2059 769 2150 823 25.
2201 771 2355 834 Item,
2421 773 2787 828 thesaurizato
2841 775 2892 827 in
2940 775 3136 829 animas
3185 777 3562 847 promptuario

1956 861 2246 943 divinitus
2298 863 2572 918 memoria:
2616 864 2756 919 bono
2796 866 2846 919 in
2894 865 3039 920 mille
3093 866 3394 934 beneﬁcia,
3431 883 3564 938 quo-

1992 969 2109 1009 rum
2184 954 2453 1024 expositio
2508 954 2727 1026 longum
2777 971 2914 1025 opus
2971 966 3150 1021 esset,
3204 959 3326 1028 quis
3370 974 3562 1013 manus

1993 1047 2047 1101 in
2101 1045 2242 1101 hanc
2287 1047 2662 1102 absconditam
2699 1049 3064 1118 provisionem
3093 1050 3172 1103 sic
3201 1049 3469 1119 injiceret,
3504 1061 3563 1105 ut

1989 1136 2280 1193 oblivionis
2328 1139 2692 1194 instrumento
2743 1138 3077 1193 reconditum
3124 1139 3384 1195 effoderet
3441 1142 3562 1194 the-

1989 1241 2235 1294 saturum,
2264 1239 2324 1284 ut
2373 1240 2587 1284 arceret
2629 1229 2846 1299 quidem
2875 1230 3076 1284 bonum
3110 1231 3390 1286 memoriae
3434 1245 3563 1285 sur-

1988 1334 2107 1374 sum
2169 1321 2451 1378 volitantis
2506 1321 2574 1376 ad
2602 1319 2916 1391 Olympum,
2963 1319 3335 1376 introduceret
3379 1331 3558 1376 autem

1989 1410 2109 1480 ejus
2163 1409 2284 1466 loco
2328 1411 2566 1467 scoriam
2615 1411 2928 1476 oblivionis,
2965 1425 3088 1480 qua
3123 1411 3414 1482 pulchrum
3467 1411 3559 1467 Dei

1989 1498 2196 1568 plasma
2227 1498 2500 1554 deformat
2519 1499 2545 1554 τ

2057 1589 2153 1647 26.
2185 1588 2296 1661 Ego
2319 1605 2470 1655 vero,
2499 1590 2640 1646 Deus
2672 1591 2933 1657 salvator,
2969 1593 3178 1649 utinam
3216 1591 3560 1649 meminerim

1987 1682 2239 1750 semper!
2279 1679 2452 1737 Vocer
2490 1682 2561 1736 ita
2591 1683 2768 1739 sciens
2794 1692 2849 1739 et
2873 1699 3126 1749 noscens,
3163 1692 3218 1741 et
3245 1684 3563 1740 discernere

1989 1773 2200 1840 doctus,
2231 1783 2287 1828 et
2317 1788 2424 1828 uno
2461 1775 2650 1840 verbo,
2681 1777 2872 1830 homo!
2905 1774 3020 1831 Non
3057 1786 3346 1832 convertar
3395 1777 3446 1831 in
3483 1775 3566 1830 le-

311 1849 685 1919 ὲκστραφεὶην
719 1852 800 1916 είς
831 1851 1128 1926 λήθαργον.
1160 1858 1297 1928 μηδὲ
1331 1861 1772 1933 μεταπλασθείην
1805 1842 1886 1927 είς

1991 1865 2315 1935 thargicum,
2357 1879 2458 1922 nec
2501 1873 2835 1922 trausmuter
2866 1867 2918 1920 iu
2953 1868 3199 1934 stultum,
3228 1878 3323 1922 aut
3351 1867 3558 1921 Meliti-

313 1938 738 2011 Μαμμάκουθόν
785 1962 950 2012 τινα,
999 1949 1034 2018 ἢ
1090 1950 1419 2020 Μελιτίδην,
1479 1953 1513 2023 ἢ
1559 1953 1652 2008 τὸν
1692 1955 1885 2026 ἕτερον

312 2035 602 2104 Κόροιϐον,
635 2036 668 2107 ἢ
704 2035 785 2102 si;
820 2038 1126 2110 Πολύωρον·
1159 2043 1297 2112 μηδὲ
1333 2044 1641 2118 κορυζῲην,
1667 2045 1745 2110 ὡς
1780 2065 1886 2118 μη-

309 2125 399 2178 δὲν
433 2127 634 2180 ειδέναι
693 2128 927 2199 κρίνειν,
981 2130 1101 2185 ἀλλ’
1148 2134 1230 2196 είς
1265 2134 1608 2206 ἀνδρείκελον
1647 2154 1886 2208 μεταπε-

317 2218 558 2273 πλάσθαι
578 2261 594 2282 ,
626 2219 724 2274 καί⁸
771 2221 863 2275 τὸν
897 2223 1117 2292 λογικὸν
1149 2225 1464 2296 ψεύδεσθαι.
1497 2231 1657 2303 Acin;
1691 2231 1748 2286 δέ
1794 2250 1886 2303 μοι

313 2311 450 2381 πρὸς
483 2309 550 2383 τῇ
589 2315 781 2386 μνήμῃ
809 2315 918 2369 τῶν
950 2317 1014 2369 ἐκ
1037 2315 1255 2386 φύσεως
1297 2320 1392 2374 καὶ
1419 2320 1482 2373 τὸ
1513 2321 1588 2392 μὴ
1615 2325 1886 2396 κατεργά-

313 2403 530 2467 ζεσθαι,
567 2405 703 2475 μηδὲ
745 2408 844 2470 εἰς’
871 2409 1165 2463 κακοποιὸν
1211 2411 1426 2481 ἄμυναν
1454 2413 1762 2481 τρίϐεσθαι,
1787 2419 1886 2472 καὶ

313 2489 429 2546 οἷον
471 2495 933 2553 ἀπολεοντοῦσθαι
984 2500 1124 2554 κατὰ
1162 2501 1271 2554 τῶν
1311 2503 1542 2574 ἐχθρῶν,
1572 2505 1887 2577 ἐρεθιζόμεα

313 2606 409 2640 νον
437 2592 600 2644 ὁποῖα
632 2593 727 2643 καὶ
753 2591 954 2663 ἀλκαίᾳ
976 2599 1085 2648 τινὶ
1109 2596 1232 2658 ταῖς
1258 2595 1352 2650 ’τοῦ
1389 2597 1735 2668 θυμουμένου
1785 2601 1888 2670 τῆς

311 2680 496 2751 ψυχῆς
545 2683 923 2752 ὕποκινὴσεσι,
955 2684 1024 2738 δι’
1060 2677 1136 2740 ὧν
1189 2687 1358 2757 θυμὸς
1395 2690 1750 2762 ῥιπιςὸμενος
1805 2693 1888 2757 είς

319 2774 467 2842 μέγα
501 2775 673 2827 κακὸν
711 2776 1036 2839 ἀνάπτεται,
1078 2779 1173 2832 καὶ
1212 2779 1344 2833 αὐτὸ
1383 2779 1415 2850 ἢ
1469 2781 1706 2850 μονῆρες
1745 2783 1888 2836 κατά

314 2883 371 2918 τι
412 2865 670 2928 ὓπουλον,
717 2865 750 2938 ἢ
785 2868 881 2921 καὶ
933 2869 1376 2941 ἐπαμφοτερίζον
1417 2871 1506 2925 διὰ
1543 2873 1606 2925 τὸ
1639 2874 1888 2943 ἀντερεί-

314 2959 431 3009 δειν
461 2956 892 3028 φιλονεικότερον
917 2974 932 2989 °
980 2959 1074 3013 καί
1127 2976 1194 3031 με
1238 2960 1565 3032 συντηροίης
1611 2964 1670 3016 ἐν
1701 2965 1779 3034 τῷ
1814 2965 1890 3036 μὴ

316 3049 531 3100 ἐθέλειν
565 3049 1002 3112 ἀνταποδιδόναι,
1051 3052 1147 3104 καὶ
1181 3051 1480 3114 συνετίζοις
1521 3053 1889 3120 φυλάττεσθαι

1987 1961 2130 2024 dem,
2153 1967 2243 2013 aut
2267 1958 2495 2013 alterum
2539 1958 2852 2026 Coroebum,
2879 1970 2970 2013 aut
2998 1959 3282 2031 Polyorum
3306 1961 3321 2016 l
3356 1973 3456 2014 nec
3486 1958 3560 2013 ita

1985 2051 2278 2122 gravedine
2304 2049 2568 2116 laborem,
2601 2061 2658 2105 ut
2693 2050 2828 2106 nihil
2855 2051 3105 2121 judicare
3139 2053 3337 2118 sciam,
3370 2051 3465 2106 sed
3500 2049 3556 2106 in

1986 2142 2220 2198 hominis
2270 2141 2496 2212 ﬁguram
2554 2144 2930 2210 transformer,
2976 2152 3030 2198 et
3089 2145 3354 2200 rationem
3406 2157 3560 2198 meu-

1987 2235 2095 2289 tiar
2117 2234 2230 2289 !.Da
2263 2249 2394 2290 vero
2427 2235 2559 2290 mihi
2592 2251 2713 2289 cum
2754 2237 3014 2290 memoria
3044 2251 3224 2290 rerum
3253 2250 3320 2291 ex
3353 2246 3552 2290 natura

1987 2327 2293 2392 ﬂuentium,
2350 2343 2456 2382 non
2504 2327 2725 2392 couliei,
2757 2342 2857 2382 nec
2901 2331 2967 2380 ad
3018 2329 3305 2397 malignam
3351 2327 3559 2381 conteri

1986 2417 2314 2482 vindictam,
2359 2425 2414 2472 et
2451 2418 2606 2487 quasi
2658 2417 2867 2471 leonem
2906 2417 3019 2470 ﬁeri
3055 2425 3240 2471 contra
3283 2414 3560 2481 inimicos,

1986 2507 2322 2564 stimulatum
2357 2507 2504 2564 velut
2535 2509 2850 2564 saevissimis
2875 2508 3067 2562 animae
3087 2507 3338 2572 motibus,
3367 2505 3563 2576 quibus

1988 2603 2066 2657 ira
2105 2617 2371 2674 succensa
2407 2616 2656 2672 magnum
2686 2600 2740 2654 in
2765 2600 2962 2654 malum
2994 2598 3329 2662 accenditur,
3359 2595 3560 2659 ethoc,

1989 2694 2072 2750 vel
2121 2693 2457 2758 solitarium,
2478 2707 2575 2763 per
2605 2690 2822 2747 modum
2859 2689 3089 2756 alicujus
3112 2685 3562 2743 dissimulationis

1989 2785 2072 2842 vel
2106 2786 2250 2841 inter
2275 2785 2410 2839 duos
2434 2783 2710 2847 libratum,
2745 2797 2842 2853 per
2861 2781 3111 2836 aemulum
3133 2766 3416 2835 resistendi
3443 2776 3564 2832 ani-

1990 2893 2156 2932 mum.
2205 2875 2473 2932 Conserva
2526 2889 2610 2930 me
2666 2875 2718 2930 in
2777 2872 3054 2928 voluntate
3089 2887 3195 2926 non
3225 2867 3562 2926 retribuendi

1990 2969 2214 3033 malum,
2245 2974 2299 3022 et
2334 2968 2465 3022 doce
2490 2981 2578 3020 me
2607 2980 2797 3020 cavere
2824 2963 3201 3032 decliuareque
3250 2979 3277 3015 a
3309 2963 3480 3024 malis,
3502 2971 3562 3012 ut

1992 3077 2020 3114 a
2039 3059 2177 3115 facie
2199 3060 2408 3115 colubri
2433 3058 2691 3131 fugimus,
2715 3073 2782 3113 ne
2802 3056 2963 3112 sicuti
2991 3055 3190 3125 vipera:
3220 3054 3562 3108 suhs‘deutes

316 3143 447 3206 τοὺς
495 3144 701 3200 κακοὺς
765 3141 862 3196 καὶ
910 3143 1220 3211 ἐκκλίνειν,
1270 3147 1345 3208 ὠς
1405 3143 1595 3214 φεύγει
1644 3163 1728 3210 τις
1781 3147 1886 3201 ἀπὸ

1995 3152 2234 3222 irrepant
2254 3159 2307 3207 et
2330 3151 2558 3208 latenter
2585 3165 2684 3206 nos
2702 3156 2965 3219 exsugant
2986 3155 3040 3203 et
3069 3145 3336 3201 occidant.

314 3233 520 3301 ὄφεως,
553 3236 628 3304 μὴ
655 3236 748 3290 καὶ
774 3233 848 3299 ὡς
880 3234 1085 3304 ἔχιδναι
1113 3237 1408 3306 ὑφειμέναι
1436 3239 1765 3310 παρέρπωσι
1794 3239 1892 3294 καὶ

314 3328 528 3398 λήθωσι
557 3327 806 3390 πίνοντές
843 3345 908 3396 με
943 3329 1039 3382 καὶ
1071 3328 1399 3391 κτείνοντες.

389 3417 496 3481 κζ’.
553 3419 673 3470 Ἔτι
729 3421 756 3470 ὁ
796 3419 962 3484 ἀξιῶν
1001 3422 1221 3490 μηδαμῆ
1263 3422 1526 3491 μηδαμῶς
1557 3425 1888 3492 μεμνῆσθαι,

314 3510 374 3564 εἴ
409 3529 494 3574 τις
540 3511 678 3574 ὅλως
707 3512 869 3565 πάθοι
899 3513 1090 3578 κακὸν,
1117 3515 1345 3568 κάκεῖνα
1367 3515 1512 3567 δοκεῖ
1537 3515 1890 3584 προσαξιοῦν.

329 3602 706 3672 Ἑτ·ικράνθης
750 3603 1190 3674 ἀψινθιζόμενοςο
1228 3605 1423 3658 οὐκοῦν
1455 3605 1764 3676 περιτυχι“›ν
1795 3608 1892 3676 μέ-

313 3695 423 3747 λιτι
456 3695 712 3760 ἐκλαθοῦ,
744 3697 793 3748 si
823 3695 1022 3766 πικρὸν
1060 3698 1153 3748 ἐπὶ
1185 3697 1270 3748 σοὶ
1309 3697 1368 3748 τὸ
1420 3696 1686 3765 ἀψίνθιον.
1723 3695 1889 3751 Νενό-

315 3805 516 3856 σηκας,
544 3787 843 3858 ἀρρώστως
874 3787 1064 3842 παθὼν
1085 3789 1212 3859 περί
1253 3806 1304 3841 τι
1353 3789 1534 3858 μέλος,
1577 3790 1674 3842 καὶ
1717 3789 1892 3860 ἤλγη-

316 3897 438 3942 κας’
474 3879 594 3934 ἀλλ’
638 3880 720 3943 είς
774 3880 986 3946 ὑγίειαν
1015 3880 1362 3951 ἐπαναχθεὶς,
1395 3882 1588 3952 μηκέτ’
1637 3882 1696 3933 ἐν
1727 3879 1888 3950 θυμῷ

311 3974 432 4042 ἔχε,
477 3975 528 4027 εί
579 3972 750 4026 κακὸν
794 3974 826 4041 ἠ
866 3973 1042 4035 νόσος.
1093 3973 1234 4040 Ἐγὼ
1279 3972 1336 4026 δὲ
1381 3973 1458 4042 τῷ
1508 3973 1739 4042 τοιούτῳ
1786 3973 1888 4042 μὲν

309 4065 483 4134 λόγῳ,
526 4065 622 4118 καὶ
651 4064 768 4116 ὅσοι
819 4064 1051 4117 τοιοῦτοι
1087 4064 1294 4134 (πολλοὶ
1331 4065 1388 4118 δέ
1422 4064 1550 4133 είσι)
1590 4065 1888 4135 προσχοίην

313 4157 420 4210 οὐκ
454 4156 542 4210 ἄν’
581 4157 921 4228 τεχνὼσαιμι
964 4156 1042 4221 δὲ,
1073 4157 1164 4213 τὸν
1214 4157 1340 4211 νοῦν
1367 4157 1665 4227 ἀπερείσας
1700 4159 1780 4220 είς
1819 4157 1887 4211 τὰ

309 4247 412 4302 τοῦ
445 4249 668 4318 μέλιτος
691 4287 706 4314 ,
744 4249 839 4302 καὶ
869 4249 928 4301 τὸ
963 4250 1105 4302 κατὰ
1161 4249 1384 4320 μνήμην
1421 4249 1619 4319 πικρὸν
1651 4248 1886 4320 ἐκχυμί-

311 4355 417 4401 σας
470 4338 740 4410 ἀντιθέτῳ
793 4339 1164 4408 γλυκάσματι.
1206 4339 1363 4394 Οὕτω
1395 4339 1450 4394 δὲ
1482 4341 1576 4393 καὶ
1619 4343 1683 4410 τῇ
1742 4340 1884 4410 νόσῳ

307 4427 723 4500 προσενεχθεὶς,
764 4427 888 4482 οὔτε
947 4429 1070 4483 κατ’
1103 4429 1272 4498 αὐτῆς
1330 4429 1582 4499 λυττήσω
1644 4445 1881 4498 σκιαμας

2060 3423 2152 3479 27.
2173 3421 2461 3492 Deinceps,
2482 3421 2572 3491 qui
2604 3420 2912 3475 nullatenus
2930 3433 3029 3473 nec
3046 3430 3283 3487 unquam
3311 3421 3567 3484 oportere

1993 3516 2310 3570 meminisse
2339 3514 2555 3578 statuit,
2586 3512 2631 3567 si
2683 3515 2806 3583 quis
2832 3511 3058 3566 omnino
3099 3522 3292 3579 passus
3339 3506 3412 3560 sit
3443 3520 3562 3560 ma—

1990 3607 2123 3669 lum,
2155 3607 2256 3660 ista
2305 3621 2522 3676 quoque
2557 3607 2792 3674 probare
2827 3605 3046 3657 videtur
3077 3620 3093 3657 ι
3131 3601 3460 3655 amaricatus
3502 3611 3565 3652 es

1989 3699 2262 3755 absinthio
2304 3707 2522 3768 potatus
2549 3715 2564 3751 :
2589 3713 2718 3768 ergo
2761 3710 3053 3751 recurrens
3128 3695 3192 3747 ad
3230 3693 3332 3746 mel
3374 3691 3567 3746 oblivi-

1991 3803 2170 3854 scere,
2215 3790 2358 3858 quod
2400 3803 2643 3842 amarum
2679 3788 2778 3842 tibi.
2822 3787 2892 3842 sit
2910 3785 3267 3841 absinthium.
3304 3782 3566 3850 Egreta-

1991 3881 2142 3947 visti,
2167 3881 2348 3950 aliquo
2390 3881 2632 3942 membro
2675 3879 2915 3934 dolorem
2962 3893 3174 3947 passus,
3215 3886 3269 3932 et
3299 3875 3563 3931 doluisti:

1987 3973 2054 4026 ad
2101 3973 2386 4026 sanitatem
2437 3985 2714 4033 reversus,
2761 3985 2863 4024 non
2894 3968 3007 4037 jam
3041 3969 3239 4022 habeas
3272 3967 3326 4020 in
3358 3964 3562 4028 animo,

1987 4066 2132 4136 quod
2192 4065 2393 4121 malum
2448 4067 2519 4119 sit
2579 4066 2824 4120 morbus.
2882 4063 2994 4133 Ego
3050 4075 3182 4115 vero
3247 4058 3566 4131 lmjusmodi

1989 4157 2182 4212 rationi
2239 4164 2292 4211 et
2327 4171 2515 4212 omnes
2553 4157 2761 4212 similes
2795 4156 2977 4226 (multi
3027 4163 3206 4208 autem
3263 4150 3411 4222 sunt)
3457 4165 3566 4207 non

1985 4247 2350 4314 adhaererem;
2377 4259 2494 4304 arte
2528 4263 2655 4304 vero
2682 4263 2914 4304 conarer
2945 4258 3183 4304 mentem
3217 4246 3281 4300 ad
3313 4243 3565 4300 dulcedi-

1990 4355 2116 4393 nem
2153 4339 2331 4395 mellis
2358 4340 2657 4410 applicare,
2701 4355 2910 4396 necnon
2940 4338 3357 4393 amaritudinem
3395 4351 3426 4392 e
3455 4339 3569 4390 me-

1987 4428 2186 4496 moria,
2227 4431 2472 4500 opposita
2514 4429 2822 4498 dulcedine,
2865 4431 3188 4500 exprimere.
3236 4428 3327 4483 Sic
3385 4435 3566 4480 autem

307 4520 448 4590 χῶν,
473 4519 596 4573 οὔτε
628 4520 688 4572 τὺ
715 4521 856 4573 κατά
889 4520 1043 4572 νόσον
1073 4519 1312 4590 ήλγηκὸς
1356 4520 1547 4589 μέρος,
1592 4519 1652 4584 ἐξ
1692 4512 1754 4572 οὗ
1787 4535 1885 4572 κα-

1991 4520 2044 4574 iu
2071 4523 2322 4574 morbum
2359 4520 2564 4590 lapsus,
2606 4536 2708 4575 nec
2754 4524 3016 4576 adversus
3067 4520 3220 4574 illum
3271 4532 3392 4571 cum
3442 4530 3567 4568 um-

305 4610 425 4673 κῶς
454 4606 603 4680 εἶχεν
645 4609 679 4678 ἡ
718 4608 888 4679 ψυχὴ,
939 4609 1255 4681 ὲκτέμοιμι,
1286 4608 1604 4680 χορδεύσας,
1639 4609 1668 4662 ὃ
1699 4625 1885 4676 φασιν,

306 4701 572 4770 ἐμαυτόν·
623 4699 934 4769 ἀνάμνησιν
970 4699 1027 4752 δέ
1068 4715 1195 4752 ποτε
1233 4700 1376 4769 σχὼν
1407 4699 1621 4751 ἐκείνου
1669 4699 1760 4751 τοῦ
1793 4697 1887 4750 ἀλ-

303 4810 462 4860 γους,
489 4791 925 4861 ἀντιπαραθήσω
963 4791 1025 4844 τὸ
1073 4790 1165 4845 τοῦ
1217 4790 1485 4858 ὑγιαίνειν
1513 4791 1634 4858 ἡδὺ,
1675 4791 1763 4842 καὶ
1805 4789 1886 4858 τῷ

308 4884 502 4956 χαρτῷ
533 4883 695 4938 πάθει
745 4883 1008 4954 ἑξωθήσω
1046 4883 1108 4936 τὸ
1150 4882 1336 4952 ἀηδές.
1380 4881 1612 4951 Ὁμοίως
1653 4881 1710 4934 δὲ
1751 4881 1886 4934 πᾶν·

303 4993 440 5042 τως,
485 4975 598 5031 τῶν
645 4974 1088 5029 κακοποιούντων
1125 4975 1178 5028 εί
1203 4991 1307 5027 που
1348 4973 1596 5044 συμϐαίη
1644 4975 1886 5044 ἐπιμνηο

305 5067 507 5137 σθῆναι
552 5083 646 5137 με,
689 5067 784 5120 τοῦ
815 5067 1117 5139 καρδιακοῦ
1151 5067 1431 5137 θησαυροῦ
1480 5066 1885 5136 ἀναλεξάμενος

303 5158 376 5210 τὰ
427 5158 492 5211 ὲκ
544 5157 649 5226 τῆς
672 5160 833 5230 νίκης
877 5158 1102 5213 καὶτοῦ
1141 5158 1527 5229 περιγενέσθαι
1581 5159 1740 5220 καλὰ,
1785 5158 1884 5228 τὴν

309 5251 540 5318 μνήμην
599 5249 701 5320 μὲν
730 5251 956 5305 ἐκείνων
988 5253 1258 5322 ἀφορίσω.
1301 5252 1516 5322 φιλήσω
1541 5251 1597 5304 δὲ
1630 5253 1698 5304 τὰ
1727 5250 1884 5303 ὓστε-

310 5357 407 5408 ρον
442 5341 644 5409 ἁγαθά’
699 5335 774 5394 ὧν
831 5343 1270 5411 ἀντισηκούντων
1330 5342 1426 5396 καὶ
1481 5343 1654 5412 ῥοπὴν
1687 5341 1884 5396 καθελ-

301 5431 517 5486 κόντων
551 5431 803 5501 ἀγαθὴν,
857 5435 937 5496 είς
980 5434 1244 5504 Ἀρπυῖας
1285 5433 1633 5505 ἀνερείψεται
1669 5433 1730 5485 τὸ
1779 5435 1881 5486 οὐκ

294 5522 510 5590 ἀγαθὸν
536 5524 715 5577 ἐκεῖνο
756 5525 1129 5595 μνημόσυνον.
1164 5527 1306 5598 Πρὸς
1337 5527 1547 5590 τούτοις
1577 5526 1878 5596 ὲπανοικρί-

295 5632 382 5666 νω
446 5615 570 5678 τοὺς
619 5616 747 5685 ἐμοὶ
800 5617 1259 5688 σοφιστικιῖπερον
1311 5617 1695 5687 ἐπικειμένους
1725 5658 1740 5683 ,
1781 5618 1878 5669 καὶ

291 5703 506 5758 οῠκουν
594 5706 868 5777 ἀξιώματι
952 5712 1081 5779 περὶ
1162 5712 1528 5781 μνησικακίας
1595 5727 1876 5780 προτεινο-

297 5793 528 5862 μένους,
567 5797 706 5851 ἀλλά
753 5799 958 5867 τυφλὸν
996 5797 1109 5853 οἷον
1167 5803 1374 5871 αἴτημα
1423 5799 1872 5873 προϊσχομένους,

591 5894 862 5959 ΡΑτῐιοι.
916 5898 1031 5961 Gn.
1068 5899 1409 5961 CXXXVI.

1989 4611 2087 4664 bra
2129 4625 2373 4681 pugnans
2426 4610 2684 4676 furerem,
2744 4624 2843 4664 nec
2887 4609 3188 4663 tnembrum
3237 4605 3565 4667 morbidum,

1988 4715 2057 4756 ex
2087 4716 2194 4770 quo
2227 4702 2435 4770 patitur
2457 4703 2660 4766 anima,
2685 4709 3051 4768 amputarem,
3089 4698 3318 4752 minutal
3343 4739 3360 4762 ,
3387 4708 3445 4750 ut
3475 4697 3563 4750 di-

1987 4793 2155 4858 citur,
2191 4808 2255 4847 ex
2299 4809 2384 4848 me
2431 4792 2678 4847 faciens:
2717 4793 2812 4845 sed
2854 4792 3174 4845 memoriam
3224 4789 3384 4860 hujus
3407 4788 3564 4844 dolo-

1987 4883 2064 4938 ris
2111 4881 2406 4951 aliquando
2443 4881 2706 4945 retinens,
2741 4881 2841 4949 ipsi
2874 4880 3128 4936 sanitatis
3163 4879 3562 4948 iucunditatem

1985 4987 2276 5043 opponam,
2296 4985 2350 5026 et
2379 4987 2589 5027 animus
2619 4973 2934 5029 sensatione
2964 4973 3224 5043 repellam
3252 4971 3563 5028 molestam.

1985 5063 2217 5122 Prorsus
2247 5073 2426 5120 autem
2462 5065 2736 5131 similiter,
2767 5067 3180 5136 malignantium
3213 5065 3258 5120 si
3293 5063 3440 5120 forte
3475 5080 3564 5117 me

1987 5153 2302 5209 meminisse
2330 5154 2617 5224 contingit,
2662 5165 2715 5210 et
2741 5170 2771 5210 e
2793 5155 2981 5210 cordis
3044 5157 3305 5210 thesauro
3336 5168 3564 5210 sumens

1987 5246 2124 5302 bona
2161 5261 2280 5316 qua
2322 5246 2390 5301 de
2437 5246 2662 5302 victoria
2716 5248 3097 5317 triumphoque
3142 5254 3305 5309 sunt,
3357 5260 3562 5300 memo-

1986 5336 2122 5390 riam
2165 5335 2382 5405 quidem
2425 5336 2642 5390 illorum
2710 5336 2932 5401 arcebo,
2981 5336 3201 5406 diligam
3241 5344 3420 5392 autem
3468 5347 3563 5401 po-

1985 5428 2219 5482 steriora
2255 5429 2420 5491 bona,
2468 5428 2669 5496 quibus
2715 5429 3200 5495 eompensantihus
3253 5435 3308 5481 et
3359 5429 3554 5479 bonam

1985 5520 2421 5577 Subducentibus
2449 5521 2681 5586 lancem,
2714 5523 2778 5576 ad
2804 5521 3069 5592 Harpyias
3097 5519 3412 5575 sustolletur
3438 5516 3569 5569 lme-

1982 5629 2092 5668 nou
2126 5614 2264 5668 bona
2313 5616 2640 5669 recordatio.
2680 5613 2856 5684 Super
2905 5615 2990 5669 his
3029 5605 3376 5678 interrogabo
3424 5604 3555 5658 mihi

1983 5708 2281 5778 sephistice
2316 5707 2600 5770 instantes.
2637 5716 2692 5762 et
2727 5721 2833 5761 non
2868 5707 3066 5776 placito
3095 5705 3159 5757 de
3192 5699 3314 5754 mali
3349 5711 3557 5749 meme-

1983 5802 2060 5856 ria
2102 5799 2534 5871 propositionem
2577 5810 2865 5871 ponentes,
2910 5798 3002 5852 sed
3045 5807 3245 5849 crecum
3298 5786 3558 5844 videlicet

3165 5888 3240 5946 11s
