3968 6244
325 368 430 431 4Ξ9

1313 372 1614 435 CONTRA
1656 371 2154 436 INJURIARUM
2199 373 2646 439 MEMOl‘tlAM.

3472 380 3576 444 430

328 506 424 558 μαι
457 489 553 540 ἐπὶ
581 487 782 557 χειρῶν
812 487 1000 542 αὐτοῦ.
1042 489 1280 554 Ἐκεῖνος
1321 491 1430 561 γὰρ
1456 493 1654 563 αἴρων,
1690 492 1786 545 καὶ
1816 489 1893 560 τῷ

2005 488 2134 554 lens,
2165 501 2219 547 et
2267 494 2455 563 angelo
2497 511 2618 561 suo,
2680 510 2875 566 magno
2930 498 3423 570 potentissiinoque
3482 519 3580 556 no-

325 577 495 631 αὐτοῦ
519 578 764 647 ἀγγέλῳ,
788 577 864 646 τῷ
905 577 1128 648 μεγάλῳ
1170 581 1265 631 καλ⁵
1295 581 1575 653 κρατίστῳ
1609 579 1768 649 ἡμῶν
1805 578 1902 648 βα-

329 670 485 727 σιλεῖ,
531 672 659 738 περὶ
715 669 852 736 ἐμοῦ
895 669 1298 736 ἐντελλόμενος,
1348 670 1708 740 διαφυλάσσει
1742 688 1807 740 με
1843 669 1902 720 ἐν

323 760 571 822 ἁπάσαις
608 733 760 823 όδοῖςῄ
779 760 970 813 αὐτοῦ.
1003 761 1063 812 Εί
1097 733 1152 814 δέ
1173 733 1294 823 τοῖς
1322 733 1621 831 ἀνειργόσιν
1647 805 1660 827 ,
1695 733 1771 825 ὡς
1801 760 1900 814 πέ-

323 871 593 922 φρασται,
617 853 906 924 λάκκοιςῆ
947 855 1161 916 λέοντες
1193 853 1603 924 ὐφεδρεύουσιν,
1637 854 1670 926 ἢ
1710 853 1900 908 σκόλο-

325 967 421 1012 πες
456 949 608 1014 ὀξέες
642 951 1062 1019 ὲμπεπήγασιν,
1099 950 1130 1020 ἢ
1181 950 1235 1002 εί
1282 969 1335 1003 τι
1382 949 1624 1004 τοιοῦτον
1653 948 1900 1020 ὀλέθριον

328 1042 453 1094 ἄλλο
477 1072 549 1080 -
572 1041 688 1093 ἀλλ’
712 1044 925 1103 ἐκεῖνος
953 1040 1239 1094 κάνταῦθα
1267 1043 1380 1103 τοῖς
1407 1040 1620 1111 ἐχθροῖς
1645 1042 1705 1094 τὸ
1732 1041 1902 1093 ὓπου-

325 1134 409 1185 λον
438 1135 612 1187 κακὸν
641 1136 986 1204 περιτρέπει,
1028 1134 1328 1202 κηδόμενος
1362 1135 1614 1197 πάντως,
1672 1133 1768 1186 εἰτ’
1807 1129 1899 1186 οὖν

237 1249 244 1253 -
323 1225 640 1292 φειδόμενος
694 1228 796 1292 τῆς
830 1224 988 1293 ἡμῶν
1039 1223 1349 1287 ἀσθενείας,
1393 1223 1467 1295 μὴ
1523 1224 1620 1276 κα)⁵
1668 1223 1902 1294 προσκό-

321 1317 524 1384 ιξαντες
555 1316 587 1386 ἢ
625 1315 980 1386 ἀπολώμεθα,
1017 1315 1050 1387 ἢ
1099 1315 1531 1386 παρενεχθῶμεν
1562 1318 1642 1378 είς
1673 1316 1736 1368 τδ
1768 1315 1898 1385 βλά-

325 1425 560 1475 σφημον,
607 1409 704 1460 καὶ
767 1407 905 1478 μηδέ
966 1407 1016 1460 ei
1055 1407 1440 1478 ἐπιχαίροντες
1491 1409 1646 1477 ἡμῖν,
1698 1407 1896 1475 γέλωτι

324 1501 464 1552 κατά
511 1500 603 1552 τὸν
646 1499 871 1554 εἰπόντα
909 1499 1201 1562 ἐκθάνωσι,
1259 1501 1442 1552 τέλεον
1476 1497 1900 1568 ἐγκαυχησάμέ-

323 1611 419 1644 νοι.
459 1593 571 1645 Καὶ
631 1592 772 1644 οὕτω
822 1591 920 1660 μὲν
951 1589 1062 1658 ἐγὼ
1093 1592 1323 1660 χάριτας
1357 1588 1625 1658 ὁμολογῶ,
1658 1591 1754 1652 τὰς
1797 1589 1898 1658 μὲν

323 1684 448 1744 ὅλας
497 1682 575 1750 τῷ
622 1681 800 1751 βοηθῷ
843 1680 981 1751 Θεῷ.
1033 1682 1096 1735 El
1141 1681 1198 1734 δέ
1249 1699 1299 1734 τι
1333 1683 1557 1751 χάριτος
1599 1681 1898 1735 διαϐαίνειν

323 1775 493 1826 ἐθέλει
537 1775 633 1826 καὶ
678 1776 758 1835 είς
800 1775 928 1835 τούς
970 1773 1095 1841 ἐμοὶ
1141 1773 1460 1840 ἐπέχοντας,
1509 1773 1610 1824 οὐκ
1650 1771 1715 1824 ἂν
1741 1767 1895 1840 οἶμαι

323 1865 523 1936 ῥαδίως
566 1865 844 1918 πιστεύειν
897 1865 994 1936 ἔχῃ
1031 1881 1148 1928 τις,
1195 1864 1349 1926 εἰδὼς
1385 1862 1708 1931 διακρίνειν,
1762 1863 1789 1916 ὃ
1840 1879 1894 1915 τι

322 1959 449 2012 ποτέ
482 1961 601 2012 ἐστι
645 1959 704 2011 τὸ
749 1959 1114 2028 εὐχάριστον,
1150 1959 1248 2012 καὶ
1296 1957 1370 2020 ὡς
1425 1958 1523 2008 οὐκ
1562 1956 1629 2010 ἂν
1678 1955 1895 2008 δύναιτο

321 2047 669 2117 εὐχαριστεῖν
711 2051 739 2100 ό
772 2047 1169 2117 βλαπτόμενος.
1210 2047 1523 2115 Ἀγαπητὸν
1559 2045 1670 2116 γὰρ
1710 2047 1805 2099 καὶ
1832 2047 1895 2100 τὸ

324 2138 542 2206 στέγειν
605 2137 914 2207 ἀνοιμωκτὶ
974 2137 1066 2189 καὶ
1108 2135 1285 2205 σιγᾷνο
1324 2133 1384 2186 τὸ
1423 2135 1478 2186 δὲ
1527 2136 1620 2188 καί
1654 2135 1892 2204 ὑπερεύ-

321 2229 542 2299 χεσθαι,
584 2228 727 2281 θεῖον
786 2228 886 2296 μὲν
924 2228 1018 2280 καὶ
1069 2227 1298 2281 ἀνυστὸν
1339 2225 1571 2295 ότιμάλα
1635 2226 1896 2295 Χριστια-

321 2323 430 2384 νοῖς
462 2321 716 2389 ἀγαθοῖς,
749 2319 902 2372 οὐπω
937 2319 994 2372 δὲ
1027 2321 1119 2372 καὶ
1146 2320 1365 2382 πάντως
1398 2319 1746 2390 εὐχάριστον.
1784 2319 1894 2371 Καὶ

320 2412 482 2464 τοῦτο
513 2413 614 2482 μὲν
653 2411 918 2466 τοιοῦτον.

391 2502 497 2555 λα’.
543 2505 608 2556 'll
652 2503 708 2558 δέ
745 2522 835 2573 μοι
868 2503 1252 2576 ἐπηγγελμένη
1285 2502 1380 2556 τοῦ
1421 2502 1562 2558 κατά
1604 2503 1892 2572 ῥητορείαν

323 2591 568 2645 πλαστοῦ
621 2592 808 2660 ἔφοδος
856 2592 1084 2662 τοιαύτη
1137 2591 1220 2652 τίς
1275 2593 1446 2644 ἐστιν.
1493 2588 1894 2642 ’Υποτεθείσθω

321 2685 495 2746 δίοδος
523 2684 843 2752 κρύπτουσα
866 2684 1073 2748 δεινοὺς
1106 2684 1410 2744 ὁδοιδόκους
1431 2680 1659 2752 ληϊστάς
1684 2680 1896 2749 ἀνθρωο

326 2776 484 2828 πίνου
515 2776 708 2843 φύλου,
748 2775 842 2827 καί
892 2792 976 2837 τις
1008 2775 1222 2828 ἐκεῖθεν
1254 2773 1552 2840 ὁδοιπορῶν
1601 2772 1892 2839 ἀπέριττος

325 2867 616 2936 ἄνθρωπος
677 2865 1020 2932 περιπεσέτω
1070 2867 1183 2928 τοῖς
1230 2864 1494 2934 λοχίταις,
1527 2862 1620 2914 καὶ
1673 2860 1894 2913 παθέτω

324 2960 479 3012 δεινά
512 2960 635 3024 δσα,
680 2959 739 3011 ἐν
792 2955 870 3022 οἷς
927 2959 1020 3011 καὶ
1052 2959 1118 3010 τὸ
1150 2955 1600 3024 ἁποθραυσθῆναι
1639 2955 1748 3006 τῶν
1775 2969 1894 3006 και-

328 3052 609 3120 ριωτέρων
639 3052 697 3104 ἐν
735 3050 974 3120 μέλεσιν.
1025 3049 1089 3102 El
1132 3048 1196 3120 δὴ
1241 3048 1349 3100 τῶν
1399 3065 1483 3112 τις
1515 3046 1743 3098 ἐκείνων
1793 3045 1894 3098 οὐκ

327 3143 686 3214 ἀγαθοεργῶν
729 3141 1179 3210 ἀνακτησάμενος
1227 3142 1393 3208 οἴκτῳ
1433 3139 1519 3191 τὸν
1570 3138 1892 3206 κατεαγότα,
1924 3175 1967 3233 c

327 3239 789 3308 παρερριμμένον
818 3237 1156 3305 ἀναλὲιόηται
1177 3274 1192 3297 ,
1222 3234 1316 3287 καὶ
1368 3233 1683 3297 δεξιώσεται
1714 3229 1897 3292 ἀλλοις

325 3330 386 3381 τέ
439 3347 548 3381 τισι
595 3329 693 3382 καὶ
737 3323 816 3391 οἷς
859 3328 1236 3397 βελτιούμενον
1272 3325 1332 3378 τὸ
1386 3323 1764 3377 κατακλασθέν
1820 3324 1899 3384 είς

325 3421 633 3489 ἀρτιότητα
665 3421 758 3472 τὸν
797 3418 1174 3490 βεϐλαμμένον
1225 3417 1493 3484 ἐπανάγει
1533 3414 1758 3484 (κωλύει
1785 3415 1898 3483 γὰρ

324 3513 502 3575 οὐδὲν,
532 3513 626 3564 καὶ
661 3512 862 3563 είδέναι
887 3511 979 3563 τὸν
1005 3510 1211 3581 λῃστὴν
1249 3509 1455 3560 ἐκεῖνον
1489 3491 1779 3576 φάρμακα,
1816 3501 1898 3570 οἷς

327 3605 476 3656 ἔστιν
521 3603 778 3657 ἀκεῖσθαι
823 3603 891 3654 τὰ
935 3601 1207 3668 τοιαῦτα),
1249 3600 1343 3652 καὶ
1389 3600 1416 3650 ό
1461 3598 1898 3669 θεραπευόμενος

325 3693 522 3760 λόγους
562 3692 922 3761 εὐχαρίστους
953 3691 1208 3761 προάγει,
1237 3690 1333 3744 καὶ
1350 3691 1560 3754 τούτοις
1585 3692 1721 3752 τέως
1743 3691 1899 3760 ἀμεί-

325 3783 488 3835 ϐεται
535 3783 629 3834 τὸν
677 3782 1020 3847 πατάξαντα,
1056 3781 1211 3843 τέλος
1247 3782 1302 3834 δέ
1337 3783 1428 3834 καὶ
1467 3781 1896 3851 ἐπανακληθεὶς,

325 3877 406 3936 ei;
438 3875 576 3944 ὅπερ
609 3869 701 3945 ἦν,
736 3873 1019 3926 θεοκλυτεῖ
1059 3875 1458 3942 ἐπευχόμενος,
1499 3879 1594 3926 καὶ
1621 3873 1900 3942 ὑπισχνεῖ-

323 3983 418 4016 ται
450 3966 518 4016 τὰ
555 3965 753 4033 λῴονα,
812 3966 908 4017 καὶ
957 3965 1065 4034 πρὸ
1098 3963 1276 4017 ποδῶν
1324 3963 1530 4033 ῥίπτων
1570 3965 1759 4016 ἐαυτὸν
1800 3962 1898 4014 τοῦ

327 4055 681 4125 ἀκεσαμένου
725 4058 780 4116 ἐς
805 4057 1052 4122 γνήσιον,
1083 4054 1497 4123 ἀμεριπλέκεται
1536 4057 1661 4117 τοὺς
1704 4054 1894 4117 πόδας,

326 4148 423 4198 καί
469 4162 531 4213 γε
569 4143 892 4212 καταφιλεῖ”
922 4144 951 4196 ὁ
974 4145 1156 4196 τοίνυν
1188 4143 1426 4205 τοιοῦτος
1459 4143 1804 4212 ἀμνηστῆσαι
1833 4143 1898 4195 ἂν

324 4241 443 4309 ἔχοι
475 4239 571 4292 καὶ
593 4232 666 4292 ὧν
711 4239 871 4292 πάθοι
906 4237 1034 4290 ποτὲ
1070 4239 1281 4302 κακῶν,
1331 4239 1424 4290 καὶ
1469 4237 1766 4304 ἀπαλεῖψαι
1799 4237 1898 4306 μὲν

323 4330 468 4382 αὐτά
515 4328 617 4400 τῆς
670 4330 811 4382 κατὰ
860 4327 1040 4399 ψυχὴν
1072 4329 1286 4392 δέλτου,
1334 4329 1682 4398 ἀνάγραπτον
1719 4328 1776 4381 δὲ
1805 4328 1902 4395 φέ-

329 4439 447 4491 ρειν
485 4421 646 4491 μόνον
695 4420 758 4472 τὸ
803 4419 1167 4485 ἀκεσώδυνον,
1217 4421 1319 4472 οὐκ
1367 4415 1520 4487 οἶμαί
1551 4435 1636 4486 γε,
1675 4420 1768 4471 καὶ
1798 4419 1901 4472 οὐκ

1926 1832 1967 1887 Β
2000 1854 2074 1906 sit

2005 590 2120 634 stro
2155 585 2266 651 regi
2306 586 2370 636 de
2405 599 2486 638 me
2513 589 2803 653 mandans,
2842 590 3077 642 custodit
3111 607 3199 646 me
3232 593 3283 646 in
3329 593 3581 648 omnibus

2004 672 2105 724 viis
2142 676 2277 728 suis.
2333 676 2388 728 Si
2454 693 2581 730 vero
2615 680 2946 747 patentibus,
2979 691 3034 734 ut
3062 682 3264 737 dictum
3296 694 3397 748 est,
3435 685 3579 739 lacu-

2001 764 2102 818 bus
2133 766 2212 820 vel
2249 767 2431 822 leones
2463 769 2807 835 insidiantur,
2837 773 2914 826 vel
2940 774 3190 841 praeacuti
3216 775 3318 844 pali
3346 777 3580 846 deﬁgan-

2001 861 2109 921 tur,
2141 857 2379 911 velaliud
2410 860 2537 929 quid
2572 861 2870 930 lmjusmodi
2895 862 3198 918 lctliilerum
3233 867 3324 929 sit,
3353 868 3575 923 tumille

2001 963 2216 1017 quoque
2242 950 2346 1006 hoc
2397 952 2632 1006 inimici.
2665 953 3065 1008 dissimulatum
3099 957 3298 1012 malum
3333 958 3577 1026 invertit,

2000 1035 2224 1088 omnino
2249 1051 2474 1101 curans,
2519 1039 2632 1094 sive
2665 1043 2938 1110 parcendo
2966 1053 3204 1098 nostram
3237 1048 3572 1104 debilitatem

2001 1141 2248 1190 servans,
2301 1143 2366 1181 ne
2417 1130 2730 1184 scandalum
2760 1135 2906 1202 passi
2950 1134 3032 1188 vel
3058 1134 3457 1206 dispereamus,
3494 1143 3578 1197 vel

2003 1215 2054 1268 iu
2086 1215 2475 1286 blasphemiam
2521 1219 2868 1285 inducaiuur,
2919 1239 3093 1294 neque
3151 1228 3308 1282 nobis
3348 1229 3582 1285 irriden-

2002 1316 2103 1365 tes.
2128 1307 2239 1360 risu
2263 1308 2416 1376 juxta
2443 1312 2813 1379 proverbium,
2843 1314 3166 1380 moriantur,
3192 1317 3244 1370 in
3272 1319 3431 1373 linem
3462 1321 3578 1388 glo-

2000 1399 2226 1454 riantes.
2264 1401 2333 1455 Et
2361 1403 2435 1457 ita
2471 1404 2688 1473 quidem
2723 1421 2821 1480 ego
2843 1407 3046 1475 gratias
3071 1410 3325 1477 proﬁteor
3346 1453 3360 1476 ,
3394 1425 3447 1466 et
3479 1415 3576 1468 has

1999 1493 2214 1560 quidem
2251 1503 2389 1549 totas
2431 1497 2736 1551 auxiliatori
2774 1499 2905 1553 Deo.
2959 1500 3014 1554 Si
3048 1515 3177 1556 vero
3216 1503 3344 1572 quid
3393 1506 3579 1573 gratia:

2001 1587 2236 1640 transire
2276 1587 2406 1642 velit
2436 1591 2600 1642 etiam
2630 1594 2696 1643 ad
2741 1606 2836 1646 eos
2868 1591 2958 1660 qui
3015 1608 3103 1647 me
3160 1608 3576 1663 persequuntur,

2000 1690 2186 1742 neruo,
2229 1688 2394 1745 puto,
2442 1680 2674 1735 faciliter
2723 1687 2942 1738 credere
2997 1686 3213 1752 poterit,
3263 1687 3576 1743 discernere

1999 1766 2206 1831 sciens,
2255 1771 2378 1836 quid
2425 1771 2497 1823 sit
2529 1774 2834 1840 gratitudo,
2877 1778 3254 1845 quntuodoque
3303 1793 3409 1832 non
3445 1794 3576 1848 pos-

2133 1858 2337 1924 gratius
2397 1873 2556 1926 agere
2607 1860 2786 1916 laesus.
2841 1860 3003 1917 Juxta
3055 1864 3376 1918 cliaritatem
3428 1867 3574 1920 enim

1996 1953 2104 2007 est,
2155 1947 2204 1998 in
2256 1958 2467 2004 secreto
2511 1965 2726 2018 gemere
2785 1954 3074 2024 silercque,
3130 1969 3227 2022 pro
3255 1957 3573 2012 laedentibus

2000 2048 2183 2090 autem
2217 2054 2395 2104 orare,
2426 2040 2671 2094 divinum
2701 2046 2914 2112 quidem
2944 2056 3025 2102 est
3049 2058 3101 2102 οι
3127 2048 3404 2117 possibile,
3435 2063 3573 2117 prm-

2000 2130 2185 2182 sertim
2215 2131 2368 2186 bonis
2400 2133 2746 2201 Christianis,
2783 2140 3017 2194 nondum
3047 2154 3173 2193 vero
3210 2157 3428 2210 quoque
3459 2156 3575 2195 om-

2000 2221 2130 2272 nino
2161 2223 2364 2290 gratias
2391 2237 2571 2292 agere.
2616 2226 2680 2278 Et
2712 2228 2810 2280 hoc
2847 2230 3061 2297 quidem
3088 2241 3169 2284 est
3199 2233 3324 2285 tale.

2070 2484 2279 2539 ὄπυιε
2317 2499 2443 2538 vero
2472 2500 2632 2554 quam
2663 2485 2885 2556 promisi
2919 2485 3214 2540 secundum
3237 2486 3570 2541 rhetoricam

2002 2577 2234 2631 ﬁctionis
2288 2579 2374 2631 via
2436 2578 2557 2632 talis
2591 2587 2693 2632 est.
2755 2580 3101 2646 Supponatur
3129 2579 3393 2632 transitus
3422 2577 3570 2632 diros

2003 2668 2226 2719 immani
2274 2670 2490 2737 generis
2539 2669 2868 2737 praedatores
2901 2668 3102 2734 celans,
3133 2679 3187 2721 et
3215 2668 3413 2736 aliquis
3467 2669 3571 2721 iter

2004 2758 2128 2810 illac
2162 2759 2367 2812 faciens
2398 2760 2650 2813 incautus
2674 2759 2837 2813 homo
2873 2759 3075 2812 incidat
3112 2758 3163 2811 in
3195 2759 3567 2821 insidiatores,

2002 2849 2347 2917 crudeliaque
2407 2852 2680 2918 patiatur,
2747 2850 2944 2919 quibus
2998 2849 3240 2903 membra
3293 2849 3570 2903 letlialiter

2006 2941 2344 2993 sancientur.
2399 2941 2454 2993 Si
2507 2941 2630 3010 quis
2685 2954 2847 3008 porro
2893 2940 3116 2994 istorum
3150 2955 3255 2992 non
3292 2939 3570 2994 beneﬁco-

2005 3046 2164 3096 rum,
2215 3033 2593 3086 misericordia
2633 3034 2971 3086 vulneratum
3009 3032 3332 3101 suscipiens,
3367 3033 3568 3086 relevat

2004 3123 2293 3192 deiectum,
2311 3133 2368 3179 et
2389 3123 2710 3192 quibusdam
2736 3124 2854 3178 aliis
2878 3124 3190 3178 humaniter
3211 3125 3427 3192 excipit,
3449 3126 3569 3193 qui-

2001 3214 2123 3280 bus,
2171 3223 2423 3283 reparato
2473 3216 2614 3285 quod
2663 3224 2883 3287 ruptum
2937 3225 3076 3281 erat,
3101 3217 3166 3269 ad
3198 3217 3564 3285 integritatem

2003 3303 2185 3356 Iesum
2231 3304 2455 3358 reducat
2503 3303 2664 3375 (nihil
2714 3305 2858 3360 enim
2887 3304 3085 3369 obstat,
3130 3305 3258 3373 quin
3301 3305 3569 3374 prazdutor

2005 3395 2095 3448 ille
2114 3396 2353 3449 remedia
2387 3407 2596 3458 noscat,
2629 3398 2825 3464 quibus
2861 3398 2986 3450 talia
3014 3398 3238 3451 vulnera
3262 3399 3566 3465 curentur);

2001 3496 2056 3541 et
2101 3500 2322 3541 curatus
2373 3489 2574 3556 gratias
2615 3488 2762 3556 agit,
2818 3490 3012 3558 quibus
3065 3491 3228 3543 etiam
3277 3503 3570 3558 percusso-

2000 3592 2116 3632 rem
2188 3578 2563 3632 vicissitudine
2638 3581 2836 3640 donet,
2895 3578 3237 3647 tinaliterque
3287 3582 3570 3632 restitutus

2001 3671 2054 3723 'rn
2112 3669 2167 3724 id
2200 3671 2342 3738 quod
2397 3670 2548 3738 prius
2592 3679 2730 3736 erat,
2789 3673 3008 3739 supplex
3060 3670 3227 3724 Deum
3277 3679 3569 3739 praeatur;

2001 3765 2206 3830 Optima
2247 3762 2570 3830 pollicetur,
2619 3772 2675 3816 et
2721 3771 2846 3816 ante
2891 3765 3053 3831 pedes
3115 3762 3306 3817 medici
3356 3764 3572 3817 sincere

2001 3867 2060 3907 se
2096 3855 2408 3923 projiciens,
2440 3855 2557 3922 ejus
2586 3853 2927 3922 amplectitur
2962 3855 3124 3922 pedes
3167 3865 3219 3908 et
3247 3854 3522 3908 osculatur
3553 3872 3566 3906 :

2001 3945 2121 3999 talis
2167 3945 2329 4014 igitur
2375 3944 2621 4001 oblivisci
2681 3945 2896 4000 debebit
2955 3963 3140 4002 eorum
3195 3963 3312 4017 quae
3379 3963 3568 4017 passus

2001 4046 2084 4089 est
2119 4036 2409 4102 malorum,
2437 4049 2488 4090 et
2514 4035 2602 4090 illa
2653 4038 2870 4106 quidem
2899 4054 2961 4092 ex
2991 4039 3186 4094 animae
3215 4040 3395 4094 tabula
3429 4041 3572 4094 dele-

2004 4143 2094 4188 re,
2161 4127 2421 4196 scriptum
2485 4140 2664 4182 autem
2711 4130 2886 4184 solum
2932 4146 3122 4202 gerere
3179 4131 3568 4199 lcnimcntum,

2003 4234 2110 4273 non
2174 4231 2322 4288 puto,
2369 4230 2422 4274 et
2481 4237 2584 4275 non
2640 4236 2738 4293 ego
2793 4223 2964 4290 solus,
3018 4224 3112 4279 scd
3163 4225 3404 4292 et3alius
3452 4227 3574 4296 qui-

2002 4325 2218 4385 cunque
2275 4313 2365 4368 sit.
2422 4315 2550 4370 Dico
2597 4331 2728 4370 vero
2781 4319 2920 4385 quo-.l
2968 4317 3203 4389 primum
3240 4319 3458 4388 quidem
3503 4320 3571 4374 ad

2006 4417 2444 4472 unamquamque
2469 4407 2715 4476 corporis
2746 4409 3106 4473 curationem,
3138 4409 3335 4464 deinde
3353 4426 3568 4479 quoque

323 4515 492 4575 αὐτδς
527 4513 663 4581 ἐγὼ,
697 4511 813 4566 ἀλλ’
843 4512 965 4565 οὐδέ
1018 4511 1175 4573 ἀλλος
1197 4551 1212 4576 ,
1266 4511 1416 4571 ὅστις
1449 4510 1567 4562 ποτ’
1596 4505 1711 4562 οὖν.
1741 4505 1898 4576 Λέγω

2005 4509 2125 4545 cum
2161 4494 2300 4548 forte
2339 4495 2412 4548 illi
2444 4495 2536 4565 qui
2581 4497 2796 4551 sanavit
2825 4497 3011 4552 obvius
3057 4499 3180 4562 fiet,
3239 4500 3392 4568 juxta
3446 4515 3573 4554 vero

323 4608 405 4668 δὲ,
438 4607 514 4668 ὡς
551 4606 742 4674 πρῶτα
790 4605 889 4674 μὲν
929 4603 1050 4658 καθ’
1082 4605 1318 4673 ἑκάστην
1353 4603 1646 4672 θεραπείαν
1673 4603 1764 4654 τοῦ
1795 4603 1901 4653 σώ-

330 4715 524 4768 ματος,
563 4695 681 4748 εἶτα
728 4698 824 4748 καὶ
857 4696 945 4746 ὅτε
981 4711 1082 4746 που
1116 4693 1328 4762 ἐντύχοι
1369 4693 1447 4762 τῷ
1474 4691 1896 4763 θεραπεύσαντι,

325 4791 425 4839 καὶ
451 4785 596 4838 κατά
631 4784 824 4852 λοιπὴν
864 4783 918 4834 δὲ
948 4785 1252 4852 ἀνάμνησιν
1273 4783 1564 4851 προτρέχοι
1591 4783 1655 4834 ἂν
1674 4783 1838 4834 αὐτοῦ
1864 4783 1898 4849 ἡ

327 4877 524 4945 μνήμη
570 4874 673 4940 τῆς
706 4869 1036 4933 κακοποιίας
1072 4870 1310 4938 ἐκείνης,
1341 4865 1410 4940 ἧς
1441 4872 1895 4937 ἀνακεκόμισται.

324 4969 587 5020 Μάλιστα
631 4964 735 5034 μὲν
766 4958 863 5016 οὖν
894 4961 1035 5014 κατὰ
1070 4961 1137 5013 τὰ
1171 4959 1666 5029 συνανεζυμωμένα
1704 4960 1737 5028 ἥ
1771 4977 1898 5012 συν-

320 5059 602 5127 τετηκότα
659 5055 770 5108 τῶν
829 5057 1120 5123 σωμάτων,
1175 5053 1270 5106 καὶ
1323 5053 1465 5104 οὓτω
1527 5051 1594 5104 δι’
1652 5050 1898 5120 ἀλλήλων

318 5149 554 5218 ἥκοντα,
586 5145 932 5216 συμφύροιτο
953 5145 1018 5197 ἂν
1039 5143 1134 5196 καὶ
1161 5145 1226 5214 τῇ
1256 5145 1351 5204 τῆς
1377 5141 1680 5212 θεραπείας
1709 5143 1898 5212 μνήμῃ

319 5245 356 5310 ἡ
415 5240 516 5307 τῆς
554 5239 908 5298 κακοποιίας.
963 5236 1075 5288 Καὶ
1111 5238 1500 5297 immuni;
1535 5235 1564 5286 ό
1611 5233 1899 5304 ἄνθρωπος

320 5335 406 5393 είς
441 5332 501 5383 τὸ
561 5331 660 5400 τῆς
692 5329 909 5396 φύσεως
937 5324 1019 5391 εὖ,
1047 5327 1154 5380 οὐδ’
1176 5326 1347 5388 οὕτως
1381 5326 1446 5380 ἂν
1471 5325 1586 5397 ἔχοι
1615 5325 1894 5392 λαθέσθαι,

319 5420 402 5478 ὧν
426 5421 618 5479 πάθοι.
677 5421 792 5474 Καί
829 5435 935 5472 που
968 5421 1046 5488 τῷ
1079 5421 1254 5489 λῃστῇ
1315 5418 1687 5489 Ἀσκληπιάδῃ
1719 5419 1898 5490 χρόνῳ

321 5516 463 5570 τοτὲ
521 5511 837 5584 περιτυχὼν
872 5512 1186 5565 ἀσπάσεται
1241 5509 1341 5582 μὲν
1379 5510 1573 5580 ἡδέως.
1629 5509 1900 5580 περιπτύ-

322 5609 506 5673 ξεται,
541 5605 883 5659 κατακλύσει
925 5603 1193 5673 ῥεύμασιν
1227 5603 1489 5665 ἐπαίνων,
1546 5604 1897 5656 ποτνιάσετιι

319 5701 381 5754 δὲ
446 5700 540 5752 καὶ
602 5702 684 5760 εἰς
737 5697 920 5760 ξενίαν
962 5696 1111 5766 αὐτῷ
1153 5695 1472 5764 ἀφικέσθαι.
1513 5697 1625 5748 Καὶ
1682 5697 1896 5759 ἐκεῖνος

323 5790 609 5858 ἀφίξεται,
646 5790 740 5844 καὶ
771 5787 1014 5859 χαρίτων
1074 5789 1472 5844 συναπολαύσει
1538 5787 1629 5842 καὶ
1661 5787 1889 5859 φιλοτη-

2011 4596 2267 4640 culter-am
2316 4590 2747 4642 recordationem
2811 4590 3210 4658 praaoccupabit
3256 4605 3377 4642 eum
3430 4591 3574 4642 illius

2009 4680 2268 4732 memoria
2327 4679 2524 4744 morbi,
2579 4695 2609 4732 ο
2659 4695 2766 4746 quo
2803 4690 3082 4733 revocatus
3127 4690 3230 4733 est.
3266 4679 3573 4735 Praesertim

2010 4781 2186 4825 autem
2213 4771 2428 4840 quidem
2470 4771 2514 4824 si
2547 4772 2786 4824 membra
2815 4769 2976 4825 simul
3005 4771 3486 4826 fermcutcscercnt
3519 4785 3576 4827 et

2011 4863 2377 4930 liqueliereut,
2409 4872 2462 4915 et
2511 4862 2582 4915 ita
2615 4863 2750 4916 febri
2786 4873 3223 4930 penetrarentur,
3280 4866 3575 4917 curationis

2008 4953 2286 5008 meritoria
2311 4953 2571 5006 memoria
2605 4951 2852 5006 maleﬁcii
2881 4955 3218 5007 misceretur.
3253 4954 3357 5008 Sed
3392 4958 3441 5007 in
3476 4955 3576 5008 bo-

2009 5061 2138 5099 num
2165 5056 2368 5098 natura
2401 5055 2599 5099 statum
2627 5045 2789 5098 homo
2819 5045 3120 5109 restitutus,
3149 5062 3214 5098 nc
3247 5049 3326 5100 sic
3356 5048 3575 5112 quidem

2010 5138 2207 5204 poterit
2253 5153 2443 5190 eorum
2477 5152 2600 5204 qua:
2653 5152 2846 5206 passus
2882 5149 2964 5190 cst
3015 5138 3287 5193 oblivisci.
3337 5138 3404 5192 Et
3437 5139 3575 5192 torto

2010 5232 2294 5298 pra-datori
2330 5230 2542 5284 tandem
2573 5244 2867 5284 occurrens
2893 5229 3223 5299 Esculapio,
3251 5246 3372 5286 eum
3405 5233 3577 5285 liben-

2010 5331 2094 5376 ter
2127 5324 2343 5389 quidem
2377 5322 2552 5375 amice
2588 5322 2864 5387 salutabit,
2915 5323 3402 5393 ainplcrtcturque,
3455 5324 3574 5377 lan-

2010 5416 2136 5466 dum
2185 5416 2403 5468 ﬂuentis
2443 5415 2748 5478 exundans,
2799 5418 2893 5469 sed
2939 5429 2992 5468 et
3027 5415 3263 5484 rogabit,
3304 5429 3360 5469 ut
3395 5418 3446 5469 in
3479 5418 3575 5467 lio-

2009 5507 2230 5574 spitium
2264 5507 2330 5560 ad
2367 5521 2424 5561 se
2457 5507 2661 5559 veniat.
2700 5506 2768 5560 Et
2821 5505 2910 5560 ille
2959 5508 3159 5572 veniet,
3189 5517 3242 5560 et
3278 5523 3399 5561 eum
3441 5521 3570 5574 gra-

2009 5600 2101 5654 tiis
2142 5599 2305 5653 etiam
2341 5613 2602 5667 prospera
2627 5598 2802 5652 salute
2832 5600 3062 5655 lruetur.
3094 5600 3211 5655 Jam
3240 5612 3365 5652 vero
3390 5598 3573 5665 hospi-

2009 5694 2142 5748 tium
2207 5693 2441 5747 vit-issim
2477 5693 2621 5745 dabit
2646 5701 2700 5745 et
2731 5692 2978 5762 accipiet.
3026 5693 3080 5746 Si
3115 5705 3238 5742 vero
3272 5691 3391 5757 quis
3426 5691 3564 5742 inte-

2011 5799 2102 5840 rea
2149 5784 2472 5840 benevolum
2530 5784 2834 5854 hospitem,
2888 5784 2980 5854 qui
3025 5792 3257 5849 a-grotus
3318 5780 3567 5835 fueratet
