3804 6238
347 326 447 389 631

1019 321 1442 386 EUSTATHII
1486 313 2246 380 THESSALONICENSIS
2286 309 2849 373 METROPOLITAE

3495 315 3595 382 632

349 457 568 498 rursum
607 442 674 498 ad
705 442 995 498 sanitatem
1034 450 1341 507 revocatus,
1378 439 1760 508 interrogaret,
1806 437 1930 502 quis

2038 433 2156 496 σίας
2189 431 2480 502 λαμπρᾶς.
2517 431 2659 501 Ἤδη
2689 430 2746 483 δὲ
2780 431 2874 484 καὶ
2906 428 3058 497 ξένια
3086 429 3153 484 τά
3185 431 3285 501 μὲν
3323 431 3511 499 δώσει,
3534 434 3599 485 τὰ

349 546 405 589 et
439 535 582 591 unde
616 537 763 590 venit
797 537 895 605 ipsi
932 535 1053 589 talis
1100 534 1319 602 hoSpes,
1362 547 1467 586 non
1517 531 1592 585 ita
1624 531 1781 586 dirus
1807 544 1931 584 eva-

351 622 508 679 deret
554 625 668 693 ipse
702 625 966 693 sophista,
1010 621 1139 691 quin
1167 622 1312 676 illius
1360 621 1488 675 mali
1517 621 1833 674 memoriam
1860 617 1930 674 iis

349 730 473 784 qua:
496 716 721 780 diceret,
763 714 1185 769 intermisceret.
1243 711 1465 767 Diceret
1512 720 1691 766 autem
1751 725 1925 765 sane:

357 824 378 856 ε
415 807 636 860 Alienus
681 805 897 874 quidem
932 804 1162 858 odiosus
1215 801 1348 857 mihi
1395 811 1512 858 erat
1566 802 1766 870 hospes
1801 799 1925 864 iste,

353 913 474 952 cum
505 897 811 959 descendit.
855 905 911 951 et
958 896 1157 951 inferni
1209 897 1552 966 portitorem,
1580 903 1638 946 nt
1670 895 1925 948 deorsum

354 1005 442 1044 me
501 988 895 1052 trausduceret,
962 986 1232 1041 invitavit.
1263 985 1490 1055 Jamque
1525 982 1721 1054 pedum
1755 981 1926 1036 altero

351 1079 662 1148 procedens
705 1091 804 1146 ego
855 1075 1048 1129 morbo
1095 1074 1277 1144 gravis
1325 1073 1382 1126 in
1436 1071 1691 1140 scapham
1741 1081 1932 1122 ascen-

353 1173 562 1224 deram.
595 1166 798 1224 Ultimo
829 1178 1010 1223 tamen
1046 1167 1198 1222 mitis
1234 1180 1362 1236 erga
1393 1180 1477 1219 me
1509 1164 1704 1227 factus,
1760 1173 1929 1214 onere

353 1262 663 1324 sublevate,
739 1260 1167 1329 portitoremque
1235 1259 1540 1312 Charouem
1603 1254 1929 1323 deprecatus

358 1353 672 1424 patrocinio
705 1361 863 1405 terra:
896 1351 1155 1420 solisque,
1184 1350 1384 1420 quibus
1416 1356 1544 1402 ante
1585 1356 1798 1414 tempus
1841 1357 1929 1396 me

354 1447 662 1502 subducere
682 1443 930 1514 parabat,
989 1445 1044 1496 in
1103 1441 1157 1496 id
1203 1441 1345 1511 quod
1388 1454 1534 1494 nunc
1567 1452 1688 1492 sum
1722 1450 1810 1490 me
1843 1447 1928 1487 re-

355 1536 531 1601 duxit,
565 1545 616 1590 et
651 1534 770 1590 ideo
798 1535 1001 1590 bonum
1053 1535 1200 1590 hunc
1230 1532 1504 1588 hominem
1541 1527 1798 1585 benevole
1827 1527 1926 1581 ha-

359 1631 481 1683 beo.
519 1647 537 1680 ›
576 1627 852 1697 Numquid
899 1627 1013 1681 haec
1042 1627 1232 1682 dicens
1264 1626 1463 1695 hospes
1495 1622 1589 1678 ille
1615 1623 1804 1690 sicque
1821 1620 1929 1675 dis-

359 1719 567 1785 positus
629 1716 972 1788 (supponitur
1019 1727 1197 1772 autem
1241 1717 1310 1770 ita
1373 1719 1540 1784 esse),
1588 1712 1927 1769 simultatum

357 1822 569 1864 memor
600 1812 703 1864 erit
723 1810 745 1863 ?

2029 523 2077 577 δ’
2105 522 2489 593 ἀντιλήψεται.
2523 523 2583 576 El
2633 523 2693 576 δὲ
2727 523 2821 576 καί
2851 541 2936 586 τις
2967 524 3026 576 ἐν
3055 524 3269 587 τούτοις
3307 525 3399 576 τὸν
3449 527 3601 594 φιλό-

2030 633 2204 686 φρονα
2238 615 2564 681 ξεινοδόκον,
2596 615 2687 668 τὸν
2714 611 2782 685 ἦν
2803 615 2892 667 ὅτε
2916 615 3305 684 παραλυθέντα
3325 618 3422 670 καὶ
3447 617 3603 682 αὖθις

2029 708 2351 762 συνδεθέντα
2383 710 2463 772 είς
2515 708 2690 776 ὑγιὲς,
2741 707 2944 779 ἔροιτο,
2977 709 3063 772 τίς
3103 708 3254 778 αὑτῷ
3285 711 3381 762 καὶ
3439 711 3604 764 πόθεν

2023 800 2151 872 ήκει
2200 801 2229 854 6
2261 799 2502 864 τοιοῦτος
2537 803 2688 867 ξένος
2712 840 2728 868 ,
2787 799 2887 853 οὐκ
2917 799 2983 853 ἂν
3019 799 3165 853 οὕτω
3214 801 3391 865 δεινὸς
3440 803 3604 864 αὐτὸς

2030 892 2275 964 ὰποόαίη
2315 893 2605 964 σοφιστὴς,
2641 893 2715 955 ti);
2751 891 2829 963 μὴ
2861 893 3222 964 παραπλῆξαι
3252 896 3348 947 καὶ
3380 896 3604 965 μνήμην

2031 985 2247 1038 ἐκείνου
2279 984 2374 1037 τοῦ
2407 984 2607 1052 κακοῦ,
2641 979 2720 1046 οἷς
2749 986 2885 1056 ὲρεῖ.
2941 985 3090 1053 Ἐρεῖ
3119 986 3176 1038 δὲ
3224 987 3468 1052 πάντως,
3523 987 3606 1040 ὅτι

2036 1095 2054 1128 ι
2089 1075 2278 1142 "Alio;
2306 1075 2406 1146 μὲν
2423 1075 2668 1147 ἔχθιστος
2698 1076 2821 1146 ἐμοὶ
2842 1079 2868 1128 ὁ
2893 1076 3043 1142 ξένος
3069 1068 3223 1138 οὗτος
3242 1071 3309 1146 ἦν
3333 1076 3421 1128 ὅτε
3441 1077 3608 1143 ἀπεξ-

2036 1171 2159 1238 ἐση,
2211 1172 2304 1223 καὶ
2325 1170 2415 1224 τὸν
2445 1172 2504 1222 ἑν
2525 1169 2654 1241 ᾅδου
2689 1169 2946 1240 πορθμέα
2974 1169 3342 1240 ναυστολῆσαί
3367 1187 3437 1242 με
3457 1170 3609 1224 κάτω

2032 1260 2490 1332 προὺκαλέσατω
2525 1262 2624 1315 καὶ
2657 1261 2762 1332 ήδη
2822 1262 2918 1315 καὶ
2961 1260 3179 1333 θατέρῳ
3229 1265 3343 1315 τοῖν
3392 1263 3606 1316 σκελοῖν

2037 1352 2237 1408 ἐπιϐὰς
2263 1351 2377 1421 ἐγὼ
2409 1351 2583 1422 βαρὺς
2611 1352 2772 1422 νόσῳ,
2799 1351 2860 1405 τὸ
2887 1352 3190 1425 πορθμεῖον
3225 1354 3603 1422 ὲσκάμσευσα.

2035 1443 2307 1514 ’Υστερον
2350 1446 2450 1514 μέν
2475 1461 2557 1498 τοι
2588 1444 2935 1513 γαληνιάσας
2956 1446 3041 1497 επ⁹
3071 1446 3218 1516 ἐμοὶ,
3252 1446 3347 1500 καὶ
3372 1445 3468 1499 τοῦ
3505 1445 3604 1516 βά-

2038 1548 2171 1604 ρους
2219 1533 2624 1603 άνακουφίσας,
2657 1535 2755 1588 καὶ
2790 1535 2881 1586 τὸν
2918 1534 3177 1606 πορθμέα
3235 1533 3473 1607 Χάρωνα
3506 1553 3609 1588 πα-

2039 1625 2449 1695 ραιτησάμενος
2507 1625 2654 1680 αἰδοῖ
2712 1625 2810 1696 τῆς
2837 1643 2898 1678 τε
2931 1626 3036 1697 γῆς
3073 1625 3171 1680 τοῦ
3218 1643 3279 1679 τε
3310 1627 3488 1697 ήλίου,
3535 1619 3609 1684 ὧν

2040 1714 2269 1786 ἔμελλεν
2299 1717 2614 1787 ἀπαγαγεῖν
2648 1735 2717 1787 με
2768 1721 2878 1788 πρὸ
2905 1717 3080 1790 ὥρας,
3109 1720 3479 1790 περιήγαγεν,
3529 1721 3610 1782 είς

2039 1806 2178 1891 ὅπερ
2212 1809 2331 1880 εἰμὶ
2361 1808 2512 1878 άρτι,
2544 1809 2642 1862 καὶ
2669 1809 2824 1864 τοῦδε
2858 1812 3021 1881 χάριν
3052 1810 3486 1883 φιλοφρονοῦμαι
3519 1812 3610 1866 τὸν

355 1901 524 1954 καλὸν
555 1899 748 1955 eoa-nov
794 1901 1107 1972 ἄνθρωπον,
1156 1901 1324 1956 Ταῦτ’
1364 1903 1535 1956 εῑπὼν
1593 1904 1622 1955 ὁ
1690 1897 1991 1968 ξενοδόχος,
2033 1899 2127 1952 καὶ
2157 1899 2302 1955 οὕτω
2359 1901 2710 1970 διακείμενος
2741 1903 3053 1970 (ὑπόκειται
3113 1903 3170 1957 δὲ
3201 1904 3420 1975 ἀληθῶς
3450 1904 3598 1959 οὕτω

357 1993 774 2065 διατεθεῖσθαι),
811 1987 934 2065 ’ἆρα
988 1995 1364 2067 μνησικακοίη
1407 1995 1514 2063 av;

425 2087 517 2142 32.
550 2087 698 2142 Ecce
729 2087 998 2142 luctamen
1046 2088 1100 2142 in
1133 2089 1480 2146 ratiociniis:
1513 2088 1605 2157 qui
1640 2085 1806 2148 volet,
1842 2083 1935 2138 ad-

2113 2080 2215 2151 λβ¹.
2262 2078 2428 2146 Ἰδοὺ,
2455 2078 2599 2151 πάλη
2631 2081 2688 2134 ἐν
2721 2079 2901 2148 λόγοις
2928 2096 2941 2110 ·
2986 2082 3074 2135 καὶ
3104 2081 3132 2133 6
3163 2080 3491 2152 βουλόμενος
3520 2083 3612 2138 άν-

357 2192 572 2232 versum
600 2191 684 2231 me
710 2177 985 2246 procedat.
1016 2175 1243 2232 Habebit
1273 2190 1452 2233 autem
1479 2179 1724 2246 palaestra
1761 2179 1933 2233 lenem

362 2269 702 2322 substratum
731 2270 1036 2338 pulverem,
1071 2278 1149 2333 ut,
1185 2270 1229 2324 si
1257 2268 1398 2324 forte
1427 2269 1733 2338 dejiciatur,
1766 2269 1942 2324 resul-

362 2366 439 2411 tet
469 2372 658 2424 sanus,
688 2366 744 2412 et
771 2372 1003 2427 surgens
1034 2359 1312 2427 abstergat
1341 2374 1488 2426 eum,
1537 2369 1585 2414 et
1641 2369 1771 2426 stet,
1827 2377 1932 2416 non

357 2464 488 2504 casu
539 2449 720 2504 laesus.
771 2451 902 2504 Dico
945 2451 1089 2504 enim
1140 2449 1284 2518 (quis
1333 2451 1779 2522 eontradicet3),
1808 2468 1935 2522 gra-

360 2539 466 2592 tias
515 2536 727 2592 sincere
782 2547 1028 2610 agentem
1097 2539 1423 2611 injuriarum
1484 2556 1772 2596 memorem
1829 2543 1933 2598 dici

360 2643 468 2682 non
493 2643 671 2698 posse.
733 2628 848 2683 Non
905 2630 1068 2699 igitur
1118 2630 1246 2686 ntali
1299 2632 1561 2686 memoria
1612 2634 1936 2704 simpliciter

358 2729 446 2773 est
477 2719 601 2774 mali
648 2720 974 2787 recordatio,
1031 2721 1126 2776 sed
1175 2724 1482 2779 recordatio
1534 2724 1783 2780 vindictae
1811 2735 1934 2781 stu-

361 2809 548 2875 diosa,
595 2809 1068 2879 sivepraeseutis,
1119 2813 1233 2866 sive
1278 2823 1570 2882 promptae,
1601 2829 1735 2882 quas
1769 2815 1932 2870 etiam

362 2901 551 2954 ambas
582 2916 613 2954 a
651 2904 804 2955 nobis
841 2899 980 2956 Deus
1011 2909 1242 2967 avertat,
1274 2917 1382 2956 non
1411 2913 1589 2957 autem
1618 2903 1816 2969 solum,
1837 2904 1933 2958 sed

359 2997 414 3041 et
436 2987 503 3042 ab
520 2989 668 3043 omni
699 2989 840 3043 bono
866 2990 1214 3045 Christiano!
1251 2990 1306 3046 Si
1335 2991 1457 3060 quis
1491 2992 1930 3062 autemhopponit,

360 3079 550 3148 quod:
607 3078 706 3134 Hic
761 3079 926 3135 etiam
981 3081 1074 3150 qui
1134 3081 1462 3137 videbantur
1501 3083 1718 3154 maligni
1767 3083 1936 3140 fuisse

363 3172 681 3240 praedones,
731 3170 870 3226 bona
914 3171 1142 3240 faciunt,
1197 3173 1293 3227 tibi
1339 3190 1484 3229 nunc
1523 3173 1703 3240 Salve,
1755 3176 1934 3245 rabbi,

365 3265 695 3328 clamantes,
747 3261 1039 3318 adorantes
1102 3265 1219 3330 vel,
1280 3265 1423 3320 sicut
1464 3265 1657 3335 aliquis
1707 3269 1932 3334 diceret,

361 3351 543 3406 cancri
577 3351 850 3406 humiliter
877 3353 1156 3422 prostrati,
1175 3364 1456 3425 poscentes
1481 3356 1932 3424 misericordiam,

2036 2171 2306 2237 τεπεξίτω
2363 2189 2476 2237 μοι.
2518 2173 2676 2242 Ἔχοι
2707 2171 2760 2226 δὲ
2794 2174 2826 2241 ή
2863 2171 3175 2243 παλαίστρα
3219 2173 3366 2226 κόνιν
3393 2173 3612 2245 ἁπαλὴν

2037 2266 2488 2334 ὐπεστρωμένην,
2518 2266 2570 2318 εῖ
2588 2283 2702 2329 πως
2733 2264 3062 2319 καταπεσὼν
3091 2267 3422 2337 ἀναπεδήσει
3449 2269 3609 2330 σῶος,

2035 2355 2131 2409 καὶ
2161 2355 2401 2416 ἀναστὰς
2429 2354 2599 2424 αὐτὴν
2626 2354 2999 2425 άποψήσεται,
3041 2354 3137 2407 καὶ
3184 2355 3501 2425 ἑστήξεται,
3540 2357 3611 2426 μὴ

2037 2444 2445 2516 καταθρυφθεὶς
2466 2445 2544 2515 τῷ
2573 2445 2852 2515 πτώματι.
2885 2447 3031 2516 Φημὶ
3061 2448 3171 2516 γὰρ
3206 2446 3328 2515 (οὐκ
3364 2447 3433 2500 ἂν
3461 2448 3612 2501 ἀντι-

2036 2534 2348 2604 λεγοίμην),
2391 2533 2466 2597 ὡς
2508 2535 2535 2587 6
2566 2534 2904 2605 εὐχαριστῶν
2931 2534 3070 2605 πρὸς
3097 2535 3360 2607 ἀλήθειαν
3412 2536 3518 2591 οὐκ
3547 2537 3610 2590 ἂν

2038 2626 2400 2696 μνησικακεῖν
2440 2623 2678 2693 λέγοιτο.
2723 2626 2799 2678 Οὐ
2835 2625 3018 2679 τοίνυν
3053 2626 3237 2688 ἁπλῶς
3270 2627 3612 2696 μνησικακία

2033 2715 2097 2768 οὑ
2149 2714 2321 2769 κακοῦ
2374 2733 2518 2780 τινος
2565 2718 2790 2787 μνήμη,
2843 2716 2980 2772 ἀλλὰ
3026 2718 3059 2788 ἡ
3109 2718 3242 2788 πρὸς
3295 2719 3612 2790 ἑντρέχειαν

2035 2807 2362 2879 άμυντικὴν,
2393 2809 2426 2879 ἢ
2461 2809 2559 2878 τὴν
2588 2807 2810 2876 αὐτίκα,
2863 2808 2898 2879 ἢ
2929 2810 3030 2881 τὴν
3064 2809 3369 2876 είσέπειτα,
3431 2812 3612 2880 ἇσπερ

2035 2903 2129 2954 καὶ
2157 2901 2324 2971 ἄμφω
2357 2899 2516 2969 ἡμῶν
2545 2900 2825 2969 ἀπαγάγοι
2847 2900 3002 2964 Θεὸς,
3040 2903 3132 2955 καὶ
3154 2902 3215 2955 οὐ
3250 2903 3439 2972 μόνον,
3474 2901 3612 2955 άλλὰ

2037 2993 2132 3048 καὶ
2168 2992 2370 3056 παντὸς
2401 2992 2563 3062 ὀρθοῦ
2589 2980 2946 3065 Χριστιανοῢ.
2984 2992 3047 3046 Εἰ
3072 2993 3130 3046 δέ
3159 3011 3244 3057 τις
3300 2994 3610 3062 άντιθήσει,

2035 3084 2111 3147 ὡς
2167 3084 2298 3138 Ἰδοὺ
2355 3083 2632 3137 κάνταῦθα
2685 3085 2734 3137 οί
2789 3083 3071 3148 δοκοῦντες
3115 3084 3415 3160 luosetiam.
3474 3085 3614 3156 πρὸς

2037 3172 2281 3227 κάκωσιν
2335 3172 2515 3242 ἀγαθά
2567 3172 2834 3241 ποιοῦσιν,
2888 3174 2981 3226 ἐπὶ
3029 3175 3113 3228 σοὶ
3165 3175 3378 3246 ἅρτιτδ
3416 3177 3612 3247 Χαῖρε,

2049 3265 2271 3332 Ῥαϐϐὶ,
2303 3264 2786 3337 προτφωνοῦντες,
2838 3265 3295 3337 ὕποκυρτοῦντες,
3355 3268 3428 3338 ἢ,
3470 3269 3615 3324 καθά

2036 3373 2120 3419 τις
2166 3358 2295 3428 ἐφη,
2332 3355 2684 3426 καριδοῦντες
2717 3357 2948 3423 ἑαυτοὺς
2983 3361 3466 3430 προσκυνητικῶς,
3524 3361 3612 3413 αἱ·

363 3444 576 3498 veniam
635 3444 1044 3515 supplicantes;
1105 3445 1156 3500 in
1203 3445 1394 3513 primis
1439 3445 1658 3515 quidem
1700 3462 1728 3499 a
1773 3447 1934 3502 nobis

2038 3449 2288 3520 τούμενοι
2323 3449 2385 3502 τὸ
2418 3449 2724 3521 συμπαθὲς,
2767 3450 3194 3522 προκαλούμενοι
3235 3429 3610 3524 συγχώρησιν·

364 3536 569 3602 discat,
632 3540 776 3606 quod
840 3538 944 3592 hoc
987 3553 1131 3608 sape
1183 3553 1308 3593 cum
1355 3541 1662 3606 iuramento
1707 3539 1937 3609 profesd

364 3627 630 3696 ejusmodi
673 3629 982 3698 sapientes,
1034 3644 1135 3686 nos
1168 3630 1358 3686 faciles
1401 3642 1648 3699 repertos
1699 3641 1754 3686 et
1797 3633 1938 3688 ﬂexu

367 3719 600 3783 dociles,
638 3721 800 3790 paulo
842 3730 964 3790 post
1006 3721 1280 3791 pejoribus
1315 3738 1420 3779 .nos
1466 3724 1942 3780 circumvenerunt

365 3813 830 3882 sophismatibus,
870 3823 924 3868 et
969 3814 1228 3869 dixerunt
1265 3816 1530 3886 quidem:
1580 3816 1741 3884 Ecce,
1789 3828 1939 3888 post-

363 3920 527 3975 quam
561 3905 826 3972 lazsitntts,
860 3907 1175 3962 sanavimus
1203 3916 1258 3962 et
1287 3909 1456 3962 multa
1489 3918 1682 3964 contra
1729 3911 1940 3964 calum-

366 3999 629 4050 niatorcm
681 3997 948 4065 diximus;
1003 4013 1107 4052 non
1167 3999 1335 4053 multo
1390 4009 1510 4067 post
1541 4010 1719 4054 autem
1754 4001 1940 4056 incau-

369 4087 439 4140 tis
503 4088 770 4142 irruentes
823 4088 976 4155 plura
1050 4090 1406 4157 gravioraque
1475 4090 1768 4145 iulixerunt
1824 4092 1938 4146 vul~

371 4191 536 4240 nera,
601 4192 701 4231 nec
749 4178 1056 4244 sanabilia;
1115 4179 1503 4248 depulsumque
1558 4181 1820 4236 latronem
1877 4198 1942 4238 ac

373 4269 725 4336 praedatorem
763 4269 1081 4324 maledicum
1113 4285 1209 4336 per
1240 4271 1502 4325 modicam
1529 4273 1745 4341 quidem
1777 4289 1942 4344 aper-

370 4374 548 4414 turam
597 4362 684 4414 vix
735 4361 885 4416 exire
932 4361 1332 4430 permiserunt,
1384 4363 1450 4416 ad
1508 4379 1705 4418 novum
1757 4360 1940 4422 autem

369 4453 600 4507 reditum
630 4469 728 4524 per
761 4469 1009 4526 magnam
1047 4453 1270 4524 januam
1297 4463 1483 4526 aperte
1512 4471 1722 4511 rursum
1768 4458 1941 4514 intro-

366 4549 653 4601 duxerunt.

439 4642 528 4697 55.
555 4642 759 4697 Deinde
789 4651 967 4696 mente
996 4650 1246 4710 reputent
1276 4641 1368 4710 qui
1394 4651 1582 4696 contra
1605 4657 1703 4696 nos
1721 4644 1939 4713 quidem

367 4749 635 4789 ntemores
672 4743 798 4788 sunt
827 4734 1140 4797 mendaces,
1196 4749 1226 4786 a
1252 4733 1411 4789 nobis
1445 4744 1623 4788 autem
1666 4735 1941 4789 memoriae
1974 4777 2017 4833 υ

368 4828 590 4889 bonum,
621 4826 906 4894 pulchrum
944 4837 1154 4880 natura;
1192 4828 1415 4890 donum,
1444 4841 1755 4898 segregant,
1790 4828 1936 4897 quod

370 4931 470 4983 ego
511 4930 652 4984 sape
715 4918 973 4969 adversus
1043 4919 1262 4971 callidas
1336 4921 1700 4984 adorationes,
1772 4922 1941 4975 veluti

375 5010 637 5075 quasdam
680 5019 1098 5076 cornupetarutn
1150 5014 1552 5080 :«ggressiones,
1599 5013 1940 5068 incautorum

373 5107 590 5150 ventres
652 5096 1032 5166 eth-ingentes,
1101 5116 1204 5153 non
1263 5103 1484 5158 omnino
1524 5104 1718 5158 stolide
1763 5106 1942 5159 decla-

371 5186 549 5250 mari,
603 5185 875 5254 falsasque
931 5186 1332 5256 geuuﬂexioues
1391 5192 1758 5246 demonstravi
1814 5201 1937 5245 tan:

372 5293 533 5347 quam
562 5278 887 5331 luctatorum
915 5279 1191 5332 hominum
1210 5289 1376 5348 artes,
1404 5283 1722 5337 conantium
1742 5283 1942 5337 utrius.

2038 3544 2096 3596 ὲν
2127 3541 2367 3612 πρώτοις
2401 3541 2500 3612 μὲν
2558 3542 2694 3595 ἴστω
2740 3543 2930 3612 μαθὼν
2965 3544 3023 3609 ἐξ
3081 3546 3260 3614 ήμῶν,
3318 3548 3396 3608 ὡς
3448 3544 3612 3599 τοῦτο

2037 3633 2300 3696 πολλάκις
2335 3633 2560 3703 ἔνορκοι
2603 3633 3031 3704 μεθοδεύσαντες
3058 3639 3106 3691 οἱ
3131 3639 3201 3690 τὰ
3253 3637 3485 3691 τοιαῦτα
3523 3654 3618 3689 co-

2039 3725 2150 3794 φοὶ,
2177 3726 2273 3779 καὶ
2304 3725 2450 3796 ἡμᾶς
2480 3724 2736 3789 εὐκόλους·
2757 3726 3115 3797 ὲξευρηκὸτες
3132 3728 3229 3780 καὶ
3245 3728 3618 3797 εὑστρέπτους

2038 3822 2117 3884 είς
2148 3820 2381 3891 κάμψιν,
2415 3821 2540 3891 μετ’
2567 3821 2627 3873 οὐ
2662 3819 2798 3874 πολὺ
2828 3819 3154 3888 δεινοτέροις
3200 3819 3347 3887 ἡμᾶς
3384 3819 3622 3887 περιῆλ-

2038 3913 2131 3966 θον
2165 3912 2499 3982 σοφίσμασι·
2533 3913 2627 3966 καὶ
2659 3907 2818 3964 εἷπον
2848 3912 2969 3976 μὲν,
3003 3910 3078 3972 ὡς
3126 3909 3233 3962 ἰδοὺ
3268 3909 3318 3960 οῖ
3349 3909 3619 3978 τρώσαν-ο

2039 4021 2131 4067 τες
2161 4002 2458 4072 ὲξιώμεθα,
2505 4004 2602 4056 xei.
2661 4001 2850 4072 μακρά
2897 4001 2992 4054 τοῦ
3025 3999 3278 4053 διαϐόλου
3313 3999 3620 4066 καταλέγο-

2043 4111 2144 4164 μεν
2172 4110 2186 4124 ·
2223 4095 2339 4162 μετ’
2373 4093 2556 4162 ὀλίγον
2607 4092 2665 4145 δὲ
2695 4091 3032 4160 ἀφυλάκτοις
3070 4087 3221 4143 οὖσιν
3254 4091 3621 4142 ὲπεισπεσόν·

2039 4201 2154 4253 τες,
2185 4186 2356 4239 πλείω
2417 4187 2512 4238 καὶ
2549 4183 2826 4254 βαρύτερα
2873 4182 3130 4250 ὲνέτηξαν
3158 4181 3474 4252 τραύματα,
3527 4182 3628 4234 καὶ

2041 4278 2163 4331 οὐδὲ
2192 4277 2574 4348 θεραπεύσιμα
2604 4292 2619 4308 ·
2675 4278 2774 4328 καὶ
2831 4275 2917 4328 τὸν
2969 4274 3342 4344 ἐξωθούμενον
3371 4273 3628 4342 κλέπτην

2044 4370 2138 4421 καὶ
2167 4369 2369 4439 λῃστὴν
2398 4367 2645 4421 διάϐολον
2672 4366 2760 4420 διὰ
2795 4369 2996 4438 μικρᾶς
3023 4365 3121 4433 μέν
3143 4381 3288 4427 τινος
3314 4364 3454 4432 ὀπῆς
3482 4362 3632 4432 άφῆ-

2043 4478 2146 4514 καν
2175 4464 2334 4530 μόγις
2363 4460 2625 4527 ἐξελθεῖν,
2658 4463 2725 4530 τῇ
2786 4460 2839 4513 δὲ
2867 4460 3186 4526 ἀνακάμψει
3249 4459 3338 4512 διὰ
3368 4461 3631 4529 μεγάλης

2044 4552 2217 4624 θύρας
2251 4551 2743 4624 παῤῥησιαστικῶς
2769 4552 3186 4621 άντεισήγαγον.

2115 4643 2218 4712 λγ’.
2256 4643 2490 4695 Ἔπειτα
2549 4641 2995 4711 ὲνθυμείσθωσαν
3040 4644 3087 4694 οἰ
3139 4642 3261 4695 καθ’
3295 4642 3452 4712 ἡμῶν
3529 4643 3634 4710 μὲν

2045 4734 2277 4804 ψεῦσται
2321 4733 2621 4803 μνήμονες,
2652 4732 2813 4801 ἡμῶν
2841 4731 2896 4784 δὲ
2929 4732 3283 4800 ἀφορίζοντες
3325 4733 3381 4784 τὸ
3412 4733 3634 4800 ἀγαθὸν

2050 4824 2406 4896 μνημονικὸν,
2439 4823 2499 4876 τὸ
2531 4821 2692 4876 καλὸν
2715 4822 2888 4893 δῶρον
2916 4822 3019 4892 τῆς
3049 4822 3286 4890 φύσεως,
3313 4825 3393 4876 ὅτι
3420 4823 3639 4875 πολλά-

2048 4933 2136 4978 κις
2164 4915 2276 4984 ἐγὼ
2298 4914 2778 4986 κατερρητόρευσα
2809 4914 2870 4966 οὐ
2890 4913 3032 4967 πάνυ
3053 4930 3108 4966 τι
3131 4915 3316 4982 ἀφυῶς
3331 4912 3435 4964 τῶν
3469 4929 3642 4984 στρε-

2049 5005 2192 5058 ϐλῶν
2224 5004 2726 5074 προσκυνημάτων,
2763 5003 2839 5065 ὡς
2888 4999 2974 5056 οἷα
3022 5004 3298 5057 καίτινων
3346 5005 3643 5072 κυριγμά-

2049 5113 2157 5150 των
2189 5094 2648 5166 ἀναῤῥηγνύντων
2685 5094 2780 5156 τὰς
2811 5094 2920 5146 τῶν
2941 5094 3160 5161 ἀφελών
3196 5094 3496 5162 γαστέρας,
3541 5095 3642 5144 καὶ

2051 5187 2149 5249 τὰς
2185 5185 2397 5254 ψευδεῖς
2422 5187 2814 5252 γονυπετήσεις
2844 5183 3128 5254 ἐθεώρησα
3147 5183 3282 5236 ὡσεὶ
3312 5186 3405 5236 καὶ
3424 5187 3644 5253 τέχνας

2058 5276 2471 5347 παλαιστρικῶν
2505 5276 2737 5346 ἀνδρῶν,
2759 5275 3120 5346 τεχνωμένων
3153 5277 3394 5347 κνήμαιν
3416 5276 3645 5344 ἀμφοῖν

376 5389 481 5442 que
509 5371 684 5426 cruris
709 5373 953 5442 amplexu
992 5374 1277 5440 iubati-ere,
1301 5387 1353 5430 et
1389 5377 1539 5431 illum
1567 5381 1652 5431 cui
1681 5386 1945 5446 parantur

375 5464 583 5519 insidia
627 5471 991 5533 prosternere.
1023 5465 1135 5521 Illis
1163 5475 1342 5520 autem
1387 5469 1480 5535 qui
1513 5482 1725 5537 semper
1750 5467 1942 5536 hujus-

375 5558 520 5612 modi
577 5565 736 5622 sunt,
791 5559 1024 5627 compati
1084 5559 1454 5630 etignoscere
1510 5559 1757 5627 suspicor
1816 5559 1944 5630 quid

375 5652 514 5721 apud
541 5652 685 5721 ipsos
719 5652 1028 5723 signiﬁcare
1070 5653 1215 5707 velit.
1253 5653 1466 5708 Etcnitn
1497 5653 1732 5720 compati
1763 5660 1817 5706 et
1853 5668 1946 5707 ve-

378 5743 524 5798 niam
551 5742 679 5798 dare
701 5760 805 5800 non
834 5759 953 5800 esse
981 5757 1162 5814 posset
1191 5745 1256 5803 ad
1291 5746 1341 5799 id
1377 5743 1577 5813 aliquid
1606 5757 1727 5797 cum
1758 5744 1942 5813 aliquo

2051 5369 2425 5440 περιπλέγδην
2450 5369 2786 5442 ἐμφύεσθαι,
2818 5370 2912 5422 καὶ
2941 5371 3338 5442 κιταρῤιπτεῖν
3373 5369 3466 5422 τὸν
3506 5373 3648 5422 ὲπι-

2053 5465 2464 5533 ϐουλευόμενον.
2500 5464 2572 5514 T6
2595 5464 2651 5514 δέ
2682 5480 2744 5530 γε
2780 5461 3090 5530 συμπαθεῖν
3111 5465 3222 5525 τοῖς
3249 5463 3420 5515 εἰσαεὶ
3452 5461 3652 5512 τοιού-

2052 5575 2164 5620 τοις
2185 5558 2277 5610 καὶ
2306 5557 2611 5625 συγχωρεῖν
2644 5555 2710 5605 δι’
2747 5555 2981 5624 ὑποψίας
3018 5555 3157 5622 ἄγω,
3189 5555 3242 5608 τί
3265 5555 3468 5626 δήποτε
3501 5553 3646 5624 παρ’

2053 5649 2237 5712 αὐτοῖς
2300 5652 2440 5701 νοεῖν
2501 5648 2771 5719 βούλεται.
2824 5643 3138 5714 Συμπαθεῖν
3196 5647 3296 5714 μὲν
3354 5644 3468 5714 γὰρ
3549 5643 3652 5695 καὶ

2055 5744 2357 5812 συγχωρεῖν
2401 5741 2502 5795 οὐκ
2540 5742 2607 5795 ἂν
2638 5741 2700 5794 :6
2739 5740 2833 5794 σύν
2863 5756 2969 5792 τινι
3001 5737 3193 5792 παθεῖν
3230 5739 3324 5794 καὶ
3377 5735 3476 5788 σῦν
3531 5750 3654 5790 τινι
