3968 6244
319 411 423 477 εδει

1315 411 1621 475 CONTRA
1654 410 2150 475 INJURIARUM
2186 408 2637 474 MEMORIAE.

3487 410 3594 475 ΑΜ

318 527 517 597 χωρεῖν
550 526 631 589 εἰς
687 525 805 579 τόδε
845 542 922 580 τι.
1000 525 1141 594 Ἐγὼ
1169 526 1225 579 δὲ
1256 528 1356 581 οὐκ
1384 527 1451 582 ἂν
1499 526 1644 581 οὕτω
1676 527 1893 592 παθεῖν,

2008 525 2112 597 pati
2158 533 2214 581 et
2255 524 2309 581 ei
2350 525 2402 579 in
2432 524 2619 595 aliquo
2651 522 2866 581 cedere.
2900 522 3015 595 Ego
3067 539 3197 580 vero
3223 539 3331 581 non
3378 525 3453 582 ita
3484 532 3594 599 pati

318 615 427 667 οὐδ’
462 614 532 667 ἂν
562 613 709 667 οὕτω
745 616 946 685 χωρεῖν
980 615 1245 687 ἐθέλοιμι,
1279 616 1363 670 δτι
1402 617 1527 688 μηδ’
1569 618 1730 680 ἄλλος
1789 616 1903 672 τῶν

318 705 669 776 φρονούντων
706 710 786 771 είς
811 708 1041 777 ἀγαθόν.
1080 710 1178 774 Τίς
1220 711 1329 781 γάρ
1356 710 1423 764 ἂν
1447 711 1695 782 ὲχέρφων
1728 712 1905 765 ἕλοιτο

322 802 518 854 παθεῖν
543 800 642 854 σύν
670 818 776 853 τινι
807 802 868 854 τὸ
916 802 1014 872 τῆς
1054 800 1284 873 γνώμης
1323 804 1578 871 ἄστατον,
1610 805 1644 875 ἢ
1679 807 1902 874 χωρεῖν,

316 893 517 946 ταύτὸν
549 892 596 947 δ’
630 893 809 947 εἰπεῖν
843 895 1022 965 ὀρμᾷν
1056 894 1155 949 σύν
1184 912 1313 961 τινι,
1346 896 1485 966 πρὸς
1514 895 1660 966 ἅπερ
1692 898 1719 950 ὁ
1751 913 1904 949 συνε-

316 986 408 1044 τὸς
442 984 792 1055 ἀπεύχεται;
829 984 987 1039 Οὕτω
1017 985 1150 1054 γοῦν
1189 986 1448 1050 ὑπόπτως
1481 986 1621 1058 ἔχων
1652 987 1787 1059 πρὸς
1840 987 1904 1043 τὸ

315 1078 508 1141 ἁπλῶς
565 1077 661 1131 καὶ
698 1076 1015 1147 συμπαθεῖν
1044 1079 1139 1131 καὶ
1169 1083 1509 1151 συγχωρεῖν,
1544 1080 1770 1150 διαιρῶν
1803 1080 1903 1149 τὴν

318 1172 444 1225 καθ’
474 1171 803 1241 ὁμωνυμίαν
852 1171 1139 1241 σύγχυσιν,
1174 1172 1268 1225 καὶ
1292 1174 1614 1244 διευκρινῶν
1662 1178 1721 1227 ὲν
1749 1172 1903 1243 ὀρθό-

313 1280 463 1331 τητι,
505 1262 856 1332 γνωματεύω
881 1264 1003 1317 κατ’
1032 1265 1175 1335 ἐμὴν
1198 1265 1500 1336 ἐπίκρισιν,
1525 1266 1599 1329 ὡς
1631 1265 1901 1335 θελήματι

320 1355 424 1423 μὲν
459 1353 653 1424 ἀγαθῷ
680 1358 1009 1426 συγχωρεῖν,
1035 1356 1130 1409 καὶ
1161 1358 1304 1410 κατα
1332 1356 1504 1421 πάθος
1536 1356 1595 1410 εὖ
1612 1356 1735 1427 ἔχον
1763 1374 1900 1427 συμ-

322 1446 519 1499 παθεῖν
552 1447 648 1500 καὶ
683 1449 899 1520 στέργω
933 1448 1032 1502 καὶ
1073 1446 1339 1517 εὔχομαι·
1367 1450 1463 1501 καὶ
1514 1448 1899 1519 προκαλούμε-

313 1556 406 1601 νος
447 1539 698 1609 χωρῆσαι
729 1540 826 1592 καὶ
853 1538 1047 1594 παθεῖν
1073 1541 1312 1611 έποίμην
1351 1542 1442 1605 ἂν,
1475 1542 1573 1595 καὶ
1608 1541 1897 1612 πάσχοιμι,

313 1631 370 1693 ἐς
404 1631 529 1682 ὅσον
562 1630 803 1701 ἑξαρκῶ,
833 1631 928 1686 καὶ
956 1634 1056 1686 οὐκ
1078 1632 1145 1686 ἂν
1168 1632 1507 1702 ὲλεγχθείην,
1532 1630 1608 1702 μὴ
1632 1632 1775 1685 οὕτω
1808 1631 1902 1685 καὶ

314 1721 624 1792 συγχωρῶν
651 1723 746 1774 καὶ
768 1720 1093 1792 συμπαθῶν.
1125 1722 1235 1776 Καί
1275 1740 1367 1792 μοι
1397 1723 1674 1793 μάρτυρες
1690 1722 1899 1776 τούτων

316 1815 371 1867 οἱ
403 1815 503 1883 τῆς
537 1813 750 1877 πόλεως
796 1816 1005 1885 ταύτης
1033 1814 1231 1883 ἀγαθοὶ
1262 1814 1479 1885 ἄνδρες,
1519 1811 1604 1877 οἷς
1638 1814 1899 1868 πλειστά-

2007 632 2110 672 nec
2153 618 2225 672 ita
2255 616 2454 673 cedere
2482 615 2700 682 vellem,
2732 614 2828 670 sed
2863 628 2965 671 nec
2992 615 3135 672 alius
3168 616 3309 672 bene
3335 619 3597 676 cordatus

2008 710 2430 780 qualiscunque.
2477 708 2614 773 Quis
2659 709 2807 763 enim
2858 708 3101 778 prudens
3167 710 3593 767 inconstantiam

2006 799 2291 856 sententia
2318 813 2444 855 cum
2476 797 2661 868 aliquo
2696 799 2805 869 pati
2854 801 3218 867 consentiret,
3252 803 3336 857 vel
3377 804 3594 870 cedere,

2005 906 2101 947 seu
2132 892 2277 963 quod
2311 890 2451 946 idem
2482 898 2595 957 est,
2626 890 2756 946 ferri
2782 905 2907 946 cum
2942 891 3123 964 aliquo
3158 894 3226 949 ad
3255 909 3318 949 ea
3346 910 3467 966 qua:
3498 911 3594 949 ex-

2005 996 2130 1052 pers
2146 981 2482 1037 detestatur?
2507 980 2599 1037 Sic
2616 981 2781 1052 igitur
2797 985 3052 1054 suspicax
3068 987 3134 1041 ad
3178 986 3320 1042 istud
3338 988 3595 1058 simplici-

2008 1079 2091 1125 ter
2117 1072 2554 1142 compatiendum
2573 1080 2629 1127 et
2646 1074 3077 1142 concedendum,
3105 1090 3296 1131 vocum
3328 1078 3589 1134 similium

2009 1162 2330 1219 discernens
2368 1164 2741 1221 conlusionem
2771 1174 2825 1220 et
2867 1176 3010 1223 recte
3035 1168 3376 1238 dijudicans,
3410 1181 3591 1228 statue

1998 1251 2151 1321 juxta
2175 1269 2360 1310 meum
2384 1255 2655 1325 judicium
2678 1259 2823 1327 quod
2869 1258 3130 1316 voluntati
3175 1264 3393 1332 quidem
3436 1267 3592 1321 bonae

2005 1346 2324 1413 concedere,
2362 1348 2630 1419 juxtaque
2656 1350 2855 1404 bonam
2892 1355 3203 1421 passionem
3228 1357 3464 1424 compati
3499 1374 3605 1412 na».

2007 1436 2169 1490 turali
2202 1437 2569 1509 propensione
2601 1440 2934 1510 complector
2960 1450 3017 1497 et
3047 1442 3319 1510 desidero,
3338 1458 3591 1517 rogatus-

2010 1541 2118 1597 que
2142 1529 2338 1583 cedere
2362 1544 2425 1584 ac
2451 1531 2561 1599 pati
2585 1545 2848 1602 sequerer
2870 1540 2925 1589 et
2944 1545 3161 1605 paterer
3178 1548 3591 1615 quantmqposo

2002 1633 2139 1687 sem,
2175 1635 2279 1676 nec
2306 1623 2736 1692 reprehenderer
2765 1625 2940 1680 veluti-
2955 1628 3033 1682 sic
3058 1643 3167 1683 non
3208 1628 3513 1685 concedens
3537 1642 3590 1686 et

2003 1712 2359 1782 compatiens.
2393 1712 2566 1785 Hujus
2600 1725 2781 1771 autem
2813 1718 2888 1772 rei
2923 1720 3054 1773 mihi
3080 1729 3244 1776 testes
3268 1730 3394 1777 sunt
3426 1722 3589 1793 hujus

2004 1804 2157 1859 urbis
2176 1804 2300 1860 boni
2336 1806 2463 1874 viri,
2491 1808 2691 1878 quibus
2713 1824 2855 1879 saepe
2912 1813 2979 1865 ad
3005 1812 3175 1868 bonas
3197 1815 3314 1869 vias
3336 1820 3390 1869 et
3420 1815 3590 1870 hone-

315 1924 406 1969 κις
434 1905 903 1976 προκαλουμένοις
929 1906 1009 1968 είς
1032 1908 1244 1973 ἀγαθάς
1274 1906 1426 1970 ὀδοὺς
1448 1908 1542 1959 καὶ
1575 1906 1655 1969 εὶς
1683 1906 1900 1978 χρηστά

2008 1904 2117 1950 stas
2172 1898 2416 1953 actiones
2464 1899 2892 1956 exhortantibus
2940 1912 2997 1957 et
3048 1905 3294 1959 concessi
3339 1915 3394 1961 et
3438 1922 3588 1963 com-

312 1998 468 2065 πάθη
505 1997 600 2051 καὶ
634 1998 992 2068 συνεχώρησα
1018 1997 1117 2050 καὶ
1153 1997 1460 2052 συνέπαθον
1487 2014 1504 2029 ’
1538 1999 1607 2052 τὰ
1638 1997 1809 2052 πολλά
1836 1998 1895 2052 δὲ

313 2094 411 2144 καὶ
444 2092 507 2142 οὐ
547 2091 684 2159 πρὸς
710 2089 969 2162 δύναμιν,
998 2090 1138 2157 ἀλλ’,
1166 2090 1544 2156 άποστολικῶς
1582 2093 1783 2157 εἰπεῖν,
1815 2092 1899 2155 είς

315 2184 637 2256 ὑπερϐολήν
658 2221 673 2237 .
709 2185 822 2236 Καὶ
847 2183 989 2237 οὕτω
1018 2186 1119 2255 μὶν
1154 2184 1427 2256 συγχωρῶ
1460 2184 1556 2238 καὶ
1590 2174 1909 2254 συμπαθῶ,ε

312 2277 646 2346 διαφωτίσαι
671 2276 729 2330 δὲ
782 2280 881 2339 τας
928 2277 1103 2342 λέξεις
1150 2276 1358 2340 ταύτας
1421 2277 1501 2340 είς
1536 2276 1595 2330 τὸ
1657 2275 1897 2347 καίριον,

317 2369 645 2442 συνεξυρμῶ
672 2372 769 2425 καὶ
802 2372 1113 2442 συμπάσχω
1143 2373 1254 2434 τοῖς
1285 2370 1525 2441 χωροῦσι
1577 2370 1780 2442 δηλαδὴ
1808 2371 1903 2424 καὶ

313 2464 652 2532 πάσχουσιν,
690 2463 792 2516 ὅσα
828 2463 1006 2533 χρεῶν
1032 2480 1048 2495 ο
1092 2464 1298 2533 ἑτέρως
1349 2462 1406 2516 δὲ
1457 2464 1766 2534 συγχωρεῖν
1806 2463 1901 2515 καὶ

314 2554 654 2627 συμπαθεῖν,
684 2556 765 2618 είς
800 2555 943 2627 ἆπερ
973 2555 1256 2609 ἐθέλουσιν
1302 2556 1351 2609 oi
1408 2555 1616 2623 πολλοὶ,
1659 2554 1900 2626 ἀπεύχο-

316 2665 442 2718 μαι.
477 2647 573 2719 Mi;
602 2646 713 2718 γάρ
746 2665 837 2719 μοι
867 2647 1308 2718 δυσπραγηθείη,
1339 2648 1535 2701 παθεῖν
1596 2647 1697 2700 σὺν
1753 2644 1902 2699 ὲκεί-

312 2758 428 2804 νοις
467 2742 562 2794 καὶ
591 2742 691 2795 σὺν
755 2740 990 2802 ἐκείνοις
1037 2743 1261 2811 χωρεῖν,
1312 2742 1394 2804 εἰς
1422 2741 1525 2794 ὅσα
1558 2740 1636 2811 μὴ
1662 2740 1903 2808 πρεπού-

316 2849 407 2884 σιν
427 2849 442 2863 ·
475 2832 618 2886 ἀλλά
642 2832 901 2887 τάναντία
926 2832 1139 2901 γένοιτό
1170 2849 1285 2904 μοι,
1321 2833 1557 2903 πάσχειν
1605 2848 1663 2884 τε
1698 2831 1897 2898 καλῶς,

314 2927 414 2979 καὶ
458 2927 660 2996 χωρεῖν
689 2926 789 2995 τὴν
838 2927 982 2978 κατά
1012 2924 1147 2978 Θεὸν
1194 2924 1334 2991 ὁδὸν,
1376 2926 1472 2979 καὶ
1512 2926 1589 2996 μὴ
1621 2923 1899 2994 συμφέρε-

315 3018 451 3072 σθαι
478 3019 730 3087 φαύλοις,
761 3020 854 3073 καὶ
885 3020 1259 3090 συμπάσχειν,
1296 3019 1442 3090 άπερ
1485 3018 1641 3073 αὐτοί
1661 3035 1675 3050 ο
1714 3022 1773 3072 ὲν
1821 3014 1903 3081 οἷς

314 3114 415 3167 καὶ
446 3115 508 3166 τὸ
526 3112 787 3175 ἀναιτίως
839 3112 1173 3178 ἐπικεῖσθαι,
1204 3107 1315 3177 οἷος
1344 3113 1405 3165 οὐ
1461 3110 1643 3182 θέμις,
1673 3112 1768 3164 καὶ
1806 3126 1902 3180 με·

313 3202 483 3273 λετᾷν
503 3202 748 3274 δεσμεῖν,
771 3204 823 3257 εῖ
846 3203 928 3266 τίς
961 3219 1064 3256 που
1087 3204 1317 3266 δίκαιος,
1350 3201 1440 3255 διά
1472 3203 1532 3254 τὸ
1556 3201 1899 3271 δύσχρηστος

313 3291 462 3349 εἶναι
497 3297 610 3359 τοῖς
669 3297 744 3367 μὴ
780 3296 963 3359 καλῶς
988 3296 1483 3365 διαχειριζομένοις
1511 3297 1577 3348 τά
1618 3295 1897 3366 πρακτέα.

389 3386 488 3444 λδ’.
521 3388 661 3459 Φέρε
696 3388 887 3441 εῖπατε
920 3390 1058 3460 πρὸς
1095 3388 1260 3442 αὑτοῦ
1314 3390 1409 3442 τοῦ
1443 3387 1618 3453 Θεοῦ,
1653 3389 1701 3441 εί
1754 3387 1831 3457 μὴ
1872 3388 1900 3441 ὁ

314 3482 627 3554 φιλάγαθος
684 3483 713 3535 ὁ
739 3482 1066 3552 αὐτόχρημα
1098 3483 1257 3544 Θείος
1286 3484 1449 3552 νόμος
1475 3483 1504 3534 ὁ
1532 3482 1898 3551 αιτοκράῖωρ

314 3578 659 3646 ὲπεκάμφθη
691 3575 1091 3645 φιλανθρώπως
1125 3575 1278 3645 ἡμῖν,
1313 3576 1408 3628 καὶ
1438 3571 1614 3626 ταῦτα
1653 3572 1821 3643 μηδέν
1846 3588 1899 3624 τι

314 3669 862 3739 ἀπολογησαμένοις,
896 3669 972 3738 μὴ
999 3670 1093 3719 καὶ
1118 3671 1219 3737 τὴν
1253 3666 1438 3720 θεόθεν
1464 3665 1647 3730 ὀξεῖαν
1676 3668 1900 3717 ὲπικουυ

317 3759 447 3829 ρίαν
503 3757 911 3828 άμόλυνοῦμεν,
967 3751 1047 3821 οἷς
1103 3758 1244 3829 ὑπὲρ
1284 3758 1441 3828 ἡμῶν
1487 3758 1666 3811 αὐτῶν
1716 3756 1898 3809 λαλεῖν

312 3852 555 3920 ἔσχομεν
595 3851 891 3921 (γογγύσαι
913 3850 1022 3921 γάρ
1052 3867 1104 3903 τι
1136 3850 1269 3920 παρ’
1291 3848 1443 3919 αὐτῷ
1470 3849 1613 3903 κατά
1632 3850 1739 3904 τῶν
1767 3850 1900 3901 ὑπε-

316 3943 578 4008 ναντίων,
609 3944 705 3997 καὶ
736 3945 815 4007 είς
850 3944 1093 4015 μιασμὸν
1123 3944 1255 4013 ἡμῖν
1283 3942 1540 4013 ὲλογίσθη
1581 3942 1897 4012 στόματος),

315 4035 427 4088 ποῦ
460 4036 582 4089 ποτ’
616 4035 684 4089 ἂν
713 4032 857 4106 ἦμεν
905 4036 1076 4105 ἀρτις
1114 4036 1210 4088 Ποῖ
1262 4034 1319 4088 δὲ
1366 4033 1538 4104 τύχης
1592 4034 1897 4106 ἑστηκότας

310 4131 349 4199 ἡ
361 4130 473 4197 μᾶς
498 4128 728 4182 ἔϐλεπον
751 4129 818 4183 ἂν
846 4131 896 4182 ei
949 4128 1269 4201 ἄνθρωποι;
1300 4129 1375 4182 Οὐ
1418 4128 1619 4193 τοίνυν,
1650 4124 1731 4192 οἷς
1762 4130 1789 4181 ὁ
1816 4129 1900 4183 ἐν·

312 4218 437 4282 θεος
466 4218 745 4290 βασιλεὺς,
770 4218 909 4272 Θεοῦ
931 4218 1289 4287 λαλήσαντος.
1324 4218 1404 4280 είς
1440 4217 1539 4287 τὴν
1567 4214 1733 4270 αὐτοῦ
1763 4233 1902 4287 καρ-

312 4313 437 4365 δίαν
474 4314 607 4383 ἡμῖν
659 4312 946 4376 ἐπένευσε,
1003 4309 1158 4365 ταῦθ’
1218 4311 1364 4381 ἡμᾶς
1396 4308 1688 4364 ἀθωοῦσιν.
1759 4309 1899 4363 Ἀλλ’

312 4406 526 4468 ἐκεῖνος
567 4404 668 4469 μὲν
727 4406 824 4458 καὶ
851 4404 919 4458 δι’
946 4405 1095 4475 ἡμᾶς
1150 4404 1414 4475 ὑμνητὸς,
1460 4403 1559 4456 καὶ
1601 4403 1899 4475 εὐλογητὺν

314 4499 415 4549 καὶ
444 4495 565 4566 Θεῷ
594 4498 691 4549 καὶ
719 4494 1032 4566 ἀνθρώποις
1089 4494 1151 4548 τὸ
1204 4493 1373 4547 αὐτοῦ
1405 4492 1599 4562 ὄνομα.
1672 4492 1816 4562 Ἐγὼ
1843 4491 1899 4546 δὲ

2004 2001 2197 2056 passus
2242 2004 2400 2054 sum,
2432 2006 2495 2046 ac
2536 1992 2862 2063 plerumque
2901 2009 3006 2049 non
3065 1998 3363 2054 secundum
3418 1999 3589 2056 facul-

2004 2091 2195 2150 tatem,
2229 2084 2518 2153 sed,juxta
2552 2088 2755 2142 dictum
2786 2088 3165 2159 apostolicum,
3193 2090 3246 2146 in
3280 2086 3582 2150 excessum.

2005 2173 2070 2228 Et
2101 2175 2174 2229 ita
2233 2177 2450 2247 quidem
2504 2182 2742 2237 concedo
2789 2184 3253 2255 compatiorque:
3314 2197 3371 2242 ut
3403 2199 3585 2245 autem

2008 2268 2107 2323 has
2141 2283 2302 2325 voces
2348 2274 2709 2341 opportunius
2762 2274 3080 2342 dilucidem,
3120 2293 3393 2336 concurro
3434 2298 3588 2337 com-

2005 2359 2290 2430 patiorque
2322 2364 2670 2419 currentibus
2720 2365 2921 2437 ubique
2962 2368 3405 2441 patientibnsque
3448 2374 3591 2429 sicut

2024 2461 2269 2520 oportet;
2321 2452 2480 2510 aliter
2521 2470 2651 2511 vero
2691 2458 2992 2514 concedere
3021 2475 3085 2516 ac
3115 2464 3375 2532 compati,
3429 2467 3495 2519 ad
3525 2483 3587 2521 ea

2005 2558 2127 2613 quae
2161 2545 2407 2617 plerique
2442 2547 2651 2616 volunt,
2700 2549 2903 2606 abnuo.
2939 2551 3056 2608 Non
3092 2554 3237 2609 enim
3278 2556 3408 2612 mihi
3440 2560 3588 2613 acci-

2006 2638 2203 2701 dat,ut
2232 2641 2414 2710 patiar
2450 2656 2571 2696 cum
2622 2642 2762 2709 istis,
2821 2653 3033 2700 etcum
3086 2647 3205 2704 istis
3252 2650 3461 2718 cedam,
3519 2656 3590 2709 ad

2014 2730 2184 2783 multa
2220 2747 2339 2800 qua:
2370 2748 2475 2789 non
2510 2735 2877 2792 conveniunt!
2938 2737 3065 2793 Mihi
3114 2750 3294 2796 autem
3328 2759 3358 2798 e
3397 2755 3587 2801 contra

2005 2825 2219 2878 eveniat
2246 2834 2299 2879 et
2322 2826 2457 2881 bene
2492 2827 2626 2896 pati,
2652 2838 2705 2882 et
2738 2830 2933 2886 cedere
2970 2831 3129 2902 juxta
3174 2835 3270 2889 Dei
3324 2836 3490 2905 viam,
3529 2849 3587 2895 et

2008 2926 2113 2965 non
2134 2915 2443 2969 consentire
2472 2916 2653 2982 malis,
2717 2933 2818 2974 nec
2880 2925 3120 2991 compati
3156 2941 3278 2980 cum
3328 2927 3436 2984 illis
3481 2930 3586 2984 ini-

2007 3003 2163 3074 quis;
2192 3006 2332 3061 inter
2362 3023 2484 3078 qua:
2514 3020 2834 3065 numeratur
2859 3014 3065 3085 absque
3085 3031 3246 3072 causa
3273 3020 3589 3079 incumbere

2008 3100 2207 3170 quibus
2240 3115 2345 3165 non
2398 3103 2553 3168 licet,
2604 3105 2967 3177 meditarique
3006 3109 3233 3166 vinculis
3266 3123 3506 3182 nectere,
3540 3117 3587 3170 si

2007 3193 2132 3262 quis
2163 3192 2304 3249 forte
2337 3195 2408 3249 sit
2456 3195 2658 3264 justus,
2703 3199 2829 3269 quia
2865 3200 3003 3256 male
3027 3203 3395 3275 dirigentibus
3430 3217 3587 3267 actus

2006 3283 2354 3354 importunus
2387 3296 2491 3343 est.

2074 3383 2166 3439 54.
2206 3383 2403 3455 Agite,
2459 3386 2512 3442 in
2570 3388 2742 3458 ipsius
2791 3389 2883 3445 Dei
2937 3391 3157 3449 nomine
3216 3393 3421 3462 dicite,
3483 3399 3586 3453 nisi

2011 3474 2230 3530 virtutis
2256 3490 2473 3543 amans,
2506 3478 2731 3547 ipsaque
2758 3479 2939 3535 divina
3000 3481 3107 3547 lex,
3137 3482 3479 3548 Dominator,
3520 3487 3587 3539 ad

2006 3582 2105 3623 nos
2130 3568 2441 3625 humaniter
2462 3570 2858 3639 descendisset,
2891 3582 2944 3628 et
2976 3573 3100 3641 hoc,
3135 3577 3264 3646 quin
3295 3578 3403 3632 ullo
3429 3582 3588 3634 modo

2006 3660 2300 3716 fuissemus
2325 3660 2633 3732 justiﬁcati,
2682 3678 2751 3718 ne
2811 3672 3123 3736 promptum
3157 3681 3184 3719 a
3237 3665 3349 3721 Deo
3381 3669 3591 3729 minue:

2006 3768 2191 3809 remus
2225 3753 2515 3821 auxilium,
2576 3770 2673 3825 per
2700 3770 2768 3810 ea
2808 3771 2929 3827 quae
2963 3772 3059 3827 pro
3088 3759 3245 3813 nobis
3274 3759 3406 3828 ipsis
3441 3760 3609 3831 loqui»

2004 3852 2320 3914 poteramus
2376 3847 2746 3913 (murmurare
2802 3863 3041 3916 namque
3082 3850 3380 3919 quidquam
3444 3854 3588 3921 apud

2004 3937 2181 4005 ipsum
2209 3938 2260 3991 in
2290 3940 2661 4003 adversarios,
2693 3939 2746 3993 in
2778 3942 2890 3995 oris
2916 3939 3388 4011 inquinamentum
3432 3945 3589 4000 nobis

2005 4041 2312 4101 reputatum
2347 4032 2477 4101 est),
2506 4031 2729 4087 ubinam
2755 4049 3003 4089 essemus
3032 4034 3232 4090 hodie?
3265 4037 3321 4092 In
3348 4052 3455 4107 quo
3473 4037 3587 4092 for-

2007 4133 2149 4179 tunae
2183 4134 2327 4179 statu
2361 4140 2502 4180 nunc
2544 4140 2641 4180 nos
2683 4124 2928 4181 viderent
2963 4126 3250 4184 homines?
3283 4126 3402 4183 Non
3440 4131 3585 4185 enim

2004 4219 2147 4288 quod
2182 4219 2404 4273 numine
2444 4217 2660 4275 afﬂatus
2703 4220 3023 4290 imperator,
3055 4219 3166 4276 Deo
3195 4223 3261 4277 ad
3294 4238 3391 4278 cor
3416 4224 3586 4295 ipsius

2005 4307 2186 4363 locuto
2241 4324 2340 4363 nos
2389 4309 2622 4380 benigne
2678 4311 2947 4379 respexit,
3006 4313 3109 4368 hoc
3159 4327 3259 4368 nos
3294 4311 3585 4382 justilicat.

2004 4396 2256 4454 Attamen
2292 4400 2382 4455 ille
2421 4401 2640 4471 quidem
2677 4414 2898 4472 propter
2924 4418 3023 4459 nos
3052 4403 3383 4462 exaltandus
3402 4417 3507 4471 cst,
3533 4421 3589 4463 et

2006 4489 2174 4559 ipsius
2200 4507 2394 4547 nomen
2419 4491 2527 4546 Deo
2548 4492 2968 4565 hominibusque
2996 4496 3451 4557 benedicendum.
3476 4498 3589 4569 Ego

315 4589 555 4657 ἀγαπῶν
582 4588 831 4657 ἀγάπην,
853 4586 951 4658 τὴν
972 4586 1301 4657 ἀναγκαίαν,
1323 4585 1422 4658 τὴν
1449 4586 1751 4657 πάνδημον,
1775 4584 1898 4639 οὔτε

2014 4598 2139 4639 tero
2166 4584 2397 4654 diligens
2418 4585 2763 4652 charitatem,
2790 4591 3183 4653 necessariam,
3212 4604 3584 4656 conlinunt-tn,

313 4685 462 4736 κατά
496 4682 700 4736 κακίαν
730 4682 863 4751 ὑμῖν
924 4681 1061 4743 ὅλως
1124 4679 1545 4749 προσενέξομαι,
1607 4680 1731 4733 οὐδὲ
1794 4680 1901 4750 μὴν

310 4774 533 4844 ἀφελῶς
566 4775 748 4845 πάντῃ
791 4773 931 4827 κατὰ
961 4774 1145 4827 πίστιν
1176 4773 1514 4843 ἀφύλακτον,
1546 4771 1701 4825 οὐδέν
1737 4788 1789 4824 τι
1814 4770 1903 4825 λό-

312 4887 415 4940 χου
467 4869 856 4939 ύφορωμένην,
896 4868 1033 4920 ἀλλά
1070 4868 1211 4937 μετά
1248 4867 1521 4929 συνέσεως
1550 4863 1905 4935 ὲμόριθεστέ-

313 4979 418 5032 ρας
468 4960 543 5024 ῶς
568 4958 683 5013 οἷον
712 4978 795 5025 τε,
825 4961 920 5014 καὶ
949 4961 1039 5014 οῖα
1061 4963 1172 5025 τοῖς
1210 4959 1589 5014 πολυπαθὼιν
1621 4959 1753 5029 ἡμῖν
1785 4959 1905 5010 ἐπι·

311 5054 523 5125 πρέπει
557 5054 698 5125 πρὸς
723 5054 848 5116 τοὺς
876 5054 1016 5122 ἄγαν
1052 5053 1432 5125 έστυμμένους
1462 5052 1557 5108 καὶ
1591 5050 1904 5121 αὐστηροὺς

313 5147 414 5199 καὶ
446 5148 844 5216 ὲντρεπτικοὺς
894 5149 993 5216 τῆς
1046 5145 1226 5218 ἡμῶν,
1284 5146 1374 5199 ὅτε
1411 5144 1632 5198 καλέσει
1688 5143 1900 5213 καιρὸς,

308 5239 573 5309 ἀφελείας
592 5256 651 5291 τε
670 5238 767 5291 καλ⁵
792 5239 1127 5309 ἁπλότητοςή
1144 5239 1208 5309 ἢν
1239 5241 1353 5301 τοῖς
1374 5237 1599 5307 ἀληθέσι
1623 5235 1903 5306 φίλοιςζφύ

309 5348 338 5399 γ
351 5333 425 5400 ἀρ
442 5332 617 5401 δήπου
635 5330 858 5391 καὶτοῖς
879 5329 1153 5399 τυχοῦσιν)
1179 5328 1551 5399 ἐμφανίξομεν
1570 5327 1904 5399 προάγοντες

311 5424 701 5493 εὐηθέστερον,
733 5421 1246 5492 ἀνακεκαλυμμένῳ
1274 5419 1553 5490 προσώπῳ
1598 5420 1781 5483 αὐτοῖς
1804 5420 1905 5490 ἑμ-

313 5516 633 5579 6λέποντες,
653 5516 713 5568 ού
734 5514 1085 5584 κιεφελοῦντες
1118 5514 1233 5583 φῶς
1256 5513 1454 5583 ὅψεως,
1483 5513 1543 5565 ού
1568 5510 1909 5578 τοξοποιοῦν-

310 5625 404 5671 τες
437 5607 632 5678 ὀφρῦς,
660 5607 722 5660 ού
746 5605 1364 5681 σεμνοπροσωποῦντες,
1394 5604 1431 5659 ἃ
1449 5606 1514 5675 δὴ
1536 5606 1646 5666 τοῖς
1680 5602 1904 5673 περιέρ-

308 5717 431 5767 γοις
451 5699 699 5763 πολίταις
730 5700 1099 5769 φαντάζομεν.
1124 5700 1187 5753 Et
1212 5699 1267 5751 δὲ
1293 5701 1385 5751 καὶ¹
1408 5698 1519 5751 δέει
1538 5696 1715 5766 φίλοις
1740 5695 1907 5765 λαλῆ-

309 5810 441 5855 σαι,
494 5792 595 5845 οὐκ
658 5792 1091 5862 ἀποτορεύοντες
1139 5791 1337 5858 λέξεις,
1388 5790 1509 5844 οὐδὲ
1552 5786 1907 5871 σμιλεύοντες

315 5883 527 5949 ιννοίας
569 5884 689 5939 οὐδὲ
750 5885 1239 5957 βυοσοδομεύοντες
1283 5885 1352 5939 τὰ
1396 5887 1477 5949 εἰς
1517 5883 1737 5956 φράσιν,
1784 5880 1941 5936 άλλί

2009 4689 2111 4730 nec
2139 4691 2235 4744 per
2264 4675 2522 4730 malitiam
2556 4676 2714 4731 vobis
2742 4692 2968 4747 prorsus
2993 4680 3297 4746 inhaercbo,
3325 4697 3428 4743 nec
3456 4682 3588 4741 sim.-

2006 4768 2221 4840 pliciter
2250 4767 2448 4837 ubique
2472 4782 2571 4838 per
2600 4767 2760 4822 ﬁdem
2791 4769 3068 4825 incautam
3095 4772 3384 4845 nullasque
3408 4780 3587 4848 suspi-

2006 4870 2220 4912 eantem
2277 4860 2525 4924 insidias,
2569 4861 2663 4913 sed
2720 4875 2843 4916 cum
2880 4863 3132 4929 graviore
3183 4871 3422 4936 quadam
3453 4885 3587 4939 pru~

2007 4951 2210 5014 dentia,
2246 4951 2424 5020 qualis
2456 4952 2622 5006 multa
2650 4968 2814 5022 passo
2850 4955 2980 5009 mihi
3031 4960 3291 5014 convenit
3319 4975 3447 5030 erga
3507 4964 3588 5018 ni-

2008 5043 2109 5096 mis
2137 5042 2363 5097 accrhos
2395 5051 2449 5097 et
2476 5052 2726 5099 austeros
2756 5056 3187 5119 avocatoresque
3218 5064 3425 5109 nostra:
3453 5053 3587 5109 sim-

2009 5134 2264 5202 plicitatis
2288 5135 2777 5206 ingenuitatisque,
2795 5140 3097 5195 secundum
3118 5146 3584 5213 opportunitatem

2010 5228 2208 5282 habitae
2252 5243 2414 5299 quam
2451 5244 2577 5286 cum
2615 5232 2757 5290 veris
2790 5234 2981 5290 amicis
3027 5236 3158 5307 (non
3192 5253 3314 5296 cum
3357 5242 3586 5310 quibus-

2010 5322 2249 5391 cunqne)
2293 5320 2704 5379 manifesmmus
2744 5326 3065 5396 simpliciter
3088 5332 3467 5401 procedentes,
3491 5348 3586 5391 eos

2014 5415 2253 5468 revelata
2274 5413 2410 5469 facie
2432 5426 2773 5485 contuentes,
2803 5436 2907 5474 tton
2936 5422 3113 5477 vultus
3146 5424 3327 5480 lumen
3354 5427 3588 5481 obnubi-

2012 5508 2206 5574 lantes,
2238 5524 2343 5561 non
2380 5511 2733 5579 supercilium
2776 5525 3084 5580 arcu-intus,
3117 5528 3175 5571 ut
3204 5519 3257 5571 in
3287 5517 3589 5584 negotiosis

2011 5601 2222 5656 civibus
2274 5602 2537 5657 videmus.
2602 5603 2657 5657 Si
2710 5620 2836 5659 vero
2864 5622 3078 5678 quoque
3119 5625 3239 5663 cum
3295 5608 3485 5662 amicis
3517 5610 3592 5664 sit

2012 5693 2362 5763 loquendum,
2388 5712 2494 5751 non
2521 5698 2788 5765 polientes
2819 5700 3175 5763 locutionem,
3205 5715 3310 5755 non
3333 5702 3591 5757 calantes

2014 5791 2422 5860 cogitationem,
2446 5808 2550 5846 non
2585 5794 2824 5863 plirasim
2849 5796 3184 5858 exaltantes,
3218 5796 3311 5847 sed
3337 5794 3592 5849 rusticius

2016 5895 2363 5956 apparentes,
2411 5895 2464 5941 ct
2496 5887 2777 5957 scapham,
2837 5897 2893 5941 ut
2924 5886 3143 5953 dicitur,
3197 5886 3452 5955 scapham
3509 5887 3593 5941 dt-
