3968 6244
391 384 501 451 435
1060 378 1483 441 EUS’I‘ATHII
1520 369 1965 437 THESSALON
1978 364 2280 432 ICENSIS
2312 358 2876 432 METROPOLlT/E
3540 350 3646 416 436

392 507 605 560 centes,
659 493 877 551 indocte
920 494 1207 564 loquentes
1256 492 1552 550 secundum
1602 488 1953 554 evidentiam,

2087 478 2416 552 γροικικὼτι
2427 494 2517 550 ρον
2537 475 2892 545 διακείμενοι,
2915 470 3008 527 καὶ
3034 470 3132 541 τὴν
3159 469 3377 540 σκάφην
3408 467 3641 536 σκάφην,

400 603 510 643 non
570 587 871 645 secundum
917 560 1265 641 artiﬁciosam
1335 582 1752 647 obscuritatem,
1798 594 1961 651 quam

2087 577 2293 643 ἱφασιν,
2314 571 2584 638 λέγοντες,
2608 568 2702 621 καὶ
2719 564 3094 637 ἀμαθέστερον
3120 561 3485 631 φθεγγόμενοι
3511 560 3645 629 προς

396 677 613 735 allectat
640 679 800 735 aliter
831 677 1196 748 iudicantium
1225 677 1436 732 irrisor.

2087 667 2387 734 ταφήνειαν,
2413 662 2474 715 οὐ
2499 661 2608 731 μὴν
2637 656 2905 728 τεχνητὴν
2928 653 3245 725 ὲπίκρυψιν,
3263 655 3328 723 ἣν
3349 652 3647 706 ἐπισκευά-

2082 772 2234 809 σεται
2253 757 2281 809 ό
2326 753 2470 807 κατὰ
2494 751 2604 805 τῶν
2625 750 2801 805 ἄλλως
2851 747 3161 803 ἀκουόντων
3196 743 3644 814 ειρωνευὸμενος.

465 858 555 912 55.
587 856 646 912 Si
677 858 798 927 quis
841 867 1023 915 autem
1059 858 1218 915 nobis
1257 857 1418 913 talem
1450 855 1773 913 criminatur
1808 865 1966 921 aspe-

2138 846 2232 898 λε’.
2266 843 2330 897 El
2358 844 2415 898 δέ
2443 859 2528 906 τις
2561 842 2709 911 ἡμᾶς
2732 839 2975 893 αἰτιᾶται
3004 839 3109 906 τῆς
3128 835 3335 906 ταύτης
3369 832 3644 903 στρυφνό-

398 951 616 1007 ritatem
640 991 655 1015 ρ
695 926 771 1007 ex
825 951 1043 1009 homine
1089 965 1361 1020 quaeram,
1390 950 1663 1020 quomodo
1685 945 1968 1005 subridere

2087 954 2253 1008 πητος,
2292 937 2562 1007 ἐρήσομαι
2617 933 2711 987 τδν
2758 930 2951 1000 ἄνδρα,
3010 929 3131 993 πῶς
3191 944 3324 980 ποτε
3367 926 3644 996 μειδιᾶσαι

397 1043 725 1113 quandoque
761 1042 1084 1099 audebimus
1106 1043 1173 1097 ad
1201 1057 1448 1098 serenam
1498 1053 1761 1096 occursus
1789 1036 1969 1094 exsul-

396 1135 695 1201 tationem,
748 1149 872 1193 cum
929 1134 1206 1189 cernimus
1260 1132 1506 1189 homines
1558 1131 1654 1202 qui
1703 1132 1759 1186 itt
1818 1130 1973 1183 inde-

398 1234 610 1281 centem
647 1224 971 1283 cachinnum
1016 1233 1070 1279 et
1121 1225 1176 1278 in
1227 1224 1523 1290 tripudium
1569 1222 1969 1292 corybantium,

2072 1031 2424 1101 θαρρήσομεν
2448 1028 2528 1090 εἰς
2554 1025 2810 1096 γαλήνιον
2830 1023 3084 1092 διάχυσιν
3102 1020 3381 1090 ἐντυχίας,
3409 1021 3499 1072 ὅτε
3525 1018 3646 1087 βλέ-

2071 1137 2250 1189 πομεν
2310 1117 2656 1190 ἀνθρώπους,
2691 1116 2743 1169 οῖ
2799 1119 2895 1169 καὶ
2939 1116 3017 1176 εις
3050 1111 3373 1182 καγχασμὺν
3422 1109 3644 1178 ἀπρεπῆ

2072 1216 2165 1269 καὶ
2191 1216 2270 1277 εἰς
2298 1213 2526 1284 ὄρχησιν
2558 1210 2932 1282 Κορυδάντιον
2953 1207 3015 1261 τὸ
3061 1210 3091 1275 ἡ
3103 1206 3222 1276 μῶν
3275 1203 3647 1274 ἐγγράφονται

2074 1305 2357 1375 μειδίαμα,
2385 1304 2590 1373 γελοῖοι
2619 1301 2773 1355 αὐτοὶ
2805 1299 2977 1365 ὄντες,
3028 1298 3122 1350 καὶ
3147 1296 3222 1366 μὴ
3274 1296 3543 1363 διαφορὰν
3578 1296 3651 1345 εἰ·

2072 1397 2224 1460 δότες
2257 1395 2351 1449 τοῦ
2388 1395 2624 1467 μειόιᾷν,
2653 1393 2684 1464 ἢ
2719 1391 3040 1463 σαρκάζειν,
3076 1390 3111 1460 ἢ
3140 1388 3462 1459 καγχάζειν,
3490 1389 3525 1457 ἦ
3567 1386 3651 1453 γέ-

403 1500 554 1565 dere,
590 1498 679 1552 vel
719 1498 1068 1562 cacliiunare,
1118 1497 1206 1552 vel
1253 1496 1454 1563 ridere,
1483 1511 1713 1566 quorum
1772 1490 1974 1565 longis-

2087 1493 2265 1554 iterm,
2292 1480 2366 1541 ὧν
2398 1485 2743 1559 πορρωτάτω
2784 1485 2927 1540 πάνυ
2955 1484 3021 1536 τὰ
3052 1481 3174 1535 κατ’
3239 1482 3451 1533 ἔννοιαν
3503 1480 3624 1546 cpi:

399 1592 540 1644 sime
570 1590 780 1659 distant
828 1591 1079 1659 cogitata:
1125 1588 1504 1647 deﬁnitiones?
1533 1588 1815 1655 Quomodo
1849 1601 1977 1642 vero

2087 1596 2262 1649 ματα;
2295 1577 2423 1642 Πῶς
2449 1577 2503 1631 δὲ
2537 1576 2632 1629 καὶ
2686 1575 2823 1645 πρὸς
2874 1574 3036 1645 χάριν
3093 1573 3285 1642 ἱλαρὰν
3329 1572 3651 1638 ἀστεϊσομαι

395 1681 552 1749 juxta
585 1682 815 1752 gratiam
847 1682 1074 1737 hilarem
1124 1691 1181 1739 et
1226 1683 1526 1752 sapientem
1577 1681 1821 1735 urbanus
1873 1680 1975 1735 situ

2087 1671 2175 1725 καὶ
2230 1669 2511 1741 σώφρονα,
2567 1666 2712 1723 κατὰ
2747 1667 2894 1721 ἰδέαν
2953 1664 3114 1733 λόγου
3157 1664 3343 1718 θετέον
3370 1663 3650 1752 δριμεῖαν,

399 1746 639 1839 iuturus,
683 1773 838 1842 juxta
895 1771 1132 1841 speciem
1189 1746 1497 1836 sermonis,
1533 1769 1842 1840 ponendum
1893 1776 1978 1823 est

2087 1761 2276 1814 ὁποίαν
2314 1758 2685 1829 παραδίδωσιν
2735 1756 2795 1809 οὐ
2837 1756 2999 1825 μόνον
3045 1756 3073 1808 ό
3107 1752 3325 1824 γράψας
3373 1750 3465 1804 τὸν
3512 1746 3654 1802 οἶνον

399 1326 650 1370 nostrum
678 1316 1013 1370 accusabunt
1044 1314 1219 1370 lenem
1248 1317 1438 1382 risum,
1472 1315 1570 1384 ipsi
1598 1330 1727 1369 vere
1760 1313 1971 1368 ridiculi

404 1418 463 1461 et
495 1405 861 1461 dili'erentiant
894 1407 1203 1463 nescientes
1227 1405 1372 1460 inter
1395 1404 1701 1469 subridere,
1730 1403 1814 1457 vel
1852 1402 1976 1456 irri-

400 1878 605 1933 acretn,
654 1861 868 1931 qualem
900 1861 1102 1928 tradit,
1134 1874 1238 1915 non
1281 1859 1459 1919 solum
1492 1858 1585 1930 qui
1627 1857 1810 1912 vinum
1862 1869 1979 1910 uva:

2087 1846 2223 1920 αἷμα
2273 1848 2588 1920 σταφυλῆς,
2641 1846 2775 1903 ἀλλὰ
2824 1846 2973 1901 καὶὸ
3008 1843 3261 1907 πλούσιος
3299 1844 3394 1896 καὶ
3450 1842 3654 1909 γλυκὺς

403 1954 723 2022 sanguinem
757 1953 777 1983 ³
830 1951 1084 2020 scripsit,
1134 1952 1230 2013 sed
1272 1950 1425 2008 dives
1468 1959 1525 2006 et
1570 1948 1748 2009 dulcis
1793 1957 1977 2002 orator

401 2042 606 2111 David,
638 2042 731 2112 qui
773 2042 953 2113 psallit
1012 2042 1271 2099 buccellis
1307 2042 1514 2097 similes
1564 2040 1704 2109 mitti
1749 2038 1978 2111 crystal-

401 2136 483 2190 los
519 2135 575 2201 δ,
630 2145 686 2191 et
742 2136 922 2191 nivem
967 2135 1197 2203 expandi
1247 2133 1391 2189 sicut
1450 2132 1666 2198 lanam,
1722 2129 1976 2189 nebulam

407 2234 584 2278 autem
621 2224 765 2280 sicut
803 2223 1041 2279 cinerem
1073 2222 1252 2293 spargi
1283 2222 1345 2287 ⁸;
1388 2220 1542 2291 lingit
1571 2228 1752 2275 autem
1791 2217 1974 2287 frigori

400 2313 632 2379 vultum,
680 2330 745 2371 eo
786 2313 927 2382 quod
981 2312 1160 2367 vultus
1217 2313 1320 2366 iter
1379 2310 1697 2367 iacientium
1753 2319 1977 2366 contur-

402 2404 516 2459 bat.
557 2403 759 2459 Omitto
813 2405 957 2459 enim
1005 2404 1206 2460 multas
1239 2403 1373 2459 alias
1417 2403 1749 2467 dulcedines,
1786 2400 1978 2470 quibus

408 2511 564 2551 sacra
595 2496 884 2565 divinaque
912 2480 1215 2566 Scriptura
1262 2510 1359 2569 per
1393 2492 1682 2566 aenigmata
1714 2491 1976 2563 loquitur,

408 2588 574 2642 veluti
643 2604 766 2643 cum
834 2587 941 2642 mel
981 2604 1011 2642 e
1072 2587 1388 2643 comedente
1442 2586 1575 2641 dicit
1620 2585 1772 2641 exire
1810 2586 1865 2649 ⁸,
1926 2592 1981 2641 et

407 2681 677 2752 quoddam
745 2680 912 2752 pilum
966 2680 1286 2735 bellicosum
1349 2693 1593 2734 crassum
1655 2692 1777 2734 esse
1838 2676 1980 2732 sicut

410 2771 708 2826 terentium
765 2771 1179 2838 liciatoriutn';
1241 2779 1298 2826 et
1364 2781 1507 2825 astra
1565 2771 1621 2824 in
1667 2769 1828 2825 domo
1865 2782 1981 2821 am-

404 2864 595 2919 bulare
620 2864 665 2930 ⁸,
719 2863 808 2918 ubi
841 2874 946 2918 tam
992 2877 1112 2917 rara
1145 2871 1272 2918 sunt
1319 2860 1606 2932 teguminis
1652 2857 1977 2928 superindu-

411 2966 618 3022 menta,
655 2965 715 3010 ut
753 2957 901 3012 intus
930 2954 1347 3023 inspicientibus
1387 2962 1647 3025 appareat
1678 2951 1733 3006 in
1782 2948 1980 3004 altissi-

406 3049 511 3103 mis
551 3055 824 3103 astrorum
868 3054 1067 3101 motus.
1101 3046 1310 3112 Quibus
1353 3043 1753 3113 adjungendum
1796 3039 1980 3109 spinas

406 3137 466 3190 in
500 3136 635 3189 ebrii
688 3150 850 3189 manu
897 3136 1208 3199 crcscere’,
1249 3144 1303 3188 et
1336 3143 1518 3202 patres
1567 3133 1783 3203 quidem
1819 3143 1978 3183 mau-

408 3228 637 3281 ducasse
689 3226 945 3293 carduos,
1011 3225 1137 3281 [illis
1180 3235 1361 3280 autem
1413 3225 1799 3293 obstupescere
1851 3224 1980 3276 den-

408 3330 490 3371 tes
541 3317 609 3370 '°.
674 3315 780 3372 Ubi
827 3333 957 3388 ergo
999 3318 1246 3387 quaedam
1299 3315 1496 3370 similia
1538 3313 1768 3383 prodere
1813 3325 1979 3365 ausus

405 3422 524 3462 sunt
559 3408 685 3464 licet
721 3425 844 3464 cum
877 3411 1248 3465 moderamine
1298 3409 1588 3463 valuissem
1648 3404 1817 3476 loqui,
1871 3420 1979 3475 quo

405 3500 768 3569 metropolitaa
794 3501 1070 3556 urbanitas
1091 3499 1334 3568 deceptis
1366 3499 1588 3554 auribus
1620 3497 1831 3552 videtur
1860 3511 1981 3552 esse

414 3590 620 3644 locutio
681 3591 927 3661 quaedam
986 3607 1092 3644 non
1150 3590 1545 3662 dithyratnbica
1613 3592 1979 3657 damnosaque

409 3682 651 3753 (utinam
695 3683 838 3737 enim
877 3688 979 3738 hoc
1028 3682 1278 3755 essetl),
1334 3684 1428 3738 sed
1486 3682 1609 3737 vino
1650 3682 1866 3755 gravis,
1918 3690 1977 3734 ut

407 3773 555 3828 inter
585 3773 935 3830 bacchanalia
963 3777 1229 3831 carmina.

479 3950 571 4026 ὅθ.
617 3950 894 4009 Conﬁteor
921 3954 1094 4017 vobis,
1131 3953 1348 4020 fratres,
1382 3953 1522 4022 quod
1567 3953 1647 4008 sic
1687 3969 1834 4008 meos
1864 3969 1983 4009 sero

412 4058 606 4100 mones
636 4047 964 4100 concinnare
998 4046 1141 4111 volo,
1184 4048 1313 4101 viris
1346 4046 1679 4121 negligenter
1715 4046 1985 4100 audienti-

411 4135 625 4199 bus,‘ut
651 4136 865 4189 etiamsi
899 4148 1082 4188 coram
1111 4134 1295 4188 divino
1334 4149 1459 4204 rege
1493 4135 1622 4189 mihi
1655 4136 1980 4206 loquendum

412 4235 590 4294 esset,
639 4240 746 4280 non
790 4233 935 4280 esset
962 4225 1094 4280 mihi
1124 4240 1258 4295 opus
1301 4239 1608 4296 praecavere
1646 4242 1712 4281 ne
1762 4227 1981 4282 fortuita

414 4318 690 4387 loquerer.
729 4317 793 4371 Et
810 4330 938 4370 vero
965 4317 1080 4371 scio
1101 4316 1204 4370 Sub
1231 4316 1456 4386 antiquo
1485 4331 1693 4371 necnon
1721 4318 1821 4372 sub
1849 4333 1987 4387 prat-

413 4411 554 4467 sentl
587 4422 745 4465 sacro
789 4422 954 4479 regno
1000 4418 1088 4462 me
1134 4407 1213 4462 sic
1246 4407 1301 4462 in
1338 4407 1488 4478 gravi
1521 4421 1662 4465 coetu
1697 4408 1864 4464 fuisse
1908 4409 1986 4463 lo-

2081 1944 2266 2014 ῥήτωρ
2320 1939 2507 2005 Δαυϊᾶ,
2583 1940 2797 2009 ψωμοῖς
2861 1937 3107 1999 ιοικότας
3164 1935 3465 2005 βάλλεσθαι
3530 1933 3655 1997 τοὺς

2081 2034 2450 2107 κρυστάλλους
2492 2033 2713 2104 ψάλλων
2756 2032 2985 2096 ἐκεῖνος,
3039 2031 3133 2083 καὶ
3185 2027 3280 2099 τὴν
3328 2028 3485 2098 χιόνα
3545 2027 3656 2079 δια-

2082 2123 2397 2179 πεπτάσθαι
2418 2124 2552 2176 ὡσεὶ
2573 2125 2669 2176 καὶ
2694 2122 2866 2191 ἔριον,
2892 2120 2991 2191 τὴν
3011 2119 3066 2174 δὲ
3093 2117 3326 2189 ὁμίχλην
3359 2115 3494 2169 ὡσεὶ
3528 2130 3657 2168 σπι-

2080 2217 2170 2270 δὸν
2244 2215 2590 2271 πάσσεσθαι·
2663 2214 2992 2278 πλάττοντος
3067 2214 3125 2266 δὲ
3197 2212 3291 2266 καὶ
3345 2210 3423 2280 τῷ
3494 2209 3653 2280 ψύχει

2082 2312 2396 2383 πρόσωπον,
2424 2305 2505 2375 οἷς
2540 2309 2865 2381 παρενοχλεῖ
2898 2311 3009 2373 τοῖς
3033 2308 3141 2362 τῶν
3172 2309 3462 2362 ὁδευόντων
3487 2322 3655 2377 προσ·

2080 2401 2271 2467 ώποις.
2310 2404 2413 2456 Ἐῶ
2465 2404 2571 2471 γὰρ
2607 2401 2741 2473 πρός
2787 2418 2850 2469 γε
2890 2401 2951 2453 τὸ
2983 2401 3155 2470 παρὸν
3181 2400 3278 2463 τὰς
3304 2398 3500 2462 λοιπὰς
3528 2398 3656 2467 γλυ-

2084 2496 2348 2569 κύτητας,
2379 2498 2435 2549 ἐν
2459 2492 2549 2558 αἶς
2586 2498 2621 2565 ἡ
2656 2496 2775 2566 ἱερὰ
2801 2500 2893 2549 καὶ
2919 2495 3039 2548 θεία
3067 2496 3261 2566 Γραφὴ
3299 2496 3393 2549 καὶ
3415 2496 3654 2549 αἱνίστεε

2079 2605 2196 2655 ται,
2243 2589 2318 2652 ὡς
2362 2591 2457 2641 καὶ
2501 2589 2590 2643 ὅτε
2642 2588 2765 2659 μέλι
2796 2588 2856 2652 ἐξ
2898 2588 3145 2650 ἑσθοντος
3193 2590 3359 2658 φησιν
3400 2586 3655 2653 ἐξελθεῖν,

2085 2681 2178 2734 καί
2250 2698 2304 2734 τι
2363 2681 2491 2752 δόρυ
2559 2681 2920 2751 στρατηγικὸν
2982 2683 3128 2750 παχὺ
3187 2675 3328 2733 εἶναι
3378 2680 3513 2732 ὡσεὶ
3561 2680 3655 2732 καὶ

2083 2772 2266 2826 ἀντίον
2319 2772 2681 2841 ὑφαινόντωνο
2736 2775 2828 2827 καὶ
2884 2772 3062 2842 ἄστρα
3113 2771 3171 2825 δὲ
3226 2773 3375 2844 οἰκία
3420 2776 3655 2844 ἐμπερι-

2081 2867 2298 2930 πατεῖν,
2348 2864 2475 2917 ἔνθα
2505 2865 2561 2928 ἐς
2592 2863 2846 2918 τοσοῦτον
2873 2866 3042 2936 ἀραιὰ
3076 2867 3106 2935 ἡ
3147 2865 3244 2919 τοῦ
3272 2864 3654 2937 στεγάσματος

2083 2956 2455 3022 ἐπισύνδεσις,
2504 2957 2579 3019 ὡς
2606 2956 2897 3034 φαίνεσθαι
2931 2960 3044 3020 τοῖς
3099 2957 3248 3012 ἔνδον
3299 2959 3526 3027 διορῶσι
3555 2961 3652 3028 τὴν

2081 3049 2342 3104 ἀνωτάτω
2371 3050 2490 3103 κατ’
2520 3049 2696 3121 ἄστρα
2736 3052 2974 3120 κίνησιν.
3019 3043 3113 3115 Οἷς
3143 3052 3434 3104 ἐντακτέον
3465 3054 3561 3104 καὶ
3592 3051 3653 3103 τὸ

2081 3141 2326 3204 ἀκάνθας
2378 3143 2432 3194 ὲν
2489 3142 2632 3212 χειρὶ
2670 3140 2906 3211 φύεσθαι
2953 3144 3017 3212 τῇ
3072 3141 3167 3195 τοῦ
3222 3141 3504 3211 μεθύσου,
3561 3146 3652 3197 καὶ

2084 3233 2146 3284 τὸ
2196 3233 2375 3300 γονεῖς
2408 3230 2507 3302 μὲν
2534 3230 2936 3299 ἁκανθοφαγεῖν
2957 3270 2973 3295 ,
3004 3233 3269 3302 αῐμωδίαν
3294 3232 3349 3287 δὲ
3383 3236 3497 3297 τοῖς
3526 3233 3651 3286 τέκ-

2084 3340 2199 3386 νοις
2253 3321 2584 3393 ὲμφύεσθαι.
2623 3322 2730 3376 Ποῦ
2778 3322 2844 3395 δὴ
2897 3323 3034 3377 ἀλλὰ
3082 3325 3312 3380 τοιαῦτα
3365 3326 3500 3393 γοῦν
3535 3342 3656 3380 τινα

2084 3415 2425 3484 τολμήσαιμι
2455 3412 2546 3476 ἂν,
2596 3416 2644 3466 εἰ
2674 3414 2741 3481 γέ
2773 3432 2878 3468 που
2941 3414 3036 3470 καὶ
3081 3417 3459 3489 εὐπορήσαιμι
3522 3418 3656 3487 πρὸς

2084 3505 2381 3575 γλύκασμα
2415 3504 2779 3575 φθέγγεσθαι,
2834 3506 2971 3560 ὅπου
3005 3507 3066 3560 τὸ
3100 3506 3195 3561 τοῦ
3258 3510 3656 3581 μητροπολξτου

2085 3598 2390 3667 ἀστείευμα
2426 3597 2577 3651 δοκεῖ
2602 3601 2724 3662 ταῖς
2756 3599 3131 3671 ὲσφαλμέναις
3163 3601 3355 3665 ἀκοαῖς
3387 3601 3551 3656 λαλιά
3576 3620 3659 3668 τις

2085 3683 2225 3741 εἶναι
2271 3688 2333 3741 οὐ
2387 3687 2809 3761 διθυραμϐώδης
2861 3694 2958 3745 καὶ
3021 3694 3204 3765 ἀτηρὰ
3263 3693 3401 3764 (εῖθε
3432 3695 3542 3766 γὰρ
3595 3692 3661 3766 ἦν

2088 3780 2245 3834 τοῦτο
2268 3780 2327 3852 ι),
2360 3781 2498 3836 ἀλλὰ
2544 3781 2825 3852 παροίνιος
2874 3784 3015 3839 κατά
3061 3802 3125 3853 γε
3174 3785 3243 3839 τά
3292 3787 3663 3859 περιᾳδόμενα

2089 3873 2307 3928 σκόλια.

2161 3965 2269 4030 λς’.
2314 3965 2779 4047 Ἐξομολογοῦμαι
2812 3967 2962 4039 ὑμῖν,
2986 3968 3229 4039 ἀδελφοὶ,
3251 3970 3325 4033 ὡς
3355 3968 3502 4025 οὕτω
3537 3973 3661 4036 τοὺς

2090 4057 2259 4129 ἐμοὺς
2287 4058 2480 4126 λόγους
2515 4059 2687 4113 ἐθέλω
2728 4060 3186 4130 στρογγύλεσθαι,
3220 4064 3525 4134 παρηκόων
3571 4066 3665 4118 άν-

2087 4149 2232 4219 δρῶν
2259 4150 2651 4222 ἀκροωμένων,
2688 4151 2763 4216 ὼς
2788 4152 2897 4206 οὐδ’
2933 4153 2998 4208 ἂν
3027 4154 3188 4226 εἴπερ
3220 4155 3539 4227 ἔμπροσθεν
3568 4157 3666 4227 βα-

2097 4238 2290 4303 σιλέως
2314 4240 2499 4294 ἐνθέου
2531 4241 2710 4297 λαλῶν
2745 4244 2880 4313 πρὸς
2909 4245 3098 4314 χρείας
3123 4240 3272 4318 εῐχον
3303 4247 3666 4317 σκέπτεσθαι,

2093 4333 2188 4385 καὶ
2230 4332 2305 4402 μὴ
2337 4331 2517 4387 λαλεῖν
2556 4335 2898 4407 άτημέλητα.
2941 4338 3052 4392 Καὶ
3102 4339 3210 4410 μὴν
3255 4334 3377 4409 οἶδα
3427 4339 3541 4409 ἐγὼ
3571 4342 3668 4394 καὶ

2092 4426 2188 4479 ἐπὶ
2222 4427 2322 4495 τῆς
2363 4427 2535 4482 πάλαι
2571 4430 2666 4481 καὶ
2703 4430 2803 4498 τῆς
2839 4430 2936 4484 νῦν
2965 4430 3127 4499 ἁγίας
3163 4433 3449 4502 βασιλείας
3493 4433 3667 4497 οὕτως

416 4513 625 4572 cutum,
656 4512 715 4567 ut
756 4503 1043 4557 audientes
1086 4512 1508 4567 commorerem,
1543 4514 1597 4555 et
1642 4501 1771 4556 mihi
1803 4502 1982 4556 conci-

2094 4518 2151 4571 ἑν
2178 4516 2341 4587 βαρεῖ
2368 4516 2611 4591 συλλόγῳ
2637 4517 2900 4589 λαλήσας,
2930 4518 3007 4584 ὡς
3033 4501 3246 4593 διαχέαι
3271 4523 3399 4585 τοὺς
3446 4525 3667 4592 ἀκροω-

411 4596 622 4652 llarem.
655 4594 760 4651 Sed
801 4609 921 4650 cum
964 4594 1051 4648 his
1092 4594 1296 4649 nosuis
1348 4592 1635 4650 subsurdis
1675 4593 1806 4664 (non
1837 4594 1983 4649 enim

411 4680 537 4743 Volo
571 4689 754 4744 dicere
791 4684 1054 4757 subdolis)
1109 4685 1241 4739 nihil
1281 4686 1384 4740 tale
1413 4687 1715 4757 contingit;
1749 4687 1841 4741 sed
1881 4687 1983 4739 cir-

413 4787 688 4833 cumstant
720 4776 905 4832 dolose
950 4776 1308 4839 meditantes,
1347 4776 1393 4829 si
1429 4774 1567 4830 forte
1610 4790 1711 4831 nos
1739 4774 1988 4845 decipere

414 4872 664 4940 possint,
702 4868 982 4938 ignobilia,
1019 4869 1161 4922 sicut
1190 4867 1408 4935 dicitur,
1445 4869 1729 4938 phalangis
1775 4868 1988 4922 misera:

416 4961 735 5037 insidiantis
780 4960 1062 5027 musculae,
1136 4961 1183 5013 si
1253 4960 1394 5015 forte
1455 4962 1987 5030 appropinquantem

416 5051 741 5121 corripiant.
776 5051 919 5118 Quid
954 5049 1195 5115 tandem,
1234 5066 1266 5104 ο
1294 5050 1568 5119 sapientes
1607 5051 1883 5104 auditores
1935 5060 1991 5104 ct

420 5153 785 5213 spectatores,
848 5140 1284 5211 reprehenditis,
1335 5145 1548 5212 quando
1604 5143 1684 5197 vir
1728 5158 1890 5197 senex
1935 5150 1991 5197 ct

421 5246 532 5290 nan
569 5236 793 5291 omnino
822 5237 1007 5305 procul
1048 5250 1076 5289 a
1119 5236 1329 5289 ratione
1363 5236 1560 5301 lactus,
1587 5233 1834 5290 heroicas
1865 5250 1988 5304 per-

420 5341 587 5383 sonas
642 5329 694 5381 in
756 5328 966 5383 theatro
1020 5330 1343 5398 prodeuntes
1397 5343 1647 5398 cernens,
1706 5330 1983 5387 Priamum

425 5431 559 5491 puta
625 5435 843 5486 scnetn,
886 5431 938 5474 et
980 5421 1232 5488 Atridas,
1281 5423 1625 5479 adversarios
1673 5425 1762 5479 isti
1809 5440 1983 5497 reges,

416 5523 473 5567 et
504 5511 767 5567 famosum
791 5513 1038 5583 Ulyssem
1060 5554 1076 5581 ,
1132 5528 1186 5568 et
1239 5515 1462 5569 alterum
1505 5516 1716 5585 Ajacem
1747 5522 1986 5583 nomine,

2098 4607 2317 4679 μένους,
2348 4609 2443 4661 καὶ
2494 4610 2573 4672 εἰς
2624 4609 2865 4680 ἐμαυτόν
2920 4613 3361 4669 ἐπισπάσασθαι.
3408 4615 3553 4667 Ἀλλ’
3611 4618 3667 4669 ἐν

2092 4699 2204 4762 τοῖς
2224 4697 2347 4751 καθ’
2376 4701 2527 4769 ἡμᾶς
2556 4701 2766 4765 τούτοις
2796 4702 3111 4774 ὑποκώφοις
3142 4705 3309 4777 (ὀκνῶ
3347 4707 3459 4775 γὰρ
3492 4708 3668 4760 εἰπεῖν

2093 4789 2401 4862 ὑποξύλοις)
2430 4792 2530 4845 οὐκ
2554 4792 2668 4847 ἔστι
2693 4794 2934 4850 τοιοῦτον
2955 4796 3109 4851 οὐδέν
3135 4813 3148 4827 ·
3178 4798 3315 4852 ἀλλὰ
3343 4800 3664 4869 περιίσταν-

2092 4899 2181 4935 ται
2220 4881 2559 4951 μελετῶντες
2592 4886 2803 4956 ἡρέμα,
2835 4886 2888 4941 τί
2923 4889 3043 4943 ποτ’
3070 4888 3135 4942 ἂν
3183 4890 3340 4962 ἡμῶν
3391 4891 3665 4954 λάϐοιντο.

2094 4974 2321 5043 ἀγεννῆ,
2352 4975 2380 5027 ὃ
2409 4991 2598 5043 φασιν,
2631 4978 2933 5048 φαλάγγια,
2967 4981 3204 5052 δυστυχῆ
3261 4985 3424 5053 μυῖαν
3464 4984 3668 5057 λοχῶνσ-

2091 5081 2206 5130 τες,
2232 5065 2283 5118 εῖ
2315 5081 2430 5130 πως
2481 5066 2815 5140 ἐγγιζούσης
2866 5070 3177 5142 δράξονται.
3230 5074 3293 5127 Τί
3330 5075 3395 5145 δή
3434 5092 3589 5144 ποτε,
3626 5074 3667 5130 ὦ

2096 5154 2254 5225 σοφοὶ
2282 5157 2378 5209 καὶ
2407 5157 2679 5227 ἀκροαταὶ
2729 5160 2825 5214 καὶ
2885 5163 3094 5229 θεαταὶ,
3141 5164 3451 5236 μέμφεσθε,
3507 5168 3668 5240 εἰπερ

2093 5244 2235 5313 ἀνὴρ
2263 5244 2441 5314 γέρων
2489 5248 2582 5299 καὶ
2612 5247 2736 5300 οὐδὲ
2767 5249 2906 5304 πάνυ
2942 5254 3166 5322 μακρὰν
3197 5255 3667 5325 ὲσκορακισμέιιος

2095 5337 2282 5405 λόγου,
2332 5339 2553 5410 ἡρωῗκὰ
2608 5341 3086 5413 σκηνοόατούμενα
3123 5345 3395 5417 πρόσωπα
3430 5347 3663 5419 βλέπων,

2095 5431 2347 5502 Πρίαμόν
2371 5444 2493 5484 τινα
2527 5432 2762 5503 γέροντα
2795 5436 2891 5489 καὶ
2955 5439 3306 5509 ’Δτρείωνας,
3357 5443 3486 5506 τοὺς
3521 5445 3666 5496 ἀντι-

2099 5524 2304 5587 πάλους
2331 5523 2528 5606 ὲκείνῳ
2572 5523 2837 5597 βασιλεῖς,
2887 5530 2981 5584 καί
3034 5548 3160 5585 τινα
3227 5533 3514 5602 Ἐδυσσὲα,
3571 5538 3665 5588 καὶ

421 5782 443 5813 ³
739 5730 797 5813 ι..ὲ
824 5713 922 5813 16..
955 5715 1533 5813 'n‘nPaul;curru“!7.
1570 5717 1805 5813 m‘ﬂibi‘d.
2003 5720 2205 5813 :nl’SaI.
2238 5737 2438 5788 cxvttt,
2471 5722 2593 5778 105.
2667 5725 2687 5755 τ
2720 5726 2735 5778 l
2775 5726 2905 5794 ltcg.
2933 5742 3066 5793 xvn,
3097 5727 3158 5794 7;
3193 5727 3237 5782 ll
3263 5729 3395 5801 Reg.
3435 5747 3548 5796 ut,
3582 5730 3656 5785 l9.

473 5784 606 5838 Dan.
637 5800 736 5850 HI,
767 5788 820 5840 5.
901 5789 922 5817 ’
953 5787 1057 5839 lsa.
1094 5800 1278 5845 xxv'tu,
1329 5788 1491 5851 iscq.
1570 5789 1613 5819 ιο
1639 5787 1803 5840 Eccli.
1838 5805 1962 5853 nx,
2003 5792 2084 5846 i0.
