3804 6238
295 293 402 356 439

1004 287 1427 349 EUSTATHII
1470 284 2227 350 TIIESSALONICENSIS
2268 283 2830 349 METROPOLITAE

3437 280 3548 345 HO

294 409 406 462 lum
425 403 491 460 ad
515 404 650 459 nihil
688 403 835 459 utilis
862 417 1005 469 sum,
1039 401 1134 458 scd
1161 401 1325 457 etiam
1355 415 1419 455 ex
1443 400 1585 456 bono
1607 401 1876 470 colloquio

2012 419 2068 458 αι
2096 402 2368 474 λεπταλέᾳ
2398 403 2573 472 φωνῇ,
2611 401 2646 455 ἃ
2681 397 2917 452 ποιοῦσι.
2951 394 3065 451 Καὶ
3113 394 3317 450 αὐτίκα
3347 397 3376 449 ὁ
3403 396 3550 450 διδά-

295 497 540 570 percipio
581 497 818 552 fructum
851 493 992 564 quod
1039 492 1165 547 mali
1208 507 1420 548 memor
1449 507 1632 547 vocer.
1669 491 1869 562 Hujus-

295 590 445 646 modi
473 588 637 645 multa
667 603 809 642 nunc
831 601 930 657 ego
982 584 1193 640 silentio
1219 585 1592 654 practermitto,
1616 595 1867 656 tanquam

295 685 500 743 iterum
529 683 704 736 locum
732 682 800 733 ad
829 677 1151 732 charitatem
1175 678 1590 732 convenientem
1618 692 1866 732 servans.

298 779 612 835 Amicitiam
649 774 790 827 enim
834 760 1018 824 veram
1052 769 1260 840 pigeret
1291 770 1528 839 aliquem
1562 768 1872 825 hominibus

302 865 682 941 promittendi,
710 862 906 933 quibus
945 860 1114 915 semel
1155 860 1548 916 exsecrandum
1581 859 1751 915 amari
1790 859 1870 913 fa-

298 976 442 1018 ctum
479 969 602 1014 est:
637 957 778 1024 quod
815 957 858 1007 si
886 956 989 1009 hoc
1018 968 1121 1008 non
1140 964 1305 1020 esset,
1331 954 1426 1009 sed
1467 962 1872 1024 exspectaretur

302 1054 430 1110 illud
465 1037 637 1107 donec
659 1056 1054 1104 sacramentum
1104 1045 1236 1115 ipsis
1295 1054 1608 1110 evanescat,
1647 1059 1752 1100 non
1787 1060 1872 1100 es-

299 1155 386 1200 set
421 1141 687 1198 haesitatio
712 1138 942 1209 sapienti
974 1152 1096 1194 eam
1132 1136 1330 1194 talibus
1361 1152 1419 1193 se
1463 1137 1703 1209 praebere
1743 1151 1873 1194 con-

304 1235 652 1292 culcandam.

374 1415 466 1469 38.
492 1412 559 1468 Ut
589 1419 793 1476 autem,
829 1408 931 1463 hoc
959 1407 1182 1472 omisso,
1207 1407 1539 1476 stringamus
1567 1419 1872 1461 sermonem

306 1506 374 1560 ad
411 1506 462 1561 id
495 1503 638 1574 quod
657 1503 768 1574 jam
807 1502 1036 1556 honeste
1073 1501 1279 1554 dictum
1324 1508 1430 1564 est,
1458 1507 1513 1553 et
1541 1512 1569 1551 a
1603 1497 1877 1568 prioribus

307 1597 678 1660 ahsolvamur,
715 1593 967 1650 desidero
1004 1607 1034 1647 a
1061 1591 1364 1647 scientibus
1396 1589 1616 1647 edoceri
1639 1590 1880 1645 discere-

307 1707 437 1762 que,
475 1687 766 1761 quomodo,
792 1684 1162 1740 miserationis
1206 1683 1368 1753 regiae
1408 1685 1745 1748 recordatus,
1773 1697 1879 1736 non

304 1783 512 1853 possim
545 1793 820 1837 resumere
861 1777 1022 1834 simul
1051 1778 1364 1832 memoriam
1399 1790 1606 1838 eorum,
1637 1789 1736 1844 pro
1759 1775 1880 1844 qui-

312 1879 410 1929 bus
441 1889 506 1929 ex
542 1872 672 1937 Deo,
704 1880 760 1925 et
788 1885 852 1924 ex
879 1868 1058 1924 divino
1089 1883 1215 1936 rege
1245 1865 1634 1922 misericordia:
1665 1867 1884 1922 ambro-

312 1968 393 2021 sia
420 1964 617 2033 pluerit
651 1977 813 2030 super
847 1975 952 2015 me.
978 1959 1260 2026 Quomodo
1283 1973 1411 2012 vero
1453 1973 1560 2014 non
1589 1961 1700 2013 hac
1729 1957 1887 2011 ambo

313 2055 648 2112 revolverem
700 2053 753 2107 in
791 2056 987 2115 mente,
1035 2049 1182 2120 quod
1233 2062 1376 2118 sape
1426 2048 1646 2118 quidem
1680 2047 1754 2101 illi
1796 2047 1884 2116 qui

315 2162 447 2204 sane
474 2160 685 2200 mecum
715 2153 861 2210 sunt,
891 2142 1174 2198 adversum
1209 2155 1308 2217 nos
1332 2142 1569 2194 inermes
1598 2139 1889 2209 sagittave-

317 2246 464 2300 runt,
501 2243 556 2290 et
598 2244 656 2287 ut
704 2233 845 2288 Deus
900 2246 998 2286 nos
1027 2242 1320 2298 pr0tegens
1349 2229 1546 2282 illaesos
1582 2227 1804 2296 eripuit,
1832 2235 1889 2280 et

315 2330 530 2398 linguas
582 2324 808 2394 iaculari
867 2323 1134 2386 laetantes,
1191 2331 1486 2377 retrorsum
1541 2329 1888 2384 convertens.

317 2417 569 2475 ohtudit?
602 2415 713 2486 Ego
748 2429 877 2471 vero
937 2415 1080 2479 dico,
1113 2413 1226 2468 fieri
1275 2429 1379 2468 non
1420 2427 1579 2482 posse
1606 2421 1666 2466 ut
1703 2426 1892 2467 sensa-

321 2525 408 2568 tus
435 2523 491 2567 et
521 2525 728 2566 memor
792 2510 916 2564 boni
969 2508 1168 2578 regalis
1222 2507 1274 2561 in
1328 2519 1414 2560 me
1461 2506 1609 2574 facti,
1645 2520 1751 2561 non
1781 2521 1894 2560 me-

320 2602 572 2658 minerim
627 2601 787 2656 simul
835 2613 900 2654 ex
957 2599 1060 2653 alia
1115 2605 1267 2668 parte
1334 2597 1735 2666 nequitiarmn,
1791 2610 1892 2666 pro

320 2693 516 2762 quibus
541 2692 823 2748 descendit
855 2705 1016 2761 super
1051 2703 1136 2746 me
1180 2690 1398 2744 bonum.
1458 2688 1514 2742 Si
1553 2688 1675 2758 quis
1709 2698 1890 2743 autem

320 2787 386 2839 ad
419 2785 522 2839 hoc
547 2797 847 2854 repugnare
879 2780 1010 2845 vult,
1048 2778 1238 2834 vellem
1281 2793 1403 2834 eum
1443 2779 1494 2834 in
1527 2776 1757 2833 Thracia
1803 2792 1890 2833 se-

308 2875 671 2948 ptentrionali
699 2872 974 2968 exsulare,
1001 2873 1066 2926 ad
1115 2871 1435 2926 audiendam
1461 2872 1618 2936 echo,
1656 2884 1775 2939 quae
1811 2869 1895 2922 in-

1974 513 2123 550 σκων
2151 495 2263 564 ἐγὼ
2293 495 2354 548 ού
2384 496 2548 564 μόνον
2576 494 2637 548 οὐ
2667 488 2936 544 λυσιτελῶ
2970 487 3050 551 είς
3075 487 3256 552 οὐδὲν,
3291 486 3432 542 ἀλλὰ
3455 490 3552 541 καὶ

1969 587 2350 658 ἀποκερδαίνω
2372 585 2472 654 τῆς
2498 584 2709 656 ἀγαθῆς
2734 582 2953 654 ὁμιλίας
2983 580 3045 633 τδ
3077 579 3364 635 καλεῖσθαι
3423 595 3559 648 μνηο

1974 679 2217 744 σίκακος.
2263 678 2484 733 Τούτων
2549 677 2614 749 δὴ
2645 677 2756 730 τῶν
2783 673 2999 728 πολλῶν
3021 671 3242 743 σιγηλὸς
3267 671 3395 742 ἄρτι
3417 671 3554 739 ἐγὼ,

1971 766 2061 826 οἷα
2087 770 2185 825 καὶ
2229 770 2473 832 εἰσαῦθις
2507 769 2673 822 τόπον
2704 769 2785 830 είς
2835 766 3060 836 ἀγάπην
3113 763 3399 833 συντηρῶν
3453 763 3557 834 τὴν

1973 862 2340 931 καθήκουσαν.
2373 860 2564 914 Φιλίαν
2613 859 2723 930 γὰρ
2751 858 2855 931 τὴν
2895 858 3072 920 δντως
3107 856 3334 927 ὀκνήσοι
3363 872 3451 919 τις
3487 855 3555 908 ἂν

1971 953 2308 1024 ὑποσχέσθαι
2336 952 2672 1025 ἀνθρώποις,
2703 945 2787 1016 οἷς
2828 950 3123 1020 ἀπώμοτον
3168 948 3425 1015 καθάπαξ
3459 949 3558 1016 γέε-

1974 1063 2098 1115 γονε
2131 1046 2439 1116 φιλιοῦσθαι
2461 1063 2474 1076 ’
2497 1046 2594 1111 ὡς,
2631 1046 2683 1099 ετ
2705 1061 2768 1113 γε
2799 1042 2878 1116 μὴ
2903 1043 3064 1096 τοῦτο
3094 1037 3186 1114 ἦν,
3207 1041 3322 1094 ἀλλ’
3351 1042 3560 1110 ἐκαρα-

1974 1140 2187 1192 δοκεῖτο
2216 1139 2498 1192 διαπεσεῖν
2524 1138 2620 1190 καὶ
2648 1135 2839 1190 τοῦτον
2888 1136 3075 1195 αὐτοῖς
3117 1134 3210 1186 τὸν
3243 1133 3428 1202 ὅρκον,
3452 1133 3560 1183 οὐκ

1975 1230 2041 1285 ἂν
2065 1231 2220 1294 ὄκνος
2252 1227 2320 1302 ἦν
2347 1230 2424 1302 τῷ
2451 1229 2739 1302 φρονοῦντι
2796 1228 3060 1300 παρέχειν
3110 1227 3316 1298 ἑαυτὴν
3365 1226 3560 1278 πατεῖν

1977 1323 2073 1377 καὶ
2103 1325 2216 1386 τοῖς
2241 1323 2530 1386 τοιούτοις.

2049 1415 2156 1486 λη’.
2185 1417 2299 1471 Ἰνα
2333 1414 2388 1469 δέ
2423 1415 2614 1469 τούτου
2637 1414 2901 1482 ἀφέμενοι
2942 1409 3330 1479 ἀναθλίψωμεν
3357 1407 3449 1460 τὸν
3472 1405 3562 1458 λό-

1980 1527 2077 1577 γον
2107 1510 2186 1573 είς
2216 1509 2276 1562 τὸ
2320 1508 2533 1578 σεμνῶς
2577 1507 2676 1579 ἤδη
2733 1504 2946 1576 λεχθὲν,
2979 1503 3075 1558 καὶ
3128 1503 3237 1556 τῶν
3268 1500 3562 1572 προτέρων

1982 1601 2256 1670 ἐξώμεθα,
2284 1600 2456 1654 ιθιλω
2496 1598 2821 1668 σοφισθῆναι
2879 1595 3018 1666 πρὸς
3052 1593 3162 1647 τῶν
3190 1594 3413 1647 εἰδότων
3459 1591 3562 1644 καὶ

1989 1693 2202 1764 μαθεῖν,
2235 1695 2384 1756 ὅπως
2424 1692 2492 1746 ἂν
2538 1691 2641 1761 τῆς
2676 1689 2965 1760 βασιλικῆς
3010 1685 3390 1758 ἐλεημοσύνης
3423 1685 3564 1738 ἀνα-

1991 1783 2274 1854 μνησθεὶς,
2298 1783 2396 1834 οὐκ
2423 1781 2489 1836 ἂν
2512 1781 2694 1850 ἔχοιμι
2719 1779 3122 1848 ἀναλαμϐάνειν
3149 1776 3314 1839 εὐθὺς
3334 1775 3565 1847 μνήμην

1986 1875 2081 1926 καὶ
2113 1873 2223 1926 τῶν
2255 1873 2621 1942 πραγμάτων,
2655 1872 2742 1940 ἐφ’
2768 1865 2848 1933 οἷς
2874 1870 2938 1924 ἐκ
2965 1887 3025 1923 τε
3062 1867 3199 1922 Θεοῦ
3228 1867 3292 1921 ἐκ
3312 1884 3373 1920 τε
3402 1867 3569 1935 βασι-

1987 1966 2122 2028 λέως
2152 1964 2334 2019 ἐνθέου
2355 1965 2416 2018 τὸ
2448 1963 2547 2018 τοῦ
2574 1964 2756 2028 ἐλέους
2785 1961 3086 2034 ἀμϐρόσιον
3108 1959 3416 2032 ἐπεϐρέχθη
3445 1975 3564 2029 μοι.

1989 2059 2115 2121 Πῶς
2146 2057 2203 2110 δὶ
2235 2057 2335 2110 οὑκ
2362 2056 2426 2110 ἂν
2451 2056 2620 2126 ἄμφω
2649 2055 2825 2110 ταῦτα
2851 2057 2969 2127 εῐην
2991 2052 3276 2108 ἀναπολῶν
3305 2053 3386 2115 είς
3409 2049 3568 2117 νοῦν,

1987 2149 2069 2202 ὃτι
2105 2165 2162 2201 τε
2225 2148 2399 2202 πολλὰ
2437 2148 2536 2210 μέν
2565 2148 2616 2200 ol
2664 2147 2827 2218 δῆθεν
2850 2149 2973 2219 ἐμοὶ
3025 2147 3202 2210 ὄντες,
3242 2143 3367 2199 καθ’
3400 2143 3572 2214 ἡμῶν

1989 2239 2206 2294 ἀόπλων
2233 2239 2402 2292 ὄντων
2430 2239 2776 2305 ἐτοξάσιντο,
2831 2240 2925 2293 καὶ
2951 2239 3026 2305 ὡς
3051 2240 3080 2291 ὁ
3119 2236 3250 2300 Θεὸς
3281 2236 3576 2298 σκεπάσας

1988 2332 2141 2401 ἡμᾶς
2162 2330 2439 2398 ἀτρώτους
2469 2303 2809 2401 ὑπεξήγαγε,
2837 2303 3050 2394 unde
3092 2328 3364 2399 ίοχεαίρας
3394 2325 3579 2395 γλώσ.

1991 2441 2090 2487 σας
2115 2422 2461 2494 ἀπήμϐλυνε,
2485 2423 2721 2493 στρέψας
2753 2423 3020 2494 ἕμπαλινς
3054 2421 3257 2490 Ἔγωγ’
3282 2417 3377 2473 οὖν
3399 2437 3576 2489 φημι,

1991 2519 2066 2582 ὡς
2091 2518 2192 2571 οὐκ
2222 2517 2338 2570 ἐστι
2356 2516 2662 2588 φρονοῦντά
2709 2533 2777 2587 με
2811 2516 2908 2570 καὶ
2952 2513 3304 2585 μεμνημένον
3353 2512 3448 2565 τοῦ
3483 2510 3578 2564 ἐπ’

1993 2609 2117 2680 ἐμοὶ
2169 2608 2456 2679 βασιλικοῦ
2507 2607 2716 2676 ἀγαθοῦ
2752 2607 2828 2678 μὴ
2887 2604 3403 2677 συνεπιμεμνῆσθαι
3451 2604 3582 2674 ἃμα

1994 2702 2089 2754 καὶ
2114 2699 2225 2755 τῶν
2249 2701 2522 2769 ἑτέρωθεν
2554 2700 2784 2764 κακιῶν,
2828 2701 2916 2769 ἐφ’
2942 2696 3032 2761 αἷς
3074 2699 3418 2770 μετάδρομον
3447 2698 3583 2768 ἐμοὶ

1993 2791 2055 2844 τὸ
2087 2790 2272 2844 καλόν.
2301 2791 2436 2844 Είδέ
2468 2808 2552 2852 τις
2580 2789 2837 2860 καὶπρὸς
2867 2789 3027 2848 τοῦτο
3071 2788 3407 2858 ζυγομαχεῖν
3441 2786 3585 2857 βούο

1994 2883 2164 2948 λεται,
2198 2883 2388 2954 ἤθελον
2418 2882 2581 2936 αὑτὸν
2610 2881 2713 2951 τῆς
2762 2881 3113 2952 βορειοτέρας
3163 2881 3387 2952 Θρᾴκης
3415 2881 3584 2945 γενόο

321 2980 410 3022 ter
461 2967 596 3022 alias
640 2963 716 3022 ibi
750 2961 1029 3019 circuie'rit
1077 2961 1216 3027 loca,
1273 2961 1414 3029 quod
1470 2964 1753 3016 adversum
1797 2977 1891 3015 nos

2012 2991 2178 3039 tsvov,
2204 2974 2303 3044 τὴν
2334 2971 2452 3044 ἠχὼ
2483 2973 2697 3043 μαθεῖν,
2752 2972 2854 3042 ὔση
2885 2990 2971 3036 τις
3013 2972 3124 3025 τῶν
3158 2971 3278 3024 ἐκεῖ
3307 2970 3586 3041 περιῆλθε

328 3068 413 3115 est
435 3058 692 3121 reboans,
723 3069 789 3109 ex
820 3068 927 3124 qua
963 3052 1124 3108 veluti
1161 3051 1362 3107 tonitru
1389 3050 1591 3106 fuimus
1622 3052 1839 3107 attoniti
1872 3069 1886 3105 :

2012 3063 2276 3133 Βομϐοῦσα
2335 3063 2405 3116 τὰ
2454 3063 2579 3117 καθ’
2609 3063 2789 3132 ἡμῶν,
2843 3061 2903 3127 ἐξ
2931 3055 3000 3132 ἦς
3047 3061 3584 3133 ἐμϐεϐροντήμεθα·

325 3160 381 3204 ct
434 3156 791 3216 cognosceret
827 3145 938 3210 ille,
979 3143 1216 3212 qualium
1276 3157 1374 3197 nos
1431 3143 1574 3198 nude
1605 3158 1891 3208 memores,

2012 3156 2096 3209 καὶ
2123 3157 2264 3221 ἔγνω
2293 3155 2359 3210 ἂν
2388 3156 2416 3208 ὁ
2461 3152 2727 3219 τοιοῦτος,
2759 3154 2890 3208 οἴων
2917 3157 3079 3224 ἡμεῖς
3109 3153 3454 3225 μεμνημένοι
3485 3154 3589 3224 ψι-

326 3239 486 3308 quale
541 3251 736 3292 nomen
795 3251 899 3289 non
961 3234 1095 3288 bene
1156 3233 1575 3288 obtinuerimus.
1633 3232 1891 3287 Memores

2012 3247 2128 3316 king,
2156 3247 2339 3300 ὁποῖον
2364 3243 2716 3316 λαγχάνομεν
2749 3245 2925 3316 ὄνομα
2954 3246 3016 3298 οὑ
3042 3245 3242 3308 καλῶς.
3273 3245 3589 3316 Μεμνημέο

328 3329 476 3384 enim
538 3328 680 3397 quod
737 3325 916 3381 vexati
995 3337 1216 3389 sumus,
1276 3323 1378 3377 hoc
1443 3322 1562 3393 ipso
1630 3336 1891 3376 memores

2012 3358 2080 3393 μοι
2120 3339 2228 3408 γὰρ
2254 3337 2600 3408 κακωθῆναι,
2639 3338 3124 3410 παραγραφόμεθα
3146 3339 3233 3392 διὰ
3261 3339 3428 3408 μόνον
3448 3340 3592 3393 αὐτὸ

329 3418 550 3488 injuriae
575 3415 828 3472 dicimur.
851 3415 966 3471 lmo
989 3414 1068 3468 sic
1101 3414 1316 3483 quidem
1337 3428 1436 3483 ego
1467 3414 1760 3470 discutiens
1781 3430 1901 3468 um-

326 3513 480 3573 bras,
514 3519 569 3563 et
613 3508 875 3562 falsorum
911 3506 1125 3561 virtutis
1156 3507 1492 3572 signatorum
1525 3506 1898 3574 phantasmata

328 3604 622 3672 dissipans,
653 3609 706 3656 et
735 3614 830 3656 eos
859 3600 952 3670 qui
986 3598 1213 3652 fratrum
1259 3607 1532 3652 amatores
1562 3597 1812 3652 videntur
1843 3607 1901 3653 ut

329 3695 589 3751 simulent
624 3695 848 3756 bonum,
898 3689 1253 3746 manifestans
1293 3699 1348 3745 et
1386 3689 1750 3745 exsecrandos
1787 3705 1904 3744 mu.

331 3789 410 3844 tui
455 3796 642 3858 partus
681 3784 750 3840 ad
789 3785 1042 3840 abortum
1091 3782 1361 3838 adducere
1408 3795 1635 3850 conans,
1677 3781 1899 3836 merula-

329 3881 587 3948 ciumque
640 3874 973 3931 daemonibus
1029 3884 1231 3929 sortem
1281 3871 1566 3943 relegans,
1643 3879 1898 3943 tanquam

330 3978 568 4026 mentem
605 3968 812 4023 habens
847 3967 911 4020 ad
947 3967 1115 4020 Deum
1142 3964 1411 4029 veritatis,
1441 3973 1497 4020 et
1528 3974 1726 4020 caetera
1744 3963 1898 4032 juxta

331 4059 566 4115 similem
586 4058 834 4114 ordinem
869 4055 1280 4121 administrans,
1305 4065 1363 4110 et
1397 4070 1672 4125 nunquam
1709 4055 1903 4110 oblivi-

334 4163 518 4216 scens,
545 4147 638 4204 sed
665 4145 959 4202 recordans
981 4144 1153 4200 malos
1179 4144 1437 4200 reddendi
1469 4144 1736 4213 meliores,
1761 4161 1903 4217 prae-

337 4238 571 4310 cipitor,
623 4251 730 4308 quo
783 4233 1153 4292 demittendus
1206 4243 1292 4292 est
1357 4236 1715 4296 exsecrabilis
1774 4238 1904 4296 mali

337 4344 568 4387 memor.
1395 4329 1422 4346 ‘

408 4509 499 4566 39.
543 4507 726 4563 llabeo
769 4516 948 4563 tamen
1001 4522 1254 4578 magnum
1289 4508 1488 4573 Elian).
1525 4509 1801 4566 cmlestem
1851 4523 1909 4569 et

339 4604 497 4674 juxta
530 4601 755 4658 Paulum
800 4611 970 4656 totum
1020 4601 1223 4672 ignem,
1255 4615 1320 4657 eo
1350 4603 1494 4672 quod
1523 4603 1910 4672 indignationis

339 4699 464 4764 igne
499 4693 795 4748 secundum
845 4692 1098 4763 spiritum
1153 4693 1443 4762 aestuabat,
1505 4694 1796 4766 ignemque
1841 4698 1908 4754 de

339 4785 480 4841 coelo
512 4784 779 4850 evocavit,
817 4794 982 4853 atque
1018 4784 1209 4856 igneus
1233 4801 1448 4840 sursum
1482 4786 1776 4856 ferebatur,
1813 4805 1909 4860 pro

339 4889 427 4929 me
458 4876 791 4944 loquentem,
819 4885 875 4930 et
918 4876 1138 4931 aliunde
1163 4892 1282 4947 qua:
1323 4893 1442 4933 mea
1495 4888 1621 4936 sunt
1652 4884 1905 4952 prmfigu-

340 4972 572 5026 rantem,
611 4964 662 5016 in
709 4979 778 5017 eo
805 4963 949 5032 quod
1003 4964 1262 5019 malorum
1305 4981 1528 5036 operum
1562 4970 1900 5038 recordatus,

239 5121 248 5136 1
343 5067 450 5105 non
482 5051 651 5104 solum
683 5051 785 5108 hoc
811 5053 1022 5109 consilii
1066 5068 1287 5123 prorsus
1317 5059 1484 5114 verbo
1539 5075 1602 5116 ac
1655 5061 1770 5133 lege
1810 5065 1905 5116 ad-

344 5156 559 5206 moneo,
594 5143 688 5197 sed
727 5153 784 5198 et
825 5154 1008 5212 aperte.
1039 5149 1400 5216 reprehendo,
1449 5154 1749 5223 suspiciens
1779 5156 1904 5225 qui-

344 5235 466 5289 dem
514 5249 598 5288 me
640 5235 765 5290 odio
813 5236 1142 5306 habendum,
1186 5240 1340 5310 juxta
1395 5245 1597 5300 dictum
1649 5250 1912 5318 sapientis

347 5328 705 5396 parmmiastze
731 5367 746 5392 ,
769 5328 893 5396 quia
925 5343 1028 5384 non
1072 5332 1344 5402 sapientes
1381 5351 1571 5406 arguo,
1605 5354 1704 5394 nec
1736 5351 1914 5396 tamen

347 5419 428 5472 sic
503 5417 647 5486 loqui
743 5421 1183 5487 practermittens.
1233 5423 1544 5483 Trucidavit
1611 5432 1754 5486 enim
1827 5433 1916 5487 ille

347 5512 654 5567 sacerdotes
687 5509 778 5578 qui
828 5525 886 5566 se
921 5524 1180 5569 voverant
1207 5518 1532 5586 opprobrio;
1588 5537 1686 5577 nec
1741 5534 1915 5580 tamen

419 5687 457 5723 “
503 5687 665 5744 llcbr.
697 5706 746 5756 κ,
780 5691 871 5749 25.

2001 3434 2078 3495 εἰς
2131 3430 2490 3500 μνησίκακον.
2533 3429 2674 3482 Ἀλλ’
2717 3429 2859 3486 οὑτω
2910 3430 3008 3502 μὲν
3068 3432 3178 3500 ἐγὼ
3234 3432 3593 3502 διαφωτίζων

1999 3537 2098 3587 τας
2135 3522 2314 3586 σκιὰς,
2353 3523 2448 3575 καὶ
2477 3521 2579 3584 τὰς
2614 3522 2924 3591 φαντασίας
2976 3524 3086 3575 τῶν
3109 3521 3592 3592 ψευδεπιγράφων

1998 3613 2069 3666 τὰ
2101 3614 2180 3676 είς
2214 3611 2419 3685 ἀρετὴν
2450 3613 2796 3679 διευκρινῶν,
2825 3613 3078 3678 καὶτοὺς
3121 3613 3417 3676 δοκοῦντας
3458 3616 3593 3684 φιλ-

2001 3705 2267 3776 αδέλφους
2289 3703 2709 3772 ἀνακαλύπτων,
2753 3706 2830 3768 ὼς
2879 3704 3269 3776 ὑποκρίνονται
3302 3705 3364 3758 τδ
3391 3707 3590 3774 καλὸν,

2003 3795 2100 3849 καὶ
2124 3797 2251 3859 τοὺς
2275 3796 2588 3867 ἐπαράτους
2615 3796 2809 3860 τόκους
2839 3795 3226 3866 ἐξαμϐλίσκειν
3257 3797 3590 3868 ἐπιχειρῶν,

2002 3886 2100 3940 καὶ
2126 3884 2227 3957 τὴν
2253 3883 2507 3956 διαϐολὴν
2534 3885 2916 3952 καταϐάλλων,
2948 3885 3044 3938 καὶ
3073 3885 3134 3937 τὸ
3168 3884 3364 3954 ψεῦδος
3388 3885 3593 3955 δαίμο-

2005 3996 2090 4033 σιν
2119 3976 2472 4048 ἀποκληρῶν,
2504 3972 2592 4031 οἶα
2618 3975 2709 4030 τὸν
2741 3975 2863 4029 νοῦν
2886 3975 3027 4046 ἔχων
3052 3977 3192 4047 πρὸς
3219 3977 3298 4046 τῷ
3324 3977 3427 4046 τῆς
3447 3979 3596 4048 ἁλη-

2006 4067 2160 4131 θείας
2191 4066 2332 4139 Θεῷ,
2379 4069 2475 4122 καὶ
2501 4065 2676 4121 τᾶλλα
2697 4066 2753 4120 δέ
2805 4066 2947 4120 κατὰ
2979 4065 3299 4136 συστοιχίαν
3321 4066 3596 4135 τοιαύτην

2005 4157 2534 4230 διοικονομούμενος,
2563 4159 2658 4213 καὶ
2683 4157 2955 4229 μηδέποτε
2976 4156 3399 4227 λανθανόμενος,
3444 4157 3597 4213 ἀλλὰ

2011 4251 2367 4323 μεμνημένος
2412 4249 2505 4304 τοῦ
2540 4248 2789 4322 βελτιοῦν
2837 4250 2968 4314 τοὺς
3022 4247 3250 4313 κακοὺς,
3281 4249 3598 4320 κρημνιζο-

2015 4359 2135 4414 μαι,
2171 4345 2297 4399 ὅποι
2346 4342 2454 4414 χρὴ
2490 4341 2843 4415 βοθρεύεσθαι
2901 4340 2994 4398 τὶν
3040 4339 3316 4410 ἐπάρατον
3391 4340 3597 4411 μνησίο

1931 4418 1985 4483 D
2013 4455 2200 4494 κακον.

2083 4529 2184 4584 λθ’.
2215 4529 2364 4599 "Exeo
2391 4529 2448 4583 δὲ
2481 4530 2631 4599 ὅμως
2669 4527 2761 4582 τὸν
2797 4526 2972 4597 μέγαν
3005 4524 3194 4578 Ἠλίαν
3225 4521 3317 4578 τὸν
3353 4522 3596 4594 ούρανο-

2014 4619 2246 4690 6άμονα,
2279 4621 2377 4673 καὶ
2398 4619 2532 4691 πρὸς
2568 4618 2782 4676 Παύλου
2810 4617 2902 4670 τὸν
2931 4617 3050 4670 ὅλον
3081 4614 3216 4686 πῦρ,
3251 4609 3331 4673 οἷς
3363 4629 3428 4667 τε
3451 4615 3600 4684 πυρὶ

2015 4710 2189 4781 θυμοῦ
2218 4710 2358 4765 κατὰ
2381 4709 2600 4780 πνεῦμα
2622 4709 2766 4774 ἐζεε,
2807 4711 2904 4762 καὶ
2935 4706 3048 4778 πῦρ
3083 4707 3143 4760 δέ
3168 4705 3412 4776 κατῆγεν
3451 4705 3601 4759 ἄνω-

2015 4801 2132 4868 θεν,
2156 4801 2249 4855 καὶ
2283 4801 2555 4872 ἐμπύριος
2605 4801 2925 4870 ἀνεφέρετο,
2963 4799 3104 4870 ὑπὲρ
3134 4797 3269 4868 ἐμοῦ
3299 4795 3598 4861 λαλοῦντα,

2018 4893 2114 4947 καὶ
2144 4892 2319 4956 ἄλλως
2342 4893 2410 4946 τὰ
2437 4891 2556 4946 κατ’
2593 4892 2694 4963 ὲμέ
2717 4889 3102 4954 διατυποῦντα,
3139 4888 3222 4958 ἐφ’
3270 4883 3352 4951 οἷς
3379 4905 3603 4960 μεμνη-

2019 4983 2179 5052 μένος
2212 4982 2507 5051 πρακτέων
2535 4981 2776 5048 φαύλων,
2807 4981 2866 5034 οὑ
2897 4981 3059 5050 μόνον
3081 4977 3330 5048 παραινῶ
3354 4978 3603 5047 συμϐου-

2015 5075 2112 5145 λῆς
2143 5073 2302 5129 τοῦτό
2329 5091 2394 5143 γε
2426 5074 2644 5138 πάντως
2673 5074 2819 5144 λόγῳ
2865 5072 2962 5126 καὶ
2990 5071 3164 5142 νόμῳ,
3195 5069 3332 5124 ἀλλά
3357 5087 3465 5122 που
3506 5073 3604 5124 καὶ

2014 5163 2312 5232 ἐξελέγχω,
2366 5162 2616 5218 ὑπονοῶν
2650 5163 2772 5232 μὲν,
2823 5161 2899 5225 ὡς
2928 5161 3310 5232 μισηθήσομαι
3335 5163 3486 5215 κατὰ
3508 5161 3602 5214 τδν

2015 5253 2180 5322 σοφὸν
2209 5256 2387 5307 εἰπεῖν
2424 5253 2856 5325 παροιμιαστὴν,
2895 5255 2982 5322 ἐφ’
3027 5251 3106 5315 οἷς
3139 5255 3198 5307 οἱ
3252 5255 3449 5323 σοφοὺς
3481 5253 3606 5318 ἐξε·

2015 5345 2212 5413 λέγεω,
2245 5346 2344 5400 οὑκ
2373 5347 2545 5410 ἀνιεὶς
2579 5345 2636 5398 δὲ
2667 5347 2815 5416 ὅμως
2859 5343 3001 5397 οὕτω
3056 5346 3252 5397 ποιεῖν.
3317 5345 3603 5414 Ἐσφαττε

2017 5437 2118 5506 μὲν
2149 5438 2258 5506 γὰρ
2290 5437 2496 5500 ἐκεῖνος
2532 5438 2721 5508 ἱερεῖς,
2773 5437 2869 5500 οὒς
2905 5434 3204 5507 ἐκληροῦτο
3252 5437 3286 5506 ἡ
3316 5435 3557 5506 αἰσχύνη
3585 5453 3600 5468 ·

2016 5528 2116 5580 οὐκ
2172 5527 2448 5598 ἐνεγράφη
2502 5526 2560 5580 δὲ
2626 5526 2794 5597 βίϐλῳ
2866 5525 3391 5596 μνησικακούντων,
3462 5525 3606 5583 ἀλλὰ
