3804 6238
168 389 244 454 411
1106 382 1404 444 CONTRA
1444 373 1704 440 INIURl

1819 372 1932 434 ΗΜ
1960 371 2406 434 ΜΕλῙΟΙίΙΑΜ.

3268 375 3377 441 442

165 502 376 575 ζηλωτὴς
401 496 468 571 ἧν
502 500 532 554 ὀ
571 499 930 570 θερμότατος.
976 495 1285 556 Ἐξεκύντει
1315 492 1409 545 καὶ
1433 491 1460 544 ὁ
1485 486 1694 550 Φινεὲς,

1814 481 1926 535 mali
1957 495 2257 536 memorum
2291 481 2558 551 ascriptus
2601 489 2686 537 est
2745 497 2970 537 numero
2995 526 3008 546 ,
3040 486 3132 539 εστι
3175 489 3380 545 zelator

163 599 205 650 τί
219 597 294 660 τίς
321 611 420 649 που
459 593 633 658 κακὸς
682 590 780 662 ἦν·
817 590 910 646 καλ⁵
939 589 967 642 ὁ
1023 587 1300 643 ὲκκυντῶν
1331 585 1409 658 (1)
1439 581 1701 653 σειρομά-

161 703 266 756 me
277 685 546 755 ὑμνεῖται,
571 683 666 739 καὶ
685 686 784 736 οὐκ
809 680 876 752 ἦν
918 682 1026 736 οὐδ’
1050 683 1256 744 ἐκεῖνος
1315 676 1653 748 μνησίκακος
1681 686 1698 702 ·

159 779 281 848 ζήλῳ
305 778 357 830 δὲ
386 776 515 846 θείῳ
540 779 638 830 καὶ
667 777 798 828 αὐτὸ
829 774 1196 844 ἐπεγράφετο.
1235 772 1478 842 Ἔχασκε
1509 768 1581 836 γῆ
1606 763 1702 818 καὶ

160 869 385 922 κατέπινε
430 868 660 933 κακοὺς,
703 864 996 919 ξκδικοῦσα
1021 865 1148 927 τοὺς
1179 862 1586 934 μεμνημένους.
1615 857 1700 910 δτι

162 961 292 1014 κακοὶ
313 961 511 1013 ἐκεῖνοι
533 975 546 988 ·
582 959 681 1012 καὶ
703 958 754 1012 οἱ
801 957 902 1029 τὴν
940 955 1159 1027 μνήμην
1187 953 1404 1024 ἔχοντες
1447 951 1548 1003 οὐκ
1577 946 1703 1017 tot-

164 1070 308 1120 γοντο.
350 1051 542 1122 Ἡμεῖς
576 1051 635 1103 δὲ
670 1051 968 1120 φεύγοντες
1022 1047 1183 1119 μόνον
1220 1046 1348 1109 τοὺς
1387 1043 1508 1097 καθ’
1541 1040 1702 1111 ἡμῶν

173 1140 396 1207 Ὶιζάόελ,
427 1141 525 1194 καὶ
575 1140 738 1211 μόγις
767 1137 909 1194 οὕτω
967 1135 1423 1207 περισωζόμενοι,
1481 1133 1576 1185 καὶ
1611 1148 1704 1200 με·

165 1233 390 1303 μνημένοι
443 1231 814 1301 φυλάττεσθαι
859 1229 955 1283 τοῦ
1021 1227 1219 1292 κακοῦ,
1273 1222 1700 1297 παρανοούμεθα

166 1328 224 1390 είς
253 1326 598 1396 μνησίκακον.

144 1429 161 1514 ἢ
221 1503 282 1575 μ’.
311 1506 412 1558 Καὶ
463 1504 574 1574 μὴν
632 1503 822 1574 μνήμη
869 1499 1043 1556 κακοῦ
1101 1500 1274 1571 ἠμέν
1329 1498 1410 1560 τίς
1445 1499 1592 1551 ἐστιν
1615 1495 1702 1566 ἐφ’

166 1599 290 1668 ἡμίν,
317 1598 381 1669 ἣν
406 1598 508 1648 ὅσα
561 1596 657 1649 καὶ
691 1595 964 1666 μηχαναῖς
993 1596 1113 1657 ταῖς
1147 1593 1305 1653 ἰδίαις
1335 1589 1550 1660 ὀρέξεσι
1581 1605 1699 1641 κει-

166 1688 305 1758 μένην
355 1685 656 1756 σαλεύομεν
713 1685 1183 1747 ἀνασκάλλοντες·
1229 1683 1263 1751 ἡ
1313 1682 1367 1735 δέ
1399 1698 1482 1743 τις
1528 1676 1701 1732 κακοῦ

168 1781 322 1849 μνήμη
349 1779 444 1831 οὐκ
465 1779 797 1849 αὐτόχρημα
830 1778 924 1830 καὶ
949 1778 1038 1830 ἀεὶ⁵
1066 1777 1154 1845 ἐφ’
1199 1762 1333 1844 ἡμῖν
1364 1775 1537 1834 ἐστιν,
1562 1771 1698 1824 ἀλλά

166 1873 296 1941 φύσις
331 1873 497 1942 αὐτὴν
529 1872 796 1926 ἀπόθετον
829 1874 886 1924 ὲν
914 1873 1028 1932 τοῖς
1062 1869 1184 1922 κατ’
1212 1869 1383 1939 αὐτὴν
1430 1865 1698 1936 ταμιείοις

166 1965 410 2033 τηρήσασα
441 1965 722 2032 τυγχάνει,
755 1960 1089 2016 ἁνακινοῦσα
1147 1961 1234 2013 ὅτε
1262 1977 1313 2013 τι
1338 1959 1492 2029 λάχοι.
1517 1974 1700 2026 παρα-

167 2056 340 2108 πεσεῖν.
373 2053 526 2107 Οὕτω
554 2053 727 2107 κακοῦ
760 2071 845 2116 τις
881 2052 1312 2122 πεπειραμένος,
1346 2052 1442 2104 καὶ
1480 2050 1703 2103 ἐκλαθό-

166 2163 299 2216 μενος
327 2145 442 2216 μὲν,
506 2148 954 2216 περιτετυχηκὼς
987 2146 1045 2199 δέ
1098 2162 1228 2199 ποτε
1259 2143 1338 2216 τῷ
1368 2143 1696 2212 λυπήσαντι,

166 2237 389 2306 sui).de
415 2237 470 2289 δέ
496 2253 605 2290 τινι
642 2237 716 2300 ὡς
754 2239 901 2300 είκὸς
959 2235 1336 2306 ὑπομνησθεὶς
1382 2236 1518 2304 πρὸς
1546 2233 1701 2286 ἐνθύ-

165 2346 286 2397 μιον,
314 2330 651 2393 ἀνακαινίζει
685 2330 746 2383 τὸ
777 2330 877 2402 ήδη
913 2333 1232 2401 γεγηρακ³τς
1264 2330 1364 2396 τῆς
1397 2329 1638 2399 μνήμης,
1667 2326 1699 2397 ἢ

163 2421 241 2473 καὶ
261 2421 330 2485 ὼς
363 2417 447 2475 οἷα
477 2421 742 2492 τεθνηκὸς
794 2425 1054 2486 ἀναζωοῖ.
1102 2424 1212 2477 Καὶ
1263 2422 1425 2475 τοῦτο
1479 2422 1578 2491 μὲν
1603 2422 1704 2474 οὐκ

160 2514 258 2566 ἔστι
301 2517 656 2585 μνησικακεῖν
725 2515 920 2570 εἰπεῖν.
979 2515 1102 2578 Πῶς
1157 2517 1266 2586 γὰρ
1321 2517 1386 2569 ἂν
1438 2514 1523 2583 είη
1566 2533 1705 2583 μνη-

162 2608 362 2671 σίκακσς
407 2612 434 2662 ὁ
488 2609 715 2679 μνήμην
761 2608 860 2678 μὲν
910 2608 1198 2663 ἀναλαϐὼν
1249 2609 1445 2674 κακοῦ,
1478 2608 1702 2678 ἠρεμῶν

158 2699 202 2752 δὲ
234 2704 305 2764 εἰς
330 2702 668 2768 ἀντίποινον;
731 2703 794 2754 Εί
823 2702 867 2754 δ’
900 2701 1074 2765 ἄλλως
1104 2703 1199 2758 ἐπὶ
1245 2705 1514 2770 φθάσαντι
1547 2701 1704 2771 δεινῷ

158 2795 426 2860 ἐρεθίζοιτο
458 2796 598 2866 πρὸς
619 2795 857 2865 ἄμυναν,
890 2797 1036 2848 κακά
1069 2794 1312 2864 μελετῶν
1332 2835 1347 2860 ,
1386 2796 1522 2848 ἁλλά
1547 2796 1706 2846 τοῦτο

160 2891 498 2956 μνητικακεῖν
556 2889 679 2941 ἐστὶ
735 2890 876 2941 κατά
923 2888 984 2940 τὸ
1035 2887 1213 2958 πάντῃ
1273 2886 1703 2956 ἀναμφίλεκτον.

157 2979 339 3031 οὐκοῦν
368 2980 397 3032 ὃ
423 2981 522 3048 μὲν
550 2981 582 3048 ἡ
607 2977 770 3047 φύσις
797 2979 1077 3033 κάνταῦθα
1113 2981 1280 3046 ποιεῖ,
1334 2979 1536 3047 ἄψογόν
1564 2981 1702 3040 ἔστι,

155 3071 234 3122 καὶ
259 3072 377 3124 οὐδὲ
406 3073 487 3134 είς
543 3071 744 3124 κακίαν
771 3073 981 3136 πίπτει,
1029 3072 1146 3124 ἀλλ’
1178 3073 1256 3134 είς
1284 3072 1703 3141 ἀναμνηστικὴν

152 3165 382 3220 τάττεται
434 3169 675 3236 κίνησιν.
724 3167 790 3218 Ὃ
847 3167 904 3219 δὲ
959 3169 1121 3236 ἡμεῖς
1179 3166 1702 3236 περιεργασάμεθα,

153 3258 478 3327 μνησίκακον
530 3260 735 3324 ἐκεῖνο,
792 3261 886 3311 καὶ
949 3258 1155 3327 ζωῐκῆς
1211 3259 1310 3328 μὲν
1361 3260 1531 3320 dum;
1577 3260 1707 3310 ἀκο-

149 3346 366 3412 λουθίας,
393 3351 457 3403 οὐ
494 3351 606 3420 μὴν
653 3350 754 3418 τῆς
785 3351 906 3403 κατ’
964 3351 1254 3420 ἄνθρωπον
1292 3350 1574 3419 ἀρετῶντα
1609 3350 1705 3402 καὶ

146 3441 210 3511 τῷ
236 3444 505 3512 κρείττονι
527 3443 872 3511 ὀσιούμενον.
913 3442 1072 3510 Λέγω
1099 3443 1157 3496 δὲ
1188 3443 1384 3506 ζωῖκδν
1411 3445 1468 3495 ἐν
1493 3443 1705 3506 τούτοις

147 3532 196 3582 τὸ
216 3535 301 3585 ἐπὶ
331 3533 585 3588 κακώσει
611 3532 936 3602 ἀμυντικὸν,
963 3531 990 3584 ὃ
1016 3533 1111 3586 καὶ
1132 3533 1182 3584 οἱ
1214 3531 1434 3584 παλαιοὶ
1465 3531 1708 3584 ἐκτίθεν-

145 3640 240 3691 ται,
269 3626 358 3680 τδν
415 3624 549 3696 βοῦν
597 3624 850 3688 εἰπόντες
883 3625 1072 3696 κέρατι
1105 3625 1305 3690 παίειν,
1345 3625 1398 3678 εί
1425 3642 1509 3688 τις
1543 3625 1706 3678 αὐτὸν

143 3718 383 3785 ἐρεθίζει,
435 3720 535 3772 τὸν
563 3719 734 3771 ἵππον
761 3717 926 3787 ὁπλῇ,
955 3719 1047 3772 τὸν
1098 3717 1259 3771 ἀετὸν
1292 3717 1531 3789 γαμψοίς
1557 3717 1707 3784 ὄνυξι

142 3807 408 3876 βλάπτειν,
442 3810 663 3880 κέντρῳ
697 3808 790 3862 τὸν
823 3808 1102 3878 σκορπίον,
1132 3809 1225 3860 τὸν
1268 3809 1542 3877 ἐλέφαντα
1575 3825 1706 3879 προσ

140 3907 342 3976 νομαίᾳ,
374 3905 620 3958 ὀδόντων
649 3904 903 3965 ἀκωκαῖς
928 3902 1021 3957 τὸν
1041 3901 1255 3957 λέοντα.
1296 3903 1407 3955 Καὶ
1435 3901 1581 3956 οὕτω
1609 3903 1709 3972 μὲν

140 3993 293 4058 ζωίκά
348 3999 451 4051 καὶ
493 3996 567 4050 τά
590 3993 822 4048 τοιαῦτα
845 3994 941 4048 καὶ⁸
994 3994 1056 4047 τὸ
1083 3996 1178 4048 ἐπὶ
1232 3995 1503 4062 φθάσαντι
1549 3994 1709 4063 κακῷ

137 4087 459 4152 ἀμύνασθαι.
507 4085 658 4154 Ἐγὼ
680 4086 737 4139 δὲ
767 4086 830 4138 οὐ
858 4084 1007 4155 ζηλῶ
1032 4085 1126 4140 επὶ
1173 4086 1414 4150 τούτοιν
1452 4086 1590 4140 ἀλλὰ
1621 4085 1710 4140 διὰ

135 4176 350 4246 mare
388 4177 768 4246 παράδειγμα
819 4175 914 4240 τοῦ
965 4176 1326 4249 ὑϐριζομένου
1384 4176 1506 4247 μὲν,
1561 4177 1712 4230 εὐλο-

133 4267 339 4334 γοῦντος
372 4270 459 4333 δὲ,
488 4270 595 4322 καὶ
624 4268 934 4338 πάσχοντος
957 4269 1076 4338 μὲν,
1109 4270 1209 4322 οὐκ
1241 4268 1594 4332 ἀπειλοῦντος
1629 4268 1706 4336 δὲ,

135 4365 216 4415 καὶ
243 4364 344 4417 ὅσα
376 4365 531 4419 ἀλλα
563 4361 661 4415 τοῦ
693 4364 910 4434 στοίχου
938 4363 1131 4416 τούτου
1159 4365 1321 4429 εἰσὶν,
1371 4364 1711 4434 ὶκτρὲπομαι

133 4455 184 4506 τὺ
214 4457 580 4512 ἀντικακοῦν.
615 4456 732 4508 Καὶ
765 4454 871 4526 μὴν
897 4455 947 4508 οἱ
995 4455 1400 4526 σπουδαιότεροι
1430 4455 1499 4509 δι’
1538 4457 1711 4510 ἐπιει-

131 4547 267 4613 κείας
310 4550 413 4605 καὶ
465 4550 840 4617 καθυφέσεως
871 4549 965 4602 καὶ
997 4549 1299 4620 ἀοργησίας
1339 4552 1434 4603 καὶ
1464 4550 1712 4621 πραῦθυ·

132 4641 266 4707 μίας,
299 4641 636 4712 βαρυτέραν
668 4639 1012 4692 ὲπινοοῦνται
1041 4641 1274 4709 ἄμυναν.
1324 4641 1419 4704 τίς
1446 4641 1556 4710 γὰρ
1591 4641 1714 4710 μεί-

131 4729 225 4792 ζων
250 4735 446 4804 ἄμυνα
480 4733 596 4802 τῆς
629 4730 720 4784 διὰ
747 4729 909 4794 Θεοῦ,
935 4732 1002 4800 ἦν
1033 4731 1186 4801 δηλοῖ
1221 4733 1316 4785 καὶ
1337 4733 1364 4786 ὁ
1389 4732 1467 4803 τῷ
1488 4734 1716 4802 ὀνόματι

129 4823 319 4897 Κύριος
350 4828 491 4892 τοὺς
523 4824 748 4894 δωρεὰν
777 4821 1110 4886 κυκλοῦντας
1141 4823 1306 4876 αὑτὸν
1334 4825 1716 4894 ἀμυνόμενοςς

195 5091 301 5155 μα’.
339 5084 494 5140 Ἀλλ’
515 5084 666 5145 ίδοὺ,
690 5081 846 5152 φασὶ,
869 5086 964 5137 καὶ
995 5085 1060 5138 σὺ
1082 5085 1372 5156 ἐμϐλέπων
1397 5089 1530 5160 ἡμῖν
1547 5089 1722 5142 ἁπαν.

131 5177 281 5232 τῶσιν
313 5181 396 5242 εἰς
422 5177 672 5248 ὁμιλίαν
701 5175 952 5250 ὲκτρέπῃ
1001 5178 1097 5230 τοῦ
1148 5179 1514 5246 καθεστῶτος,
1548 5188 1643 5234 καὶ
1671 5183 1720 5234 εί

133 5269 224 5334 μὶν
257 5268 438 5322 λαλῶν
498 5263 684 5338 ἦσθα,
745 5267 927 5335 σιγᾷς,
961 5266 1354 5338 διακεχυμένος
1391 5270 1449 5322 δὲ
1491 5271 1553 5324 τὸ
1588 5272 1722 5341 πρὶν

130 5358 252 5427 πρὸς
284 5359 628 5430 ἱλαρότητα,
682 5357 964 5421 συννεύεις
1001 5361 1081 5422 είς
1122 5361 1334 5428 ἑαυτὸν,
1379 5365 1470 5416 καὶ
1497 5363 1718 5431 στύφεις

131 5449 185 5501 τ’)
232 5452 559 5522 πρόσωπον.
618 5449 1003 5518 Μνησικακεῖς
1053 5452 1182 5522 ἄρα.
1242 5454 1378 5521 Οὒκ,
1439 5452 1484 5510 ῶ
1522 5456 1718 5523 ’γαθοῂ

254 5545 632 5614 ἀσφαλίζομα
643 5561 684 5605 ι,
705 5542 844 5596 ἀλλά
867 5543 1228 5614 φυλάττομαι,
1253 5547 1388 5601 ἀλλά
1418 5548 1629 5618 τεχνῶμ
1641 5564 1718 5614 αι,

137 5634 203 5703 μὴ
225 5639 313 5689 καὶ
343 5637 513 5705 λόγος
571 5651 670 5696 τις
709 5634 1068 5705 προδραμὼν,
1098 5637 1130 5705 ἢ
1170 5639 1355 5709 σχῆμα
1387 5656 1725 5709 παρατυπω-

196 5810 269 5878 (Ι)
301 5809 624 5864 ἔκκεντῶν.

1806 571 1910 626 fuit
1936 573 2372 628 ardentissimus.
2399 571 2772 644 Transtigehat
2798 591 3016 648 quoque
3047 578 3301 648 Phinces,
3332 584 3376 637 si

1805 667 1926 735 quis
1954 665 2095 721 forte
2129 667 2304 722 malus
2329 675 2513 731 esset;
2552 678 2605 721 et
2631 671 2956 739 transﬁgens
2995 673 3145 728 hasta
3187 675 3376 730 lauda-

1809 766 1922 818 tur,
1962 771 2061 809 nec
2097 755 2198 809 l'uit
2234 756 2323 811 ille
2354 755 2478 810 mali
2524 773 2765 824 memor,
2795 763 2890 814 sed
2924 762 3040 817 zelo
3070 765 3251 819 divino
3281 765 3380 826 fuit

1809 849 1913 903 hoc
1962 848 2294 904 attributum
2325 865 2339 902 :
2379 849 2546 903 hiavit
2580 859 2722 904 terra
2767 853 3048 923 malosque
3073 858 3376 925 absorbuit,

1804 939 2088 992 vindicans
2120 953 2214 992 eos
2258 936 2350 1006 qui
2395 937 2754 993 meminerant
2793 942 2864 995 ob
2931 942 3158 1000 istorum
3219 950 3376 1002 mali-

1806 1029 1934 1084 tiam
1959 1038 2014 1084 et
2037 1029 2087 1082 hi
2120 1029 2208 1097 qui
2241 1029 2552 1084 memoriam
2587 1039 2887 1095 tenuerant,
2920 1049 3024 1088 non
3062 1040 3374 1108 reprehensi

1804 1131 1951 1176 sunt.
2003 1120 2114 1176 Nos
2162 1129 2342 1175 autem
2380 1136 2476 1177 eos
2506 1121 2596 1191 qui
2645 1131 2833 1178 contra
2867 1141 2966 1180 nos
2999 1141 3124 1182 sunt
3155 1129 3375 1188 .Iezabel

1803 1214 2148 1268 solummodo
2199 1213 2490 1280 fugientes,
2521 1223 2576 1268 et
2611 1215 2682 1269 ita
2717 1215 2802 1269 vix
2845 1217 3076 1274 salutem
3119 1223 3373 1279 obtinen-

1807 1314 1905 1372 les,
1954 1318 2006 1360 et
2053 1305 2251 1359 malum
2284 1307 2484 1360 vitandi
2532 1307 2904 1374 recordantes,
2935 1312 3061 1365 mali
3107 1330 3376 1373 memores

1807 1399 2160 1465 reputamur!

1875 1489 1966 1542 ιιι.
2012 1489 2261 1543 Attamen
2297 1499 2380 1544 est
2428 1493 2672 1560 quaedam
2721 1492 2774 1548 in
2807 1493 2967 1550 nobis
2989 1497 3206 1566 quidem
3250 1501 3376 1555 mali

1807 1580 2090 1644 memoria,
2138 1596 2321 1647 quam,
2376 1581 2538 1636 veluti
2581 1583 3073 1642 machinationibus
3147 1591 3378 1660 propriis

1804 1671 2092 1725 desideriis
2113 1671 2382 1740 jacentem
2407 1673 2693 1728 excitando
2750 1691 3027 1733 movemus
3052 1696 3066 1733 :
3093 1691 3174 1735 est
3199 1693 3377 1738 autem

1806 1766 1984 1833 aliqua
2018 1764 2144 1819 mali
2178 1767 2462 1831 memoria,
2489 1782 2609 1835 qua:
2638 1783 2740 1822 non
2767 1785 2988 1839 prorsus
3025 1790 3124 1828 nec
3157 1792 3378 1845 semper

1805 1856 1859 1909 in
1893 1856 2049 1910 nobis
2083 1863 2187 1919 est,
2234 1856 2328 1910 sed
2364 1872 2522 1925 quam
2554 1869 2747 1913 natura
2791 1862 2906 1916 suis
2949 1864 3001 1916 in
3037 1867 3376 1934 repositoriis

1804 1945 2101 2011 depositam
2179 1955 2382 2009 servat,
2436 1949 2768 2002 resuscitans
2809 1966 2930 2005 cum
2977 1957 3172 2009 accidit
3215 1959 3376 2024 quid-

1805 2051 1967 2103 quam
2011 2049 2318 2090 occurrere.
2345 2035 2434 2090 Sic
2454 2037 2646 2090 tnalnm
2675 2039 2866 2106 aliquis
2881 2053 3156 2111 expertus,
3181 2045 3378 2100 oblitus

1803 2125 2022 2194 quidem
2067 2133 2181 2189 est;
2213 2125 2306 2179 sed
2340 2126 2415 2180 illi
2447 2127 2536 2195 qui
2571 2131 2915 2186 contristavit
2941 2135 3152 2186 Obviam
3177 2133 3372 2202 fartus,

1804 2225 1855 2270 et
1883 2216 2116 2284 quodam
2155 2218 2338 2282 modo,
2374 2218 2516 2272 sicut
2545 2221 2786 2275 naturale
2815 2233 2918 2284 est,
2962 2226 3026 2278 ad
3055 2228 3374 2282 memoriam

1803 2311 2128 2382 cogitatione
2147 2320 2452 2375 revocatus,
2470 2312 2613 2380 quod
2631 2311 2741 2380 jam
2762 2313 2814 2365 in
2839 2315 3096 2368 metnoria
3122 2326 3380 2372 seuuerat

1805 2417 2050 2469 renovat,
2071 2405 2153 2461 vel
2179 2404 2322 2476 quod
2355 2406 2539 2475 aliquo
2561 2405 2722 2460 modo
2757 2417 3026 2463 mortuum
3060 2421 3178 2464 erat
3223 2427 3374 2467 resu-

1803 2500 1986 2554 scitat.
2021 2500 2084 2553 Et
2116 2499 2219 2553 hoc
2250 2499 2468 2568 quidem
2530 2513 2633 2552 non
2664 2509 2745 2554 est
2789 2501 2913 2555 mali
2953 2504 3266 2559 meminisse
3298 2507 3382 2561 di-

1807 2593 2060 2647 crudum.
2113 2593 2396 2657 Quomodo
2447 2592 2592 2646 enim
2646 2592 2768 2646 mali
2823 2610 3032 2650 memor
3087 2609 3230 2654 esset
3284 2602 3374 2670 qui

1808 2684 2123 2738 memoriam
2153 2684 2373 2752 quidem
2400 2683 2525 2736 mali
2557 2682 2848 2752 recipiens,
2871 2684 2936 2738 ad
2962 2688 3375 2746 retributionem

1811 2788 1990 2828 tamen
2029 2775 2306 2844 quiescit?
2374 2774 2429 2828 Si
2468 2788 2594 2827 vero
2644 2789 2801 2829 secus
2842 2791 3006 2845 super
3038 2781 3378 2847 praecedente

1809 2868 2010 2921 damno
2070 2865 2375 2921 irritaretur
2409 2867 2476 2920 ad
2527 2866 2842 2931 vindictam,
2899 2868 3037 2921 mala
3083 2871 3374 2939 meditans,

1809 2962 1911 3016 hoc
1934 2974 2156 3028 prorsus
2189 2961 2308 3014 sine
2342 2958 2505 3013 dubio
2537 2969 2679 3012 esset
2711 2959 2837 3013 mali
2864 2961 3198 3016 meminisse.
3222 2965 3375 3029 Quod

1813 3053 1980 3121 igitur
2013 3051 2100 3104 hic
2137 3051 2248 3118 agit
2279 3059 2494 3114 natura,
2525 3049 2997 3117 irrepreheusibile
3035 3063 3139 3118 est,
3195 3071 3292 3108 nec
3325 3055 3378 3108 in

1733 3163 1774 3216 ο
1812 3142 2072 3196 malitiam
2099 3141 2264 3206 cadit,
2299 3141 2390 3194 sed
2422 3141 2473 3194 in
2504 3155 2796 3194 memorent
2828 3141 3117 3198 ordinatur
3149 3157 3374 3203 motum.

1811 3237 1962 3304 Quod
2008 3245 2187 3290 autem
2235 3250 2335 3290 nos
2377 3249 2690 3303 operantur,
2724 3236 2849 3290 ntali
2903 3240 3159 3301 memoria
3188 3251 3292 3304 est,
3325 3253 3379 3295 et

1810 3331 2028 3400 quidem
2060 3329 2196 3382 alias
2224 3344 2290 3382 ex
2327 3327 2559 3382 naturali
2603 3329 3014 3397 consequentia,
3065 3345 3168 3383 non
3200 3342 3376 3385 tamen

1810 3438 1875 3477 ex
1907 3438 1970 3477 ea
2006 3437 2129 3491 quae
2159 3421 2376 3489 reSpicit
2411 3420 2684 3474 hominem
2717 3420 2771 3474 in
2805 3421 3002 3476 virtute
3037 3422 3306 3477 viventem
3327 3433 3382 3478 et

1809 3514 2024 3570 meliori
2057 3513 2315 3566 dicatum.
2343 3510 2399 3564 lu
2437 3509 2523 3564 his
2553 3519 2731 3563 autem
2765 3509 3011 3564 naturale
3049 3511 3191 3572 dico,
3237 3513 3378 3581 quod

1811 3623 1974 3678 super
2007 3605 2213 3660 malitia
2245 3602 2608 3673 repulsorium
2639 3612 2759 3668 est;
2800 3601 2944 3672 quod
2973 3604 3136 3657 etiam
3171 3614 3382 3660 veteres
3438 3636 3445 3642 -

1811 3699 2116 3768 explicant,
2151 3696 2342 3751 bovem
2395 3694 2672 3758 dicentes,
2722 3694 2769 3746 si
2818 3692 2941 3761 quis
2997 3696 3380 3763 eum.irritet,

1810 3805 1980 3847 cornu
2017 3787 2202 3851 lerire,
2233 3800 2430 3856 equum
2463 3782 2683 3854 ungula,
2735 3785 2890 3840 uncis
2916 3784 3185 3854 unguibus
3227 3787 3383 3856 aqui-

1810 3883 1917 3938 lam
1966 3879 2180 3940 laedere,
2213 3875 2399 3931 aculeo
2447 3874 2814 3943 scorpionem,
2861 3873 3214 3944 elephantum.
3263 3892 3380 3940 ore,

1811 3972 2068 4030 dentibus
2119 3970 2294 4026 acutis
2345 3967 2581 4023 leonem.
2614 3964 2679 4019 Et
2734 3965 2808 4020 ita
2863 3965 3081 4036 quidem
3117 3969 3380 4024 naturalia

1813 4075 1942 4121 sunt
1988 4065 2124 4128 hanc,
2175 4075 2383 4116 necnon
2434 4072 2598 4128 super
2642 4057 2968 4126 praecedenti
3007 4059 3150 4113 malo
3197 4075 3258 4116 se
3291 4062 3388 4117 d6

1813 4158 2059 4215 tendere.
2092 4155 2204 4225 Ego
2235 4167 2364 4208 vero
2389 4166 2493 4206 non
2519 4166 2684 4220 super
2715 4149 2800 4204 his
2831 4151 3090 4217 temulor;
3122 4151 3380 4221 scdjuxta

1815 4265 2069 4322 maguum
2092 4245 2370 4316 exemplar
2408 4243 2554 4299 illius
2595 4244 2688 4314 qui
2720 4257 2911 4312 passus
2946 4242 3224 4313 iniuriam,
3276 4261 3382 4300 nou

1817 4341 2115 4404 maledicit,
2144 4348 2198 4394 et
2231 4336 2458 4392 allectus
2481 4333 2643 4397 malo,
2675 4348 2779 4389 non
2809 4333 3104 4400 animatur,
3127 4333 3386 4406 juxtaque

1817 4447 2014 4492 caetera
2040 4432 2236 4490 similis
2257 4430 2466 4486 ordinis
2507 4442 2844 4497 quaecunque
2873 4437 3020 4494 sunt,
3051 4430 3248 4483 malum
3286 4445 3386 4497 pro

1819 4530 1962 4586 malo
1981 4526 2207 4583 reddere
2221 4522 2490 4579 abstineo.
2515 4520 2770 4574 Attamen
2793 4518 2884 4587 qui
2903 4518 3239 4574 honestiores
3259 4530 3387 4573 sunt

1817 4618 2107 4684 modestia,
2156 4605 2489 4682 indulgentia
2517 4649 2532 4674 ,
2569 4607 2986 4662 mansuetudine
3029 4615 3084 4662 et
3127 4609 3384 4675 patientia

1819 4709 2126 4782 graviorem
2164 4702 2481 4769 excogitant
2522 4695 2918 4751 defensionem.
2952 4694 3209 4759 Quaenam
3241 4698 3386 4752 enim

1822 4799 1998 4868 maior
2047 4800 2192 4851 esset
2239 4805 2403 4861 quam
2435 4786 2614 4843 divina
2647 4783 2906 4848 vindicta,
2938 4799 3103 4854 quam
3153 4787 3390 4842 ostendit

1825 4889 1918 4961 qui
1949 4895 2171 4943 vocatur
2219 4881 2496 4944 Dominus,
2550 4875 3041 4933 circumvenientes
3088 4893 3148 4935 se
3198 4882 3390 4948 gratis,

1822 4978 2180 5040 vindicando?

1895 5095 1988 5148 ιι.
2027 5090 2132 5145 Sed
2167 5100 2316 5150 ecce,
2341 5085 2513 5148 aiunt,
2542 5091 2596 5136 et
2619 5088 2672 5134 tu
2705 5095 2804 5136 nos
2837 5080 2892 5136 in
2916 5083 3234 5138 concionem
3261 5100 3392 5140 con-

1825 5187 2102 5241 venientes
2138 5181 2373 5244 iutuens,
2413 5191 2444 5230 e
2491 5185 2754 5232 consueto
2783 5175 3036 5242 discedis,
3076 5186 3130 5231 et
3168 5177 3212 5231 si
3274 5181 3396 5248 qui-

1825 5281 1948 5334 dem
1995 5273 2322 5344 loquebaris,
2355 5270 2504 5332 siles.
2544 5269 2592 5323 si
2623 5284 2751 5324 vero
2778 5269 2929 5338 prius
2957 5271 3022 5323 ad
3064 5269 3392 5325 hilaritatem

1827 5364 2198 5428 iucliuabaris,
2239 5363 2290 5416 in
2341 5362 2571 5430 teipsqu
2616 5360 2761 5413 redis
2805 5369 2860 5412 et
2891 5359 3222 5428 constringis
3274 5360 3394 5411 vul-

1829 5467 1964 5512 tum.
1995 5456 2138 5526 Ergo
2177 5453 2302 5506 mali
2323 5466 2637 5520 memor,es.
2682 5450 2822 5515 Non,
2853 5452 3064 5518 Optimi,
3099 5452 3194 5505 sed
3219 5459 3391 5509 tueor,

1829 5548 1922 5602 scd
1953 5561 2140 5609 caveo,
2188 5543 2284 5598 sed
2312 5557 2530 5612 operam
2575 5542 2668 5606 do,
2702 5555 2770 5595 ne
2799 5541 2946 5610 quod
2997 5541 3212 5591 verbum
3257 5549 3394 5602 pra:-

1831 5652 2083 5702 currens,
2119 5646 2210 5691 aut
2237 5645 2421 5706 gestus
2451 5633 2777 5702 simpliciter
2797 5633 3079 5691 distortus,
3106 5635 3200 5680 aut
3227 5623 3392 5679 intui-
