3968 6244
409 346 520 413 443

1117 341 1540 407 EUoTA'l'HlI
1579 332 2007 398 THESSALOD

2117 329 2330 391 ENSlS
2353 325 2504 386 ΜΕΤ
2517 319 2910 382 ROPOLII‘AE

3547 310 3650 370 Hi".

414 469 500 515 tus
522 473 986 528 surpervacaneus
1006 473 1071 512 ex
1091 457 1326 524 quodam
1351 453 1404 506 in
1441 466 1525 505 me
1554 450 1695 503 mala
1724 445 1972 501 molienti

2117 447 2169 499 ὲν
2204 440 2440 511 ἀφελῶς,
2500 437 2534 506 ἢ
2589 435 2810 505 βλέμμα.
2854 425 3279 500 περιεργασθέν,
3317 423 3451 528 πρός
3506 441 3648 486 τινος

413 553 628 620 negotia
681 551 814 604 mihi
843 565 1056 604 rursum
1105 546 1362 601 facessat.
1408 546 1480 598 De
1529 544 1610 596 his
1661 551 1839 593 autem
1873 552 1980 590 nou

2080 539 2190 593 τῶν
2224 535 2307 590 ἐπ’
2335 533 2456 603 ἐμοὶ
2484 526 2822 601 ρᾳδιουργῶν
2863 521 3161 594 πράγματά
3191 535 3281 588 μοι
3304 517 3466 570 πάλιν
3502 531 3643 581 παρ-

416 659 514 712 cgo
541 659 658 698 sum
684 643 1042 703 accusandus,
1073 639 1164 692 sed
1195 653 1308 695 vos.
1337 653 1434 706 per
1459 649 1594 703 quos
1624 648 1722 700 ego
1755 646 1874 686 sum
1909 631 1980 681 ita

2117 632 2210 697 Ξει.
2241 629 2363 682 Ἐπὶ
2389 627 2444 680 δέ
2460 625 2671 684 τούτοις
2688 623 2786 672 οὐκ
2811 619 2971 678 am;
2999 614 3295 674 αἰτιατέος,
3320 607 3434 662 ἀλλ’
3462 609 3642 673 ὑμεῖς,

2928 709 2936 712 λ
2994 709 3007 712 μ
3074 707 3085 712 -
3108 707 3119 712 -
3267 705 3277 712 -
3317 701 3340 712 -
3619 695 3639 712 η

409 738 859 800 cii-eitinspeitns,
908 743 962 784 ct
1016 731 1260 787 timidus.
1296 737 1344 782 et
1399 727 1672 795 snspiCax,
1717 723 1800 776 vel
1857 723 1978 776 mali

2117 695 2143 778 ζ’
2173 722 2266 786 οὓς
2291 719 2400 788 ἐγὼ
2432 716 2664 786 εὐλαϐὴς
2691 713 2834 767 οὕτω
2857 709 2950 764 καὶ
2989 707 3164 769 δειλὸς
3196 705 3290 757 καὶ
3317 701 3579 760 ὕποπτος,
3615 695 3645 764 ἣ

415 827 776 894 suspiciosus,
812 825 1166 894 tanquam-ab
1213 820 1532 874 ardentibus
1562 819 1691 872 solis
1729 817 1987 885 irruptio-

410 921 573 972 nibus
602 936 629 970 a
662 919 953 972 multorum
984 915 1288 985 fulguribus
1313 912 1497 966 oculos
1524 909 1835 964 deflectens.

484 1011 575 1063 4'2.
655 1011 820 1063 Porro
869 1009 990 1061 dico
1031 1022 1151 1061 esse
1204 1005 1331 1058 mali
1382 1005 1698 1056 memoriam
1737 999 1986 1068 impassi-

417 1105 601 1168 bilem,
628 1107 735 1163 vel,
759 1102 899 1170 quod
948 1101 1090 1153 idem
1123 1108 1204 1150 est
1241 1095 1550 1158 dicendum,
1595 1098 1848 1148 maeroris
1892 1106 1987 1146 ex—

416 1209 621 1266 pertem
655 1215 668 1251 :
706 1199 750 1249 si
786 1209 912 1248 vero
941 1194 1042 1246 hoc
1069 1202 1174 1256 est,
1211 1193 1298 1245 illa
1321 1205 1534 1259 quoque
1563 1189 1686 1242 mali
1715 1187 1986 1240 memoria

421 1292 615 1343 ratiOni
649 1300 906 1341 extranea
937 1295 1042 1347 est,
1074 1286 1117 1338 si
1151 1284 1369 1353 quidem
1396 1282 1517 1336 mali
1542 1296 1749 1335 memor
1770 1295 1873 1334 non
1907 1289 1988 1334 est

418 1395 570 1436 extra
623 1382 851 1444 luctum,
881 1395 1002 1432 cuni
1053 1378 1354 1446 iniquitatis
1388 1392 1450 1430 ex
1488 1375 1670 1444 aliquo
1719 1373 1988 1428 meminit.

419 1480 588 1528 Porro
643 1473 688 1525 si
723 1473 845 1540 quis
894 1469 1245 1538 inipassibilis
1279 1468 1527 1522 meminit
1571 1466 1806 1534 injuriae,
1856 1478 1996 1534 quo-

420 1567 580 1621 modo
608 1564 730 1618 talis
760 1572 908 1617 esset
932 1561 1056 1614 mali
1083 1560 1326 1614 memor?
1359 1559 1551 1612 Multas
1582 1572 1679 1626 ego
1717 1559 1830 1611 scio
1867 1555 1992 1609 mali

423 1658 733 1720 memorias,
767 1672 904 1725 quas
953 1655 1117 1707 etiam
1172 1654 1460 1708 comitatur
1505 1652 1695 1705 risus:
1750 1661 1804 1704 et
1856 1650 1991 1703 tales

2081 813 2462 881 καχυπῆπτης,
2492 805 2915 868 δυσωπούμενος
2947 800 3079 852 ὡσεὶ
3109 798 3204 850 καὶ
3227 793 3378 862 ἡλίου
3405 805 3644 854 καυστηι

2083 908 2185 978 pit;
2217 902 2452 972 ἐμϐολὰς
2475 901 2574 962 τάς
2610 899 2674 950 ἐκ
2701 896 2810 948 τῶν
2837 890 3044 946 πολλῶν
3075 886 3386 974 ἀστραπάς.

2157 971 2263 1066 μβ¹ξ
2302 994 2422 1046 Ἔτι
2475 989 2640 1059 φημὶ,
2693 986 2767 1049 ὡς
2803 985 2918 1036 ἐστι
2953 983 3143 1053 μνήμη
3198 971 3373 1031 κακοῦ
3405 971 3647 1041 ἀπαθὴς,

2083 1089 2281 1145 ταύτὸν
2309 1088 2352 1142 δ’
2382 1088 2574 1148 εἰπεῖν,
2610 1083 2843 1144 ἄλυπος·
2878 1079 2927 1131 εί
2951 1078 3009 1130 δέ
3040 1075 3220 1136 τοῦτο,
3258 1071 3353 1123 καὶ
3384 1067 3649 1126 ἀνοίκειος

2089 1184 2169 1252 τῷ
2227 1183 2328 1250 τῆς
2384 1174 2753 1248 μνησικακίας
2813 1171 2977 1238 λόγῳ,
3033 1166 3224 1234 εἰπερὸ
3301 1160 3654 1233 μνησικακῶν

2085 1279 2185 1330 οὐκ
2205 1277 2350 1328 ἔστιν
2377 1273 2480 1336 ἔξω
2506 1271 2703 1338 λύπης,
2738 1268 2825 1319 ὅτε
2849 1263 3050 1332 κακίας
3083 1277 3166 1322 τις
3189 1258 3251 1311 ἐκ
3274 1273 3416 1322 τινος
3445 1254 3652 1323 μέμνη-

2086 1385 2200 1422 ται.
2233 1365 2296 1419 Εἰ
2329 1365 2391 1434 δή
2421 1380 2503 1426 τις
2529 1363 2629 1414 ούκ
2663 1356 2928 1428 ἐμπαθῶς
2963 1350 3296 1423 μνημονεύει
3332 1347 3654 1409 κακώσεως,

2097 1462 2216 1525 πῶς
2236 1461 2303 1515 ἂν
2359 1459 2444 1527 εἴη
2491 1454 2779 1516 ότοιοῦτος
2831 1449 3202 1523 μνησίκακος;
3233 1441 3398 1497 -υἷδα
3461 1440 3662 1504 πολλὰς

2090 1555 2202 1624 ἐγὼ
2225 1554 2449 1625 μνήμας
2474 1549 2666 1614 κακοῦ,
2686 1545 2774 1610 αἷς
2801 1549 2894 1601 καλ⁸
2918 1543 3091 1614 γέλως
3122 1543 3386 1609 ἐφέπεται
3407 1551 3419 1566 ⁶
3442 1535 3541 1589 καὶ
3562 1534 3658 1587 οὑκ

2095 1650 2162 1704 ἂν
2220 1649 2342 1702 ούδέ
2405 1649 2459 1701 ai
2517 1643 2763 1699 τοιαῦται
2810 1641 3099 1709 ανάγοιντο
3151 1637 3232 1698 είς
3305 1631 3662 1703 μνησίκακον.

423 1763 640 1818 quoque
677 1763 781 1801 non
814 1753 1190 1815 reputarentur
1219 1745 1270 1798 in
1296 1745 1418 1796 mali
1455 1743 1794 1806 memoriam,
1825 1743 1992 1796 veluti

2117 1738 2182 1794 ιῖα
2205 1741 2296 1794 τὸν
2325 1741 2599 1808 πάσχοντα
2633 1737 2986 1805 ίλαρυνουσαι
3016 1733 3111 1783 καὶ
3157 1727 3496 1796 διαχέουσαι,
3530 1723 3662 1776 κάν-

423 1843 512 1909 qui
552 1854 738 1908 passus
779 1847 862 1892 est
903 1837 1128 1889 hilarem
1158 1836 1420 1890 facientes
1444 1844 1498 1888 et
1526 1835 1785 1900 alacrem,
1815 1833 1994 1903 ibique

426 1941 636 1984 tantum
673 1936 880 1982 stantes
903 1942 1099 1996 neque,
1133 1927 1187 1980 in
1213 1927 1469 1980 ultionem
1490 1925 1818 1979 desinentes.

497 2024 589 2075 45.
617 2021 1067 2078 Adducor.ctiam
1097 2019 1150 2072 in
1181 2019 1482 2089 propositis
1513 2018 1691 2073 fabula
1731 2020 1828 2072 uti.
1859 2018 1996 2074 Cati-

428 2131 520 2170 cer
549 2115 765 2180 oblique
798 2127 1012 2180 semper
1046 2127 1260 2176 versus,
1290 2114 1448 2164 modo
1474 2111 1840 2174 dextrorsum,
1877 2127 1991 2164 ino-

433 2210 500 2258 do
536 2207 935 2272 sinistrorsum,
971 2203 1278 2272 progeniem
1317 2219 1381 2256 ex
1407 2217 1466 2256 se
1498 2211 1675 2256 natam
1705 2202 1896 2255 videns
1923 2204 2002 2256 sic

433 2298 705 2367 obliquam
733 2306 916 2350 tenere
938 2299 1097 2356 viain,
1125 2296 1440 2350 terribiliter
1468 2295 1658 2364 agebat
1687 2295 1974 2363 indignans

435 2390 658 2456 sitisque
689 2387 833 2440 natis
867 2387 1224 2454 exprobrans,
1263 2385 1408 2454 quod
1434 2385 1514 2439 sic
1545 2383 1766 2453 oblique
1800 2386 1980 2438 ferren

440 2491 528 2533 tur
568 2494 632 2534 ac
668 2494 939 2548 nunquam
971 2479 1409 2532 scirentobvium
1447 2478 1568 2531 iter.
1611 2477 1742 2542 Quae
1783 2477 2002 2546 quidem

438 2570 618 2625 fabula
685 2571 848 2634 ridet,
907 2571 953 2622 si
991 2571 1112 2638 quis
1150 2569 1286 2623 alios
1312 2569 1559 2624 hortatur
1590 2574 1655 2624 ad
1687 2569 2007 2640 corrigenda

437 2679 524 2730 ea,
559 2665 612 2718 in
646 2664 845 2733 quibus
883 2662 997 2732 ipse
1034 2677 1250 2730 semper
1314 2673 1565 2731 peccator
1619 2671 1722 2718 est.
1777 2662 1843 2717 Et
1905 2663 2009 2716 iste

443 2757 584 2810 risus
613 2757 680 2808 ad
723 2763 905 2809 nostra
934 2755 1191 2824 pertinet.
1216 2754 1584 2821 Quarumdam
1613 2757 1756 2808 enim
1782 2755 2010 2825 injuria-

441 2863 562 2901 rum
615 2848 932 2901 memoriam
985 2857 1276 2901 causantes
1311 2848 1365 2901 lii
1417 2848 1508 2916 qui
1538 2861 1638 2901 nos
1675 2848 2006 2915 vituperant,

439 2951 495 2996 et
532 2942 633 2994 lioc
681 2954 899 3007 semper
926 2939 1287 3002 disserentes,
1316 2950 1372 2993 et
1403 2940 1456 2993 in
1501 2940 1671 3007 ipsam
1719 2940 1845 2993 mali
1893 2955 2008 2993 mc-

441 3033 670 3086 inoriam
701 3031 992 3085 manifeste
1021 3032 1281 3100 prolapsi,
1333 3043 1520 3101 postea
1558 3033 1714 3085 nobis
1757 3034 1860 3087 hoc
1909 3048 2006 3086 au-

2097 1834 2270 1889 ταῦθα
2309 1833 2469 1904 μόνον
2501 1831 2808 1900 ἐστηκυῖαι,
2833 1829 2928 1879 καὶ
2973 1825 3075 1879 οὐκ
3113 1817 3555 1877 ἀποτελευτῶσαι
3588 1814 3664 1875 είς

2097 1926 2327 1996 ἄμυναν,

2175 2027 2287 2090 μγ¹.
2315 2021 2632 2089 Προάγομαι
2685 2025 2779 2068 και
2807 2011 2960 2082 μύθῳ
2983 2008 3127 2064 κατὰ
3151 2008 3258 2061 τῶν
3291 1999 3668 2074 προκειμένων

2100 2112 2435 2186 χρήσασθαι.
2473 2107 2748 2178 Καρκίνος
2777 2106 3016 2172 πλαγίαν
3045 2101 3133 2155 ἀεὶ
3163 2096 3520 2169 τρεπόμενος,
3565 2093 3664 2161 τήν

2101 2185 2160 2263 τε
2197 2209 2253 2269 ἐς
2279 2205 2426 2272 δεξιὰ
2452 2205 2546 2258 καὶ
2565 2204 2662 2273 τὴν
2693 2202 2771 2264 είς
2798 2201 2860 2253 τὸ
2884 2197 3146 2270 ἔμπαλιν,
3179 2195 3272 2248 καὶ
3299 2192 3395 2263 τὴν
3419 2190 3476 2255 ἐξ
3498 2185 3663 2240 αὑτοῦ

2105 2301 2268 2369 γονὴν
2297 2298 2442 2352 οὕτω
2469 2297 2837 2369 ῥαιϐουμένην
2885 2293 3098 2362 βλέπων
3158 2288 3224 2342 τὰ
3274 2289 3354 2349 εἰς
3413 2282 3667 2354 πορείαν,

2105 2392 2258 2446 δεινὰ
2283 2391 2454 2444 ἐποίει
2483 2369 2834 2456 ἀγανακτῶν,
2860 2385 2954 2440 καὶ
2983 2384 3096 2446 τοῖς
3131 2379 3379 2448 ἐκγόνοις
3400 2376 3670 2446 ἐπιτιμῶν

2107 2485 2368 2548 ἐνέκειτο,
2395 2485 2444 2536 εί
2469 2481 2612 2536 οὕτω
2645 2479 2860 2549 δόχμιοι
2889 2479 3168 2546 φέρονται,
3205 2473 3300 2526 καὶ
3330 2469 3392 2524 οὗ
3418 2485 3548 2522 ποτε
3575 2469 3675 2537 τὴν

2108 2578 2188 2638 είς
2231 2575 2292 2629 τό
2343 2573 2579 2644 πρόσθεν
2622 2572 2798 2625 οῐδασι
2844 2567 3050 2640 τρίϐον.
3112 2568 3209 2628 ’ος
3243 2564 3308 2634 δὴ
3335 2561 3500 2633 μῦθος
3523 2553 3677 2620 οὗτος

2108 2671 2264 2740 γελᾷ,
2292 2669 2341 2721 si
2373 2667 2631 2736 παραινεῖ
2655 2681 2738 2727 τις
2771 2663 3003 2731 ἑτέροις,
3033 2656 3335 2729 κατορθοῦν
3355 2656 3565 2714 ἐκεῖνα,
3588 2651 3675 2721 ἐφ’

2110 2759 2190 2826 οἷς
2222 2761 2388 2822 αὐτὸς
2434 2758 2654 2828 ἀλιτρός
2684 2756 2926 2809 ἐκϐαίνει
2954 2754 3058 2808 ἀεί.
3114 2752 3227 2806 Καὶ
3252 2753 3282 2804 ὁ
3324 2749 3496 2815 γέλως
3523 2740 3679 2808 οὗτος

2111 2854 2378 2908 διαϐαίνει
2437 2853 2496 2914 ἐς
2551 2850 2618 2902 τὰ
2651 2847 2775 2901 καθ’
2819 2847 2988 2916 ἡμᾶς.
3027 2842 3346 2898 Κακώσεων
3376 2841 3483 2909 γάρ
3513 2855 3678 2893 τινων

2114 2945 2500 3015 προϊσχόμενοι
2551 2942 2775 3012 μνήμην
2814 2940 2864 2992 οἱ
2888 2939 2986 3008 τῆς
3020 2937 3140 2990 καθ’
3175 2933 3330 3006 ἡμῶν
3358 2933 3509 2995 ὄντες
3543 2931 3680 3000 μέμ-

2113 3039 2279 3104 ψεως,
2314 3037 2410 3089 καὶ
2448 3035 2535 3090 ἀεὶ
2565 3033 2723 3086 τοῦτο
2775 3031 3086 3095 λαλοῦντες,
3122 3031 3215 3083 καὶ
3250 3028 3681 3096 κατακεχωσμέ-

441 3131 569 3181 dent
591 3128 848 3182 scribere.
881 3126 1018 3193 Quid
1062 3129 1294 3182 blateras
1322 3169 1336 3191 ,
1368 3131 1526 3182 homo
1558 3130 1579 3182 ⁸1
1637 3128 1923 3195 Vuliieras,
1953 3143 2005 3183 et

2117 3149 2188 3183 vat
2253 3133 2310 3192 ἐς
2377 3128 2507 3180 αὐτὸ
2554 3127 2613 3180 τὺ
2641 3127 3003 3194 εμνησίκακον
3067 3123 3397 3192 προφανῶς,
3446 3116 3566 3173 εἶτα
3619 3119 3683 3188 δὴ

438 3234 601 3274 cruor
632 3235 662 3273 e
690 3220 910 3273 vulnere
955 3219 1194 3288 proﬂuit,
1226 3220 1592 3288 profundaque
1628 3222 1780 3290 plaga
1830 3224 2014 3278 subest

440 3312 748 3374 vulnerato;
786 3321 837 3363 et
882 3311 972 3363 ille
1004 3312 1383 3365 tantummodo
1411 3313 1630 3376 clamat,
1668 3324 1722 3367 et
1753 3330 1860 3368 non
1911 3315 2012 3369 ini-

440 3404 577 3456 raris
610 3403 756 3455 illum
798 3418 902 3470 qua
933 3412 1114 3469 posset
1164 3403 1228 3456 ad
1284 3402 1572 3458 vindictam
1625 3421 1730 3458 non
1807 3404 2016 3459 inﬂam-

439 3495 598 3556 mari;
629 3494 724 3548 sed
774 3495 1146 3562 conquereris,
1183 3504 1234 3548 et
1285 3495 1409 3548 mali
1481 3510 1774 3550 memorem
1828 3512 2013 3560 vocas,

439 3588 590 3654 quasi
645 3585 774 3640 velis
825 3600 1055 3654 arguere
1110 3598 1378 3653 naturain,
1411 3587 1630 3656 sijuxta
1662 3604 1816 3642 suam
1844 3590 2015 3657 legem

449 3687 627 3730 movet
655 3678 926 3732 dolentem
959 3680 1024 3732 ad
1059 3679 1441 3747 plangendum;
1468 3680 1511 3732 si
1549 3694 1680 3734 vero
1708 3681 1831 3735 talis
1889 3682 2011 3734 vul-

441 3782 570 3822 nere
633 3782 922 3836 percussus
971 3769 1163 3822 eximie
1201 3778 1252 3822 te
1287 3769 1518 3824 declinet
1545 3784 1609 3823 ac
1661 3772 1848 3839 fugiat,
1890 3772 2018 3840 quid

443 3857 496 3910 in
540 3859 641 3912 hoc
669 3857 1034 3912 novnm?Nuc
1060 3860 1246 3914 asinus
1273 3861 1355 3915 bis
1397 3862 1448 3914 in
1505 3861 1643 3914 idem
1702 3861 2018 3918 oﬂ'enileret.

439 3950 625 4005 Multis
670 3960 853 4004 autem
925 3951 1208 4004 brutorum
1273 3951 1396 4004 aliis
1456 3951 1596 4006 istud
1673 3954 2018 4021 proverbium

441 4043 722 4111 competit,
751 4043 1176 4111 suspicantibus,
1202 4057 1264 4096 ac
1280 4043 1474 4098 deinde
1497 4044 1858 4098 devitantibus
1884 4059 2021 4112 pric-

442 4137 640 4187 cedens
698 4133 921 4185 malum.
974 4133 1252 4197 Quomodo
1304 4133 1468 4198 igitur
1515 4133 1696 4196 homo,
1747 4135 2017 4188 rationein

445 4225 674 4289 habens,
699 4233 852 4277 extra
887 4223 1015 4276 illud
1040 4232 1367 4286 versaretur,
1387 4224 1728 4291 aliquomodo
1765 4238 2017 4291 vexatus,

439 4324 499 4368 et
539 4328 642 4366 non
675 4313 863 4370 semel.
889 4317 983 4366 sed
1020 4313 1319 4366 multoties.
1345 4312 1481 4366 Puto
1501 4330 1600 4384 ego
1628 4316 1770 4382 quod
1801 4331 1909 4369 non
1935 4332 2022 4370 re-

2113 3221 2386 3292 τολμῶσιν
2417 3220 2546 3274 αὐτὸ
2569 3219 2895 3287 ἐπιγράφειν
2923 3219 3078 3287 ἡμῖν.
3118 3219 3182 3271 Τί
3227 3219 3426 3284 λαλεῖς,
3475 3219 3683 3290 ἄνθρω-

2114 3330 2221 3374 πε;
2257 3312 2688 3383 Τραυματίςεις,
2737 3312 2832 3364 καὶ
2859 3311 3150 3382 καταρῤἐει
3197 3307 3333 3381 αἷμα
3366 3311 3461 3365 τοῦ
3514 3315 3681 3384 τραύ-

2121 3421 2306 3475 ματος,
2341 3403 2507 3472 καὶὴ
2562 3401 2746 3472 πληγὴ
2805 3401 2995 3471 βαθεῖα
3056 3401 3134 3472 τῷ
3191 3404 3528 3466 πεπονθότι,
3585 3407 3682 3458 καὶ

2118 3495 2359 3562 κέκραγε
2397 3493 2556 3562 μόνον
2587 3493 2820 3554 ἐκεῖνος,
2853 3492 2944 3545 καὶ
2969 3491 3030 3542 ού
3087 3490 3412 3562 θαυμάζεις,
3463 3493 3548 3546 ὅτι
3610 3495 3685 3563 μὴ

2119 3583 2523 3652 ἅντιπέπληξαι
2570 3582 2707 3652 πρὸς
2746 3583 2982 3651 ἄμυναν,
3014 3581 3163 3644 ὅπως
3221 3583 3287 3636 ἂν
3332 3584 3426 3636 καὶ
3471 3583 3690 3638 δύναιτο

2120 3678 2366 3738 ἐκεῖνος’
2421 3675 2560 3728 άλλὰ
2618 3673 2996 3746 καταμέμφῃ,
3045 3673 3141 3726 καὶ
3199 3674 3538 3746 μνησίκακον
3563 3679 3688 3730 ἐπι-

2120 3768 2324 3831 καλεῖς,
2351 3760 2437 3818 οἷα
2466 3764 2563 3834 τὴν
2629 3763 2794 3832 φύσιν
2839 3763 3085 3834 ἐλέγχειν
3149 3763 3370 3830 ἐθέλων,
3425 3768 3478 3819 εί
3543 3769 3686 3822 κατὰ

2118 3861 2209 3912 τὸν
2233 3858 2404 3926 αὐτῆς
2433 3857 2596 3926 νόμον
2627 3857 2875 3912 ὑποκινεῖ
2895 3856 2984 3911 τὸν
3008 3857 3280 3925 ἀλγοῦντα
3303 3859 3686 3914 παθαίνεσθαι.

2122 3953 2183 4004 Ei
2214 3952 2269 4005 δέ
2294 3951 2385 4004 καὶ
2409 3949 2643 4020 πληγεὶς
2671 3951 2754 4011 είς
2785 3949 3010 4018 τραῦμα
3048 3951 3076 4002 ό
3111 3949 3354 4011 τοιοῦτος
3383 3950 3689 4005 ύποκλέπεο

2121 4043 2213 4101 ταί
2236 4060 2294 4094 σε
2325 4043 2405 4102 είς
2439 4040 2498 4092 τὸ
2528 4039 2750 4108 ἐφεξῆς,
2787 4041 2880 4094 καὶ
2912 4040 3258 4112 ἐκτρέπεται,
3299 4042 3352 4094 τί
3391 4041 3552 4096 τοῦτο
3576 4062 3694 4098 και-

2122 4136 2246 4197 νὸνς
2310 4135 2422 4188 Ούκ
2448 4133 2513 4187 ἂν
2533 4133 2654 4186 ούδέ
2681 4132 2801 4195 ὄνος
2826 4132 2906 4194 είς
2953 4132 3014 4185 τὸ
3067 4134 3198 4186 αὐτὸ
3256 4133 3338 4198 δὶς
3381 4137 3690 4208 προσκόψῃ.

2126 4225 2346 4288 Πολλοῖς
2366 4225 2421 4280 δέ
2454 4225 2547 4279 καὶ
2574 4223 2786 4295 ἑτέροις
2809 4223 2918 4276 τῶν
2947 4222 3160 4292 ἀλόγων
3191 4225 3218 4294 ί)
3250 4223 3474 4295 τοιαύτη
3505 4244 3698 4296 παροι-

2131 4315 2229 4385 μία
2266 4311 2653 4384 ἐπιμερίζεται
2703 4313 3156 4384 φανταζομένόις,
3195 4317 3288 4369 καὶ
3315 4313 3461 4370 οὕτω
3489 4317 3696 4385 φυλατ-

445 4415 550 4460 cm
594 4405 821 4460 rationis
850 4413 1012 4465 esset.
1041 4405 1319 4458 abundans
1356 4405 1408 4457 in
1435 4406 1620 4460 eadem
1649 4407 1919 4473 passione,
1946 4409 2007 4461 in.

2133 4409 2380 4478 τομένοις
2413 4407 2473 4464 τὸ
2501 4408 2711 4476 φθάσαν
2742 4407 2931 4462 κακόν.
2965 4405 3090 4470 Πῶς
3119 4406 3186 4461 ἂν
3212 4405 3304 4460 οὑν
3333 4407 3647 4477 ἄνθρωπος,
3670 4411 3698 4461 ὁ

443 4497 773 4564 sensilisque
827 4497 892 4548 ad
925 4511 1084 4548 omne
1121 4510 1443 4564 permanens
1483 4512 1544 4551 ac
1583 4512 1798 4567 semper
1841 4497 2012 4554 oden-

447 4590 577 4644 dere
620 4597 864 4658 paratus.
923 4587 980 4642 Si
1038 4597 1218 4642 tamen
1274 4589 1402 4643 mali
1469 4605 1631 4644 causa
1685 4589 2017 4656 oﬂendiculi,

449 4690 643 4749 puteus
696 4689 789 4732 aut
819 4681 973 4749 lapis,
1009 4680 1310 4744 recederet,
1359 4680 1447 4734 hic
1485 4682 1702 4750 quidem
1754 4683 1808 4736 in
1857 4684 2022 4742 semis

448 4773 681 4829 uelatus
723 4781 1042 4841 segregatur
1075 4781 1168 4826 aut
1262 4771 1394 4825 alias
1434 4773 1700 4837 sublatus,
1745 4775 1846 4828 iste
1894 4790 2022 4829 vero

450 4867 684 4932 repletus
747 4876 800 4919 et
845 4866 1151 4919 cumulatus
1195 4877 1250 4920 et
1300 4866 1372 4919 ita
1442 4869 1836 4936 complanatus,
1905 4879 2018 4921 tttm

449 4969 584 5008 Sane
614 4971 713 5007 nec
748 4954 860 5021 jam
896 4956 1079 5020 bonio,
1111 4970 1209 5009 nee
1241 4957 1386 5010 aliud
1416 4957 1614 5010 animal
1652 4958 2020 5027 prolapsionis

452 5045 630 5100 locum
682 5046 1111 5113 pertimesceret,
1144 5047 1236 5100 sed
1269 5048 1448 5102 itineri
1488 5049 1728 5119 seipsum
1765 5065 1886 5106 cum
1918 5065 2004 5104 se-

451 5137 691 5190 curitate
724 5138 1113 5193 rmnmitteret.

2123 4502 2232 4556 ἔσω
2257 4502 2438 4569 λόγου,
2458 4500 2562 4564 ἔξω
2577 4499 2782 4570 ταύτης
2802 4500 3074 4564 πεσεῖται,
3105 4500 3499 4570 κακοποιηθεὶς
3522 4501 3700 4553 ὁπωσ-

2125 4592 2241 4655 οῦν,
2265 4594 2365 4645 καὶ
2401 4591 2523 4644 οὐδὲ
2555 4590 2813 4656 εἰσάπαξ,
2859 4590 2974 4646 ἀλλ’
3007 4591 3103 4645 ἐπὶ
3137 4591 3360 4655 πλεῖον;
3415 4586 3585 4662 Οἶμαί
3613 4608 3698 4658 γε,

2125 4684 2198 4745 ὡς
2227 4683 2326 4736 οὐκ
2350 4683 2417 4735 ἂν
2445 4683 2650 4744 ἐκεῖνος
2683 4681 2846 4754 ὀρθοῦ
2879 4681 3060 4753 ἔχοιτο
3090 4682 3274 4748 λόγου,
3307 4681 3622 4747 πλεονάζων
3646 4686 3702 4736 ἐν

2129 4776 2203 4843 τῷ
2231 4774 2430 4843 ὁμοίως
2458 4775 2712 4842 πάσχειν,
2737 4775 2832 4828 καὶ
2861 4774 3040 4842 μένων
3070 4775 3128 4836 ἐς
3158 4774 3218 4826 τὸ
3240 4775 3350 4829 πᾶν
3371 4776 3702 4849 ἀνάλγητος,

2130 4865 2226 4919 καὶ
2257 4865 2623 4933 προσκόπτειν
2658 4865 2814 4916 ἐσαεὶ
2840 4865 3190 4933 ἀνεχόμενος.
3221 4864 3285 4918 Ei
3318 4864 3505 4932 μέντοι
3531 4865 3590 4917 τὸ
3612 4863 3704 4916 τοῦ

2130 4956 2303 5010 κακοῦ
2331 4957 2764 5028 προσκόμματος
2789 4956 2962 5008 αἴτιον
2997 4958 3023 5007 ό
3051 4955 3240 5025 βόθρος
3262 4955 3425 5025 τυχόν
3449 4956 3482 5024 ἢ
3509 4958 3534 5008 ό
3561 4955 3707 5015 λίθος

2127 5046 2377 5110 ἀπέλθοι,
2407 5048 2433 5098 ὁ
2459 5045 2557 5115 μὲν
2589 5047 2670 5107 εἰς
2695 5043 2926 5110 πλάγιον
2957 5043 3058 5112 τῆς
3087 5044 3279 5113 τρίϐου
3303 5043 3703 5114 ἀφορισθεὶς,ῆ

2127 5140 2220 5194 mi.
2251 5139 2429 5202 ἄλλως
2481 5156 2586 5192 που
2634 5137 2843 5209 ἀρθεὶς,
2897 5141 2923 5190 ό
2950 5137 2992 5189 δ’
3021 5138 3306 5201 ἀνάπλεως
3336 5138 3579 5206 γεγονὼς
3614 5139 3708 5192 καὶ
3741 5125 3744 5128 ’

457 5231 654 5298 μεστὸς
698 5233 792 5284 καὶ
847 5230 990 5284 οὕτω
1044 5234 1257 5298 ναστὸς,
1298 5236 1418 5291 τόςε
1464 5236 1528 5306 δὴ
1563 5237 1662 5290 οὐκ
1715 5236 1780 5290 ἂν
1806 5239 1882 5290 ἔτι
1912 5235 2023 5290 οὔτ’
2064 5235 2373 5306 ἄνθρωπος,
2425 5235 2547 5288 οὕτε
2599 5236 2705 5305 μὴν
2733 5235 2873 5299 ζῶον
2908 5235 3118 5289 ἀλλοῖον
3185 5235 3549 5289 ὑποκλέποιτο
3613 5237 3706 5290 τὸν

457 5324 546 5380 τοῦ
574 5327 1000 5396 προσκόμματος
1027 5331 1211 5398 τόπον,
1247 5331 1363 5384 ἀλλ’
1391 5333 1596 5386 ἐκδοῖεν
1623 5334 1690 5386 ἂν
1729 5335 1898 5388 ἑαυτὰ
1947 5336 2013 5404 τῇ
2055 5333 2160 5404 ὁδῷ
2185 5335 2266 5395 είς
2295 5332 2586 5403 διατριϐὴν
2627 5332 2687 5384 ού
2720 5333 3098 5403 καχύποπτον.

525 5421 619 5477 ιι.
659 5424 788 5477 Date
821 5425 954 5478 mibi
993 5441 1122 5496 ergo
1183 5437 1238 5481 et
1273 5443 1368 5482 vos
1405 5428 1616 5483 facilem
1651 5431 1715 5482 ad
1749 5431 2030 5484 ambulan-

457 5519 587 5570 dum
627 5515 839 5584 locuin;
885 5529 1158 5573 removete
1205 5519 1451 5588 laqueos,
1514 5521 1753 5575 extollite
1813 5521 2035 5575 ollenili-

427 5647 430 5652 -
459 5609 578 5664 ettla
604 5649 618 5672 ,
649 5608 834 5665 foveas
860 5611 1140 5678 explentes
1185 5613 1390 5665 reddite
1418 5613 1650 5677 solidas;
1674 5621 1726 5666 et
1751 5613 1828 5665 sic
1844 5627 1939 5664 vos
1969 5627 2034 5666 ex

457 5698 565 5749 Deo
598 5699 859 5766 judicium
896 5700 1130 5766 deseret,
1162 5711 1215 5753 et
1259 5717 1343 5755 me
1376 5704 1536 5754 timor
1599 5719 1663 5755 ac
1727 5714 1903 5756 metus
1968 5705 2032 5757 ile

456 5795 595 5843 statu
649 5790 875 5846 itineris.
913 5791 1073 5846 Novit
1129 5789 1288 5855 Deus,
1322 5791 1410 5860 qui
1459 5804 1653 5846 cuncta
1706 5795 1979 5862 pernoscit
2008 5834 2022 5859 ,

2213 5426 2313 5499 μδ’.
2341 5421 2469 5482 Δότε
2502 5429 2567 5499 δὴ
2596 5429 2688 5482 οὖν
2721 5447 2811 5498 μοι
2838 5429 2932 5482 καὶ
2966 5429 3126 5498 ὑμεῖς
3156 5428 3462 5497 περίπατον
3490 5427 3706 5487 εὔοδον.

2143 5520 2431 5584 ὑπεξέλετε
2484 5521 2552 5572 τὰ
2596 5520 2986 5587 παγιδὼματα,
3032 5519 3264 5590 σχάσατε
3299 5521 3367 5572 τὰ
3409 5519 3712 5584 σκάνδαλα,

2149 5611 2487 5682 στερεώσατε
2516 5609 2966 5680 ἀναπληροῦντες
2991 5612 3059 5663 τὰ
3092 5609 3551 5680 ύποϐοθρεύματα
3579 5627 3594 5642 ·
3616 5612 3716 5664 καὶ

2140 5701 2315 5765 οὕτως
2363 5703 2508 5772 ὑμᾶς
2535 5720 2592 5755 τε
2615 5703 2674 5755 τὸ
2709 5704 2771 5755 ἐκ
2803 5702 2938 5755 Θεοῦ
2967 5705 3140 5772 κρῖμα
3171 5702 3459 5770 ἐπιλείψει,
3494 5702 3587 5756 καὶ
3612 5703 3714 5770 ἐμὲ

2138 5793 2194 5845 τὸ
2243 5793 2472 5845 δεδιέναι
2515 5793 2608 5846 καὶ
2675 5793 2978 5860 ὑφορᾶσθαι
3040 5794 3105 5846 τὰ
3149 5794 3246 5864 τῆς
3298 5792 3443 5847 ὁδοῦ.
3506 5788 3715 5848 Οἶδενδ
