3968 6244
307 332 412 392 445

1312 339 1614 409 CONTRA
1658 346 2152 412 INJURIARUM
2183 351 2482 414 MEMORI
2498 357 2624 418 AM.

3399 413 3402 416 .
3471 363 3579 427 440

305 450 457 546 Θεὸς,
498 454 526 506 ὁ
548 452 620 546 τὰ
652 454 834 512 πάντα
865 457 1346 532 ἐξακριϐούμενος,
1377 467 1548 521 οῖδασι
1584 467 1640 521 δὲ
1672 468 1768 522 καὶ
1823 470 1870 523 oi

1993 478 2351 539 noveruutque
2429 473 2494 525 de
2526 476 2688 530 rebus
2753 477 2953 532 nostris
3005 476 3223 543 imbuti,
3256 479 3403 546 quod
3465 483 3582 534 nul-

307 543 414 596 τῶν
469 545 596 598 καθ’
647 549 800 618 ἡμᾶς
837 551 1224 622 ἐπιστήμονες,
1275 558 1350 621 ὡς
1409 561 1561 614 οὐδὲν
1615 562 1673 628 ἐξ
1724 564 1886 631 ήμῶν

309 639 548 693 εἰσπαίει
577 644 751 698 κακὸν
773 645 852 708 είς
880 646 1093 703 οὐδένα.
1124 651 1238 702 Ούκ
1265 652 1334 705 ἂν
1355 653 1412 705 δὲ
1457 650 1610 724 οἶμαι.
1668 657 1788 710 οὐδὲ
1837 659 1888 710 ci

310 733 701 800 καταλέγοντες
726 738 886 805 ήμῶν
916 738 1090 808 ἔχοιεν
1117 741 1183 795 ἂν
1207 749 1557 812 προενεγκεῖν
1584 751 1887 819 τιπρᾶγμα

310 827 385 886 εἰς
419 825 664 895 ἔλεγχον.
703 829 762 880 Ei
796 829 854 882 δὲ
888 832 980 886 καὶ
1006 831 1186 886 θετέον
1223 837 1317 888 ἐπὶ
1352 841 1740 908 προϋπάρξασι
1793 841 1882 894 θεν

318 919 519 986 μελίοις
541 923 654 983 τοῖς
687 921 746 988 ἐξ
789 924 967 993 ἡμῶν,
995 927 1191 997 ὄροφον
1222 930 1377 983 αὐτοὶ
1405 935 1704 998 κακώσεως
1735 936 1884 990 ἔθεν-

312 1027 369 1061 το
425 1019 793 1079 μνησικακίας
854 1017 1063 1082 οἰκείας
1137 1019 1300 1090 λόγῳ.
1327 1023 1392 1076 Τί
1429 1024 1492 1094 δὴ
1540 1027 1888 1098 ἀφιλοσόφους

314 1099 590 1152 αἰτιῶνται
621 1102 735 1167 νῦν,
785 1110 1139 1174 μνησικακεῖν
1163 1112 1328 1176 ἡμᾶς,
1372 1116 1774 1184 μεμνημένους,
1802 1117 1883 1171 ὅτι

318 1192 675 1258 μνησικάκοις
735 1196 1044 1262 ἀνθρώποις
1098 1205 1495 1269 περιπεπτώκα
1532 1209 1753 1274 μεν,τὸ
1808 1212 1888 1263 οἱ·

313 1285 451 1332 κεῖον
490 1285 660 1336 κακὸν
695 1285 848 1338 αὐτοὶ
869 1288 1198 1352 ὲπικλῶντες
1230 1293 1360 1361 ἡμῖν
1387 1311 1402 1359 ;

383 1371 486 1438 με’.
524 1375 644 1426 Ἔτι
682 1377 1056 1448 ἀποφαίνομαι
1097 1380 1259 1434 πάλιν
1327 1384 1570 1455 θαρρῶν,
1613 1389 1676 1441 ού
1708 1391 1880 1444 ταύτὰ

313 1461 448 1512 νοεῖν
490 1463 714 1532 μνήμην
760 1466 928 1519 κακοῦ
975 1470 1067 1522 καὶ
1112 1477 1492 1543 μνησικακεῖν,
1537 1478 1655 1531 ἀλλ’
1705 1481 1882 1536 ἐκεῖνο

317 1551 412 1617 μὲν
453 1551 669 1619 φύσεως
695 1555 894 1625 ἀρετὴν
928 1555 1189 1616 εἶναικαὶ
1240 1567 1576 1637 τελειότητα,
1643 1589 1882 1641 περισω-

314 1643 512 1713 ζούσης
543 1649 605 1714 τῇ
631 1647 781 1718 ψυχῇ
807 1649 866 1702 τὺ
890 1650 998 1702 τῶν
1029 1656 1176 1724 παθη
1189 1659 1400 1724 μάτων,
1421 1661 1521 1712 εἴτ’
1549 1657 1642 1715 οὖν
1676 1665 1884 1732 νοημά-

313 1752 416 1786 των
451 1736 704 1804 μόνιμον,
729 1739 850 1792 ὅθεν
879 1744 973 1795 καὶ
1007 1748 1070 1813 τῇ
1102 1748 1291 1820 μνήμῃ
1323 1751 1498 1819 τὸτῆς
1526 1753 1723 1818 λέξεως
1753 1756 1877 1809 ἔτυ-

1993 558 2102 612 lum
2136 574 2203 613 ex
2237 560 2390 614 nobis
2425 563 2621 617 malum
2648 566 2702 620 in
2730 583 3058 636 quemquam
3096 570 3442 624 redundavit.
3468 568 3580 624 Nec

1993 658 2203 714 autem,
2257 663 2406 720 puto,
2444 665 2630 710 contra
2667 675 2765 711 nos
2813 660 3206 716 maledicentes
3237 661 3456 731 aliquod
3507 664 3585 714 fa-

1996 753 2143 797 ctum
2185 744 2233 798 in
2267 756 2644 814 argumentum
2667 750 2902 820 allegare
2929 765 3182 821 possent;
3206 756 3249 807 si
3288 768 3416 807 vero
3447 769 3581 823 quo-

1991 846 2096 901 que
2140 849 2301 902 super
2331 837 2676 890 fumlamenta
2710 854 2738 891 a
2776 843 2930 895 nobis
2973 844 3261 911 praeposita
3305 844 3581 896 aediﬁcan-

1990 925 2140 991 dum,
2173 926 2385 982 culmen
2420 930 2518 997 ipsi
2563 931 2781 985 malitia:
2841 943 3151 1003 posuerunt
3187 936 3421 1003 propriae
3453 936 3578 988 tnali

1989 1019 2262 1071 memoriae
2288 1020 2519 1074 ratione.
2563 1021 2703 1087 Quid
2735 1038 2864 1091 ergo
2897 1041 3001 1078 non
3028 1027 3401 1094 philosOphice
3433 1044 3575 1081 mmc

1987 1123 2288 1164 caiisantur
2367 1128 2464 1166 nos
2532 1129 2651 1167 esse
2717 1116 2843 1168 mali
2883 1133 3168 1180 memores,
3226 1135 3347 1173 cum
3399 1135 3581 1174 recor-

1987 1198 2199 1261 damur,
2234 1203 2376 1269 quod
2439 1204 2744 1257 hominibus
2791 1205 2919 1258 mali
2955 1209 3283 1261 memorilms
3331 1210 3577 1264 incideri-

1988 1307 2126 1354 nms,
2161 1295 2432 1362 proprium
2465 1296 2660 1350 malum
2696 1297 2796 1365 ipsi
2823 1298 2978 1351 nobis
3017 1303 3369 1366 imputantes.

2058 1385 2146 1437 45.
2180 1385 2260 1437 Ad
2305 1385 2419 1438 inec
2450 1401 2666 1440 rursum
2697 1389 2910 1457 explico
2936 1391 3212 1442 conlidens
3242 1406 3347 1442 non
3391 1391 3576 1444 eadem

1983 1473 2286 1541 signiﬁcare
2316 1476 2441 1530 mali
2475 1479 2924 1540 recordationem.
2976 1489 3030 1534 et
3062 1484 3184 1534 mali
3217 1483 3530 1535 memoriam
3558 1504 3574 1548 ς

1984 1567 2078 1622 sed
2136 1566 2281 1620 illam
2315 1570 2534 1636 quidem
2574 1585 2696 1625 esse
2732 1579 2940 1625 natura:
2992 1573 3246 1627 virtutem
3301 1583 3354 1625 et
3404 1573 3578 1642 peric—

1983 1657 2246 1721 Ctionem,
2279 1663 2662 1716 conservantis
2693 1663 2744 1715 in
2766 1664 2948 1716 anima
2971 1664 3116 1731 quod
3142 1665 3207 1717 de
3235 1665 3576 1732 passionibus

1983 1749 2065 1802 vel
2095 1751 2508 1817 cogitationibus
2564 1764 2826 1814 πνοι-οων,
2907 1756 3047 1807 unde
3121 1755 3266 1808 venit
3300 1757 3576 1807 memoriae

317 1843 433 1894 μον.
461 1826 536 1880 Τὸ
568 1828 626 1880 δέ
676 1848 739 1897 γε
803 1841 1163 1902 μνησικακεῖν
1207 1839 1386 1911 ψυχῆς
1433 1845 1744 1917 φαυλότητα
1807 1850 1885 1903 τί-

1996 1841 2143 1895 νοοίε
2193 1844 2434 1910 etymou;
2502 1844 2628 1897 mali
2685 1844 3002 1899 meminisse
3053 1858 3182 1898 vero
3245 1847 3566 1912 pravitatem

314 1919 474 1986 θεμαι
534 1923 778 1991 μαχίμου
827 1926 923 1978 καὶ
973 1928 1390 2001 ὀλοθρευτικῆς.
1433 1937 1543 1989 Καὶ
1575 1939 1755 1992 τοίνυν
1789 1941 1886 2010 μέ-

319 2029 518 2079 μνηται
546 2014 843 2079 κακωθεὶς,
884 2019 911 2070 ὅ
939 2018 991 2070 τί
1024 2036 1129 2089 περ
1180 2016 1320 2084 οἶδα,
1361 2025 1456 2076 καὶ
1502 2026 1884 2097 εὐεργετηθείς

315 2121 466 2158 ποτε.
501 2107 878 2174 Μνησικακεῖν
938 2111 995 2164 δὲ
1053 2112 1178 2166 οὔτε
1247 2109 1366 2170 οἶδα
1416 2117 1475 2172 ὃν
1534 2120 1698 2190 ἔργον
1725 2123 1879 2193 ἐμὸν,

312 2198 427 2250 οὐδὲ
460 2200 569 2269 μὴν
601 2200 795 2267 ἐθέλω,
816 2202 1068 2276 καθάπερ
1099 2208 1219 2262 οὐδὲ
1254 2213 1579 2279 φιλονεικεῖν
1619 2215 1880 2283 μάχιμον,

313 2288 399 2343 οἷα
426 2294 522 2345 καὶ
555 2293 830 2360 συνειδὼς,
867 2299 1002 2368 ποίῳ
1039 2299 1346 2374 διδασκάλῳ
1395 2305 1666 2376 μαθητὴς,
1708 2309 1756 2358 εί
1790 2309 1884 2361 καὶ

312 2385 509 2453 ἀφυὴς,
531 2388 972 2459 ὲπιγέγραμμαι.
1006 2393 1087 2444 ὅτι
1113 2394 1315 2464 δηλαδὴ
1362 2398 1438 2466 τῷ
1469 2398 1734 2468 εἰρηνικῷ
1792 2400 1885 2454 καὶ

313 2479 470 2546 πράῳ
495 2479 589 2530 καὶ
616 2480 1014 2552 καθηγουμένῳ
1048 2485 1155 2537 τῶν
1183 2487 1520 2553 βουλομένων
1555 2492 1634 2550 εἰς
1666 2493 1727 2544 τὸ
1766 2493 1886 2562 φιλ-

313 2566 623 2637 άνθρωπον.
649 2570 710 2622 Ei
738 2570 793 2622 δέ
823 2589 904 2629 τις
934 2573 1240 2644 ἑτεροιότης
1267 2576 1322 2628 ἐν
1354 2577 1477 2644 ἐμοὶ
1507 2577 1728 2646 ἀγάπης
1750 2579 1883 2648 πρὸς

310 2659 455 2712 τόνδε
484 2659 640 2712 τοῦδέ
675 2679 840 2724 τινος,
878 2665 972 2715 καὶ
1025 2665 1215 2732 ἐτέρου
1243 2665 1376 2734 πρὸς
1413 2665 1591 2730 ἄλλον,
1617 2669 1715 2721 καὶ
1751 2670 1882 2722 πολ-

310 2749 414 2802 λῶν
461 2753 600 2817 πρὸς
634 2753 879 2823 πολλοῦς,
919 2754 1113 2808 οὔκουν
1144 2758 1291 2810 ἐστιν
1315 2797 1330 2822 ,
1377 2760 1476 2813 οὐκ
1521 2760 1668 2815 ἔστιν
1708 2763 1883 2826 ἄλλως

313 2846 571 2917 εὑρέσθαι
606 2847 737 2918 παρ’
771 2847 877 2900 οὐδ’
912 2848 1136 2918 ᾡτινοῦν
1161 2851 1281 2919 ἔχον
1311 2851 1372 2903 τὸ
1398 2855 1652 2923 πρᾶγμα.

383 3037 502 3101 pg’.
534 3029 912 3099 Κοινωνοῦμεν
932 3031 1183 3100 ἀλλήλοις
1215 3032 1492 3102 ἄνθρωποι
1529 3034 1746 3089 πάντων
1774 3037 1884 3089 τῶν

313 3125 387 3185 είς
419 3125 622 3193 χρῆσιν
655 3123 794 3192 βίου,
828 3123 921 3176 κοιλ⁵
949 3125 1099 3194 ὅμως
1125 3125 1184 3178 οὐ
1219 3126 1308 3179 τὸν
1339 3127 1500 3180 αὐτὸν
1536 3129 1738 3200 τρόπον
1794 3132 1880 3199 ἐφ’

313 3219 561 3273 ἅπασινο
627 3217 764 3270 ἀλλὰ
822 3217 955 3286 ξένῳ
1020 3218 1120 3285 μὲν
1165 3219 1388 3288 ἀρκέσει
1446 3221 1564 3275 ὁδοῦ
1617 3223 1883 3293 ὀρθότητα

314 3313 608 3380 πυθομένῳ
659 3310 1046 3376 καθυποδεῖξαι
1078 3313 1347 3380 δακτύλῳ,
1405 3315 1634 3386 γνωστῷ
1683 3317 1739 3369 δέ
1779 3334 1884 3370 τινι

312 3403 748 3476 προσεπιῡήτειν
783 3403 888 3472 χρὴ
922 3403 1014 3454 καὶ
1054 3401 1246 3455 λαλιὰν
1281 3404 1492 3472 ἱλαρὰν,
1531 3406 1626 3458 καί
1677 3424 1730 3457 τι
1787 3409 1882 3460 καὶ

313 3497 545 3566 προόδου
577 3494 1035 3562 φιλοτιμήσεσθαι
1057 3535 1070 3559 ,
1105 3497 1198 3548 καὶ
1227 3496 1434 3565 τρύφος
1457 3496 1513 3549 δὲ
1543 3497 1711 3566 ἄρτου
1744 3499 1881 3550 ἀπο-

312 3589 589 3656 ταμέσθαι
621 3588 719 3639 καὶ
757 3586 962 3650 δοῦναι,
1008 3587 1122 3654 εἴγε
1164 3587 1452 3658 πάρεστιν.
1501 3589 1562 3641 Εἰ
1593 3589 1647 3641 δέ
1682 3606 1761 3652 τις
1791 3591 1884 3644 ἐπὶ

314 3683 500 3734 πλεῖον
559 3678 909 3749 γνωρίζοιτο,
971 3681 1368 3748 ἐπιταθήσεται
1397 3682 1422 3732 ὁ
1455 3681 1630 3748 φίλιος
1668 3682 1762 3734 καὶ
1803 3685 1882 3746 είς

314 3771 642 3840 κοινωνικὴν
673 3770 977 3840 τράπεζαν.
1021 3772 1078 3822 ’0
1105 3771 1295 3836 μέντοι
1329 3771 1473 3840 λόγῳ
1506 3773 1685 3840 φιλίας
1717 3775 1882 3840 ἐγγυ-

313 3864 456 3918 τάτω
491 3861 860 3930 κολλώμενος,
899 3860 1136 3930 ὕπερθεν
1167 3862 1274 3914 τῶν
1333 3862 1590 3916 τοιούτων
1628 3863 1884 3918 ἁπάντων

315 3951 627 4021 ἑστήξεται,
659 3951 720 4002 ού
755 3950 916 4019 μόνον
953 3950 1121 4004 τᾶλλα
1149 3951 1226 4022 τῷ
1257 3951 1580 4021 φιλουμένῳ,
1603 3956 1888 4022 κοινούμε-

316 4062 420 4108 νος,
475 4043 620 4099 ἀλλὰ
665 4044 760 4095 καὶ
817 4044 1136 4114 μυστηρίων
1189 4044 1503 4114 ἐπιστήμην
1563 4045 1702 4114 ἔχων
1774 4046 1886 4098 τῶν

316 4137 404 4190 τοῦ
462 4137 647 4205 φίλου.
707 4135 817 4188 Καὶ
867 4135 986 4204 βίου
1044 4137 1315 4206 μερισμὸν
1379 4135 1476 4206 μὲν
1535 4138 1734 4203 εἰπεῖν,
1789 4138 1886 4192 οὓ-

317 4247 400 4284 πω
430 4233 574 4299 μέγα
600 4271 614 4293 ,
647 4228 772 4282 ὅλου
843 4229 900 4280 δὲ
936 4228 1104 4282 αὑτοῦ
1158 4229 1459 4300 ,μετουσίαν
1501 4230 1596 4282 καὶ
1645 4229 1888 4299 εἰσποίη-

319 4339 418 4375 σιν.
461 4323 575 4375 Kal
608 4321 798 4373 καινὸν
833 4321 986 4373 οὐδὲν
1021 4319 1212 4385 ταῦτα,
1267 4321 1316 4373 εί
1370 4321 1466 4373 καὶ¹
1499 4321 1684 4392 πατὴρ
1716 4320 1888 4394 ἀγέλῃ

319 4412 523 4464 παίδων
576 4409 1148 4480 περιεστοιχισμένος,
1207 4409 1266 4461 ού
1332 4408 1429 4472 τὰς
1454 4410 1621 4474 αὑτὰς
1679 4410 1896 4463 ἅπασιν

1985 1933 2179 1988 animte
2197 1935 2454 2001 pugnacis
2470 1943 2521 1988 et
2548 1935 2840 1989 mortiferae
2860 1935 3124 1989 arbitror.
3144 1934 3388 1991 Meminit
3408 1938 3574 2005 igitur

1984 2025 2070 2092 qui
2110 2026 2306 2078 malum
2350 2042 2538 2093 passus
2570 2038 2675 2092 est,
2708 2028 2850 2096 quod
2909 2028 3163 2095 equidem
3208 2028 3356 2092 novi,
3397 2038 3450 2082 et
3478 2030 3570 2097 qui

1984 2117 2276 2186 aliquando
2318 2119 2634 2174 beneficium
2692 2122 2912 2190 recepit.
2943 2119 3064 2174 Mali
3093 2122 3399 2176 meminisse
3433 2137 3561 2174 vero

1985 2217 2238 2278 tanquam
2263 2225 2397 2276 opus
2419 2227 2595 2265 meum
2629 2228 2725 2266 nec
2753 2227 3006 2282 agrmsco,
3028 2228 3128 2266 nec
3153 2213 3293 2272 volo,
3314 2214 3452 2266 sicut
3473 2227 3573 2266 nec

1983 2304 2224 2356 aemulari
2259 2320 2581 2371 pugnacem,
2618 2314 2799 2371 utpote
2842 2306 2932 2373 qui
2977 2305 3109 2358 mihi
3139 2305 3388 2358 conscius
3422 2320 3570 2368 sum,

1983 2394 2126 2462 quali
2164 2395 2422 2465 magistro
2451 2395 2764 2464 discipulus,
2797 2397 2920 2450 licet
2998 2395 3232 2463 ineptus,
3307 2397 3578 2462 ascriptus

1983 2484 2110 2548 sim,
2174 2486 2396 2552 paciﬁco
2471 2487 2676 2540 scilicet
2725 2496 2779 2540 et
2830 2486 2966 2549 miti,
3001 2485 3572 2553 praemonstratorique

1985 2577 2376 2638 desideriorum
2397 2580 2462 2632 ad
2494 2579 2882 2632 humanitatem
2911 2577 3332 2645 respicientium.
3355 2577 3574 2646 Siquod

1986 2677 2172 2722 autem
2209 2668 2262 2720 in
2300 2683 2384 2720 me
2434 2670 2726 2722 discrimen
2772 2668 3078 2722 dilectionis
3132 2669 3270 2722 inter
3319 2669 3465 2722 hunc
3507 2677 3564 2721 et

1985 2759 2170 2826 istum,
2202 2760 2342 2814 inter
2371 2763 2533 2814 alium
2563 2772 2618 2814 et
2643 2761 2829 2821 alium,
2858 2759 2999 2813 inter
3025 2759 3224 2813 mullos
3257 2769 3308 2812 et
3336 2759 3556 2822 multos,

1985 2868 2092 2907 non
2139 2865 2218 2906 est
2248 2855 2405 2907 aliter
2444 2863 2620 2914 certe,
2639 2867 2744 2906 non
2779 2851 2893 2904 ﬁeri
2926 2859 3100 2917 potest
3125 2859 3181 2903 ιιι
3211 2849 3353 2919 apud
3383 2864 3571 2918 quem-

1986 2960 2150 3015 quam
2181 2961 2266 2999 res
2296 2947 2626 2999 inveniatur.

2060 3032 2147 3086 £6.
2183 3033 2659 3088 Communicamus
2721 3033 2948 3088 invicem
3004 3032 3253 3086 homines
3321 3047 3579 3100 quaeuti.

1991 3140 2096 3196 que
2125 3136 2252 3180 sunt
2280 3127 2345 3180 ad
2385 3142 2540 3179 usum
2589 3127 2734 3190 vim,
2771 3141 2872 3178 nec
2926 3136 3104 3180 tamen
3159 3128 3222 3178 ad
3253 3140 3440 3179 omnes
3485 3142 3575 3177 co-

1987 3219 2106 3274 dem
2143 3219 2600 3272 modo.Extraneo
2626 3219 2840 3286 quidem
2870 3229 3073 3274 rectum
3100 3222 3202 3272 iter
3223 3219 3572 3287 interroganti

1987 3310 2276 3366 sumcietid
2295 3311 2749 3378 iudicaredigito;
2779 3311 2988 3364 homini
3016 3319 3194 3363 autem
3228 3311 3572 3378 uotojucun-

1988 3400 2106 3453 dam
2131 3411 2343 3468 oportet
2367 3400 2564 3454 addere
2590 3401 2936 3466 locutionem,
2959 3400 3346 3468 aliquantulum
3378 3399 3574 3454 blande

1987 3493 2252 3555 comitlri,
2277 3493 2504 3546 frustum
2530 3495 2690 3550 etiam
2731 3495 2906 3562 panis,
2966 3494 3009 3545 si
3069 3493 3219 3551 licet,
3255 3492 3576 3547 abscindere

1985 3600 2048 3640 ac
2077 3587 2338 3655 praebere.
2374 3587 2429 3641 Si
2459 3587 2579 3652 quis
2607 3599 2781 3641 autent
2816 3589 2986 3656 magis
3013 3588 3180 3640 etiam
3217 3597 3358 3640 esset
3389 3594 3568 3646 notus,

1988 3688 2158 3743 usque
2191 3675 2260 3730 ad
2293 3691 2531 3729 mensam
2575 3692 2919 3730 communem
2965 3676 3346 3729 extenderetur
3409 3691 3572 3730 com—

1983 3769 2267 3823 mercium.
2300 3770 2400 3834 Qui
2437 3779 2614 3822 tamen
2649 3769 2904 3822 amicitiae
2931 3767 3141 3822 ratione
3167 3768 3409 3835 proxime
3441 3782 3576 3822 con-

1980 3861 2204 3931 junctus
2230 3872 2335 3924 est,
2383 3875 2545 3928 super
2596 3860 2709 3913 [nec
2734 3860 2912 3912 omnia
2951 3859 3233 3925 eminebit,
3264 3875 3369 3912 non
3397 3860 3574 3912 solum

1986 3967 2178 4010 caetera
2229 3952 2440 4020 propria
2477 3951 2672 4006 dilecto
2703 3952 2876 4004 amico
2907 3951 3256 4018 participans,
3294 3950 3386 4004 sed
3408 3950 3572 4003 etiam

1985 4045 2368 4114 mysteriorum
2429 4043 2589 4096 amici
2652 4044 3013 4111 cognitionem
3071 4043 3297 4097 habens.
3352 4043 3420 4098 Et
3454 4042 3575 4111 qui-

1988 4133 2109 4196 dem
2147 4132 2317 4186 victus
2357 4132 2705 4200 partitionem
2771 4132 2950 4186 dicere
2987 4147 3175 4197 parum
3207 4139 3310 4195 est;
3349 4146 3574 4200 prorsus

1989 4233 2166 4280 autem
2195 4235 2275 4277 est
2306 4224 2474 4292 ipsius
2508 4223 2782 4277 consortio
2808 4232 2863 4276 et
2886 4221 3123 4290 adoptio.
3153 4220 3265 4276 Nec
3289 4221 3418 4289 quid
3452 4220 3573 4274 novi

1989 4327 2112 4372 sunt
2169 4319 2301 4382 haec,
2370 4316 2415 4370 si
2475 4325 2709 4386 quoque~
2738 4326 2911 4384 pater,
2969 4314 3198 4368 ﬁliorum
3251 4329 3412 4383 grege
3457 4313 3568 4364 cir—

1989 4409 2291 4473 cumdatus,
2329 4422 2438 4460 non
2475 4407 2694 4460 easdem
2742 4406 2993 4460 ouinibus
3036 4403 3318 4471 suspendit
3367 4403 3573 4463 lances,

320 4502 658 4555 ἀναπτύσσει
687 4499 1056 4566 πλάστιγγας,
1099 4501 1258 4571 ῥέπει
1293 4500 1349 4552 δὲ
1385 4498 1559 4564 οὕτως
1617 4501 1648 4572 ἢ
1690 4499 1883 4568 οὕτως,

1995 4501 2085 4554 sed
2123 4499 2345 4552 inclinat
2378 4500 2457 4552 sic
2497 4498 2577 4550 vel
2623 4498 2725 4560 sic,
2780 4507 2832 4548 nt
2876 4496 3069 4548 anima:
3103 4494 3428 4547 desiderium
3479 4491 3576 4543 im-

319 4595 386 4654 ὼς
410 4594 470 4646 τὸ
498 4594 598 4662 τῆς
628 4592 812 4662 ψυχῆς
845 4591 1044 4644 ποθοῦν
1077 4592 1360 4656 καθέλκει,
1407 4593 1500 4644 καὶ
1532 4591 1609 4661 τῷ
1639 4593 1890 4647 δοκοῦντι

315 4685 410 4750 τῆς
438 4685 628 4750 ὁλκῆς,
659 4687 694 4737 ἁ
719 4683 925 4754 [γὰπης
974 4682 1186 4754 μέτρ]ῳ
1219 4683 1320 4755 (1),
1355 4686 1545 4754 μετρεῖ
1568 4683 1628 4737 τὸ
1661 4683 1888 4753 φυσικὸν

321 4778 635 4849 ἰσόρροπον.

389 4865 495 4934 με,
539 4866 606 4918 Ti
654 4865 720 4934 δὴ
763 4860 858 4919 οῦν
898 4865 990 4920 τὸν
1030 4865 1129 4935 μὲν
1163 4865 1513 4935 ὲκπυροῦντα
1563 4866 1741 4935 φλόγα
1793 4870 1888 4921 ἐπὶ

320 4959 636 5028 ἐμπρησμῷ
693 4957 915 5030 [οῐκου],
971 4959 1051 5021 είς
1104 4959 1432 5029 δραστήριον
1472 4956 1642 5027 ἄνδρα
1697 4959 1887 5011 καλλι-

321 5052 604 5120 γραφεῖτε,
663 5051 755 5102 τὸν
803 5052 858 5103 δὲ
911 5050 1298 5103 ύπανὰιιτοντα
1363 5049 1580 5119 λύχνον,
1640 5051 1890 5120 φυλακῆς

320 5145 498 5212 χάριν,
556 5145 640 5204 είς
674 5142 985 5212 κακοῦργον
1018 5142 1335 5212 ἐγγράφετε
1361 5157 1376 5204 ;
1405 5142 1470 5194 Τί
1506 5141 1596 5195 τὸν
1625 5143 1788 5213 ὀρθὸν
1817 5144 1893 5194 διο

321 5235 586 5289 δάσκαλον
639 5235 816 5298 ἄλλως
875 5235 1323 5301 ἀντιδιδάσκετε;
1359 5233 1424 5288 Τί
1480 5234 1580 5308 τὴν
1638 5236 1890 5306 στάθμην

325 5329 638 5396 παράγετε,
671 5327 738 5380 Τί
764 5327 862 5399 τὴν
895 5328 1175 5397 σταφυλὴν
1213 5327 1534 5398 ἀχρειοῦτε;
1573 5327 1637 5379 Τί
1664 5327 1756 5381 τὸν
1790 5346 1893 5381 κοι-

325 5417 855 5488 νόναστρεϐλοῦτη
899 5420 964 5471 Τί
1018 5423 1160 5472 κατὰ
1194 5420 1295 5484 τῆς
1346 5420 1576 5472 καθέτου
1613 5422 1890 5489 χωρείτε;

328 5507 391 5559 Τί
417 5509 508 5560 τὸν
538 5508 860 5561 δικαιοῦντα
893 5507 1054 5574 ζυ-,ὸν
1090 5511 1414 5580 μέμφεσθε;
1466 5509 1531 5562 Ti
1561 5508 1618 5561 δὲ
1661 5511 1761 5579 ἐμὲ
1801 5511 1897 5562 καὶ

331 5598 484 5668 μόνον
509 5604 569 5653 ἐν
600 5600 912 5672 ἀνθρώποις
959 5602 1189 5667 ἕκαστος
1221 5603 1434 5656 ἐθέλετε
1471 5603 1714 5672 μετρεῖν,
1767 5603 1901 5673 πρὸς

1999 4593 2172 4663 pellit,
2211 4601 2351 4657 et,ut
2377 4591 2476 4645 sibi
2509 4592 2741 4652 videtur,
2772 4587 3121 4654 ponderantis
3146 4600 3398 4638 mensura
3441 4584 3574 4638 cha-

2009 4685 2208 4750 ritatis,
2243 4682 2485 4737 naturale
2518 4689 2793 4733 meusurat
2822 4677 3210 4746 aequilibrium.

2060 4869 2148 4924 47.
2191 4867 2327 4934 Quid
2363 4866 2522 4935 igitur
2553 4863 2704 4917 illum
2732 4861 2821 4932 qui
2864 4860 3132 4913 ﬂainmam
3169 4858 3236 4912 ad
3266 4857 3576 4914 incendium

1992 4963 2184 5016 domus
2214 4959 2478 5019 accendit,
2519 4956 2665 5009 velut
2700 4955 2973 5011 hominem
3021 4960 3300 5006 strenuum
3353 4952 3574 5019 ptth'hl‘u

1993 5053 2216 5124 pingitis
2249 5061 2304 5106 et
2333 5051 2478 5104 illum
2507 5050 2599 5118 qui
2638 5046 2916 5103 succendit
2971 5045 3246 5099 lucernam
3315 5044 3575 5097 custodia:

2000 5147 2172 5218 gratia
2221 5153 2474 5212 tanquam
2531 5141 2830 5195 maleficum
2893 5137 3226 5193 describitis?
3291 5129 3574 5202 Quid're-

2018 5250 2160 5290 ctum
2222 5236 2486 5288 adversus
2530 5231 2850 5300 magistrum
2918 5228 3074 5281 aliter
3141 5226 3349 5280 docetis
3381 5225 3404 5274 i'
3438 5226 3574 5292 Quid

2001 5327 2258 5380 amussim
2292 5321 2645 5390 pervertitis?
2686 5319 2823 5385 Quid
2857 5317 3304 5386 perpendiculum
3365 5315 3573 5369 οἰοιοῖ-τ

2003 5417 2192 5473 batis?
2226 5416 2364 5482 Quid
2409 5414 2643 5482 regulam
2679 5409 3031 5478 depravdtis?
3072 5408 3210 5476 Quid
3235 5416 3419 5461 contra
3461 5420 3574 5457 me-

2004 5518 2115 5562 tam
2150 5507 2361 5562 exilis?
2404 5506 2541 5572 Quid
2583 5505 2782 5574 justum
2819 5499 3138 5567 vituperatis
3183 5496 3394 5566 jugum?
3436 5492 3573 5558 Quid

2008 5611 2188 5656 autem
2236 5613 2320 5652 me
2351 5637 2366 5664 ,
2397 5597 2676 5666 solumque
2711 5595 2853 5648 inter
2897 5592 3165 5652 homines,
3206 5585 3575 5653 unusquisque

398 5779 471 5851 (i)
503 5803 518 5834 (
548 5781 686 5838 Huic
715 5797 847 5837 mem
871 5781 970 5838 loci
1010 5783 1179 5838 inutili
1208 5781 1570 5838 emendationi
1597 5781 1706 5850 jaiu
1747 5780 1920 5836 minus
1951 5779 2184 5847 conﬁdo,
2223 5799 2239 5831 ι
2299 5781 2373 5834 ait
2405 5780 2579 5835 editor
2605 5778 2657 5832 in
2689 5775 2943 5832 Mautissa
2974 5765 3448 5827 Observationum.
