3968 6244
407 335 512 416 ‘447
583 431 598 436 __

1116 363 1537 429 EUSTATHII
1569 369 2333 441 THESSALONICENSIS
2373 382 2942 448 METROPOLITE
2969 468 2980 477 υ

3560 392 3667 458 “8

410 469 650 516 vestrum
684 463 866 520 metiri
891 469 1004 524 vult
1021 469 1177 540 juxta
1207 475 1418 544 pondus
1441 481 1584 548 quod
1603 480 1719 549 ipse
1752 482 1955 573 profert

2088 484 2148 539 ὃν
2183 487 2343 558 ὑμεῖς
2401 493 2742 564 προϐάλλετε
2779 468 3048 568 σταθμδν,
3109 503 3207 553 καὶ
3265 500 3662 573 λογοπραγεῖτε

408 560 463 603 et
503 566 625 620 quae
659 566 788 610 sunt
822 557 872 611 in
912 575 996 614 tne
1021 563 1276 619 amicitiae
1302 567 1458 638 juga,
1484 569 1566 626 sic
1588 571 1830 627 examini
1856 572 1986 628 sub-

405 641 600 706 iit-itis!
639 645 743 712 Ipsi
777 652 998 716 quidem
1041 654 1237 710 librate
1289 673 1385 713 vos
1429 676 1649 716 sursum
1703 668 1981 733 deorsum,

406 739 465 782 ut
495 733 724 798 accidit;
759 752 845 790 me
880 753 1010 794 vero
1048 745 1270 800 statuite
1302 754 1734 818 comparandum
1766 754 1832 807 ad
1862 767 1983 808 mo-

408 824 574 876 menti
609 828 998 896 aequalitatem,
1035 835 1122 889 ubi
1157 854 1262 893 non
1294 849 1378 897 est
1404 842 1654 900 invenire
1682 846 1980 914 quidquam

401 916 548 981 apud
586 932 682 972 vos
713 921 950 989 positmn
987 925 1038 979 in
1065 930 1400 998 aequatione.
1442 933 1500 989 Si
1529 936 1674 991 enim
1733 938 1982 1006 aliquan-

407 1005 576 1060 tulum
613 1009 796 1067 lances
848 1016 1006 1071 vobis
1061 1022 1376 1077 custodiunt
1436 1028 1822 1096 tequilibrinm,
1874 1047 1978 1086 non

418 1097 601 1164 potius
637 1101 834 1170 aliquis
868 1107 988 1161 solo
1032 1109 1181 1166 visus
1244 1123 1496 1170 contactu
1534 1118 1637 1173 hoc
1670 1119 1831 1187 vidit,
1871 1130 1982 1176 sta-

399 1189 606 1257 timque
648 1195 976 1250 antithetum
999 1202 1254 1258 amicitia:
1276 1217 1468 1262 vestrae
1499 1218 1745 1266 nostram
1779 1212 1834 1268 in
1865 1214 1978 1268 latt—

395 1296 515 1337 cem
571 1287 908 1357 dominatur,
969 1303 1025 1348 et
1084 1299 1338 1356 deorsum
1397 1317 1744 1376 aggravatam
1799 1311 1977 1366 reddit

396 1373 644 1431 inutilem
682 1395 743 1432 ac
771 1395 1134 1455 quaerentem,
1163 1392 1253 1446 ubi
1302 1399 1590 1453 cansislat.
1625 1398 1684 1453 Et
1720 1417 1975 1471 magnum

393 1467 614 1532 quidem
644 1472 797 1528 nobis
825 1475 1100 1546 impendet
1129 1491 1509 1558 crtnten,quod
1536 1507 1640 1544 nun
1667 1467 1980 1550 recte—con-

393 1572 676 1618 versamnr
707 1579 830 1620 eum
865 1569 1247 1628 illustrioribus
1281 1577 1443 1646 hujus
1465 1580 1699 1637 civitatis
1730 1595 1783 1640 et
1804 1601 1974 1654 egen-

393 1649 630 1708 tioribus
669 1697 683 1720 ,
722 1659 816 1712 sed
869 1663 1142 1720 conlusim
1194 1678 1250 1721 et
1307 1670 1600 1728 indiscrete
1652 1679 1979 1734 commisce-

393 1757 516 1797 tnur
553 1745 685 1800 illis.
734 1749 888 1804 Nihil
917 1765 1098 1810 autem
1156 1759 1245 1814 hic
1283 1761 1336 1815 in
1396 1775 1582 1821 nostra
1641 1770 1976 1827 discretione

389 1837 770 1906 corrigendum
801 1843 1086 1903 habemus.
1135 1847 1526 1910 Ratio‘autem
1575 1869 1662 1914 est
1740 1858 1972 1932 Euripus

389 1927 608 1993 quinos
637 1935 938 1990 circumdat
991 1949 1045 1994 et
1081 1945 1318 1997 versor-ia
1351 1962 1564 2019 semper
1608 1967 1826 2022 gyrans.
1873 1954 1972 2010 Vix

388 2019 534 2073 enim
588 2023 786 2094 aliquis
847 2043 878 2082 e
915 2035 1119 2087 nostris
1181 2036 1394 2094 civibus
1443 2045 1731 2109 quemdam
1809 2047 1970 2103 hodie

385 2115 702 2178 praedicavit
729 2118 1122 2192 bonorabilem,
1141 2143 1263 2182 cum
1311 2130 1401 2185 ille
1430 2147 1552 2188 eras
1575 2137 1969 2205 ignominiosus

385 2205 642 2258 scribitur
675 2209 946 2280 simulque
971 2216 1256 2272 confestim
1307 2221 1596 2279 deseritur.
1641 2227 1800 2283 Dives
1825 2245 1969 2300 nunc

384 2299 614 2364 superbe
647 2300 890 2370 loquitur
913 2316 966 2360 et
999 2310 1159 2378 paulo
1189 2324 1308 2380 post
1337 2317 1720 2385 egentissinms
1764 2324 1829 2376 ad
1867 2299 1969 2378 mi-

382 2392 694 2448 sericordite
723 2393 944 2462 januam
1003 2403 1197 2469 pulsat.
1225 2403 1431 2462 Nobilis
1459 2410 1508 2461 in
1543 2416 1792 2479 praesenti
1831 2425 1968 2468 tem-

382 2483 531 2548 poris
562 2498 764 2551 puncto
800 2501 914 2560 post
946 2492 1108 2548 breve
1139 2497 1479 2553 maledicitur
1522 2503 1739 2573 ignobili
1766 2523 1965 2576 genere

381 2572 461 2628 sic
489 2587 664 2644 ortus,
702 2591 753 2634 ut
788 2589 1216 2642 contemnendus
1243 2590 1335 2654 sit,
1356 2601 1640 2660 ctservus,
1673 2600 1961 2669 ttttlicitnr,

379 2678 479 2730 pro
501 2667 675 2723 libero
703 2686 1035 2742 compareat.
1075 2676 1370 2743 Qucmdam
1401 2684 1714 2754 aliquandiu
1766 2692 1963 2747 virtute

380 2761 662 2826 pmditum
693 2765 1057 2835 testabantur,
1088 2779 1141 2824 et
1173 2772 1321 2826 brevi
1374 2785 1618 2844 tempore
1641 2789 1825 2847 postea
1849 2797 1964 2836 sce-

386 2848 558 2907 lestus
591 2853 972 2921 denuntiatur.
1001 2861 1149 2915 velut
1185 2865 1230 2916 si
1267 2869 1539 2920 somnium
1575 2872 1763 2926 umbra
1812 2883 1961 2944 tege-

379 2954 549 2997 retur.
572 2945 632 3000 ln
667 2963 804 3017 quas
833 2950 999 3020 igitur
1051 2955 1336 3023 opiniones
1361 2960 1773 3032 voluntatesque
1808 2981 1977 3020 men--

383 3045 492 3088 tem
526 3049 822 3107 vertemus,
854 3058 976 3098 cum
1027 3046 1107 3100 sic
1157 3047 1213 3100 in
1248 3049 1524 3104 diversum
1580 3055 1902 3113 scinduntur
1931 3061 1955 3114 ἲ

2085 578 2156 632 τὰ
2192 581 2252 634 ὲν
2291 584 2416 652 ἐμοὶ
2449 585 2549 654 τῆς
2599 588 2784 656 φιλίας
2812 589 2993 659 ζυγάς
3057 593 3172 647 Καὶ
3200 593 3359 646 αὐτοὶ
3391 594 3491 662 μὲν
3547 596 3663 649 ἄνω

2085 670 2239 727 κάτω
2268 679 2686 747 τρυτανὶζεσθε,
2719 681 2826 751 ὅπη
2883 683 3026 757 τύχῃ
3053 698 3065 713 ⁸
3100 685 3202 755 ἐμὲ
3243 685 3301 738 δὲ
3355 684 3659 740 συναλλάσ·

2087 779 2206 819 σειν
2233 767 2564 822 ὲπιτάσσετε
2600 774 2738 844 πρὸς
2773 775 2996 846 ἰσότητα
3029 776 3227 846 ῥοπῆς,
3263 776 3396 831 ἔνθα
3438 776 3514 848 μὴ
3567 778 3657 830 έσ-

2081 875 2168 912 τιν
2218 859 2424 932 εὑρεῖν,
2483 863 2538 917 τί
2566 866 2699 938 παρ’
2732 868 2864 938 ὑμῖν
2914 868 3194 931 καθεστὼς
3235 869 3295 922 ὲν
3337 871 3655 940 ταυτότητι.

2083 953 2146 1008 Εἰ
2186 956 2297 1026 γάρ
2329 973 2434 1010 που
2493 959 2589 1012 καὶ
2639 961 2776 1032 πρὸς
2831 961 3006 1033 βραχὺ
3065 963 3121 1016 αἱ
3153 962 3492 1032 πλάστιγγες
3527 965 3658 1033 ὑμῖν

2082 1045 2384 1115 φυλάξουσι
2437 1049 2500 1103 τὺ
2560 1051 2828 1122 άῤῥεπὲς,
2890 1052 3139 1109 ἀλλὀὐκ
3197 1054 3340 1123 ἔφθη
3400 1072 3485 1118 τις
3532 1057 3656 1109 οὐδὲ

2081 1143 2222 1196 κατὰ
2256 1139 2430 1215 μόνην
2459 1147 2680 1217 ἐπαφὴν
2707 1147 2886 1217 ὄψεως
2914 1149 3048 1203 αὐτὸ
3082 1149 3230 1210 ἰδεῖν.
3267 1151 3362 1204 καὶ
3409 1151 3570 1214 εὐθὺς
3596 1150 3656 1204 τὺ

2079 1237 2364 1292 ἀντίθετον
2394 1242 2461 1309 τῇ
2489 1240 2612 1293 καθ’
2646 1241 2794 1311 ὑμᾶς
2827 1241 2982 1312 φιλίᾳ
3010 1244 3271 1312 τυραννεῖ
3317 1241 3418 1312 τήν
3451 1242 3655 1312 ἡμετέ-

2086 1345 2189 1399 ραν
2243 1331 2580 1398 πλάστιγγα,
2625 1335 2721 1387 καὶ
2767 1334 3151 1405 βαρυνομένην
3210 1335 3362 1388 κάτω
3417 1336 3653 1406 ἀχρειοῖ,

2078 1417 2374 1488 ζητοῦσαν,
2411 1421 2514 1474 ποῦ
2547 1437 2681 1476 ποτε
2737 1424 3162 1494 καθεστήξεται.
3201 1427 3310 1479 Καὶ
3345 1425 3492 1496 μέγα
3549 1427 3656 1494 μὲν

2076 1511 2210 1580 ἡμῖν
2244 1513 2542 1568 ἐπικλᾶται
2573 1500 2963 1588 κατηγόρημα,
2990 1519 3075 1573 ὃτι
3108 1518 3183 1588 μὴ
3211 1519 3350 1588 πρὸς
3381 1519 3655 1590 ὀρθότητα

2077 1603 2449 1674 ὲπιόάλλομεν
2485 1609 2597 1670 τοῖς
2625 1626 2683 1660 τε
2711 1610 3017 1680 περιδόξοις
3043 1612 3145 1680 τῆς
3177 1613 3390 1676 πόλεως
3423 1613 3651 1684 ταύτης,

2076 1698 2191 1761 τοῖς
2229 1715 2289 1752 τε
2326 1699 2765 1770 ὑποδεεστέροις,
2799 1702 2936 1756 ἀλλὰ
2992 1703 3200 1776 φύρδην
3254 1707 3352 1759 καὶ
3407 1705 3651 1774 ἀκρίτως

2001 1833 2050 1894 Β
2077 1790 2265 1855 αὐτοῖς
2316 1793 2767 1865 προσφερόμεθα.
2805 1797 3049 1866 Ἐχομεν
3097 1797 3154 1851 δὲ
3213 1798 3536 1894 ἡμεῖς-οὐδ’,
3566 1798 3655 1851 έν-

2077 1883 2253 1937 ταῦθα
2287 1885 2632 1956 ὲπιδιορθοῦν
2658 1888 2720 1940 τὸ
2744 1889 2803 1940 ὲν
2826 1890 2960 1960 ἡμῖν
2991 1893 3262 1960 κριτικόν.
3293 1891 3366 1944 Τὸ
3393 1890 3450 1944 δὲ
3477 1892 3653 1946 αττιον

2074 1980 2102 2032 ὁ
2132 1981 2441 2051 περιρρέων
2483 1981 2632 2050 ἡμᾶς
2667 1980 2904 2050 Εὔριπος
2952 1985 3047 2038 καὶ
3093 1983 3155 2037 τὸ
3181 1985 3501 2054 άεῖστροφον
3527 1986 3653 2038 ἅνε-

2079 2067 2327 2138 μούριον.
2362 2067 2440 2124 Ού
2469 2071 2663 2141 φθάνει
2697 2073 2808 2142 γάρ
2833 2090 2918 2136 τις
2947 2074 3057 2126 τῶν
3089 2076 3379 2145 ἡμετέρων
3413 2075 3652 2128 πολιτῶν

2073 2163 2293 2232 ἔντιμον
2341 2165 2734 2234 ἀποφήνασθαι
2801 2182 2926 2218 τινα
2983 2167 3248 2238 σήμερον,
3306 2168 3400 2220 καὶ
3456 2167 3652 2238 αὔριον

2073 2255 2282 2316 ἐκεῖνος
2314 2254 2510 2323 ἄτιμος
2542 2254 2659 2324 ἅμα
2682 2257 2937 2325 γραφεὶς,
2974 2257 3066 2309 καὶ
3113 2259 3360 2326 ἀχρόνως
3413 2257 3650 2310 ἀπαλει-

2071 2343 2217 2411 φεις.
2249 2343 2516 2408 Πλούσιος
2547 2346 2675 2414 ἄρτι
2735 2345 3154 2414 σεμνολογεῐται
3177 2363 3190 2376 ο
3229 2349 3324 2401 καὶ
3358 2349 3498 2418 μετὰ
3554 2365 3650 2418 μι-

2068 2435 2201 2505 κρὸν
2243 2437 2589 2500 πενέστατος,
2624 2437 2722 2508 τὴν
2751 2438 3138 2510 φιλανθρώπου
3168 2438 3340 2509 θύραν
3372 2440 3652 2508 κοπτόμε-

2067 2539 2175 2585 νος.
2208 2523 2452 2593 Εὑγενὴς
2479 2527 2536 2578 ὲν
2569 2528 2635 2596 τῇ
2667 2527 2995 2598 καθεστώσῃ
3023 2527 3120 2582 τοῦ
3154 2529 3347 2599 χρόνου
3391 2532 3600 2598 στιγμῇ
3630 2545 3644 2559 ·

2067 2615 2161 2667 καὶ
2219 2615 2360 2686 μετὰ
2415 2616 2613 2669 λεπτὸν
2665 2622 3070 2691 κακηγορείται
3132 2621 3326 2689 γένους
3375 2621 3645 2687 κατάγειν

2065 2707 2204 2772 οἴου,
2246 2709 2339 2759 καὶ
2375 2709 2910 2780 άποτροπιάζεσθαι,
2970 2713 3065 2766 καί
3113 2730 3245 2767 ποτε
3277 2714 3375 2766 καὶ
3427 2713 3643 2781 δοῦλος,

2062 2795 2092 2849 δ
2119 2797 2183 2868 δὴ
2212 2797 2457 2867 λέγεται,
2481 2800 2596 2854 ἀντ’
2624 2801 2915 2872 ἐλευθέρου
2939 2804 3153 2874 φανείς.
3195 2805 3531 2874 Ἀρεταίνειν
3553 2822 3645 2869 τις

2063 2888 2242 2961 καιρῷ
2285 2907 2417 2944 ποτε
2454 2895 2819 2961 μαρτυρεῖται
2845 2912 2860 2926 ο
2904 2895 3114 2966 βραχὺς
3159 2895 3224 2966 δὴ
3261 2897 3492 2967 χρόνος,
3543 2898 3644 2950 καὶ

2061 2979 2427 3048 καταλέγεται
2483 2983 2564 3045 εις
2597 2983 2906 3052 ἐξάγιστον,
2949 2986 3026 3048 ὡς
3061 2986 3222 3056 εῐπερ
3267 2988 3404 3056 ὄναρ
3447 2987 3642 3042 ὲσκιάο

2060 3067 2208 3132 ζετο.
2271 3072 2415 3140 Πρὸς
2467 3073 2644 3136 ποίοις
2676 3073 2808 3142 γοῦν
2837 3076 2931 3128 τὸν
2985 3076 3115 3130 νοῦν
3155 3079 3355 3148 ἕξομεν
3393 3080 3640 3151 δόγμασι

381 3125 512 3180 Volo
562 3130 790 3201 diligere
849 3134 1143 3193 laudatos:
1203 3141 1519 3212 priusquam
1551 3145 1606 3201 in
1656 3161 1837 3207 mente
1868 3170 1953 3210 re-

2061 3125 2157 3213 stat
2213 3125 2540 3234 θελήμασιν,
2891 3168 3030 3239 πρὸς
3096 3125 3643 3241 ἐναντιότηταπσχε-

373 3233 664 3291 ponantur,
691 3231 1058 3299 expelluntur.

443 3490 533 3548 ιε.
576 3495 669 3552 Sic
715 3499 768 3553 in
809 3502 929 3558 aliis
961 3505 1156 3563 ell'ecta
1199 3514 1499 3570 mutatione
1536 3533 1801 3592 gyroque,
1843 3525 1948 3582 hoc

367 3861 564 3915 stolam
596 3864 876 3935 eleganter
907 3880 1110 3928 textam
1139 3892 1410 3949 quaerens,
1439 3861 1570 3939 διώ-
1591 3902 1694 3942 una
1725 3861 1946 3963 magni;

366 3953 560 4007 tudine
607 3971 712 4010 non
750 3973 993 4018 maneret
1028 3965 1094 4019 ad
1145 3968 1198 4022 id
1252 3975 1396 4041 quod
1435 3975 1651 4031 volebat
1685 3953 1939 4038 obtin-en-

365 4045 516 4111 dum,
553 4050 647 4102 sed
671 4053 948 4122 paulisper
986 4058 1169 4126 plena,
1201 4063 1412 4136 reliquo
1436 4075 1682 4138 tempore
1715 4074 1769 4128 in
1797 4074 1944 4131 incle-

364 4136 574 4193 ﬁnitam
647 4143 916 4204 claritatis
968 4152 1397 4222 magnitudinem
1485 4136 1936 4222 commutaretur.

364 4227 498 4284 Dico
536 4245 664 4288 vero
719 4234 904 4294 forsan
955 4257 1173 4313 quoque
1228 4249 1408 4304 meis:
1446 4250 1500 4304 in
1534 4268 1700 4308 unum
1734 4256 1938 4328 aliquid

363 4324 644 4382 deﬁnitum
699 4334 1023 4404 consistite;
1078 4353 1173 4394 vos
1224 4343 1369 4411 ipsos
1402 4344 1456 4398 in
1499 4362 1664 4403 unmn
1703 4351 1938 4411 indivise

2055 3253 2286 3320 ζονται;
2357 3256 2556 3311 Ἐθέλω
2643 3261 2896 3329 στέργειν
2975 3263 3104 3324 τοὺς
3177 3261 3638 3332 ἐπαινουμένους·

2056 3349 2153 3402 καὶ
2185 3347 2354 3420 πρινὴ
2394 3350 2684 3419 δγκαθίσαι
2719 3354 2922 3418 αὐτοὺς
2965 3357 3023 3419 ές
3055 3354 3255 3428 ψυχὴν,
3297 3357 3640 3413 ἀπανίσταν-

2052 3455 2241 3602 “Enn
2300 3535 2412 3588 Καὶ
2443 3536 2654 3608 τροπῆς
2677 3537 2822 3592 οὕτω
2859 3540 2956 3593 καὶ
2990 3542 3231 3613 στροφῆς
3268 3541 3635 3614 πλημμελου-

1923 3645 1949 3660 ο
2053 3623 2224 3693 μένης
2281 3627 2338 3678 ὲν
2365 3625 2569 3694 ἄλλοις,
2601 3627 2714 3697 ἐγὼ
2769 3632 2931 3685 τοῦτο
2979 3634 3214 3705 πάσχειν
3244 3637 3637 3709 διαϐάλλομαι,

1898 3711 1946 3766 i-
2051 3720 2142 3770 καὶ
2175 3717 2540 3790 βαρυνόμενος
2589 3722 2682 3774 ἐπὶ
2701 3722 2780 3792 τῷ
2810 3725 2986 3796 κακῷ,
3033 3730 3394 3796 μνησικακεῖν
3457 3746 3634 3782 κακο-

1926 3845 1942 3871 ,
2049 3810 2339 3883 λογοῦμαι,
2377 3813 2474 3868 καί
2510 3832 2615 3870 που
2643 3816 2824 3871 καὶτὸ
2853 3819 2955 3890 τῆς
2991 3820 3225 3894 σελήνης
3258 3823 3633 3894 φαντάζομαι,

2045 3905 2116 3975 ἢν
2154 3906 2187 3970 ἠ
2223 3906 2429 3979 μυθικὴ
2464 3909 2652 3980 μήτηρ
2689 3910 2990 3980 μέμφεται,
3025 3913 3108 3968 ὅτι
3154 3915 3472 3986 εὐπάρυφον
3524 3920 3632 3986 ζη-

2045 3993 2214 4048 τοῦσα
2255 3997 2472 4065 στολὴν,
2507 3999 2608 4053 οὐκ
2664 3999 2778 4071 ἔχει
2832 4001 2918 4070 ἐφ’
2952 4003 3071 4069 ἑνὸς
3108 4005 3374 4074 μεγέθους
3415 4009 3628 4076 μένειν,

2048 4084 2134 4138 ῖνα
2167 4087 2261 4139 καὶ
2289 4086 2452 4161 τύχῃ,
2493 4083 2554 4142 οὗ
2585 4089 2752 4157 θέλει,
2793 4091 2930 4146 ἀλλὰ
2983 4093 3158 4166 βραχύ
3189 4113 3245 4148 τι
3313 4097 3626 4168 πλήθουσα,

2047 4177 2110 4229 τδ
2143 4175 2335 4231 λοιπὸν
2363 4178 2458 4232 τοῦ
2491 4181 2614 4234 κατ’
2671 4181 2845 4251 αὐτὴν
2890 4184 3084 4255 χρόνου
3117 4185 3510 4251 έξαλλάσσεται
3540 4191 3630 4252 εἰς

2043 4269 2396 4343 ἀπερίληπτα
2435 4271 2640 4344 μεγέθη
2675 4275 2980 4344 φωτισμοῦ.
3037 4278 3148 4331 Καί
3205 4277 3307 4332 πού
3337 4297 3478 4351 φημι
3522 4283 3630 4336 καὶ

2043 4362 2207 4427 αὐτὸς
2241 4367 2354 4428 τοῖς
2387 4367 2566 4437 ἐμοῖς,
2597 4367 2672 4432 ὡς
2739 4369 3162 4440 άπιοκατάστητε
3201 4361 3393 4436 εἰς’ἒν
3430 4391 3485 4427 τι
3525 4377 3628 4429 τέο

363 4427 529 4486 atque
584 4421 1004 4482 immutabiliter
1059 4432 1384 4500 terminate;
1437 4447 1491 4492 et
1538 4439 1617 4494 sic
1665 4442 1867 4511 aliquid
1901 4463 1930 4502 ε

365 4512 520 4533 μυ-
829 4519 843 4533 .
887 4520 912 4533 ι.
961 4521 995 4533 .,
1147 4525 1180 4533 ..

2061 4421 2226 4506 ιειονλ
2277 4421 2502 4526 ὀρῑσάτε
2525 4421 2694 4526 ,ύμές
2745 4459 2945 4524 αὐτοὺς
2983 4461 3063 4524 εἰς
3087 4421 3179 4515 Ιἓν
3214 4463 3450 4533 ἀσχιδῶς
3518 4467 3626 4521 καὶ

363 4512 523 4568 nobis
562 4516 788 4583 qurerite
812 4519 1114 4578 deﬁnitum.
1146 4525 1326 4583 llonec
1359 4540 1538 4586 autem
1572 4548 1671 4588 vos
1700 4540 1933 4594 mutabi.

363 4601 441 4626 I,-_
479 4615 734 4626 Δ...ι-με..
781 4609 816 4626 ,ε
943 4622 954 4626 -
1033 4615 1047 4626 ι

2061 4512 2460 4614 ιμετακινήτως
2478 4562 2493 4578 '
2525 4512 2619 4600 καὶ
2649 4512 2793 4601 aiis-to
2821 4512 3098 4621 καῖ’ήμάς
3129 4512 3446 4608 ἀπαιτεῖτε.
3471 4557 3626 4626 πρός

363 4601 443 4658 les
473 4609 873 4677 eontorquetis,
906 4622 961 4668 et
983 4615 1048 4669 ad
1073 4631 1287 4673 omnem
1325 4632 1542 4678 ventum
1583 4628 1857 4685 vertimini
1882 4640 1936 4686 et

359 4700 769 4771 convertimini,
799 4705 964 4762 sinite
994 4725 1094 4764 nos
1125 4713 1428 4780 quiescere,
1466 4722 1702 4788 gravari,
1739 4739 1937 4780 memo-

360 4788 612 4860 riamque
645 4795 770 4850 mali
824 4801 970 4866 quod
1009 4800 1279 4871 videmus,
1320 4805 1554 4874 habere,
1597 4813 1931 4883 contristari,

356 4877 699 4950 retinereque
763 4884 1137 4944 aﬁ'abilitatem
1170 4907 1184 4944 :
1217 4910 1340 4949 nam
1377 4897 1491 4967 ipsa
1520 4900 1735 4970 ﬁducia,
1785 4877 1930 4976 quod

355 4982 622 5037 amemur,
655 4977 945 5042 quamdam
977 4980 1139 5036 habet
1168 4991 1613 5047 reservationetu.

425 5145 516 5199 49.
559 5145 858 5218 Conﬁteor,
943 5156 1142 5215 fratres
1200 5162 1278 5230 (et
1324 5169 1532 5225 utinam
1589 5176 1724 5241 veri,
1785 5184 1928 5244 quod

353 5236 573 5292 diﬁicile
601 5242 738 5311 est),
775 5245 842 5299 ad
873 5247 1173 5318 simplicem
1216 5270 1502 5316 occursum
1545 5267 1742 5323 tetrico
1773 5271 1922 5325 vultu

355 5343 443 5384 me
493 5331 756 5388 conﬁteor
797 5337 1012 5408 intueri,
1057 5359 1178 5398 cum
1227 5348 1367 5404 forte
1425 5355 1620 5409 belluis
1669 5373 1921 5426 occurro.

349 5421 555 5478 veritus
584 5439 653 5479 ne
694 5444 780 5484 me
814 5434 1220 5501 aggrediantur.
1252 5440 1496 5499 Cunctor
1529 5449 1694 5503 etiam
1729 5453 1918 5524 loqui,

353 5525 421 5566 ne
453 5513 788 5574 dormientes
827 5523 1079 5582 inimicos
1123 5535 1588 5601 expergefaciam.
1635 5541 1701 5596 Ut
1746 5554 1916 5600 totum

348 5602 593 5671 eloquar,
637 5623 739 5664 non
790 5628 909 5667 sum
957 5617 1096 5672 idem
1145 5637 1208 5676 ac
1258 5625 1372 5678 heri
1425 5631 1564 5682 mala
1609 5637 1923 5692 machinan-

351 5693 516 5763 tibus,
547 5700 663 5756 sive
690 5702 986 5776 loquimur,
1038 5713 1154 5768 sive
1202 5716 1450 5774 silemus.
1503 5721 1738 5781 Mutatus
1771 5744 1914 5799 sum,

349 5798 452 5839 non
514 5790 730 5860 quidem
794 5801 1072 5867 omnibus,
1130 5804 1454 5873 quibusdam
1520 5814 1736 5883 saltem,
1803 5821 1915 5876 sive

2038 4648 2091 4686 τι
2123 4633 2458 4706 ὡρισμένον.
2521 4639 2666 4700 Ἕως
2699 4638 2754 4693 δὲ
2815 4640 2975 4711 ὑμεῖς
3027 4644 3285 4714 εύρῐπους
3344 4647 3620 4716 ἑλίσσετε,

2039 4726 2133 4780 καὶ
2182 4727 2319 4797 πρὸς
2357 4728 2591 4783 ἕκαστον
2621 4731 2826 4802 ἄνεμον
2857 4735 3152 4805 στρέφεσθε
3183 4741 3280 4792 καὶ
3329 4739 3624 4810 ἀντιστρέ-

2037 4814 2227 4884 φεσθε,
2258 4817 2448 4885 ἀφίετε
2483 4821 2775 4891 ἡσυχάζειν
2805 4823 2974 4894 ἡμᾶς,
3001 4828 3095 4880 καὶ
3126 4827 3480 4900 βαρύνεσθαι,
3517 4836 3625 4887 καὶ

2042 4909 2268 4980 μνήμην
2297 4909 2468 4982 ἔχειν,
2522 4913 2584 4967 οῦ
2621 4915 2894 4989 βλέπομεν
2946 4919 3143 4986 κακοῦ,
3170 4921 3262 4974 καὶ
3293 4921 3620 4993 λυπεῖσθαι,

2039 5003 2136 5055 καὶ
2166 5003 2384 5073 ἐπέχειν
2404 5006 2466 5058 τδ
2502 5007 2953 5087 εὐπροσήγορον·
2990 5013 3114 5064 ἐπεὶ
3142 5014 3236 5067 καὶ
3263 5015 3320 5067 τδ
3357 5013 3615 5087 θαῤῥεῖν,

2037 5093 2113 5156 ὡς
2153 5093 2521 5165 άγαπώμεθα,
2547 5098 2753 5168 ἐποχήν
2782 5085 3068 5170 τιναὲχει.

2106 5185 2214 5256 μθ’.
2255 5187 2793 5261 Ὀμολογῶ,άδελφοὶ
2827 5193 2965 5261 (εἴθε
2993 5193 3050 5246 δὲ
3091 5195 3186 5248 καὶ
3215 5197 3450 5265 γνήσιοι,
3479 5197 3620 5252 δυσ-

2030 5278 2206 5343 κόλως
2232 5278 2393 5350 ἔχει),
2427 5283 2507 5346 εἰς
2538 5284 2789 5354 ἐντυχίαν
2828 5285 2930 5355 τὴν
2957 5286 3144 5350 ἁπλῶς
3171 5289 3619 5359 ὲξομολογοῦμαι

2033 5371 2336 5442 σκυθρωπὰ
2379 5373 2624 5443 βλέπειν,
2655 5379 2744 5429 ὅτε
2794 5395 2899 5430 που
2929 5378 3141 5447 θηρίοις
3169 5379 3393 5450 ἐντύχω,
3433 5382 3619 5436 δεδοι-

2031 5460 2163 5528 κὼς,
2220 5464 2296 5532 μή
2340 5481 2472 5517 ποτε
2529 5465 2653 5519 κατ’
2709 5468 2844 5538 ἐμοῦ
2889 5470 3228 5539 πηδήσωσιν.
3279 5473 3450 5526 ’οκνῶ
3511 5477 3621 5529 καὶ

2029 5554 2202 5625 αὐτὴν
2254 5555 2466 5622 λαλιὰν,
2522 5560 2597 5629 μὴ
2631 5561 2725 5612 καὶ
2758 5563 3046 5628 ἀφυπνίσω
3070 5563 3296 5633 ἐχθροὺς
3325 5563 3612 5632 εὕδοντας.
3667 5579 3679 5587 ’

2032 5645 2207 5707 Ὀλως
2239 5647 2294 5698 δὲ
2325 5651 2522 5713 εἰπεῖν,
2551 5651 2651 5704 οὐκ
2678 5653 2794 5722 εἰμὶ
2820 5655 3027 5717 ἐκεῖνος
3053 5657 3082 5706 ὁ
3106 5655 3301 5726 πρώην
3316 5660 3431 5719 τοῖς
3457 5663 3618 5716 κακὰ

2030 5739 2474 5805 μηχανωμένοις,
2507 5741 2618 5794 εἴτε
2645 5743 2940 5814 λαλοῦμεν,
2975 5745 3086 5798 εἴτε
3116 5748 3379 5818 σιγῶμεν.
3415 5750 3618 5821 Ἐξηλ-

2023 5824 2255 5897 λαγμαι,
2298 5832 2430 5883 πᾶσι
2461 5833 2560 5903 μὲν
2607 5834 2825 5902 οὔκουν,
2857 5840 2967 5903 τοῖς
2997 5837 3054 5891 δέ
3087 5857 3171 5909 γε,
3203 5841 3308 5894 εἴτε
3339 5841 3615 5912 φίλοφροο
