3968 6244
306 291 408 351 440

1291 304 1599 368 CONTRA
1642 309 2146 377 INJUllIARUM
2187 320 2611 388 MEMORIAM

3447 334 3558 398 450

299 402 560 474 νούμεθα,
595 404 705 459 εῖτε
737 407 1233 480 χρηστολογοῦμεν,
1273 414 1384 468 εῖτε
1417 417 1870 492 συμπράττομεν,

1986 424 2208 481 comiter
2248 431 2482 500 agimus,
2519 435 2635 491 sive
2665 435 2802 492 bona
2837 438 3144 508 loquimur,
3173 441 3291 498 sive
3331 443 3560 513 opitula-

296 494 405 549 εἴτε
433 497 996 569 συνεφεπόμεθα,εῖτε
1021 519 1075 556 τι
1099 503 1226 558 ἄλλο
1249 506 1511 578 ποιοῦμεν
1536 511 1876 582 ἀγαπητικὸν

297 589 389 642 καὶ
410 589 673 660 ἐμμελὲς,
691 591 894 647 διατιθε
903 595 1083 663 μένοις
1101 594 1358 666 ἔμπαλιν,
1377 597 1526 653 ὥσπε
1535 619 1565 672 ρ
1585 601 1643 666 ἐξ
1659 603 1877 676 ἐπιτεχ-

295 680 527 748 νήσεως.
561 681 736 736 Ὀκνῶ
759 683 857 746 τὰς
884 687 1186 754 καρδιακάς
1208 689 1380 752 πύλας
1404 691 1531 756 ὅλας
1555 693 1874 765 ἐξανοίγειν,

297 770 695 843 εὐλαϐούμενος
726 774 901 846 λόχον.
921 779 1177 848 Φείδομαι
1201 781 1298 851 τῆς
1321 783 1624 856 ἁπλότητος
1645 786 1731 841 διὰ
1751 789 1876 852 τοὺς

299 864 571 929 ἐλικτούς,
602 867 679 920 Οὐ
711 868 902 939 θαρρῶ
931 870 1175 939 γυμνοῦν
1202 873 1264 926 τὸ
1297 875 1593 944 πρόσωπον
1632 878 1719 932 διά
1752 896 1876 935 τινα

300 955 333 1024 ἦ
366 956 558 1025 σφῆκα
590 957 625 1028 ἢ
657 957 884 1029 θρήνην,
924 961 1002 1032 (ί)
1037 961 1148 1016 εῖτε
1203 965 1300 1018 καὶ
1363 967 1535 1037 αὐτὴν
1589 968 1873 1038 μέλισσαν,

300 1047 400 1118 τὴν
432 1048 610 1111 άλλως
639 1050 740 1120 μὶν
765 1051 1048 1120 γλυκεῖαν,
1078 1053 1156 1125 τῷ
1189 1055 1247 1110 δέ
1304 1057 1516 1128 κέντρῳ
1555 1061 1877 1128 πικραίνου-

300 1155 423 1194 σαν.
455 1140 742 1196 Συστέλλω
770 1143 868 1205 τὰς
900 1147 1114 1215 χεῖρας,
1150 1148 1200 1200 εί
1246 1147 1586 1220 δεξιούμεναι
1610 1152 1876 1222 δρύπτονο

299 1248 414 1284 ται.
448 1232 720 1303 Παρέλκω
743 1238 838 1288 καὶ
861 1237 924 1290 τὸ
952 1237 1182 1308 μέλιδιά
1209 1241 1306 1303 τὰς
1339 1242 1660 1308 ἐπιϐούλους
1687 1247 1871 1316 μυίας.

303 1322 380 1374 Οὐ
410 1324 697 1394 προφαίνω
725 1327 1041 1401 γλύκασμα,
1071 1326 1154 1394 οἷς
1181 1333 1215 1403 ή
1240 1333 1510 1398 ἀντίδοσις
1539 1339 1739 1408 πικρά.
1766 1339 1875 1392 Kal

299 1415 410 1482 ἔχει
436 1417 748 1484 καὶτοῦτο,
785 1414 962 1490 οἶμαι,
1003 1421 1164 1490 λόγον
1191 1424 1313 1477 τινά
1340 1440 1355 1457 ο
1392 1425 1514 1478 ἀντὶ
1566 1427 1658 1480 τοῦ
1700 1430 1876 1498 μάννα

302 1507 436 1578 χολὴ
469 1508 549 1578 τῷ
588 1513 830 1582 μεγίστῳ
860 1512 1018 1583 ἡμῶν
1046 1513 1282 1588 δεσπότῃ
1312 1517 1568 1590 ἀλλαγμά
1617 1537 1745 1575 ποτε
1785 1517 1872 1591 ἦν.

300 1598 511 1653 Είπατε
531 1601 686 1669 γοῦν,
702 1604 751 1656 εί
776 1603 914 1672 μετά
931 1604 1029 1676 τὴν
1045 1605 1300 1678 τοιαύτην
1323 1609 1485 1680 χολὴν
1515 1612 1760 1676 εἰσαῦθις
1786 1614 1876 1685 ιρ-

296 1690 468 1762 ρέχθη
509 1695 585 1762 (2)
622 1695 801 1764 μάννα
831 1699 963 1764 τοῖς,
993 1699 1067 1763 ὡς
1095 1699 1160 1754 ἂν
1217 1701 1364 1755 είποι
1395 1719 1494 1766 τις,
1552 1705 1876 1774 ἐγκρασιχό-

1988 529 2132 584 mur,
2168 519 2285 575 sive
2315 523 2460 577 aliud
2507 527 2630 596 quid
2667 543 2734 583 ex
2785 531 3052 585 cbaritate
3087 533 3172 587 vel
3211 534 3558 588 concinentia

1987 605 2238 677 facimus,
2293 629 2323 666 e
2360 620 2640 673 contrario
2688 621 3031 690 disponatur,
3089 634 3347 695 tanquam
3381 641 3444 679 ex
3473 626 3558 678 in-

1989 697 2226 756 dustria.
2261 703 2450 759 Haereo
2483 722 2708 764 cunctas
2744 714 2956 780 aperire
2992 717 3174 770 cordis
3219 715 3434 784 januas,
3466 718 3556 771 in-

1983 789 2152 845 sidias
2205 793 2422 851 timens.
2471 798 2555 853 Ab
2601 801 2938 871 ingenuitate
2978 820 3144 862 caveo
3171 818 3394 877 propter
3441 817 3556 863 tor-

1987 889 2194 941 tuosos.
2227 886 2345 943 Non
2380 889 2554 946 audeo
2586 894 2790 948 vultum
2821 897 3027 952 nudare
3065 907 3286 968 promer
3315 899 3552 967 aliquam

1981 987 2204 1046 vespam
2247 993 2339 1035 ant
2387 986 2734 1052 crabronem,
2786 987 2869 1041 vel
2900 989 3070 1058 ipsam
3111 1005 3286 1059 apem,
3334 990 3401 1044 de
3445 1005 3554 1045 cte-

1985 1074 2101 1121 tero
2131 1071 2350 1137 quidem
2400 1074 2637 1141 dulcem,
2671 1077 2764 1132 sed
2795 1080 2988 1134 aculeo
3027 1089 3376 1148 pungentem.
3416 1079 3556 1134 Sub-

1985 1160 2141 1214 trabo
2175 1178 2384 1230 niauns,
2413 1183 2535 1221 cum
2575 1169 2780 1225 strictae
2819 1171 3151 1227 lacerantur.
3185 1171 3285 1227 Mel
3335 1188 3554 1242 (pioque

1983 1249 2260 1305 abscondo
2316 1254 2386 1308 ob
2421 1273 2636 1313 muscas
2673 1261 2987 1316 insidiosas.
3029 1261 3142 1316 Non
3194 1273 3555 1331 praemonstro

1983 1340 2350 1410 dulcedinem,
2385 1361 2451 1400 eo
2485 1350 2626 1418 quod
2655 1362 2739 1406 est
2789 1367 2973 1406 amara
3007 1353 3313 1408 retributio.
3364 1353 3425 1406 Et
3461 1355 3556 1408 ha-

1985 1435 2074 1488 bet
2124 1437 2224 1490 hoc
2286 1448 2417 1506 puto
2488 1445 2778 1510 quamdam
2845 1446 3158 1501 rationem:
3194 1461 3292 1515 pro
3360 1460 3556 1500 manna

1985 1527 2108 1581 bilis
2171 1534 2407 1586 maximo
2468 1545 2657 1590 nostro
2716 1536 2944 1593 Domino
3000 1538 3100 1593 run
3164 1519 3294 1593 olim
3353 1538 3553 1593 oblata.

1987 1619 2158 1675 Dicite
2184 1637 2316 1690 ergo
2344 1640 2410 1678 an
2452 1637 2574 1695 post
2625 1629 2934 1697 lmjnsmodi
3006 1631 3171 1687 bilem
3209 1631 3384 1701 adhuc
3416 1632 3558 1694 istis.

1985 1718 2043 1763 ut
2100 1711 2174 1764 ita
2240 1713 2444 1779 dicant,
2499 1717 2727 1782 biliosis,
2791 1719 2988 1788 pluerit
3051 1736 3266 1774 manna.
3320 1721 3426 1773 Sed
3459 1721 3560 1773 hoc

295 1785 409 1847 λοις
436 1787 666 1852 ἐκείνοις
695 1805 711 1855 ;
749 1789 895 1845 Ἀλλ’
920 1791 1023 1845 οὐκ
1050 1792 1116 1846 ἂν
1141 1791 1266 1846 οὔτε
1296 1795 1428 1848 αὐτὸ
1463 1797 1638 1850 είπεῖν
1676 1797 1872 1868 ἔχοιτε.

1986 1801 2164 1856 dicere
2223 1819 2331 1858 non
2369 1808 2620 1872 possetis,
2680 1826 2782 1864 nec
2838 1825 3086 1865 asserere
3133 1810 3564 1880 blasphemando

294 1877 404 1931 οὐδ’
453 1877 525 1932 ἂν
590 1883 946 1950 μνησικακεῖν
998 1883 1404 1956 βλασφημοίητε
1431 1887 1523 1940 τὸν
1560 1887 1711 1953 Θεὸν,
1730 1892 1878 1944 ἐπει-

295 1969 362 2040 δὴ
391 1973 474 2034 είς
503 1972 726 2045 διαρκὲς
757 1976 817 2028 οὐ
859 1977 1410 2047 μαννοδοτεῖ.”Απαγε
1438 1980 1538 2050 τῆς
1562 1983 1832 2052 ἁμαρτίας
1860 1985 1874 2037 l

303 2062 562 2116 Μάλιστα
619 2065 718 2128 μέν
749 2062 844 2122 οῦν
891 2069 1236 2140 ἐννοήσεσθε,
1275 2072 1350 2136 ὡς
1376 2074 1538 2136 αὐτὸς
1597 2076 1698 2145 μὲν
1737 2073 1876 2131 οἶδεν

305 2150 554 2215 ἐκείνους
604 2156 811 2219 κακοὺς
842 2159 1106 2229 μένοντας
1130 2176 1144 2192 ο
1183 2163 1232 2214 οί
1283 2163 1342 2217 δέ
1381 2165 1482 2218 οὐκ
1535 2165 1876 2223 ἀλλοιοῦνται

299 2242 380 2306 είς
406 2243 470 2296 τὸ
502 2245 846 2319 δεξιώτερον.
909 2252 1224 2307 namss"
1273 2256 1330 2307 ἐν
1361 2257 1662 2329 μετεώροις
1719 2260 1818 2329 μὲν
1847 2263 1877 2315 6

299 2333 414 2388 τῶν
449 2335 704 2404 ἀγγέλων
728 2340 894 2410 άρτος
924 2345 1333 2412 κειμηλιοῦται,
1388 2342 1470 2411 οἷς
1497 2350 1526 2401 6
1560 2352 1738 2413 κοινὸς
1765 2353 1874 2406 τῶν

298 2422 528 2490 ἀγαθῶν
559 2427 763 2497 ταμίας
784 2432 1078 2504 ἐπιμετρεῖ
1107 2436 1272 2494 αὐτόν
1299 2453 1312 2468 ³
1351 2439 1400 2492 οί
1431 2439 1490 2492 δὲ
1523 2442 1656 2512 πρὶν
1678 2441 1746 2496 δι’
1775 2445 1874 2496 a6-

292 2514 392 2568 τοῦ
422 2520 804 2590 τρυφήσαντες
820 2525 1073 2579 πεινῶσιν
1099 2527 1376 2592 ἐπιεικῶς.

318 2658 428 2723 _v'.
499 2654 813 2727 Ἐπάγομαι
866 2660 1137 2716 πυθέσθαι
1191 2665 1321 2737 περὶ
1373 2666 1466 2720 τοῦ
1525 2667 1874 2740 Ἰσκαριώτου

297 2744 570 2815 μαθητοῦ,
610 2748 722 2802 εἴτε
757 2751 1050 2818 σέσωσται,
1111 2756 1222 2809 εἴτε
1263 2759 1359 2812 καὶ
1423 2759 1542 2829 μή;
1604 2763 1715 2815 Kal
1773 2764 1874 2834 ἢδη

291 2837 437 2890 δοκῶ
463 2838 684 2895 ἀκούειν
710 2842 1098 2917 ὐπηχουμένην
1159 2849 1458 2919 ἀπόφασιν,
1493 2851 1569 2916 ὡς
1595 2852 1656 2906 οὐ
1699 2854 1873 2908 σέσωο

299 2942 426 2978 σται
451 2926 480 2978 6
520 2929 828 3002 ἄνθρωπος.
865 2936 973 2988 Kal
1001 2937 1213 3007 ἐπάγω,
1267 2941 1380 3004 πῶς
1409 2942 1470 3012 δή
1518 2960 1645 2996 ποτε
1674 2944 1872 3012 τοῦτο;

296 3018 407 3069 Kal
434 3019 543 3090 μὴν
567 3025 869 3094 μεταμέλου
903 3027 1126 3100 κέντρον
1155 3031 1322 3085 ὑπέδυ
1349 3035 1578 3099 ἐκεῖνον,
1606 3038 1699 3090 καὶ⁴
1731 3055 1874 3091 κατ-

1983 1893 2108 1946 mali
2151 1897 2462 1952 meminisse
2495 1899 2686 1964 Deum,
2719 1917 2786 1954 eo
2834 1905 2977 1971 quod
3028 1918 3221 1956 manna
3277 1903 3408 1956 dare
3449 1917 3556 1956 non

1982 1992 2444 2054 perseveraverit.
2477 1993 2635 2048 Absit
2663 1995 2766 2048 boc
2810 1999 3126 2066 peccatum!
3165 1995 3398 2050 Maxime
3437 1994 3561 2065 qui-

1979 2081 2100 2135 dem
2139 2083 2304 2150 igitur
2337 2085 2590 2155 cogitate,
2643 2090 2788 2156 quod
2846 2089 2964 2158 ipse
3029 2090 3244 2142 noverit
3294 2087 3417 2142 illos
3444 2102 3561 2140 ma-

1981 2187 2112 2229 nere
2160 2178 2367 2242 malos;
2409 2179 2495 2232 isti
2527 2195 2656 2234 vero
2690 2197 2793 2234 non
2847 2183 3196 2236 imitabantur
3238 2181 3291 2235 in
3342 2181 3555 2234 melius.

1981 2264 2121 2318 Hinc
2145 2265 2197 2318 in
2225 2267 2430 2323 mtbere
2455 2270 2673 2338 quidem
2707 2273 2860 2340 panis
2882 2273 3196 2341 angelorum
3223 2269 3555 2331 reconditur.

1979 2357 2183 2426 quibus
2205 2372 2327 2411 eum
2356 2363 2665 2416 communis
2713 2363 2978 2416 bonorum
3003 2362 3320 2416 distributor
3336 2361 3486 2416 addit
3503 2361 3555 2414 in

1980 2465 2236 2506 mensura
2282 2470 2296 2507 :
2335 2455 2427 2521 qui
2459 2454 2612 2522 prius
2651 2463 2836 2509 autem
2883 2470 2950 2509 ex
2981 2471 3047 2510 eo
3095 2455 3395 2525 carpebant
3422 2453 3561 2508 deli-

1985 2545 2125 2612 cias,
2165 2547 2560 2601 convenienter
2599 2557 2782 2618 egent.

2051 2678 2142 2733 50.
2185 2681 2443 2735 Adducor
2482 2682 2548 2736 ad
2589 2684 3039 2754 interrogandum
3070 2687 3135 2740 de
3167 2686 3426 2741 lscariota
3473 2687 3556 2741 di-

1979 2771 2212 2839 scipulo,
2251 2787 2319 2826 an
2370 2773 2556 2827 salvus
2608 2775 2700 2840 sit,
2733 2791 2936 2831 annon.
2971 2777 3035 2830 Et
3065 2779 3174 2847 jam
3211 2779 3397 2833 audire
3425 2790 3556 2847 puto

1978 2864 2419 2920 submurmurari
2455 2867 2887 2922 declarationem
2930 2870 3072 2939 quod
3107 2885 3216 2923 non
3260 2870 3451 2925 salvus
3482 2871 3555 2924 sit

1978 2958 2068 3013 hic
2095 2959 2282 3014 homo.
2323 2957 2389 3014 Et
2423 2959 2564 3016 addo
2597 2978 2612 3015 :
2653 2963 2928 3032 quomodo
2982 2963 3196 3018 tandem
3224 2964 3424 3017 factum
3469 2971 3555 3018 est

1980 3051 2164 3106 istud?
2209 3052 2464 3108 Attamen
2508 3054 2840 3123 pmuitentiae
2885 3053 3140 3108 stimulus
3187 3053 3353 3108 subiit
3401 3053 3550 3107 illum

293 3110 475 3217 ἐνυξε,
531 3116 625 3168 καὶ
655 3115 716 3188 δὴ
781 3121 873 3175 καὶ
925 3121 1200 3192 ἐποίησεν.
1256 3125 1356 3178 ὅσα
1409 3127 1667 3200 διέκρινε,
1701 3132 1875 3200 τυφλά

1986 3157 2039 3208 et
2061 3147 2310 3217 pupugit,
2344 3156 2398 3200 et
2426 3110 2576 3202 certe
2607 3146 2697 3200 ille
2732 3147 2860 3201 fecit
2885 3161 3004 3216 quae
3035 3143 3378 3214 diiudicavit,
3406 3160 3550 3198 caeca

299 3201 404 3270 μὲν
433 3207 527 3258 καὶ
560 3207 832 3279 ὡδινήσας
863 3215 958 3266 καὶ
986 3216 1276 3271 ἀποτεκὼν
1309 3219 1538 3285 ἐκεῖνος,
1567 3222 1626 3273 οὐ
1682 3223 1868 3277 τέλεον

293 3294 376 3355 δὲ.
411 3297 564 3365 ὅμως
601 3299 798 3368 ἄγονος
852 3304 1122 3373 ἀπεκὸὰς,
1175 3308 1254 3370 ὡς
1290 3309 1366 3381 μὴ
1395 3313 1496 3365 οὐκ
1527 3313 1867 3378 ἐνδείξασθαι

294 3387 646 3456 κατάγνωσιν
675 3389 1086 3464 ἁμαρτάνοντος
1122 3400 1288 3465 αὐτὸς
1326 3402 1545 3457 ἐαυτοῦ.
1578 3405 1644 3457 Τί
1683 3405 1746 3475 δὴ
1773 3405 1868 3460 οῦν

293 3481 322 3532 6
352 3480 412 3532 τὸ
441 3483 854 3555 γλωσσόκομον,
886 3489 915 3541 6
969 3491 1064 3542 καὶ
1089 3492 1252 3559 αὐτὸς
1288 3494 1450 3564 λογάς
1485 3499 1543 3551 ἐν
1574 3497 1868 3570 μαθηταῖς,

301 3576 788 3645 παρακέκρουσται
819 3582 896 3645 είς
930 3583 1230 3649 ἀπώλειαν,
1283 3587 1380 3640 καὶ
1429 3589 1598 3642 ἐθέλει
1629 3591 1870 3661 ἐλέγχειν

292 3664 391 3716 τὸν
438 3666 574 3720 Θεὸν
598 3669 673 3732 ὡς
703 3671 794 3724 ἐπὶ
826 3674 1011 3748 ἀμύνῃ
1039 3693 1055 3741 ;
1105 3677 1246 3730 Ἀλλ’
1282 3679 1390 3732 ίδού
1433 3698 1498 3750 με
1530 3682 1625 3736 καὶ
1655 3683 1744 3738 τὸν
1772 3685 1870 3753 τῆς

296 3757 535 3825 ἀπορίας
563 3760 768 3828 ταύτης
792 3763 991 3835 δεσμὸν
1015 3768 1172 3822 αὐτοὶ
1210 3770 1518 3826 ἐπιλύεσθε.
1550 3773 1690 3826 Φατέ
1734 3775 1868 3845 γὰρ,

296 3848 379 3906 ὡς
427 3848 656 3914 δεόντως
686 3855 894 3917 ἐκεῖνος
915 3859 944 3910 6
973 3858 1279 3930 ἐρωτήσας,
1313 3862 1475 3933 εῐπερ
1503 3863 1667 3927 αὐτός
1723 3865 1873 3917 ἐστιν

293 3941 324 3990 6
355 3944 684 4012 παραδιδοὺς
739 3948 832 4000 τὸν
875 3949 1216 4016 διδάσκαλον,
1249 3955 1344 4007 καὶ
1379 3953 1618 4020 ἀκούσας
1664 3958 1746 4025 τὸ,
1799 3959 1871 4013 Σὺ

299 4027 494 4099 εἴπας,
520 4037 614 4090 καὶ
663 4037 804 4092 οῦτω
853 4044 1244 4113 καταμηνύσας
1261 4047 1456 4101 ἐαυτοῦ
1480 4048 1540 4101 τὸ
1556 4049 1749 4116 δεινὸν,
1780 4053 1875 4106 καὶ

299 4129 459 4197 ὅμως
495 4130 568 4200 μὴ
609 4135 934 4203 μεταγνοὺς,
970 4136 1106 4191 ἀλλά
1140 4140 1234 4191 καὶ
1262 4139 1496 4210 φιλήσας
1526 4141 1588 4194 τὸ
1620 4145 1872 4212 μισητὸν,

299 4223 502 4288 ἄγονος
535 4222 752 4292 ἔμεινεν
793 4227 994 4297 ἀρετῆς
1027 4231 1118 4282 καὶ
1140 4231 1357 4302 δένδρον
1384 4233 1674 4304 ἀπεφάνθη
1725 4235 1877 4306 εὐερ-

298 4312 396 4374 νὶς
433 4313 534 4380 μὲν
584 4315 782 4379 ἄλλως,
842 4320 937 4372 καὶ
988 4314 1100 4374 οἷον
1136 4322 1572 4390 ἐπαγγέλλεσθαι
1625 4328 1877 4398 καρποὺς

297 4405 570 4471 εὐγενεῖς,
624 4408 1058 4481 ἀτελεσφόρητον
1107 4413 1165 4466 δὲ
1202 4413 1423 4482 ἀληθῶς
1475 4415 1557 4479 είς
1613 4417 1876 4489 εὐφορίαν

1977 3241 2193 3310 quidem
2224 3243 2534 3310 parturiens
2564 3249 2617 3295 et
2648 3240 2890 3309 pariens,
2932 3256 3039 3294 non
3068 3249 3248 3294 autem
3287 3237 3549 3308 perfecte,

1979 3347 2205 3386 manens
2237 3341 2420 3391 tamen
2452 3331 2676 3397 sterilis,
2701 3333 2772 3384 ita
2806 3339 2866 3385 ut
2926 3332 3043 3400 ipse
3087 3345 3194 3384 non
3235 3330 3550 3384 ostenderet

1975 3423 2060 3478 sui
2088 3423 2258 3495 ipsius
2291 3423 2596 3492 peccatoris
2623 3423 3156 3479 condemnationem.
3185 3422 3323 3488 Quid
3356 3420 3551 3491 igitur?

1978 3515 2372 3582 tbesanrarius;
2401 3519 2492 3585 qui
2527 3525 2583 3570 ει
2607 3514 2726 3581 ipse
2774 3514 2984 3569 electus
3033 3523 3155 3568 erat
3212 3514 3354 3566 inter
3384 3513 3550 3566 disci-

1977 3610 2153 3678 pulos,
2183 3610 2458 3679 projectus
2495 3616 2582 3661 est
2621 3607 2676 3660 in
2715 3607 3099 3675 perditionem,
3134 3613 3189 3658 et
3238 3605 3404 3662 Deum
3461 3619 3552 3658 ar-

1978 3715 2141 3772 guere
2193 3702 2261 3756 de
2306 3698 2669 3754 vindicatione
2711 3696 3034 3785 praesumit?
3064 3697 3131 3750 At
3165 3709 3291 3750 ecce
3347 3695 3549 3749 nodum

1980 3793 2144 3863 hujus
2198 3792 2533 3848 dillienltatis
2564 3791 2665 3859 ipsi
2701 3792 2835 3844 mihi
2869 3790 3103 3844 solvitis.
3143 3789 3332 3843 Dicitis
3398 3789 3548 3843 enim

1981 3879 2198 3942 merito,
2235 3882 2380 3949 quod
2410 3878 2498 3933 ille
2533 3879 2626 3948 qui
2673 3879 3054 3949 interrogavit,
3082 3880 3126 3933 si
3173 3878 3391 3948 quidem
3437 3881 3554 3944 ipse

1978 3978 2122 4024 esset
2151 3969 2242 4038 qui
2280 3970 2518 4022 traderet
2554 3969 2892 4036 magistrum,
2915 3979 2968 4024 et
3014 3968 3222 4022 audivit
3252 3967 3382 4022 illud
3415 3983 3432 4023 :
3467 3967 3548 4022 Tu

1980 4061 2200 4126 dixisti;
2253 4068 2309 4115 et
2373 4060 2456 4114 sic
2503 4059 2879 4114 manifestavit
2946 4075 3097 4114 suam
3152 4059 3458 4125 perﬁdiam,
3500 4067 3557 4112 et.

1984 4161 2164 4206 tamen
2196 4165 2303 4206 non
2328 4151 2562 4204 mutavit
2581 4151 2927 4211 sententiam,
2961 4149 3054 4206 sed
3079 4149 3240 4203 etiam
3267 4148 3412 4217 quod
3438 4158 3557 4202 erat

1982 4246 2366 4301 detestandum
2405 4246 2630 4310 amavit,
2668 4243 2885 4299 virtutis
2928 4243 3130 4298 Sterilis
3158 4244 3377 4308 mansit,
3403 4241 3556 4308 fuit-

1985 4352 2090 4408 que
2139 4334 2522 4391 manifestatus
2552 4345 2611 4388 ut
2658 4333 2832 4420 arbor.
2874 4332 3094 4387 aliunde
3137 4333 3355 4403 quidem
3420 4331 3558 4385 bene

1986 4442 2158 4497 creta,
2197 4447 2263 4486 ac
2301 4432 2427 4486 talis
2455 4445 2577 4500 quae
2609 4430 2787 4484 bonos
2832 4427 3157 4496 polliceatur
3195 4425 3424 4490 fructus,
3459 4423 3556 4477 sed

299 4491 405 4546 καὶ
433 4491 618 4562 eam;
647 4496 866 4564 ἐπάξιον
893 4501 987 4553 καὶ
1014 4501 1323 4574 καταϐολῆς
1351 4505 1432 4568 είς
1460 4502 1573 4576 πῦρ
1605 4505 1703 4559 καὶ
1735 4506 1875 4562 καῦ-

1986 4535 2094 4575 non
2130 4491 2419 4574 maturans
2468 4491 2534 4572 ad
2590 4515 3102 4576 lruetilicationem,
3134 4521 3191 4567 et
3239 4513 3404 4582 digna
3439 4526 3558 4579 quae

299 4601 419 4640 σιν.

378 4785 486 4844 νσ⁹.
505 4789 567 4844 El
589 4790 645 4846 δέ
677 4807 763 4854 τις
788 4791 923 4862 πρὸς
944 4793 1118 4847 ταῦτα
1145 4795 1360 4865 εὐφυῶς
1380 4796 1751 4870 ἀνθυποφέρει
1776 4801 1836 4854 τό
1863 4817 1878 4834 ο

315 4879 467 4932 Ἀλλ’
510 4880 694 4950 ἡμεῖς,
714 4880 763 4932 εί
790 4881 883 4934 καί
901 4899 956 4935 τι
975 4885 1139 4952 τυχὸν
1166 4885 1425 4954 φορτικὸν
1448 4887 1679 4958 προέση,
1696 4889 1771 4951 ὡς
1787 4891 1882 4944 αὐ·

298 4974 402 5033 τὸς
424 4971 549 5037 οῖει,
575 4971 1024 5044 ἐκθεραπεύομεν
1050 4977 1227 5030 ἐκεῖνο
1256 4981 1470 5044 τιμαῖς,
1500 4984 1884 5050 προπομπαῖς,

299 5062 568 5133 κεφαλῶν
589 5065 823 5132 κλίσεσι,
857 5069 1114 5136 χρηστοῖς
1139 5071 1354 5140 προσρή
1365 5088 1520 5139 μασι,
1552 5071 1620 5126 δι’
1647 5065 1723 5126 ὧν
1752 5074 1888 5128 πάν-

300 5175 422 5211 των
481 5156 636 5225 φιλία
694 5157 1202 5230 χαρακτηρίζεται,
1253 5163 1451 5217 οὐκοῦν
1541 5166 1883 5235 μνησικάκου

303 5248 670 5319 ἀποτέλεσμα
699 5251 774 5317 μὴ
809 5250 947 5321 πρὸς
977 5252 1112 5322 ἡμῖν
1149 5251 1224 5315 ὡς
1258 5254 1352 5306 καὶ
1380 5255 1550 5308 πάλαι
1574 5257 1768 5327 εἰκαίῳ
1801 5274 1884 5310 σοι

300 5342 404 5395 τὸν
452 5341 580 5395 νοῦν
601 5358 615 5374 ο
662 5343 824 5412 ἡμεῖς
881 5343 1018 5413 πρὸς
1048 5341 1148 5412 μὲν
1179 5344 1239 5396 τὸ
1267 5344 1428 5412 δῆθεν
1458 5347 1884 5416 παραγραφικδν

302 5434 390 5488 τὸο
437 5451 456 5485 ι
486 5433 541 5485 εἴ
566 5434 620 5486 τί
648 5450 754 5488 που
789 5437 885 5488 καὶ
911 5435 1221 5489 τετέλεσται
1257 5436 1514 5507 φορτικὸν
1537 5437 1658 5490 καθ’
1680 5436 1883 5507 ἡμετέ-

306 5540 419 5596 ραν
460 5523 705 5595 δόκησιν,
742 5544 762 5577 ι
794 5525 918 5579 οὔτε
975 5528 1130 5582 αὐτοὶ
1167 5527 1224 5590 ἐς
1255 5526 1491 5594 πέλαγος
1548 5528 1880 5594 ἀποδείξεως

392 5745 472 5810 (ι)
511 5745 834 5822 Ἀνθρήνην.

1985 4612 2167 4668 securi
2235 4625 2495 4682 percussa
2545 4607 2865 4679 projiciatur
2915 4605 2971 4658 in
3021 4603 3196 4672 ignem
3231 4603 3287 4656 in
3332 4605 3562 4656 combu-

1982 4703 2237 4756 stionem.

2058 4809 2148 4862 5l.
2195 4807 2254 4861 Si
2298 4807 2422 4876 quis
2463 4812 2646 4860 autem
2701 4810 2892 4871 postea
2942 4797 3266 4854 naturaliter
3325 4797 3560 4868 objicit:

1987 4897 2092 4951 Sed
2155 4910 2278 4956 nos,
2310 4893 2356 4947 si
2406 4890 2537 4961 quid
2592 4887 2803 4943 molesti
2835 4926 2850 4949 .
2895 4887 3039 4942 sicut
3073 4886 3189 4954 ipse
3227 4892 3407 4955 putas,
3441 4885 3563 4940 illa-

1993 4995 2108 5039 tum
2147 4991 2252 5049 est,
2291 4979 2424 5035 illud
2460 4977 2782 5039 honoribus,
2815 4974 3190 5038 comitatibus,
3237 4973 3433 5043 capitis
3481 4976 3562 5028 in-

1991 5073 2404 5135 clinationibus,
2437 5068 2622 5138 probis
2646 5066 3093 5131 salutationibus,
3125 5064 3323 5134 quibus
3348 5066 3562 5121 cunctis

1993 5158 2232 5213 amicitia
2261 5157 2527 5224 signatur,
2559 5152 2871 5207 curavimus
2903 5167 2918 5205 :
2955 5165 3086 5219 ergo
3115 5151 3241 5204 mali
3285 5152 3562 5206 memoriae

1989 5245 2383 5315 consequentia
2429 5253 2536 5310 est,
2589 5243 2736 5313 quod
2781 5257 2908 5312 erga
2961 5256 3059 5296 nos
3098 5241 3241 5296 sicut
3286 5242 3419 5297 olim
3466 5243 3563 5297 tibi

1992 5353 2098 5392 non
2151 5338 2222 5392 sit
2268 5336 2510 5403 animus;
2562 5349 2660 5390 nos
2701 5335 2932 5406 ,quidem
2979 5334 3134 5404 juxta
3191 5334 3563 5404 praescriptum

1994 5433 2098 5484 hoc
2132 5447 2146 5483 :
2183 5427 2239 5484 Si
2270 5429 2416 5498 ‘qu'rd
2473 5427 2683 5504 molesti
2735 5429 2892 5498 juxta
2961 5435 3200 5482 nostram
3251 5425 3562 5494 opinionem

1995 5531 2364 5593 perpetratum
2406 5530 2512 5588 est,
2565 5536 2668 5577 nec
2732 5520 2833 5591 ipsi
2858 5521 2912 5574 in
2953 5519 3283 5590 profundum
3339 5517 3562 5569 demon-

2067 5745 2142 5817 ιε)
2187 5743 2477 5815 Ἐερέχθη.
