3968 6244
390 325 495 390 451

1106 332 1154 390 Ε
1165 330 1459 391 US'I‘A‘TII
1470 331 1525 389 ll
1557 330 1844 392 THESSA
1856 332 2305 395 LONICENSIS
2346 334 2552 394 METR
2564 335 2905 397 OPOLl'i‘t‘E

3543 331 3649 393 452

404 440 661 495 tratiunis
694 457 882 498 sumus
912 441 1175 508 demersi,
1211 459 1309 496 nec
1336 458 1434 498 vos
1457 446 1523 497 ad
1557 444 1714 499 talem
1746 445 1967 499 dillicul-

2073 445 2515 516 ὲκκυϐιστῶμεν,
2569 446 2693 501 οὔτε
2758 448 2907 519 ὑμᾶς
2958 447 3016 510 ἐς
3053 442 3315 510 τοιαύτην
3379 442 3648 515 ὲργωδίαν

398 537 567 584 tatem
599 531 736 586 tradi
757 533 1112 587 concedimus
1133 549 1149 599 ;
1173 534 1355 603 jaceat
1389 545 1568 591 autem
1601 548 1708 601 res,
1730 546 1789 590 ut
1812 535 1971 589 antibo

396 623 672 689 nat-imus,
690 639 810 693 ego,
854 623 1097 693 inquam,
1135 636 1193 680 et
1246 641 1362 688 vos,
1394 627 1474 682 vel
1526 638 1584 681 ut
1639 628 1970 682 arbitramur

398 712 509 780 Ego
567 731 696 770 vero
741 732 1065 788 comparans
1112 732 1233 771 cum
1289 718 1492 773 vesuis
1525 732 1618 773 eas
1670 733 1790 788 quae
1841 728 1971 773 sunt

396 820 572 871 usque
611 822 757 860 nunc
809 823 876 862 ex
910 824 994 862 me
1028 810 1444 874 retributiones,
1486 810 1765 880 interrogo
1793 826 1807 864 :
1838 810 1969 879 quid

396 911 499 964 ego
524 899 659 951 meis
678 900 981 966 annalibus
1012 901 1390 956 cedo?Nonne
1423 903 1696 957 circuiens
1720 904 1967 971 amplexu

401 988 546 1040 velut
600 990 652 1041 in
693 992 892 1046 servile
923 992 1199 1046 vinculum
1238 1008 1433 1049 manus
1487 1009 1653 1061 super
1684 1006 1781 1048 vos
1834 1008 1967 1047 cono

395 1077 604 1145 jungo?
646 1079 836 1133 Nonne
875 1092 1042 1147 caput
1066 1092 1122 1135 et
1144 1084 1418 1137 cervicem
1450 1084 1751 1137 submitto?
1777 1082 1972 1138 Nonne

398 1168 633 1224 duit-iter
662 1172 956 1240 alloquor?
987 1171 1178 1227 Nonne
1206 1175 1370 1228 rectis
1401 1173 1656 1239 precibus
1694 1188 1846 1227 meos
1877 1174 1970 1226 ob-

394 1260 558 1328 signo
600 1265 920 1319 sermones?
953 1265 1093 1331 Quid
1136 1267 1300 1334 igitur
1360 1274 1577 1337 oportet
1623 1267 1855 1334 amplius
1902 1281 1969 1320 ex

398 1365 484 1405 me
517 1356 582 1407 ad
616 1357 1065 1413 retributionem?
1095 1358 1150 1413 Si
1185 1376 1335 1424 vero,
1374 1362 1629 1429 quoniam
1664 1373 1771 1412 non
1802 1360 1970 1427 lpum-

394 1449 594 1515 paticis
623 1450 927 1517 gaudemus
964 1451 1341 1512 comitatibus.
1380 1450 1740 1519 triumphales
1773 1460 1966 1517 grava-

398 1552 542 1600 mus,
582 1522 1052 1605 mibi'opportune
1080 1540 1397 1607 dicendum,
1422 1542 1565 1609 quod
1596 1555 1626 1593 a
1657 1547 1806 1594 tanto
1835 1547 1969 1592 tem-

402 1645 532 1697 pore
568 1645 688 1684 sum
737 1631 878 1699 apud
914 1648 1030 1699 vos,
1062 1640 1116 1686 et
1172 1635 1413 1687 nondum
1471 1649 1558 1688 me
1611 1633 1967 1702 cognoscitis.

409 1720 518 1773 Von
565 1723 928 1777 recordamini
964 1725 1245 1793 quomodo
1284 1725 1494 1779 centies
1531 1725 1796 1779 adversus
1833 1726 1967 1778 istos

402 1813 704 1867 honoribus
744 1816 1088 1871 insanientes
1123 1815 1569 1870 declamaverint.
1602 1814 1719 1868 Non
1751 1814 1959 1883 recogi-
1991 1808 2038 1869 B

398 1903 528 1957 tatis
582 1919 923 1973 quaecunque
972 1920 1118 1975 saepe
1147 1906 1453 1961 collocutus
1486 1909 1590 1961 sim
1648 1906 1714 1960 ad
1749 1905 1970 1960 audito-

402 1993 577 2058 rium;
612 1993 664 2047 iu
696 1997 898 2063 quibus
927 1995 1116 2060 etiam,
1150 1996 1294 2065 quod
1327 1995 1528 2050 frustra
1565 1995 1766 2062 gaudet
1809 2011 1968 2064 pom-

396 2084 596 2151 paticis
675 2086 1067 2156 progressibus
1132 2088 1220 2141 ille
1284 2088 1374 2156 qui
1443 2097 1661 2156 reputat
1722 2087 1967 2142 ultimam

392 2178 854 2245 propositionem,
911 2179 965 2233 in
1013 2195 1146 2247 qua,
1197 2180 1245 2234 si
1289 2178 1431 2234 forte
1474 2179 1771 2249 contigerit
1823 2194 1968 2243 eam,

396 2281 566 2335 super
610 2267 799 2322 lethali
834 2268 1034 2324 feretro
1068 2270 1611 2336 sublimiselcvatus,
1646 2286 1754 2323 non
1804 2270 1971 2324 sentit

394 2360 599 2428 quibus
637 2361 941 2425 exaltatur,
988 2369 1046 2415 et
1094 2360 1237 2415 forte
1279 2363 1626 2432 immergitur
1661 2361 1765 2415 sub
1798 2362 1971 2429 pluri-

397 2468 611 2506 morum
650 2453 887 2521 injuriis,
918 2453 1119 2522 quibus
1146 2455 1290 2517 licet,
1315 2455 1380 2508 ad
1410 2453 1737 2509 mortualem
1767 2455 1968 2514 lectum

400 2545 989 2614 appropinquantibus,
1047 2546 1100 2599 in
1137 2546 1413 2599 maxillam
1433 2545 1648 2600 cadere
1672 2546 1967 2615 iacentem,

342 2632 347 2637 ’
401 2650 699 2705 nasumque
730 2634 916 2703 digitis
952 2636 1221 2705 injuriose
1263 2636 1487 2691 turbare
1526 2653 1589 2689 ac
1638 2637 1819 2690 forsan
1851 2650 1967 2688 ma-

394 2722 581 2780 litiose
625 2727 988 2793 proculcare:
1020 2724 1203 2796 qualia
1256 2727 1422 2779 tnulta
1479 2724 1728 2779 novimus
1759 2725 1826 2778 de
1860 2740 1971 2778 scc-

396 2816 571 2885 lestis,
608 2818 724 2887 qui,
762 2817 843 2871 vel
910 2824 1031 2886 post
1080 2828 1338 2881 mortem,
1402 2832 1620 2885 gravem
1664 2815 1968 2870 nutrientcs

398 2909 877 2978 inveteratamque'
901 2908 1059 2972 iram,
1112 2924 1216 2962 non
1275 2908 1603 2962 crubcscunt
1652 2920 1851 2958 vanum
1890 2904 1966 2959 la-

400 3012 617 3054 cessere
649 2999 946 3066 pulverem.

470 3087 560 3142 52.
593 3088 692 3153 Qui
728 3089 859 3142 tales
893 3088 1054 3158 igitur
1078 3088 1431 3158 cogitationes
1482 3088 1535 3141 iu
1577 3097 1758 3142 mente
1784 3086 1965 3142 revol-

400 3179 478 3233 vit
534 3177 781 3251 (revolvit
816 3187 991 3231 autem
1049 3154 1178 3233 sane
1232 3180 1323 3249 qui
1385 3178 1620 3248 scipsum
1687 3149 2039 3232 mortalemc

398 3272 663 3336 agnoscit,
697 3285 874 3339 neque
937 3269 1076 3324 ultra
1114 3270 1388 3324 hominem
1423 3268 1622 3323 sentire
1647 3253 1967 3337 praesumit),

398 3371 609 3430 quanto
631 3377 752 3417 cum
779 3358 978 3431 gaudio
997 3363 1270 3431 acciperet
1302 3359 1637 3414 bonorificos
1669 3359 1973 3427 triumphos

397 3455 692 3524 gloriaeque
744 3455 945 3521 larvas,
977 3456 1041 3507 ad
1099 3453 1371 3509 modicum
1419 3461 1628 3523 tempus
1682 3454 1736 3507 iu
1771 3453 1971 3506 idolum

395 3558 631 3612 erectas,
655 3556 708 3602 et
724 3562 935 3600 rursum
962 3546 1190 3604 solutas.
1223 3559 1282 3600 ut
1308 3560 1375 3599 ne
1403 3546 1593 3600 umbra
1616 3545 1835 3612 quidem
1855 3546 1974 3598 sine

398 3639 701 3693 substantia
754 3638 1071 3692 remaneat?
1148 3637 1261 3707 Ego
1314 3652 1444 3692 vero
1500 3652 1728 3707 prorsus
1774 3636 1967 3704 hujus-

409 3728 552 3783 ntodi
586 3727 923 3782 turbulentas
944 3730 1194 3787 detestor
1219 3728 1634 3791 ostentationes,
1673 3726 1815 3781 aeris
1845 3726 1970 3794 qui-

399 3819 523 3874 dem
554 3819 840 3874 serenitate
866 3828 1381 3890 reguante,pr0pter
1410 3818 1634 3872 multum
1668 3819 1968 3888 pulverem,

400 3925 559 3980 quem
597 3919 738 3964 terra
767 3909 1037 3977 minuens,
1086 3925 1209 3966 cum
1251 3925 1281 3963 a
1337 3910 1520 3964 multis
1555 3909 1792 3978 agitatur
1823 3905 1967 3976 pedit

405 4006 527 4067 bus,
568 4002 772 4056 excitat
796 4003 848 4057 in
884 4002 1061 4071 ipsum
1110 4003 1318 4056 vultum
1342 4011 1395 4055 et
1426 4001 1478 4054 in
1511 4000 1681 4070 ipsius
1712 3998 1969 4067 insignia,

402 4108 522 4159 quae
550 4110 650 4165 ego
681 4109 815 4165 pura
853 4108 1070 4148 manere
1102 4103 1155 4148 et
1180 4092 1382 4162 absque
1407 4093 1532 4147 odio
1570 4105 1691 4147 esse
1719 4089 1968 4160 prarfem.

406 4184 631 4249 Quando
679 4194 856 4237 autem
890 4183 1126 4251 pulveris
1168 4185 1334 4238 nubes
1365 4185 1416 4237 in
1447 4197 1686 4250 omnum,
1717 4192 1772 4237 et
1797 4180 1969 4251 ipsum

401 4289 687 4344 aquosum,
735 4276 1012 4341 miscetur,
1045 4286 1116 4329 ita
1175 4287 1233 4328 ttt
1271 4289 1376 4330 non
1438 4273 1609 4328 solum
1669 4284 1849 4343 caput,
1876 4275 1971 4329 sed

402 4368 564 4419 etiam
592 4376 766 4421 totum
826 4383 1023 4435 corpus
1055 4369 1512 4423 circumvematur
1575 4367 1812 4436 insidiis,
1845 4377 1972 4423 tunc

2075 540 2311 611 ἀφίεμεν
2337 540 2668 595 ἀποδύεσθαι
2692 557 2708 571 ’
2760 540 2963 594 κείσθω
2997 539 3053 592 δὲ
3096 537 3157 590 τὸ
3190 536 3444 605 πρᾶγμα,
3501 534 3535 604 ἢ
3572 533 3651 597 ὡς

2072 632 2298 703 οῖδαμεν
2341 633 2528 701 ἄμφω,
2588 631 2697 696 ἐγώ
2728 648 2787 683 τε
2823 631 3023 701 δηλαδὴ
3058 627 3155 681 καὶ
3213 628 3395 696 ὑμεῖς,
3431 625 3542 679 εἴτε
3572 624 3651 689 ὥς

2074 720 2394 792 νομίζομεν.
2459 718 2602 789 Ἐγὼ
2641 721 2697 773 δὲ
2758 717 3142 788 άντισταθμῶν
3189 717 3310 780 ταίς
3346 716 3651 784 ὑμετέραις

2073 815 2178 877 τὰς
2207 814 2263 876 ἐξ
2296 811 2428 881 ἐμοῦ
2458 812 2596 881 πρός
2627 828 2688 878 γε
2746 812 2806 864 τὸ
2837 810 3012 880 παρὸν
3034 808 3408 878 άντιχάριτας,
3442 805 3651 860 πυνθά-

2074 918 2235 975 νομαι
2262 922 2275 935 ο
2300 903 2368 956 Τί
2423 902 2477 954 δὲ
2513 900 2620 971 ἐγὼ
2669 900 2965 971 μειονεκτῶ
3015 899 3123 951 τῶν
3160 897 3282 950 καθ’
3311 897 3457 967 ἡμᾶς
3486 910 3500 958 ;
3534 892 3653 947 Οὐκ

2074 997 2397 1050 ὲπαλλάττω
2452 995 2731 1063 περιάγων
2787 995 2884 1054 τὰς
2938 992 3126 1063 χεῖρας
3170 988 3417 1059 πλὲγδην
3445 987 3520 1050 ὡς
3570 988 3652 1049 εἰς

2076 1089 2273 1158 δεσμὸν
2297 1088 2615 1141 δουλόσυνον
2670 1084 2755 1155 ἐφ’
2787 1086 2956 1154 ὕμίνς
2996 1084 3055 1137 οὐ
3110 1080 3427 1135 κατακλίνω
3476 1096 3648 1145 κεφαο

2036 1178 2038 1184 “
2074 1180 2172 1249 λὴν
2218 1179 2313 1232 καὶ
2367 1176 2640 1247 τράχηλον
2666 1219 2680 1242 ,
2739 1176 2799 1229 οὐ
2830 1175 3125 1244 προσλαλῶ
3178 1170 3649 1245 γλαφυρώτερονς

2074 1273 2174 1322 οὔκ
2193 1269 2585 1337 ὲπισφραγίζω
2618 1267 2744 1331 τοὺς
2769 1267 2962 1335 λόγους
3006 1265 3195 1336 ὀρθαῖς
3229 1264 3418 1332 εὐχαῖς
3444 1278 3459 1327 ;
3490 1261 3555 1314 Τί
3584 1260 3651 1329 δὴ

2073 1360 2169 1412 οὖν
2196 1360 2390 1428 χρέους
2428 1358 2737 1428 ὕπέρπλεον
2788 1358 2914 1426 ἐμοὶ
2947 1357 3089 1426 πρὸς
3122 1356 3375 1409 ἀπότισιν
3404 1369 3420 1418 ;
3474 1350 3537 1405 Ei
3579 1348 3648 1417 δ’,

2074 1452 2154 1504 ὅτι
2177 1453 2542 1521 προπομπαῖς
2566 1451 2625 1502 οὐ
2649 1449 2940 1522 χαίρομεν,
2972 1448 3277 1520 βαρύνομεν
3302 1445 3425 1505 τοὺς
3452 1442 3653 1513 θριαμ-

2074 1545 2281 1608 ϐικοὺς,
2323 1546 2434 1596 ἔστι
2472 1561 2559 1612 μοι
2588 1540 2801 1612 καίριον
2825 1544 3021 1606 εἰπεῖν,
3058 1540 3134 1603 ὡς
3161 1534 3416 1593 τοσοῦτον
3452 1535 3650 1605 χρόνον

2074 1638 2189 1705 εἰμὶ
2226 1635 2345 1705 μεθ’
2375 1635 2549 1705 ὑμῶν,
2582 1636 2681 1688 καὶ
2710 1632 2863 1687 ούπω
2888 1651 2954 1702 με
2988 1632 3190 1686 οἴδατε.
3225 1632 3300 1685 Οὐ
3344 1625 3647 1699 μέμνησθε,

2074 1731 2220 1790 ὅπως
2242 1728 2355 1797 ἐγὼ
2387 1727 2874 1798 κατεῤῥητόρευσα
2908 1726 3175 1796 μυριάκις
3203 1722 3313 1776 τῶν
3330 1721 3474 1774 οὕτω
3502 1718 3650 1784 δοξο-

2070 1821 2405 1890 μανούντων.
2439 1820 2553 1873 Οὐκ
2604 1818 2924 1874 ἀναπλεῖτε
2952 1818 3033 1876 είς
3062 1814 3209 1878 νοῦν,
3236 1808 3329 1867 οἷα
3388 1811 3649 1873 πολλάκις

2072 1912 2334 1981 ὡμίλησα
2362 1914 2440 1973 εἰς
2474 1912 2711 1978 ἐπήκοον
2780 1911 2840 1962 ὲν
2871 1902 2954 1971 οἷς
2980 1906 3096 1970 καὶ,
3127 1905 3210 1959 ὅτι
3264 1904 3442 1974 μάτην
3466 1901 3651 1972 χαίρει

2072 2006 2389 2076 πολυόχλοις
2412 2006 2658 2075 προόδοις
2679 2007 2707 2058 ὀ
2733 2004 2832 2075 τὴν
2862 2002 3183 2057 τελευταίαν
3210 1997 3470 2069 πρόθεσιν
3497 1998 3653 2051 ἐνθυ-

2075 2096 2366 2168 μούμενος,
2392 2096 2513 2152 καθ’
2544 2098 2636 2169 ἢν,
2672 2098 2723 2150 εί
2745 2113 2849 2150 που
2902 2095 2999 2147 καλ¹
3026 2093 3180 2165 τύγοι
3218 2092 3408 2160 αὐτῆς.
3441 2090 3498 2142 ὲν
3520 2091 3653 2158 φέρ-

2070 2202 2184 2256 τρῳ
2220 2188 2459 2257 νεκρικῷ
2490 2187 2765 2258 μετέωρος
2797 2187 3116 2257 αἰρόμενος,
3150 2183 3275 2238 οὔτε
3300 2182 3648 2246 αἰσθάνεται,

2072 2273 2150 2333 ὧν
2201 2281 2521 2348 ἐκτιμᾶται,
2578 2281 2676 2332 καί
2729 2296 2831 2333 που
2881 2278 2977 2332 καὶ
3032 2276 3137 2330 ὑπὸ
3163 2276 3429 2329 πλειόνων
3456 2273 3633 2343 ὕϐρεσ

2071 2366 2459 2431 καταλούεται,
2491 2362 2573 2429 οἷς
2628 2366 2829 2432 ἔξεστι,
2888 2367 2984 2421 καὶ
3030 2366 3106 2435 τῷ
3140 2364 3460 2436 νεκροφόρῳ
3491 2364 3653 2432 σκίμ-

2072 2458 2195 2509 ποδι
2218 2455 2518 2519 πελάζουσι
2550 2456 2694 2509 κατὰ
2727 2455 2936 2526 κόρρης
2962 2473 3017 2508 τε
3051 2454 3277 2508 τύπτειν
3309 2453 3400 2505 τὸν
3426 2451 3651 2520 προκεί-

2075 2566 2261 2618 μενον,
2300 2549 2394 2601 καὶ
2423 2550 2520 2617 τὴν
2551 2550 2674 2617 ῥῖνα
2711 2547 2894 2616 ὀχλείν
2920 2545 3212 2608 δακτύλοις
3255 2545 3313 2607 ἒς
3339 2543 3518 2613 ὓϐριν,
3553 2539 3650 2595 καί

2072 2658 2173 2692 που
2202 2639 2297 2693 καὶ
2328 2639 2651 2693 ὲνάλλεσθαι
2702 2640 3180 2708 κακοπραγμόνως
3203 2651 3217 2665 ·
3277 2638 3440 2689 ὁποῖα
3476 2632 3652 2686 πολλὰ

2070 2733 2294 2804 οἴδαμεν
2321 2735 2414 2787 ἐπὶ
2438 2733 2760 2803 ἀλιτηρίων,
2790 2733 2839 2786 οἳ
2865 2734 2961 2786 καλ⁵
3003 2732 3145 2801 μετὰ
3200 2731 3434 2785 θάνατον
3472 2727 3651 2798 βαρὺν

2071 2825 2227 2877 κότον
2254 2826 2551 2896 τρέφοντες
2584 2824 2684 2877 οὐκ
2717 2814 2959 2890 ὀκνοῦσι,
2993 2823 3183 2893 κωφὴν
3232 2825 3393 2891 γαῖαν
3443 2817 3653 2882 αἰκίζε-

2072 2917 2197 2971 σθαι

2138 3090 2237 3163 νβ’.
2282 3093 2339 3146 Ὀ
2371 3093 2550 3146 τοίνυν
2603 3093 2827 3147 τοιαῦτα
2887 3093 3137 3164 νοήματα
3167 3094 3247 3154 είς
3273 3091 3376 3162 τὴν
3402 3089 3644 3161 καρδίαν

2073 3186 2290 3254 ἀνάγων
2323 3184 2535 3257 (ἀνάγει
2564 3184 2622 3238 δὲ
2663 3186 2879 3249 πάντως
2909 3187 2938 3238 ὁ
2970 3185 3161 3255 ονητδν
3197 3185 3388 3238 ἑαυτὸν
3419 3198 3648 3250 γνωμα-

2073 3279 2268 3342 τεύων,
2296 3280 2387 3332 καὶ
2413 3279 2488 3349 μὴ
2508 3278 2807 3351 τυραννῶν,
2835 3279 3054 3349 φρονεῖν
3076 3258 3153 3330 τάι
3170 3276 3310 3344 ὑπὲρ
3334 3270 3648 3343 ἄνθρωπον)

2074 3373 2190 3434 πῶς
2221 3373 2288 3424 ἂν
2317 3372 2636 3441 ἀποδέχοιτο
2672 3369 2978 3440 θριάμϐους
3006 3369 3336 3439 τιμητικοὺς
3368 3369 3468 3420 καὶ
3496 3380 3649 3418 σκινο

2072 3464 2310 3533 δαλμοὶμς
2366 3463 2545 3529 δόξης,
2572 3464 2654 3526 είς
2700 3459 2876 3532 βραχύ
2906 3477 2958 3514 τι
3005 3460 3156 3531 ὥρας
3182 3456 3649 3526 εἰδωλοποιουμέ-

2075 3573 2219 3622 νους,
2248 3557 2340 3609 καὶ
2377 3551 2532 3618 αὖθις
2573 3553 2894 3623 λυομένους,
2928 3553 3002 3616 ὡς
3034 3552 3142 3606 οὐδ’
3171 3551 3237 3606 ἂν
3281 3548 3412 3603 σκιά
3443 3565 3524 3610 τις
3565 3547 3648 3610 εἰς

2073 3648 2485 3712 ἀνυπόστατον;
2525 3645 2666 3714 Ἐγὼ
2702 3645 2762 3698 δὲ
2797 3647 2893 3699 καὶ
2940 3644 3114 3707 άλλως
3163 3643 3514 3713 μυσάττομαι
3548 3642 3653 3703 τὰς

2073 3740 2327 3801 τοιαύτας
2376 3738 2704 3806 ὀχλοκόπους
2738 3735 3021 3808 προόδους,
3071 3733 3253 3795 εὐδίας
3283 3734 3384 3802 μὲν
3431 3730 3655 3800 clepta-

2074 3829 2293 3900 ζούσης,
2320 3829 2408 3881 διὰ
2437 3828 2499 3881 τὸ
2530 3826 2666 3881 πολὺ
2718 3827 2816 3894 τῆς
2866 3826 3091 3890 κόνεως,
3115 3824 3182 3896 ἢν
3222 3826 3255 3894 ἡ
3287 3824 3359 3892 γῆ
3391 3822 3658 3874 λεπτοτο-

2074 3922 2274 3992 μοῦσα,
2305 3922 2395 3973 ὅτε
2424 3920 2642 3982 πολλοῖς
2684 3918 2924 3988 ὀχλείται
2964 3916 3148 3983 ποσὶν,
3180 3917 3496 3982 ἀναπέμπει
3549 3914 3657 3968 καὶ

2075 4013 2195 4066 κατ’
2234 4011 2399 4065 αὐτοῦ
2459 4010 2752 4082 προσώπου
2809 4011 2906 4064 καὶ
2962 4009 3072 4063 τῶν
3107 4010 3163 4064 ἐν
3221 4008 3370 4075 αὐτῷ
3421 4004 3655 4076 τιμίων,

2075 4102 2218 4174 ἆπερ
2264 4100 2374 4171 ἐγὼ
2421 4090 2726 4171 καθαρείως
2761 4100 3070 4154 διακεῖσθαι
3106 4100 3201 4153 καὶ
3256 4096 3659 4153 ἀνεπιϐουλεύ-

2073 4210 2178 4256 τως
2226 4192 2369 4263 ἔχειν
2403 4189 2814 4262 φιλοτιμοῦμαι.
2841 4189 2973 4244 Ὅτε
3002 4190 3058 4243 δέ
3108 4206 3239 4242 ποτε
3289 4191 3318 4240 ὁ
3366 4187 3659 4250 κονίσαλος

2078 4287 2176 4353 μὲν
2230 4285 2310 4347 εἰς
2361 4284 2531 4353 πηλὸν
2572 4284 2809 4352 φωρᾶται
2865 4283 2957 4335 καὶ
3009 4279 3171 4335 αὑτὸν
3227 4279 3523 4349 κάθυγρον,
3554 4279 3658 4329 καὶ

2075 4372 2186 4429 οἷον
2218 4376 2462 4445 κεφαλῆς
2495 4375 2592 4444 μὲν
2623 4373 2818 4427 οὔκουν
2852 4373 3041 4442 μόνης,
3068 4372 3160 4425 τοῦ
3202 4372 3401 4433 παντὸς
3424 4371 3479 4423 δὲ
3518 4386 3661 4421 κατ-

403 4475 502 4513 ncc
538 4459 602 4512 ab
647 4459 992 4514 amicissimis
1029 4461 1084 4515 in
1144 4459 1539 4515 incommodum
1572 4459 1695 4515 volo
1722 4461 1840 4530 cogi
1877 4474 1967 4515 co-

2075 4465 2443 4520 επιϐουλεύειν
2479 4463 2751 4535 σώματος,
2786 4464 2907 4517 οὐδὲ
2937 4463 3059 4529 τότε
3088 4462 3196 4516 οὐδ’
3236 4463 3341 4515 ὑπὸ
3377 4463 3485 4514 τῶν
3523 4479 3623 4525 φιτ

403 4550 672 4604 mitntum.
755 4547 1043 4605 Sufﬁciunt
1088 4549 1230 4604 enim
1285 4564 1422 4619 quos
1462 4549 1605 4605 Deus
1663 4549 1970 4604 necessario

2074 4561 2253 4614 τάτων
2307 4557 2476 4611 ἐθέλω
2537 4556 2922 4628 τυραννεῖσθαι
2973 4556 3055 4618 είς
3116 4552 3451 4624 προπομπὴν
3483 4553 3650 4621 ὀχλη-

401 4640 665 4708 disposuit
702 4640 769 4693 ad
802 4639 1215 4707 pracedendum
1258 4640 1344 4694 vel
1407 4642 1472 4693 ad
1506 4639 1969 4709 consequendum.

398 4729 537 4795 Quid
588 4729 754 4798 igitur
787 4742 950 4799 grave
983 4728 1237 4791 multum,
1270 4728 1315 4781 si
1345 4742 1520 4781 meam
1554 4730 1693 4780 lianc
1724 4726 1973 4780 volunta-

401 4832 506 4874 tem
530 4822 793 4886 ob'lirmo,
849 4820 1123 4876 reluctans
1192 4822 1322 4876 huic
1352 4834 1472 4889 qua
1527 4835 1634 4873 non
1679 4831 1763 4873 est
1810 4818 1971 4872 mea?

400 4912 556 4979 Quod
598 4922 772 4967 autem
803 4913 1258 4980 profundissimas
1299 4912 1646 4967 adorationes
1677 4911 1755 4966 sic
1790 4908 1970 4965 burni-

401 5009 592 5058 «lorum
625 5004 829 5073 absque
858 5004 965 5058 ulla
1024 5003 1140 5059 ﬁeri
1200 5004 1410 5060 ratione
1452 5006 1657 5074 judico,
1712 5003 1973 5057 confiteor

402 5100 504 5151 hoc
535 5106 586 5151 et
617 5098 810 5166 probo.
842 5096 1000 5151 Ratio
1036 5112 1166 5151 vero
1215 5112 1320 5153 non
1351 5098 1545 5164 solum,
1590 5096 1735 5164 quod
1786 5095 1970 5149 divina

400 5190 478 5241 sic
545 5188 854 5242 hominibus
950 5188 1105 5242 mttlti
1221 5198 1564 5253 consecrant,
1660 5189 1749 5243 ubi
1862 5202 1966 5241 non

403 5285 637 5344 oportet,
673 5277 766 5329 sed
802 5286 851 5328 et
885 5277 1139 5345 quoniam
1174 5276 1474 5345 bujusmodi
1517 5276 1681 5331 multa
1712 5276 1765 5330 in
1790 5275 1969 5329 homi-

352 5354 562 5426 'nibus
631 5370 832 5425 lusorie
890 5369 1259 5439 fallaciterque
1314 5371 1455 5426 facta
1518 5387 1636 5424 sum
1685 5380 1964 5440 expertus.

399 5464 538 5519 Ante
588 5478 714 5516 vero
746 5463 1135 5533 experientiam
1167 5468 1391 5520 edoctus
1448 5480 1596 5519 eram
1628 5479 1756 5533 erga
1809 5463 1970 5518 Chri-

397 5563 539 5607 stum
599 5553 934 5609 Salvatorem
976 5570 1208 5623 genuum
1267 5556 1413 5610 illam
1458 5556 1744 5610 flexionem
1788 5556 1852 5609 ad
1887 5555 1968 5607 lu-

394 5643 628 5709 dicrum,
658 5655 875 5714 propter
904 5646 1046 5714 quod
1082 5651 1321 5716 perversi
1352 5647 1428 5701 illi
1475 5647 1789 5701 adoratores
1819 5646 1968 5701 dant-

398 5742 611 5787 nantur.

2075 4650 2199 4721 ράν.
2245 4647 2502 4716 Ἀρκοῦσι
2553 4648 2661 4719 γὰρ
2703 4648 2797 4701 καὶ
2820 4646 2914 4710 οὒς
2942 4646 3125 4708 ὁΘεὺς
3164 4646 3477 4713 ἀναγκαίως
3526 4647 3661 4699 ὲπέ-
3720 4664 3735 4667 -

2072 4738 2297 4811 ταξενῆ
2334 4738 2784 4808 προηγεῖσθαι,ἢ
2842 4736 3269 4807 συνεφείπεσθαι.
3314 4737 3381 4789 Τί
3423 4736 3486 4805 δὴ
3513 4734 3663 4802 γοῦν

2076 4828 2217 4900 βαρὺ
2250 4832 2307 4890 ἐς
2361 4828 2516 4892 πολὺ,
2550 4828 2646 4881 ἐὰν
2675 4828 2875 4897 τούμὸν
2915 4826 3076 4881 τοῦτο
3128 4827 3341 4895 θέλημα
3392 4826 3664 4887 συνιστῶ,

2075 4919 2467 4974 ἀποδυσπετὼν
2501 4921 2581 4983 είς
2612 4919 2671 4973 τὸ
2711 4919 2787 4990 μὴ
2834 4908 2965 4987 ἐμόν
2995 4935 3010 4984 ;
3051 4919 3175 4973 Ὀτι
3206 4920 3261 4973 δὲ
3294 4920 3387 4972 καὶ
3424 4923 3522 4980 τὰς
3552 4917 3632 4986 βα

2064 5012 2311 5074 ’θυτάτας
2360 5014 2764 5082 προσκυνήσεις
2807 5012 2917 5066 τῶν
2967 5010 3140 5075 οὕτως
3173 5011 3357 5079 ὑγρῶν
3401 5011 3667 5063 κατακύ-

2076 5120 2233 5157 πτειν
2261 5105 2319 5155 ὲν
2351 5104 2527 5157 οὐδενὶ
2568 5103 2715 5173 λόγῳ
2742 5104 2985 5172 τίθεμαι,
3032 5103 3168 5156 ἀλλὰ
3200 5104 3293 5155 καὶ
3325 5103 3667 5176 ἁπολογίζοτ

2076 5212 2196 5266 μαι,
2225 5194 2699 5265 ἁνθομολογοῦμαι
2728 5185 2826 5250 καί
2853 5197 3007 5249 αὐτό.
3040 5196 3120 5249 To
3151 5195 3205 5249 δὲ
3257 5196 3429 5249 αἴτιον
3458 5197 3518 5247 ού
3553 5197 3673 5263 μό-

2073 5301 2184 5350 νον,
2211 5285 2292 5337 ὃτι
2325 5284 2394 5337 τὰ
2449 5282 2543 5336 τοῦ
2572 5284 2706 5336 Θεοῦ
2735 5284 3046 5353 ἀνθρώποις
3077 5286 3127 5337 oi
3160 5284 3346 5337 πολλοὶ
3374 5284 3673 5340 ὁσιοῦνται

2070 5375 2261 5438 οὕτως,
2290 5376 2376 5444 ἐφ’
2409 5370 2490 5439 οἷς
2519 5375 2580 5428 ού
2621 5377 2819 5445 χρεὼν,
2844 5375 2980 5428 ἀλλὰ
3023 5379 3118 5429 καὶ
3164 5376 3247 5427 ὄτι
3302 5375 3673 5443 πεπείραμαι

2072 5466 2243 5519 πολλὰ
2267 5466 2494 5519 τοιαῦτα
2520 5466 2615 5521 καὶ
2643 5464 2954 5527 παικτικῶς
2980 5464 3038 5517 ὲν
3061 5462 3373 5534 ἀνθρώποις
3394 5464 3673 5533 ῥᾳδιουρ-

2068 5556 2335 5625 γούμενα.
2363 5555 2476 5626 Πρὸ
2509 5557 2565 5609 δέ
2600 5573 2664 5623 γε
2718 5555 2820 5625 τῆς
2861 5557 3054 5627 πείρας
3111 5555 3219 5624 εχω
3251 5554 3521 5622 διδαχθεὶς
3553 5559 3673 5611 καὶ

2068 5648 2170 5715 τὴν
2198 5648 2290 5697 ἐπὶ
2320 5647 2398 5715 τῷ
2448 5650 2651 5717 σωτῆρι
2686 5647 2908 5716 Χριστῷ
2940 5647 3119 5700 κλίσιν
3149 5646 3393 5713 γονάτων
3423 5647 3672 5717 ἐκείνην

2069 5738 2167 5807 τὴν
2199 5741 2256 5789 ἐν
2303 5733 2775 5808 μυκτηρισμῷ,οὗ
2837 5740 3024 5793 ἕνεκεν
3080 5739 3129 5791 οἱ
3189 5738 3387 5806 φαῦλοι
3445 5741 3674 5795 ἐκεῖνοι

2080 5831 2455 5902 προσκυνηταὶ
2486 5831 2898 5899 καταλέγονται.
