3968 6244
368 307 472 414 tsa

363 563 417 627 ἐξ
453 555 513 614 οὗ
553 561 775 632 πρώτου
821 565 914 618 τὸν
954 567 1197 618 τοιοῦτον
1255 567 1382 622 νοῦν
1431 569 1722 640 ἐκέρδανα,
1773 571 1941 643 πείρᾳ

359 653 651 718 διαλαϐὼν,
679 654 746 726 ἣν
771 658 1095 728 συγγραφῆς
1121 659 1336 732 ἁπάσης
1365 661 1668 732 πρόδρομον
1692 661 1937 730 οἴδαμεν.

360 745 847 820 Διδασκάλωῆτην
880 749 1054 820 σοφὼ,
1080 753 1172 805 καὶ
1209 753 1372 822 ἄμφω
1402 754 1583 824 ἄνδρε,
1608 758 1634 809 ὀ
1668 756 1766 827 μὲν
1816 757 1939 826 ἐμοὶ

362 836 702 904 τεταγμένος
728 843 806 904 ei;
849 843 1094 914 ἀγωγὴν,
1126 848 1153 899 ὀ
1188 845 1242 898 δὲ
1276 847 1460 917 ἕτερος
1521 851 1756 920 χρηστὸς
1787 851 1938 920 αὐτῷ

362 931 502 983 κατὰ
535 933 848 1003 συνήθειαν.
884 938 990 990 Καὶ
1039 934 1107 1008 ἦν
1157 942 1358 1008 ἀμφοῖν
1401 941 1546 1003 ἅπαν
1588 945 1824 1014 πρᾶγμα
1852 945 1938 1012 φί-

360 1025 492 1083 λιον,
526 1026 594 1078 τὰ
632 1027 795 1090 οἴκοι,
828 1033 894 1084 τὰ
926 1031 1150 1102 θύραζε,
1183 1036 1278 1086 καὶ
1308 1036 1446 1098 ὅλως
1474 1039 1670 1099 εἰπεῖν,
1697 1037 1789 1090 τοῦ
1819 1037 1933 1107 βίου

359 1116 418 1165 το
453 1119 583 1171 πᾶν.
616 1113 758 1173 Ἦκε
796 1122 860 1187 δὴ
887 1125 1078 1194 καιρὸς
1114 1126 1412 1197 τρ·.›γητοῦ,
1451 1129 1545 1182 καὶ
1568 1129 1643 1191 ὡς
1675 1133 1936 1200 ἑκάτερος

362 1206 640 1263 κάνταῦθα
677 1211 899 1278 εἴθιστο,
963 1217 1349 1290 συμπροῆλθον
1383 1221 1484 1288 τῆς
1536 1220 1800 1294 μεγίστης
1828 1222 1937 1276 τών

359 1296 449 1385 πό)
465 1314 569 1350 εων
601 1302 679 1364 είς
699 1321 820 1356 τινα
840 1306 1037 1375 χωρία,
1064 1307 1124 1360 οὑ
1156 1312 1297 1364 πάνυ
1325 1310 1445 1380 μὲν,
1477 1314 1936 1385 ἀνακεχωρηκότα.

361 1383 415 1474 ξε
471 1392 716 1460 μετρίως
759 1394 859 1459 τῆς
893 1396 1331 1463 Μεγαλοπόλεως
1365 1407 1706 1470 προαστείων
1738 1407 1894 1474 δίκην
1917 1423 1929 1437 ·

354 1472 430 1531 ὧν
452 1481 511 1532 τὸ
545 1482 646 1551 μὲν
686 1484 764 1556 τῷ
791 1489 1125 1560 γεραιοτέρῳ
1158 1493 1430 1561 πατρόθεν
1461 1495 1757 1566 ἀφώριστο,
1791 1472 1859 1549 τὸ.
1890 1498 1934 1552 δ’

353 1571 546 1644 ἕτερον
574 1577 1079 1651 ἀντεπαρεκάθητο,
1118 1586 1442 1652 συγγενείας
1472 1588 1616 1660 λόγῳ
1655 1589 1934 1659 προσῆκον

352 1665 434 1733 τῷ
467 1666 574 1735 ’μῷ
598 1667 910 1742 καθηγητῇ.
945 1673 1056 1728 Καὶ
1087 1676 1118 1745 ἡ
1149 1676 1296 1756 θέσις
1331 1680 1610 1749 ἑκατέρων
1646 1683 1936 1752 ἀντιπρόσ-

351 1765 526 1820 ωπος,
552 1757 646 1812 τοῦ
722 1760 822 1829 μὲν
851 1766 1082 1831 ἐκεῖθεν,
1110 1766 1200 1818 τοῦ
1251 1767 1295 1820 δ’
1342 1769 1492 1824 ἐνθεν
1537 1776 1790 1842 κειμένου
1835 1775 1932 1844 τῆς
1966 1813 2008 1868 Β

347 1850 437 1942 ιειᾶ
476 1851 645 1906 λίθων
685 1853 994 1927 μαρμάρων
1053 1861 1301 1931 ατρωτῆς
1349 1862 1492 1925 ὁδοῦ,
1543 1858 1609 1936 ἦς
1662 1866 1927 1938 ἐπιπολῆς

349 1945 501 2014 ῐερδς
532 1946 668 2009 νεὼς
691 1947 768 2018 τῷ
802 1949 1181 2020 μεγαλωνύμῳ
1209 1954 1446 2025 μάρτυρι
1473 1957 1731 2029 Γεωργίῳ
1763 1959 1924 2028 μέχρι

350 2039 450 2092 καὶ
484 2039 578 2093 νῦν
619 2043 855 2110 ἵδρυται.
892 2038 968 2098 Οἷ)
1035 2046 1318 2113 προεστὼς
1374 2049 1432 2112 ἐξ
1485 2047 1762 2102 ἀνατολῶν
1793 2050 1925 2106 κίων

351 2133 652 2204 μάρμαρος
684 2137 746 2187 ὲκ
785 2133 978 2190 λευκοῦ
1036 2139 1338 2208 ἁνεστήλου
1387 2140 1527 2195 κατὰ
1563 2141 1806 2208 κεφαλῆς
1850 2139 1926 2206 ὡς

347 2217 440 2275 οἷα
470 2227 564 2277 καὶ
614 2225 965 2298 κιονόκρανον
1003 2227 1320 2300 μαρμάριον
1366 2233 1592 2296 πίνακα,
1641 2235 1925 2287 στίλόοντα

347 2316 602 2382 ἡλιῶδες,
707 2321 946 2391 σταυροῦ
971 2323 1143 2385 τύπος
1174 2322 1354 2393 τίμιος
1389 2324 1783 2395 ὲγκεχάρακτο.
1814 2327 1924 2380 Καὶ

345 2403 418 2475 ἦν
446 2410 510 2459 ὲκ
539 2407 693 2462 τοῦδε
721 2413 831 2474 τοίς
863 2413 983 2466 ἐκεῖ
1006 2414 1194 2482 κλῆσις
1215 2415 1544 2484 παρώνυμος
1573 2418 1785 2470 πίνακι.
1817 2417 1928 2470 Καὶ

345 2503 378 2552 ὁ
408 2501 542 2553 κίων
569 2502 669 2570 μὲν
696 2500 902 2569 ἐκεῖνος
939 2506 1115 2576 χρόνῳ
1142 2506 1336 2576 μακρῷ
1370 2507 1615 2567 πεισθεὶς
1647 2509 1926 2563 κελεύοντι.

345 2593 654 2660 τρομαλέος
691 2594 912 2651 ὁθενοῦν
936 2597 1166 2665 γίνεται,
1193 2600 1286 2652 καὶ
1315 2601 1502 2652 πίπτει
1535 2600 1746 2671 (χρόνος
1773 2597 1928 2666 οὗτος

343 2689 412 2738 οὗ
453 2689 707 2757 μακρὸς),
747 2689 840 2743 καὶ
864 2691 1151 2762 θραυσθεὶς
1201 2694 1386 2747 οὐκέτι
1444 2695 1747 2748 ἀνίσταται.
1796 2697 1928 2749 Συν-

346 2781 563 2848 απῆλθε
595 2783 652 2834 δὲ
709 2782 857 2852 αὑτῷ
885 2785 977 2837 καὶ
1003 2786 1029 2836 ό
1055 2785 1333 2856 κιονίκτης
1367 2787 1600 2856 σταυρός
1622 2805 1634 2819 ·
1663 2788 1754 2840 καὶ
1778 2787 1928 2856 ὅμως

345 2872 596 2943 τοῦνομα
622 2873 701 2943 τῷ
733 2876 883 2946 τόπῳ
908 2876 1117 2930 ἐκεῖθεν
1147 2877 1378 2942 σώζεται
1431 2878 1522 2931 καὶ
1554 2879 1801 2934 καλεῖται
1833 2881 1929 2932 Πι-

345 2967 614 3022 νακίδιον.
647 2965 863 3038 Ὀνομα
911 2969 1071 3023 τοῦτο
1119 2971 1274 3024 κενὸν
1310 2973 1659 3041 πράγματος,
1686 2974 1926 3038 ἐγκατα-

343 3058 657 3126 χωσθέντος
708 3057 802 3114 τοῦ
841 3061 1004 3130 ἔργου
1056 3061 1283 3133 ὀλέθρῳ,
1321 3057 1409 3115 οἷα
1460 3064 1555 3116 καί
1605 3083 1708 3116 τινι
1742 3066 1921 3134 τάφῳ.

1351 353 1655 416 CONTRA
1696 327 2190 421 INJUt'ttAItUM
2234 365 2672 426 uenenum.

430 474 533 529 νγ¹.
566 470 728 531 Ἴσως
757 470 812 522 δὲ
851 470 948 524 οὐκ
994 471 1221 540 ἀπᾷδον,
1271 473 1366 524 καὶ
1417 473 1577 540 λόγον
1609 473 1739 543 ὑμῖν
1771 477 1936 544 ἐρεῖν,
1972 479 2015 534 Α

3515 372 3618 434 ιῖκό

2233 477 2391 535 Forte
2425 483 2588 535 etiam
2618 470 2721 536 non
2747 481 2849 536 crit
2879 485 3138 538 absonum
3169 486 3431 538 rationem
3468 484 3617 536 vobis

2043 587 2335 641 exponere,
2364 591 2427 628 ex
2467 592 2572 644 quo
2613 576 2786 645 primo
2815 577 2974 629 talem
3007 581 3228 642 concepi
3257 586 3623 640 mentem,ex--

2042 668 2302 734 perientia
2330 668 2604 736 colligens,
2637 684 2790 736 quam
2817 669 2989 721 omnis
3016 669 3200 736 scripti
3231 667 3616 736 prmambnlmu

2045 761 2313 814 novimus.
2372 762 2539 814 Erant
2585 761 2830 827 magistri
2892 762 3307 827 duosapicntes.
3356 769 3406 811 et
3460 760 3619 812 ambo

2045 853 2166 920 viri,
2205 871 2341 909 unus
2375 856 2591 923 quidem
2638 854 2768 905 mihi
2803 854 3119 922 praepositus
3148 853 3211 905 ad
3250 851 3614 920 disciplinam,

2042 960 2095 1003 et
2121 949 2254 1001 alter
2285 950 2432 1002 utilis
2475 959 2690 1016 promer
2729 949 3194 1002 consucttnlincm.
3227 947 3291 998 lit
3331 946 3613 998 amborum

2041 1050 2156 1093 erat
2192 1045 2548 1110 quodcunque
2588 1040 2873 1100 dilectum,
2928 1039 3039 1091 sive
3089 1039 3232 1104 quod
3299 1037 3464 1098 domi,
3503 1035 3616 1089 sive

2041 1134 2181 1200 quod
2208 1135 2629 1210 extra'domum.
2675 1147 2776 1184 uno
2817 1134 3001 1196 verba,
3072 1140 3242 1183 totum
3295 1130 3417 1181 vitae
3470 1144 3618 1180 roru—

2043 1227 2324 1279 tnercium.
2364 1225 2517 1278 Venit
2544 1242 2707 1292 porro
2759 1225 3041 1278 vindemia!
3073 1231 3300 1289 tempus,
3339 1232 3389 1275 et
3421 1237 3613 1275 scr-un-

2041 1319 2163 1371 dum
2191 1320 2468 1386 utriusque
2510 1334 2736 1382 morem,
2767 1331 2795 1370 e
2847 1303 3101 1369 maxima
3128 1315 3402 1368 civitatum
3480 1328 3611 1366 cou-

2041 1419 2306 1464 venerunt
2338 1413 2386 1464 in
2421 1411 2641 1479 prrcdia,
2677 1427 2780 1462 non
2820 1409 3048 1463 mullum
3086 1407 3325 1474 quidem,
3365 1407 3455 1457 sed
3495 1419 3611 1457 mo-

2040 1503 2241 1568 dicum,
2271 1504 2652 1556 suburbiorum
2689 1502 2883 1559 instar,
2914 1515 2938 1552 a
2980 1497 3298 1565 Megalopoli
3330 1495 3605 1549 distantia.

2038 1588 2283 1658 Quorum
2311 1609 2477 1645 unum
2522 1601 2639 1645 erat
2671 1591 2868 1645 seniori
2901 1605 3016 1643 sors
3051 1588 3300 1643 devoluta
3346 1597 3564 1654 paterna
3594 1603 3608 1649 ;

2038 1683 2268 1736 alterum
2331 1690 2510 1734 autem
2569 1680 2780 1734 ratione
2872 1678 3289 1748 propinquitatis
3345 1679 3612 1742 obtigerat

2039 1784 2160 1823 meo
2236 1770 2576 1838 prmceptcri.
2656 1769 2948 1838 Utriusque
3026 1769 3162 1822 situs
3233 1781 3296 1820 ex
3376 1767 3610 1820 adverso

2033 1874 2172 1927 erat,
2205 1863 2330 1917 hinc
2361 1871 2414 1916 et
2449 1863 2571 1916 inde
2601 1861 2750 1932 juxta
2778 1861 2917 1915 viam
2963 1861 3233 1928 lapidibus
3285 1859 3610 1912 marmoreis

2027 1963 2276 2012 stratam.
2317 1970 2480 2022 super
2515 1965 2676 2021 quam
2711 1953 2852 2006 aedes
2892 1965 3046 2006 sacra
3105 1949 3403 2002 fortissimo
3458 1962 3607 2000 mar-

2030 2049 2131 2120 tyri
2169 2047 2403 2117 Georgio
2431 2061 2602 2114 usque
2637 2062 2777 2100 nunc
2808 2045 3061 2112 assurgit.
3088 2045 3247 2106 Ante,
3279 2043 3344 2096 ab
3374 2042 3604 2107 oriente,

2029 2154 2332 2192 marmorea
2365 2137 2616 2192 columna
2645 2137 2847 2192 coloris
2901 2136 3029 2201 albi,
3081 2137 3262 2203 capite
3293 2134 3456 2202 cippl,
3491 2143 3610 2186 tan-

2027 2243 2189 2298 quam
2238 2241 2604 2281 marmoreum
2677 2227 2984 2296 capitellum
3031 2227 3277 2294 piuacem
3319 2221 3602 2297 offerebat.

2027 2320 2158 2375 solis
2189 2317 2400 2387 fulgore
2429 2319 2755 2384 radiantem,
2793 2317 2880 2371 cui
2931 2316 3264 2370 venerabilis
3298 2328 3458 2384 typus
3486 2329 3610 2367 Cru-

2027 2413 2107 2467 cis
2139 2410 2257 2466 era't
2289 2412 2613 2480 insculptns.
2668 2409 2733 2463 Et
2789 2417 2905 2463 erat
2937 2411 3130 2462 exinde
3163 2407 3264 2461 loci
3306 2420 3606 2473 cognomen

2029 2506 2210 2561 Pittaci
2250 2515 2516 2560 mutuum.
2552 2505 2886 2560 Etcolumna
2941 2503 3156 2571 quidem
3207 2501 3366 2569 longo
3413 2501 3606 2554 cedens

2032 2598 2262 2668 tempori
2306 2598 2544 2666 undique
2581 2597 2808 2649 tremula
2847 2595 2987 2648 facta
3020 2604 3124 2656 est,
3157 2601 3212 2646 et
3244 2592 3442 2646 cecidit
3475 2593 3604 2661 (non

2031 2689 2221 2759 procul
2254 2692 2410 2742 abest
2434 2683 2665 2757 tempus)
2689 2704 2702 2751 ;
2723 2698 2773 2740 et
2804 2685 2974 2739 fracta
3000 2685 3237 2738 nondmn
3264 2692 3442 2736 erecta
3466 2692 3602 2734 stat:

2031 2781 2210 2850 lapsus
2266 2790 2348 2834 est
2383 2789 2562 2832 autem
2593 2793 2713 2830 cum
2752 2777 2836 2829 illa
2869 2777 3046 2830 crucis
3074 2773 3390 2840 capitularis
3425 2783 3603 2841 typus,

2031 2883 2082 2928 et
2117 2881 2293 2926 tamen
2324 2871 2440 2926 loco
2473 2885 2667 2924 nomen
2713 2869 2908 2922 exhinc
3005 2877 3278 2921 servatum
3315 2877 3393 2919 est
3426 2873 3479 2917 et
3511 2879 3604 2916 vo-

2031 2971 2184 3017 catur
2233 2961 2598 3015 Pinacidium.
2672 2960 2875 3014 Nomen
2925 2969 3008 3012 est
3063 2974 3122 3012 re
3179 2974 3427 3022 vacuum,
3487 2973 3606 3022 quae

2031 3053 2178 3122 Operi
2232 3053 2285 3106 in
2323 3053 2534 3107 ruinam
2568 3061 2843 3120 aggerato,
2877 3049 3034 3105 sicuti
3090 3049 3299 3104 cuidam
3371 3047 3600 3106 tumulo.

344 3149 448 3200 καὶ
480 3148 646 3200 τύπον
683 3145 796 3203 οἷον
829 3150 1082 3218 κενηρίου
1141 3151 1563 3220 πιρισώζοντος.
1597 3152 1689 3215 Είς
1741 3154 1804 3224 δὴ
1840 3154 1924 3205 τό·-

2030 3146 2180 3214 quasi
2220 3154 2402 3215 typum
2440 3145 2749 3213 cenotaphii
2812 3151 3117 3198 causervat.
3158 3143 3214 3196 In
3243 3141 3600 3203 hunc,lucum

343 3257 456 3292 πον
488 3238 674 3293 τοῦτον
710 3241 1117 3311 παρεγενέσθην
1149 3240 1316 3311 ἄμφω
1357 3244 1405 3295 οἱ
1445 3248 1618 3312 σοφοὶ,
1649 3247 1741 3297 καὶ
1772 3245 1926 3298 καθι-

343 3334 618 3403 ζήσαντες
676 3331 770 3388 ἐπὶ
801 3333 900 3404 τὴν
957 3333 1321 3406 λιθόστρωτον
1367 3335 1461 3387 ἐπὶ
1508 3335 1823 3406 καχλήκων,
1874 3337 1924 3391 οἳ

344 3425 594 3495 σωρηδὸν
617 3425 733 3476 ὲκιῖ
755 3423 1130 3478 ὲστοιῦἇδαται
1151 3443 1164 3456 ·
1191 3429 1284 3478 καὶ
1311 3427 1415 3478 ὑπὸ
1445 3430 1581 3498 συκῇ
1617 3428 1921 3495 γεγονότες,

341 3510 419 3585 ἧς
456 3515 767 3568 ἀπετελεΐτο
799 3516 923 3569 σκιά
967 3533 1049 3573 τις
1084 3518 1401 3588 ἀμφιλαφὴς
1434 3521 1527 3572 καὶ
1584 3520 1669 3572 οἵα
1700 3519 1921 3573 σκέπειν

341 3606 449 3660 ἁλύ
461 3625 570 3669 πως
587 3607 709 3669 τοὺς
731 3607 818 3658 ἐπ’
835 3608 971 3678 αὐτῇ
994 3607 1383 3674 ἐνδοιάζοντας,
1405 3610 1642 3678 ὡμίλουν
1671 3611 1920 3680 ἀλλήλοις

338 3701 419 3752 τὰ
449 3699 617 3751 πλείω
651 3697 748 3770 μὲν
783 3701 1114 3767 καταμόνας,
1162 3701 1292 3772 ώςῆ
1325 3703 1633 3771 φιλοσοφεῖν
1661 3706 1922 3773 αὐτοσχέ-

338 3794 456 3851 δια,
490 3791 523 3858 ἥ
557 3791 670 3862 βίου
715 3791 936 3859 τρίϐους
994 3795 1395 3864 περιηγεῖσθαι.
1427 3793 1622 3846 Ἤθελε
1647 3796 1700 3848 δὲ
1733 3796 1917 3860 αὐτοῖς

336 3884 373 3950 ἠ
419 3879 703 3945 φιλόσοφος
732 3879 1018 3946 ἀστειότης
1049 3882 1140 3938 καί
1166 3899 1218 3934 τι
1253 3885 1386 3952 πρὸς
1417 3887 1575 3955 χάριν
1607 3885 1772 3956 ᾄδειν,
1821 3905 1919 3940 κα-

336 3971 796 4039 ταμωκωμένους
826 3971 932 4025 τῶν
961 3972 1079 4026 ὅσοι
1105 3973 1246 4027 κατὰ
1276 3976 1374 4038 τὰς
1397 3973 1549 4037 ὀδοὺς
1581 3979 1920 4049 προφοροῦν-

333 4079 437 4112 ται
475 4051 577 4113 ὧδε
605 4062 698 4112 καὶ
729 4053 855 4122 ὧδε,
904 4061 1288 4125 πλανύττοντες
1346 4062 1403 4116 ἐν
1457 4065 1762 4134 πράγμασι,
1824 4069 1918 4121 καὶ

336 4150 466 4221 βίου
497 4151 654 4203 τοῦτο
689 4152 895 4220 δίασμα
917 4153 1401 4224 περιστρέφοντες,
1429 4155 1567 4210 ὥστε
1597 4159 1913 4228 τρέφεσθαι..

335 4240 470 4293 Τῶν
497 4239 552 4293 δὲ
583 4241 855 4308 ἀγελαίων
884 4243 1106 4295 ἐκείνων
1133 4244 1325 4298 ὁδιτῶν
1349 4248 1601 4312 ἀστείους
1631 4251 1919 4320 μυκτῆρας

333 4331 714 4398 ἀκροωμένων
745 4329 795 4383 οἱ
839 4331 937 4399 μὲν
994 4333 1304 4403 σεμνότεροι
1339 4338 1434 4389 καὶ
1487 4341 1685 4403 εἰδότες
1720 4342 1797 4394 τὼ
1825 4343 1921 4394 λα-

334 4422 533 4473 λοῦντε
572 4421 758 4490 ἄνδρε,
793 4422 1043 4476 ἐσιώπων
1077 4425 1170 4476 καὶ
1205 4429 1596 4495 προσεκύνουν,
1626 4434 1720 4485 καὶ
1771 4432 1915 4485 οὕτω

331 4513 615 4579 τιμῶντες
649 4511 1054 4581 ἀπηλλάττοντο
1075 4525 1091 4545 ⁶
1120 4515 1167 4567 οἱ
1198 4516 1252 4568 δὲ
1281 4519 1417 4570 κατὰ
1448 4522 1675 4590 νεότητα
1722 4522 1914 4593 θερμοὶ

329 4603 688 4669 ἀντεφώνουν
713 4604 917 4672 ἠρέμα,
951 4604 1045 4656 καὶ
1077 4606 1110 4674 ή
1141 4605 1234 4657 τοῦ
1265 4605 1423 4673 λόγου
1458 4609 1612 4680 χάρις
1642 4608 1914 4677 ἆπεγένῧα

328 4695 494 4750 τινὰς
537 4695 595 4744 ὲν
625 4692 855 4756 ἐκείνοις
913 4696 1158 4764 χάριτας,
1195 4696 1386 4766 ἱλαρὰς
1443 4699 1563 4768 μὲν,
1594 4704 1693 4754 οὐκ
1726 4703 1829 4768 ἔξω
1857 4705 1914 4757 δέ

334 4798 484 4843 τινος
515 4781 824 4848 ἀγροικίας,
853 4785 1040 4835 ὁποίαν
1082 4786 1109 4836 ὀ
1154 4787 1455 4857 γεωργικὸς
1485 4788 1754 4860 ἀκόρητος
1801 4790 1914 4862 βίος

326 4866 445 4921 οἶδε
478 4867 758 4937 τημελεῖν.
795 4869 983 4924 Πολλοὶ
1009 4872 1064 4925 δὲ
1105 4873 1198 4926 καὶ
1250 4876 1330 4938 είς
1377 4876 1437 4928 τὸ
1471 4880 1790 4950 συνάμωρον
1817 4884 1910 4936 ὲκο

325 4961 612 5022 κλίνοντες
647 4961 1036 5032 ἐϐλασφήμουν
1085 4966 1181 5016 καὶ
1215 4966 1367 5019 αὐτοὶ
1403 4969 1735 5040 ἀδιαφόρως,
1763 4973 1838 5034 ὡς
1876 4975 1908 5043 ἡ

321 5051 470 5119 τρὺξ
495 5051 755 5104 ὑπελάλει
781 5051 930 5105 ἔνδον
958 5052 1154 5116 ζέουσα
1173 5071 1186 5086 ·
1218 5058 1309 5109 καὶ
1334 5053 1400 5125 ἦν
1428 5062 1539 5120 τοῖς
1563 5064 1744 5129 σοφοῖς
1772 5064 1914 5116 ἐκεῖ·

322 5143 423 5194 θεν
459 5141 636 5209 γέλως
676 5143 1032 5213 μειδιάματος
1063 5147 1162 5214 μὲν
1203 5150 1578 5219 σφοδρότερος,
1636 5152 1824 5222 μῶμον
1855 5155 1911 5208 δὲ

318 5232 430 5284 οὔκ
471 5233 888 5303 ἐπισυρόμενος.
916 5235 1229 5308 Παρίστατο
1259 5239 1355 5290 ἐπὶ
1402 5241 1611 5304 τούτοις
1641 5245 1735 5297 καὶ
1781 5261 1906 5297 νεα-

322 5325 453 5385 νίας
485 5323 587 5375 οὐκ
620 5323 873 5396 ἀγεννὴς,
899 5330 1242 5397 γραμμάτων
1273 5331 1382 5383 τῶν
1425 5332 1522 5399 μὲν
1557 5335 1656 5402 ἤδη
1712 5349 1909 5402 γεγευ·

325 5416 521 5483 μένος,
561 5413 673 5468 τῶν
732 5415 788 5469 δὲ
848 5419 1082 5487 μέλλων,
1118 5425 1208 5473 καὶ
1257 5421 1463 5492 δολιχὸν
1496 5426 1694 5496 εὐτυχῆ
1725 5423 1910 5480 τοῦτον

281 5505 536 5566 ,ἀνύσαι
591 5509 1089 5580 καραδοκούμινος.
1136 5513 1438 5587 Ἐθάῤῥησε
1505 5518 1568 5588 δὴ
1631 5521 1722 5572 καὶ
1769 5521 1914 5572 ἐκεῖ·

322 5615 446 5660 νις,
485 5600 629 5666 ἐπεὶ,
661 5602 789 5653 καθ’
821 5600 1072 5674 ’Όμηρον
1133 5608 1328 5676 εἰπεῖν,
1373 5611 1518 5679 νεοίη
1587 5612 1676 5666 καὶ
1707 5613 1911 5666 ἐκεῖνον

409 5781 490 5835 ill
528 5781 693 5834 Αὖτοῦ

2029 3242 2360 3295 tleveuerunt
2389 3240 2548 3293 ambo
2582 3241 2878 3307 sapientes,
2935 3249 2987 3293 et
3020 3240 3072 3292 in
3115 3238 3421 3291 lithOstroto
3449 3237 3605 3292 sede-

2027 3339 2156 3383 runt
2218 3344 2382 3398 super
2446 3329 2678 3395 lapillos,
2738 3332 2828 3398 qui
2894 3329 3189 3398 aggeratim
3227 3327 3297 3380 ibi
3363 3327 3603 3395 congesti

2026 3429 2190 3485 sunt;
2224 3430 2276 3474 et
2338 3423 2437 3475 sub
2497 3419 2596 3474 ficu
2663 3421 2816 3475 strati
2873 3421 3026 3489 cujus
3065 3418 3249 3472 umbra
3285 3417 3608 3486 producitur

2025 3515 2201 3582 ampla
2238 3513 2481 3583 talisque,
2521 3523 2577 3564 ut
2610 3513 2892 3568 commode
2941 3521 3076 3580 tegat
3112 3525 3202 3564 eos
3237 3511 3326 3577 qui
3360 3509 3460 3563 sub
3489 3509 3604 3574 ipsa

2025 3606 2318 3669 disserunt,
2353 3616 2538 3659 mutuo
2573 3603 3083 3667 confabulabantur,
3120 3602 3438 3670 plerumque
3475 3602 3601 3660 soli,

2025 3707 2081 3751 tit
2121 3697 2200 3751 vel
2253 3697 2420 3751 libere
2478 3696 3011 3764 p‘hilosottharentur,
3061 3693 3143 3746 vel
3199 3695 3320 3748 vitae
3383 3694 3604 3748 semitas

2023 3789 2376 3857 explicarent.
2430 3787 2654 3840 Volebat
2684 3796 2863 3840 autem
2913 3787 3057 3854 ipsos
3089 3786 3462 3852 philosophica
3500 3801 3594 3837 ur—

2026 3880 2242 3933 banitas
2275 3878 2478 3947 aliquid
2529 3891 2725 3930 canere
2781 3878 3100 3946 gratiosum,
3161 3877 3396 3930 ridentes
3459 3876 3602 3938 illos,

2023 3973 2329 4042 quicunque
2374 3985 2470 4040 per
2503 3970 2612 4021 vias
2645 3969 2772 4021 illuc
2806 3968 3072 4030 feruntur,
3111 3967 3342 4028 negotiis
3392 3980 3598 4018 vacan—

2025 4071 2124 4127 tes,
2157 4073 2211 4120 et
2262 4066 2363 4118 hoc
2396 4063 2517 4117 vita:
2561 4062 2764 4125 licium,
2822 4070 2878 4112 ut
2905 4061 3226 4123 educentur,
3289 4059 3600 4112 circumdu-

2024 4165 2177 4212 cunt.
2243 4153 2425 4209 Turba
2482 4154 2750 4206 viatorum
2812 4151 3027 4205 illorum
3085 4151 3320 4204 urbanas
3379 4148 3609 4202 facetias

2021 4245 2356 4300 audientium
2395 4242 2736 4298 honestiores
2766 4243 2985 4312 quidem
3020 4241 3154 4295 duos
3184 4240 3428 4293 videntes
3461 4241 3600 4291 viros

2022 4339 2414 4408 colloquentes,
2437 4337 2666 4392 silebant
2697 4345 2750 4388 et
2772 4335 3102 4400 salutabant,
3133 4343 3186 4386 et
3213 4333 3290 4388 sic
3332 4335 3599 4388 hOnoran-

2027 4443 2105 4486 tes
2141 4429 2635 4500 praeteribant;qni
2697 4441 2823 4481 vero
2845 4426 3126 4495 juventute
3170 4425 3466 4487 fervebant,
3499 4425 3608 4477 levi-

2023 4534 2247 4574 susurro
2296 4517 2710 4584 respondebant,
2743 4527 2796 4570 et
2825 4519 3090 4570 sermonis
3127 4517 3298 4584 gratia
3333 4518 3596 4584 quasdam

2023 4607 2078 4668 in
2113 4615 2240 4682 ipsis
2268 4613 2466 4681 gratias
2516 4610 2867 4678 producebat,
2925 4609 3140 4676 joeosas
3198 4605 3438 4673 quidem,
3505 4607 3605 4657 sed:

2021 4721 2126 4758 non
2161 4716 2312 4758 extra
2346 4705 2629 4772 quamdam
2679 4700 3058 4761 rusticitatem,
3107 4699 3318 4767 qualem
3372 4699 3596 4766 agrestis

2020 4808 2074 4848 et
2107 4811 2209 4849 non
2240 4793 2477 4862 expolita
2508 4793 2614 4845 vita
2652 4791 2949 4859 producere
2975 4788 3129 4842 solet.
3171 4787 3316 4843 Multi
3352 4804 3477 4841 vero
3501 4789 3595 4842 tte-

2019 4890 2282 4943 clinantes
2315 4888 2380 4940 ad
2423 4887 2800 4950 prmdatorem,
2847 4883 3294 4952 blasphetnabant
3328 4883 3453 4953 ipsi,
3485 4898 3597 4941 non

2019 4995 2176 5034 secus
2207 4993 2268 5031 ac
2298 4977 2398 5030 faex
2445 4984 2746 5028 murmurat
2803 4974 2948 5028 intus
2999 4983 3264 5039 mstuaus;
3297 4983 3351 5028 et
3398 4975 3595 5028 exinde

2020 5069 2358 5137 Sapientibus
2388 5076 2504 5119 erat
2535 5067 2692 5126 risus,
2727 5065 2903 5118 medio
2951 5066 3164 5134 quidem
3230 5065 3339 5118 risu
3373 5065 3587 5127 fortior,

2021 5164 2114 5214 sed
2143 5174 2244 5212 non
2293 5167 2415 5226 post
2455 5171 2512 5209 se
2544 5158 2996 5224 vituperationem
3043 5156 3288 5209 trahens.
3325 5155 3589 5223 Superve-

2017 5255 2094 5307 nit
2127 5260 2330 5324 autem
2365 5249 2656 5317 etjuvenis
2711 5263 2818 5302 non
2882 5249 3153 5316 ignobilis,
3199 5249 3396 5302 litteris
3454 5263 3589 5318 pau-

2019 5347 2156 5398 culis
2209 5345 2425 5412 quidem
2476 5342 2585 5409 jam
2641 5341 2931 5405 delibutus,
2968 5342 3089 5394 aliis
3138 5350 3314 5394 autem
3371 5340 3588 5393 studere

2020 5449 2262 5504 paratus,
2301 5446 2354 5490 et
2386 5436 2486 5489 hoc
2534 5435 2658 5488 telix
2697 5435 3026 5489 curriculmn
3088 5435 3346 5504 perﬁcere
3376 5431 3587 5485 fortiter

2020 5527 2293 5578 annitens.
2331 5524 2507 5577 Ausus
2535 5531 2820 5576 autemest
2888 5521 3000 5584 ille,
3058 5523 3342 5590 siquidem,
3398 5528 3456 5570 ut
3512 5517 3587 5569 ait

2021 5616 2306 5680 Homerus,
2360 5613 2505 5667 ill-um
2549 5613 2769 5681 juventa
2837 5613 3033 5666 devicit
3093 5610 3352 5663 advertas
3405 5604 3590 5658 senio-
