3968 6244
421 313 527 378 455

1129 318 1553 381 EUSTATHII
1596 320 1891 384 TEESSA
1902 317 2366 404 LONICENSIS
2406 321 2970 385 METROPOLI'NE

3579 325 3680 389 456

424 453 538 490 rem
614 436 839 491 mordax
899 442 1148 494 emittere
1196 441 1438 495 verbum.
1475 439 1574 506 Qui
1612 441 1864 512 jucundae
1925 438 1979 492 hi

2121 457 2140 489 ι
2180 439 2514 511 ἐξενίκησεν,
2546 441 2796 495 ἐκῦαλεῖν
2825 439 2955 505 ἔπος
3001 459 3054 494 τι
3104 440 3372 512 κέρτομον
3410 444 3549 498 κατὰ
3583 440 3682 497 τοῦ

425 529 626 583 laritati
657 545 901 584 amarum
929 530 1164 599 iungens
1191 534 1457 596 animum,
1495 532 1695 586 elevari
1721 533 1996 600 paululum

428 624 478 675 in
513 623 656 678 ulnis
685 623 918 678 hominis
965 623 1124 677 fortis
1202 623 1618 693 grammaticum
1687 625 1994 691 excogitat,

423 723 477 767 et
508 717 692 768 statim
729 730 791 770 ac
818 730 944 769 cum
984 725 1116 770 nutu
1170 715 1420 771 sublimis
1453 717 1757 782 extollitur,
1813 719 1863 771 in
1889 715 2001 770 clu~

426 823 520 859 nes
549 808 666 873 ejus
701 808 849 876 virga
902 817 985 862 ter
1015 809 1352 864 immittitur.
1384 809 1464 864 Ad
1515 809 1566 865 id
1599 812 1810 864 tantum
1877 823 1998 864 ma-

424 915 562 968 gnus
599 900 687 954 ille
725 903 830 956 dux
881 903 1140 957 ultionem
1185 919 1407 959 mensus
1461 913 1564 959 est.
1624 899 1771 959 Illius
1816 913 1997 960 autem

425 991 628 1045 vultum
668 993 1028 1048 circumdedit
1079 995 1274 1063 pudor,
1307 993 1540 1050 naturali
1594 991 1995 1066 pulchritudini

423 1097 686 1151 roseoque
713 1085 881 1138 colori
923 1087 1174 1141 ruborem
1229 1088 1592 1141 substituens.
1641 1087 1775 1142 Cum
1842 1105 1996 1153 vero,

422 1183 705 1242 postquam
778 1176 1044 1232 urbanum
1101 1178 1470 1248 impudentem
1524 1179 1605 1234 sic
1635 1176 1994 1250 pudt-fecerit,

424 1266 724 1320 surrexerit
758 1267 936 1322 bonus
962 1283 1152 1334 senex,
1184 1265 1570 1341 transieritque
1595 1265 1993 1338 lithostrtitnm,

421 1367 475 1410 rt
505 1359 572 1411 ad
618 1360 795 1413 locum
849 1376 1007 1416 suum
1096 1365 1634 1434 appmpinquaverit,
1701 1367 1996 1421 comitante

422 1465 543 1502 meo
579 1452 839 1520 magistro
898 1453 1328 1523 miserantesque
1396 1455 1586 1511 oculos
1620 1457 1676 1512 in
1739 1457 1993 1532 juvenem

421 1543 772 1611 conjicieute,
830 1545 920 1600 ille
968 1545 1191 1600 minime
1261 1547 1402 1602 labia
1458 1548 1735 1617 aperiens,
1786 1548 1991 1604 homini

420 1635 616 1690 similis
694 1651 804 1692 non
875 1637 1191 1708 intelligeuti
1259 1639 1406 1710 quod
1492 1643 1696 1696 factum
1752 1650 1858 1710 est,
1897 1656 1994 1698 oc-

421 1728 564 1795 cepit
644 1731 932 1784 stationem
1003 1730 1069 1786 ad
1120 1742 1331 1800 portam
1404 1733 1634 1804 ligneam
1700 1742 1990 1804 agrestem.

419 1820 594 1881 qualis
645 1821 940 1886 sapientem
986 1822 1291 1894 Odysseum
1345 1827 1559 1893 excepit
1626 1827 1848 1882 domum
1909 1843 1995 1882 re-

419 1924 656 1965 versum.
689 1908 896 1966 Exinde
925 1928 1058 1981 puer
1123 1915 1362 1984 seipsum
1417 1915 1674 1982 ligatione
1736 1932 1994 1973 manuum

418 2009 544 2054 ante
574 2011 765 2070 pectus
793 2003 986 2058 vineit.
1019 2003 1082 2057 Et
1111 2005 1287 2074 primo
1325 2007 1543 2077 quidem
1573 2007 1722 2063 vultu
1756 2009 1994 2066 demisso

421 2101 565 2145 astat
591 2091 752 2146 etiam
806 2093 1078 2161 lacrymas
1132 2095 1359 2152 fundere
1405 2107 1668 2168 paratus;
1698 2109 1993 2171 posteaque

417 2192 582 2249 caput
619 2181 735 2236 solo
772 2185 1090 2252 snppliciter
1121 2189 1547 2258 appropinquat,
1576 2207 1683 2247 non
1723 2201 1867 2246 metu
1924 2194 1990 2248 ad

417 2275 840 2328 commatiOnem
909 2289 1184 2343 movente,
1252 2280 1344 2335 sed
1396 2283 1596 2338 mentis
1661 2283 1990 2340 urbanitate.

417 2362 685 2434 Loquitur
706 2367 868 2420 etiam
917 2369 1222 2424 miseranda
1314 2373 1459 2428 sicut
1510 2389 1626 2430 mos
1673 2385 1778 2440 est,
1853 2376 1990 2437 (haec

417 2465 574 2510 crant
620 2459 828 2523 scena),
873 2459 1144 2530 simulque
1172 2463 1412 2533 loquitur
1440 2476 1493 2520 et
1526 2483 1676 2523 meus
1705 2470 1988 2540 magister,

416 2548 510 2602 scd
553 2549 584 2614 i,
607 2563 666 2602 se
701 2549 916 2604 sincero
950 2551 1144 2622 corde;
1181 2562 1236 2608 et
1263 2555 1526 2612 inducunt
1566 2559 1727 2615 ambo
1775 2560 1992 2630 sapien-

415 2649 524 2694 tem
558 2643 624 2694 ad
658 2642 794 2696 bona
820 2647 1178 2714 cogitantem,
1215 2664 1374 2704 sacer
1395 2651 1614 2720 quidem
1647 2653 1732 2708 vir
1774 2655 1828 2708 in
1856 2655 1990 2710 sim-

415 2732 688 2800 plicitate,
715 2733 932 2800 juvenis
984 2748 1164 2792 autem
1195 2741 1250 2793 in
1279 2739 1622 2807 iucunditate
1652 2747 1799 2800 intus
1825 2748 1990 2803 dissi-

416 2823 638 2880 mulata.
681 2823 817 2878 Cum
855 2839 1032 2880 autem
1081 2831 1336 2901 utrinque
1398 2835 1639 2904 placatus
1685 2851 1831 2894 esset
1872 2841 1984 2908 ille,

417 2915 959 2982 misericordiamque
1018 2921 1229 2984 annuit,
1282 2936 1344 2973 ac
1381 2924 1594 2993 signum
1648 2929 1793 2980 dedit
1826 2930 1988 2999 utjn-

315 3061 323 3068 ,
416 3006 564 3059 venis
597 3021 759 3075 super
792 3017 988 3062 terram
1035 3009 1228 3076 jacens
1275 3023 1557 3082 exsurgat,
1591 3017 1648 3069 (lt
1681 3017 1732 3070 in
1766 3020 1990 3074 urbani-

2102 532 2449 604 γεραιτέρου.
2481 552 2498 584 ι
2530 533 2642 587 Καὶ
2663 533 2721 594 ὃς
2748 533 3027 604 ἱλαρότητι
3053 533 3300 604 γλυκερᾷ
3333 533 3504 604 θυμὸν
3531 534 3684 605 ἀψιν-

2105 618 2248 694 θὼδη
2308 625 2819 695 συγκερασάμενος,
2866 625 3101 696 ἀρθῆναι
3160 625 3253 679 τδν
3291 627 3680 697 γραμματικὸν

2103 719 2365 772 ἐννοεῖται
2421 717 2696 789 μετέωρον
2740 716 2924 789 ἠρέμα
2979 718 3069 770 ἐπὶ
3120 717 3377 786 ἀγκαλῶν
3432 718 3678 786 γενναίου

2101 809 2328 882 ἀνδρός·
2377 810 2470 863 καὶ
2524 809 2722 863 αὐτίκα
2760 809 2788 861 6
2829 808 2932 875 μὲν
2983 809 3099 877 ἅμα
3150 807 3384 878 νεύματι
3438 809 3676 878 αἴρεται,

2101 903 2196 952 καὶ
2232 900 2430 974 ῥάϐδος
2462 901 2571 955 τῶν
2605 898 2813 955 ἐκείνου
2858 895 3101 970 γλουτῶν
3129 900 3437 972 κατηνέχθη
3470 904 3672 972 ἐστρξς.

2113 989 2234 1048 Ἐπὶ
2267 990 2520 1049 τοσοῦτον
2544 991 2572 1048 6
2601 996 2772 1065 μέγας
2821 991 3008 1065 ἄρχων
3037 993 3138 1063 τὴν
3171 991 3520 1060 ἐπεξέλευσιν
3549 997 3678 1066 ἐμε-

2099 1090 2311 1158 τρίασε.
2345 1089 2450 1142 Τοῦ
2487 1081 2544 1142 δὲ
2573 1089 2724 1157 ὅμως
2763 1086 2926 1152 αἰδὼς
2963 1088 3225 1160 περιῆλθε
3253 1089 3316 1141 τὸ
3363 1089 3674 1160 πρόσωπον,

2098 1174 2486 1251 ἀντιλάμψασα
2515 1178 2592 1252 τῷ
2657 1179 2721 1234 ἐκ
2748 1179 2965 1250 φύσεως
2996 1180 3186 1236 κάλλει
3218 1182 3297 1252 τῷ
3333 1182 3675 1253 ἐρυθροδάνῳ

2095 1263 2192 1325 τοῦ
2221 1270 2590 1344 ἐρυθήματος.
2631 1271 2722 1338 Ὦς
2750 1273 2805 1326 δέ
2832 1273 2923 1328 τὸν
2947 1274 3164 1328 ἀστεῖον
3192 1275 3380 1346 ἀναιδῆ
3405 1277 3465 1337 ἐς
3493 1273 3676 1328 τοσοῦ-

2095 1376 2189 1420 τον
2226 1365 2491 1436 αἰσχύνας
2520 1361 2785 1434 ἐξανέστη
2819 1370 2847 1422 6
2879 1367 3042 1428 καλὸς
3076 1367 3276 1439 γέρων,
3302 1368 3394 1423 καὶ
3449 1367 3509 1422 τὸ
3541 1367 3681 1422 λιθό-

2098 1474 2340 1528 στρωτον
2366 1454 2544 1532 διέϐη,
2565 1460 2660 1514 καὶ
2679 1460 2795 1525 τοῖς
2850 1460 3016 1515 αὑτοῦ
3040 1461 3257 1534 ἤγγιζε,
3274 1462 3678 1534 συνομαρτοῦνο

2095 1565 2186 1612 τος
2221 1544 2316 1604 καὶ
2355 1549 2561 1621 τούμοῦ
2588 1550 2941 1617 διδασκάλου,
2965 1552 3060 1606 καὶ
3089 1551 3465 1616 δυσωποῦντος
3483 1555 3574 1606 ἐπὶ
3599 1553 3676 1625 τῷ

2095 1640 2283 1713 νεανίᾳ
2317 1643 2398 1706 είς
2426 1643 2597 1708 ἔλεον,
2631 1645 2840 1708 ἐκεῖνος
2867 1645 2948 1706 είς
2976 1644 3128 1698 οὐδὲν
3157 1644 3282 1698 οὐδὲ
3322 1645 3674 1716 παρανοιγων

2097 1734 2165 1789 τὰ
2195 1733 2372 1806 χείλη.
2416 1735 2492 1799 ὡς
2551 1735 2653 1790 οὐκ
2716 1736 2888 1791 ἀΐοντι
2938 1734 3152 1801 ἐοικὼς,
3203 1737 3232 1790 6
3260 1736 3324 1807 δὴ
3359 1737 3674 1808 πεποίηται,

2098 1828 2384 1884 κατέκλινε
2431 1829 2529 1900 τὴν
2578 1829 2765 1884 στάσιν
2796 1831 2878 1894 εἰς
2926 1825 3080 1884 οὐδὸν
3111 1825 3323 1895 ξύλινον
3355 1831 3672 1902 ἀγροτικδν,

2095 1921 2278 1984 ὁποῖος
2301 1921 2518 1975 καὶτὸν
2559 1921 2722 1990 σοφὸν
2763 1914 3028 1976 Ὀδυσσέα
3074 1915 3344 1988 ἐδεξιοῦτο
3372 1923 3513 1978 οἴκοι
3578 1924 3675 1978 ἐπ-

2095 2010 2494 2080 αναζεύξαντα.
2510 2006 2801 2066 Ἐντεῦθεν
2821 2015 2848 2067 6
2883 2011 3012 2076 παῖς
3035 2013 3230 2068 ἐαυτδν
3257 2011 3547 2087 δεσμεῖτῷ
3569 2015 3673 2086 πρὸ

2093 2101 2191 2157 τοῦ
2222 2099 2452 2173 στήθους
2485 2099 2764 2172 πλέγματι
2798 2104 2912 2158 τῶν
2940 2105 3162 2176 χειρῶν.
3206 2106 3315 2160 Καὶ
3345 2105 3541 2180 πρῶτα
3575 2109 3672 2178 μὲν

2094 2195 2425 2268 παρίσταται
2455 2198 2728 2266 κατηφὴς,
2791 2197 2990 2252 ἐθέλων
3035 2197 3132 2252 καὶ
3190 2197 3455 2270 ἔνδακρυς
3488 2191 3628 2253 εἶναι
3655 2217 3670 2232 ο

2095 2284 2213 2343 εἶτα
2241 2289 2336 2342 καὶ
2367 2287 2447 2359 τῷ
2488 2287 2676 2357 ἐδάφει
2707 2288 2958 2343 πιστεύει
3003 2290 3103 2360 τὴν
3131 2289 3378 2361 κεφαλὴν
3409 2293 3649 2346 ἱκετευτι

2093 2384 2228 2450 κῶς,
2279 2381 2341 2436 ού
2402 2381 2569 2451 φόϐου
2625 2379 3016 2446 ύποκινοῦντος
3047 2385 3128 2448 εἰς
3179 2384 3373 2448 πάθος,
3405 2381 3542 2437 ἀλλὰ
3575 2385 3671 2452 τῆς

2093 2475 2237 2529 κατὰ
2286 2470 2466 2545 ψυχὴν
2500 2473 2867 2542 ἀστειότητος.
2923 2475 3092 2528 Δαλεῖ
3137 2474 3200 2544 δὴ
3234 2475 3329 2528 καὶ
3373 2475 3569 2545 οἰκτρὰ
3597 2474 3670 2538 ὡς

2093 2565 2254 2638 ἐῴκει
2292 2566 2430 2637 (τάδ’
2452 2555 2597 2636 ἦσαν
2631 2563 2851 2637 σκηνὴ),
2885 2565 3210 2620 συνεκλαλεῖ
3239 2567 3297 2620 δὲ
3349 2569 3442 2620 καὶ
3468 2569 3495 2620 6
3540 2565 3668 2637 ἐμὸς

2089 2660 2430 2722 διδάσκαλος,
2453 2658 2569 2712 ἀλλ’
2596 2659 2761 2723 αὑτὸς
2787 2659 3207 2729 ἐνδιακειμένως
3233 2677 3247 2692 ⁶
3273 2661 3368 2716 καὶ
3392 2656 3667 2715 πείθουσιν

2089 2752 2256 2822 ἄμφω
2286 2750 2376 2804 τὸν
2402 2751 2563 2818 σοφὸν
2593 2753 2672 2815 εἰς
2699 2751 2882 2818 ἀγαθὰ
2909 2751 3155 2817 νοοῦντα,
3181 2754 3209 2805 6
3233 2754 3332 2822 μὲν
3362 2754 3505 2824 ἱερὸς
3531 2749 3667 2825 ἀνὴρ

2091 2843 2148 2894 ἐν
2175 2842 2459 2909 ἁπλότητι,
2491 2843 2520 2894 6
2549 2841 2604 2895 δέ
2636 2841 2758 2905 νέος
2793 2842 3074 2914 ἐνδομύχῳ
3133 2845 3416 2918 στυφούσῃ
3465 2846 3667 2914 γλυκύ-

2051 2907 2336 2998 ’τητμὫς
2372 2907 2427 2985 δέ
2460 2931 2737 3004 ἐμαλάχθη
2773 2907 3116 3004 ἑκατέρωθεν
3142 2907 3498 3002 ἐκεῖνοςίίιαλ
3526 2952 3666 2993 κατ-

2091 3022 2308 3076 ένευσεν
2341 3025 2509 3088 έλεον,
2532 3027 2624 3078 καὶ
2672 3025 2737 3092 δὴ
2781 3029 2874 3081 καὶ
2901 3026 3180 3098 ἐξέγερσιν
3209 3028 3303 3082 τοῦ
3332 3031 3457 3084 νέου
3481 3027 3547 3084 ἐκ
3574 3027 3666 3084 τοῦ

417 3108 529 3152 tate
581 3114 714 3167 puer
737 3099 925 3154 activae
959 3102 1230 3158 solertiae:
1268 3116 1428 3174 caput
1476 3108 1528 3161 in
1564 3118 1765 3164 terram
1817 3114 1980 3168 verti-

2088 3114 2231 3169 κατὰ
2254 3116 2353 3183 γῆς
2379 3118 2614 3183 κεῖσθαι,
2639 3119 2847 3186 γίνεται
2869 3109 2966 3188 τῆς
2994 3121 3248 3191 ἐνεργούς
3271 3122 3328 3174 ἐν
3354 3119 3666 3192 ἁστειότητι

413 3190 531 3242 cale
566 3189 809 3255 ﬁrmans,
845 3202 1168 3262 tergumque
1204 3199 1379 3264 magis
1413 3199 1724 3269 incurvans,
1756 3214 1810 3259 et
1840 3207 1979 3273 scip-

412 3294 530 3333 sum
555 3294 752 3349 gyrans
793 3292 847 3333 ut
883 3283 1164 3337 incurvum
1209 3301 1416 3354 arcmn,
1472 3291 1669 3346 deinde
1724 3297 1891 3361 pedes
1932 3298 1984 3351 in

411 3371 642 3425 sublime
701 3372 892 3428 tollens
935 3375 1000 3427 ad
1063 3376 1234 3431 instar
1279 3379 1423 3434 illius
1491 3385 1582 3450 qui
1649 3387 1854 3442 relatus
1886 3399 1977 3443 est

411 3460 720 3530 gesticulari
753 3476 1007 3517 manuum
1067 3465 1188 3521 loco
1228 3471 1505 3536 cruribus,
1561 3483 1616 3528 et
1673 3476 1752 3531 sic
1805 3480 1984 3547 capite

411 3554 662 3608 deorsum
699 3556 877 3624 posito
945 3557 1011 3610 de
1033 3556 1234 3624 jacenti
1280 3575 1533 3632 surgens,
1583 3577 1635 3619 et
1667 3566 1720 3620 in
1776 3580 1982 3624 rectum

409 3660 470 3699 se
509 3647 808 3715 sustinens,
864 3650 1166 3716 posteriora
1225 3654 1440 3723 prnjicit
1486 3656 1538 3710 in
1603 3658 1980 3714 mirabundum

410 3751 621 3802 senem,
661 3748 716 3794 et
765 3739 1028 3796 violenter
1089 3742 1352 3812 incidens,
1390 3747 1646 3818 illumque
1675 3751 1980 3821 proripiens

410 3827 459 3880 in
487 3840 753 3900 agrestem
784 3832 1187 3901 dontunculam,
1230 3842 1531 3911 resupinat,
1602 3854 1652 3899 et
1682 3845 1734 3899 in
1797 3847 1976 3915 ipsum

406 3919 592 3972 eodem
627 3921 810 3974 babitu
871 3924 1037 3988 cadit,
1092 3927 1312 3996 suisque
1372 3931 1556 3998 pronis
1588 3931 1756 4001 ipsius
1787 3937 1977 4003 supina

406 4011 670 4076 percutit;
702 4023 864 4083 caput
895 4014 1110 4083 quidem
1143 4031 1208 4070 ex
1267 4018 1411 4074 illius
1444 4021 1669 4089 pedibus
1719 4025 1975 4089 educens,

407 4097 520 4164 ipse
570 4115 695 4154 vero
725 4115 888 4172 caput
915 4105 1031 4174 ejus
1070 4107 1291 4176 forcipis
1322 4112 1494 4166 instar
1526 4122 1739 4170 tenetis.
1804 4113 1978 4172 luter-

404 4201 468 4239 ea
538 4189 755 4257 quidem
791 4193 933 4247 risus
956 4195 1244 4266 utrobique
1301 4199 1478 4254 nullus
1525 4212 1666 4266 erat,
1712 4204 1807 4258 sed
1861 4220 1978 4260 om-

406 4293 502 4332 nos
534 4283 695 4334 anxie
733 4284 1043 4351 stupebant,
1091 4289 1236 4356 quod
1267 4288 1348 4344 sic
1383 4305 1515 4356 puer
1543 4293 1644 4348 iste
1706 4295 1864 4350 talem
1906 4299 1975 4352 il-

2092 3209 2342 3278 μηχανῆς
2373 3211 2401 3261 6
2439 3211 2564 3272 παῖς
2583 3226 2597 3240 ·
2627 3213 2722 3263 καὶ
2755 3211 2855 3280 τὴν
2886 3212 3131 3285 κεφαλὴν
3160 3212 3239 3277 είς
3267 3215 3371 3284 γῆν
3400 3211 3466 3270 εὖ
3515 3215 3667 3286 μάλα

2090 3301 2396 3370 κορυφαίαν
2443 3301 2680 3371 ἐρείσας,
2717 3302 2810 3356 καὶ
2837 3304 2904 3357 τὰ
2935 3304 3064 3374 ἐξῆς
3108 3309 3335 3362 νωτιαῖα
3382 3310 3462 3372 είς
3498 3309 3666 3362 πλέον

2089 3391 2492 3461 ἐπικυρτώσας,
2545 3395 2638 3446 καὶ
2677 3394 2930 3468 γυρὼσας
2968 3398 3159 3452 ἐαυτὸν
3205 3398 3336 3451 ὡσεὶ
3383 3417 3480 3453 και
3512 3404 3665 3467 τόξον

2087 3483 2295 3553 ῥαιϐδν,
2331 3479 2450 3536 εἶτα
2501 3483 2578 3536 τὼ
2611 3484 2736 3537 πόδε
2789 3488 2869 3549 είς
2931 3488 3211 3557 μετέωρον
3251 3489 3467 3560 ἐπάρας
3521 3493 3664 3546 κατὰ

2083 3573 2174 3627 τὸν
2206 3574 2560 3643 ίστορηθέντα
2589 3578 2931 3647 χειρονομεῖν
2957 3578 3195 3645 σκέλεσι,
3222 3582 3315 3634 καὶ
3336 3580 3510 3646 οὕτως
3537 3583 3667 3636 ἀνα-

2086 3665 2215 3728 στὰς
2248 3666 2310 3717 ἐκ
2336 3665 2428 3718 τοῦ
2461 3666 2676 3720 κεῖσθαι
2710 3667 3018 3739 κύμϐαχος,
3067 3671 3163 3726 καὶ
3219 3675 3498 3738 συστήσας
3535 3676 3664 3728 ἐαυ-

2083 3754 2176 3806 τδν
2211 3757 2289 3817 είς
2315 3753 2520 3826 ὄρθιον,
2547 3759 2888 3826 καταράσσει
2919 3764 2988 3815 τὰ
3020 3762 3201 3816 ὀπίσω
3232 3764 3375 3818 κατά
3403 3762 3499 3818 τοῦ
3534 3766 3638 3819 θαυ

2081 3851 2436 3916 μασιωτάτου
2471 3847 2750 3917 γέροντος,
2778 3853 2870 3904 καὶ
2896 3848 3076 3922 βίαιος
3114 3855 3486 3920 ἐπεισπεσὼν,
3515 3858 3661 3909 ἐκεῖ·

2082 3936 2172 3989 νόν
2221 3953 2279 3989 τε
2334 3935 2686 4008 καταρρίψας
2736 3938 2846 3992 ἔσω
2881 3939 2976 3993 τοῦ
3010 3939 3334 4012 ἀγροικικοΰ
3386 3942 3660 4010 οἰκίσκον,

2083 4027 2356 4094 ὑπτιάζει,
2393 4029 2488 4083 καὶ
2516 4029 2681 4084 αὑτὸν
2713 4029 3003 4085 ἐπιπίπτει
3047 4033 3192 4086 κατὰ
3226 4033 3414 4103 σχῆμα
3446 4035 3658 4105 ὅμοιον.

2081 4121 2174 4173 καὶ
2210 4121 2439 4192 πλήττει
2473 4125 2587 4183 τοῖς
2615 4120 2742 4176 καθ’
2767 4123 2963 4177 ἑαυτὸν
2996 4123 3234 4194 πρανέσι
3265 4126 3332 4179 τὰ
3361 4127 3484 4180 κατ’
3512 4130 3658 4181 ἐκεῖ·

2079 4230 2169 4266 νον
2209 4212 2397 4277 ὕπτια,
2424 4214 2667 4284 κεφαλὴν
2705 4216 2805 4285 μὲν
2832 4217 2945 4280 τοῖς
2991 4218 3204 4272 ἐκείνου
3251 4222 3412 4274 ποσὶν
3468 4221 3658 4274 ἐκκλί-

2078 4321 2195 4370 νας,
2231 4304 2393 4368 αύτδς
2422 4307 2469 4359 δ’
2492 4305 2562 4359 αὖ
2600 4307 2702 4377 τῆς
2743 4307 2956 4362 ἐκείνου
2992 4311 3286 4380 πυράγρας
3328 4314 3533 4380 τρόπον
3561 4314 3658 4366 λα-

404 4371 628 4426 lusisset
660 4371 859 4438 virum,
907 4375 1264 4448 ultricemque
1326 4381 1619 4449 sperabant
1683 4390 1974 4444 correctio-

2087 4394 2329 4464 Βόμενος.
2400 4395 2527 4452 Ἐπὶ
2566 4371 2782 4462 τούτοις
2835 4400 3014 4465 γέλως
3066 4371 3278 4474 ⁵ἦν.
3319 4371 3657 4472 ούδαμόθεν,

403 4477 552 4520 nem.
579 4463 715 4519 Cum
745 4475 925 4518 autem
956 4466 1113 4522 heros
1155 4468 1244 4524 ille
1274 4485 1442 4538 super
1466 4471 1761 4541 juvenilem
1799 4480 1971 4535 soler-

2087 4459 2215 4540 ὶλλὰ
2245 4487 2448 4553 πάντες
2477 4459 2867 4561 ἐτεθήπεισαν,
2897 4493 2949 4546 εἰ
2984 4459 3128 4548 οὕτω
3159 4459 3290 4558 παῖς
3320 4459 3531 4557 ἐκεῖνος
3558 4459 3655 4549 ἀνί

404 4555 530 4608 tiam
562 4555 755 4610 leniter
804 4555 1005 4612 ellusus
1033 4569 1139 4623 est,
1171 4570 1224 4616 et
1251 4561 1493 4619 nubilum
1524 4568 1688 4636 quod,
1724 4579 1782 4622 ut
1809 4583 1970 4626 natu-

400 4644 512 4699 rale
541 4657 646 4709 est,
689 4646 742 4700 in
804 4648 1007 4702 vultum
1075 4651 1192 4721 ejus
1253 4667 1635 4724 praecurrerat,
1699 4661 1970 4720 hilaritate

397 4736 804 4794 dulcil‘ractum
858 4741 1098 4808 evanuit,
1173 4746 1508 4802 exsultantes
1584 4753 1650 4805 de
1735 4754 1970 4809 circurn-

398 4831 561 4883 stanti
603 4831 780 4897 turba,
814 4833 913 4901 ipsi
951 4837 1116 4904 gavisi
1158 4849 1302 4908 sunt,
1332 4850 1385 4894 et
1431 4839 1681 4909 juvenem
1729 4847 1965 4902 solutum

397 4919 745 4975 dimiserunt.

467 5205 556 5259 55.
590 5205 725 5272 Quis
762 5223 895 5276 ergo
943 5213 1230 5279 spondebit
1263 5230 1360 5272 nos
1411 5233 1626 5290 quoque
1678 5238 1787 5278 non
1835 5226 1962 5280 irri-

394 5294 508 5348 deri
555 5297 756 5352 talibus
791 5299 1236 5358 adorationibus?
1265 5305 1490 5377 Insuper
1521 5312 1565 5365 si
1625 5315 1748 5382 quis
1806 5318 1964 5371 dubi-

393 5395 492 5451 tat,
521 5386 650 5457 quid
700 5388 912 5442 tandem
973 5391 1040 5445 de
1079 5405 1298 5460 caetero,
1360 5401 1402 5453 si
1437 5403 1592 5458 nobis
1625 5410 1807 5460 omnia
1837 5417 1964 5462 sunt

391 5483 660 5546 suspecta,
703 5474 1006 5532 faciendum
1073 5481 1166 5546 sit,
1221 5485 1334 5540 lucc
1376 5489 1638 5546 dubitatio
1671 5495 1750 5550 sic
1783 5497 1962 5551 solve-

392 5577 504 5630 tur,
542 5569 770 5625 fratres:
823 5574 962 5640 quod
1023 5592 1124 5648 ego
1166 5580 1326 5646 facio,
1383 5581 1568 5652 facite,
1625 5602 1727 5640 nec
1789 5589 1960 5658 magis

391 5673 550 5725 quam
581 5675 681 5731 ego
708 5666 885 5731 nobis,
919 5681 1014 5721 vos
1041 5671 1262 5725 ambite.
1317 5672 1450 5726 Cum
1493 5687 1671 5729 autem
1703 5677 1867 5732 Deum
1905 5688 1959 5733 et

393 5761 608 5804 sanetos
637 5750 754 5818 ejus
786 5752 1171 5823 deprecamini,
1204 5765 1330 5813 tunc
1364 5761 1519 5818 vobis
1548 5764 1693 5832 licet,
1735 5769 1777 5822 si
1833 5783 1951 5838 pos-

2074 4577 2176 4649 δρα
2207 4575 2448 4633 τοιοῦτον
2476 4581 2878 4650 κατεσοφίσατο
2902 4597 2917 4613 ο
2945 4583 3038 4636 καὶ
3060 4582 3290 4654 ἤλπιζον
3318 4583 3654 4655 κολαστικὴν

2074 4670 2377 4726 παίδευσιν.
2421 4672 2509 4734 Ὠς
2558 4672 2614 4724 δὲ
2662 4676 2691 4726 6
2724 4675 2875 4745 ἥρως
2926 4675 3132 4736 ἐκεῖνος
3182 4675 3403 4746 διεχέθη
3456 4677 3550 4728 ἐπὶ
3582 4679 3649 4746 τῇ

2072 4765 2372 4833 νεωτερικῇ
2399 4763 2686 4834 δεξιότητι,
2705 4767 2801 4818 καὶ
2827 4767 2891 4818 τὸ
2913 4761 3001 4819 οἷα
3024 4766 3172 4830 είκὺς
3202 4767 3525 4838 προδραμδν
3553 4769 3649 4821 τοῦ

2072 4853 2217 4907 κατὰ
2271 4855 2568 4924 πρόσωπον
2607 4857 2816 4909 ἐκείνου
2865 4857 3027 4926 νέφος
3087 4857 3366 4928 ἱλαρότητι
3415 4858 3648 4928 γλυκείᾳ

2071 4943 2415 5014 περιρῤαγέν
2452 4944 2717 5015 ἀπῆλθεν,
2750 4945 3155 5016 ὑπερησθέντες
3185 4946 3245 5000 τὸ
3279 4949 3645 5018 περιεστηκὸς

2071 5032 2262 5101 στῖφος
2309 5035 2466 5087 αὐτοί
2503 5051 2560 5088 τε
2595 5037 2896 5108 ἐχάρησαν,
2937 5036 3033 5089 καὶ
3075 5035 3169 5089 τὸν
3204 5039 3371 5092 παῖδα
3417 5039 3646 5094 σύνέλυ-

2068 5140 2188 5176 σαν.

2137 5215 2232 5270 νδ’.
2279 5215 2376 5277 Τίς
2412 5216 2478 5285 δὴ
2509 5215 2603 5270 οὖν
2637 5218 2994 5288 ἐγγυήσεται,
3031 5219 3106 5288 μὴ
3151 5221 3253 5275 ⁴κοιλ.
3283 5221 3432 5291 ἡμᾶς
3470 5239 3644 5280 κατα·
3717 5209 3732 5216 ’

2065 5304 2428 5378 χλευάζεσθαι
2454 5306 2720 5371 τοιούτοις
2744 5309 3203 5379 προσκυνήμασιν
3227 5327 3241 5375 ;
3283 5314 3403 5365 Ἐπὶ
3426 5315 3643 5381 τούτοις

2065 5401 2120 5453 εἰ
2141 5417 2222 5463 τις
2257 5399 2586 5471 ἐπαποροξη,
2617 5402 2645 5454 ὃ
2675 5401 2729 5454 τί
2759 5419 2890 5454 ποτε
2925 5402 3020 5454 τοῦ
3049 5403 3240 5457 λοιποῦ
3282 5409 3563 5477 ποιητέον,
3591 5412 3641 5463 εί

2063 5496 2242 5548 πάντα
2289 5497 2422 5564 ἡμῖν
2455 5493 2699 5560 ὕποπτα,
2755 5494 3039 5550 λελύσεται
3071 5498 3130 5549 τδ
3173 5497 3383 5567 ἄπορον
3442 5502 3639 5568 οὕτως,

2063 5587 2322 5656 ἀδελφοί·
2347 5587 2374 5638 6
2400 5585 2512 5654 ἐγὼ
2555 5572 2718 5659 ποιῶ,
2765 5591 2993 5654 ποιεῖτε,
3030 5589 3122 5644 καὶ
3158 5590 3234 5660 μὴ
3262 5591 3638 5663 φιλοτιμεῖσθε

2064 5677 2267 5743 πλεῖον,
2287 5672 2456 5746 οὗπερ
2485 5679 2622 5749 ἡμῖν,
2642 5677 2772 5744 ἐγώ.
2795 5679 2926 5731 Ὅτε
2957 5679 3012 5733 δέ
3039 5679 3158 5752 Θεῷ
3193 5683 3288 5736 καὶ
3314 5686 3432 5748 τοῖς
3458 5687 3633 5756 ἁγίοις

2062 5768 2228 5821 αὑτοῦ
2283 5767 2554 5838 εὖχοισθε,
2586 5769 2709 5822 τότε
2738 5768 2804 5838 δὴ
2837 5768 2956 5833 ἐξὸν
3005 5771 3156 5844 ὑμῖν,
3187 5773 3303 5842 εἴγε
3335 5776 3429 5830 καὶ
3476 5775 3633 5832 δύνα-
