3968 6244
484 325 593 390 ΔΞιῦ

1185 318 1607 397 EUSTATHII
1648 338 2408 401 rnsssammcmms
2447 335 3001 401 neruorum»:

3632 333 3738 399 U0

488 457 720 515 pugnam
754 444 930 500 audax
965 459 1257 516 proruens,
1310 460 1363 503 et
1412 450 1635 521 aliquid,
1675 453 1720 508 si
1758 469 1863 508 non
1906 468 2058 523 mag-

2167 451 2346 523 μάχην
2398 451 2608 523 θρασὺς
2658 450 3062 522 προπηδήσχςκ
3108 443 3406 516 πεπραχὼς
3453 443 3510 498 δέ
3552 462 3605 499 τι
3644 448 3740 502 aut

489 548 636 597 num,
663 537 921 591 adversus
967 537 1279 593 lacessitum
1335 549 1613 609 operatus,
1644 544 1840 599 deinde
1872 547 2058 600 lapsum

476 625 649 681 vellet
697 626 965 693 oblivisci,
1020 630 1163 698 quod
1194 628 1263 683 ab
1311 629 1427 700 ipso
1455 624 1650 702 passus
1679 644 1804 700 est;
1861 651 2061 691 vorans

488 710 1014 795 quasieharitatem,
1047 732 1099 775 et
1127 721 1318 779 nolens
1351 738 1469 780 esse
1497 725 1599 780 sibi
1625 727 1926 795 suﬂicicns,
1965 728 2061 784 fm-

487 813 588 866 dus
628 821 807 867 tamen
859 813 1123 879 invenire,
1190 825 1243 871 et
1276 818 1329 871 in
1384 832 1518 888 pace
1574 822 1777 888 vivere,
1837 832 1892 876 et
1949 837 2057 877 non

483 907 599 971 pati
662 908 975 964 vindictam.
1051 908 1287 964 Evidens
1347 910 1490 967 enim
1545 922 1629 969 est
1691 916 1833 984 quod
1896 914 2058 971 hoino

491 997 579 1051 ille
610 1006 754 1051 tenet
785 999 1119 1067 opinionem,
1154 1016 1314 1070 (piam
1357 1019 1459 1058 non
1513 1005 1905 1073 acceptabilem
1938 1000 2057 1063 esse

492 1104 651 1143 nemo
685 1106 794 1145 non
835 1091 1001 1147 videt.

550 1179 640 1235 58.
678 1180 848 1236 llomo
902 1183 1117 1238 inimice
1186 1182 1403 1256 (loquor
1452 1199 1657 1256 autem,
1721 1193 1859 1249 bene
1906 1198 2053 1261 novi,

486 1271 640 1339 juxta
692 1270 862 1326 solam
894 1276 968 1327 rei
1024 1277 1359 1342 memoriam,
1421 1292 1525 1333 non
1583 1289 1760 1337 tamen
1790 1284 1916 1339 mali
1948 1301 2058 1340 me-

488 1376 606 1413 mor
663 1360 901 1417 dilucere
971 1363 1427 1436 cogitationem);
1478 1368 1661 1440 itaque
1756 1376 2053 1429 secundum

476 1454 735 1518 praedicta
777 1454 1012 1521 inimice,
1042 1472 1148 1512 non
1182 1473 1370 1513 recuso
1397 1460 1597 1528 imdus,
1627 1462 1724 1517 sed
1761 1480 1845 1518 me
1877 1475 2056 1523 custo-

484 1545 598 1599 dire
631 1555 839 1616 satago,
876 1563 974 1603 nec
1008 1549 1140 1618 jam,
1216 1562 1270 1604 nt
1331 1561 1386 1605 lu
1453 1551 1610 1617 dicis,
1649 1554 1775 1608 mali
1810 1557 2050 1614 memini.

481 1633 542 1688 Si
569 1652 652 1688 me
679 1635 828 1705 juxta
861 1642 1150 1707 quamdam
1182 1641 1318 1697 artis
1342 1642 1581 1711 regulam
1618 1656 1831 1714 oportet
1852 1662 2052 1705 nomen

480 1739 704 1794 ponere,
749 1727 871 1782 mali
906 1738 1089 1786 custos
1120 1746 1262 1798 sum,
1290 1731 1374 1788 vel
1405 1734 1676 1790 intellectu
1711 1736 1926 1794 facilius
1976 1740 2056 1796 lo-

2163 546 2303 598 κατὰ
2332 544 2426 599 τοῦ
2481 544 2905 616 πολεμηθέντας,
2939 541 2988 594 εί
3041 539 3137 594 καὶ
3179 539 3253 609 μὴ
3288 539 3459 608 μέγα,
3494 534 3615 591 εἶτα
3646 540 3737 592 τοι·

2164 635 2581 704 ὲπηρεοισθέντα
2612 633 2787 687 ἐθέλοι
2816 628 3166 692 ἐκλαθέσθαι,
3207 627 3235 681 ὃ
3264 642 3315 679 τι
3355 627 3495 696 πρὸς
3521 627 3734 680 ἐκείνου

2162 728 2346 793 πάθοι,
2378 726 2679 801 ἀδηφαγῶν
2723 718 2835 779 οἷον
2875 721 2975 792 τὴν
3008 719 3256 797 ἀγάπην,
3290 716 3386 770 καὶ
3432 716 3507 786 μὴ
3536 716 3739 768 ἐθέλων

2161 820 2354 892 ἄρκιον
2388 818 2537 890 αὐτῷ
2562 811 2727 880 εἶναι,
2775 813 3005 876 σπονδὰς
3049 812 3187 873 τέως
3217 804 3493 877 εὑρέσθαι,
3529 806 3624 859 καὶ
3653 807 3736 857 si-

2162 912 2435 982 ρηνεύειν,
2481 911 2578 965 καὶ
2629 909 2705 980 μὴ
2730 908 2961 978 πάσχειν
2995 904 3229 972 ἄμυναν.
3285 900 3455 972 Δῆλον
3504 900 3633 966 γὰρ,
3663 899 3736 961 ὡς

2160 1004 2377 1074 ἀξίωμα
2402 1005 2430 1057 6
2468 1004 2755 1072 ἄνθρωπος
2778 996 3167 1070 προϐάλλεται,
3197 994 3333 1064 ὅπερ
3372 993 3474 1045 οὐκ
3509 992 3576 1045 ἂν
3606 994 3735 1065 ὁμο-

2158 1096 2371 1164 λογοῖτο
2392 1094 2578 1148 δεκτὸν
2603 1090 2765 1146 εἶναι.

2228 1186 2329 1257 νη⁹.
2364 1171 2594 1256 Πολέμιε
2622 1183 2875 1253 ἄνθρωπε
2904 1180 3074 1252 (λαλῶ
3120 1180 3199 1248 δὲ,
3228 1178 3287 1234 εὖ
3305 1177 3445 1245 οἶδα,
3472 1180 3610 1252 πρὸς
3638 1179 3736 1248 μό-

2157 1296 2254 1348 νην
2291 1277 2609 1348 πράγματος
2643 1276 2866 1346 μνήμην
2893 1313 2908 1338 ,
2942 1273 3004 1327 οὔ
3038 1272 3148 1343 μὴν
3178 1273 3472 1343 σπαράττω
3544 1288 3737 1341 μνησι-

2157 1371 2347 1431 κάκως
2377 1387 2396 1421 ι
2429 1367 2490 1420 τὸ
2515 1367 2737 1435 νὸημα),
2755 1358 2799 1419 ὧ
2815 1363 2994 1418 τοίνυν
3023 1363 3091 1416 τὰ
3118 1364 3224 1433 πρὸ
3241 1362 3443 1418 τούτων
3468 1361 3698 1431 πολέμιε
3719 1377 3735 1393 ’

2157 1462 2258 1516 οὐκ
2287 1444 2613 1533 ἀποστέργω
2645 1457 3030 1526 σπεισάμενος,
3055 1453 3190 1509 ἀλλὰ
3216 1454 3583 1522 φυλάττεσθαι
3640 1471 3736 1523 με·

2157 1552 2319 1618 λετῶ,
2361 1552 2453 1605 καὶ
2513 1552 2611 1605 οὐκ
2667 1549 2791 1620 ἠδη,
2819 1548 2896 1612 ὡς
2948 1548 3015 1602 σὺ
3057 1546 3123 1602 ἂν
3156 1546 3339 1617 εἴπῃς,
3375 1547 3735 1618 μνησικακῶ-

2157 1646 2298 1707 ἁλλ’,
2330 1646 2384 1699 εί
2414 1661 2481 1714 με
2539 1642 2644 1713 χρὴ
2700 1640 2844 1695 κατά
2872 1656 2994 1694 τινα
3052 1639 3251 1709 τέχνης
3301 1641 3507 1691 κανόνα
3555 1636 3734 1707 ὄνομα

2159 1737 2370 1803 θέσθαι,
2427 1734 2799 1805 φυλαξίκακός
2844 1733 2984 1801 εἰμι,
3016 1731 3422 1803 εὐμαθέστερον
3452 1729 3509 1784 δὲ
3537 1732 3734 1795 εἰπεῖν,

480 1820 715 1887 quendo,
781 1820 1016 1888 timidus,
1060 1824 1509 1895 circumspectus,
1572 1828 1807 1886 ﬁrmiter
1845 1830 2057 1889 habens

2167 1828 2353 1894 δειλὸς,
2385 1804 2645 1898 εὖλασὴς,
2680 1826 2773 1880 τὸν
2800 1825 2924 1882 νοῦν
2957 1824 3096 1895 ἔχων
3123 1823 3258 1895 πρὸς
3289 1822 3512 1894 ἐμαυτῷ
3537 1824 3739 1892 ιστυμ.

480 1909 629 1967 intus
676 1922 910 1968 mentem
981 1915 1045 1968 ad
1091 1918 1466 1973 securitatem.
1522 1921 1633 1991 Ego
1660 1938 1790 1979 vero
1820 1924 2055 1995 quodam

481 2005 640 2059 modo
679 2004 889 2063 honoro
942 2008 1093 2063 illum
1144 2004 1253 2081 qui
1297 2012 1427 2066 mihi
1483 2027 1606 2070 sese
1657 2015 1940 2072 inimicum
1992 2032 2057 2073 ac

480 2099 778 2154 terriﬁcum
814 2109 1074 2171 praestare
1118 2112 1348 2162 conatus
1404 2115 1521 2162 est:
1567 2106 1682 2177 jam
1730 2107 1877 2165 enim
1935 2125 2058 2178 per-

480 2192 709 2248 timesco
747 2193 1043 2264 hominem,
1106 2198 1246 2255 sicut
1304 2200 1619 2269 praedictum
1683 2213 1789 2269 est,
1853 2213 1908 2259 et
1959 2221 2057 2275 pro

479 2298 676 2354 magno
708 2286 860 2341 illum
890 2303 1050 2358 pono,
1099 2300 1154 2347 et
1187 2292 1266 2346 sic
1313 2293 1446 2348 mihi
1499 2295 1753 2365 inprimis
1779 2313 1966 2363 caveo,
2002 2308 2059 2355 et

480 2374 730 2444 observo,
769 2395 836 2435 ne
875 2384 1089 2449 quando
1159 2385 1284 2455 quis
1350 2386 1564 2444 insidiis
1595 2390 1793 2447 iterum
1847 2391 2054 2461 positis,

482 2473 740 2538 tanquam
775 2471 1059 2528 inimicitia
1125 2477 1389 2544 gaudens,
1440 2477 1807 2551 dicat,’fquod
1862 2482 2056 2538 adver-

481 2575 599 2615 sum
664 2575 751 2616 me
806 2562 1105 2631 praevaluit.
1165 2564 1281 2623 Non
1340 2583 1484 2633 sum,
1542 2585 1577 2624 ο
1628 2569 1822 2638 frater,
1897 2574 2058 2631 homo

481 2666 705 2721 prorsus
784 2656 849 2711 de
924 2659 1114 2726 turba,
1179 2675 1279 2717 nec
1339 2664 1406 2718 de
1474 2662 1674 2735 vulgo,
1732 2669 1827 2722 sed
1887 2669 2059 2737 quod-

485 2749 606 2801 dam
638 2748 778 2803 inter
810 2751 1256 2833 homineshabeo
1279 2757 1464 2827 decus,
1507 2765 1564 2813 ut
1598 2767 1877 2833 reputaret
1927 2759 2058 2818 illud

484 2838 677 2910 aliquis
723 2855 754 2897 e
797 2842 935 2898 bene
985 2848 1443 2916 cognoscentibus
1502 2866 1623 2920 qua;
1668 2862 1852 2908 nostra
1912 2863 2057 2909 sunt.

481 2929 562 2984 Ad
596 2938 766 2986 totum
825 2940 1006 2988 autem
1070 2948 1178 2990 uno
1239 2939 1408 2994 verbo
1459 2940 1770 3005 dicendum,
1799 2958 1900 3013 ego
1938 2959 2057 2999 sum

487 3020 603 3091 ipse
636 3024 942 3092 possidens.
981 3023 1172 3094 Porro,
1197 3030 1242 3083 si
1290 3030 1400 3084 vult
1442 3029 1643 3086 invidia
1673 3036 1739 3087 ad
1780 3034 2061 3105 possiden-

2160 1921 2337 1992 μένως
2371 1921 2451 1983 είς
2497 1917 2831 1989 ἀσφάλειαν.
2873 1914 3021 1985 Ἐγὼ
3051 1915 3111 1968 δέ
3144 1931 3263 1978 πως
3316 1916 3412 1968 καὶ
3464 1914 3614 1983 τιμῶ
3645 1914 3739 1969 τὸν

2159 2015 2256 2067 καὶ
2305 2010 2669 2083 ἑχθράναντα,
2723 2007 2821 2063 καί¹
2854 2005 3090 2076 φοϐερόν
3138 2023 3233 2077 μοι
3277 2005 3593 2059 ἔσπευκὸτα
3643 2020 3738 2071 γε-

2161 2102 2372 2159 νέσθαι.
2419 2099 2697 2172 Πτοοῦμαι
2724 2099 2834 2170 γὰρ
2872 2099 2974 2169 ήδη
3007 2098 3098 2151 τὸν
3141 2096 3332 2167 ἄνδρα,
3368 2096 3515 2150 καθὰ
3566 2095 3739 2166 προῦ-

2159 2192 2303 2258 θετο,
2336 2192 2430 2246 καὶ
2475 2192 2534 2246 ἒν
2569 2189 2856 2261 μεγαλείῳ
2904 2190 3114 2243 ἐκεῖνον
3164 2187 3413 2258 τίθεμαι,
3449 2189 3545 2241 καὶ
3590 2186 3739 2241 οὕτω

2158 2283 2416 2357 προσέχω
2442 2280 2670 2355 ἐμαυτῷ
2703 2280 3014 2357 γραφικῶς,
3055 2279 3154 2335 καὶ
3183 2278 3601 2351 ,συντηροῦμαι,
3633 2281 3740 2349 pf,-

2157 2376 2289 2431 ποτε
2323 2393 2405 2440 τις
2434 2376 2589 2447 λόχον
2633 2375 2729 2429 καὶ
2770 2374 2935 2429 πάλιν
2968 2372 3221 2439 καθίσας,
3272 2366 3359 2425 οἷα
3408 2371 3698 2442 φίλεχθρος
3720 2410 3737 2434 .

2158 2468 2297 2538 ἐρεῖ,
2345 2467 2427 2521 ὅτι
2476 2466 2664 2536 ἴσχυσε
2725 2465 2850 2520 κατ’
2879 2463 3037 2535 ἐμοῦ.
3091 2463 3208 2516 Οὐκ
3250 2462 3392 2531 εἰμὶ,
3427 2456 3479 2525 ιῖιΔ
3514 2461 3737 2530 adsies,

2158 2559 2437 2623 παντελῶς
2460 2557 2751 2630 ἄνθρωπος
2771 2555 3000 2627 τύρϐης,
3030 2554 3151 2608 οὐδὲ
3174 2553 3284 2607 τῶν
3307 2553 3448 2608 πάνυ
3470 2551 3739 2622 τυχαίων.

2159 2652 2274 2706 ἀλλ’
2304 2651 2413 2722 ἔχω
2448 2668 2502 2705 τι
2539 2651 2637 2704 καὶ
2682 2649 3044 2719 ἑπικόσμημα
3091 2644 3203 2700 τῶν
3248 2645 3370 2699 κατ’
3424 2644 3739 2715 ἄνθρωπον,

2158 2744 2188 2799 ὃ
2218 2743 2271 2798 τί
2307 2741 2439 2797 ποτέ
2485 2758 2567 2805 τις
2595 2740 2773 2794 ἐκεῖνο
2820 2737 3099 2808 λογίσεται
3150 2734 3260 2789 τῶν
3308 2730 3370 2788 εὖ
3402 2734 3622 2787 είδότων
3668 2733 3740 2787 τὰ

2159 2837 2285 2893 καθ’
2314 2836 2485 2908 ἡμᾶς.
2532 2832 2622 2898 Ὠς
2656 2832 2715 2908 ἓν
2748 2832 2805 2886 δὲ
2834 2830 2895 2884 τδ
2926 2831 3035 2884 πᾶν
3057 2829 3254 2890 εἰπεῖν,
3286 2825 3399 2897 ἔχω
3437 2828 3531 2880 καὶ
3551 2826 3738 2887 αὑτός.

2161 2931 2225 2984 Et
2254 2906 2320 3001 δὴ
2344 2927 2482 2999 πρὸς
2526 2924 2620 2978 τὸν
2654 2906 2851 2994 ἔχοντα
2872 2921 3068 2992 ἕρπειν
3103 2921 3132 2974 6
3178 2919 3371 2988 φθόνος
3423 2917 3623 2982 ἐθέλει,
3654 2919 3741 2981 τίς

2162 3019 2323 3091 aut:
2358 3019 2525 3091 πείσῃ
2568 3017 2644 3086 μὴ
2676 3016 2776 3086 οὐχ
2810 3011 3118 3084 ὑφορᾶσθαι
3147 3012 3244 3081 τὴν
3274 3010 3533 3080 τοιαύτην
3577 3007 3746 3062 ﬁmus

493 3122 602 3167 tem
648 3108 887 3186 irrepere
917 3155 934 3181 ,
1004 3118 1127 3188 quis
1201 3120 1334 3176 mihi
1396 3123 1648 3179 suadebit
1700 3140 1770 3180 ne
1820 3126 2061 3196 Suspicer

2167 3109 2258 3185 λον
2294 3110 2483 3181 ῑρψιν,
2523 3104 2819 3187 καὶταῦτα
2868 3104 2956 3185 ἐφ’*
2985 3099 3065 3166 οἷς
3101 3100 3592 3196 ήδη-καθείρπυσέ
3638 3117 3742 3196 μου

400 3220 407 3233 ν
487 3205 650 3263 talem
701 3209 1075 3278 irreptionem,
1123 3211 1287 3283 idque
1325 3213 1380 3267 in
1450 3213 1557 3280 his,
1640 3216 1707 3270 ad
1760 3222 1878 3287 qua:
1949 3217 2062 3287 jam

488 3307 675 3353 contra
712 3315 797 3356 me
825 3301 1013 3358 dolose
1042 3302 1286 3373 irrepsit,
1312 3318 1410 3360 nec
1438 3306 1631 3370 semel,
1665 3321 1764 3362 nec
1790 3305 1874 3361 bis
1899 3306 1922 3360 τ
1948 3305 2063 3362 Non

488 3399 654 3454 certe,
696 3390 822 3446 licet
874 3393 1080 3449 centies
1146 3394 1341 3463 aliquis
1399 3396 1533 3451 mihi
1571 3396 1698 3452 mali
1736 3398 2061 3454 memoriam

488 3480 863 3557 exprobraret,
925 3482 993 3536 ab
1038 3482 1239 3538 invidia
1295 3486 1513 3541 vitanda
1596 3487 1945 3555 desisterem,
1996 3489 2065 3544 ab

492 3567 585 3621 illa
629 3570 872 3637 quidem,
908 3587 1031 3640 quae
1088 3575 1327 3629 nondum
1369 3589 1491 3633 sese
1542 3577 1938 3643 maniiestavit,
1972 3579 2066 3634 sed

491 3659 791 3729 praesertim
824 3662 891 3715 ab
927 3676 988 3717 ea
1034 3678 1153 3734 quae
1193 3666 1538 3734 apertissime
1566 3681 1626 3723 se
1660 3667 1920 3737 protulit.

558 3752 648 3810 59.
679 3754 793 3828 Ego
834 3769 967 3811 vero
1026 3770 1245 3827 quoque
1293 3760 1408 3815 scio
1438 3760 1563 3814 mali
1599 3760 1916 3815 memoriam
1944 3775 2067 3817 esse

488 3850 703 3919 quidem
769 3863 994 3918 prorsus
1067 3852 1351 3917 malitiam,
1413 3853 1842 3923 etiniquitatum
1897 3853 2068 3922 pessi-

490 3955 651 4005 mam,
713 3952 766 3998 et
789 3944 911 4000 huic
956 3959 1059 3999 non
1115 3959 1275 4014 posse
1320 3947 1667 4013 contradici;
1701 3947 1844 4018 quod
1886 3956 2065 4001 autem

489 4033 686 4104 aliquis
731 4036 957 4106 pacilice
1012 4038 1394 4107 patienterque
1448 4039 1798 4105 meminerit,
1831 4040 1876 4093 si
1929 4038 2068 4093 forte

490 4128 640 4196 prius
691 4139 914 4185 vexatus
961 4138 1067 4195 est,
1100 4138 1296 4200 exepto
1324 4131 1465 4185 scire
1505 4145 1614 4200 quo
1642 4131 1922 4200 pravitatis
1948 4129 2068 4185 loco

492 4219 614 4275 talis
643 4222 892 4289 sapiens,
926 4229 983 4277 ut
1008 4223 1193 4277 vocari
1230 4230 1428 4291 potem,
1467 4236 1780 4290 reponatur,
1811 4223 2062 4293 qualisve

494 4297 728 4364 nominis
780 4311 997 4367 malitias
1040 4313 1347 4382 subiaceat;
1410 4322 1469 4366 ut
1514 4312 1593 4367 sic
1630 4322 1684 4367 et
1719 4312 1853 4382 ipse,
1884 4314 1930 4368 si
1969 4330 2064 4370 va-

488 4404 649 4471 leam,
696 4406 814 4458 vim
844 4403 1067 4460 afferam
1103 4415 1335 4471 naturae,
1358 4420 1589 4476 eamque
1626 4407 1832 4476 privem
1859 4421 2063 4463 memo-

2166 3201 2303 3273 πρὸς
2331 3202 2503 3266 δόλον,
2549 3200 2646 3254 καὶ
2669 3199 2766 3269 οὐχ
2822 3194 2993 3260 ἅπαξ,
3032 3194 3155 3259 οὐδὲ
3182 3193 3302 3258 δίς;
3336 3193 3453 3245 (lim
3504 3193 3595 3255 ἂν,
3630 3191 3743 3245 οὐδ’

2165 3294 2215 3346 εί
2268 3293 2525 3363 μυριάκις
2591 3288 2870 3360 καταλέγῃ
2926 3303 3009 3349 τις
3083 3283 3216 3355 ἐμοῦ
3270 3283 3331 3337 τὸ
3375 3283 3744 3354 μνησίκακον,

2170 3383 2605 3454 μεταστήσωμαι
2635 3379 2730 3433 τοῦ
2760 3378 2854 3444 τὸν
2878 3375 3075 3445 φθόνον
3107 3371 3505 3444 φυλάττεσθαι,
3533 3374 3629 3425 καὶ
3655 3374 3744 3426 τον

2165 3476 2353 3546 ἕτερον
2381 3476 2499 3545 μὲν,
2530 3473 2589 3536 ὃς
2620 3471 2773 3526 οὔπω
2804 3466 3119 3540 προῦφηνεν
3143 3468 3357 3532 ἑαυτὸν,
3395 3466 3635 3536 μάλιστα
3683 3465 3742 3518 δέ

2166 3586 2229 3640 γε
2253 3570 2346 3623 τὸν
2381 3566 2937 3640 παρῤησιασάμενον.

2236 3754 2337 3808 νθ’.
2374 3752 2519 3823 Ἐγὼ
2550 3752 2604 3805 δὲ
2633 3752 2726 3806 καὶ
2756 3752 2932 3803 ἐκεῖνο
2960 3743 3098 3812 οἶδα,
3126 3746 3257 3816 ὡςὴ
3290 3764 3310 3797 r
3345 3742 3688 3812 μνησικακία
3721 3758 3741 3792 ι

2172 3849 2274 3918 μὲν
2312 3847 2481 3900 κακία
2506 3845 2743 3907 πάντως,
2798 3841 2893 3894 καὶ
2925 3839 3134 3895 κακιῶν
3160 3839 3193 3910 ἡ
3222 3838 3492 3908 χειρίστη.
3527 3835 3623 3888 καὶ
3647 3834 3747 3887 οὒκ

2168 3941 2316 3994 ἔστιν
2348 3937 2658 3993 ἀντιπεσείν
2683 3952 2696 3966 ·
2718 3934 2779 3987 τδ
2800 3935 2856 3986 δὲ
2893 3932 3191 4002 εἰρηναίως
3242 3930 3338 3982 καὶ
3386 3925 3614 3990 ἀπαθῶς
3649 3944 3748 3997 με-

2172 4029 2408 4103 μνῆσθαί
2431 4045 2574 4093 τινα,
2601 4026 2655 4079 εί
2689 4025 2744 4078 τί
2769 4042 2873 4078 που
2903 4023 3118 4094 φθάσας
3139 4017 3746 4088 κεκάκωται,γλίχομαι

2171 4120 2377 4178 ίδέσθοιι
2407 4119 2498 4173 τὸν
2531 4117 2674 4172 οὕτω
2714 4117 2904 4185 σοφὸν,
2938 4114 3012 4176 ὡς
3041 4113 3389 4183 ἐξονομάσαι,
3422 4111 3518 4161 ποῖ
3543 4109 3748 4178 φαυλό-

2167 4230 2329 4285 τητος
2357 4211 2636 4278 τέτακται,
2695 4209 2866 4278 κακίᾳ,
2910 4207 2967 4260 δὲ
3007 4204 3136 4275 ποίᾳ
3189 4204 3611 4273 παρωνυμεῖται
3637 4216 3651 4230 ·
3679 4199 3746 4252 ἶν’

2167 4309 2308 4362 οὕτω
2333 4305 2428 4360 καὶ
2464 4303 2616 4374 αὑτῷ
2642 4301 2739 4355 καὶ
2766 4294 2949 4362 eam.
2980 4297 3035 4350 εἴ
3060 4296 3124 4366 γέ
3155 4311 3259 4348 που
3289 4293 3384 4346 καὶ
3414 4292 3744 4362 δυνήσομαι,

2168 4397 2621 4470 κατεπιχειρήσω
2658 4395 2755 4462 τῆς
2790 4393 3034 4462 φύσεως,
3081 4390 3176 4443 καὶ
3211 4385 3476 4455 ὲξωθήσω
3514 4385 3574 4436 τὸ
3608 4399 3746 4453 μνη·

488 4498 568 4552 ria
602 4539 616 4562 ,
649 4512 769 4567 quin
830 4497 953 4552 mali
981 4500 1119 4554 sicut
1159 4497 1287 4554 boni
1321 4538 1337 4564 ,
1395 4513 1717 4567 rursumque
1766 4496 1892 4553 boni
1919 4499 2061 4555 sicut

2170 4491 2390 4560 μονικδν
2421 4487 2614 4559 αὐτῆς,
2651 4486 2681 4540 ὃ
2711 4483 2884 4538 κακοῦ
2914 4482 3013 4553 μὲν
3050 4482 3352 4551 μέμνηται,
3398 4478 3501 4567 ὃτιᾉ
3527 4476 3623 4530 καὶ
3651 4492 3747 4526 κει-

488 4587 615 4642 mali
675 4591 1012 4645 recordatur.
1050 4589 1148 4645 Hic
1175 4605 1396 4662 quoque
1420 4589 1885 4661 distinguendum,
1917 4592 2063 4660 quod

482 4680 573 4736 ille
622 4681 840 4751 quidem
896 4682 1047 4747 boni,
1108 4684 1251 4754 quod
1310 4682 1515 4747 alicubi
1549 4684 1774 4753 reperit,
1804 4685 2067 4741 recorda-

485 4785 568 4828 tus
594 4813 610 4840 ,
644 4775 841 4830 bonam
898 4776 1177 4846 praestabit
1223 4775 1665 4841 retributionem,
1700 4776 1929 4847 gratiam
1965 4789 2065 4846 pro

481 4869 656 4937 gratia
713 4869 995 4935 reddens;
1031 4869 1174 4939 quod
1203 4878 1288 4926 est
1331 4867 1567 4925 hominis
1600 4869 1803 4923 virtute
1820 4866 2062 4939 praediti:

483 4960 574 5030 qni
607 4975 738 5016 vero
759 4961 886 5016 mali
941 4964 1277 5029 recordatur,
1306 4961 1420 5018 sive
1446 4960 1747 5017 vexationis
1780 4961 1849 5016 ab
1880 4959 2066 5029 aliquo

486 5061 742 5120 acceptae,
771 5050 816 5106 si
841 5050 1067 5123 quidem
1107 5052 1336 5107 honeste
1370 5054 1538 5120 vivat,
1570 5053 1674 5110 huc
1701 5065 1871 5123 usque
1888 5051 2069 5117 sistet,

478 5150 540 5197 et
571 5142 635 5196 ad
663 5142 794 5197 nihil
846 5145 1103 5211 procedet
1145 5144 1393 5215 amplius,
1430 5145 1532 5201 nisi
1568 5148 1632 5199 ad
1669 5160 1728 5199 se
1756 5143 2066 5202 custodien-

487 5233 612 5286 dum
643 5273 659 5297 ,
687 5234 857 5291 donec
882 5233 1214 5292 benevolam'
1243 5236 1581 5292 harmoniam
1609 5228 1941 5306 perlongam
1974 5249 2067 5288 ex-

485 5323 803 5390 perientiam
861 5324 1192 5395 probaverit,
1254 5322 1338 5382 vel
1390 5324 1785 5395 abjudicaverit
1858 5322 2068 5381 inimici

486 5408 632 5481 luga.
677 5411 831 5477 Quod
861 5430 992 5470 sane
1025 5416 1242 5471 beatum
1280 5415 1450 5470 David
1477 5432 1509 5471 c
1534 5414 1729 5471 misero
1782 5413 1913 5468 Saul
1940 5411 2097 5476 fecit,

486 5502 695 5556 Salvum
731 5540 748 5569 ,
783 5518 889 5558 non
951 5507 1175 5561 omnino
1228 5506 1352 5561 mali
1393 5520 1690 5561 memorem
1722 5502 2070 5575 (mitissimus

486 5594 632 5648 extim
662 5607 780 5653 erat
844 5594 1132 5668 PrOpheta,
1162 5597 1282 5668 )sed
1335 5613 1365 5654 e
1390 5598 1531 5655 malo
1583 5611 1701 5654 sese
1735 5597 2071 5667 circumspe-

494 5685 674 5744 ctione
707 5690 1123 5774 custodientem.

2165 4579 2282 4649 λοῦ,
2314 4579 2485 4635 καλοῦ
2513 4578 2572 4633 δὲ
2607 4571 2673 4631 αὖ
2714 4576 2898 4640 πάλιν,
2930 4574 3011 4627 ὅτι
3045 4573 3140 4626 καὶ
3190 4569 3389 4624 κακοῦ.
3440 4565 3615 4621 Ἔνθα
3653 4567 3747 4619 καὶ

2163 4672 2485 4743 διοριστέον,
2534 4670 2608 4733 ὡς
2644 4671 2674 4725 6
2708 4669 2809 4742 μὲν
2863 4665 3030 4721 καλοῦ
3070 4663 3441 4734 μεμνημένος,
3486 4659 3625 4728 ὅπερ
3652 4656 3745 4710 εὖ·

2167 4760 2308 4834 ρηκέ
2339 4760 2529 4828 ποθεν,
2560 4760 2966 4829 ἀντευποιήσει,
3016 4756 3239 4828 χάριτος
3284 4751 3623 4821 ἀντιστροφὴ
3652 4751 3752 4819 χὰ-

2170 4873 2254 4927 ριν
2278 4854 2694 4925 ἀντιτικτούσης
2721 4868 2737 4886 ο
2773 4851 2870 4905 καὶ
2910 4850 3027 4903 ἔστι
3060 4848 3222 4901 τοῦτο
3269 4841 3566 4916 ἀνθρώπου
3620 4845 3751 4911 aps-

2168 4944 2471 5010 ταίνοντος.
2514 4944 2574 5000 ὐ
2603 4944 2660 4999 δὲ
2692 4940 2866 4999 κακοῦ
2895 4937 3268 5012 μεμνημένος,
3307 4934 3408 4989 εἴτ’
3437 4931 3535 4988 οὖν
3564 4936 3751 4986 κακῶ-

2173 5055 2310 5102 σεως
2339 5036 2441 5107 τῆς
2477 5036 2543 5093 ἐκ
2592 5053 2762 5103 τινος,
2805 5036 2855 5088 εί
2894 5033 2996 5106 μὶν
3023 5027 3449 5095 σπουδαιότερον
3494 5023 3625 5095 βιοῖ,
3659 5022 3753 5093 μὲ-

2171 5147 2265 5201 χρι
2314 5128 2468 5182 τοῦδε
2523 5129 2751 5199 ὲστήκοι
2793 5127 2882 5192 ἃν,
2934 5123 3027 5178 καὶ
3080 5123 3163 5184 εἰς
3219 5117 3376 5172 οὐδὲν
3429 5114 3748 5187 προχωροίη

2173 5219 2359 5283 πλέον,
2390 5218 2424 5291 ἥ
2454 5219 2515 5273 τὸ
2548 5217 2942 5288 φυλάττεσθαι,
2973 5214 3164 5285 μέχρις
3186 5210 3253 5264 ἂν
3281 5210 3310 5261 6
3341 5209 3401 5263 ὲν
3447 5209 3566 5270 τοῖς
3611 5222 3756 5275 πρα-

2171 5294 2355 5376 κτέοις
2391 5314 2629 5384 γνώμων
2660 5311 2693 5382 ἢ
2735 5309 2962 5380 ἐγκρίνῃ
2992 5303 3211 5376 φιλικὴν
3240 5300 3509 5372 ἁρμονίαν
3536 5301 3603 5370 τῇ
3651 5314 3755 5368 μα-

2173 5407 2284 5478 κρᾷ
2310 5404 2624 5478 δοκιμασίᾳ,
2646 5404 2693 5475 λῆ
2720 5401 2992 5475 ἀποκρίνῃ
3035 5401 3093 5462 ἐς
3143 5396 3205 5450 sb
3238 5391 3633 5462 ὲκδιδράσκειν
3658 5389 3749 5443 τὸν

2174 5487 2643 5569 ἐχθραίνοντα.,’0
2671 5484 2736 5563 δὴ
2767 5493 2860 5546 καὶ
2893 5493 2987 5545 τον
3008 5489 3301 5571 ’μακάριον
3335 5480 3505 5536 Δαυῒδ
3543 5480 3749 5545 ἔσωζεν

2178 5586 2243 5644 ἐκ
2273 5586 2368 5640 τοῦ
2419 5585 2604 5639 ἀθλίου
2646 5581 2848 5649 Σαοὺλ,
2900 5580 2963 5633 οὗ
3026 5572 3474 5650 μνησικακοῦντα
3537 5570 3752 5633 πάντως

2179 5679 2505 5751 (πραότατος
2554 5676 2662 5747 γὰρ
2695 5676 2723 5727 ὁ
2750 5671 3091 5743 Προφήτης),
3136 5665 3552 5739 φυ>.αττὸμενον
3604 5661 3664 5718 δὲ
3688 5662 3751 5714 ἐκ

2180 5770 2276 5827 τοῦ
2303 5767 2474 5823 κακοῦ
2506 5766 2980 5838 προμηθέστεριν.
