3968 6244
285 303 294 319 ’
328 315 429 380 461

1330 306 1629 367 CONTRA
1673 304 2171 366 INJURIARUM
2211 307 2655 371 MEMORIAM.

3488 316 3594 386 462

401 425 463 494 ξ’.
502 426 613 480 Καὶ
663 422 902 486 τοιοῦτος
963 420 1062 492 μὲν
1097 421 1123 472 ὁ
1165 421 1239 483 ὡς
1302 419 1500 490 ὲρῤέθη
1554 419 1902 490 μεμντηιένο,ς

2080 422 2168 475 60.
2207 419 2356 476 Talis
2421 421 2639 490 quidem
2675 433 2757 479 est
2795 423 2886 486 ille
2939 426 3052 496 qui,
3081 425 3224 482 sicut
3257 427 3458 483 dictum
3490 441 3598 485 est.

324 520 524 584 κακοῦ,
560 517 850 586 ἄνθρωπος
885 514 959 567 ὣν
979 514 1187 577 ἐκεῖνος
1216 512 1556 582 ὲμμὲριμνος
1585 512 1683 564 καὶ
1721 513 1900 579 ἀσφα.

325 612 424 678 λης
451 611 548 662 καὶ
590 608 838 662 πλουτῶν
878 608 936 659 ὲν
969 604 1205 670 συνέσει,
1229 604 1321 658 καί
1349 620 1411 671 γε
1445 604 1541 657 καὶ
1588 602 1750 667 αὐτὸς
1798 604 1899 671 εμ-

327 702 570 772 προσθεν
601 702 694 754 καὶ
729 698 956 753 ὄπισθεν
994 695 1227 766 βλέπων,
1264 697 1362 750 εῖτ*
1391 695 1485 748 οῦν
1516 697 1629 758 τοῖς
1661 695 1903 763 φθάσασι

327 796 396 847 τά
447 793 732 847 είσέπειτα
789 791 821 859 ἢ
872 787 1341 859 τεκμαιρόμενος,
1394 789 1426 855 ἢ
1471 785 1595 840 καθ’
1639 786 1898 839 ὑπόνοιαν

329 887 800 957 φαντασιούμενος
837 900 853 916 ο
891 884 920 935 ὁ
961 883 1006 935 δ’
1056 881 1232 944 ἄλλως
1314 880 1663 950 μεμνημένος
1725 879 1900 932 κακοῦ

328 978 466 1048 πρὸς
509 977 744 1046 ἄμυναν,
792 975 901 1028 sire
950 973 1079 1044 μίαν
1119 971 1264 1040 τινὰ,
1303 970 1414 1024 εῖτε
1449 971 1542 1024 καὶ
1587 969 1900 1040 διαφόρους,

327 1070 490 1124 τοῦτο
541 1069 607 1135 δὴ
658 1069 721 1121 τὸ
755 1065 1134 1137 δαιμονιῶδες,
1200 1083 1220 1116 ι
1248 1065 1589 1134 μνησίκακος
1624 1081 1642 1114 ι
1707 1063 1903 1132 ἀκραι-

331 1164 467 1232 Qui};
499 1164 731 1225 ἐκεῖνος,
764 1161 859 1214 καὶ⁵
904 1159 1040 1212 πολὺ
1078 1159 1336 1226 διάφορος
1377 1156 1455 1226 τῷ
1483 1154 1658 1218 ἄλλως
1695 1172 1906 1224 μεμνη·

332 1256 480 1325 μένῳ
520 1252 692 1307 κακοῦ
747 1253 890 1310 κατά
928 1269 991 1320 γε
1017 1250 1078 1304 τὸ
1134 1249 1296 1320 φύσει
1332 1247 1538 1302 τέλειον
1566 1249 1666 1318 τῆς
1699 1246 1900 1318 ψυχῆς.

333 1344 488 1394 Ἔστι
520 1343 576 1395 δὲ
601 1343 708 1411 ἄρα
737 1343 766 1396 ὁ
797 1339 1013 1411 ἀληθῶς
1080 1340 1420 1412 μνησίκακος
1477 1338 1576 1389 οὐκ
1642 1339 1904 1408 ἀπεσχοι-

329 1435 584 1503 νισμένος
631 1434 753 1487 οὐδὲ
806 1432 902 1486 τοῦ
970 1433 1325 1502 χαιρεκάκου.
1390 1429 1628 1490 Ἐκεῖνός
1683 1447 1742 1483 τε
1793 1430 1902 1499 γὰρ

329 1528 585 1598 ἡδύνεται
627 1524 966 1590 κακοποιῶν,
998 1523 1094 1579 καὶ
1148 1524 1176 1576 ὁ
1251 1522 1608 1592 μνησικακῶν
1685 1519 1742 1572 δὲ
1805 1520 1906 1574 οὐκ

330 1621 398 1674 ἂν
464 1618 548 1688 εἴη
613 1617 687 1688 μὴ
740 1618 946 1687 χαίρων
1023 1618 1082 1669 ὲν
1134 1614 1210 1684 τῷ
1275 1615 1660 1684 μνησικακεῖν.
1707 1612 1772 1665 Τί
1839 1611 1902 1682 δή

332 1728 468 1763 ποτε
514 1705 629 1774 οὖν,
658 1703 702 1761 ὦ
737 1709 792 1762 εί
819 1709 963 1770 τινές
988 1724 1090 1760 που
1122 1707 1315 1776 λοχᾶτε
1350 1705 1638 1776 ἀμφίϐολοι
1663 1722 1676 1736 ·
1717 1699 1828 1774 ἄρα
1855 1705 1905 1757 oi

2013 514 2334 568 recordatur
2395 514 2540 580 mali,
2609 531 2732 578 cum
2780 519 3040 574 sithomo
3103 519 3325 574 sedulus
3363 529 3418 575 et
3452 531 3599 576 tutus

2019 615 2072 659 et
2102 605 2399 672 prudentiae
2439 606 2594 665 bonis
2621 609 2789 673 dives.
2828 620 2954 665 ante
2977 620 3231 679 retroque
3261 610 3464 678 videns,
3485 615 3602 667 sive

2011 697 2302 764 praeteritis
2363 699 2544 753 futura
2600 701 2956 771 praesagiens,
2987 702 3068 754 vel
3103 717 3200 770 per
3227 703 3594 773 suspicionem

2011 786 2346 854 imaginans;
2400 789 2491 844 ille
2524 803 2651 846 vero
2675 791 2762 859 qui
2845 806 3004 845 secus
3037 792 3160 844 ntali
3231 793 3476 850 meminit
3531 795 3597 847 ad

2015 877 2329 941 vindictam,
2380 880 2492 936 sive
2546 895 2704 948 unam
2762 882 2956 948 solam,
2988 881 3101 942 sive
3150 881 3597 952 diversas,qnnd

2015 976 2095 1020 cst
2126 969 2451 1024 diabolicum
2485 1010 2498 1034 ,
2528 985 2660 1040 pure
2719 971 2846 1027 mali
2877 986 3080 1028 memor
3104 981 3188 1026 est
3220 980 3274 1026 et
3302 973 3456 1026 valde
3477 975 3598 1028 dis-

2017 1070 2246 1126 crepans
2313 1061 2380 1113 ab
2409 1058 2498 1113 illo
2553 1061 2644 1130 qui
2699 1063 2995 1116 secundum
3068 1063 3369 1117 naturalem
3407 1065 3602 1117 animze

2011 1149 2391 1217 perfectionem
2421 1151 2577 1207 aliter
2623 1153 2748 1207 mali
2807 1153 3141 1209 recordatur.
3193 1153 3309 1208 Non
3335 1165 3426 1220 est
3470 1169 3599 1224 ergo

2018 1254 2142 1296 vere
2211 1242 2339 1296 mali
2399 1258 2608 1298 memor
2648 1259 2676 1297 a
2704 1245 2846 1300 male
2875 1244 3131 1314 gaudenti
3184 1247 3452 1307 diversus.
3497 1245 3601 1301 Iste

2020 1347 2252 1402 namque
2318 1335 2457 1391 male
2512 1335 2719 1393 faciens
2768 1338 3086 1401 delectatur,
3165 1338 3251 1393 ille
3278 1353 3410 1394 vero
3471 1341 3597 1392 mali

2017 1441 2224 1482 memor
2255 1443 2375 1484 esse
2400 1431 2668 1497 nequiret,
2706 1431 2834 1499 quin
2865 1433 2930 1484 de
2981 1429 3106 1484 mali
3162 1431 3420 1486 memoria
3455 1426 3601 1486 laete:-

2017 1529 2125 1580 tur.
2158 1519 2296 1587 Quid
2329 1537 2458 1592 ergo
2485 1523 2720 1588 tandem,
2746 1538 2778 1577 ο
2801 1523 3102 1586 auditores,
3123 1523 3165 1579 si
3183 1523 3402 1594 quidam
3429 1524 3599 1589 ambi-

2016 1610 2107 1678 gui
2169 1612 2372 1682 ponitis
2404 1614 2630 1669 insidias
2665 1616 2688 1668 7
2735 1615 2989 1684 Nunquid
3019 1617 3108 1671 isti
3144 1617 3234 1686 qui
3263 1618 3423 1687 primi
3456 1618 3596 1674 mala

2018 1703 2286 1760 inducunt
2314 1707 2366 1760 in
2409 1705 2685 1762 hominem
2719 1709 3036 1775 innocuum,
3064 1709 3238 1764 vitare
3259 1720 3481 1780 possent
3501 1725 3596 1764 vo-

331 1803 703 1872 κατάρχοντες
763 1800 952 1854 κακῶν
986 1800 1080 1852 ἐπὶ
1121 1797 1397 1869 ἀνθρώπῳ
1440 1798 1592 1852 οὐδὲν
1631 1797 1788 1867 αἰτίῳ
1809 1797 1902 1850 δύ-

2014 1796 2116 1849 cari
2150 1797 2290 1852 male
2325 1802 2620 1867 gaudentes
2649 1800 2673 1853 τ
2701 1798 2818 1854 Non
2859 1814 2957 1870 ego
2987 1811 3135 1870 puto.
3170 1799 3226 1856 Si
3254 1816 3382 1856 vero
3411 1817 3497 1863 res
3521 1803 3594 1856 ita

331 1899 504 1949 vatv'.’
555 1894 621 1948 ἂν
703 1895 964 1962 ἐκφυγεῖν
1043 1893 1105 1945 τὸ
1182 1892 1468 1945 καλεῖσθαι
1537 1891 1899 1962 χαιρέκακοι;

331 1989 448 2041 Οὐκ
503 1987 678 2054 ἔγωγε
726 1980 904 2053 οἶμαι.
955 1984 1017 2038 Et
1045 1984 1102 2038 δὲ
1153 1983 1333 2050 τοῦτο,
1363 1984 1466 2037 οὐκ
1513 1984 1580 2036 ἂν
1627 1983 1749 2036 οὐδὲ
1806 1981 1901 2034 τοῦ

332 2079 694 2149 μνησικακεῖν
732 2079 781 2132 οἱ
821 2076 1054 2134 τοιοῦτοι
1101 2075 1391 2145 ἀπέχοιντο
1437 2075 1525 2129 ἄν.
1582 2073 1649 2132 Τί
1706 2073 1772 2143 δὴ
1809 2071 1901 2129 οὖν

328 2172 544 2242 ἑτέροις
595 2172 665 2225 τὰ
729 2172 877 2239 σφῶν
924 2170 1105 2225 αὐτῶν
1139 2169 1447 2234 ὲπικλῶσι;
1479 2168 1587 2222 Καί
1641 2185 1744 2221 που
1807 2168 1899 2224 καὶ

2019 1895 2144 1952 est,
2181 1903 2281 1944 nec
2333 1902 2364 1942 a
2430 1890 2555 1944 mali
2603 1894 2864 1947 memoria
2929 1893 3061 1952 tales
3108 1893 3300 1949 abesse
3327 1895 3590 1951 valerent.

2010 1977 2148 2046 Quid
2179 1981 2344 2051 igitur
2373 1982 2495 2038 aliis
2542 1999 2637 2038 sua
2699 1985 2915 2056 propria
2970 1986 3253 2042 tribuunt?
3297 1986 3400 2056 ipsi
3454 1987 3594 2052 forte

2009 2073 2342 2144 populariter
2398 2075 2548 2130 aiunt
2611 2083 2669 2130 ut
2703 2077 2790 2132 ille
2859 2080 2938 2134 sic
2987 2081 3294 2145 mentiendo
3333 2098 3347 2134 :
3391 2079 3586 2148 Nostra

2011 2175 2099 2224 tua
2128 2173 2255 2220 sunt
2284 2183 2298 2233 ;
2331 2175 2385 2221 et
2416 2182 2515 2224 nos
2540 2167 2779 2228 ridentes
2807 2171 3146 2228 mirabimur.

327 2267 486 2319 αὐτοὶ
534 2267 930 2338 δημοκοπικῶς
953 2283 1088 2336 φασι
1128 2266 1266 2338 πρὸς
1314 2264 1588 2319 τδνσοῦτω
1631 2260 2180 2336 ψευδώνυμούμενον,
2208 2262 2284 2326 ὡς
2321 2263 2390 2316 τὰ
2465 2265 2712 2335 ἡμετέρα
2781 2267 2872 2331 σά,
2927 2267 3026 2321 καὶ
3095 2271 3258 2339 ἡμεῖς
3324 2270 3592 2338 γελῶντες

327 2362 808 2433 ἐπεγχανούμεθα.

403 2456 501 2521 ξα⁶.
565 2458 783 2512 Ἐπεισί
816 2476 928 2528 μοι,
961 2452 1006 2512 ὢ
1037 2458 1190 2528 φίλον
1231 2459 1604 2530 ἀκροατήριον
1627 2499 1641 2523 ,
1665 2457 1761 2512 καὶ
1793 2457 1908 2509 εἰσ-

330 2546 415 2598 έτι
479 2545 714 2615 λαλῆσαι
765 2549 904 2618 πρὸς
954 2547 1322 2618 μνησικακίας
1387 2547 1739 2618 διάρθρωσιν.
1791 2548 1904 2600 Μέ-

335 2640 540 2709 μνηταί
566 2657 682 2704 πως
713 2642 806 2694 καὶ
835 2640 1032 2712 βρέφος
1061 2640 1379 2708 κακώσεως,
1413 2641 1745 2712 τιθηνούσης
1773 2639 1906 2693 αὐτὸ

332 2732 427 2789 καὶ
456 2727 598 2783 οὕτω
623 2729 721 2800 τῆς
755 2730 992 2800 φύσεως,
1039 2729 1135 2784 καὶ
1177 2728 1386 2800 πληγὲν
1435 2729 1584 2795 ἅπαξ
1609 2731 1778 2800 χειρὶ,
1810 2731 1906 2784 καὶ

333 2821 444 2875 ιδὸν
473 2816 646 2890 αὐτὴν
694 2819 937 2886 εἰσαῦθις
983 2819 1237 2875 ὁπωσοῦν
1263 2820 1623 2892 ἐπαρθεῖσαν,
1681 2820 1904 2873 συστέλ-

333 2912 485 2972 λεται
523 2911 668 2982 λόγῳ
702 2913 926 2984 μνήμης
961 2912 1126 2978 τινὸς,
1152 2911 1247 2967 καὶ
1301 2913 1333 2982 ἡ
1377 2911 1651 2980 φαντασία
1680 2911 1904 2980 σφίγγει

335 3006 469 3060 αὐτὸ
500 3004 924 3074 δειλαινόμενον.
947 3006 1080 3071 Καὶ,
1111 3002 1288 3074 οἴμαι,
1317 3006 1419 3058 οὐκ
1449 3004 1552 3075 ήδη
1597 3021 1904 3082 «μνησικα-

332 3100 420 3150 κεῖ
479 3098 682 3162 ἐκεῖνο,
717 3099 874 3165 εῐπερ
927 3096 1092 3166 ἠμὲν
1152 3095 1490 3167 μνησικακία
1560 3095 1728 3148 κακία
1767 3094 1906 3148 πάν-

2077 2452 2165 2507 6t.
2234 2453 2495 2523 Superest
2549 2455 2727 2510 adhuc
2774 2455 2905 2510 mihi
2964 2455 3332 2517 dicendum..o
3369 2460 3593 2530 charum

2011 2544 2336 2598 auditorium
2373 2585 2388 2610 ,
2419 2545 2486 2599 de
2517 2545 2638 2600 mali
2733 2548 3006 2602 memoria:
3090 2564 3371 2620 compage.
3404 2529 3408 2533 ί
3467 2552 3590 2622 Μαιί

2010 2636 2405 2705 quodammodo
2441 2637 2684 2692 meminit
2717 2638 2919 2705 infans,
2954 2641 3070 2708 ipsa
3121 2641 3200 2695 sic
3238 2643 3465 2702 docente
3490 2661 3592 2699 ua-

2011 2738 2153 2793 tura,
2213 2728 2488 2798 semelque
2544 2745 2705 2786 manu
2754 2747 3045 2802 percussus
3087 2773 3100 2796 ,
3139 2737 3183 2788 si
3231 2734 3409 2790 denuo
3437 2736 3584 2791 videt

2012 2820 2157 2881 illam
2208 2823 2697 2892 quomodocnnque
2755 2824 3050 2891 sublatam,
3079 2826 3360 2896 cujusdam
3389 2842 3591 2886 memo~

2014 2911 2108 2965 riae
2169 2914 2384 2969 ratione
2410 2916 2823 2984 constringitur,
2847 2924 2905 2971 et
2948 2917 3259 2987 imaginatio
3295 2921 3586 2976 tremulum

2013 3001 2164 3057 illum
2196 3007 2413 3076 premit.
2468 3007 2536 3061 Et
2599 3015 2751 3077 puto,
2783 3022 2886 3062 non
2908 3011 3020 3078 jam
3047 3009 3134 3064 ille
3161 3011 3295 3064 mali
3327 3014 3588 3082 meminit,

2016 3104 2282 3174 siquidem
2340 3101 2471 3156 mali
2529 3104 2789 3158 memoria
2824 3117 3048 3170 prorsus
3067 3103 3270 3158 malitia
3302 3107 3592 3170 cst.inians

328 3204 434 3250 τως
480 3187 679 3258 βρέφος
723 3187 779 3242 δὲ
839 3186 984 3241 ἅπαν
1038 3189 1238 3250 κακίας
1283 3186 1658 3242 ἀνεπίδεκτον.
1692 3187 1902 3275 Οὔκουν

2016 3208 2192 3253 autem
2253 3196 2478 3250 omnino
2528 3194 2749 3258 malitiae
2775 3205 2859 3249 cst
2899 3196 3145 3264 incapax.
3181 3196 3298 3252 Non
3330 3198 3493 3268 igitur
3523 3216 3590 3254 cx

333 3281 697 3348 μνησικακεῖν
765 3280 826 3348 ἐξ
857 3281 1104 3352 ἀνάγκης
1153 3281 1271 3334 ἐστὶ
1319 3280 1380 3334 eo
1435 3279 1750 3351 μεμνῆσθαι
1804 3298 1916 3355 κατ’

330 3373 578 3436 κώσεως.
649 3375 886 3444 Μνήμην
941 3374 1125 3446 ἔχουσι
1191 3374 1282 3428 τοῦ
1344 3373 1649 3429 κακοῦσθαι
1709 3375 1804 3427 καὶ
1849 3375 1898 3427 οί

330 3465 863 3535 παιδαγωγούμενοι,
931 3468 1020 3519 καὶ
1057 3465 1388 3535 βελτιοῦνται
1418 3468 1485 3538 τῇ
1532 3467 1744 3539 μνήμῃ,
1775 3467 1900 3518 ἐνα-

329 3558 554 3627 γόμενοι
601 3559 667 3627 τῇ
698 3557 931 3624 εἰσάπαξ
984 3557 1228 3610 κακώσει
1265 3559 1402 3628 πρὸς
1431 3558 1494 3612 τὸ
1552 3559 1628 3629 μὴ
1659 3559 1755 3612 καὶ
1778 3560 1904 3626 ἐφε-

332 3648 430 3718 ξῆς
457 3649 794 3720 ἐφαμαρτον.
829 3652 937 3704 Καὶ
967 3650 1084 3704 ἔστι
1127 3653 1220 3704 καὶ
1253 3653 1286 3722 ή
1313 3651 1535 3722 τοιαύτη
1564 3651 1658 3706 τοῦ
1721 3669 1904 3706 κακω-

331 3740 492 3810 θῆναι
539 3744 730 3812 μνήμη
785 3743 894 3796 οὐδ’
951 3743 1089 3814 αὑτὴ
1156 3744 1516 3814 μνησικακία,
1581 3746 1798 3813 φύσεως
1845 3746 1902 3799 δὲ

333 3833 670 3902 συντήρησις
705 3834 787 3896 είς
841 3832 1091 3896 παιδείας
1141 3833 1464 3901 ἀσφάλειαν.
1532 3833 1744 3888 Οὐκοῦν
1805 3833 1902 3887 καὶ

331 3920 516 3990 ἡλικία
560 3924 714 3976 πᾶσα
764 3924 795 3992 ή
852 3922 972 3977 κατ’
1000 3922 1287 3991 ἄνθρωπον
1341 3923 1441 3992 τῆς
1467 3921 1640 3992 αὐτῆς
1672 3923 1902 3977 attolen-

333 4012 456 4076 θίας
509 4014 715 4080 ἕξεται,
751 4016 846 4068 καὶ
901 4017 960 4068 ἐν
1011 4015 1243 4088 οὐδεμιᾷ
1315 4015 1684 4086 μνησικακίας
1752 4015 1902 4068 ἔσται

333 4105 608 4170 ἀπόδειξις
653 4108 686 4176 ή
713 4106 816 4176 τῆς
854 4107 1156 4170 κακώσεως
1205 4107 1535 4178 ἀνάμνησις.
1578 4106 1792 4162 Ἐπαθέ
1819 4124 1903 4171 τις

333 4197 393 4265 ἐξ
421 4198 739 4268 ἀπροόπτου
798 4198 1013 4270 πληγὴν
1047 4197 1339 4253 ὁποιανοῦν
1391 4197 1738 4270 παροδεύων,
1803 4199 1903 4252 καὶ

334 4290 707 4361 ἀναλαμϐάνει
763 4290 904 4362 τάχα
961 4292 1206 4363 μνήμην,
1253 4285 1315 4346 οῦ
1385 4291 1593 4346 πάθοι·
1650 4292 1747 4346 καὶ
1788 4291 1901 4356 οὐδ’

335 4381 499 4444 αὐτος
562 4383 912 4452 μνησικακεῖ,
943 4381 1026 4434 ὅτι
1084 4381 1216 4452 μηδὲ
1282 4381 1363 4444 εἰς
1415 4381 1769 4450 ἀνταπόδομα
1803 4398 1902 4437 κα-

2011 3289 2340 3345 necessitate
2389 3288 2513 3341 mali
2574 3287 2886 3342 meminisse
2931 3295 3016 3342 est
3074 3289 3373 3346 vexationis
3407 3306 3592 3345 recor-

2006 3383 2142 3436 dari.
2190 3379 2503 3436 Memoriam
2551 3381 2767 3447 habent}
2800 3378 2926 3433 mali
2955 3379 3096 3447 quod
3127 3380 3472 3452 pertulerunt
3495 3384 3585 3452 qui

2004 3474 2104 3528 sub
2142 3467 2432 3544 paedagogo
2470 3481 2615 3535 sunt,
2655 3482 2706 3525 et
2733 3472 2832 3524 ista
2867 3471 3124 3528 memoria
3146 3471 3279 3526 ﬁunt
3313 3471 3586 3540 meliores,

2005 3566 2290 3620 vexatione
2333 3563 2498 3618 semei
2553 3574 2776 3632 accepta
2837 3564 3042 3619 indltctl
3110 3564 3176 3618 ad
3225 3577 3330 3618 non
3360 3578 3586 3632 peccari.

2006 3657 2132 3711 dum
2197 3659 2248 3714 in
2303 3667 2602 3726 posterum.
2673 3645 2741 3712 Et
2794 3655 3100 3726 hujusmodi
3161 3659 3419 3714 memoria
3465 3659 3588 3713 mali

2006 3751 2150 3819 quod
2182 3749 2390 3823 illatum
2433 3757 2516 3803 est
2555 3789 2571 3809 .
2610 3763 2707 3803 nec
2731 3749 2843 3817 ipsa
2887 3759 2970 3802 est
3031 3749 3155 3801 mali
3191 3749 3590 3818 memoria,sed

2007 3853 2213 3896 natura:
2271 3840 2517 3895 custodia
2593 3840 2659 3893 ad
2720 3839 3024 3907 disciplittte
3079 3849 3336 3895 tutamen.
3402 3841 3593 3908 itaque

2005 3933 2170 3988 etiam
2229 3933 2408 3986 omnis
2441 3940 2575 3988 tetas
2639 3930 2879 3986 hominis
2907 3930 3214 3997 hujusmodi
3273 3931 3586 3985 comitatum

2006 4025 2278 4090 retinebit,
2330 4032 2383 4078 et
2429 4024 2480 4076 in
2514 4021 2656 4084 nulla
2711 4021 2835 4077 mali
2896 4020 3168 4085 memoria!
3205 4022 3308 4074 erit
3359 4021 3592 4077 demon-

2005 4116 2203 4171 stratio
2236 4156 2251 4180 ,
2285 4115 2403 4170 hac
2464 4112 2775 4168 vexationis
2805 4112 3131 4168 recordatio.
3159 4112 3356 4174 Passus
3383 4122 3466 4169 est
3497 4113 3592 4167 ali-

2012 4205 2228 4280 quisab
2282 4203 2542 4261 invisibili
2569 4203 2858 4275 quamdam
2901 4203 3136 4273 plagam,
3159 4205 3453 4274 statimque
3479 4223 3590 4260 nte-

2005 4297 2234 4357 moriam
2271 4296 2393 4374 ejus
2449 4296 2593 4367 quod
2644 4295 2865 4366 pertulit
2922 4295 3083 4350 habet
3106 4313 3122 4363 ;
3163 4304 3218 4363 et
3249 4295 3352 4364 iste
3375 4309 3592 4367 quoque

2003 4406 2113 4450 non
2148 4386 2284 4446 mali
2338 4388 2610 4454 meminit,
2647 4403 2714 4444 eo
2745 4389 2894 4458 quod
2925 4388 3058 4459 nihil
3092 4389 3158 4443 ad
3181 4389 3592 4458 retributionem

334 4476 652 4546 ταστρέφει,
681 4475 774 4527 καὶ
807 4474 932 4527 οὐδὲ
976 4474 1429 4544 πολυπραγμονεῖ
1452 4473 1544 4527 τδν
1591 4472 1899 4544 πλήξανταέ

2014 4496 2406 4554 parat,neque
2467 4483 2713 4538 vulneris
2768 4483 3013 4537 datorem
3066 4481 3321 4551 inquirit.
3371 4480 3430 4540 Si
3461 4493 3590 4535 vero

338 4567 401 4634 Et
444 4567 500 4622 δὲ
555 4569 654 4621 καὶ
695 4566 1028 4637 φυλάσσεται
1087 4566 1150 4620 τὸ
1187 4566 1292 4635 τῆς
1353 4559 1899 4638 πληγῆςδίσσευμα,

336 4657 434 4712 οὐκ
462 4659 576 4729 ἔχει
609 4659 702 4712 τὸν
733 4659 1087 4730 μεμφόμενον

407 4750 502 4821 ξβ’.
539 4752 681 4820 Ἤδη
733 4769 834 4804 που
870 4753 964 4804 καὶ
998 4749 1148 4820 φιλία
1185 4752 1221 4822 ἡ
1256 4750 1461 4822 ἀληθὴς
1484 4747 1593 4805 οἶδέ
1632 4767 1764 4804 ποτε
1789 4751 1906 4806 δαί-

340 4858 494 4908 μονος
540 4841 722 4912 φθόνῳ
773 4842 868 4894 καὶ
895 4843 1140 4896 κάκωσιν
1194 4859 1337 4908 τινα,
1395 4843 1492 4896 καὶ
1541 4843 1601 4896 τὸ
1651 4843 1904 4898 ἐντεῦθεν

335 4933 647 5004 ἀκολούθως
687 4932 780 4986 καὶ
806 4933 1029 5004 μνήμην
1083 4933 1272 5004 αὐτῆς,
1311 4934 1405 4988 καὶ
1451 4935 1600 5002 ὅμως
1661 4935 1902 5006 οὐδαμοῦ

340 5023 692 5092 παρείσδυσιν
767 5024 886 5077 ἐκεῖ
940 5026 1064 5094 ἔσχε
1107 5026 1171 5079 ’τὸ
1231 5027 1568 5097 μνησίκακον
1599 5043 1614 5057 ·
1662 5029 1796 5083 ἀλλὰ
1842 5030 1903 5082 τὸ

344 5115 439 5183 μὲν
468 5114 729 5169 πταιστδν
779 5116 876 5183 τῆς
921 5117 980 5169 ὲν
1041 5115 1315 5186 ἀνθρώπῳ
1365 5118 1582 5186 φύσεως
1613 5120 1902 5173 κατέσεισε

333 5204 433 5274 τὴν
455 5205 679 5275 φιλικὴν
709 5205 1003 5278 οἰκοδομὴν
1039 5207 1136 5259 καὶ
1166 5208 1424 5275 ὲκάκυνε,
1455 5207 1636 5263 κανὼν
1661 5210 1716 5263 δὲ
1753 5212 1902 5278 φιλι-

337 5299 430 5361 κδς
459 5300 517 5352 τὸ
538 5298 901 5352 κατασεισοὲν
927 5300 1225 5370 ὑπήρεισεν
1251 5296 1430 5370 αὖθις,
1455 5302 1547 5356 καὶ
1577 5305 1656 5366 είς
1688 5303 1902 5373 ἑδραῖον

337 5391 696 5458 ἠσφαλίσατο.
730 5389 885 5459 "Apta
925 5391 1037 5462 γάρ
1069 5393 1096 5445 ὁ
1124 5393 1277 5461 φίλος
1312 5395 1642 5466 ὑπεμνήσθη
1681 5396 1820 5466 πρός
1848 5413 1901 5448 τι

337 5484 503 5534 κακον
553 5482 852 5546 ἐξοκεῖλαι,
881 5482 974 5538 καὶ
1009 5483 1170 5546 εὐθὺς
1199 5486 1515 5539 επανελθὼν
1551 5489 1632 5550 είς
1681 5489 1774 5540 τὸν
1804 5491 1904 5559 τῆς

339 5574 582 5642 ἑταιρίας
633 5574 828 5642 λιμένα
877 5576 1102 5645 κατῆρε.
1153 5577 1263 5630 Καὶ
1308 5578 1416 5651 ἰδοῦ
1473 5579 1660 5650 μνήμη
1725 5581 1896 5633 κακοῦ

335 5660 476 5732 αὓτη
513 5663 866 5735 ἀναπέφηνεν
906 5667 1280 5738 ὲπανάκλησις
1318 5670 1548 5738 ἀγαθοῦ.

414 5753 506 5825 if.
567 5757 726 5812 Ἐστι
775 5757 872 5830 καὶ
935 5763 1312 5832 νεμεσητικῶς
1355 5765 1672 5835 μεμνῆσθαι
1721 5764 1898 5840 κακοῦ

2005 4591 2066 4632 se
2099 4575 2336 4633 custodit
2384 4591 2413 4630 a
2470 4575 2712 4643 vulneris
2767 4575 3053 4630 iteratione
3075 4612 3090 4638 ,
3125 4587 3284 4628 nemo
3315 4573 3590 4642 vitupera-

2004 4666 2084 4721 bit
2109 4681 2256 4721 eum.
3443 4653 3447 4659 ’

2075 4757 2164 4812 62.
2219 4757 2336 4814 Jam
2387 4756 2550 4811 etiam
2609 4754 2844 4824 amicitia
2903 4767 3050 4816 vera,
3077 4753 3334 4823 daemonis
3362 4753 3586 4822 invidia,

2004 4847 2255 4919 cognovit
2309 4845 2603 4915 aliquando
2667 4851 2874 4898 certam
2917 4843 3193 4912 iniuriam,
3219 4852 3274 4900 et
3305 4843 3429 4900 inde
3454 4859 3591 4901 con-

2007 4946 2299 5007 sequenter
2333 4937 2452 5006 ejus
2521 4935 2846 4990 memoriam
2881 4974 2898 5002 ,
2931 4947 2984 4989 et
3032 4936 3256 4991 minime
3281 4945 3459 4992 tamen
3481 4937 3590 4992 huc

2007 5027 2291 5083 introitum
2325 5026 2516 5081 habuit
2573 5025 2694 5080 mali
2753 5025 3011 5080 memoria
3042 5042 3058 5088 ;
3095 5027 3188 5080 sed
3238 5025 3455 5099 quidem
3487 5027 3588 5081 hu-

2008 5127 2180 5174 mana:
2238 5127 2444 5174 naturae
2507 5117 2773 5172 vacillatio
2803 5119 3081 5187 quassavit
3140 5119 3390 5180 amicitia:
3457 5120 3591 5188 aedi:

2006 5211 2186 5265 licium
2219 5218 2273 5266 et
2302 5210 2462 5272 laesit,
2493 5206 2776 5263 charitatis
2804 5217 2982 5264 autem
3009 5209 3208 5278 regula.
3244 5209 3390 5280 quod
3423 5195 3591 5279 quas-

2005 5310 2182 5356 satum
2253 5307 2372 5355 erat
2444 5301 2638 5353 iterum
2703 5296 3024 5354 sulfulsitet
3077 5299 3131 5351 in
3189 5287 3406 5372 {irinum
3453 5313 3590 5353 eon-

2007 5393 2278 5456 solidavit.
2350 5389 2524 5446 Simul
2553 5390 2696 5445 enim
2740 5405 2803 5444 ac
2835 5391 3040 5445 amicus
3070 5392 3384 5446 recordatus
3410 5400 3489 5445 est
3521 5391 3586 5442 ad

2009 5487 2211 5556 aliquid
2261 5484 2462 5540 malum
2525 5482 2836 5553 impegisse,
2901 5486 3082 5538 statim
3107 5483 3174 5536 ad
3201 5481 3432 5538 sodalitii
3466 5495 3591 5550 por-

2007 5590 2118 5633 tum
2161 5579 2374 5633 rediens
2416 5577 2697 5646 applicuit.
2729 5573 2797 5630 Et
2831 5589 2958 5641 ecce
2988 5575 3105 5631 haec
3134 5574 3392 5628 memoria
3454 5573 3582 5627 mali

2005 5673 2256 5742 apparuit
2285 5671 2407 5725 boni
2439 5671 2703 5727 reductio.

2076 5766 2164 5820 63.
2198 5765 2341 5821 Fieri
2391 5779 2606 5836 quoque
2659 5772 2838 5837 potest
2900 5773 2958 5820 ut
2991 5760 3336 5828 indignanter
3390 5754 3595 5835 aliquis
