3968 6244
275 407 379 473 465

1273 397 1578 462 CONTRA
1608 397 2095 461 INJUltIABUM
2135 393 2579 458 MEMORIAM.

3437 391 3541 451 46⁸5

277 543 476 598 μανσιν
507 525 902 592 ἀποστολικήν.
935 519 1000 574 Τί
1035 521 1098 590 δὴ
1134 519 1517 590 παραιροῦμαι
1551 519 1651 588 τῆς
1697 515 1852 584 ὕλης,

1978 534 2253 605 ipostolica
2298 532 2541 588 custodia
2577 531 2743 585 vitam
2794 529 3016 598 degunt.
3064 525 3203 593 Quid
3237 525 3367 578 mihi
3423 541 3540 577 ma-

278 621 338 682 ἐξ
366 613 436 690 ἧς
469 618 780 671 ἀνακύπτει
813 615 882 668 τὰ
940 614 1303 668 διδασκαλικά
1334 630 1348 676 ;
1384 612 1557 682 Δῆλον
1607 610 1742 680 γὰρ,
1781 609 1858 671 ὡς

273 711 620 773 διδασκάλοις
641 709 914 770 τοιούτοις
941 708 1001 760 οὐ
1059 707 1460 776 πανηγυρίζειν
1491 703 1858 766 ὲπαινετικῶς

279 804 496 856 δέδοται
531 803 620 854 ἀεὶ
649 801 778 863 τοὺς
806 799 1239 866 παιδευομένους
1285 795 1745 865 ὑπερεξαίρουσιν
1769 794 1860 846 εὑ-

279 891 589 962 λογητικῶς
623 907 638 921 ο
677 890 791 943 ἀλλ’
841 890 994 942 ἔστιν
1025 882 1085 942 οὗ
1123 896 1216 940 καὶ
1249 887 1595 952 ἐξονειδίζειν
1651 883 1860 955 προφέο

282 1002 437 1056 ρουσι
468 984 540 1037 τὰ
572 983 774 1052 φαῦλα,
814 981 873 1045 ἐξ
899 975 974 1035 ὧν
999 981 1154 1034 αὐτοὶ
1177 979 1503 1049 δακνόμενοι
1531 977 1628 1048 τὴν
1653 977 1858 1048 ψυχὴν,

281 1076 361 1137 είς
390 1076 452 1126 τὸ
491 1072 882 1125 διδασκαλικὸν
913 1071 1149 1132 ἑαυτοὺς
1200 1070 1425 1122 καθιᾶσι
1455 1069 1708 1139 θέατρον.
1749 1066 1859 1119 υθ-

283 1181 393 1227 τως
419 1167 446 1218 ὁ
497 1168 564 1218 ὲκ
606 1164 1019 1225 Καππαδοκίας
1081 1162 1336 1232 ἀνασχὼν
1380 1161 1682 1229 φανότατος
1712 1160 1862 1229 ἣλιος

279 1260 588 1324 Βασίλειος,
617 1259 792 1323 οὕτως
819 1259 847 1310 6
881 1257 1232 1328 συνανασχὼν
1254 1257 1404 1327 αὐτῷ
1432 1257 1686 1326 λαμπρὸς
1713 1272 1863 1323 φωσ-

281 1357 449 1424 φόρος
498 1352 826 1424 Γρηγόριοςο
876 1353 976 1405 οὐκ
1027 1352 1202 1416 ἄλλως
1261 1353 1317 1405 δὲ
1365 1352 1487 1405 οὐδὲ
1527 1352 1556 1402 ὁ
1626 1349 1864 1420 χρυσόρ-

285 1451 411 1517 pou;
476 1447 756 1516 Ἰωάννης,
803 1447 894 1500 ναὶ
962 1446 1072 1516 μὴν
1145 1445 1253 1498 οὐδ’
1300 1444 1510 1516 ἕτερος,
1573 1445 1722 1506 ὅστις
1769 1441 1863 1495 οὖν

281 1537 355 1589 τὰ
387 1538 510 1590 θεῖα
559 1537 756 1598 λαλῶν,
811 1534 906 1599 οὓς
962 1536 1062 1605 μὲν
1119 1533 1558 1596 κατευθύνοντας
1610 1535 1689 1595 είς
1743 1532 1863 1585 ὁδὸν

285 1630 497 1697 Κυρίου
561 1627 774 1700 ἑώρων,
828 1628 1107 1695 εὑλόγουν,
1159 1625 1457 1680 κάντεῦθεν
1498 1625 1698 1696 θάρρος
1751 1625 1864 1677 ἐνε-

285 1721 482 1774 ποίουν
511 1723 609 1774 καὶ
645 1722 737 1772 ἐπὶ
762 1719 828 1772 τὰ
859 1721 981 1786 ἑξῆς
1003 1719 1098 1772 τοῦ
1126 1719 1336 1787 ἀγῶνος
1381 1718 1525 1772 κατὰ
1554 1721 1683 1782 τοὺς
1709 1719 1863 1770 ἀλείς

1965 627 2098 680 tet-ia
2165 622 2522 684 subtrahitur,
2563 635 2594 675 e
2641 635 2746 690 qua
2803 618 2978 673 ﬂuunt
3033 615 3367 672 doetrinales
3425 630 3542 670 ser-

1966 733 2157 772 mooes
2189 717 2212 772 2
2239 714 2585 770 Manifestum
2640 724 2721 768 est
2761 713 2904 766 enitn
2982 710 3123 779 quod
3168 709 3368 763 talibus
3427 723 3541 760 ma-

1963 809 2146 880 gistris
2237 821 2344 859 nou
2425 819 2642 872 semper
2723 803 2884 856 datur
2957 801 3123 857 edere
3187 799 3539 870 panegyricus

1967 898 2324 965 laudibusque
2360 892 2664 963 discipulos
2707 892 3108 958 superexaltare
3156 908 3170 958 ;
3209 900 3420 957 tempus
3457 898 3540 942 est

1966 1001 2146 1044 autem
2179 1002 2289 1059 quo
2315 984 2723 1056 reprehendere
2742 992 2944 1051 cogunt
2974 983 3310 1050 iniquitates,
3339 981 3538 1050 quibus

1966 1083 2199 1136 animam
2238 1079 2344 1146 ipsi
2404 1077 2708 1132 sentientes
2744 1083 3024 1145 punctam,
3064 1074 3114 1124 in
3149 1073 3540 1126 didascalicum

1966 1186 2088 1228 sese
2121 1168 2412 1224 demittunt
2459 1167 2755 1220 theatrum.
2807 1162 2901 1218 Sic
2955 1171 3109 1216 ortus
3137 1177 3167 1216 e
3195 1159 3537 1229 Cappadocia

1966 1261 2438 1336 splendidissimus
2459 1260 2536 1312 sol
2561 1257 2822 1325 Basilius;
2845 1257 2922 1310 sic
2950 1271 3014 1308 ex
3033 1256 3220 1308 eodem
3244 1266 3398 1308 ortus
3424 1255 3539 1308 loco

1969 1356 2183 1422 fulgens
2213 1351 2406 1405 lucifer
2435 1348 2748 1414 Gregorius,
2776 1347 2856 1399 sic
2901 1356 3086 1398 autem
3142 1344 3352 1410 pari‘er
3394 1343 3542 1394 auri-

1967 1447 2108 1501 ﬂuus
2159 1443 2416 1505 Joannes,
2467 1441 2545 1494 sic
2585 1439 2722 1491 alius
2768 1438 3078 1506 quicunque
3121 1435 3303 1488 ιίὶνειιςι
3348 1435 3546 1503 pradi-

1967 1546 2076 1604 cat,
2141 1551 2277 1606 quos
2359 1533 2580 1602 quidem
2663 1539 2812 1583 recte
2891 1527 3249 1597 procedentes
3290 1525 3343 1578 in
3400 1525 3543 1577 viam

1970 1627 2502 1688 Domini-videbant,
2526 1620 2943 1678 benedicebant.
2972 1631 3024 1671 et
3054 1619 3252 1671 exinde
3288 1616 3542 1670 Ilduciam

1968 1719 2306 1789 inspirabant
2341 1717 2408 1770 ad
2443 1715 2624 1768 futura
2657 1711 2980 1772 certamina,
3029 1709 3170 1764 sicut
3230 1709 3411 1776 aliptae
3452 1709 3544 1774 qui

285 1827 449 1875 πτας,
483 1811 532 1864 οἳ
564 1813 678 1873 τοῖς
737 1809 1166 1879 ἀγωλιζομένοις
1222 1810 1590 1879 ἁμφεστῶτες
1641 1811 1709 1863 τὰ
1761 1808 1863 1878 τῆς

1978 1812 2321 1869 iuuantibus,
2356 1815 2604 1862 astantes
2651 1804 2900 1859 victoria:
2943 1802 3129 1855 laudes
3170 1801 3541 1854 celebrabant.

283 1904 444 1972 νίκης
478 1903 816 1973 μεθώδευον.
847 1905 954 1958 Καὶ
979 1905 1388 1972 κατορθοῦντας
1429 1905 1528 1974 μὲν
1558 1906 1820 1972 εὐλόγουν
1846 1922 1860 1938 ·

284 1995 420 2049 εἱδέ
453 2013 558 2048 που
591 1996 816 2065 φαύλως
872 1999 1116 2058 ἐκείνους
1159 1995 1391 2050 ἔϐλεπον
1426 1996 1861 2068 διατιθεμένους,

285 2088 384 2140 καὶ
433 2086 794 2156 ἁχρειοῦντας
839 2087 938 2157 τὴν
982 2087 1307 2156 ἀλειπτῑκὴν
1341 2087 1564 2158 ἀρετὴν,
1593 2090 1688 2142 καὶ
1717 2087 1864 2141 οὕτω

284 2182 401 2242 τοῖς
429 2180 778 2242 διδασκάλοις
831 2179 1170 2241 κακύνοντας
1201 2179 1299 2250 τὴν
1329 2179 1536 2250 ψυχὴν,
1593 2182 1694 2234 οὐκ
1721 2175 1866 2250 εἶχον

286 2271 664 2340 εὐλογητικῶς
697 2272 814 2336 τοῖς
835 2271 1096 2336 τοιούτοις
1121 2274 1555 2344 προσφέρεσθαι,
1586 2274 1700 2327 ἀλλ’
1737 2276 1866 2327 ὲκα-

283 2365 573 2431 κολόγουν,
605 2363 721 2418 ἀλλ’
771 2365 1035 2419 ὀνείδεσιν
1083 2366 1336 2430 ἔπλυνον,
1396 2365 1532 2418 ἀλλὰ
1559 2365 1866 2436 προέφερον

285 2457 360 2508 τὰ
382 2455 753 2526 ἡμαρτημένα
775 2458 854 2516 είς
881 2456 1204 2525 πλατυσμδν
1228 2456 1473 2526 ἐλέγχου,
1498 2455 1612 2510 ἀλλ’
1638 2455 1868 2527 ἐθριάμ-

286 2547 497 2609 ϐευον,
559 2547 652 2600 καὶ
706 2544 877 2600 ταῦτα
935 2548 999 2600 οὐ
1080 2548 1481 2617 μνη-σικακως,
1557 2548 1674 2603 ἀλλ’
1749 2551 1871 2603 ἑπι-

288 2639 684 2710 στρεπτικῶς,
740 2638 796 2691 εί
866 2656 981 2702 πως
1038 2641 1390 2710 αἰσχυντηλοὶ
1454 2639 1866 2708 ἀποφανθέντες

285 2729 429 2798 ὀρθὰ
459 2728 757 2797 βαίνουσιν.
797 2729 858 2782 El
905 2729 963 2782 δὲ
995 2733 1097 2784 καὶ
1133 2729 1377 2796 ἐδακνον,
1409 2723 1491 2794 οἷς
1516 2730 1702 2798 ἔλεγον
1729 2731 1870 2802 (ἔδα-

287 2839 420 2875 κνον
450 2821 509 2873 δὲ
552 2823 618 2874 ἂν
666 2823 885 2885 πάντως
915 2824 1009 2876 καὶ
1066 2822 1248 2889 πλέον,
1282 2826 1442 2894 εἰπερ
1492 2825 1588 2879 ἐὰν
1632 2825 1870 2896 πληγαῖς

285 2913 696 2984 ἐπέστρεφον),
748 2913 1127 2967 διδασκαλικὸν
1176 2915 1286 2985 ἄρα
1326 2917 1420 2968 καὶ
1472 2916 1619 2969 τοῦτ’
1687 2912 1868 2986 ἦν,ού

292 3004 482 3074 μέντοι
539 3004 848 3057 κακωτικδν
889 3005 965 3068 ὡς
1017 3005 1100 3068 εἰς
1165 3004 1402 3075 ἄμυναν,
1461 3005 1551 3058 ἴνα
1586 3005 1681 3059 καὶ
1732 3006 1869 3076 πλη-

281 3095 589 3168 θυνόμενον
619 3096 700 3160 εἰς
746 3115 765 3150 ι
797 3097 1174 3169 μνησικακίαν
1202 3116 1222 3150 ι
1261 3080 1636 3170 ὲγγρὰφηται.

367 3273 483 3343 ξς’.
515 3276 835 3347 Θεωρητέον
859 3270 978 3342 οὖν,
1017 3275 1068 3329 εἰ
1095 3275 1189 3329 καὶ
1218 3275 1329 3344 ἐγὼ
1362 3278 1417 3330 ἐν
1443 3277 1578 3347 τῷδε
1597 3278 1762 3332 τόπου
1787 3295 1875 3333 τε·

287 3365 551 3434 τάξομαι,
584 3366 641 3426 ὃς
678 3367 772 3418 καὶ
805 3365 972 3418 καλοῦ
1017 3365 1389 3436 μεμνημένος,
1421 3359 1482 3420 οῦ
1515 3367 1668 3432 τέλος
1700 3369 1734 3437 ή
1783 3369 1876 3420 εύ-

290 3458 479 3524 λογία,
513 3459 605 3508 καὶ
633 3456 806 3508 κακοῦ
828 3457 905 3522 δὲ,
960 3451 1020 3509 οὗ
1051 3459 1112 3509 τὸ
1156 3457 1414 3527 ἔμπαλιν,
1452 3459 1560 3528 ἔχω
1630 3461 1730 3530 μὲν
1779 3462 1876 3514 καὶ

288 3547 423 3610 τοὺς
485 3546 906 3615 εὐλογημένους,
959 3547 1048 3600 διὰ
1094 3547 1154 3600 τὸ
1201 3547 1609 3616 καλοκάγαθον·
1659 3548 1769 3619 ἔχω
1815 3550 1874 3603 δὲ

291 3637 549 3700 καὶτοὺς
586 3638 855 3691 ἀνάπαλιν
910 3639 1302 3704 ἐκπίπτοντας,
1349 3641 1438 3692 διὰ
1486 3641 1548 3694 τὸ
1606 3641 1668 3697 οὐ
1715 3641 1874 3710 μισὸ-

290 3729 626 3784 κακον.’Καὶ
655 3731 768 3793 τοῖς
798 3729 899 3799 μὲν
929 3731 1060 3799 ἡδὺς
1120 3726 1378 3801 κρίνομαι
1412 3732 1500 3785 διὰ
1558 3733 1657 3804 τὴν
1719 3734 1875 3787 εὐλο-

290 3822 451 3891 γίαν,
495 3824 608 3885 τοῖς
651 3821 709 3873 δὲ
762 3821 1034 3892 δακνηρὺς
1071 3821 1243 3876 διὰτὸ
1277 3825 1352 3894 μὴ
1405 3823 1552 3894 ἔχειν
1602 3825 1872 3893 ἐπαινεῖν,

293 3913 441 3984 πλὴν
491 3916 539 3966 εἰ
576 3917 670 3968 καὶ
700 3913 899 3984 φόρτον
935 3913 1148 3981 ἐπάγω,
1187 3916 1282 3968 καὶ¹
1333 3917 1652 3968 κακοποιεῖν
1708 3915 1870 3969 δοκῶ.

293 4007 444 4060 Ἀλλ’
473 4008 572 4060 οὐκ
625 4009 1010 4077 ἀποστήσομαι
1057 4007 1403 4078 διακείμενος
1450 4006 1645 4072 οὕτως,
1709 4009 1875 4080 πρινὴ

293 4100 525 4169 ἀπογνῶ
564 4102 663 4170 τῆς
713 4101 940 4154 ἐκείνων
991 4100 1354 4169 διορθώσεως.
1412 4101 1547 4154 Τότε
1591 4100 1647 4154 δὲ
1707 4102 1874 4154 καθε-

290 4193 498 4261 δοῦμαι
529 4192 744 4260 ἄφωνος
773 4192 870 4247 καὶ
899 4193 1070 4258 ἐνεδς,
1109 4193 1210 4245 οὐκ
1268 4191 1652 4263 ὲμπαζόμενος
1679 4232 1698 4259 ,
1726 4192 1875 4258 ὅπως

291 4285 362 4338 ἄν
387 4301 458 4354 με
486 4282 878 4355 χαρακτηρίζῃ
904 4300 1014 4352 τις,
1042 4283 1095 4335 εῐ
1129 4300 1215 4346 τις
1260 4282 1397 4354 πρὸς
1433 4281 1778 4364 ὲμπριθειαν,
1824 4284 1876 4337 εί

293 4374 570 4445 βούλεται,
643 4374 1150 4444 μνησικακοῦντος,
1205 4375 1315 4428 εἴτε
1390 4375 1528 4444 πρὸς
1582 4373 1712 4450 ἦθος
1774 4376 1876 4447 βαε-

293 4467 500 4538 ρύμηνι
535 4468 634 4521 καὶ
668 4467 904 4538 σκληρὸν
941 4467 1035 4520 καὶ
1094 4467 1428 4538 ἀτέραμνον.
1485 4469 1550 4520 El
1598 4469 1706 4539 γὰρ
1758 4471 1874 4533 τοῖς

1973 1905 2040 1958 Ει
2073 1910 2221 1958 recte
2272 1899 2493 1970 quidem
2549 1895 2919 1960 ambulantes,
2952 1893 3349 1948 benedicehant
3400 1892 3540 1958 illis;

1973 1997 2016 2051 si
2044 2009 2170 2049 vero
2200 1994 2337 2049 forte
2370 1995 2612 2049 viderent
2635 2011 2730 2050 eos
2758 2009 2921 2062 prave
2937 1994 3250 2063 dispositos,
3270 1992 3545 2046 inutilem-

1972 2102 2080 2158 que
2113 2088 2400 2142 reddentes
2429 2087 2713 2155 aliptarum
2744 2087 3064 2153 eilicaeiam,
3086 2095 3134 2139 et
3172 2087 3256 2139 ita
3273 2085 3547 2155 magistris

1975 2179 2274 2247 afﬂigentes
2317 2179 2580 2244 animam,
2631 2194 2738 2234 non
2789 2187 3042 2248 poterant
3091 2178 3196 2232 illis
3271 2177 3548 2230 adhaerere

1975 2272 2284 2337 laudantes,
2335 2271 2428 2326 sed
2484 2271 2859 2340 increpabant,
2909 2273 3001 2323 sed
3051 2269 3540 2338 reprehensionem

1976 2362 2350 2428 infundebant,
2405 2363 2498 2417 sed
2553 2362 2607 2417 in
2648 2376 2898 2430 campum
2941 2361 3383 2429 exprobrationis
3426 2374 3550 2428 pec-

1976 2465 2097 2510 cata
2130 2455 2524 2523 producebant,
2555 2453 2652 2508 sed
2687 2455 2750 2507 de
2779 2453 2864 2506 eis
2904 2451 3334 2522 triumphabant,
3364 2461 3419 2506 οι
3444 2453 3552 2504 hoc

1977 2547 2194 2616 quidem
2246 2561 2351 2600 non
2393 2547 2518 2600 mali
2567 2545 2850 2608 memoria,
2889 2545 2988 2599 sed
3045 2544 3546 2606 animadversione,

1977 2638 2022 2692 si
2040 2636 2182 2693 forte
2213 2636 2505 2692 verecundi
2531 2635 2861 2690 manifestati
2897 2643 3044 2690 recte
3075 2634 3376 2688 ambulent.
3398 2634 3550 2700 Quod

1976 2729 2024 2785 si
2061 2745 2191 2785 vero
2217 2743 2430 2800 quoque
2457 2739 2763 2799 pungerent
2820 2728 2904 2782 his
2935 2739 3054 2796 quae
3081 2727 3354 2790 dicebant,
3389 2729 3550 2795 (puu-

1976 2837 2166 2896 gerent
2239 2835 2421 2878 autem
2485 2827 2712 2878 omnino
2762 2820 2968 2892 magis,
3020 2821 3288 2891 siquidem
3349 2823 3550 2875 ictibus

1976 2918 2358 2987 corrigerent),
2389 2915 2491 2969 hoc
2514 2917 2679 2968 etiam
2710 2920 2828 2968 erat
2869 2913 2936 2966 ad
2970 2911 3409 2977 instructionem,
3443 2927 3551 2966 non

1975 3023 2108 3066 vero
2143 3007 2470 3062 malitiosum
2497 3016 2752 3074 tanquam
2781 3005 2848 3061 ad
2879 3004 3172 3061 vindictam
3196 3043 3212 3071 ,
3239 3012 3298 3060 ut
3330 3003 3396 3059 ad
3422 3006 3570 3061 mali.

1980 3098 2302 3154 memoriam
2343 3098 2668 3154 ascribatur.

2052 3279 2141 3335 66.
2180 3275 2491 3335 Videndum
2525 3287 2606 3330 est
2647 3275 2813 3346 igitur
2841 3292 2908 3331 an
2955 3277 3012 3331 in
3044 3275 3154 3330 hoc
3177 3276 3562 3349 luci-sumpse-

1983 3371 2083 3423 rim
2114 3371 2362 3424 ordinem
2407 3380 2462 3423 et
2498 3385 2622 3438 ego,
2667 3368 2758 3438 qui
2809 3369 2936 3423 boni
2985 3383 3214 3433 memor,
3241 3369 3396 3438 cujus
3436 3370 3558 3423 linis

1981 3474 2060 3517 cst
2086 3464 2352 3526 laudatio,
2404 3462 2644 3531 malique
2679 3477 2832 3528 vero,
2866 3462 3021 3531 cujus
3053 3472 3135 3516 est
3182 3464 3552 3531 reprehensio,

1981 3558 2154 3612 habeo
2173 3558 2390 3626 quidem
2419 3557 2664 3612 laudatos
2691 3567 2912 3626 propter
2933 3559 3306 3626 operationem
3330 3557 3553 3620 bonam,

1981 3651 2155 3706 habeo
2178 3665 2305 3704 vero
2333 3665 2550 3720 quoque
2588 3665 2746 3704 secus
2775 3661 3054 3716 tractatos,
3089 3662 3310 3721 propter
3353 3649 3555 3703 malum

1978 3743 2105 3796 odio
2134 3756 2242 3795 non
2293 3740 2556 3796 habitum.
2590 3735 2654 3795 Et
2714 3741 2822 3795 illis
2848 3743 3068 3810 quidem
3099 3740 3368 3808 jucundus
3413 3741 3558 3796 aesti-

1979 3847 2101 3886 mor
2121 3841 2343 3900 propter
2370 3831 2768 3894 laudationem,
2803 3833 2887 3886 bis
2923 3841 3105 3886 autem
3140 3835 3385 3899 mordax,
3421 3834 3549 3902 quia

1978 3923 2201 3978 laudare
2241 3937 2349 3978 non
2397 3923 2593 3989 habeo,
2641 3924 2747 3978 nisi
2792 3925 2953 3979 simul
2999 3939 3138 3979 onus
3197 3924 3449 3978 inducam
3498 3937 3554 3980 et

1979 4013 2305 4070 maleiacere
2348 4013 2558 4068 videar.
2620 4011 3006 4070 Verumtamen
3053 4030 3158 4068 non
3198 4017 3427 4071 cessabo
3475 4018 3555 4070 εἰει

1977 4123 2102 4164 esse
2136 4109 2478 4179 dispositus,
2501 4106 2816 4178 priusquam
2863 4109 2930 4164 de
2959 4108 3174 4163 illorum
3209 4110 3554 4165 correctione

1980 4200 2284 4271 desperem.
2320 4199 2470 4254 Tunc
2505 4210 2684 4256 autem
2721 4199 2919 4255 sedebo
2949 4201 3117 4256 silens
3139 4211 3193 4255 et
3215 4210 3420 4268 mutus,
3446 4217 3556 4257 non

1976 4305 2178 4346 curans
2211 4293 2482 4361 quomodo
2509 4307 2596 4346 me
2659 4303 2866 4358 notent,
2900 4295 2945 4348 si
2978 4294 3098 4364 quis
3116 4293 3183 4346 ad
3210 4293 3447 4360 libitum,
3468 4310 3557 4350 me

1983 4385 2243 4455 passione
2270 4385 2402 4440 mali
2434 4387 2712 4441 memoriae
2763 4385 3015 4453 potitum,
3065 4396 3161 4441 aut
3215 4387 3397 4443 indole
3451 4389 3560 4442 ira-

1981 4477 2240 4544 cundum,
2299 4487 2355 4531 et
2409 4478 2634 4544 durum,
2691 4488 2746 4532 et
2803 4479 3224 4549 insuperabilem
3274 4481 3551 4536 ostendat.

293 4561 675 4632 ἀκροωμένοις
708 4559 1074 4623 παιδευτικῶς
1113 4561 1218 4614 οὐκ
1251 4560 1591 4614 ὲπικείσεται
1629 4562 1868 4631 ἀνάγκη,

1985 4566 2087 4623 Ubi
2103 4543 2251 4623 enim
2285 4543 2633 4625 audientibus
2664 4571 2730 4622 ad
2756 4543 3096 4638 disciplinam
3124 4584 3228 4622 non
3261 4571 3556 4623 incumbe—

293 4654 430 4724 πρὸς
459 4652 542 4723 τῷ
569 4652 878 4723 διδασκάλῳ
939 4652 1088 4723 ἔχειν
1137 4653 1229 4706 τὸν
1277 4652 1424 4717 νοῦν,
1465 4650 1876 4723 ὀρθοτομοῦντα

294 4744 384 4797 τὸν
414 4743 593 4815 ἀληθῆ
625 4744 806 4812 λόγον,
834 4746 882 4797 εί
939 4745 1034 4799 καὶ
1067 4745 1182 4807 τοῖς
1223 4743 1415 4814 ἐγγοις
1464 4743 1685 4812 φαύλως
1734 4744 1873 4816 ἔχει,

292 4835 324 4887 ὃ
357 4835 560 4888 κωλύει
603 4835 757 4888 οὐδὲν
796 4837 876 4898 είς
911 4835 1194 4889 παίδευσιν
1226 4837 1449 4906 ἀρεταῖς
1499 4836 1641 4892 κατὰ
1683 4836 1782 4890 τό·
1837 4837 1876 4892 ἃ

291 4925 549 4994 λέγουσιν
604 4926 736 4995 ὑμῖν
808 4927 856 4979 oi
918 4929 1086 4996 ἱερεῖς
1157 4929 1353 4995 ποιεῖν,
1407 4931 1634 4996 ποιεῖτε,
1668 4931 1762 4984 καὶ
1813 4931 1875 4985 τὸ

286 5016 592 5086 ἐχόμενονο
620 5016 786 5087 σχολῇ
819 5015 873 5085 γ’
926 5016 992 5070 ἂν
1040 5016 1270 5089 ἔμφρων
1313 5017 1634 5081 διδάσκαλος
1675 5018 1870 5089 ἕψεται

286 5105 408 5166 1τοῖς
460 5103 768 5170 τοιούτοις,
819 5106 917 5161 καὶ
977 5105 1506 5177 ἀντικαθεστηκότος
1565 5105 1877 5179 πρεσϐύτου

285 5195 538 5266 φιλέψιος
595 5196 839 5266 γένηται.

375 5375 473 5442 ξζ’.
505 5376 643 5445 Εῖην
669 5376 830 5442 λέων,
860 5377 920 5432 τὺ
954 5379 1276 5436 ἐπισκύνιον
1310 5383 1343 5453 ἢ
1368 5382 1603 5455 ἐξαίρων
1627 5384 1660 5455 ἢ
1680 5384 1872 5438 καθει-

283 5469 478 5540 μένος,
529 5472 628 5526 καὶ
665 5471 740 5542 μὴ
790 5474 936 5527 κατὰ
983 5475 1082 5545 τὴν
1137 5476 1368 5549 λυρικὴν
1412 5479 1650 5550 Σειρῆνα
1695 5478 1872 5535 πίθων

278 5565 320 5618 ὁ
355 5562 530 5627 καλός,
577 5564 872 5636 Καλὰίμην
905 5568 1182 5640 αὐστηρὸς
1221 5571 1319 5626 καὶ
1351 5571 1600 5642 στιφρὸς,
1666 5573 1761 5626 καὶ
1792 5573 1871 5648 μὴ

281 5651 510 5710 πλαδῶν
562 5658 656 5710 καὶ
685 5657 934 5723 ἔκλυτος.
982 5663 1266 5735 Φανοίμην
1303 5665 1560 5736 apponi;
1589 5665 1690 5722 ἐπὶ
1729 5683 1870 5738 σεμ-

379 5831 638 5907 "Matth.
673 5853 828 5908 mn,
866 5841 922 5894 3.

1981 4669 2066 4715 ret
2143 4661 2482 4726 necessitas,
2543 4661 2596 4713 in
2665 4661 2922 4727 magistro
3006 4669 3244 4713 mentem
3322 4662 3556 4714 habendi

1990 4760 2223 4817 rectam,
2271 4751 2338 4806 ad
2389 4766 2580 4805 verum
2617 4765 2922 4805 sermonem
2967 4749 3425 4816 distribuendum,
3454 4753 3560 4807 etsi

1983 4843 2039 4898 in
2072 4843 2255 4912 pravis
2298 4843 2553 4912 operibus
2606 4844 2696 4908 sit,
2730 4842 2872 4910 quod
2927 4858 3030 4897 non
3073 4844 3297 4911 Impedit
3359 4844 3558 4899 educa-

1982 4935 2187 4991 tionem
2230 4935 2296 4990 ad
2371 4935 2638 5002 virtutes,
2683 4936 2978 4991 secundum
3040 4934 3181 4989 iStud
3227 4936 3405 5002 :Quaa
3474 4939 3555 4992 di-

1984 5035 2120 5085 cunt
2185 5028 2341 5083 vobis
2384 5026 2696 5082 saeerdmes
2738 5027 2943 5093 facere,
2998 5026 3162 5082 facite
3193 5029 3258 5093 ",
3285 5039 3339 5082 et
3393 5045 3558 5084 conse

1986 5132 2196 5190 quens;
2255 5117 2428 5173 multo
2503 5119 2684 5173 minus
2739 5121 2960 5188 sapiens
3036 5121 3293 5190 magister
3361 5123 3557 5176 talibus

1984 5212 2293 5277 inhaereret,
2354 5218 2432 5279 et,
2499 5213 2910 5268 contradicente
2989 5228 3158 5279 sene,
3205 5215 3560 5286 voluptuosus

1981 5304 2157 5360 ﬁeret.

2051 5394 2143 5448 67.
2176 5392 2364 5447 Essem
2405 5391 2512 5459 leo,
2538 5393 2890 5462 supercilium
2924 5395 3040 5451 sive
3070 5395 3290 5464 tollens,
3324 5399 3438 5452 sive
3464 5400 3559 5451 dc-

1981 5484 2224 5551 mittens,
2272 5491 2332 5539 et
2381 5498 2488 5540 non
2524 5484 2675 5556 juxta
2728 5485 2957 5556 lyricam
3008 5487 3254 5542 Sirenem
3305 5489 3562 5543 seductor

1975 5577 2264 5648 iucundus.
2288 5574 2527 5632 Vocarer
2542 5585 2793 5632 austeros
2819 5586 2870 5633 et
2897 5578 3124 5648 rigidus,
3163 5593 3266 5632 non
3298 5577 3560 5632 ﬂaccidus

1980 5679 2034 5729 et
2078 5679 2405 5736 enervatus;
2458 5681 2774 5742 apparerent
2831 5673 3094 5741 gravitate
3144 5669 3556 5737 superciliosus,
