  <div class='ocr_page' id='page_1' title='image "/cluster/home/n/w/nwhite01/storage/ocr_20150623/136/mdp.39015038093210/241.png"; bbox 0 0 3968 6244; ppageno 0'>
   <div class='ocr_carea' id='block_1_1' title="bbox 389 471 492 552">
    <p class='ocr_par' dir='ltr' id='par_1_1' title="bbox 389 471 492 552">
     <span class='ocr_line' id='line_1_1' title="bbox 389 471 492 552; baseline 0.019 -2"><span class='ocrx_word' id='word_1_1' title='bbox 389 471 492 552; x_wconf 67' lang='lat' dir='ltr'><strong>tsi</strong></span> 
     </span>
    </p>
   </div>
   <div class='ocr_carea' id='block_1_2' title="bbox 1102 467 1966 542">
    <p class='ocr_par' dir='ltr' id='par_1_2' title="bbox 1102 467 1966 542">
     <span class='ocr_line' id='line_1_2' title="bbox 1102 467 1966 542; baseline -0.007 0"><span class='ocrx_word' id='word_1_2' title='bbox 1102 467 1511 542; x_wconf 65' lang='lat' dir='ltr'><strong>EUs&#39;rA&#39;rtut</strong></span> <span class='ocrx_word' id='word_1_3' title='bbox 1557 480 1966 538; x_wconf 70' lang='lat' dir='ltr'><strong>&#39;l‘liESSAlDJ</strong></span> 
     </span>
    </p>
   </div>
   <div class='ocr_carea' id='block_1_3' title="bbox 2075 467 2918 542">
    <p class='ocr_par' dir='ltr' id='par_1_3' title="bbox 2081 476 2918 538">
     <span class='ocr_line' id='line_1_3' title="bbox 2081 476 2918 538; baseline -0.006 1"><span class='ocrx_word' id='word_1_4' title='bbox 2081 479 2299 538; x_wconf 75' lang='lat' dir='ltr'><strong>ENSIS</strong></span> <span class='ocrx_word' id='word_1_5' title='bbox 2345 476 2918 537; x_wconf 65' lang='grc' dir='ltr'><strong>ΜΕΤΒΟΡΟΙΛΤᾹΞ</strong></span> 
     </span>
    </p>
   </div>
   <div class='ocr_carea' id='block_1_4' title="bbox 3522 473 3630 540">
    <p class='ocr_par' dir='ltr' id='par_1_4' title="bbox 3522 473 3630 540">
     <span class='ocr_line' id='line_1_4' title="bbox 3522 473 3630 540; baseline -0.019 0"><span class='ocrx_word' id='word_1_6' title='bbox 3522 473 3630 540; x_wconf 76' lang='lat'><strong>468</strong></span> 
     </span>
    </p>
   </div>
   <div class='ocr_carea' id='block_1_5' title="bbox 391 588 1966 668">
    <p class='ocr_par' dir='ltr' id='par_1_5' title="bbox 391 595 1959 668">
     <span class='ocr_line' id='line_1_5' title="bbox 391 595 1959 668; baseline -0.009 -11"><span class='ocrx_word' id='word_1_7' title='bbox 391 621 495 657; x_wconf 83' lang='lat' dir='ltr'><strong>non</strong></span> <span class='ocrx_word' id='word_1_8' title='bbox 526 613 782 659; x_wconf 82' lang='lat' dir='ltr'><strong>‘mucosus</strong></span> <span class='ocrx_word' id='word_1_9' title='bbox 812 609 864 658; x_wconf 83' lang='lat' dir='ltr'><strong>et</strong></span> <span class='ocrx_word' id='word_1_10' title='bbox 915 616 1071 655; x_wconf 90' lang='lat' dir='ltr'><strong>muco</strong></span> <span class='ocrx_word' id='word_1_11' title='bbox 1116 599 1374 668; x_wconf 79' lang='lat' dir='ltr'><strong>perfusus</strong></span> <span class='ocrx_word' id='word_1_12' title='bbox 1401 595 1471 650; x_wconf 92' lang='lat' dir='ltr'><strong>ob</strong></span> <span class='ocrx_word' id='word_1_13' title='bbox 1527 602 1797 663; x_wconf 75' lang='lat' dir='ltr'><strong>agrestem</strong></span> <span class='ocrx_word' id='word_1_14' title='bbox 1833 608 1959 660; x_wconf 87' lang='lat' dir='ltr'><strong>puc-</strong></span> 
     </span>
    </p>
   </div>
   <div class='ocr_carea' id='block_1_6' title="bbox 2075 588 3628 668">
    <p class='ocr_par' dir='ltr' id='par_1_6' title="bbox 2075 588 3628 662">
     <span class='ocr_line' id='line_1_6' title="bbox 2075 588 3628 662; baseline -0.001 -17"><span class='ocrx_word' id='word_1_15' title='bbox 2075 593 2271 662; x_wconf 80' lang='grc' dir='ltr'>νότητι,</span> <span class='ocrx_word' id='word_1_16' title='bbox 2303 593 2496 661; x_wconf 77' lang='grc' dir='ltr'>καὶμὴ</span> <span class='ocrx_word' id='word_1_17' title='bbox 2529 592 2802 661; x_wconf 80' lang='grc' dir='ltr'>κορνζῶν,</span> <span class='ocrx_word' id='word_1_18' title='bbox 2837 590 2933 644; x_wconf 72' lang='grc' dir='ltr'>καὶ</span> <span class='ocrx_word' id='word_1_19' title='bbox 2974 588 3117 662; x_wconf 78' lang='grc' dir='ltr'><strong>μύξῃ</strong></span> <span class='ocrx_word' id='word_1_20' title='bbox 3169 589 3506 660; x_wconf 61' lang='grc' dir='ltr'>κατάρῤντοῙ</span> <span class='ocrx_word' id='word_1_21' title='bbox 3538 594 3628 644; x_wconf 75' lang='grc' dir='ltr'><strong>διᾶ</strong></span> 
     </span>
    </p>
   </div>
   <div class='ocr_carea' id='block_1_7' title="bbox 390 685 1955 761">
    <p class='ocr_par' dir='ltr' id='par_1_7' title="bbox 390 685 1955 761">
     <span class='ocr_line' id='line_1_7' title="bbox 390 685 1955 761; baseline -0.011 -11"><span class='ocrx_word' id='word_1_22' title='bbox 390 699 642 750; x_wconf 79' lang='lat' dir='ltr'><strong>rilitatcm</strong></span> <span class='ocrx_word' id='word_1_23' title='bbox 679 705 730 749; x_wconf 86' lang='lat' dir='ltr'><strong>et</strong></span> <span class='ocrx_word' id='word_1_24' title='bbox 773 693 1194 761; x_wconf 74' lang='lat' dir='ltr'><strong>simplicitatem.</strong></span> <span class='ocrx_word' id='word_1_25' title='bbox 1225 689 1327 744; x_wconf 86' lang='lat' dir='ltr'><strong>Odi</strong></span> <span class='ocrx_word' id='word_1_26' title='bbox 1384 687 1632 740; x_wconf 81' lang='lat' dir='ltr'><strong>Proteum</strong></span> <span class='ocrx_word' id='word_1_27' title='bbox 1679 685 1955 738; x_wconf 79' lang='lat' dir='ltr'><strong>multilor-</strong></span> 
     </span>
    </p>
   </div>
   <div class='ocr_carea' id='block_1_8' title="bbox 389 778 1958 841">
    <p class='ocr_par' dir='ltr' id='par_1_8' title="bbox 389 778 1958 841">
     <span class='ocr_line' id='line_1_8' title="bbox 389 778 1958 841; baseline -0.007 0"><span class='ocrx_word' id='word_1_28' title='bbox 389 802 555 841; x_wconf 90' lang='lat' dir='ltr'><strong>mem.</strong></span> <span class='ocrx_word' id='word_1_29' title='bbox 579 785 714 839; x_wconf 82' lang='lat' dir='ltr'><strong>Amo</strong></span> <span class='ocrx_word' id='word_1_30' title='bbox 738 781 1032 839; x_wconf 67' lang='lat' dir='ltr'><strong>secundam</strong></span> <span class='ocrx_word' id='word_1_31' title='bbox 1061 783 1224 835; x_wconf 87' lang='lat' dir='ltr'><strong>Deum</strong></span> <span class='ocrx_word' id='word_1_32' title='bbox 1246 778 1694 834; x_wconf 73' lang='lat' dir='ltr'><strong>uniformitatem.</strong></span> <span class='ocrx_word' id='word_1_33' title='bbox 1723 781 1958 831; x_wconf 79' lang='lat' dir='ltr'><strong>Aversor</strong></span> 
     </span>
    </p>
   </div>
   <div class='ocr_carea' id='block_1_9' title="bbox 391 869 1954 945">
    <p class='ocr_par' dir='ltr' id='par_1_9' title="bbox 391 869 1954 945">
     <span class='ocr_line' id='line_1_9' title="bbox 391 869 1954 945; baseline -0.006 -14"><span class='ocrx_word' id='word_1_34' title='bbox 391 880 530 945; x_wconf 82' lang='lat' dir='ltr'><strong>quod</strong></span> <span class='ocrx_word' id='word_1_35' title='bbox 558 878 853 931; x_wconf 78' lang='lat' dir='ltr'><strong>secundum</strong></span> <span class='ocrx_word' id='word_1_36' title='bbox 889 874 1173 943; x_wconf 78' lang='lat' dir='ltr'><strong>Emptisatn</strong></span> <span class='ocrx_word' id='word_1_37' title='bbox 1199 871 1400 928; x_wconf 86' lang='lat' dir='ltr'><strong>multas</strong></span> <span class='ocrx_word' id='word_1_38' title='bbox 1425 871 1598 926; x_wconf 88' lang='lat' dir='ltr'><strong>induit</strong></span> <span class='ocrx_word' id='word_1_39' title='bbox 1622 869 1954 941; x_wconf 84' lang='lat' dir='ltr'><strong>phantasias.</strong></span> 
     </span>
    </p>
   </div>
   <div class='ocr_carea' id='block_1_10' title="bbox 388 961 1954 1035">
    <p class='ocr_par' dir='ltr' id='par_1_10' title="bbox 388 961 1954 1035">
     <span class='ocr_line' id='line_1_10' title="bbox 388 961 1954 1035; baseline -0.007 -11"><span class='ocrx_word' id='word_1_40' title='bbox 388 970 547 1024; x_wconf 79' lang='lat' dir='ltr'><strong>Zelor</strong></span> <span class='ocrx_word' id='word_1_41' title='bbox 590 969 643 1023; x_wconf 91' lang='lat' dir='ltr'><strong>in</strong></span> <span class='ocrx_word' id='word_1_42' title='bbox 682 968 901 1022; x_wconf 83' lang='lat' dir='ltr'><strong>homine</strong></span> <span class='ocrx_word' id='word_1_43' title='bbox 928 965 1334 1035; x_wconf 79' lang='lat' dir='ltr'><strong>simplicitatem</strong></span> <span class='ocrx_word' id='word_1_44' title='bbox 1363 974 1416 1018; x_wconf 90' lang='lat' dir='ltr'><strong>et</strong></span> <span class='ocrx_word' id='word_1_45' title='bbox 1440 961 1954 1018; x_wconf 84' lang='lat' dir='ltr'><strong>immutabilitatem.</strong></span> 
     </span>
    </p>
   </div>
   <div class='ocr_carea' id='block_1_11' title="bbox 392 1051 1955 1128">
    <p class='ocr_par' dir='ltr' id='par_1_11' title="bbox 392 1051 1955 1128">
     <span class='ocr_line' id='line_1_11' title="bbox 392 1051 1955 1128; baseline -0.005 -17"><span class='ocrx_word' id='word_1_46' title='bbox 392 1057 509 1113; x_wconf 87' lang='lat' dir='ltr'><strong>Non</strong></span> <span class='ocrx_word' id='word_1_47' title='bbox 559 1059 716 1128; x_wconf 63' lang='lat' dir='ltr'><strong>insta</strong></span> <span class='ocrx_word' id='word_1_48' title='bbox 770 1071 974 1127; x_wconf 89' lang='lat' dir='ltr'><strong>pronos</strong></span> <span class='ocrx_word' id='word_1_49' title='bbox 1033 1059 1244 1124; x_wconf 78' lang='lat' dir='ltr'><strong>sphaera</strong></span> <span class='ocrx_word' id='word_1_50' title='bbox 1320 1061 1620 1124; x_wconf 81' lang='lat' dir='ltr'><strong>reputarer,</strong></span> <span class='ocrx_word' id='word_1_51' title='bbox 1676 1051 1830 1118; x_wconf 83' lang='lat' dir='ltr'><strong>cujus</strong></span> <span class='ocrx_word' id='word_1_52' title='bbox 1873 1058 1955 1105; x_wconf 83' lang='lat' dir='ltr'><strong>eSt</strong></span> 
     </span>
    </p>
   </div>
   <div class='ocr_carea' id='block_1_12' title="bbox 391 1141 1958 1220">
    <p class='ocr_par' dir='ltr' id='par_1_12' title="bbox 391 1141 1958 1220">
     <span class='ocr_line' id='line_1_12' title="bbox 391 1141 1958 1220; baseline -0.006 -14"><span class='ocrx_word' id='word_1_53' title='bbox 391 1151 606 1220; x_wconf 85' lang='lat' dir='ltr'><strong>semper</strong></span> <span class='ocrx_word' id='word_1_54' title='bbox 627 1153 751 1207; x_wconf 81' lang='lat' dir='ltr'><strong>esse</strong></span> <span class='ocrx_word' id='word_1_55' title='bbox 778 1150 998 1215; x_wconf 83' lang='lat' dir='ltr'><strong>mobile,</strong></span> <span class='ocrx_word' id='word_1_56' title='bbox 1032 1150 1127 1204; x_wconf 87' lang='lat' dir='ltr'><strong>sed</strong></span> <span class='ocrx_word' id='word_1_57' title='bbox 1157 1149 1352 1212; x_wconf 84' lang='lat' dir='ltr'><strong>cubus,</strong></span> <span class='ocrx_word' id='word_1_58' title='bbox 1389 1145 1546 1216; x_wconf 84' lang='lat' dir='ltr'><strong>cujus</strong></span> <span class='ocrx_word' id='word_1_59' title='bbox 1575 1153 1660 1200; x_wconf 88' lang='lat' dir='ltr'><strong>est</strong></span> <span class='ocrx_word' id='word_1_60' title='bbox 1687 1141 1958 1198; x_wconf 74' lang='lat' dir='ltr'><strong>stabilitas</strong></span> 
     </span>
    </p>
   </div>
   <div class='ocr_carea' id='block_1_13' title="bbox 387 1237 1962 1313">
    <p class='ocr_par' dir='ltr' id='par_1_13' title="bbox 387 1237 1962 1313">
     <span class='ocr_line' id='line_1_13' title="bbox 387 1237 1962 1313; baseline -0.008 -15"><span class='ocrx_word' id='word_1_61' title='bbox 387 1253 541 1298; x_wconf 77' lang='lat' dir='ltr'><strong>extra</strong></span> <span class='ocrx_word' id='word_1_62' title='bbox 574 1244 1054 1313; x_wconf 77' lang='lat' dir='ltr'><strong>reprehensionem</strong></span> <span class='ocrx_word' id='word_1_63' title='bbox 1085 1252 1450 1311; x_wconf 73' lang='lat' dir='ltr'><strong>tetragonum.</strong></span> <span class='ocrx_word' id='word_1_64' title='bbox 1481 1237 1595 1292; x_wconf 84' lang='lat' dir='ltr'><strong>Non</strong></span> <span class='ocrx_word' id='word_1_65' title='bbox 1621 1238 1773 1290; x_wconf 85' lang='lat' dir='ltr'><strong>novit</strong></span> <span class='ocrx_word' id='word_1_66' title='bbox 1805 1245 1962 1289; x_wconf 86' lang='lat' dir='ltr'><strong>natu-</strong></span> 
     </span>
    </p>
   </div>
   <div class='ocr_carea' id='block_1_14' title="bbox 392 1328 1960 1404">
    <p class='ocr_par' dir='ltr' id='par_1_14' title="bbox 392 1328 1960 1404">
     <span class='ocr_line' id='line_1_14' title="bbox 392 1328 1960 1404; baseline -0.008 -12"><span class='ocrx_word' id='word_1_67' title='bbox 392 1354 450 1392; x_wconf 90' lang='lat' dir='ltr'><strong>ra</strong></span> <span class='ocrx_word' id='word_1_68' title='bbox 482 1337 738 1404; x_wconf 88' lang='lat' dir='ltr'><strong>tricipitia</strong></span> <span class='ocrx_word' id='word_1_69' title='bbox 772 1346 1013 1390; x_wconf 85' lang='lat' dir='ltr'><strong>monstra</strong></span> <span class='ocrx_word' id='word_1_70' title='bbox 1041 1351 1056 1390; x_wconf 88' lang='lat'><strong>:</strong></span> <span class='ocrx_word' id='word_1_71' title='bbox 1085 1332 1353 1402; x_wconf 87' lang='lat' dir='ltr'><strong>quomodo</strong></span> <span class='ocrx_word' id='word_1_72' title='bbox 1406 1331 1621 1386; x_wconf 90' lang='lat' dir='ltr'><strong>noverit</strong></span> <span class='ocrx_word' id='word_1_73' title='bbox 1675 1328 1960 1396; x_wconf 85' lang='lat' dir='ltr'><strong>centicipi-</strong></span> 
     </span>
    </p>
   </div>
   <div class='ocr_carea' id='block_1_15' title="bbox 393 1418 1958 1495">
    <p class='ocr_par' dir='ltr' id='par_1_15' title="bbox 393 1418 1958 1495">
     <span class='ocr_line' id='line_1_15' title="bbox 393 1418 1958 1495; baseline -0.008 -9"><span class='ocrx_word' id='word_1_74' title='bbox 393 1430 507 1486; x_wconf 78' lang='lat' dir='ltr'><strong>tia?</strong></span> <span class='ocrx_word' id='word_1_75' title='bbox 542 1427 652 1482; x_wconf 78' lang='lat' dir='ltr'><strong>Nec</strong></span> <span class='ocrx_word' id='word_1_76' title='bbox 679 1427 848 1482; x_wconf 83' lang='lat' dir='ltr'><strong>Janus</strong></span> <span class='ocrx_word' id='word_1_77' title='bbox 873 1427 1080 1495; x_wconf 85' lang='lat' dir='ltr'><strong>absque</strong></span> <span class='ocrx_word' id='word_1_78' title='bbox 1113 1423 1543 1494; x_wconf 79' lang='lat' dir='ltr'><strong>reprehensione</strong></span> <span class='ocrx_word' id='word_1_79' title='bbox 1574 1418 1822 1476; x_wconf 74' lang='lat' dir='ltr'><strong>biformis</strong></span> <span class='ocrx_word' id='word_1_80' title='bbox 1855 1425 1958 1474; x_wconf 80' lang='lat' dir='ltr'><strong>est.</strong></span> 
     </span>
    </p>
   </div>
   <div class='ocr_carea' id='block_1_16' title="bbox 397 1509 1965 1587">
    <p class='ocr_par' dir='ltr' id='par_1_16' title="bbox 397 1509 1965 1587">
     <span class='ocr_line' id='line_1_16' title="bbox 397 1509 1965 1587; baseline -0.007 -12"><span class='ocrx_word' id='word_1_81' title='bbox 397 1519 545 1575; x_wconf 86' lang='lat' dir='ltr'><strong>Unus</strong></span> <span class='ocrx_word' id='word_1_82' title='bbox 586 1518 716 1573; x_wconf 88' lang='lat' dir='ltr'><strong>mihi</strong></span> <span class='ocrx_word' id='word_1_83' title='bbox 783 1531 1009 1587; x_wconf 82' lang='lat' dir='ltr'><strong>prorsus</strong></span> <span class='ocrx_word' id='word_1_84' title='bbox 1058 1525 1206 1570; x_wconf 86' lang='lat' dir='ltr'><strong>esset</strong></span> <span class='ocrx_word' id='word_1_85' title='bbox 1237 1513 1438 1579; x_wconf 87' lang='lat' dir='ltr'><strong>vultus,</strong></span> <span class='ocrx_word' id='word_1_86' title='bbox 1487 1513 1579 1580; x_wconf 89' lang='lat' dir='ltr'><strong>qui</strong></span> <span class='ocrx_word' id='word_1_87' title='bbox 1626 1509 1839 1565; x_wconf 83' lang='lat' dir='ltr'><strong>cunctis</strong></span> <span class='ocrx_word' id='word_1_88' title='bbox 1878 1519 1965 1564; x_wconf 71' lang='lat' dir='ltr'><strong>eu</strong></span> 
     </span>
    </p>
   </div>
   <div class='ocr_carea' id='block_1_17' title="bbox 394 1603 1964 1676">
    <p class='ocr_par' dir='ltr' id='par_1_17' title="bbox 394 1603 1964 1676">
     <span class='ocr_line' id='line_1_17' title="bbox 394 1603 1964 1676; baseline -0.007 -12"><span class='ocrx_word' id='word_1_89' title='bbox 394 1610 538 1672; x_wconf 84' lang='lat' dir='ltr'><strong>aliis,</strong></span> <span class='ocrx_word' id='word_1_90' title='bbox 598 1609 766 1663; x_wconf 75' lang='lat' dir='ltr'><strong>lleum</strong></span> <span class='ocrx_word' id='word_1_91' title='bbox 832 1607 1193 1676; x_wconf 80' lang='lat' dir='ltr'><strong>spirantibus.</strong></span> <span class='ocrx_word' id='word_1_92' title='bbox 1263 1603 1386 1659; x_wconf 82' lang='lat' dir='ltr'><strong>Non</strong></span> <span class='ocrx_word' id='word_1_93' title='bbox 1444 1603 1729 1665; x_wconf 85' lang='lat' dir='ltr'><strong>saltarem,</strong></span> <span class='ocrx_word' id='word_1_94' title='bbox 1787 1613 1964 1668; x_wconf 83' lang='lat' dir='ltr'><strong>neque</strong></span> 
     </span>
    </p>
   </div>
   <div class='ocr_carea' id='block_1_18' title="bbox 394 1693 1960 1768">
    <p class='ocr_par' dir='ltr' id='par_1_18' title="bbox 394 1693 1960 1768">
     <span class='ocr_line' id='line_1_18' title="bbox 394 1693 1960 1768; baseline -0.006 -16"><span class='ocrx_word' id='word_1_95' title='bbox 394 1701 690 1754; x_wconf 83' lang='lat' dir='ltr'><strong>secundum</strong></span> <span class='ocrx_word' id='word_1_96' title='bbox 721 1699 1054 1768; x_wconf 80' lang='lat' dir='ltr'><strong>pyrricham,</strong></span> <span class='ocrx_word' id='word_1_97' title='bbox 1099 1711 1274 1762; x_wconf 90' lang='lat' dir='ltr'><strong>neque</strong></span> <span class='ocrx_word' id='word_1_98' title='bbox 1324 1693 1681 1765; x_wconf 84' lang='lat' dir='ltr'><strong>corybantum</strong></span> <span class='ocrx_word' id='word_1_99' title='bbox 1733 1705 1884 1746; x_wconf 88' lang='lat' dir='ltr'><strong>more</strong></span> <span class='ocrx_word' id='word_1_100' title='bbox 1945 1704 1960 1742; x_wconf 91' lang='lat'><strong>:</strong></span> 
     </span>
    </p>
   </div>
   <div class='ocr_carea' id='block_1_19' title="bbox 394 1783 1960 1861">
    <p class='ocr_par' dir='ltr' id='par_1_19' title="bbox 394 1783 1960 1861">
     <span class='ocr_line' id='line_1_19' title="bbox 394 1783 1960 1861; baseline -0.004 -19"><span class='ocrx_word' id='word_1_101' title='bbox 394 1791 488 1842; x_wconf 86' lang='lat' dir='ltr'><strong>sed</strong></span> <span class='ocrx_word' id='word_1_102' title='bbox 529 1789 824 1853; x_wconf 75' lang='lat' dir='ltr'><strong>radirarer,</strong></span> <span class='ocrx_word' id='word_1_103' title='bbox 870 1787 1078 1842; x_wconf 87' lang='lat' dir='ltr'><strong>stabilis</strong></span> <span class='ocrx_word' id='word_1_104' title='bbox 1140 1799 1486 1855; x_wconf 80' lang='lat' dir='ltr'><strong>permanens,</strong></span> <span class='ocrx_word' id='word_1_105' title='bbox 1539 1784 1628 1838; x_wconf 89' lang='lat' dir='ltr'><strong>ubi</strong></span> <span class='ocrx_word' id='word_1_106' title='bbox 1671 1783 1960 1861; x_wconf 80' lang='lat' dir='ltr'><strong>_convcnit,</strong></span> 
     </span>
    </p>
   </div>
   <div class='ocr_carea' id='block_1_20' title="bbox 395 1873 1963 1949">
    <p class='ocr_par' dir='ltr' id='par_1_20' title="bbox 395 1873 1963 1949">
     <span class='ocr_line' id='line_1_20' title="bbox 395 1873 1963 1949; baseline -0.005 -15"><span class='ocrx_word' id='word_1_107' title='bbox 395 1881 578 1949; x_wconf 88' lang='lat' dir='ltr'><strong>planta</strong></span> <span class='ocrx_word' id='word_1_108' title='bbox 611 1880 871 1940; x_wconf 64' lang='lat' dir='ltr'><strong>caelestis,</strong></span> <span class='ocrx_word' id='word_1_109' title='bbox 909 1894 970 1932; x_wconf 81' lang='lat' dir='ltr'><strong>ex</strong></span> <span class='ocrx_word' id='word_1_110' title='bbox 1007 1878 1185 1946; x_wconf 88' lang='lat' dir='ltr'><strong>aliqua</strong></span> <span class='ocrx_word' id='word_1_111' title='bbox 1215 1883 1367 1944; x_wconf 85' lang='lat' dir='ltr'><strong>parte</strong></span> <span class='ocrx_word' id='word_1_112' title='bbox 1407 1876 1657 1929; x_wconf 66' lang='lat' dir='ltr'><strong>maximae</strong></span> <span class='ocrx_word' id='word_1_113' title='bbox 1683 1873 1963 1943; x_wconf 70' lang='lat' dir='ltr'><strong>sapientia:</strong></span> 
     </span>
    </p>
   </div>
   <div class='ocr_carea' id='block_1_21' title="bbox 395 1965 1958 2044">
    <p class='ocr_par' dir='ltr' id='par_1_21' title="bbox 395 1965 1958 2044">
     <span class='ocr_line' id='line_1_21' title="bbox 395 1965 1958 2044; baseline -0.005 -18"><span class='ocrx_word' id='word_1_114' title='bbox 395 1974 656 2044; x_wconf 80' lang='lat' dir='ltr'><strong>paradisi.</strong></span> <span class='ocrx_word' id='word_1_115' title='bbox 693 1971 766 2026; x_wconf 89' lang='lat' dir='ltr'><strong>lbi</strong></span> <span class='ocrx_word' id='word_1_116' title='bbox 815 1971 1078 2038; x_wconf 84' lang='lat' dir='ltr'><strong>plantavit</strong></span> <span class='ocrx_word' id='word_1_117' title='bbox 1114 1987 1198 2024; x_wconf 85' lang='lat' dir='ltr'><strong>me</strong></span> <span class='ocrx_word' id='word_1_118' title='bbox 1233 1970 1394 2030; x_wconf 85' lang='lat' dir='ltr'><strong>Deus,</strong></span> <span class='ocrx_word' id='word_1_119' title='bbox 1425 1969 1540 2022; x_wconf 86' lang='lat' dir='ltr'><strong>sive</strong></span> <span class='ocrx_word' id='word_1_120' title='bbox 1593 1965 1958 2029; x_wconf 78' lang='lat' dir='ltr'><strong>fructiferum,</strong></span> 
     </span>
    </p>
   </div>
   <div class='ocr_carea' id='block_1_22' title="bbox 393 2057 1960 2126">
    <p class='ocr_par' dir='ltr' id='par_1_22' title="bbox 393 2057 1960 2126">
     <span class='ocr_line' id='line_1_22' title="bbox 393 2057 1960 2126; baseline -0.006 -8"><span class='ocrx_word' id='word_1_121' title='bbox 393 2065 506 2119; x_wconf 72' lang='lat' dir='ltr'><strong>sive</strong></span> <span class='ocrx_word' id='word_1_122' title='bbox 557 2067 815 2117; x_wconf 76' lang='lat' dir='ltr'><strong>nudatum</strong></span> <span class='ocrx_word' id='word_1_123' title='bbox 871 2063 1167 2122; x_wconf 82' lang='lat' dir='ltr'><strong>alentibus,</strong></span> <span class='ocrx_word' id='word_1_124' title='bbox 1207 2061 1412 2114; x_wconf 89' lang='lat' dir='ltr'><strong>nescio.</strong></span> <span class='ocrx_word' id='word_1_125' title='bbox 1459 2059 1722 2112; x_wconf 87' lang='lat' dir='ltr'><strong>Sisterem</strong></span> <span class='ocrx_word' id='word_1_126' title='bbox 1774 2057 1960 2126; x_wconf 80' lang='lat' dir='ltr'><strong>igitur,</strong></span> 
     </span>
    </p>
   </div>
   <div class='ocr_carea' id='block_1_23' title="bbox 393 2148 1962 2219">
    <p class='ocr_par' dir='ltr' id='par_1_23' title="bbox 393 2148 1962 2219">
     <span class='ocr_line' id='line_1_23' title="bbox 393 2148 1962 2219; baseline -0.008 -9"><span class='ocrx_word' id='word_1_127' title='bbox 393 2157 534 2210; x_wconf 76' lang='lat' dir='ltr'><strong>sicut</strong></span> <span class='ocrx_word' id='word_1_128' title='bbox 561 2156 848 2208; x_wconf 86' lang='lat' dir='ltr'><strong>ordinatus</strong></span> <span class='ocrx_word' id='word_1_129' title='bbox 875 2169 1018 2216; x_wconf 90' lang='lat' dir='ltr'><strong>sum,</strong></span> <span class='ocrx_word' id='word_1_130' title='bbox 1054 2163 1120 2205; x_wconf 88' lang='lat' dir='ltr'><strong>ne</strong></span> <span class='ocrx_word' id='word_1_131' title='bbox 1163 2163 1402 2219; x_wconf 78' lang='lat' dir='ltr'><strong>quoque,</strong></span> <span class='ocrx_word' id='word_1_132' title='bbox 1442 2163 1660 2203; x_wconf 84' lang='lat' dir='ltr'><strong>sursum</strong></span> <span class='ocrx_word' id='word_1_133' title='bbox 1707 2148 1962 2200; x_wconf 84' lang='lat' dir='ltr'><strong>deorsum</strong></span> 
     </span>
    </p>
   </div>
   <div class='ocr_carea' id='block_1_24' title="bbox 393 2238 1961 2314">
    <p class='ocr_par' dir='ltr' id='par_1_24' title="bbox 393 2238 1961 2314">
     <span class='ocr_line' id='line_1_24' title="bbox 393 2238 1961 2314; baseline -0.007 -12"><span class='ocrx_word' id='word_1_134' title='bbox 393 2248 593 2310; x_wconf 81' lang='lat' dir='ltr'><strong>factus,</strong></span> <span class='ocrx_word' id='word_1_135' title='bbox 646 2245 845 2314; x_wconf 86' lang='lat' dir='ltr'><strong>quibus</strong></span> <span class='ocrx_word' id='word_1_136' title='bbox 885 2245 1083 2314; x_wconf 70' lang='lat' dir='ltr'><strong>agitor,</strong></span> <span class='ocrx_word' id='word_1_137' title='bbox 1128 2242 1340 2296; x_wconf 87' lang='lat' dir='ltr'><strong>inutilia</strong></span> <span class='ocrx_word' id='word_1_138' title='bbox 1394 2241 1612 2296; x_wconf 78' lang='lat' dir='ltr'><strong>reddam</strong></span> <span class='ocrx_word' id='word_1_139' title='bbox 1661 2243 1784 2307; x_wconf 75' lang='lat' dir='ltr'><strong>qua:</strong></span> <span class='ocrx_word' id='word_1_140' title='bbox 1830 2238 1961 2292; x_wconf 90' lang='lat' dir='ltr'><strong>mihi</strong></span> 
     </span>
    </p>
   </div>
   <div class='ocr_carea' id='block_1_25' title="bbox 394 2334 1965 2404">
    <p class='ocr_par' dir='ltr' id='par_1_25' title="bbox 394 2334 1965 2404">
     <span class='ocr_line' id='line_1_25' title="bbox 394 2334 1965 2404; baseline -0.003 -11"><span class='ocrx_word' id='word_1_141' title='bbox 394 2342 864 2393; x_wconf 85' lang='lat' dir='ltr'><strong>commnnicantur</strong></span> <span class='ocrx_word' id='word_1_142' title='bbox 911 2339 961 2391; x_wconf 93' lang='lat' dir='ltr'><strong>in</strong></span> <span class='ocrx_word' id='word_1_143' title='bbox 999 2337 1464 2392; x_wconf 87' lang='lat' dir='ltr'><strong>assimilationem.</strong></span> <span class='ocrx_word' id='word_1_144' title='bbox 1528 2334 1686 2390; x_wconf 87' lang='lat' dir='ltr'><strong>Aliud</strong></span> <span class='ocrx_word' id='word_1_145' title='bbox 1737 2335 1965 2404; x_wconf 85' lang='lat' dir='ltr'><strong>populus</strong></span> 
     </span>
    </p>
   </div>
   <div class='ocr_carea' id='block_1_26' title="bbox 395 2424 1964 2498">
    <p class='ocr_par' dir='ltr' id='par_1_26' title="bbox 395 2424 1964 2498">
     <span class='ocr_line' id='line_1_26' title="bbox 395 2424 1964 2498; baseline -0.005 -12"><span class='ocrx_word' id='word_1_146' title='bbox 395 2432 673 2498; x_wconf 78' lang='lat' dir='ltr'><strong>simplex,</strong></span> <span class='ocrx_word' id='word_1_147' title='bbox 713 2439 768 2484; x_wconf 84' lang='lat' dir='ltr'><strong>et</strong></span> <span class='ocrx_word' id='word_1_148' title='bbox 818 2429 963 2483; x_wconf 86' lang='lat' dir='ltr'><strong>aliud</strong></span> <span class='ocrx_word' id='word_1_149' title='bbox 1039 2427 1269 2498; x_wconf 87' lang='lat' dir='ltr'><strong>populus</strong></span> <span class='ocrx_word' id='word_1_150' title='bbox 1337 2440 1511 2481; x_wconf 78' lang='lat' dir='ltr'><strong>sacer.</strong></span> <span class='ocrx_word' id='word_1_151' title='bbox 1582 2424 1681 2480; x_wconf 78' lang='lat' dir='ltr'><strong>llic</strong></span> <span class='ocrx_word' id='word_1_152' title='bbox 1749 2425 1964 2494; x_wconf 83' lang='lat' dir='ltr'><strong>quidem</strong></span> 
     </span>
    </p>
   </div>
   <div class='ocr_carea' id='block_1_27' title="bbox 395 2519 1368 2585">
    <p class='ocr_par' dir='ltr' id='par_1_27' title="bbox 395 2519 1368 2585">
     <span class='ocr_line' id='line_1_27' title="bbox 395 2519 1368 2585; baseline -0.002 -9"><span class='ocrx_word' id='word_1_153' title='bbox 395 2539 628 2585; x_wconf 82' lang='lat' dir='ltr'><strong>sursum,</strong></span> <span class='ocrx_word' id='word_1_154' title='bbox 663 2521 749 2576; x_wconf 88' lang='lat' dir='ltr'><strong>ille</strong></span> <span class='ocrx_word' id='word_1_155' title='bbox 772 2535 896 2575; x_wconf 87' lang='lat' dir='ltr'><strong>vero</strong></span> <span class='ocrx_word' id='word_1_156' title='bbox 921 2520 1173 2574; x_wconf 82' lang='lat' dir='ltr'><strong>deorsum</strong></span> <span class='ocrx_word' id='word_1_157' title='bbox 1208 2519 1368 2574; x_wconf 78' lang='lat' dir='ltr'><strong>ﬁxus.</strong></span> 
     </span>
    </p>
   </div>
   <div class='ocr_carea' id='block_1_28' title="bbox 469 2647 1962 2724">
    <p class='ocr_par' dir='ltr' id='par_1_28' title="bbox 469 2647 1962 2724">
     <span class='ocr_line' id='line_1_28' title="bbox 469 2647 1962 2724; baseline -0.003 -15"><span class='ocrx_word' id='word_1_158' title='bbox 469 2654 556 2709; x_wconf 84' lang='lat'><strong>68.</strong></span> <span class='ocrx_word' id='word_1_159' title='bbox 595 2651 728 2720; x_wconf 85' lang='lat' dir='ltr'><strong>Quid</strong></span> <span class='ocrx_word' id='word_1_160' title='bbox 762 2653 925 2724; x_wconf 78' lang='lat' dir='ltr'><strong>igitur</strong></span> <span class='ocrx_word' id='word_1_161' title='bbox 957 2667 1040 2706; x_wconf 92' lang='lat' dir='ltr'><strong>me</strong></span> <span class='ocrx_word' id='word_1_162' title='bbox 1093 2652 1391 2706; x_wconf 85' lang='lat' dir='ltr'><strong>subducere</strong></span> <span class='ocrx_word' id='word_1_163' title='bbox 1451 2652 1638 2717; x_wconf 81' lang='lat' dir='ltr'><strong>vultis,</strong></span> <span class='ocrx_word' id='word_1_164' title='bbox 1675 2647 1962 2708; x_wconf 89' lang='lat' dir='ltr'><strong>indocilem</strong></span> 
     </span>
    </p>
   </div>
   <div class='ocr_carea' id='block_1_29' title="bbox 397 2739 1964 2811">
    <p class='ocr_par' dir='ltr' id='par_1_29' title="bbox 397 2739 1964 2811">
     <span class='ocr_line' id='line_1_29' title="bbox 397 2739 1964 2811; baseline -0.002 -13"><span class='ocrx_word' id='word_1_165' title='bbox 397 2742 631 2811; x_wconf 84' lang='lat' dir='ltr'><strong>deﬂecti,</strong></span> <span class='ocrx_word' id='word_1_166' title='bbox 669 2757 774 2811; x_wconf 86' lang='lat' dir='ltr'><strong>quo</strong></span> <span class='ocrx_word' id='word_1_167' title='bbox 809 2755 911 2796; x_wconf 89' lang='lat' dir='ltr'><strong>non</strong></span> <span class='ocrx_word' id='word_1_168' title='bbox 952 2741 1080 2796; x_wconf 86' lang='lat' dir='ltr'><strong>sinit</strong></span> <span class='ocrx_word' id='word_1_169' title='bbox 1122 2741 1325 2810; x_wconf 78' lang='lat' dir='ltr'><strong>regula,</strong></span> <span class='ocrx_word' id='word_1_170' title='bbox 1363 2757 1481 2811; x_wconf 64' lang='lat' dir='ltr'><strong>quae</strong></span> <span class='ocrx_word' id='word_1_171' title='bbox 1534 2757 1618 2795; x_wconf 88' lang='lat' dir='ltr'><strong>me</strong></span> <span class='ocrx_word' id='word_1_172' title='bbox 1669 2740 1862 2810; x_wconf 69' lang='lat' dir='ltr'><strong>scalpit</strong></span> <span class='ocrx_word' id='word_1_173' title='bbox 1907 2739 1964 2796; x_wconf 91' lang='lat' dir='ltr'><strong>in</strong></span> 
     </span>
    </p>
   </div>
   <div class='ocr_carea' id='block_1_30' title="bbox 397 2834 1974 2901">
    <p class='ocr_par' dir='ltr' id='par_1_30' title="bbox 397 2834 1974 2901">
     <span class='ocr_line' id='line_1_30' title="bbox 397 2834 1974 2901; baseline -0.001 -11"><span class='ocrx_word' id='word_1_174' title='bbox 397 2837 642 2892; x_wconf 86' lang='lat' dir='ltr'><strong>rectum?</strong></span> <span class='ocrx_word' id='word_1_175' title='bbox 669 2834 865 2890; x_wconf 84' lang='lat' dir='ltr'><strong>irrisus</strong></span> <span class='ocrx_word' id='word_1_176' title='bbox 888 2843 967 2888; x_wconf 88' lang='lat' dir='ltr'><strong>est</strong></span> <span class='ocrx_word' id='word_1_177' title='bbox 996 2845 1050 2888; x_wconf 89' lang='lat' dir='ltr'><strong>et</strong></span> <span class='ocrx_word' id='word_1_178' title='bbox 1083 2835 1348 2890; x_wconf 72' lang='lat' dir='ltr'><strong>maximus</strong></span> <span class='ocrx_word' id='word_1_179' title='bbox 1381 2844 1567 2890; x_wconf 89' lang='lat' dir='ltr'><strong>noster</strong></span> <span class='ocrx_word' id='word_1_180' title='bbox 1596 2835 1875 2901; x_wconf 85' lang='lat' dir='ltr'><strong>Dominus,</strong></span> <span class='ocrx_word' id='word_1_181' title='bbox 1911 2843 1974 2889; x_wconf 73' lang='lat' dir='ltr'><strong>et‘</strong></span> 
     </span>
    </p>
   </div>
   <div class='ocr_carea' id='block_1_31' title="bbox 397 2926 1963 2997">
    <p class='ocr_par' dir='ltr' id='par_1_31' title="bbox 397 2926 1963 2997">
     <span class='ocr_line' id='line_1_31' title="bbox 397 2926 1963 2997; baseline 0.002 -18"><span class='ocrx_word' id='word_1_182' title='bbox 397 2928 487 2997; x_wconf 85' lang='lat' dir='ltr'><strong>qui</strong></span> <span class='ocrx_word' id='word_1_183' title='bbox 544 2928 792 2981; x_wconf 72' lang='lat' dir='ltr'><strong>luserunt</strong></span> <span class='ocrx_word' id='word_1_184' title='bbox 845 2927 1214 2996; x_wconf 78' lang='lat' dir='ltr'><strong>jttstilicatttur</strong></span> <span class='ocrx_word' id='word_1_185' title='bbox 1266 2926 1442 2981; x_wconf 83' lang='lat' dir='ltr'><strong>adhuc</strong></span> <span class='ocrx_word' id='word_1_186' title='bbox 1495 2928 1546 2981; x_wconf 87' lang='lat' dir='ltr'><strong>in</strong></span> <span class='ocrx_word' id='word_1_187' title='bbox 1601 2929 1716 2984; x_wconf 84' lang='lat' dir='ltr'><strong>suis</strong></span> <span class='ocrx_word' id='word_1_188' title='bbox 1770 2929 1963 2983; x_wconf 84' lang='lat' dir='ltr'><strong>saltem</strong></span> 
     </span>
    </p>
   </div>
   <div class='ocr_carea' id='block_1_32' title="bbox 398 3017 1967 3086">
    <p class='ocr_par' dir='ltr' id='par_1_32' title="bbox 398 3017 1967 3086">
     <span class='ocr_line' id='line_1_32' title="bbox 398 3017 1967 3086; baseline 0.001 -13"><span class='ocrx_word' id='word_1_189' title='bbox 398 3017 744 3086; x_wconf 85' lang='lat' dir='ltr'><strong>Opinionibus</strong></span> <span class='ocrx_word' id='word_1_190' title='bbox 786 3036 798 3070; x_wconf 90' lang='lat'><strong>:</strong></span> <span class='ocrx_word' id='word_1_191' title='bbox 837 3018 928 3070; x_wconf 79' lang='lat' dir='ltr'><strong>sed</strong></span> <span class='ocrx_word' id='word_1_192' title='bbox 963 3017 1092 3070; x_wconf 81' lang='lat' dir='ltr'><strong>nihil</strong></span> <span class='ocrx_word' id='word_1_193' title='bbox 1145 3017 1450 3086; x_wconf 83' lang='lat' dir='ltr'><strong>proliciunt,</strong></span> <span class='ocrx_word' id='word_1_194' title='bbox 1489 3018 1587 3073; x_wconf 88' lang='lat' dir='ltr'><strong>sed</strong></span> <span class='ocrx_word' id='word_1_195' title='bbox 1621 3032 1740 3072; x_wconf 88' lang='lat' dir='ltr'><strong>cum</strong></span> <span class='ocrx_word' id='word_1_196' title='bbox 1775 3019 1967 3075; x_wconf 86' lang='lat' dir='ltr'><strong>electis</strong></span> 
     </span>
    </p>
   </div>
   <div class='ocr_carea' id='block_1_33' title="bbox 399 3109 1967 3178">
    <p class='ocr_par' dir='ltr' id='par_1_33' title="bbox 399 3109 1967 3178">
     <span class='ocr_line' id='line_1_33' title="bbox 399 3109 1967 3178; baseline 0.004 -17"><span class='ocrx_word' id='word_1_197' title='bbox 399 3111 746 3163; x_wconf 82' lang='lat' dir='ltr'><strong>ordinantur.</strong></span> <span class='ocrx_word' id='word_1_198' title='bbox 776 3109 1028 3162; x_wconf 83' lang='lat' dir='ltr'><strong>Attamen</strong></span> <span class='ocrx_word' id='word_1_199' title='bbox 1063 3125 1184 3162; x_wconf 88' lang='lat' dir='ltr'><strong>cum</strong></span> <span class='ocrx_word' id='word_1_200' title='bbox 1214 3109 1410 3178; x_wconf 86' lang='lat' dir='ltr'><strong>aliquis</strong></span> <span class='ocrx_word' id='word_1_201' title='bbox 1439 3126 1503 3166; x_wconf 78' lang='lat' dir='ltr'><strong>ex</strong></span> <span class='ocrx_word' id='word_1_202' title='bbox 1538 3112 1642 3167; x_wconf 85' lang='lat' dir='ltr'><strong>illis</strong></span> <span class='ocrx_word' id='word_1_203' title='bbox 1671 3113 1806 3168; x_wconf 86' lang='lat' dir='ltr'><strong>adeo</strong></span> <span class='ocrx_word' id='word_1_204' title='bbox 1837 3128 1967 3167; x_wconf 86' lang='lat' dir='ltr'><strong>ma—</strong></span> 
     </span>
    </p>
   </div>
   <div class='ocr_carea' id='block_1_34' title="bbox 399 3201 1968 3272">
    <p class='ocr_par' dir='ltr' id='par_1_34' title="bbox 399 3201 1968 3272">
     <span class='ocr_line' id='line_1_34' title="bbox 399 3201 1968 3272; baseline 0.002 -18"><span class='ocrx_word' id='word_1_205' title='bbox 399 3203 568 3256; x_wconf 82' lang='lat' dir='ltr'><strong>leﬁcis</strong></span> <span class='ocrx_word' id='word_1_206' title='bbox 602 3203 666 3254; x_wconf 89' lang='lat' dir='ltr'><strong>ad</strong></span> <span class='ocrx_word' id='word_1_207' title='bbox 699 3216 819 3253; x_wconf 87' lang='lat' dir='ltr'><strong>cum</strong></span> <span class='ocrx_word' id='word_1_208' title='bbox 873 3215 1008 3268; x_wconf 89' lang='lat' dir='ltr'><strong>pure</strong></span> <span class='ocrx_word' id='word_1_209' title='bbox 1062 3201 1204 3254; x_wconf 85' lang='lat' dir='ltr'><strong>venit</strong></span> <span class='ocrx_word' id='word_1_210' title='bbox 1254 3210 1309 3254; x_wconf 82' lang='lat' dir='ltr'><strong>et</strong></span> <span class='ocrx_word' id='word_1_211' title='bbox 1358 3201 1544 3256; x_wconf 86' lang='lat' dir='ltr'><strong>abnuit</strong></span> <span class='ocrx_word' id='word_1_212' title='bbox 1595 3203 1801 3272; x_wconf 87' lang='lat' dir='ltr'><strong>priora,</strong></span> <span class='ocrx_word' id='word_1_213' title='bbox 1839 3215 1968 3259; x_wconf 89' lang='lat' dir='ltr'><strong>tunc</strong></span> 
     </span>
    </p>
   </div>
   <div class='ocr_carea' id='block_1_35' title="bbox 2058 683 3630 753">
    <p class='ocr_par' dir='ltr' id='par_1_35' title="bbox 2058 683 3630 753">
     <span class='ocr_line' id='line_1_35' title="bbox 2058 683 3630 753; baseline 0 -16"><span class='ocrx_word' id='word_1_214' title='bbox 2058 685 2119 737; x_wconf 86' lang='grc' dir='ltr'>τὸ</span> <span class='ocrx_word' id='word_1_215' title='bbox 2162 685 2282 738; x_wconf 86' lang='grc' dir='ltr'>κατ’</span> <span class='ocrx_word' id='word_1_216' title='bbox 2333 684 2622 753; x_wconf 79' lang='grc' dir='ltr'>ἀγροικίαν</span> <span class='ocrx_word' id='word_1_217' title='bbox 2662 683 2881 737; x_wconf 84' lang='grc' dir='ltr'>παιδνόν</span> <span class='ocrx_word' id='word_1_218' title='bbox 2939 699 2998 734; x_wconf 76' lang='grc' dir='ltr'><strong>τε</strong></span> <span class='ocrx_word' id='word_1_219' title='bbox 3045 683 3138 734; x_wconf 79' lang='grc' dir='ltr'><strong>καὶ</strong></span> <span class='ocrx_word' id='word_1_220' title='bbox 3198 683 3416 750; x_wconf 66' lang='grc' dir='ltr'>ἀφελές.</span> <span class='ocrx_word' id='word_1_221' title='bbox 3469 686 3630 737; x_wconf 70' lang='lat' dir='ltr'><strong>Mth</strong></span> 
     </span>
    </p>
   </div>
   <div class='ocr_carea' id='block_1_36' title="bbox 2062 775 3630 847">
    <p class='ocr_par' dir='ltr' id='par_1_36' title="bbox 2062 775 3630 847">
     <span class='ocr_line' id='line_1_36' title="bbox 2062 775 3630 847; baseline 0 -17"><span class='ocrx_word' id='word_1_222' title='bbox 2062 777 2290 847; x_wconf 79' lang='grc' dir='ltr'><strong>Πρωτέα</strong></span> <span class='ocrx_word' id='word_1_223' title='bbox 2339 777 2432 830; x_wconf 82' lang='grc' dir='ltr'>τὸν</span> <span class='ocrx_word' id='word_1_224' title='bbox 2464 777 2837 847; x_wconf 76' lang='grc' dir='ltr'>πολύμορφον.</span> <span class='ocrx_word' id='word_1_225' title='bbox 2881 775 3024 830; x_wconf 84' lang='grc' dir='ltr'>Φιλῶ</span> <span class='ocrx_word' id='word_1_226' title='bbox 3079 777 3142 829; x_wconf 79' lang='grc' dir='ltr'>τὸ</span> <span class='ocrx_word' id='word_1_227' title='bbox 3187 775 3331 830; x_wconf 84' lang='grc' dir='ltr'><strong>κατά</strong></span> <span class='ocrx_word' id='word_1_228' title='bbox 3363 778 3498 830; x_wconf 73' lang='grc' dir='ltr'>Θεὸν</span> <span class='ocrx_word' id='word_1_229' title='bbox 3529 796 3630 847; x_wconf 84' lang='grc' dir='ltr'>μο-</span> 
     </span>
    </p>
   </div>
   <div class='ocr_carea' id='block_1_37' title="bbox 2061 867 3632 939">
    <p class='ocr_par' dir='ltr' id='par_1_37' title="bbox 2061 867 3632 939">
     <span class='ocr_line' id='line_1_37' title="bbox 2061 867 3632 939; baseline 0.001 -19"><span class='ocrx_word' id='word_1_230' title='bbox 2061 869 2343 939; x_wconf 82' lang='grc' dir='ltr'>νότροπον.</span> <span class='ocrx_word' id='word_1_231' title='bbox 2383 868 2890 939; x_wconf 75' lang='grc' dir='ltr'>Ἀποτροπιάζομαι</span> <span class='ocrx_word' id='word_1_232' title='bbox 2915 868 2975 921; x_wconf 80' lang='grc' dir='ltr'>τὸ</span> <span class='ocrx_word' id='word_1_233' title='bbox 3002 867 3147 920; x_wconf 86' lang='grc' dir='ltr'><strong>κατά</strong></span> <span class='ocrx_word' id='word_1_234' title='bbox 3174 867 3273 937; x_wconf 85' lang='grc' dir='ltr'>τὴν</span> <span class='ocrx_word' id='word_1_235' title='bbox 3304 867 3632 936; x_wconf 80' lang='grc' dir='ltr'><strong>Ἔμπουσαν</strong></span> 
     </span>
    </p>
   </div>
   <div class='ocr_carea' id='block_1_38' title="bbox 2062 959 3632 1030">
    <p class='ocr_par' dir='ltr' id='par_1_38' title="bbox 2062 959 3632 1030">
     <span class='ocr_line' id='line_1_38' title="bbox 2062 959 3632 1030; baseline 0.001 -18"><span class='ocrx_word' id='word_1_236' title='bbox 2062 961 2534 1029; x_wconf 72' lang='grc' dir='ltr'>πολυφάνταστον.</span> <span class='ocrx_word' id='word_1_237' title='bbox 2571 959 2732 1030; x_wconf 81' lang='grc' dir='ltr'>Ζηλῶ</span> <span class='ocrx_word' id='word_1_238' title='bbox 2783 959 2844 1013; x_wconf 86' lang='grc' dir='ltr'>τὸ</span> <span class='ocrx_word' id='word_1_239' title='bbox 2897 959 3018 1012; x_wconf 88' lang='grc' dir='ltr'>κατ’</span> <span class='ocrx_word' id='word_1_240' title='bbox 3057 959 3347 1028; x_wconf 81' lang='grc' dir='ltr'>ἄνθρωπον</span> <span class='ocrx_word' id='word_1_241' title='bbox 3421 960 3632 1014; x_wconf 77' lang='grc' dir='ltr'>ἁπλοῦν</span> 
     </span>
    </p>
   </div>
   <div class='ocr_carea' id='block_1_39' title="bbox 2064 1049 3633 1120">
    <p class='ocr_par' dir='ltr' id='par_1_39' title="bbox 2064 1049 3633 1120">
     <span class='ocr_line' id='line_1_39' title="bbox 2064 1049 3633 1120; baseline 0 -16"><span class='ocrx_word' id='word_1_242' title='bbox 2064 1053 2158 1104; x_wconf 79' lang='grc' dir='ltr'>καὶ</span> <span class='ocrx_word' id='word_1_243' title='bbox 2188 1052 2496 1105; x_wconf 65' lang='grc' dir='ltr'>ἀποίκιὶρν.</span> <span class='ocrx_word' id='word_1_244' title='bbox 2538 1052 2631 1120; x_wconf 82' lang='grc' dir='ltr'><strong>Μὴ</strong></span> <span class='ocrx_word' id='word_1_245' title='bbox 2664 1052 2868 1120; x_wconf 82' lang='grc' dir='ltr'>σφαῖρα</span> <span class='ocrx_word' id='word_1_246' title='bbox 2903 1049 3228 1119; x_wconf 80' lang='grc' dir='ltr'><strong>λογιζοίμην</strong></span> <span class='ocrx_word' id='word_1_247' title='bbox 3287 1050 3431 1102; x_wconf 81' lang='grc' dir='ltr'><strong>κατά</strong></span> <span class='ocrx_word' id='word_1_248' title='bbox 3487 1068 3633 1120; x_wconf 76' lang='grc' dir='ltr'>πραο</span> 
     </span>
    </p>
   </div>
   <div class='ocr_carea' id='block_1_40' title="bbox 2067 1133 3630 1217">
    <p class='ocr_par' dir='ltr' id='par_1_40' title="bbox 2067 1133 3630 1217">
     <span class='ocr_line' id='line_1_40' title="bbox 2067 1133 3630 1217; baseline -0.003 -21"><span class='ocrx_word' id='word_1_249' title='bbox 2067 1143 2213 1210; x_wconf 75' lang='grc' dir='ltr'>νοῦς,</span> <span class='ocrx_word' id='word_1_250' title='bbox 2251 1140 2319 1217; x_wconf 85' lang='grc' dir='ltr'>ἦς</span> <span class='ocrx_word' id='word_1_251' title='bbox 2346 1145 2435 1197; x_wconf 78' lang='grc' dir='ltr'>ἀεὶ</span> <span class='ocrx_word' id='word_1_252' title='bbox 2469 1144 2529 1198; x_wconf 69' lang='grc' dir='ltr'>τὸ</span> <span class='ocrx_word' id='word_1_253' title='bbox 2567 1143 2737 1204; x_wconf 76' lang='grc' dir='ltr'>οὕτως</span> <span class='ocrx_word' id='word_1_254' title='bbox 2776 1143 3034 1205; x_wconf 83' lang='grc' dir='ltr'><strong>ἄστατον,</strong></span> <span class='ocrx_word' id='word_1_255' title='bbox 3065 1140 3200 1194; x_wconf 81' lang='grc' dir='ltr'>ἀλλὰ</span> <span class='ocrx_word' id='word_1_256' title='bbox 3230 1141 3414 1206; x_wconf 78' lang='grc' dir='ltr'>κύϐος,</span> <span class='ocrx_word' id='word_1_257' title='bbox 3453 1133 3512 1194; x_wconf 73' lang='grc' dir='ltr'>οὗ</span> <span class='ocrx_word' id='word_1_258' title='bbox 3568 1142 3630 1192; x_wconf 80' lang='grc' dir='ltr'><strong>τὺ</strong></span> 
     </span>
    </p>
   </div>
   <div class='ocr_carea' id='block_1_41' title="bbox 2066 1229 3632 1306">
    <p class='ocr_par' dir='ltr' id='par_1_41' title="bbox 2066 1229 3632 1306">
     <span class='ocr_line' id='line_1_41' title="bbox 2066 1229 3632 1306; baseline -0.003 -18"><span class='ocrx_word' id='word_1_259' title='bbox 2066 1237 2334 1306; x_wconf 85' lang='grc' dir='ltr'>στάσιμον</span> <span class='ocrx_word' id='word_1_260' title='bbox 2364 1238 2458 1289; x_wconf 60' lang='grc' dir='ltr'><strong>καὶ¹</strong></span> <span class='ocrx_word' id='word_1_261' title='bbox 2487 1234 2589 1299; x_wconf 76' lang='grc' dir='ltr'><strong>ἔξω</strong></span> <span class='ocrx_word' id='word_1_262' title='bbox 2645 1233 2817 1303; x_wconf 66' lang='grc' dir='ltr'>ψόγου</span> <span class='ocrx_word' id='word_1_263' title='bbox 2849 1233 3214 1302; x_wconf 81' lang='grc' dir='ltr'>τετράγωνον.</span> <span class='ocrx_word' id='word_1_264' title='bbox 3251 1233 3366 1285; x_wconf 84' lang='grc' dir='ltr'><strong>Οὐκ</strong></span> <span class='ocrx_word' id='word_1_265' title='bbox 3425 1229 3566 1285; x_wconf 67' lang='grc' dir='ltr'>οἶδεν</span> <span class='ocrx_word' id='word_1_266' title='bbox 3598 1237 3632 1300; x_wconf 77' lang='grc' dir='ltr'><strong>ἡ</strong></span> 
     </span>
    </p>
   </div>
   <div class='ocr_carea' id='block_1_42' title="bbox 2066 1320 3633 1399">
    <p class='ocr_par' dir='ltr' id='par_1_42' title="bbox 2066 1320 3633 1399">
     <span class='ocr_line' id='line_1_42' title="bbox 2066 1320 3633 1399; baseline -0.002 -18"><span class='ocrx_word' id='word_1_267' title='bbox 2066 1329 2234 1398; x_wconf 79' lang='grc' dir='ltr'>φύσις</span> <span class='ocrx_word' id='word_1_268' title='bbox 2267 1327 2576 1399; x_wconf 75' lang='grc' dir='ltr'>τρικέφαλοι</span> <span class='ocrx_word' id='word_1_269' title='bbox 2609 1326 2832 1396; x_wconf 75' lang='grc' dir='ltr'>τέραταο</span> <span class='ocrx_word' id='word_1_270' title='bbox 2871 1327 2984 1388; x_wconf 83' lang='grc' dir='ltr'><strong>πῶς</strong></span> <span class='ocrx_word' id='word_1_271' title='bbox 3027 1320 3121 1378; x_wconf 82' lang='grc' dir='ltr'>οὖν</span> <span class='ocrx_word' id='word_1_272' title='bbox 3172 1325 3338 1394; x_wconf 76' lang='grc' dir='ltr'>εἰδείη</span> <span class='ocrx_word' id='word_1_273' title='bbox 3388 1325 3454 1378; x_wconf 83' lang='grc' dir='ltr'>ἂν</span> <span class='ocrx_word' id='word_1_274' title='bbox 3505 1327 3633 1378; x_wconf 83' lang='grc' dir='ltr'>ὲκα-</span> 
     </span>
    </p>
   </div>
   <div class='ocr_carea' id='block_1_43' title="bbox 2062 1417 3633 1490">
    <p class='ocr_par' dir='ltr' id='par_1_43' title="bbox 2062 1417 3633 1490">
     <span class='ocr_line' id='line_1_43' title="bbox 2062 1417 3633 1490; baseline -0.004 -16"><span class='ocrx_word' id='word_1_275' title='bbox 2062 1419 2381 1490; x_wconf 73' lang='grc' dir='ltr'>τογκέφαλα</span> <span class='ocrx_word' id='word_1_276' title='bbox 2407 1437 2423 1486; x_wconf 89' lang='lat'><strong>;</strong></span> <span class='ocrx_word' id='word_1_277' title='bbox 2461 1418 2602 1472; x_wconf 66' lang='grc' dir='ltr'><strong>Οὐδὲ</strong></span> <span class='ocrx_word' id='word_1_278' title='bbox 2625 1418 2686 1472; x_wconf 84' lang='grc' dir='ltr'>τὸ</span> <span class='ocrx_word' id='word_1_279' title='bbox 2708 1426 2800 1472; x_wconf 83' lang='grc' dir='ltr'>τοῦ</span> <span class='ocrx_word' id='word_1_280' title='bbox 2844 1417 3051 1472; x_wconf 82' lang='grc' dir='ltr'>Ίάννον</span> <span class='ocrx_word' id='word_1_281' title='bbox 3079 1417 3429 1481; x_wconf 71' lang='grc' dir='ltr'><strong>διπρόσωπον</strong></span> <span class='ocrx_word' id='word_1_282' title='bbox 3460 1419 3633 1470; x_wconf 81' lang='grc' dir='ltr'>ἀκατ-</span> 
     </span>
    </p>
   </div>
   <div class='ocr_carea' id='block_1_44' title="bbox 2063 1509 3635 1581">
    <p class='ocr_par' dir='ltr' id='par_1_44' title="bbox 2063 1509 3635 1581">
     <span class='ocr_line' id='line_1_44' title="bbox 2063 1509 3635 1581; baseline -0.003 -16"><span class='ocrx_word' id='word_1_283' title='bbox 2063 1513 2214 1566; x_wconf 85' lang='grc' dir='ltr'>αιτία</span> <span class='ocrx_word' id='word_1_284' title='bbox 2243 1527 2361 1566; x_wconf 86' lang='grc' dir='ltr'>τον.</span> <span class='ocrx_word' id='word_1_285' title='bbox 2407 1509 2510 1564; x_wconf 85' lang='grc' dir='ltr'>Ἔν</span> <span class='ocrx_word' id='word_1_286' title='bbox 2541 1528 2634 1580; x_wconf 91' lang='grc' dir='ltr'><strong>μοι</strong></span> <span class='ocrx_word' id='word_1_287' title='bbox 2670 1511 2967 1581; x_wconf 85' lang='grc' dir='ltr'>πρόσωπον</span> <span class='ocrx_word' id='word_1_288' title='bbox 2995 1510 3083 1576; x_wconf 83' lang='grc' dir='ltr'><strong>εἴη</strong></span> <span class='ocrx_word' id='word_1_289' title='bbox 3119 1509 3205 1562; x_wconf 77' lang='grc' dir='ltr'><strong>διὰ</strong></span> <span class='ocrx_word' id='word_1_290' title='bbox 3233 1509 3454 1571; x_wconf 79' lang='grc' dir='ltr'>παντὸς,</span> <span class='ocrx_word' id='word_1_291' title='bbox 3485 1509 3513 1562; x_wconf 84' lang='grc' dir='ltr'>δ</span> <span class='ocrx_word' id='word_1_292' title='bbox 3539 1509 3635 1561; x_wconf 69' lang='grc' dir='ltr'>καὶ</span> 
     </span>
    </p>
   </div>
   <div class='ocr_carea' id='block_1_45' title="bbox 2069 1592 3634 1672">
    <p class='ocr_par' dir='ltr' id='par_1_45' title="bbox 2069 1592 3634 1672">
     <span class='ocr_line' id='line_1_45' title="bbox 2069 1592 3634 1672; baseline -0.004 -14"><span class='ocrx_word' id='word_1_293' title='bbox 2069 1607 2182 1667; x_wconf 80' lang='grc' dir='ltr'>τοῖς</span> <span class='ocrx_word' id='word_1_294' title='bbox 2214 1604 2398 1666; x_wconf 77' lang='grc' dir='ltr'>ἄλλοις</span> <span class='ocrx_word' id='word_1_295' title='bbox 2437 1604 2666 1666; x_wconf 75' lang='grc' dir='ltr'>ἅπασιν,</span> <span class='ocrx_word' id='word_1_296' title='bbox 2701 1602 2750 1655; x_wconf 81' lang='grc' dir='ltr'>οἳ</span> <span class='ocrx_word' id='word_1_297' title='bbox 2783 1601 2918 1656; x_wconf 74' lang='grc' dir='ltr'>Θεὸν</span> <span class='ocrx_word' id='word_1_298' title='bbox 2952 1601 3198 1654; x_wconf 81' lang='grc' dir='ltr'><strong>πνέουσι.</strong></span> <span class='ocrx_word' id='word_1_299' title='bbox 3223 1601 3316 1671; x_wconf 83' lang='grc' dir='ltr'><strong>Μὴ</strong></span> <span class='ocrx_word' id='word_1_300' title='bbox 3366 1592 3634 1672; x_wconf 80' lang='grc' dir='ltr'>δρχοίμην</span> 
     </span>
    </p>
   </div>
   <div class='ocr_carea' id='block_1_46' title="bbox 2069 1692 3633 1767">
    <p class='ocr_par' dir='ltr' id='par_1_46' title="bbox 2069 1692 3633 1767">
     <span class='ocr_line' id='line_1_46' title="bbox 2069 1692 3633 1767; baseline -0.003 -18"><span class='ocrx_word' id='word_1_301' title='bbox 2069 1703 2207 1767; x_wconf 81' lang='grc' dir='ltr'>μήτε</span> <span class='ocrx_word' id='word_1_302' title='bbox 2232 1696 2368 1766; x_wconf 83' lang='grc' dir='ltr'>πρὸς</span> <span class='ocrx_word' id='word_1_303' title='bbox 2393 1695 2694 1766; x_wconf 67' lang='grc' dir='ltr'>πυρρίχην,</span> <span class='ocrx_word' id='word_1_304' title='bbox 2729 1693 2870 1763; x_wconf 82' lang='grc' dir='ltr'>μήτε</span> <span class='ocrx_word' id='word_1_305' title='bbox 2925 1692 3300 1763; x_wconf 76' lang='grc' dir='ltr'>κορυϐαντιῶν</span> <span class='ocrx_word' id='word_1_306' title='bbox 3322 1709 3338 1724; x_wconf 77' lang='grc' dir='ltr'><strong><em>ο</em></strong></span> <span class='ocrx_word' id='word_1_307' title='bbox 3383 1692 3521 1744; x_wconf 77' lang='grc' dir='ltr'>ἀλλὰ</span> <span class='ocrx_word' id='word_1_308' title='bbox 3549 1695 3633 1761; x_wconf 78' lang='grc' dir='ltr'><strong>ῥι-</strong></span> 
     </span>
    </p>
   </div>
   <div class='ocr_carea' id='block_1_47' title="bbox 2067 1778 3635 1860">
    <p class='ocr_par' dir='ltr' id='par_1_47' title="bbox 2067 1778 3635 1860">
     <span class='ocr_line' id='line_1_47' title="bbox 2067 1778 3635 1860; baseline -0.004 -18"><span class='ocrx_word' id='word_1_309' title='bbox 2067 1791 2282 1860; x_wconf 78' lang='grc' dir='ltr'>ζοίμην,</span> <span class='ocrx_word' id='word_1_310' title='bbox 2321 1789 2550 1858; x_wconf 86' lang='grc' dir='ltr'>μόνιμος</span> <span class='ocrx_word' id='word_1_311' title='bbox 2580 1786 2853 1856; x_wconf 66' lang='grc' dir='ltr'>βεϐηκὼς,</span> <span class='ocrx_word' id='word_1_312' title='bbox 2884 1785 2968 1855; x_wconf 75' lang='grc' dir='ltr'><strong>ἐφ’</strong></span> <span class='ocrx_word' id='word_1_313' title='bbox 2999 1778 3059 1837; x_wconf 77' lang='grc' dir='ltr'><strong>οὗ</strong></span> <span class='ocrx_word' id='word_1_314' title='bbox 3119 1784 3318 1854; x_wconf 86' lang='grc' dir='ltr'>χρεὼν,</span> <span class='ocrx_word' id='word_1_315' title='bbox 3351 1785 3515 1852; x_wconf 76' lang='grc' dir='ltr'>φυτὸν</span> <span class='ocrx_word' id='word_1_316' title='bbox 3541 1785 3635 1837; x_wconf 71' lang='grc' dir='ltr'><strong>οὖ-</strong></span> 
     </span>
    </p>
   </div>
   <div class='ocr_carea' id='block_1_48' title="bbox 2073 1875 3634 1952">
    <p class='ocr_par' dir='ltr' id='par_1_48' title="bbox 2073 1875 3634 1952">
     <span class='ocr_line' id='line_1_48' title="bbox 2073 1875 3634 1952; baseline -0.004 -16"><span class='ocrx_word' id='word_1_317' title='bbox 2073 1882 2256 1952; x_wconf 81' lang='grc' dir='ltr'>ράνιον</span> <span class='ocrx_word' id='word_1_318' title='bbox 2279 1881 2341 1934; x_wconf 78' lang='grc' dir='ltr'>ἐκ</span> <span class='ocrx_word' id='word_1_319' title='bbox 2375 1880 2541 1934; x_wconf 88' lang='grc' dir='ltr'>ποθεν</span> <span class='ocrx_word' id='word_1_320' title='bbox 2572 1879 2906 1949; x_wconf 82' lang='grc' dir='ltr'><strong>παραδείσου</strong></span> <span class='ocrx_word' id='word_1_321' title='bbox 2942 1875 3035 1930; x_wconf 81' lang='grc' dir='ltr'>τοῦ</span> <span class='ocrx_word' id='word_1_322' title='bbox 3073 1877 3215 1930; x_wconf 86' lang='grc' dir='ltr'><strong>κατά</strong></span> <span class='ocrx_word' id='word_1_323' title='bbox 3243 1876 3341 1946; x_wconf 81' lang='grc' dir='ltr'>τὴν</span> <span class='ocrx_word' id='word_1_324' title='bbox 3369 1877 3634 1946; x_wconf 77' lang='grc' dir='ltr'><strong>μεγίστην</strong></span> 
     </span>
    </p>
   </div>
   <div class='ocr_carea' id='block_1_49' title="bbox 2071 1963 3634 2041">
    <p class='ocr_par' dir='ltr' id='par_1_49' title="bbox 2071 1963 3634 2041">
     <span class='ocr_line' id='line_1_49' title="bbox 2071 1963 3634 2041; baseline -0.001 -17"><span class='ocrx_word' id='word_1_325' title='bbox 2071 1972 2285 2041; x_wconf 78' lang='grc' dir='ltr'>σοφίαν.</span> <span class='ocrx_word' id='word_1_326' title='bbox 2340 1969 2646 2039; x_wconf 84' lang='grc' dir='ltr'>Ἐκήπευσέ</span> <span class='ocrx_word' id='word_1_327' title='bbox 2674 1986 2740 2039; x_wconf 86' lang='grc' dir='ltr'><strong>με</strong></span> <span class='ocrx_word' id='word_1_328' title='bbox 2769 1971 2797 2022; x_wconf 90' lang='lat'><strong>6</strong></span> <span class='ocrx_word' id='word_1_329' title='bbox 2826 1969 2960 2031; x_wconf 85' lang='grc' dir='ltr'>Θεὸς</span> <span class='ocrx_word' id='word_1_330' title='bbox 2991 1968 3246 2034; x_wconf 72' lang='grc' dir='ltr'>ἐνταῦθα,</span> <span class='ocrx_word' id='word_1_331' title='bbox 3277 1967 3377 2021; x_wconf 83' lang='grc' dir='ltr'>οὐκ</span> <span class='ocrx_word' id='word_1_332' title='bbox 3411 1963 3634 2022; x_wconf 83' lang='grc' dir='ltr'>οἷδέίτε</span> 
     </span>
    </p>
   </div>
   <div class='ocr_carea' id='block_1_50' title="bbox 2066 2063 3627 2134">
    <p class='ocr_par' dir='ltr' id='par_1_50' title="bbox 2066 2063 3627 2134">
     <span class='ocr_line' id='line_1_50' title="bbox 2066 2063 3627 2134; baseline -0.002 -17"><span class='ocrx_word' id='word_1_333' title='bbox 2066 2067 2373 2134; x_wconf 76' lang='grc' dir='ltr'>ἔγκαρπον,</span> <span class='ocrx_word' id='word_1_334' title='bbox 2418 2065 2528 2116; x_wconf 79' lang='grc' dir='ltr'>εἴτε</span> <span class='ocrx_word' id='word_1_335' title='bbox 2559 2065 2656 2118; x_wconf 75' lang='grc' dir='ltr'>καὶ</span> <span class='ocrx_word' id='word_1_336' title='bbox 2705 2063 2883 2126; x_wconf 73' lang='grc' dir='ltr'>ἄλλως</span> <span class='ocrx_word' id='word_1_337' title='bbox 2946 2063 3280 2132; x_wconf 72' lang='grc' dir='ltr'>ἐψιλωμένον</span> <span class='ocrx_word' id='word_1_338' title='bbox 3346 2063 3457 2115; x_wconf 85' lang='grc' dir='ltr'><strong>τῶν</strong></span> <span class='ocrx_word' id='word_1_339' title='bbox 3505 2079 3627 2133; x_wconf 80' lang='grc' dir='ltr'>τρε·</span> 
     </span>
    </p>
   </div>
   <div class='ocr_carea' id='block_1_51' title="bbox 2065 2151 3636 2226">
    <p class='ocr_par' dir='ltr' id='par_1_51' title="bbox 2065 2151 3636 2226">
     <span class='ocr_line' id='line_1_51' title="bbox 2065 2151 3636 2226; baseline 0 -17"><span class='ocrx_word' id='word_1_340' title='bbox 2065 2158 2295 2224; x_wconf 76' lang='grc' dir='ltr'>φύντων.</span> <span class='ocrx_word' id='word_1_341' title='bbox 2347 2155 2670 2225; x_wconf 82' lang='grc' dir='ltr'>Ἐστήκοιμι</span> <span class='ocrx_word' id='word_1_342' title='bbox 2707 2151 2824 2218; x_wconf 81' lang='grc' dir='ltr'>οὖν,</span> <span class='ocrx_word' id='word_1_343' title='bbox 2850 2155 2925 2216; x_wconf 84' lang='grc' dir='ltr'>ὡς</span> <span class='ocrx_word' id='word_1_344' title='bbox 2973 2153 3236 2223; x_wconf 72' lang='grc' dir='ltr'>ἐτάχθην,</span> <span class='ocrx_word' id='word_1_345' title='bbox 3270 2156 3363 2206; x_wconf 80' lang='grc' dir='ltr'>καὶ</span> <span class='ocrx_word' id='word_1_346' title='bbox 3397 2155 3471 2226; x_wconf 74' lang='grc' dir='ltr'>μὴ</span> <span class='ocrx_word' id='word_1_347' title='bbox 3523 2155 3636 2209; x_wconf 81' lang='grc' dir='ltr'>ἄνω</span> 
     </span>
    </p>
   </div>
   <div class='ocr_carea' id='block_1_52' title="bbox 2067 2240 3636 2314">
    <p class='ocr_par' dir='ltr' id='par_1_52' title="bbox 2067 2240 3636 2314">
     <span class='ocr_line' id='line_1_52' title="bbox 2067 2240 3636 2314; baseline 0 -16"><span class='ocrx_word' id='word_1_348' title='bbox 2067 2247 2220 2301; x_wconf 72' lang='grc' dir='ltr'>κάτω</span> <span class='ocrx_word' id='word_1_349' title='bbox 2260 2245 2526 2314; x_wconf 83' lang='grc' dir='ltr'>γεγονὼς,</span> <span class='ocrx_word' id='word_1_350' title='bbox 2585 2240 2668 2309; x_wconf 80' lang='grc' dir='ltr'>οἷς</span> <span class='ocrx_word' id='word_1_351' title='bbox 2729 2245 3199 2312; x_wconf 78' lang='grc' dir='ltr'>ἀνασκαλεύομαι,</span> <span class='ocrx_word' id='word_1_352' title='bbox 3248 2245 3636 2314; x_wconf 87' lang='grc' dir='ltr'>συναχρειώσω</span> 
     </span>
    </p>
   </div>
   <div class='ocr_carea' id='block_1_53' title="bbox 2067 2332 3638 2403">
    <p class='ocr_par' dir='ltr' id='par_1_53' title="bbox 2067 2332 3638 2403">
     <span class='ocr_line' id='line_1_53' title="bbox 2067 2332 3638 2403; baseline 0 -16"><span class='ocrx_word' id='word_1_353' title='bbox 2067 2338 2162 2387; x_wconf 68' lang='grc' dir='ltr'>καὶ</span> <span class='ocrx_word' id='word_1_354' title='bbox 2197 2333 2266 2387; x_wconf 82' lang='grc' dir='ltr'>τὰ</span> <span class='ocrx_word' id='word_1_355' title='bbox 2295 2334 2657 2387; x_wconf 77' lang='grc' dir='ltr'>κοινωνοῦντά</span> <span class='ocrx_word' id='word_1_356' title='bbox 2692 2352 2782 2403; x_wconf 87' lang='grc' dir='ltr'><strong>μοι</strong></span> <span class='ocrx_word' id='word_1_357' title='bbox 2822 2335 2878 2396; x_wconf 83' lang='grc' dir='ltr'>ἐς</span> <span class='ocrx_word' id='word_1_358' title='bbox 2924 2333 3191 2403; x_wconf 82' lang='grc' dir='ltr'>ὁμοειδές.</span> <span class='ocrx_word' id='word_1_359' title='bbox 3234 2332 3395 2385; x_wconf 78' lang='grc' dir='ltr'>Ἀλλο</span> <span class='ocrx_word' id='word_1_360' title='bbox 3439 2334 3564 2396; x_wconf 84' lang='grc' dir='ltr'>λαὸς</span> <span class='ocrx_word' id='word_1_361' title='bbox 3609 2336 3638 2387; x_wconf 97' lang='lat'><strong>6</strong></span> 
     </span>
    </p>
   </div>
   <div class='ocr_carea' id='block_1_54' title="bbox 2068 2416 3640 2494">
    <p class='ocr_par' dir='ltr' id='par_1_54' title="bbox 2068 2416 3640 2494">
     <span class='ocr_line' id='line_1_54' title="bbox 2068 2416 3640 2494; baseline -0.001 -17"><span class='ocrx_word' id='word_1_362' title='bbox 2068 2424 2277 2489; x_wconf 78' lang='grc' dir='ltr'>ἁπλῶς,</span> <span class='ocrx_word' id='word_1_363' title='bbox 2307 2424 2401 2478; x_wconf 79' lang='grc' dir='ltr'>καὶ</span> <span class='ocrx_word' id='word_1_364' title='bbox 2433 2423 2560 2477; x_wconf 82' lang='grc' dir='ltr'>ἄλλο</span> <span class='ocrx_word' id='word_1_365' title='bbox 2583 2421 2714 2484; x_wconf 80' lang='grc' dir='ltr'>λαὸς</span> <span class='ocrx_word' id='word_1_366' title='bbox 2749 2425 2776 2475; x_wconf 87' lang='lat'><strong>6</strong></span> <span class='ocrx_word' id='word_1_367' title='bbox 2803 2423 2968 2494; x_wconf 78' lang='grc' dir='ltr'>ἱερός.</span> <span class='ocrx_word' id='word_1_368' title='bbox 3002 2416 3170 2484; x_wconf 70' lang='grc' dir='ltr'>Οὗτος</span> <span class='ocrx_word' id='word_1_369' title='bbox 3201 2421 3300 2492; x_wconf 80' lang='grc' dir='ltr'>μὲν</span> <span class='ocrx_word' id='word_1_370' title='bbox 3333 2422 3464 2489; x_wconf 83' lang='grc' dir='ltr'>ἄνω,</span> <span class='ocrx_word' id='word_1_371' title='bbox 3496 2424 3640 2476; x_wconf 76' lang='grc' dir='ltr'>ἐκεῖ·</span> 
     </span>
    </p>
   </div>
   <div class='ocr_carea' id='block_1_55' title="bbox 2067 2512 2812 2584">
    <p class='ocr_par' dir='ltr' id='par_1_55' title="bbox 2067 2512 2812 2584">
     <span class='ocr_line' id='line_1_55' title="bbox 2067 2512 2812 2584; baseline 0.003 -19"><span class='ocrx_word' id='word_1_372' title='bbox 2067 2531 2153 2577; x_wconf 72' lang='grc' dir='ltr'><strong>νο,</strong></span> <span class='ocrx_word' id='word_1_373' title='bbox 2194 2515 2248 2567; x_wconf 78' lang='grc' dir='ltr'><strong>δὲ</strong></span> <span class='ocrx_word' id='word_1_374' title='bbox 2274 2513 2408 2568; x_wconf 77' lang='grc' dir='ltr'><strong>ἀλλά</strong></span> <span class='ocrx_word' id='word_1_375' title='bbox 2435 2512 2812 2584; x_wconf 72' lang='grc' dir='ltr'>ὑποϐεϐηκὼς.</span> 
     </span>
    </p>
   </div>
   <div class='ocr_carea' id='block_1_56' title="bbox 2140 2647 3638 2724">
    <p class='ocr_par' dir='ltr' id='par_1_56' title="bbox 2140 2647 3638 2724">
     <span class='ocr_line' id='line_1_56' title="bbox 2140 2647 3638 2724; baseline 0 -19"><span class='ocrx_word' id='word_1_376' title='bbox 2140 2647 2239 2721; x_wconf 80' lang='grc' dir='ltr'><strong>ξη’.</strong></span> <span class='ocrx_word' id='word_1_377' title='bbox 2275 2649 2342 2702; x_wconf 86' lang='grc' dir='ltr'>Τί</span> <span class='ocrx_word' id='word_1_378' title='bbox 2376 2650 2440 2722; x_wconf 83' lang='grc' dir='ltr'><strong>δὴ</strong></span> <span class='ocrx_word' id='word_1_379' title='bbox 2498 2649 2590 2704; x_wconf 80' lang='grc' dir='ltr'>οὖν</span> <span class='ocrx_word' id='word_1_380' title='bbox 2645 2668 2711 2720; x_wconf 84' lang='grc' dir='ltr'><strong>με</strong></span> <span class='ocrx_word' id='word_1_381' title='bbox 2756 2649 3043 2703; x_wconf 78' lang='grc' dir='ltr'>καθέλκειν</span> <span class='ocrx_word' id='word_1_382' title='bbox 3093 2649 3371 2719; x_wconf 85' lang='grc' dir='ltr'>βούλεσθε,</span> <span class='ocrx_word' id='word_1_383' title='bbox 3415 2650 3506 2705; x_wconf 74' lang='grc' dir='ltr'>τὸν</span> <span class='ocrx_word' id='word_1_384' title='bbox 3561 2647 3638 2724; x_wconf 76' lang='grc' dir='ltr'>μὴ</span> 
     </span>
    </p>
   </div>
   <div class='ocr_carea' id='block_1_57' title="bbox 2071 2742 3641 2812">
    <p class='ocr_par' dir='ltr' id='par_1_57' title="bbox 2071 2742 3641 2812">
     <span class='ocr_line' id='line_1_57' title="bbox 2071 2742 3641 2812; baseline 0.003 -18"><span class='ocrx_word' id='word_1_385' title='bbox 2071 2743 2354 2811; x_wconf 73' lang='grc' dir='ltr'><strong>πεφυκότα</strong></span> <span class='ocrx_word' id='word_1_386' title='bbox 2381 2743 2905 2812; x_wconf 80' lang='grc' dir='ltr'>κατακάμπτεσθαι,</span> <span class='ocrx_word' id='word_1_387' title='bbox 2936 2744 3015 2806; x_wconf 82' lang='grc' dir='ltr'>εἰς</span> <span class='ocrx_word' id='word_1_388' title='bbox 3037 2742 3064 2795; x_wconf 83' lang='lat'><strong>6</strong></span> <span class='ocrx_word' id='word_1_389' title='bbox 3095 2743 3171 2812; x_wconf 77' lang='grc' dir='ltr'>μὴ</span> <span class='ocrx_word' id='word_1_390' title='bbox 3215 2743 3428 2797; x_wconf 87' lang='grc' dir='ltr'>δίδωσιν</span> <span class='ocrx_word' id='word_1_391' title='bbox 3465 2746 3492 2798; x_wconf 88' lang='lat'><strong>6</strong></span> <span class='ocrx_word' id='word_1_392' title='bbox 3540 2763 3641 2798; x_wconf 73' lang='lat' dir='ltr'><strong>xa-</strong></span> 
     </span>
    </p>
   </div>
   <div class='ocr_carea' id='block_1_58' title="bbox 2070 2835 3644 2907">
    <p class='ocr_par' dir='ltr' id='par_1_58' title="bbox 2070 2835 3644 2907">
     <span class='ocr_line' id='line_1_58' title="bbox 2070 2835 3644 2907; baseline 0 -18"><span class='ocrx_word' id='word_1_393' title='bbox 2070 2835 2200 2898; x_wconf 85' lang='grc' dir='ltr'>νὼν,</span> <span class='ocrx_word' id='word_1_394' title='bbox 2233 2838 2261 2888; x_wconf 92' lang='lat'><strong>6</strong></span> <span class='ocrx_word' id='word_1_395' title='bbox 2292 2836 2372 2898; x_wconf 81' lang='grc' dir='ltr'>εἰς</span> <span class='ocrx_word' id='word_1_396' title='bbox 2394 2835 2552 2904; x_wconf 81' lang='grc' dir='ltr'>ὀρθὸν</span> <span class='ocrx_word' id='word_1_397' title='bbox 2598 2835 2847 2901; x_wconf 79' lang='grc' dir='ltr'><strong>ἀποξέων</strong></span> <span class='ocrx_word' id='word_1_398' title='bbox 2888 2853 2996 2905; x_wconf 89' lang='grc' dir='ltr'>με;</span> <span class='ocrx_word' id='word_1_399' title='bbox 3045 2836 3318 2906; x_wconf 83' lang='grc' dir='ltr'>Ἐπαίχθη</span> <span class='ocrx_word' id='word_1_400' title='bbox 3353 2838 3446 2888; x_wconf 78' lang='grc' dir='ltr'>καὶ</span> <span class='ocrx_word' id='word_1_401' title='bbox 3475 2837 3503 2883; x_wconf 86' lang='lat'><strong>6</strong></span> <span class='ocrx_word' id='word_1_402' title='bbox 3543 2837 3644 2907; x_wconf 61' lang='lat' dir='ltr'><strong>ps;</strong></span> 
     </span>
    </p>
   </div>
   <div class='ocr_carea' id='block_1_59' title="bbox 2071 2925 3642 2998">
    <p class='ocr_par' dir='ltr' id='par_1_59' title="bbox 2071 2925 3642 2998">
     <span class='ocr_line' id='line_1_59' title="bbox 2071 2925 3642 2998; baseline 0.003 -20"><span class='ocrx_word' id='word_1_403' title='bbox 2071 2944 2256 2995; x_wconf 74' lang='grc' dir='ltr'>γιστος</span> <span class='ocrx_word' id='word_1_404' title='bbox 2284 2926 2563 2996; x_wconf 85' lang='grc' dir='ltr'>Δεσπότης</span> <span class='ocrx_word' id='word_1_405' title='bbox 2590 2925 2770 2995; x_wconf 81' lang='grc' dir='ltr'>ἡμῶν,</span> <span class='ocrx_word' id='word_1_406' title='bbox 2801 2927 2894 2978; x_wconf 80' lang='grc' dir='ltr'>καὶ</span> <span class='ocrx_word' id='word_1_407' title='bbox 2920 2928 2969 2979; x_wconf 74' lang='lat' dir='ltr'><strong>oi</strong></span> <span class='ocrx_word' id='word_1_408' title='bbox 2999 2928 3407 2998; x_wconf 82' lang='grc' dir='ltr'>ὲμπεπαιχότες</span> <span class='ocrx_word' id='word_1_409' title='bbox 3437 2929 3642 2982; x_wconf 70' lang='grc' dir='ltr'>δικαιοέο</span> 
     </span>
    </p>
   </div>
   <div class='ocr_carea' id='block_1_60' title="bbox 2071 3017 3643 3089">
    <p class='ocr_par' dir='ltr' id='par_1_60' title="bbox 2071 3017 3643 3089">
     <span class='ocr_line' id='line_1_60' title="bbox 2071 3017 3643 3089; baseline 0.003 -18"><span class='ocrx_word' id='word_1_410' title='bbox 2071 3019 2363 3087; x_wconf 79' lang='grc' dir='ltr'>λογοῦνται</span> <span class='ocrx_word' id='word_1_411' title='bbox 2394 3020 2488 3072; x_wconf 67' lang='grc' dir='ltr'>καὶ</span> <span class='ocrx_word' id='word_1_412' title='bbox 2511 3017 2679 3070; x_wconf 79' lang='grc' dir='ltr'>εἰσέτι</span> <span class='ocrx_word' id='word_1_413' title='bbox 2711 3019 2781 3072; x_wconf 81' lang='grc' dir='ltr'>τά</span> <span class='ocrx_word' id='word_1_414' title='bbox 2813 3034 2876 3086; x_wconf 87' lang='grc' dir='ltr'><strong>γε</strong></span> <span class='ocrx_word' id='word_1_415' title='bbox 2908 3019 3066 3089; x_wconf 75' lang='grc' dir='ltr'>σφίσι</span> <span class='ocrx_word' id='word_1_416' title='bbox 3093 3019 3356 3073; x_wconf 75' lang='grc' dir='ltr'>δοκοῦντα</span> <span class='ocrx_word' id='word_1_417' title='bbox 3381 3037 3397 3052; x_wconf 74' lang='grc' dir='ltr'><strong>ο</strong></span> <span class='ocrx_word' id='word_1_418' title='bbox 3432 3022 3643 3075; x_wconf 81' lang='grc' dir='ltr'>ὀνίναν-</span> 
     </span>
    </p>
   </div>
   <div class='ocr_carea' id='block_1_61' title="bbox 2070 3110 3635 3182">
    <p class='ocr_par' dir='ltr' id='par_1_61' title="bbox 2070 3110 3635 3182">
     <span class='ocr_line' id='line_1_61' title="bbox 2070 3110 3635 3182; baseline -0.001 -15"><span class='ocrx_word' id='word_1_419' title='bbox 2070 3132 2158 3168; x_wconf 81' lang='grc' dir='ltr'><strong>ται</strong></span> <span class='ocrx_word' id='word_1_420' title='bbox 2181 3115 2237 3166; x_wconf 81' lang='grc' dir='ltr'><strong>δὲ</strong></span> <span class='ocrx_word' id='word_1_421' title='bbox 2268 3113 2443 3179; x_wconf 74' lang='grc' dir='ltr'>οὐδὲν,</span> <span class='ocrx_word' id='word_1_422' title='bbox 2478 3111 2554 3175; x_wconf 85' lang='grc' dir='ltr'><strong>ὡς</strong></span> <span class='ocrx_word' id='word_1_423' title='bbox 2615 3110 2708 3165; x_wconf 71' lang='grc' dir='ltr'>καὶ</span> <span class='ocrx_word' id='word_1_424' title='bbox 2767 3113 3124 3182; x_wconf 83' lang='grc' dir='ltr'>συντετάχθαι</span> <span class='ocrx_word' id='word_1_425' title='bbox 3175 3114 3287 3176; x_wconf 84' lang='grc' dir='ltr'>τοῖς</span> <span class='ocrx_word' id='word_1_426' title='bbox 3341 3113 3635 3176; x_wconf 71' lang='grc' dir='ltr'>ἐκλεκτοῖς.</span> 
     </span>
    </p>
   </div>
   <div class='ocr_carea' id='block_1_62' title="bbox 2083 3204 3641 3278">
    <p class='ocr_par' dir='ltr' id='par_1_62' title="bbox 2083 3204 3641 3278">
     <span class='ocr_line' id='line_1_62' title="bbox 2083 3204 3641 3278; baseline 0 -20"><span class='ocrx_word' id='word_1_427' title='bbox 2083 3205 2340 3258; x_wconf 77' lang='grc' dir='ltr'>Ἀλλ’ὅτε</span> <span class='ocrx_word' id='word_1_428' title='bbox 2362 3205 2424 3273; x_wconf 83' lang='grc' dir='ltr'><strong>δή</strong></span> <span class='ocrx_word' id='word_1_429' title='bbox 2466 3221 2549 3266; x_wconf 88' lang='grc' dir='ltr'><strong>τις</strong></span> <span class='ocrx_word' id='word_1_430' title='bbox 2609 3205 2704 3257; x_wconf 75' lang='grc' dir='ltr'>καὶ</span> <span class='ocrx_word' id='word_1_431' title='bbox 2752 3204 2860 3257; x_wconf 83' lang='grc' dir='ltr'>τῶν</span> <span class='ocrx_word' id='word_1_432' title='bbox 2919 3204 3059 3258; x_wconf 75' lang='grc' dir='ltr'>οὕτω</span> <span class='ocrx_word' id='word_1_433' title='bbox 3117 3208 3440 3276; x_wconf 78' lang='grc' dir='ltr'>κακοεργῶν</span> <span class='ocrx_word' id='word_1_434' title='bbox 3503 3211 3641 3278; x_wconf 85' lang='grc' dir='ltr'>πρὸς</span> 
     </span>
    </p>
   </div>
   <div class='ocr_carea' id='block_1_63' title="bbox 401 3291 1966 3368">
    <p class='ocr_par' dir='ltr' id='par_1_63' title="bbox 401 3291 1966 3362">
     <span class='ocr_line' id='line_1_63' title="bbox 401 3291 1966 3362; baseline 0.001 -14"><span class='ocrx_word' id='word_1_435' title='bbox 401 3292 708 3362; x_wconf 81' lang='lat' dir='ltr'><strong>hujusmodi</strong></span> <span class='ocrx_word' id='word_1_436' title='bbox 742 3291 935 3359; x_wconf 77' lang='lat' dir='ltr'><strong>recipit</strong></span> <span class='ocrx_word' id='word_1_437' title='bbox 983 3295 1105 3356; x_wconf 79' lang='lat' dir='ltr'><strong>is:e,</strong></span> <span class='ocrx_word' id='word_1_438' title='bbox 1144 3291 1273 3345; x_wconf 89' lang='lat' dir='ltr'><strong>nihil</strong></span> <span class='ocrx_word' id='word_1_439' title='bbox 1328 3293 1510 3362; x_wconf 85' lang='lat' dir='ltr'><strong>priora</strong></span> <span class='ocrx_word' id='word_1_440' title='bbox 1565 3294 1853 3350; x_wconf 83' lang='lat' dir='ltr'><strong>malefacta</strong></span> <span class='ocrx_word' id='word_1_441' title='bbox 1887 3296 1966 3350; x_wconf 81' lang='lat' dir='ltr'><strong>fa-</strong></span> 
     </span>
    </p>
   </div>
   <div class='ocr_carea' id='block_1_64' title="bbox 2075 3291 3644 3368">
    <p class='ocr_par' dir='ltr' id='par_1_64' title="bbox 2075 3292 3644 3368">
     <span class='ocr_line' id='line_1_64' title="bbox 2075 3292 3644 3368; baseline 0.004 -24"><span class='ocrx_word' id='word_1_442' title='bbox 2075 3292 2287 3344; x_wconf 76' lang='grc' dir='ltr'>ὲκείνου</span> <span class='ocrx_word' id='word_1_443' title='bbox 2315 3292 2543 3362; x_wconf 78' lang='grc' dir='ltr'>γένηται</span> <span class='ocrx_word' id='word_1_444' title='bbox 2571 3292 2851 3361; x_wconf 78' lang='grc' dir='ltr'><strong>καθαρῶς,</strong></span> <span class='ocrx_word' id='word_1_445' title='bbox 2897 3296 2991 3346; x_wconf 76' lang='grc' dir='ltr'><strong>καὶ</strong></span> <span class='ocrx_word' id='word_1_446' title='bbox 3019 3294 3263 3366; x_wconf 80' lang='grc' dir='ltr'><strong>ἀποείπῃ</strong></span> <span class='ocrx_word' id='word_1_447' title='bbox 3317 3298 3384 3349; x_wconf 67' lang='grc' dir='ltr'>τὰ</span> <span class='ocrx_word' id='word_1_448' title='bbox 3441 3299 3644 3368; x_wconf 85' lang='grc' dir='ltr'>πρότε-</span> 
     </span>
    </p>
   </div>
   <div class='ocr_carea' id='block_1_65' title="bbox 399 3385 1963 3453">
    <p class='ocr_par' dir='ltr' id='par_1_65' title="bbox 399 3385 1963 3453">
     <span class='ocr_line' id='line_1_65' title="bbox 399 3385 1963 3453; baseline 0.002 -14"><span class='ocrx_word' id='word_1_449' title='bbox 399 3390 550 3440; x_wconf 87' lang='lat' dir='ltr'><strong>ciens</strong></span> <span class='ocrx_word' id='word_1_450' title='bbox 599 3388 650 3438; x_wconf 91' lang='lat' dir='ltr'><strong>in</strong></span> <span class='ocrx_word' id='word_1_451' title='bbox 709 3385 882 3449; x_wconf 89' lang='lat' dir='ltr'><strong>illum,</strong></span> <span class='ocrx_word' id='word_1_452' title='bbox 933 3385 1035 3440; x_wconf 89' lang='lat' dir='ltr'><strong>ctsi</strong></span> <span class='ocrx_word' id='word_1_453' title='bbox 1091 3386 1290 3438; x_wconf 87' lang='lat' dir='ltr'><strong>malum</strong></span> <span class='ocrx_word' id='word_1_454' title='bbox 1340 3386 1516 3453; x_wconf 85' lang='lat' dir='ltr'><strong>ipsum</strong></span> <span class='ocrx_word' id='word_1_455' title='bbox 1563 3401 1685 3442; x_wconf 89' lang='lat' dir='ltr'><strong>esse</strong></span> <span class='ocrx_word' id='word_1_456' title='bbox 1729 3389 1963 3442; x_wconf 82' lang='lat' dir='ltr'><strong>noverit.</strong></span> 
     </span>
    </p>
   </div>
   <div class='ocr_carea' id='block_1_66' title="bbox 401 3474 1970 3546">
    <p class='ocr_par' dir='ltr' id='par_1_66' title="bbox 401 3474 1970 3546">
     <span class='ocr_line' id='line_1_66' title="bbox 401 3474 1970 3546; baseline 0.003 -18"><span class='ocrx_word' id='word_1_457' title='bbox 401 3477 626 3543; x_wconf 79' lang='lat' dir='ltr'><strong>Quando</strong></span> <span class='ocrx_word' id='word_1_458' title='bbox 659 3476 799 3530; x_wconf 81' lang='lat' dir='ltr'><strong>enim</strong></span> <span class='ocrx_word' id='word_1_459' title='bbox 840 3475 932 3546; x_wconf 88' lang='lat' dir='ltr'><strong>qui</strong></span> <span class='ocrx_word' id='word_1_460' title='bbox 974 3474 1210 3530; x_wconf 82' lang='lat' dir='ltr'><strong>viviﬁcat</strong></span> <span class='ocrx_word' id='word_1_461' title='bbox 1241 3479 1308 3531; x_wconf 84' lang='lat' dir='ltr'><strong>ab</strong></span> <span class='ocrx_word' id='word_1_462' title='bbox 1331 3491 1475 3543; x_wconf 91' lang='lat' dir='ltr'><strong>ortu,</strong></span> <span class='ocrx_word' id='word_1_463' title='bbox 1511 3492 1631 3532; x_wconf 85' lang='lat' dir='ltr'><strong>seru</strong></span> <span class='ocrx_word' id='word_1_464' title='bbox 1663 3477 1970 3533; x_wconf 79' lang='lat' dir='ltr'><strong>infunderet</strong></span> 
     </span>
    </p>
   </div>
   <div class='ocr_carea' id='block_1_67' title="bbox 401 3566 1968 3638">
    <p class='ocr_par' dir='ltr' id='par_1_67' title="bbox 401 3566 1968 3638">
     <span class='ocr_line' id='line_1_67' title="bbox 401 3566 1968 3638; baseline 0 -15"><span class='ocrx_word' id='word_1_465' title='bbox 401 3571 564 3635; x_wconf 84' lang='lat' dir='ltr'><strong>bona,</strong></span> <span class='ocrx_word' id='word_1_466' title='bbox 600 3581 702 3622; x_wconf 88' lang='lat' dir='ltr'><strong>non</strong></span> <span class='ocrx_word' id='word_1_467' title='bbox 735 3568 912 3636; x_wconf 86' lang='lat' dir='ltr'><strong>qualia</strong></span> <span class='ocrx_word' id='word_1_468' title='bbox 949 3566 1102 3621; x_wconf 76' lang='lat' dir='ltr'><strong>dives</strong></span> <span class='ocrx_word' id='word_1_469' title='bbox 1133 3567 1222 3620; x_wconf 90' lang='lat' dir='ltr'><strong>ille</strong></span> <span class='ocrx_word' id='word_1_470' title='bbox 1261 3569 1607 3638; x_wconf 82' lang='lat' dir='ltr'><strong>evangelicus</strong></span> <span class='ocrx_word' id='word_1_471' title='bbox 1639 3580 1786 3623; x_wconf 85' lang='lat' dir='ltr'><strong>amat</strong></span> <span class='ocrx_word' id='word_1_472' title='bbox 1815 3586 1968 3623; x_wconf 80' lang='lat' dir='ltr'><strong>suam</strong></span> 
     </span>
    </p>
   </div>
   <div class='ocr_carea' id='block_1_68' title="bbox 399 3657 1972 3731">
    <p class='ocr_par' dir='ltr' id='par_1_68' title="bbox 399 3657 1972 3731">
     <span class='ocr_line' id='line_1_68' title="bbox 399 3657 1972 3731; baseline 0.001 -16"><span class='ocrx_word' id='word_1_473' title='bbox 399 3660 627 3729; x_wconf 83' lang='lat' dir='ltr'><strong>implere</strong></span> <span class='ocrx_word' id='word_1_474' title='bbox 661 3660 921 3719; x_wconf 85' lang='lat' dir='ltr'><strong>animam,</strong></span> <span class='ocrx_word' id='word_1_475' title='bbox 956 3657 1048 3712; x_wconf 86' lang='lat' dir='ltr'><strong>sed</strong></span> <span class='ocrx_word' id='word_1_476' title='bbox 1085 3658 1252 3712; x_wconf 89' lang='lat' dir='ltr'><strong>multo</strong></span> <span class='ocrx_word' id='word_1_477' title='bbox 1292 3659 1496 3729; x_wconf 85' lang='lat' dir='ltr'><strong>majora</strong></span> <span class='ocrx_word' id='word_1_478' title='bbox 1527 3676 1644 3728; x_wconf 80' lang='lat' dir='ltr'><strong>qua:</strong></span> <span class='ocrx_word' id='word_1_479' title='bbox 1675 3661 1788 3715; x_wconf 88' lang='lat' dir='ltr'><strong>suis</strong></span> <span class='ocrx_word' id='word_1_480' title='bbox 1819 3677 1972 3731; x_wconf 69' lang='lat' dir='ltr'><strong>teque</strong></span> 
     </span>
    </p>
   </div>
   <div class='ocr_carea' id='block_1_69' title="bbox 401 3749 1970 3823">
    <p class='ocr_par' dir='ltr' id='par_1_69' title="bbox 401 3749 1970 3823">
     <span class='ocr_line' id='line_1_69' title="bbox 401 3749 1970 3823; baseline 0.002 -18"><span class='ocrx_word' id='word_1_481' title='bbox 401 3755 638 3823; x_wconf 75' lang='lat' dir='ltr'><strong>partitur</strong></span> <span class='ocrx_word' id='word_1_482' title='bbox 673 3751 984 3821; x_wconf 81' lang='lat' dir='ltr'><strong>discipulis?</strong></span> <span class='ocrx_word' id='word_1_483' title='bbox 1017 3749 1107 3806; x_wconf 88' lang='lat' dir='ltr'><strong>Sic</strong></span> <span class='ocrx_word' id='word_1_484' title='bbox 1142 3761 1320 3804; x_wconf 84' lang='lat' dir='ltr'><strong>autem</strong></span> <span class='ocrx_word' id='word_1_485' title='bbox 1350 3751 1498 3804; x_wconf 90' lang='lat' dir='ltr'><strong>illum</strong></span> <span class='ocrx_word' id='word_1_486' title='bbox 1530 3752 1622 3821; x_wconf 87' lang='lat' dir='ltr'><strong>qui</strong></span> <span class='ocrx_word' id='word_1_487' title='bbox 1650 3765 1872 3823; x_wconf 86' lang='lat' dir='ltr'><strong>prorsus</strong></span> <span class='ocrx_word' id='word_1_488' title='bbox 1903 3754 1970 3808; x_wconf 90' lang='lat' dir='ltr'><strong>ab</strong></span> 
     </span>
    </p>
   </div>
   <div class='ocr_carea' id='block_1_70' title="bbox 400 3845 1966 3918">
    <p class='ocr_par' dir='ltr' id='par_1_70' title="bbox 400 3845 1966 3918">
     <span class='ocr_line' id='line_1_70' title="bbox 400 3845 1966 3918; baseline -0.001 -16"><span class='ocrx_word' id='word_1_489' title='bbox 400 3850 519 3918; x_wconf 88' lang='lat' dir='ltr'><strong>ipso</strong></span> <span class='ocrx_word' id='word_1_490' title='bbox 560 3846 878 3911; x_wconf 57' lang='lat' dir='ltr'><strong>deﬂexerat,</strong></span> <span class='ocrx_word' id='word_1_491' title='bbox 916 3845 1210 3898; x_wconf 80' lang='lat' dir='ltr'><strong>dummodo</strong></span> <span class='ocrx_word' id='word_1_492' title='bbox 1259 3845 1311 3898; x_wconf 91' lang='lat' dir='ltr'><strong>in</strong></span> <span class='ocrx_word' id='word_1_493' title='bbox 1367 3855 1477 3899; x_wconf 86' lang='lat' dir='ltr'><strong>tota</strong></span> <span class='ocrx_word' id='word_1_494' title='bbox 1534 3847 1716 3900; x_wconf 88' lang='lat' dir='ltr'><strong>redeat</strong></span> <span class='ocrx_word' id='word_1_495' title='bbox 1765 3847 1966 3915; x_wconf 86' lang='lat' dir='ltr'><strong>anima,</strong></span> 
     </span>
    </p>
   </div>
   <div class='ocr_carea' id='block_1_71' title="bbox 401 3936 1966 4007">
    <p class='ocr_par' dir='ltr' id='par_1_71' title="bbox 401 3936 1966 4007">
     <span class='ocr_line' id='line_1_71' title="bbox 401 3936 1966 4007; baseline 0 -15"><span class='ocrx_word' id='word_1_496' title='bbox 401 3955 506 3995; x_wconf 87' lang='lat' dir='ltr'><strong>non</strong></span> <span class='ocrx_word' id='word_1_497' title='bbox 541 3939 692 4007; x_wconf 85' lang='lat' dir='ltr'><strong>quasi</strong></span> <span class='ocrx_word' id='word_1_498' title='bbox 718 3937 983 3989; x_wconf 82' lang='lat' dir='ltr'><strong>malorum</strong></span> <span class='ocrx_word' id='word_1_499' title='bbox 1009 3937 1271 3990; x_wconf 85' lang='lat' dir='ltr'><strong>artiliccm</strong></span> <span class='ocrx_word' id='word_1_500' title='bbox 1299 3936 1564 4006; x_wconf 86' lang='lat' dir='ltr'><strong>propellit,</strong></span> <span class='ocrx_word' id='word_1_501' title='bbox 1588 3939 1680 3993; x_wconf 86' lang='lat' dir='ltr'><strong>sed</strong></span> <span class='ocrx_word' id='word_1_502' title='bbox 1711 3948 1966 4006; x_wconf 87' lang='lat' dir='ltr'><strong>tanquam</strong></span> 
     </span>
    </p>
   </div>
   <div class='ocr_carea' id='block_1_72' title="bbox 401 4022 1974 4096">
    <p class='ocr_par' dir='ltr' id='par_1_72' title="bbox 401 4022 1974 4096">
     <span class='ocr_line' id='line_1_72' title="bbox 401 4022 1974 4096; baseline 0.004 -21"><span class='ocrx_word' id='word_1_503' title='bbox 401 4027 680 4095; x_wconf 85' lang='lat' dir='ltr'><strong>proprium</strong></span> <span class='ocrx_word' id='word_1_504' title='bbox 715 4025 912 4078; x_wconf 88' lang='lat' dir='ltr'><strong>bonum</strong></span> <span class='ocrx_word' id='word_1_505' title='bbox 945 4023 1168 4093; x_wconf 75' lang='lat' dir='ltr'><strong>accipit.</strong></span> <span class='ocrx_word' id='word_1_506' title='bbox 1201 4022 1266 4078; x_wconf 88' lang='lat' dir='ltr'><strong>Et</strong></span> <span class='ocrx_word' id='word_1_507' title='bbox 1303 4035 1479 4080; x_wconf 86' lang='lat' dir='ltr'><strong>tamen</strong></span> <span class='ocrx_word' id='word_1_508' title='bbox 1510 4027 1816 4096; x_wconf 83' lang='lat' dir='ltr'><strong>hujustnodi</strong></span> <span class='ocrx_word' id='word_1_509' title='bbox 1855 4026 1974 4082; x_wconf 68' lang='lat' dir='ltr'><strong>Salo</strong></span> 
     </span>
    </p>
   </div>
   <div class='ocr_carea' id='block_1_73' title="bbox 397 4116 1971 4191">
    <p class='ocr_par' dir='ltr' id='par_1_73' title="bbox 397 4116 1971 4191">
     <span class='ocr_line' id='line_1_73' title="bbox 397 4116 1971 4191; baseline 0.003 -21"><span class='ocrx_word' id='word_1_510' title='bbox 397 4127 553 4170; x_wconf 84' lang='lat' dir='ltr'><strong>valor</strong></span> <span class='ocrx_word' id='word_1_511' title='bbox 582 4117 687 4171; x_wconf 90' lang='lat' dir='ltr'><strong>alio</strong></span> <span class='ocrx_word' id='word_1_512' title='bbox 719 4116 876 4171; x_wconf 87' lang='lat' dir='ltr'><strong>modo</strong></span> <span class='ocrx_word' id='word_1_513' title='bbox 906 4119 1232 4172; x_wconf 73' lang='lat' dir='ltr'><strong>exterminat</strong></span> <span class='ocrx_word' id='word_1_514' title='bbox 1271 4117 1338 4172; x_wconf 85' lang='lat' dir='ltr'><strong>ab</strong></span> <span class='ocrx_word' id='word_1_515' title='bbox 1365 4119 1479 4189; x_wconf 89' lang='lat' dir='ltr'><strong>ipso</strong></span> <span class='ocrx_word' id='word_1_516' title='bbox 1507 4122 1817 4191; x_wconf 85' lang='lat' dir='ltr'><strong>quicunque</strong></span> <span class='ocrx_word' id='word_1_517' title='bbox 1863 4122 1971 4177; x_wconf 79' lang='lat' dir='ltr'><strong>for-</strong></span> 
     </span>
    </p>
   </div>
   <div class='ocr_carea' id='block_1_74' title="bbox 399 4211 629 4265">
    <p class='ocr_par' dir='ltr' id='par_1_74' title="bbox 399 4211 629 4265">
     <span class='ocr_line' id='line_1_74' title="bbox 399 4211 629 4265; baseline -0.009 0"><span class='ocrx_word' id='word_1_518' title='bbox 399 4211 629 4265; x_wconf 67' lang='lat' dir='ltr'><strong>nit-ator.</strong></span> 
     </span>
    </p>
   </div>
   <div class='ocr_carea' id='block_1_75' title="bbox 469 4536 1963 4615">
    <p class='ocr_par' dir='ltr' id='par_1_75' title="bbox 469 4536 1963 4615">
     <span class='ocr_line' id='line_1_75' title="bbox 469 4536 1963 4615; baseline 0.009 -24"><span class='ocrx_word' id='word_1_519' title='bbox 469 4537 558 4594; x_wconf 81' lang='lat'><strong>69.</strong></span> <span class='ocrx_word' id='word_1_520' title='bbox 585 4536 798 4593; x_wconf 82' lang='lat' dir='ltr'><strong>Talium</strong></span> <span class='ocrx_word' id='word_1_521' title='bbox 824 4539 1217 4610; x_wconf 78' lang='lat' dir='ltr'><strong>exemplarium</strong></span> <span class='ocrx_word' id='word_1_522' title='bbox 1243 4557 1341 4613; x_wconf 78' lang='lat' dir='ltr'><strong>ego</strong></span> <span class='ocrx_word' id='word_1_523' title='bbox 1379 4546 1654 4601; x_wconf 80' lang='lat' dir='ltr'><strong>studiosus</strong></span> <span class='ocrx_word' id='word_1_524' title='bbox 1686 4565 1826 4615; x_wconf 87' lang='lat' dir='ltr'><strong>sum,</strong></span> <span class='ocrx_word' id='word_1_525' title='bbox 1863 4553 1963 4605; x_wconf 76' lang='lat' dir='ltr'><strong>etsi</strong></span> 
     </span>
    </p>
   </div>
   <div class='ocr_carea' id='block_1_76' title="bbox 2077 3384 3640 3458">
    <p class='ocr_par' dir='ltr' id='par_1_76' title="bbox 2077 3384 3640 3458">
     <span class='ocr_line' id='line_1_76' title="bbox 2077 3384 3640 3458; baseline 0.005 -23"><span class='ocrx_word' id='word_1_526' title='bbox 2077 3400 2190 3454; x_wconf 88' lang='grc' dir='ltr'>ρον,</span> <span class='ocrx_word' id='word_1_527' title='bbox 2229 3385 2349 3436; x_wconf 86' lang='grc' dir='ltr'>τότε</span> <span class='ocrx_word' id='word_1_528' title='bbox 2371 3384 2433 3453; x_wconf 81' lang='grc' dir='ltr'><strong>δὴ</strong></span> <span class='ocrx_word' id='word_1_529' title='bbox 2471 3387 2564 3438; x_wconf 81' lang='grc' dir='ltr'>καὶ</span> <span class='ocrx_word' id='word_1_530' title='bbox 2613 3387 2901 3456; x_wconf 83' lang='grc' dir='ltr'>προσίεται</span> <span class='ocrx_word' id='word_1_531' title='bbox 2959 3387 3052 3440; x_wconf 83' lang='grc' dir='ltr'>τὸν</span> <span class='ocrx_word' id='word_1_532' title='bbox 3111 3389 3358 3442; x_wconf 82' lang='grc' dir='ltr'>τοιοῦτον</span> <span class='ocrx_word' id='word_1_533' title='bbox 3408 3391 3640 3458; x_wconf 75' lang='grc' dir='ltr'>ἐκεῖνος,</span> 
     </span>
    </p>
   </div>
   <div class='ocr_carea' id='block_1_77' title="bbox 2076 3476 3641 3550">
    <p class='ocr_par' dir='ltr' id='par_1_77' title="bbox 2076 3476 3641 3550">
     <span class='ocr_line' id='line_1_77' title="bbox 2076 3476 3641 3550; baseline 0.005 -22"><span class='ocrx_word' id='word_1_534' title='bbox 2076 3476 2171 3529; x_wconf 72' lang='grc' dir='ltr'><strong>καὶ</strong></span> <span class='ocrx_word' id='word_1_535' title='bbox 2205 3477 2342 3546; x_wconf 79' lang='grc' dir='ltr'>μηδὲ</span> <span class='ocrx_word' id='word_1_536' title='bbox 2376 3477 2646 3548; x_wconf 75' lang='grc' dir='ltr'>πρότερον</span> <span class='ocrx_word' id='word_1_537' title='bbox 2672 3479 2813 3530; x_wconf 83' lang='grc' dir='ltr'>κακὰ</span> <span class='ocrx_word' id='word_1_538' title='bbox 2851 3479 3021 3534; x_wconf 80' lang='grc' dir='ltr'>ποιῶν</span> <span class='ocrx_word' id='word_1_539' title='bbox 3083 3479 3169 3532; x_wconf 79' lang='grc' dir='ltr'><strong>ἐπ’</strong></span> <span class='ocrx_word' id='word_1_540' title='bbox 3228 3481 3396 3550; x_wconf 80' lang='grc' dir='ltr'>αὐτῷ,</span> <span class='ocrx_word' id='word_1_541' title='bbox 3449 3485 3500 3536; x_wconf 88' lang='grc' dir='ltr'>εἰ</span> <span class='ocrx_word' id='word_1_542' title='bbox 3551 3486 3641 3538; x_wconf 74' lang='grc' dir='ltr'>καὶ</span> 
     </span>
    </p>
   </div>
   <div class='ocr_carea' id='block_1_78' title="bbox 2074 3565 3643 3644">
    <p class='ocr_par' dir='ltr' id='par_1_78' title="bbox 2074 3565 3643 3644">
     <span class='ocr_line' id='line_1_78' title="bbox 2074 3565 3643 3644; baseline 0.006 -23"><span class='ocrx_word' id='word_1_543' title='bbox 2074 3569 2246 3622; x_wconf 77' lang='grc' dir='ltr'>κακὸν</span> <span class='ocrx_word' id='word_1_544' title='bbox 2282 3569 2447 3623; x_wconf 80' lang='grc' dir='ltr'>αὐτὸν</span> <span class='ocrx_word' id='word_1_545' title='bbox 2473 3565 2612 3623; x_wconf 75' lang='grc' dir='ltr'>εἶναι</span> <span class='ocrx_word' id='word_1_546' title='bbox 2638 3567 2771 3624; x_wconf 76' lang='grc' dir='ltr'>οἶδε.</span> <span class='ocrx_word' id='word_1_547' title='bbox 2807 3572 2926 3634; x_wconf 82' lang='grc' dir='ltr'>Πῶς</span> <span class='ocrx_word' id='word_1_548' title='bbox 2987 3575 3094 3638; x_wconf 75' lang='grc' dir='ltr'>γὰρ</span> <span class='ocrx_word' id='word_1_549' title='bbox 3157 3574 3185 3625; x_wconf 90' lang='lat'><strong>6</strong></span> <span class='ocrx_word' id='word_1_550' title='bbox 3234 3576 3520 3644; x_wconf 73' lang='grc' dir='ltr'>ζωογονῶι</span> <span class='ocrx_word' id='word_1_551' title='bbox 3579 3579 3643 3630; x_wconf 83' lang='grc' dir='ltr'>ὲκ</span> 
     </span>
    </p>
   </div>
   <div class='ocr_carea' id='block_1_79' title="bbox 2073 3659 3646 3738">
    <p class='ocr_par' dir='ltr' id='par_1_79' title="bbox 2073 3659 3646 3738">
     <span class='ocr_line' id='line_1_79' title="bbox 2073 3659 3646 3738; baseline 0.007 -25"><span class='ocrx_word' id='word_1_552' title='bbox 2073 3662 2321 3730; x_wconf 79' lang='grc' dir='ltr'>γενετῆς,</span> <span class='ocrx_word' id='word_1_553' title='bbox 2378 3661 2609 3733; x_wconf 77' lang='grc' dir='ltr'>ὕστερον</span> <span class='ocrx_word' id='word_1_554' title='bbox 2666 3663 2848 3731; x_wconf 87' lang='grc' dir='ltr'>ἀγαθά</span> <span class='ocrx_word' id='word_1_555' title='bbox 2926 3667 3196 3736; x_wconf 73' lang='grc' dir='ltr'>ἐπιρρέει,</span> <span class='ocrx_word' id='word_1_556' title='bbox 3253 3669 3350 3738; x_wconf 77' lang='grc' dir='ltr'>οὐχ</span> <span class='ocrx_word' id='word_1_557' title='bbox 3391 3659 3554 3723; x_wconf 71' lang='grc' dir='ltr'>ὁποῖα</span> <span class='ocrx_word' id='word_1_558' title='bbox 3618 3672 3646 3723; x_wconf 89' lang='lat'><strong>6</strong></span> 
     </span>
    </p>
   </div>
   <div class='ocr_carea' id='block_1_80' title="bbox 2074 3755 3643 3834">
    <p class='ocr_par' dir='ltr' id='par_1_80' title="bbox 2074 3755 3643 3834">
     <span class='ocr_line' id='line_1_80' title="bbox 2074 3755 3643 3834; baseline 0.007 -29"><span class='ocrx_word' id='word_1_559' title='bbox 2074 3755 2426 3822; x_wconf 73' lang='grc' dir='ltr'>εὐαγγελικὸς</span> <span class='ocrx_word' id='word_1_560' title='bbox 2459 3755 2603 3823; x_wconf 81' lang='grc' dir='ltr'><strong>φιλεί</strong></span> <span class='ocrx_word' id='word_1_561' title='bbox 2648 3756 2899 3820; x_wconf 82' lang='grc' dir='ltr'>πλούσιος</span> <span class='ocrx_word' id='word_1_562' title='bbox 2952 3758 3302 3830; x_wconf 77' lang='grc' dir='ltr'>ἀποπληροῦν</span> <span class='ocrx_word' id='word_1_563' title='bbox 3355 3763 3421 3831; x_wconf 80' lang='grc' dir='ltr'>τῇ</span> <span class='ocrx_word' id='word_1_564' title='bbox 3473 3763 3643 3834; x_wconf 66' lang='grc' dir='ltr'>ψυχῇ.</span> 
     </span>
    </p>
   </div>
   <div class='ocr_carea' id='block_1_81' title="bbox 2075 3845 3644 3920">
    <p class='ocr_par' dir='ltr' id='par_1_81' title="bbox 2075 3845 3644 3920">
     <span class='ocr_line' id='line_1_81' title="bbox 2075 3845 3644 3920; baseline 0.005 -21"><span class='ocrx_word' id='word_1_565' title='bbox 2075 3845 2210 3899; x_wconf 75' lang='grc' dir='ltr'>ἀλλὰ</span> <span class='ocrx_word' id='word_1_566' title='bbox 2233 3847 2327 3899; x_wconf 70' lang='grc' dir='ltr'>καὶ</span> <span class='ocrx_word' id='word_1_567' title='bbox 2348 3845 2414 3898; x_wconf 83' lang='grc' dir='ltr'>τὰ</span> <span class='ocrx_word' id='word_1_568' title='bbox 2444 3847 2623 3916; x_wconf 77' lang='grc' dir='ltr'>πολλῷ</span> <span class='ocrx_word' id='word_1_569' title='bbox 2655 3847 2826 3915; x_wconf 70' lang='grc' dir='ltr'><strong>μεῖξω</strong></span> <span class='ocrx_word' id='word_1_570' title='bbox 2875 3851 2932 3901; x_wconf 82' lang='grc' dir='ltr'>ὲν</span> <span class='ocrx_word' id='word_1_571' title='bbox 2989 3851 3258 3920; x_wconf 78' lang='grc' dir='ltr'>ξσοκλήρῳ</span> <span class='ocrx_word' id='word_1_572' title='bbox 3321 3855 3436 3915; x_wconf 85' lang='grc' dir='ltr'>τοῖς</span> <span class='ocrx_word' id='word_1_573' title='bbox 3479 3856 3644 3908; x_wconf 72' lang='grc' dir='ltr'>αὑτοῦ</span> 
     </span>
    </p>
   </div>
   <div class='ocr_carea' id='block_1_82' title="bbox 2077 3939 3648 4010">
    <p class='ocr_par' dir='ltr' id='par_1_82' title="bbox 2077 3939 3648 4010">
     <span class='ocr_line' id='line_1_82' title="bbox 2077 3939 3648 4010; baseline 0.004 -17"><span class='ocrx_word' id='word_1_574' title='bbox 2077 3939 2389 4010; x_wconf 56' lang='lat' dir='ltr'><strong>polin-mh;</strong></span> <span class='ocrx_word' id='word_1_575' title='bbox 2423 3939 2578 3993; x_wconf 73' lang='grc' dir='ltr'>Οὕτω</span> <span class='ocrx_word' id='word_1_576' title='bbox 2618 3939 2672 3991; x_wconf 84' lang='grc' dir='ltr'><strong>δὲ</strong></span> <span class='ocrx_word' id='word_1_577' title='bbox 2697 3940 2789 3991; x_wconf 84' lang='grc' dir='ltr'>καὶ</span> <span class='ocrx_word' id='word_1_578' title='bbox 2834 3939 3009 3993; x_wconf 85' lang='grc' dir='ltr'>πάντα</span> <span class='ocrx_word' id='word_1_579' title='bbox 3070 3942 3161 3994; x_wconf 70' lang='grc' dir='ltr'><strong>τὸν</strong></span> <span class='ocrx_word' id='word_1_580' title='bbox 3189 3943 3246 4008; x_wconf 76' lang='grc' dir='ltr'>ἐξ</span> <span class='ocrx_word' id='word_1_581' title='bbox 3291 3944 3456 3996; x_wconf 71' lang='grc' dir='ltr'>αὑτοῦ</span> <span class='ocrx_word' id='word_1_582' title='bbox 3516 3947 3648 3999; x_wconf 77' lang='grc' dir='ltr'>ἀπο-</span> 
     </span>
    </p>
   </div>
   <div class='ocr_carea' id='block_1_83' title="bbox 2077 4031 3645 4106">
    <p class='ocr_par' dir='ltr' id='par_1_83' title="bbox 2077 4031 3645 4106">
     <span class='ocr_line' id='line_1_83' title="bbox 2077 4031 3645 4106; baseline 0.003 -20"><span class='ocrx_word' id='word_1_583' title='bbox 2077 4032 2407 4103; x_wconf 80' lang='grc' dir='ltr'>σκιρτῶντα,</span> <span class='ocrx_word' id='word_1_584' title='bbox 2444 4033 2600 4101; x_wconf 79' lang='grc' dir='ltr'>εἴπερ</span> <span class='ocrx_word' id='word_1_585' title='bbox 2635 4032 2692 4084; x_wconf 86' lang='grc' dir='ltr'>ὲν</span> <span class='ocrx_word' id='word_1_586' title='bbox 2736 4032 2833 4102; x_wconf 80' lang='grc' dir='ltr'><strong>ὅλῃ</strong></span> <span class='ocrx_word' id='word_1_587' title='bbox 2880 4031 3027 4102; x_wconf 74' lang='grc' dir='ltr'>ψυχῇ</span> <span class='ocrx_word' id='word_1_588' title='bbox 3091 4034 3380 4106; x_wconf 81' lang='grc' dir='ltr'>ἐπανέλθῃ,</span> <span class='ocrx_word' id='word_1_589' title='bbox 3421 4037 3520 4106; x_wconf 79' lang='grc' dir='ltr'>οὐχ</span> <span class='ocrx_word' id='word_1_590' title='bbox 3574 4039 3645 4102; x_wconf 85' lang='grc' dir='ltr'>ὡς</span> 
     </span>
    </p>
   </div>
   <div class='ocr_carea' id='block_1_84' title="bbox 2074 4119 3649 4195">
    <p class='ocr_par' dir='ltr' id='par_1_84' title="bbox 2074 4119 3649 4195">
     <span class='ocr_line' id='line_1_84' title="bbox 2074 4119 3649 4195; baseline 0.004 -22"><span class='ocrx_word' id='word_1_591' title='bbox 2074 4123 2386 4193; x_wconf 78' lang='grc' dir='ltr'>ἀρχέκακον</span> <span class='ocrx_word' id='word_1_592' title='bbox 2454 4120 2746 4190; x_wconf 79' lang='grc' dir='ltr'>ἀμύνεται,</span> <span class='ocrx_word' id='word_1_593' title='bbox 2799 4119 2915 4172; x_wconf 74' lang='grc' dir='ltr'>ἀλλ’</span> <span class='ocrx_word' id='word_1_594' title='bbox 2978 4122 3052 4182; x_wconf 80' lang='grc' dir='ltr'>ὡς</span> <span class='ocrx_word' id='word_1_595' title='bbox 3141 4124 3440 4194; x_wconf 80' lang='grc' dir='ltr'>ίδιόκτητον</span> <span class='ocrx_word' id='word_1_596' title='bbox 3515 4130 3649 4195; x_wconf 82' lang='grc' dir='ltr'>ἀγα-</span> 
     </span>
    </p>
   </div>
   <div class='ocr_carea' id='block_1_85' title="bbox 2075 4212 3648 4287">
    <p class='ocr_par' dir='ltr' id='par_1_85' title="bbox 2075 4212 3648 4287">
     <span class='ocr_line' id='line_1_85' title="bbox 2075 4212 3648 4287; baseline 0.003 -20"><span class='ocrx_word' id='word_1_597' title='bbox 2075 4216 2165 4268; x_wconf 73' lang='grc' dir='ltr'>θὸν</span> <span class='ocrx_word' id='word_1_598' title='bbox 2227 4213 2618 4285; x_wconf 81' lang='grc' dir='ltr'>παραδέχεται.</span> <span class='ocrx_word' id='word_1_599' title='bbox 2665 4212 2774 4264; x_wconf 73' lang='grc' dir='ltr'><strong>Καὶ</strong></span> <span class='ocrx_word' id='word_1_600' title='bbox 2817 4212 2912 4278; x_wconf 78' lang='grc' dir='ltr'>μὲν</span> <span class='ocrx_word' id='word_1_601' title='bbox 2972 4215 2998 4264; x_wconf 87' lang='lat'><strong>6</strong></span> <span class='ocrx_word' id='word_1_602' title='bbox 3059 4212 3202 4267; x_wconf 70' lang='grc' dir='ltr'>οὕτω</span> <span class='ocrx_word' id='word_1_603' title='bbox 3247 4217 3438 4287; x_wconf 79' lang='grc' dir='ltr'>Σωτὴρ</span> <span class='ocrx_word' id='word_1_604' title='bbox 3492 4219 3648 4272; x_wconf 75' lang='grc' dir='ltr'>ἀλλον</span> 
     </span>
    </p>
   </div>
   <div class='ocr_carea' id='block_1_86' title="bbox 2074 4302 3636 4376">
    <p class='ocr_par' dir='ltr' id='par_1_86' title="bbox 2074 4302 3636 4376">
     <span class='ocr_line' id='line_1_86' title="bbox 2074 4302 3636 4376; baseline 0.004 -18"><span class='ocrx_word' id='word_1_605' title='bbox 2074 4307 2276 4376; x_wconf 80' lang='grc' dir='ltr'>τρόπον</span> <span class='ocrx_word' id='word_1_606' title='bbox 2338 4302 2677 4373; x_wconf 81' lang='grc' dir='ltr'>ἐξολοθρεύει</span> <span class='ocrx_word' id='word_1_607' title='bbox 2756 4303 2933 4356; x_wconf 77' lang='grc' dir='ltr'>πάντα</span> <span class='ocrx_word' id='word_1_608' title='bbox 2992 4305 3084 4357; x_wconf 74' lang='grc' dir='ltr'><strong>τὸν</strong></span> <span class='ocrx_word' id='word_1_609' title='bbox 3165 4309 3496 4376; x_wconf 66' lang='grc' dir='ltr'>πορνεύονται</span> <span class='ocrx_word' id='word_1_610' title='bbox 3559 4314 3636 4364; x_wconf 85' lang='grc' dir='ltr'><strong>ἀπ</strong></span> 
     </span>
    </p>
   </div>
   <div class='ocr_carea' id='block_1_87' title="bbox 2073 4418 2258 4454">
    <p class='ocr_par' dir='ltr' id='par_1_87' title="bbox 2073 4418 2258 4454">
     <span class='ocr_line' id='line_1_87' title="bbox 2073 4418 2258 4454; baseline -0.005 0"><span class='ocrx_word' id='word_1_611' title='bbox 2073 4418 2258 4454; x_wconf 82' lang='grc' dir='ltr'>αυτου.</span> 
     </span>
    </p>
   </div>
   <div class='ocr_carea' id='block_1_88' title="bbox 2147 4539 3652 4611">
    <p class='ocr_par' dir='ltr' id='par_1_88' title="bbox 2147 4539 3652 4611">
     <span class='ocr_line' id='line_1_88' title="bbox 2147 4539 3652 4611; baseline 0 -19"><span class='ocrx_word' id='word_1_612' title='bbox 2147 4541 2239 4604; x_wconf 68' lang='grc' dir='ltr'><strong>ἕν’.</strong></span> <span class='ocrx_word' id='word_1_613' title='bbox 2275 4541 2545 4594; x_wconf 75' lang='grc' dir='ltr'>Τοιούτων</span> <span class='ocrx_word' id='word_1_614' title='bbox 2595 4539 2710 4609; x_wconf 73' lang='grc' dir='ltr'><strong>ἐγὼ</strong></span> <span class='ocrx_word' id='word_1_615' title='bbox 2759 4541 3224 4611; x_wconf 79' lang='grc' dir='ltr'>παραδειγμάτων</span> <span class='ocrx_word' id='word_1_616' title='bbox 3275 4539 3547 4611; x_wconf 64' lang='grc' dir='ltr'>ζηλωτὴς,</span> <span class='ocrx_word' id='word_1_617' title='bbox 3607 4541 3652 4592; x_wconf 82' lang='grc' dir='ltr'>εἰ</span> 
     </span>
    </p>
   </div>
   <div class='ocr_carea' id='block_1_89' title="bbox 402 4629 1966 4724">
    <p class='ocr_par' dir='ltr' id='par_1_89' title="bbox 402 4629 1966 4714">
     <span class='ocr_line' id='line_1_89' title="bbox 402 4629 1966 4714; baseline 0.012 -32"><span class='ocrx_word' id='word_1_618' title='bbox 402 4629 578 4685; x_wconf 89' lang='lat' dir='ltr'><strong>tnimts</strong></span> <span class='ocrx_word' id='word_1_619' title='bbox 631 4630 848 4699; x_wconf 80' lang='lat' dir='ltr'><strong>sapiens</strong></span> <span class='ocrx_word' id='word_1_620' title='bbox 903 4632 1046 4687; x_wconf 74' lang='lat' dir='ltr'><strong>ilico.</strong></span> <span class='ocrx_word' id='word_1_621' title='bbox 1101 4635 1234 4688; x_wconf 80' lang='lat' dir='ltr'><strong>Cum</strong></span> <span class='ocrx_word' id='word_1_622' title='bbox 1297 4637 1460 4691; x_wconf 85' lang='lat' dir='ltr'><strong>rectis</strong></span> <span class='ocrx_word' id='word_1_623' title='bbox 1533 4641 1748 4707; x_wconf 82' lang='lat' dir='ltr'><strong>quidem</strong></span> <span class='ocrx_word' id='word_1_624' title='bbox 1820 4645 1966 4714; x_wconf 78' lang='lat' dir='ltr'><strong>origo</strong></span> 
     </span>
    </p>
   </div>
   <div class='ocr_carea' id='block_1_90' title="bbox 2075 4629 3656 4724">
    <p class='ocr_par' dir='ltr' id='par_1_90' title="bbox 2078 4632 3656 4705">
     <span class='ocr_line' id='line_1_90' title="bbox 2078 4632 3656 4705; baseline -0.003 -18"><span class='ocrx_word' id='word_1_625' title='bbox 2078 4637 2172 4688; x_wconf 73' lang='grc' dir='ltr'>καὶ</span> <span class='ocrx_word' id='word_1_626' title='bbox 2205 4634 2488 4705; x_wconf 82' lang='grc' dir='ltr'>ἀφραίνων</span> <span class='ocrx_word' id='word_1_627' title='bbox 2521 4635 2684 4704; x_wconf 60' lang='grc' dir='ltr'>λέγωι</span> <span class='ocrx_word' id='word_1_628' title='bbox 2728 4636 2835 4688; x_wconf 77' lang='grc' dir='ltr'><strong>Καὶ</strong></span> <span class='ocrx_word' id='word_1_629' title='bbox 2862 4637 2973 4696; x_wconf 87' lang='grc' dir='ltr'>τοῖς</span> <span class='ocrx_word' id='word_1_630' title='bbox 3006 4634 3108 4704; x_wconf 74' lang='grc' dir='ltr'>μὲν</span> <span class='ocrx_word' id='word_1_631' title='bbox 3138 4633 3317 4704; x_wconf 82' lang='grc' dir='ltr'>ὀρθοῖς</span> <span class='ocrx_word' id='word_1_632' title='bbox 3349 4632 3656 4702; x_wconf 78' lang='grc' dir='ltr'>συνεξορθώ</span> 
     </span>
    </p>
   </div>
   <div class='ocr_carea' id='block_1_91' title="bbox 401 4719 1973 4795">
    <p class='ocr_par' dir='ltr' id='par_1_91' title="bbox 401 4719 1973 4795">
     <span class='ocr_line' id='line_1_91' title="bbox 401 4719 1973 4795; baseline 0.012 -24"><span class='ocrx_word' id='word_1_633' title='bbox 401 4719 700 4790; x_wconf 84' lang='lat' dir='ltr'><strong>nteipsum;</strong></span> <span class='ocrx_word' id='word_1_634' title='bbox 754 4721 800 4774; x_wconf 86' lang='lat' dir='ltr'><strong>si</strong></span> <span class='ocrx_word' id='word_1_635' title='bbox 853 4724 976 4792; x_wconf 88' lang='lat' dir='ltr'><strong>quis</strong></span> <span class='ocrx_word' id='word_1_636' title='bbox 1020 4733 1198 4778; x_wconf 84' lang='lat' dir='ltr'><strong>autem</strong></span> <span class='ocrx_word' id='word_1_637' title='bbox 1259 4736 1434 4781; x_wconf 86' lang='lat' dir='ltr'><strong>tortus</strong></span> <span class='ocrx_word' id='word_1_638' title='bbox 1494 4741 1596 4795; x_wconf 84' lang='lat' dir='ltr'><strong>est,</strong></span> <span class='ocrx_word' id='word_1_639' title='bbox 1657 4747 1760 4784; x_wconf 88' lang='lat' dir='ltr'><strong>non</strong></span> <span class='ocrx_word' id='word_1_640' title='bbox 1813 4733 1973 4790; x_wconf 81' lang='lat' dir='ltr'><strong>facile</strong></span> 
     </span>
    </p>
   </div>
   <div class='ocr_carea' id='block_1_92' title="bbox 401 4813 1973 4894">
    <p class='ocr_par' dir='ltr' id='par_1_92' title="bbox 401 4813 1973 4894">
     <span class='ocr_line' id='line_1_92' title="bbox 401 4813 1973 4894; baseline 0.01 -31"><span class='ocrx_word' id='word_1_641' title='bbox 401 4817 455 4864; x_wconf 94' lang='lat' dir='ltr'><strong>et</strong></span> <span class='ocrx_word' id='word_1_642' title='bbox 501 4825 602 4882; x_wconf 72' lang='lat' dir='ltr'><strong>ego</strong></span> <span class='ocrx_word' id='word_1_643' title='bbox 663 4813 742 4866; x_wconf 88' lang='lat' dir='ltr'><strong>sic</strong></span> <span class='ocrx_word' id='word_1_644' title='bbox 801 4821 1106 4882; x_wconf 87' lang='lat' dir='ltr'><strong>torqueor;</strong></span> <span class='ocrx_word' id='word_1_645' title='bbox 1170 4816 1265 4871; x_wconf 89' lang='lat' dir='ltr'><strong>sed</strong></span> <span class='ocrx_word' id='word_1_646' title='bbox 1313 4831 1529 4886; x_wconf 87' lang='lat' dir='ltr'><strong>precor,</strong></span> <span class='ocrx_word' id='word_1_647' title='bbox 1574 4837 1644 4876; x_wconf 90' lang='lat' dir='ltr'><strong>ne</strong></span> <span class='ocrx_word' id='word_1_648' title='bbox 1723 4825 1973 4894; x_wconf 88' lang='lat' dir='ltr'><strong>injuriam</strong></span> 
     </span>
    </p>
   </div>
   <div class='ocr_carea' id='block_1_93' title="bbox 403 4901 1974 4981">
    <p class='ocr_par' dir='ltr' id='par_1_93' title="bbox 403 4901 1974 4981">
     <span class='ocr_line' id='line_1_93' title="bbox 403 4901 1974 4981; baseline 0.011 -25"><span class='ocrx_word' id='word_1_649' title='bbox 403 4901 594 4956; x_wconf 84' lang='lat' dir='ltr'><strong>reddat</strong></span> <span class='ocrx_word' id='word_1_650' title='bbox 621 4903 684 4957; x_wconf 74' lang='lat'><strong>“.</strong></span> <span class='ocrx_word' id='word_1_651' title='bbox 731 4922 748 4954; x_wconf 80' lang='grc' dir='ltr'><strong>ι</strong></span> <span class='ocrx_word' id='word_1_652' title='bbox 787 4903 903 4959; x_wconf 86' lang='lat' dir='ltr'><strong>Non</strong></span> <span class='ocrx_word' id='word_1_653' title='bbox 944 4919 1125 4962; x_wconf 83' lang='lat' dir='ltr'><strong>autem</strong></span> <span class='ocrx_word' id='word_1_654' title='bbox 1162 4910 1326 4977; x_wconf 88' lang='lat' dir='ltr'><strong>scire,</strong></span> <span class='ocrx_word' id='word_1_655' title='bbox 1365 4914 1509 4981; x_wconf 87' lang='lat' dir='ltr'><strong>quod</strong></span> <span class='ocrx_word' id='word_1_656' title='bbox 1561 4913 1814 4981; x_wconf 65' lang='lat' dir='ltr'><strong>iniuriam</strong></span> <span class='ocrx_word' id='word_1_657' title='bbox 1872 4919 1974 4973; x_wconf 87' lang='lat' dir='ltr'><strong>sim</strong></span> 
     </span>
    </p>
   </div>
   <div class='ocr_carea' id='block_1_94' title="bbox 402 4995 1973 5075">
    <p class='ocr_par' dir='ltr' id='par_1_94' title="bbox 402 4995 1973 5075">
     <span class='ocr_line' id='line_1_94' title="bbox 402 4995 1973 5075; baseline 0.013 -30"><span class='ocrx_word' id='word_1_658' title='bbox 402 5007 618 5062; x_wconf 85' lang='lat' dir='ltr'><strong>passus,</strong></span> <span class='ocrx_word' id='word_1_659' title='bbox 652 4995 763 5062; x_wconf 81' lang='lat' dir='ltr'><strong>illa,</strong></span> <span class='ocrx_word' id='word_1_660' title='bbox 792 5012 912 5064; x_wconf 73' lang='lat' dir='ltr'><strong>qua:</strong></span> <span class='ocrx_word' id='word_1_661' title='bbox 940 4999 1107 5053; x_wconf 86' lang='lat' dir='ltr'><strong>semel</strong></span> <span class='ocrx_word' id='word_1_662' title='bbox 1136 5001 1264 5054; x_wconf 82' lang='lat' dir='ltr'><strong>talia</strong></span> <span class='ocrx_word' id='word_1_663' title='bbox 1307 5007 1655 5075; x_wconf 87' lang='lat' dir='ltr'><strong>conscripsit,</strong></span> <span class='ocrx_word' id='word_1_664' title='bbox 1712 5012 1973 5064; x_wconf 89' lang='lat' dir='ltr'><strong>memoria</strong></span> 
     </span>
    </p>
   </div>
   <div class='ocr_carea' id='block_1_95' title="bbox 403 5081 1971 5162">
    <p class='ocr_par' dir='ltr' id='par_1_95' title="bbox 403 5081 1971 5162">
     <span class='ocr_line' id='line_1_95' title="bbox 403 5081 1971 5162; baseline 0.013 -28"><span class='ocrx_word' id='word_1_665' title='bbox 403 5093 510 5134; x_wconf 90' lang='lat' dir='ltr'><strong>non</strong></span> <span class='ocrx_word' id='word_1_666' title='bbox 540 5081 691 5136; x_wconf 87' lang='lat' dir='ltr'><strong>sinit.</strong></span> <span class='ocrx_word' id='word_1_667' title='bbox 723 5082 961 5138; x_wconf 80' lang='lat' dir='ltr'><strong>Mor’sum</strong></span> <span class='ocrx_word' id='word_1_668' title='bbox 1007 5089 1256 5144; x_wconf 83' lang='lat' dir='ltr'><strong>mordere</strong></span> <span class='ocrx_word' id='word_1_669' title='bbox 1279 5095 1629 5162; x_wconf 84' lang='lat' dir='ltr'><strong>proverbium</strong></span> <span class='ocrx_word' id='word_1_670' title='bbox 1666 5102 1924 5156; x_wconf 82' lang='lat' dir='ltr'><strong>concedit</strong></span> <span class='ocrx_word' id='word_1_671' title='bbox 1957 5117 1971 5154; x_wconf 88' lang='lat'><strong>:</strong></span> 
     </span>
    </p>
   </div>
   <div class='ocr_carea' id='block_1_96' title="bbox 405 5172 1979 5253">
    <p class='ocr_par' dir='ltr' id='par_1_96' title="bbox 405 5172 1979 5253">
     <span class='ocr_line' id='line_1_96' title="bbox 405 5172 1979 5253; baseline 0.015 -27"><span class='ocrx_word' id='word_1_672' title='bbox 405 5172 526 5243; x_wconf 85' lang='lat' dir='ltr'><strong>pius</strong></span> <span class='ocrx_word' id='word_1_673' title='bbox 575 5184 756 5228; x_wconf 89' lang='lat' dir='ltr'><strong>autem</strong></span> <span class='ocrx_word' id='word_1_674' title='bbox 797 5190 984 5232; x_wconf 88' lang='lat' dir='ltr'><strong>sermo</strong></span> <span class='ocrx_word' id='word_1_675' title='bbox 1041 5194 1148 5235; x_wconf 87' lang='lat' dir='ltr'><strong>non</strong></span> <span class='ocrx_word' id='word_1_676' title='bbox 1208 5183 1460 5253; x_wconf 80' lang='lat' dir='ltr'><strong>absolvit,</strong></span> <span class='ocrx_word' id='word_1_677' title='bbox 1516 5189 1610 5244; x_wconf 85' lang='lat' dir='ltr'><strong>scd</strong></span> <span class='ocrx_word' id='word_1_678' title='bbox 1674 5191 1979 5249; x_wconf 82' lang='lat' dir='ltr'><strong>dissolvens</strong></span> 
     </span>
    </p>
   </div>
   <div class='ocr_carea' id='block_1_97' title="bbox 403 5265 1978 5340">
    <p class='ocr_par' dir='ltr' id='par_1_97' title="bbox 403 5265 1978 5340">
     <span class='ocr_line' id='line_1_97' title="bbox 403 5265 1978 5340; baseline 0.013 -20"><span class='ocrx_word' id='word_1_679' title='bbox 403 5265 836 5337; x_wconf 87' lang='lat' dir='ltr'><strong>conjunctionem</strong></span> <span class='ocrx_word' id='word_1_680' title='bbox 927 5271 1068 5328; x_wconf 83' lang='lat' dir='ltr'><strong>hanc</strong></span> <span class='ocrx_word' id='word_1_681' title='bbox 1141 5278 1390 5333; x_wconf 89' lang='lat' dir='ltr'><strong>mordere</strong></span> <span class='ocrx_word' id='word_1_682' title='bbox 1469 5295 1711 5336; x_wconf 90' lang='lat' dir='ltr'><strong>morsum</strong></span> <span class='ocrx_word' id='word_1_683' title='bbox 1778 5284 1978 5340; x_wconf 81' lang='lat' dir='ltr'><strong>claudit</strong></span> 
     </span>
    </p>
   </div>
   <div class='ocr_carea' id='block_1_98' title="bbox 402 5367 1980 5437">
    <p class='ocr_par' dir='ltr' id='par_1_98' title="bbox 402 5367 1980 5437">
     <span class='ocr_line' id='line_1_98' title="bbox 402 5367 1980 5437; baseline 0.013 -26"><span class='ocrx_word' id='word_1_684' title='bbox 402 5372 466 5412; x_wconf 88' lang='lat' dir='ltr'><strong>os</strong></span> <span class='ocrx_word' id='word_1_685' title='bbox 517 5373 737 5432; x_wconf 57' lang='lat' dir='ltr'><strong>morso,</strong></span> <span class='ocrx_word' id='word_1_686' title='bbox 786 5377 855 5416; x_wconf 88' lang='lat' dir='ltr'><strong>ne</strong></span> <span class='ocrx_word' id='word_1_687' title='bbox 907 5367 1124 5433; x_wconf 85' lang='lat' dir='ltr'><strong>quando</strong></span> <span class='ocrx_word' id='word_1_688' title='bbox 1185 5369 1544 5437; x_wconf 88' lang='lat' dir='ltr'><strong>remordens,</strong></span> <span class='ocrx_word' id='word_1_689' title='bbox 1591 5373 1769 5428; x_wconf 89' lang='lat' dir='ltr'><strong>denuo</strong></span> <span class='ocrx_word' id='word_1_690' title='bbox 1827 5377 1980 5431; x_wconf 86' lang='lat' dir='ltr'><strong>dete-</strong></span> 
     </span>
    </p>
   </div>
   <div class='ocr_carea' id='block_1_99' title="bbox 401 5449 1979 5522">
    <p class='ocr_par' dir='ltr' id='par_1_99' title="bbox 401 5449 1979 5522">
     <span class='ocr_line' id='line_1_99' title="bbox 401 5449 1979 5522; baseline 0.013 -20"><span class='ocrx_word' id='word_1_691' title='bbox 401 5449 655 5504; x_wconf 86' lang='lat' dir='ltr'><strong>standqu</strong></span> <span class='ocrx_word' id='word_1_692' title='bbox 688 5467 926 5508; x_wconf 88' lang='lat' dir='ltr'><strong>morsum</strong></span> <span class='ocrx_word' id='word_1_693' title='bbox 964 5456 1181 5512; x_wconf 77' lang='lat' dir='ltr'><strong>inferat.</strong></span> <span class='ocrx_word' id='word_1_694' title='bbox 1218 5458 1274 5515; x_wconf 90' lang='lat' dir='ltr'><strong>Si</strong></span> <span class='ocrx_word' id='word_1_695' title='bbox 1306 5475 1434 5516; x_wconf 83' lang='lat' dir='ltr'><strong>vero</strong></span> <span class='ocrx_word' id='word_1_696' title='bbox 1467 5477 1646 5518; x_wconf 87' lang='lat' dir='ltr'><strong>morsu</strong></span> <span class='ocrx_word' id='word_1_697' title='bbox 1692 5464 1850 5521; x_wconf 67' lang='lat' dir='ltr'><strong>licsus</strong></span> <span class='ocrx_word' id='word_1_698' title='bbox 1879 5467 1979 5522; x_wconf 80' lang='lat' dir='ltr'><strong>ali-</strong></span> 
     </span>
    </p>
   </div>
   <div class='ocr_carea' id='block_1_100' title="bbox 401 5539 1980 5614">
    <p class='ocr_par' dir='ltr' id='par_1_100' title="bbox 401 5539 1980 5614">
     <span class='ocr_line' id='line_1_100' title="bbox 401 5539 1980 5614; baseline 0.013 -21"><span class='ocrx_word' id='word_1_699' title='bbox 401 5539 529 5607; x_wconf 89' lang='lat' dir='ltr'><strong>quid</strong></span> <span class='ocrx_word' id='word_1_700' title='bbox 585 5543 760 5598; x_wconf 84' lang='lat' dir='ltr'><strong>rabidi</strong></span> <span class='ocrx_word' id='word_1_701' title='bbox 796 5549 1032 5602; x_wconf 83' lang='lat' dir='ltr'><strong>senserit</strong></span> <span class='ocrx_word' id='word_1_702' title='bbox 1077 5551 1401 5607; x_wconf 75' lang='lat' dir='ltr'><strong>insultatum</strong></span> <span class='ocrx_word' id='word_1_703' title='bbox 1435 5563 1491 5609; x_wconf 89' lang='lat' dir='ltr'><strong>et</strong></span> <span class='ocrx_word' id='word_1_704' title='bbox 1519 5555 1722 5610; x_wconf 80' lang='lat' dir='ltr'><strong>exinde</strong></span> <span class='ocrx_word' id='word_1_705' title='bbox 1761 5568 1980 5614; x_wconf 84' lang='lat' dir='ltr'><strong>maneat</strong></span> 
     </span>
    </p>
   </div>
   <div class='ocr_carea' id='block_1_101' title="bbox 405 5631 1977 5717">
    <p class='ocr_par' dir='ltr' id='par_1_101' title="bbox 405 5631 1977 5717">
     <span class='ocr_line' id='line_1_101' title="bbox 405 5631 1977 5717; baseline 0.015 -35"><span class='ocrx_word' id='word_1_706' title='bbox 405 5631 719 5702; x_wconf 80' lang='lat' dir='ltr'><strong>insignitus,</strong></span> <span class='ocrx_word' id='word_1_707' title='bbox 797 5639 898 5694; x_wconf 88' lang='lat' dir='ltr'><strong>hoc</strong></span> <span class='ocrx_word' id='word_1_708' title='bbox 965 5651 1190 5698; x_wconf 69' lang='lat' dir='ltr'><strong>msueus</strong></span> <span class='ocrx_word' id='word_1_709' title='bbox 1273 5645 1487 5713; x_wconf 77' lang='lat' dir='ltr'><strong>signum</strong></span> <span class='ocrx_word' id='word_1_710' title='bbox 1573 5663 1679 5703; x_wconf 84' lang='lat' dir='ltr'><strong>non</strong></span> <span class='ocrx_word' id='word_1_711' title='bbox 1753 5661 1977 5717; x_wconf 71' lang='lat' dir='ltr'><strong>generat</strong></span> 
     </span>
    </p>
   </div>
   <div class='ocr_carea' id='block_1_102' title="bbox 406 5720 1974 5806">
    <p class='ocr_par' dir='ltr' id='par_1_102' title="bbox 406 5720 1974 5806">
     <span class='ocr_line' id='line_1_102' title="bbox 406 5720 1974 5806; baseline 0.017 -36"><span class='ocrx_word' id='word_1_712' title='bbox 406 5720 622 5786; x_wconf 85' lang='lat' dir='ltr'><strong>quidem</strong></span> <span class='ocrx_word' id='word_1_713' title='bbox 690 5729 1006 5782; x_wconf 82' lang='lat' dir='ltr'><strong>memoriam</strong></span> <span class='ocrx_word' id='word_1_714' title='bbox 1066 5733 1131 5784; x_wconf 89' lang='lat' dir='ltr'><strong>ad</strong></span> <span class='ocrx_word' id='word_1_715' title='bbox 1188 5733 1329 5786; x_wconf 90' lang='lat' dir='ltr'><strong>idem</strong></span> <span class='ocrx_word' id='word_1_716' title='bbox 1390 5734 1821 5806; x_wconf 76' lang='lat' dir='ltr'><strong>retribueuduut,</strong></span> <span class='ocrx_word' id='word_1_717' title='bbox 1881 5745 1974 5797; x_wconf 86' lang='lat' dir='ltr'><strong>scd</strong></span> 
     </span>
    </p>
   </div>
   <div class='ocr_carea' id='block_1_103' title="bbox 479 5896 954 5965">
    <p class='ocr_par' dir='ltr' id='par_1_103' title="bbox 479 5896 954 5965">
     <span class='ocr_line' id='line_1_103' title="bbox 479 5896 954 5965; baseline 0.006 -18"><span class='ocrx_word' id='word_1_718' title='bbox 479 5896 521 5925; x_wconf 72' lang='lat'>&quot;</span> <span class='ocrx_word' id='word_1_719' title='bbox 554 5896 740 5951; x_wconf 62' lang='lat' dir='ltr'><strong>Multis.</strong></span> <span class='ocrx_word' id='word_1_720' title='bbox 788 5916 835 5965; x_wconf 87' lang='lat' dir='ltr'><strong>v,</strong></span> <span class='ocrx_word' id='word_1_721' title='bbox 867 5902 954 5954; x_wconf 70' lang='grc'><strong>59.</strong></span> 
     </span>
    </p>
   </div>
   <div class='ocr_carea' id='block_1_104' title="bbox 2078 4725 3654 4797">
    <p class='ocr_par' dir='ltr' id='par_1_104' title="bbox 2078 4725 3654 4797">
     <span class='ocr_line' id='line_1_104' title="bbox 2078 4725 3654 4797; baseline -0.001 -19"><span class='ocrx_word' id='word_1_722' title='bbox 2078 4727 2316 4796; x_wconf 79' lang='grc' dir='ltr'>ἐμαυτόν</span> <span class='ocrx_word' id='word_1_723' title='bbox 2337 4743 2350 4756; x_wconf 86' lang='grc'>·</span> <span class='ocrx_word' id='word_1_724' title='bbox 2385 4729 2432 4780; x_wconf 87' lang='grc' dir='ltr'><strong>εί</strong></span> <span class='ocrx_word' id='word_1_725' title='bbox 2459 4727 2516 4781; x_wconf 86' lang='grc' dir='ltr'><strong>δέ</strong></span> <span class='ocrx_word' id='word_1_726' title='bbox 2539 4745 2622 4788; x_wconf 81' lang='grc' dir='ltr'><strong>τις</strong></span> <span class='ocrx_word' id='word_1_727' title='bbox 2643 4727 2732 4797; x_wconf 68' lang='grc' dir='ltr'><strong>εἴη</strong></span> <span class='ocrx_word' id='word_1_728' title='bbox 2767 4727 3048 4796; x_wconf 76' lang='grc' dir='ltr'>στρεϐλδς,</span> <span class='ocrx_word' id='word_1_729' title='bbox 3080 4727 3139 4778; x_wconf 76' lang='grc' dir='ltr'>οὐ</span> <span class='ocrx_word' id='word_1_730' title='bbox 3198 4726 3508 4794; x_wconf 68' lang='grc' dir='ltr'>διαστρέψω</span> <span class='ocrx_word' id='word_1_731' title='bbox 3556 4725 3654 4792; x_wconf 76' lang='grc' dir='ltr'>μὲν</span> 
     </span>
    </p>
   </div>
   <div class='ocr_carea' id='block_1_105' title="bbox 2077 4814 3655 4890">
    <p class='ocr_par' dir='ltr' id='par_1_105' title="bbox 2077 4814 3655 4890">
     <span class='ocr_line' id='line_1_105' title="bbox 2077 4814 3655 4890; baseline -0.003 -22"><span class='ocrx_word' id='word_1_732' title='bbox 2077 4817 2316 4879; x_wconf 75' lang='grc' dir='ltr'>εὐκόλως</span> <span class='ocrx_word' id='word_1_733' title='bbox 2355 4816 2524 4880; x_wconf 76' lang='grc' dir='ltr'>οὕτω,</span> <span class='ocrx_word' id='word_1_734' title='bbox 2548 4835 2561 4847; x_wconf 88' lang='grc'><strong>·</strong></span> <span class='ocrx_word' id='word_1_735' title='bbox 2593 4816 2824 4890; x_wconf 74' lang='grc' dir='ltr'>εὖχομαι</span> <span class='ocrx_word' id='word_1_736' title='bbox 2865 4815 2948 4881; x_wconf 74' lang='grc' dir='ltr'>δὲ,</span> <span class='ocrx_word' id='word_1_737' title='bbox 2985 4819 3058 4885; x_wconf 81' lang='grc' dir='ltr'>μὴ</span> <span class='ocrx_word' id='word_1_738' title='bbox 3093 4814 3526 4880; x_wconf 70' lang='grc' dir='ltr'>ἀποτελευτῆσαι</span> <span class='ocrx_word' id='word_1_739' title='bbox 3577 4815 3655 4875; x_wconf 82' lang='grc' dir='ltr'>εἰς</span> 
     </span>
    </p>
   </div>
   <div class='ocr_carea' id='block_1_106' title="bbox 2076 4903 3655 4980">
    <p class='ocr_par' dir='ltr' id='par_1_106' title="bbox 2076 4903 3655 4980">
     <span class='ocr_line' id='line_1_106' title="bbox 2076 4903 3655 4980; baseline -0.003 -18"><span class='ocrx_word' id='word_1_740' title='bbox 2076 4910 2280 4979; x_wconf 83' lang='grc' dir='ltr'>ὅμοιον.</span> <span class='ocrx_word' id='word_1_741' title='bbox 2319 4904 2453 4962; x_wconf 82' lang='grc' dir='ltr'>Οἶδα</span> <span class='ocrx_word' id='word_1_742' title='bbox 2482 4909 2762 4980; x_wconf 74' lang='grc' dir='ltr'>χρεώστης</span> <span class='ocrx_word' id='word_1_743' title='bbox 2792 4903 2935 4961; x_wconf 76' lang='grc' dir='ltr'>εἶναι</span> <span class='ocrx_word' id='word_1_744' title='bbox 2961 4908 3056 4962; x_wconf 74' lang='grc' dir='ltr'>τοῦ</span> <span class='ocrx_word' id='word_1_745' title='bbox 3091 4925 3109 4958; x_wconf 79' lang='grc' dir='ltr'><strong>ι</strong></span> <span class='ocrx_word' id='word_1_746' title='bbox 3163 4905 3518 4975; x_wconf 82' lang='grc' dir='ltr'>ἀδικούμενος</span> <span class='ocrx_word' id='word_1_747' title='bbox 3581 4906 3655 4974; x_wconf 81' lang='grc' dir='ltr'>μὴ</span> 
     </span>
    </p>
   </div>
   <div class='ocr_carea' id='block_1_107' title="bbox 2079 4998 3655 5073">
    <p class='ocr_par' dir='ltr' id='par_1_107' title="bbox 2079 4998 3655 5073">
     <span class='ocr_line' id='line_1_107' title="bbox 2079 4998 3655 5073; baseline -0.003 -17"><span class='ocrx_word' id='word_1_748' title='bbox 2079 5003 2409 5058; x_wconf 83' lang='grc' dir='ltr'>ἀνταδικεῖν.</span> <span class='ocrx_word' id='word_1_749' title='bbox 2454 5021 2472 5053; x_wconf 74' lang='grc' dir='ltr'><strong>ι</strong></span> <span class='ocrx_word' id='word_1_750' title='bbox 2510 5003 2601 5073; x_wconf 77' lang='grc' dir='ltr'><strong>Μὴ</strong></span> <span class='ocrx_word' id='word_1_751' title='bbox 2634 5005 2832 5058; x_wconf 79' lang='grc' dir='ltr'>ειδέναι</span> <span class='ocrx_word' id='word_1_752' title='bbox 2867 5004 2946 5068; x_wconf 84' lang='grc' dir='ltr'><strong>δὲ,</strong></span> <span class='ocrx_word' id='word_1_753' title='bbox 2978 5001 3051 5064; x_wconf 74' lang='grc' dir='ltr'><strong>ὡς</strong></span> <span class='ocrx_word' id='word_1_754' title='bbox 3079 5001 3370 5071; x_wconf 74' lang='grc' dir='ltr'>ἠδίκημαι,</span> <span class='ocrx_word' id='word_1_755' title='bbox 3392 4999 3494 5052; x_wconf 77' lang='grc' dir='ltr'><strong>οὐκ</strong></span> <span class='ocrx_word' id='word_1_756' title='bbox 3528 4998 3655 5067; x_wconf 70' lang='grc' dir='ltr'>ἀφί-</span> 
     </span>
    </p>
   </div>
   <div class='ocr_carea' id='block_1_108' title="bbox 2079 5091 3659 5167">
    <p class='ocr_par' dir='ltr' id='par_1_108' title="bbox 2079 5091 3659 5167">
     <span class='ocr_line' id='line_1_108' title="bbox 2079 5091 3659 5167; baseline -0.005 -17"><span class='ocrx_word' id='word_1_757' title='bbox 2079 5114 2208 5167; x_wconf 82' lang='grc' dir='ltr'>ησιν</span> <span class='ocrx_word' id='word_1_758' title='bbox 2253 5098 2287 5166; x_wconf 81' lang='grc' dir='ltr'>ἡ</span> <span class='ocrx_word' id='word_1_759' title='bbox 2336 5096 2595 5162; x_wconf 80' lang='grc' dir='ltr'>καθάπαξ</span> <span class='ocrx_word' id='word_1_760' title='bbox 2656 5097 3094 5167; x_wconf 82' lang='grc' dir='ltr'>ἀπογραφομένη</span> <span class='ocrx_word' id='word_1_761' title='bbox 3151 5095 3248 5147; x_wconf 81' lang='grc' dir='ltr'>καὶ</span> <span class='ocrx_word' id='word_1_762' title='bbox 3317 5093 3386 5144; x_wconf 74' lang='grc' dir='ltr'>τὰ</span> <span class='ocrx_word' id='word_1_763' title='bbox 3436 5091 3659 5144; x_wconf 71' lang='grc' dir='ltr'>τοιαῦτα</span> 
     </span>
    </p>
   </div>
   <div class='ocr_carea' id='block_1_109' title="bbox 2083 5184 3653 5260">
    <p class='ocr_par' dir='ltr' id='par_1_109' title="bbox 2083 5184 3653 5260">
     <span class='ocr_line' id='line_1_109' title="bbox 2083 5184 3653 5260; baseline -0.006 -19"><span class='ocrx_word' id='word_1_764' title='bbox 2083 5190 2295 5260; x_wconf 78' lang='grc' dir='ltr'>μνήμη.</span> <span class='ocrx_word' id='word_1_765' title='bbox 2336 5190 2679 5260; x_wconf 77' lang='grc' dir='ltr'>Δακνόμενον</span> <span class='ocrx_word' id='word_1_766' title='bbox 2741 5189 2980 5252; x_wconf 79' lang='grc' dir='ltr'>δάκνειν,</span> <span class='ocrx_word' id='word_1_767' title='bbox 3023 5189 3056 5256; x_wconf 79' lang='grc' dir='ltr'>ἡ</span> <span class='ocrx_word' id='word_1_768' title='bbox 3101 5184 3368 5256; x_wconf 75' lang='grc' dir='ltr'>παροιμία</span> <span class='ocrx_word' id='word_1_769' title='bbox 3417 5185 3653 5253; x_wconf 77' lang='grc' dir='ltr'>ἐφίησιν.</span> 
     </span>
    </p>
   </div>
   <div class='ocr_carea' id='block_1_110' title="bbox 2097 5273 3657 5349">
    <p class='ocr_par' dir='ltr' id='par_1_110' title="bbox 2097 5273 3657 5349">
     <span class='ocr_line' id='line_1_110' title="bbox 2097 5273 3657 5349; baseline -0.005 -16"><span class='ocrx_word' id='word_1_770' title='bbox 2097 5280 2154 5332; x_wconf 77' lang='grc' dir='ltr'>ὐ</span> <span class='ocrx_word' id='word_1_771' title='bbox 2176 5281 2231 5333; x_wconf 79' lang='grc' dir='ltr'>δὲ</span> <span class='ocrx_word' id='word_1_772' title='bbox 2264 5281 2498 5349; x_wconf 72' lang='grc' dir='ltr'>εὐλαϐὴς</span> <span class='ocrx_word' id='word_1_773' title='bbox 2531 5281 2688 5348; x_wconf 83' lang='grc' dir='ltr'>λόγος</span> <span class='ocrx_word' id='word_1_774' title='bbox 2724 5280 2925 5334; x_wconf 77' lang='grc' dir='ltr'>οὔκουν</span> <span class='ocrx_word' id='word_1_775' title='bbox 2955 5279 3152 5348; x_wconf 80' lang='grc' dir='ltr'>ἀφίησι</span> <span class='ocrx_word' id='word_1_776' title='bbox 3177 5293 3191 5308; x_wconf 78' lang='grc'><strong><em>⁸</em></strong></span> <span class='ocrx_word' id='word_1_777' title='bbox 3250 5274 3548 5345; x_wconf 73' lang='grc' dir='ltr'>παραλύων</span> <span class='ocrx_word' id='word_1_778' title='bbox 3603 5273 3657 5325; x_wconf 75' lang='grc' dir='ltr'><strong>δὲ</strong></span> 
     </span>
    </p>
   </div>
   <div class='ocr_carea' id='block_1_111' title="bbox 2085 5367 3659 5444">
    <p class='ocr_par' dir='ltr' id='par_1_111' title="bbox 2085 5367 3659 5444">
     <span class='ocr_line' id='line_1_111' title="bbox 2085 5367 3659 5444; baseline -0.011 -11"><span class='ocrx_word' id='word_1_779' title='bbox 2085 5373 2186 5442; x_wconf 75' lang='grc' dir='ltr'>τὴν</span> <span class='ocrx_word' id='word_1_780' title='bbox 2240 5374 2538 5442; x_wconf 80' lang='grc' dir='ltr'>συνάφειαν</span> <span class='ocrx_word' id='word_1_781' title='bbox 2567 5375 2665 5444; x_wconf 73' lang='grc' dir='ltr'><strong>τὴν</strong></span> <span class='ocrx_word' id='word_1_782' title='bbox 2725 5374 2944 5429; x_wconf 76' lang='grc' dir='ltr'>δάκνειν</span> <span class='ocrx_word' id='word_1_783' title='bbox 3001 5371 3316 5436; x_wconf 80' lang='grc' dir='ltr'>δάκνεσθαι,</span> <span class='ocrx_word' id='word_1_784' title='bbox 3365 5370 3539 5422; x_wconf 82' lang='grc' dir='ltr'>κλείει</span> <span class='ocrx_word' id='word_1_785' title='bbox 3603 5367 3659 5417; x_wconf 69' lang='grc' dir='ltr'>τὸ</span> 
     </span>
    </p>
   </div>
   <div class='ocr_carea' id='block_1_112' title="bbox 2082 5458 3659 5538">
    <p class='ocr_par' dir='ltr' id='par_1_112' title="bbox 2082 5458 3659 5538">
     <span class='ocr_line' id='line_1_112' title="bbox 2082 5458 3659 5538; baseline -0.001 -19"><span class='ocrx_word' id='word_1_786' title='bbox 2082 5467 2258 5536; x_wconf 84' lang='grc' dir='ltr'>στόμα</span> <span class='ocrx_word' id='word_1_787' title='bbox 2329 5466 2408 5536; x_wconf 85' lang='grc' dir='ltr'>τῷ</span> <span class='ocrx_word' id='word_1_788' title='bbox 2471 5467 2808 5538; x_wconf 83' lang='grc' dir='ltr'>δακνομένῳ,</span> <span class='ocrx_word' id='word_1_789' title='bbox 2869 5467 3078 5537; x_wconf 80' lang='grc' dir='ltr'>μήποτε</span> <span class='ocrx_word' id='word_1_790' title='bbox 3127 5461 3432 5517; x_wconf 77' lang='grc' dir='ltr'>ἀντιδακὼν</span> <span class='ocrx_word' id='word_1_791' title='bbox 3494 5458 3659 5530; x_wconf 66' lang='grc' dir='ltr'>βλέψῃ</span> 
     </span>
    </p>
   </div>
   <div class='ocr_carea' id='block_1_113' title="bbox 2080 5553 3660 5629">
    <p class='ocr_par' dir='ltr' id='par_1_113' title="bbox 2080 5553 3660 5629">
     <span class='ocr_line' id='line_1_113' title="bbox 2080 5553 3660 5629; baseline -0.006 -19"><span class='ocrx_word' id='word_1_792' title='bbox 2080 5559 2242 5616; x_wconf 77' lang='grc' dir='ltr'><strong>ὁποῖά.</strong></span> <span class='ocrx_word' id='word_1_793' title='bbox 2267 5575 2320 5611; x_wconf 86' lang='grc' dir='ltr'><strong>τι</strong></span> <span class='ocrx_word' id='word_1_794' title='bbox 2358 5558 2520 5622; x_wconf 84' lang='grc' dir='ltr'>δάκος</span> <span class='ocrx_word' id='word_1_795' title='bbox 2558 5560 2949 5629; x_wconf 82' lang='grc' dir='ltr'>ἀποτρόπαιον.</span> <span class='ocrx_word' id='word_1_796' title='bbox 2981 5558 3042 5609; x_wconf 83' lang='grc' dir='ltr'><strong>Εἰ</strong></span> <span class='ocrx_word' id='word_1_797' title='bbox 3074 5557 3130 5609; x_wconf 78' lang='grc' dir='ltr'><strong>δέ</strong></span> <span class='ocrx_word' id='word_1_798' title='bbox 3175 5573 3237 5624; x_wconf 88' lang='grc' dir='ltr'><strong>γε</strong></span> <span class='ocrx_word' id='word_1_799' title='bbox 3264 5553 3293 5607; x_wconf 76' lang='lat'><strong>6</strong></span> <span class='ocrx_word' id='word_1_800' title='bbox 3323 5553 3402 5624; x_wconf 83' lang='grc' dir='ltr'>τῷ</span> <span class='ocrx_word' id='word_1_801' title='bbox 3423 5553 3660 5623; x_wconf 79' lang='grc' dir='ltr'>δήγματι</span> 
     </span>
    </p>
   </div>
   <div class='ocr_carea' id='block_1_114' title="bbox 2081 5645 3662 5713">
    <p class='ocr_par' dir='ltr' id='par_1_114' title="bbox 2081 5645 3662 5713">
     <span class='ocr_line' id='line_1_114' title="bbox 2081 5645 3662 5713; baseline -0.005 -11"><span class='ocrx_word' id='word_1_802' title='bbox 2081 5650 2326 5713; x_wconf 70' lang='grc' dir='ltr'>πιεσθεὶς</span> <span class='ocrx_word' id='word_1_803' title='bbox 2357 5650 2518 5704; x_wconf 85' lang='grc' dir='ltr'>πάθοι</span> <span class='ocrx_word' id='word_1_804' title='bbox 2546 5650 2818 5713; x_wconf 58' lang='lat' dir='ltr'><strong>success;</strong></span> <span class='ocrx_word' id='word_1_805' title='bbox 2873 5667 2924 5702; x_wconf 80' lang='grc' dir='ltr'><strong>τι</strong></span> <span class='ocrx_word' id='word_1_806' title='bbox 2975 5649 3218 5712; x_wconf 74' lang='grc' dir='ltr'>ὲντακὲν,</span> <span class='ocrx_word' id='word_1_807' title='bbox 3273 5645 3372 5698; x_wconf 86' lang='grc' dir='ltr'>καὶ.</span> <span class='ocrx_word' id='word_1_808' title='bbox 3415 5646 3662 5712; x_wconf 76' lang='grc' dir='ltr'>παράσηο</span> 
     </span>
    </p>
   </div>
   <div class='ocr_carea' id='block_1_115' title="bbox 2093 5738 3662 5812">
    <p class='ocr_par' dir='ltr' id='par_1_115' title="bbox 2093 5738 3662 5812">
     <span class='ocr_line' id='line_1_115' title="bbox 2093 5738 3662 5812; baseline 0.008 -22"><span class='ocrx_word' id='word_1_809' title='bbox 2093 5756 2188 5810; x_wconf 81' lang='grc' dir='ltr'><strong>μος</strong></span> <span class='ocrx_word' id='word_1_810' title='bbox 2221 5741 2427 5793; x_wconf 71' lang='grc' dir='ltr'>ἐκεῖθεν</span> <span class='ocrx_word' id='word_1_811' title='bbox 2491 5742 2663 5810; x_wconf 83' lang='grc' dir='ltr'>μένει,</span> <span class='ocrx_word' id='word_1_812' title='bbox 2721 5740 2882 5794; x_wconf 82' lang='grc' dir='ltr'>τοῦτο</span> <span class='ocrx_word' id='word_1_813' title='bbox 2931 5741 3000 5812; x_wconf 80' lang='grc' dir='ltr'><strong>’δὴ</strong></span> <span class='ocrx_word' id='word_1_814' title='bbox 3054 5740 3114 5793; x_wconf 80' lang='grc' dir='ltr'>τὸ</span> <span class='ocrx_word' id='word_1_815' title='bbox 3185 5738 3369 5807; x_wconf 79' lang='grc' dir='ltr'>μένειν</span> <span class='ocrx_word' id='word_1_816' title='bbox 3437 5738 3662 5806; x_wconf 70' lang='grc' dir='ltr'>μνήμην</span> 
     </span>
    </p>
   </div>
  </div>
