3804 6238
405 373 505 454 iii

1115 373 1541 453 EUSTATHII
1580 371 2347 451 THESSALONICENSIS
2404 383 2964 444 METROPOLITAE
3154 447 3161 455 ,
3529 368 3614 451 m

397 515 487 565 tuo
530 508 855 576 ‘stimularet,
891 505 944 562 in
997 504 1178 561 mente
1233 520 1440 575 ponens
1491 505 1624 561 mihi
1674 504 1979 561 custodien-

2092 504 2143 555 ὲν
2164 501 2320 572 θυμῷ
2352 499 2524 562 τιθείς
2561 517 2650 570 μοι
2688 497 3079 567 φυλάττεσθαι,
3117 495 3192 567 μὴ
3231 494 3321 548 καὶ
3351 497 3496 553 πάλιν
3513 505 3617 556 ταὺ-

401 599 549 665 ‘diim,
583 615 650 655 ne
696 614 908 655 rursum
962 599 1016 651 in
1067 597 1207 652 idem
1254 591 1452 651 malum
1492 597 1855 663 incidam;et
1903 596 1976 650 ita

399 689 616 758 quidem
647 706 749 761 ego
776 693 830 746 in
865 691 1018 745 lucro
1048 690 1306 759 ponerem
1355 697 1720 759 opportunam
1775 702 1979 743 memo-

401 778 535 836 riam
578 783 726 837 mali.
757 780 879 834 Mali
923 780 1152 834 memori
1188 784 1367 834 tamen
1406 781 1563 834 aliter
1596 789 1677 835 est
1709 780 1980 834 memoriae

405 874 762 940 desiderium,
793 874 1029 943 qualiter
1077 881 1160 929 est
1218 874 1397 943 pinna:
1453 866 1623 928 testae.
1663 871 1787 927 Haec
1835 872 1978 930 enim

401 965 549 1021 ai‘n‘at
591 967 1075 1039 pinnopliylacem,
1105 982 1170 1021 eo
1198 967 1343 1035 quod
1390 967 1561 1038 ipsam
1593 976 1834 1035 apertam
1867 964 1980 1017 for-

405 1058 619 1127 cipibus
666 1057 1179 1128 premens,qnando
1209 1056 1504 1126 pisciculus
1527 1072 1620 1128 per
1646 1071 1766 1112 eam
1801 1060 1976 1108 trans-

404 1150 463 1214 it,
528 1149 726 1213 irritat,
791 1157 843 1202 et
903 1149 951 1201 vi
1008 1148 1282 1203 contrahit
1332 1151 1486 1218 quasi
1547 1157 1698 1204 testae
1749 1140 1979 1217 palmas,

402 1253 458 1294 et
496 1241 576 1295 sic
618 1239 892 1294 includere
926 1241 1250 1309 pisciculum
1281 1240 1332 1294 in
1367 1235 1546 1295 escam
1578 1241 1680 1296 sibi
1713 1240 1874 1294 simul
1919 1253 1982 1293 ac

401 1347 620 1396 cancro,
667 1347 764 1402 per
802 1347 963 1401 quem
1016 1333 1325 1402 praebentur
1375 1349 1494 1403 quin
1545 1317 1681 1388 sunt.
1701 1333 1767 1387 ad
1803 1346 1977 1386 esum.

399 1425 522 1479 Mali
561 1440 770 1479 memor
823 1435 1009 1478 autem
1047 1424 1126 1478 sic
1166 1436 1312 1479 amat
1353 1439 1673 1492 memorem,
1705 1425 1795 1494 qui
1844 1424 1984 1477 obli-

401 1519 554 1570 vioso
609 1517 923 1570 memoriam
979 1517 1242 1572 adversus
1289 1518 1522 1587 aliquem
1585 1517 1894 1582 submovet,
1925 1523 1981 1570 et

401 1612 554 1678 quasi
605 1611 836 1679 sopitum
890 1609 1263 1679 expergelacit
1308 1613 1372 1663 ad
1404 1609 1643 1664 hominis
1673 1609 1978 1679 captionem

399 1713 456 1758 et
508 1704 808 1758 interitum.
873 1701 1012 1756 lline
1041 1703 1166 1758 talis
1207 1719 1411 1759 memor
1446 1705 1716 1769 deleatur,
1751 1716 1857 1757 non
1896 1718 1982 1758 su-

400 1797 509 1850 lum
557 1811 588 1850 e
640 1798 837 1849 mentis
881 1805 1084 1851 nostra:
1133 1795 1338 1862 tabula,
1357 1798 1449 1850 sed
1470 1799 1634 1850 etiam
1656 1795 1976 1851 viventium.

2086 597 2335 658 τοκὰκως
2375 593 2639 663 πείσομαι
2660 607 2675 622 ο
2703 591 2802 644 καὶ
2837 590 2982 643 οὕτω
3013 588 3114 660 μὲν
3139 587 3250 658 ἐγὼ
3275 590 3617 662 ἐπραγματευ.

2089 690 2269 758 σὰμην
2302 687 2370 742 ἂν
2399 686 2497 758 τὴν
2521 688 2580 738 ὲν
2609 684 2810 754 καιρίῳ
2839 684 3064 755 μνήμην
3119 685 3214 736 τοῦ
3259 684 3442 738 κακοῦ.
3495 676 3620 759 Μνη-

2090 783 2298 850 σικάκῳ
2352 780 2535 848 μέντοι
2593 775 2868 848 ἀνθρώπῳ
2923 775 3098 839 ἄλλως
3124 775 3386 854 ἐπιθυμία
3411 779 3616 850 μνήμης,

2087 871 2246 927 ὁποία
2279 875 2371 927 καὶ
2401 874 2435 944 ἡ
2471 872 2612 927 κατὰ
2637 872 2736 940 τὴν
2768 871 2959 924 πίνναν
3005 871 3064 922 τὸ
3121 870 3405 942 ὄστρακον.
3441 872 3624 944 Ἐκείνη

2087 986 2144 1043 τε
2189 968 2295 1037 γὰρ
2328 957 2472 1042 φιλεί
2512 963 2604 1019 τὸν
2629 958 3034 1034 πιννοερύλακα,
3074 965 3156 1018 ὅτι
3205 981 3316 1034 περ
3361 967 3623 1033 ἀνεωγυίαν

2088 1061 2260 1130 αὐτὴν
2290 1060 2482 1120 πιέσας
2509 1060 2630 1121 ταῖς
2662 1057 2878 1128 χηλαῖς,
2910 1057 3151 1128 ὁπηνίκα
3193 1057 3263 1110 δι’
3287 1057 3448 1128 αὐτῆς
3500 1058 3626 1127 ἰχθύ-

2087 1153 2201 1220 διον
2231 1150 2547 1222 παροδεύει,
2595 1149 2852 1222 ὲρεθίζει,
2892 1149 2988 1202 καὶ
3023 1147 3337 1202 συστέλλειν
3385 1152 3517 1202 ποιεῖ
3547 1149 3627 1212 τὰς

2087 1239 2199 1298 οἷον
2235 1242 2330 1296 τοῦ
2371 1243 2647 1314 ὀστράκου
2679 1242 2960 1313 παλάμας,
2998 1241 3092 1294 καὶ
3153 1239 3298 1295 οὕτω
3351 1240 3629 1311 χειροῦσθαι

2087 1337 2148 1390 τὸ
2173 1337 2401 1407 ὀψάριον
2433 1337 2514 1400 είς
2549 1335 2745 1407 βρῶμα
2777 1336 2944 1404 ἑαυτῇ
2967 1351 3026 1387 τε
3053 1335 3147 1386 καὶ
3191 1333 3270 1404 τῷ
3323 1334 3626 1404 καρκινιδίῳ,

2087 1428 2155 1481 δι’
2183 1421 2244 1482 οὗ
2286 1426 2570 1498 πορίζεται
2644 1426 2711 1478 τὰ
2765 1427 2822 1489 ἐς
2865 1425 3097 1495 τροφήν.
3155 1423 3267 1476 Καὶ
3323 1424 3350 1474 ὁ
3403 1438 3632 1492 μνησικα-

2089 1523 2200 1577 κῶν
2255 1521 2311 1575 δὲ
2344 1520 2489 1575 οὕτω
2517 1520 2664 1590 φιλεῖ
2711 1520 2986 1591 μνήμονα,
3041 1517 3100 1581 ὃς
3142 1517 3484 1587 ἐκλαθομένῳ
3523 1516 3634 1569 ὑπο-

2089 1617 2230 1668 κινεῖ
2277 1615 2498 1684 μνήμην
2547 1611 2690 1665 κατά
2735 1627 2904 1676 τινος,
2967 1609 3060 1662 καὶ
3113 1608 3189 1671 ὡς
3245 1605 3357 1661 οἷον
3407 1606 3632 1661 efﬂictim!

2089 1708 2388 1778 ἁφυπνίζει
2419 1706 2554 1778 πρὸς
2593 1704 2883 1775 ἀνθρώπου
2943 1703 3193 1774 ἐνσχεσιν
3262 1703 3356 1755 καὶ
3402 1700 3634 1771 ὄλεθρον·

2091 1801 2147 1864 ὃς
2167 1801 2232 1872 δὴ
2261 1799 2503 1860 τοιοῦτος
2536 1798 2771 1869 μνήμων
2819 1795 3145 1865 ἀπαλιφείη,
3183 1795 3262 1866 μὴ
3308 1795 3388 1846 ὃτι
3447 1810 3505 1862 γε
3553 1792 3637 1859 τῆς

399 1889 496 1944 list
554 1887 816 1943 memoria
870 1888 1000 1956 justi
1057 1898 1112 1941 et
1168 1888 1485 1942 memoriale
1536 1896 1880 1958 perpetuum,
1914 1889 1979 1942 ad

2092 1871 2229 1946 κατὰ
2260 1890 2438 1961 ψυχὴν
2471 1890 2604 1960 ἡμῖν
2625 1889 2833 1967 δέλτου,
2867 1886 3010 1966 ’ἀλλά
3043 1903 3105 1955 γε
3137 1889 3233 1939 καὶ
3267 1888 3366 1956 τῆς
3398 1885 3500 1936 τῶν
3528 1883 3641 1948 ζών-

397 1983 540 2052 quod
582 1981 692 2036 erit
722 1982 902 2051 justus
929 1982 995 2035 "'.
1031 1980 1176 2047 Quid
1201 1979 1366 2051 ergo?
1388 1980 1504 2035 Non
1537 1989 1620 2036 est
1650 1982 1812 2038 etiam
1841 1981 1983 2036 haud

393 2071 664 2144 justornm
713 2070 1028 2146 memoria?
1063 2069 1160 2126 Est
1201 2070 1381 2136 aliter,
1417 2084 1551 2124 sane
1601 2084 1827 2139 prorsus
1883 2083 1982 2126 ne-

397 2163 659 2218 cessario.
684 2161 750 2216 Et
789 2175 897 2218 non
940 2160 1055 2231 jam
1100 2161 1194 2232 qui
1231 2161 1478 2216 meminit
1529 2160 1836 2229 iniquorum
1879 2161 1978 2215 ho-

399 2259 630 2323 ininum,
659 2256 786 2310 mali
832 2269 1044 2310 memor
1086 2255 1452 2326 reputabitur,
1499 2254 1792 2323 siquidem,
1827 2255 1982 2325 juxta

397 2360 613 2402 natura:
646 2347 1073 2410 institutionem,
1100 2362 1288 2402 eorum
1333 2347 1494 2400 etiam
1553 2349 1642 2414 qui
1694 2348 1830 2402 tales
1876 2362 1981 2402 non

397 2452 551 2508 sunt,-
589 2454 848 2511 tanqnam
883 2441 950 2496 ad
983 2441 1298 2506 lectionem,
1331 2441 1603 2496 meminit.

470 2624 557 2680 73.
589 2623 788 2678 Verum
839 2632 897 2676 ut
933 2623 1222 2678 accuratus
1261 2635 1446 2678 sermo
1498 2640 1601 2678 non
1650 2608 1702 2679 in
1753 2625 1979 2680 multum

399 2719 784 2787 suspendamr,
811 2716 892 2770 cia
935 2725 1222 2786 postquam
1257 2716 1632 2786 memetipsum
1667 2717 1985 2774 delineatio—

399 2811 488 2865 nis
536 2810 699 2863 modo
760 2807 1098 2862 subobscure
1160 2807 1567 2876 descripserim,
1613 2820 1799 2878 postea
1855 2810 1983 2864 mali

402 2902 721 2956 memoriam
759 2899 914 2954 vobis
951 2899 1233 2964 definiam,
1268 2900 1636 2965 extrinsecus,
1671 2916 1768 2970 per
1808 2900 1982 2956 levem

410 2994 797 3055 mutationem,
839 2991 1169 3046 subdu'cens.
1224 2979 1370 3045 Vivit
1419 2991 1617 3060 aliquis
1661 3005 1848 3047 eorum
1891 2994 1982 3063 qui

399 3083 725 3154 quocunque
754 3080 914 3136 modo
939 3097 1036 3136 nos
1055 3082 1346 3150 aliquando
1365 3084 1852 3154 contristaverunt;
1877 3102 1982 3142 non

403 3177 728 3230 exacerbor.
767 3173 1011 3230 Exornat
1055 3175 1142 3228 sui
1190 3173 1360 3243 ipsius
1386 3174 1553 3229 vitam
1585 3185 1638 3230 et
1671 3177 1772 3232 hoc
1802 3177 1977 3246 bene;

397 3284 505 3324 non
537 3269 778 3333 invideo,
814 3267 909 3322 sed
929 3266 1234 3337 jucundum
1267 3265 1464 3335 habeo,
1493 3283 1751 3338 sperans
1779 3279 1834 3324 et
1863 3271 1981 3340 ipse

401 3376 432 3415 ιι
472 3361 580 3415 Deo
616 3359 929 3430 hujusuiodi
975 3361 1197 3415 bonum.
1233 3358 1414 3416 Sanus
1441 3371 1566 3427 est,
1603 3378 1709 3416 non
1751 3361 1976 3434 amigor.

395 3450 686 3515 Privatur,
721 3449 965 3519 suppleo,
997 3449 1045 3504 si
1079 3464 1321 3520 possum.
1355 3451 1489 3522 Eget
1513 3489 1528 3518 ,
1568 3453 1852 3522 suppedito
1883 3469 1981 3525 pro

394 3558 574 3615 posse.
630 3545 838 3609 Quaerit
892 3541 1190 3610 possibile,
1227 3557 1334 3597 non
1389 3545 1591 3598 abnuo.
1627 3546 1978 3617 Alloquitur,

393 3637 658 3693 benevole
703 3637 1024 3706 respondeo.
1068 3635 1360 3703 Perculit,
1405 3633 1685 3694 meliorem
1740 3641 1856 3696 ﬁeri
1885 3642 1982 3697 de-

397 3747 617 3804 precor.
649 3731 1003 3786 Conviciatur
1026 3768 1043 3798 ,
1083 3746 1187 3787 non
1224 3731 1414 3788 audire
1447 3734 1668 3789 simulo.
1698 3734 1860 3801 Silet;
1905 3745 1980 3790 ta-

392 3840 512 3882 ceo.
539 3824 766 3881 Obviam
819 3824 880 3878 iit
931 3832 1161 3890 torvus,
1200 3835 1255 3880 et
1290 3828 1564 3896 quomodo
1596 3842 1703 3882 non
1741 3829 1868 3885 talis
1894 3846 1980 3885 cs-

391 3920 546 3975 sem?
577 3918 958 3991 Sympathiam
992 3919 1206 3989 poscit,
1245 3919 1315 3975 do
1347 3935 1468 3976 cum
1500 3922 1643 3978 votis
1670 3936 1736 3976 ex
1770 3925 1975 3980 animo.

391 4002 568 4080 Caput
618 4011 884 4075 inclinat,
944 4010 1186 4064 vicissim
1237 4011 1518 4067 iucurvor.
1574 4013 1839 4070 Dominus
1878 4032 1979 4085 ego

391 4119 512 4159 sum
561 4103 702 4173 apud
754 4103 908 4156 illum
939 4129 953 4166 ,
991 4112 1045 4156 et
1079 4103 1194 4171 ipse
1221 4104 1474 4160 dominus
1506 4107 1646 4175 apud
1685 4123 1791 4162 me.
1825 4109 1978 4163 Aﬂ‘a-

393 4195 520 4249 bilis
550 4195 603 4246 in
642 4209 727 4246 me
767 4193 883 4261 ipse
909 4201 1031 4257 est,
1065 4192 1201 4245 nihil
1234 4193 1414 4248 minus
1454 4210 1556 4263 ego
1582 4196 1633 4248 in
1685 4197 1860 4254 illum.
1893 4199 1978 4254 ln-

391 4298 556 4352 super
611 4292 790 4336 autem
843 4281 890 4334 si
944 4282 1141 4348 quazrit
1190 4292 1245 4335 et
1297 4282 1542 4337 intimam
1594 4286 1888 4342 amicitiam
1924 4302 1980 4345 et

393 4375 707 4430 convictum
743 4380 797 4426 et
831 4373 1273 4441 contubernium,
1309 4373 1524 4429 haesito.

472 4555 560 4610 74.
590 4553 880 4624 Supposita
913 4554 1082 4626 igitur
1113 4557 1206 4610 tali
1239 4558 1608 4629 descriptione
1637 4561 1705 4617 de
1736 4545 1972 4632 dispOsi-
2007 4592 2050 4647 ο

389 4649 628 4706 tionibus
675 4649 808 4703 meis
848 4649 898 4701 iu
951 4649 1235 4714 laedentes,
1272 4654 1605 4722 propositam
1660 4655 1726 4710 ad
1781 4659 1974 4711 delini-

391 4741 590 4794 tionem
632 4741 814 4804 venio,
842 4740 1074 4810 dicoque
1111 4742 1236 4794 mali
1273 4748 1592 4798 memoriam
1621 4761 1742 4802 esse
1774 4750 1971 4806 veteris

389 4829 483 4884 irae
511 4833 835 4894 coctionem,
869 4832 1093 4884 dextere
1143 4833 1603 4904 snbseqnenten'i,
1646 4849 1703 4892 ut
1752 4843 1968 4896 tandem

388 4932 602 4973 coctum
643 4922 823 4975 lzxdal.
860 4921 1023 4975 Vetus
1045 4923 1207 4992 igitur
1238 4927 1317 5000 ira
1349 4930 1538 4982 subest
1573 4931 1696 4984 mali
1718 4935 1968 5000 memori,

390 5012 644 5064 nocivum
679 5013 883 5065 exitum
916 5029 1190 5082 quzerens.
1247 5018 1346 5073 Ubi
1381 5034 1560 5076 autem
1601 5040 1705 5078 non
1743 5037 1824 5079 est
1857 5042 1971 5080 om-

389 5101 516 5155 nino
550 5104 807 5156 memoria
839 5104 1078 5168 infensa,
1122 5112 1216 5161 sed
1248 5110 1467 5168 aliunde
1501 5119 1762 5172 memoria
1793 5120 1970 5173 susci-

389 5199 506 5242 tans
537 5190 768 5260 alicujus
813 5193 938 5246 mali
993 5196 1298 5264 simplicem
1355 5203 1829 5274 imaginationem,
1863 5226 1968 5262 non

386 5279 453 5334 ad
487 5281 767 5349 cujusdam
813 5286 1180 5352 vexationem,
1214 5295 1511 5361 verebitur,
1554 5309 1703 5366 pulu,
1748 5303 1968 5370 sapiens

383 5371 578 5428 hocin
626 5375 874 5430 ordinem
929 5378 1150 5436 malitiae
1200 5383 1542 5453 inscribere;
1597 5394 1640 5446 si
1681 5409 1809 5449 vero
1858 5411 1964 5449 non

382 5465 486 5520 hoc
540 5466 688 5531 facit,
727 5481 826 5522 nec
869 5468 923 5522 in
975 5470 1145 5540 ipsam
1202 5477 1326 5530 mali
1385 5485 1662 5538 memoriae
1720 5487 1959 5542 tabulam

380 5556 675 5613 inscribct.

452 5651 538 5706 75.
563 5653 794 5709 Aliunde
824 5661 952 5712 vero
986 5638 1278 5728 pulchrius
1313 5671 1395 5718 cst
1449 5678 1710 5724 extraneo
1759 5674 1952 5730 malleo

443 5815 498 5864 ’⁸⁵
529 5833 806 5902 Psal.cx1,
843 5839 896 5891 7.

2084 2000 2214 2037 των.
2279 1983 2435 2035 Ἔστι
2490 1982 2680 2052 μνήμη
2733 1979 2943 2032 δικαίου
3007 1979 3104 2032 καὶ
3152 1979 3496 2048 μνημόσυνον
3531 1974 3641 2026 alib-

2084 2094 2220 2145 νιον,
2283 2078 2363 2139 είς
2423 2059 2451 2128 δ
2493 2074 2647 2129 ἔσται
2682 2074 2710 2127 ὁ
2750 2073 2982 2137 δίκαιος.
3059 2073 3126 2126 Ti
3169 2057 3346 2141 γοῦνς
3405 2072 3511 2124 Οὐκ
3549 2070 3644 2120 ἔστι

2084 2167 2318 2222 καὶτῶν
2372 2167 2448 2239 μὴ
2482 2167 2708 2222 δικαίων
2779 2168 3004 2238 μνήμη;
3061 2165 3255 2219 Ἔστιν
3316 2166 3538 2230 ἀλλοῖον,
3571 2161 3644 2216 ναὶ

2086 2264 2310 2324 πάντως
2338 2261 2677 2329 ἀναγκαίως.
2732 2260 2844 2314 Καὶ
2872 2261 2976 2314 οὐκ
3004 2244 3104 2331 ἥδη
3137 2277 3245 2313 που
3305 2261 3334 2312 ὁ
3385 2259 3492 2312 τῶν
3529 2257 3648 2310 ἐκδε-

2086 2360 2199 2407 κων
2249 2355 2603 2424 μεμνημένος
2634 2352 2848 2425 ἀνδρῶν
2893 2354 3235 2425 ἐγγράφεται
3265 2354 3346 2416 εἰς
3413 2351 3649 2423 μνησίκα-

2085 2461 2205 2508 κον,
2245 2446 2364 2498 ἐπεὶ
2418 2446 2560 2498 κατά
2608 2444 2826 2514 φύσεως
2874 2445 3203 2518 ἀπογραφὴν
3268 2447 3364 2501 καὶ
3424 2446 3528 2499 τῶν
3587 2443 3652 2514 μὴ

2083 2535 2348 2591 τοιούτων
2381 2537 2454 2600 ὡς
2483 2540 2563 2600 εἰς
2602 2537 2911 2605 ἀνάγνωσιν
2944 2539 3247 2610 μέμνηται;

2154 2625 2257 2697 ογ’.
2288 2624 2404 2683 Ἵνα
2436 2627 2597 2698 δὲμὴ
2627 2629 2720 2679 τον
2769 2627 2974 2696 ἀκριϐῆ
3023 2624 3181 2694 λόγον
3249 2627 3349 2679 ἐπὶ
3399 2624 3529 2678 πολὺ
3577 2623 3655 2676 ἀν·

2084 2720 2260 2791 αρτῶ,
2308 2721 2441 2796 φέρε
2495 2719 2940 2790 διαγραψάμενος
3001 2719 3242 2790 ἐμαυτὸν
3305 2718 3654 2788 σκιαγραφίας

2083 2814 2227 2884 λόγῳ
2257 2812 2538 2884 ἀμυδρῶς,
2605 2807 2731 2866 εἶτα
2791 2810 2885 2865 καὶ
2933 2811 3188 2884 ορίσομσι
3253 2812 3358 2882 τὴν
3411 2826 3657 2882 μνησικα·

2083 2908 2210 2960 κξαν
2268 2907 2421 2977 ὑμῖν,
2481 2904 2544 2959 ὲκ
2593 2905 2708 2983 τῶν
2775 2904 2976 2970 ἔξωθεν
3027 2906 3486 2975 ὑφελκυσάμενος
3533 2902 3657 2970 λόγῳ

2083 2996 2534 3070 παραποιήσεως.
2563 3001 2640 3070 Ζῇ
2671 2999 2781 3052 τῶν
2809 3015 2894 3064 τις
2925 3001 3178 3054 ὁπωσοῦν
3232 2996 3306 3072 ἧν
3358 3001 3450 3055 ὅτε
3503 2998 3661 3065 λυπηι

2086 3089 2299 3145 σάντων
2334 3094 2501 3162 ἡμᾶς’
2533 3093 2594 3144 ού
2643 3091 3038 3161 πικραίνομαι.
3088 3093 3549 3163 Προσεπικοσμεί
3577 3088 3659 3159 τὴν

2086 3185 2252 3239 αὑτοῦ
2285 3183 2430 3254 ζωὴν
2477 3187 2570 3238 καὶ
2598 3185 2660 3238 τὸ
2691 3180 2750 3238 εὗ
2781 3199 2796 3217 '
2830 3185 2892 3238 οὐ
2921 3185 3124 3254 φθονῶ,
3183 3187 3336 3240 ἀλλά
3393 3183 3662 3253 γλυκαίνοο

2087 3295 2207 3349 μαι,
2248 3278 2470 3351 6αρρὠ
2502 3278 2596 3332 καὶ
2615 3278 2778 3342 αὐτὸς
2807 3279 2868 3332 τὸ
2899 3277 3142 3333 τοιοῦτον
3196 3280 3396 3334 θεόθεν
3451 3277 3657 3348 ἀγαθόν.

2092 3369 2362 3439 ’Υγιαίνει
2387 3386 2403 3402 ο
2447 3369 2506 3422 οὐ
2542 3368 2826 3441 θλίϐομαι.
2884 3370 3143 3442 Στέρεται
3180 3389 3196 3403 ’
3251 3371 3582 3443 ἀναπληρῶ,
3621 3369 3663 3422 εἲ

2081 3463 2135 3517 τί
2169 3480 2280 3515 που
2307 3462 2438 3534 ἔχω.
2487 3462 2720 3516 Πένεται
2750 3479 2763 3492 ·
2829 3464 3118 3534 ἐπιδίδωμι
3153 3464 3222 3518 τὸ
3273 3466 3419 3536 πρὸς
3480 3462 3664 3534 ἰσχύος.

2082 3557 2246 3628 Ζητεῖ
2274 3556 2334 3610 τὸ
2365 3556 2594 3610 δυνατόν
2620 3572 2636 3588 ·
2671 3557 2771 3610 οὐκ
2804 3558 3072 3612 ἀνανεύω.
3131 3560 3486 3630 Προσλαλεί·
3517 3555 3658 3625 ἀμεί-

2081 3649 2638 3720 ϐομαιφιλοφρόνως.
2684 3649 2848 3702 Παίει
2878 3666 2892 3680 °
2943 3652 3260 3721 ἐπεύχομαι
3312 3650 3665 3723 βελτιοῦσθαι.

2091 3739 2375 3812 ’Υόρίζειο
2412 3744 2825 3811 προσποιοῦμαι
2891 3741 3186 3809 κωφεύειν.
3240 3744 3409 3814 Σιγᾷ·
3474 3737 3667 3794 σιωπῶ.

2080 3815 2574 3904 ⁹Αντιπαρέρχεται
2612 3833 2946 3905 παραόλὼψσ
3002 3835 3099 3888 καὶ
3155 3836 3289 3899 πῶς
3339 3837 3410 3889 ἂν
3462 3834 3570 3900 ἐγὼ
3617 3831 3671 3884 ού

2077 3921 2320 3985 τοιοῦτος
2389 3921 2638 3991 ἐσομαις
2698 3924 2944 3978 Αἰτεῑται
3020 3925 3438 3994 συμπάθειανο
3498 3924 3671 3993 δίδωμι

2082 4015 2223 4084 μετὰ
2254 4004 2352 4082 τῆς
2387 4013 2554 4084 εὐχῆς
2574 4012 2863 4085 ὀλοψύχου.
2927 4014 3120 4070 Κλίνει
3175 4020 3450 4088 κεφαλήν
3479 4034 3494 4048 ο
3535 4021 3674 4070 ἀντι-

2078 4104 2390 4175 προάκυνῶ.
2434 4107 2713 4176 Δεσπότης
2772 4106 2883 4174 ἐγὼ
2935 4107 3068 4179 παρ’
3111 4110 3324 4178 ἐκείνῳ
3356 4126 3370 4138 ·
3419 4110 3674 4177 αὐθέντης

2077 4199 2284 4260 ἐκεῖνος
2317 4196 2448 4268 παρ’
2473 4196 2619 4266 ἐμοί.
2666 4197 3096 4268 Εύπροσήγορος
3121 4200 3303 4264 αὐτὸς
3335 4203 3422 4264 εἰς
3451 4202 3570 4270 ἐμὲ
3594 4199 3675 4250 οὐ·

2075 4284 2364 4366 δὲνῠῆττον
2394 4290 2506 4358 ἐγὼ
2570 4283 2663 4342 ὲπ*
2689 4291 2860 4360 αὐτῷ.
2898 4291 3025 4345 Ἐπὶ
3078 4291 3133 4343 δὲ
3188 4294 3449 4360 τούτοις,
3485 4294 3535 4345 εἰ
3595 4291 3677 4342 καὶ

2077 4382 2261 4451 φιλίαν
2285 4381 2439 4461 ζητεῖ
2471 4380 2570 4454 τὴν
2599 4385 2654 4436 ἐν
2679 4382 2798 4454 χρῷ
2834 4383 2926 4436 καὶ
2953 4384 3011 4435 τὸ
3041 4384 3319 4439 σύσσιτον
3348 4393 3446 4440 καί
3480 4387 3681 4457 ὁμίυρό·

2077 4492 2219 4552 φιον,
2253 4476 2416 4529 ὀκνῶ.

2154 4566 2249 4622 οδ’.
2283 4567 2723 4638 ’Υποτιθεμένης
2753 4569 2884 4638 γοῦν
2917 4569 3178 4640 τοιαύτης
3219 4572 3577 4644 δἰαγραφῆη
3609 4572 3683 4640 ἐφ’

2077 4655 2158 4724 οἷς
2191 4658 2304 4729 ἐγὼ
2329 4655 2643 4730 διατίθεμαι
2677 4662 2812 4732 πρὸς
2836 4662 2964 4726 τοὺς
3020 4661 3422 4733 βλάπτοντας,
3472 4668 3681 4737 γίνομαι

2077 4753 2172 4807 τοῦ
2227 4748 2654 4824 προτεθειμένου
2716 4755 2866 4827 ὅρου,
2913 4758 3010 4810 καὶ
3072 4757 3258 4828 λέγω,
3317 4767 3686 4834 μνησικακίαν

2077 4841 2218 4901 εἶναι
2251 4849 2412 4901 κότου
2472 4847 2659 4918 πέψιν,
2720 4849 3131 4921 ὑποσμύχοντος
3187 4852 3427 4924 δεξιῶς,
3468 4856 3597 4908 πότε
3629 4853 3688 4909 ἂν

2080 4940 2282 5011 βλάψαι
2309 4941 2402 4995 τὸν
2436 4941 2852 5012 ὲγκοτούμενον.
2903 4942 3077 5007 Κότος
3139 4944 3270 5016 ἄρα
3340 4949 3570 5004 σύνεστι
3621 4947 3688 5017 τῷ

2083 5035 2431 5105 μνησικάκῳ,
2485 5035 2663 5105 ζητῶν
2718 5036 3018 5104 βλαπτικον
3081 5042 3497 5114 ἀποτέλεσμα.
3536 5042 3691 5096 Ἔνθα

2073 5128 2130 5182 δὲ
2153 5130 2253 5182 οὑκ
2286 5129 2433 5183 ἔστιν
2464 5130 2600 5192 ὅλως
2636 5131 2827 5200 μνήμη
2856 5132 3154 5202 κοτήεσσα,
3230 5139 3583 5207 μνημοσύνη
3643 5137 3692 5188 δὲ

2073 5220 2252 5284 ἄλλως
2278 5223 2612 5276 ἀνακινοῦσα
2655 5223 2862 5290 φαύλου
2893 5225 3038 5288 τινὸς
3093 5229 3436 5292 φαντασίαν
3501 5229 3690 5298 ἁπλῆν,

2072 5313 2131 5363 οὐ
2163 5311 2240 5381 μὴ
2270 5311 2361 5365 ἐπὶ
2388 5314 2628 5366 κακώσει
2649 5313 2819 5380 τινὸς,
2856 5315 3156 5378 αἰδέσεται,
3223 5313 3426 5389 οἶμαι,
3495 5324 3524 5376 ὁ
3575 5336 3694 5391 φρο.

2074 5405 2180 5455 νῶν
2216 5405 2309 5456 καὶ
2344 5405 2634 5476 ἐγγράψαι
2655 5407 2810 5460 τοῦτο
2845 5409 2926 5470 είς
2973 5410 3326 5478 συστοιχίαν
3359 5399 3592 5478 κακίαςσ
3649 5412 3691 5463 εἰ

2071 5497 2126 5549 δὲ
2179 5498 2256 5567 μὴ
2333 5499 2541 5566 τοῦτο,
2591 5500 2712 5554 οὐδὲ
2763 5503 2843 5564 είς
2898 5503 3302 5570 μνησικακίας
3363 5507 3506 5561 αὐτὸ
3556 5508 3697 5577 θήσει

2073 5592 2445 5659 παράπηγμα.

2139 5680 2230 5735 οῖ’.
2271 5668 2378 5736 Καὶ
2403 5683 2581 5747 ἄλλως
2605 5686 2659 5737 δὲ
2695 5685 2946 5754 κάλλιον,
2973 5687 3285 5764 ἀλλοφύλῳ
3346 5696 3546 5768 σφύρῃ
3603 5710 3696 5749 κα·
