3968 6244
380 368 489 444 ζῖὸ

1088 369 1512 434 EUSTATHII
1554 347 2312 430 THESSALONICENSIS
2349 351 2917 419 MEI‘ROPOLITA!

3517 344 3624 408 473

378 493 557 557 multi,
579 489 666 562 qui
686 487 970 544 sensibiles
990 485 1342 540 obtinuerant
1368 482 1602 546 animas,
1628 496 1725 536 nec
1751 481 1955 536 ossium

2077 476 2379 548 τυχηκῦτες,
2412 472 2615 527 ὀστέων
2645 470 2832 538 σῆτας,
2896 467 2985 521 διὰ
3011 466 3069 519 τὸ
3120 463 3482 535 ἐμμεριμνον,
3539 463 3631 517 καὶ

381 585 578 645 tineas,
633 579 703 633 ob
738 574 1164 645 inquietudinem
1196 580 1249 625 et
1286 570 1665 626 difﬁcultatem
1725 572 1953 641 injurias

380 666 757 733 oblitiscendi,
794 666 1012 719 sentiat.
1188 662 1193 667 ’

456 766 543 818 78.
578 762 633 816 Si
666 774 794 815 vero
819 757 985 827 (quod
1015 756 1191 826 majus
1214 755 1316 827 est)
1348 756 1501 812 nobis
1520 771 1844 812 concessum
1869 764 1956 810 est

379 853 659 926 deprecari
687 862 745 906 ut
781 849 1164 905 conculcemus
1189 848 1470 915 inimicos,
1511 864 1616 903 non
1646 849 1820 905 solum
1851 849 1963 916 spi-

383 946 587 1003 ritales.
644 942 738 996 scd
795 940 959 994 etiam
1002 939 1276 1004 carnales,
1326 937 1411 994 vel
1474 948 1534 993 ut
1598 938 1740 993 idem
1804 938 1958 993 dica-

383 1055 522 1103 mus,
557 1036 857 1092 invisibiles
894 1049 957 1088 ac
986 1032 1260 1100 visibiles;
1309 1046 1555 1104 quaenam
1581 1045 1664 1089 est
1686 1035 1962 1089 indelinita

381 1143 437 1185 et
483 1145 594 1183 non
647 1128 785 1181 bene
838 1124 1251 1194 circumscripta
1297 1124 1607 1194 praeceptio,
1667 1124 1812 1195 quod
1852 1139 1959 1179 non

382 1227 599 1290 Oportet
624 1216 846 1270 omnino
879 1213 1002 1267 mali
1037 1213 1356 1269 recordari?
1410 1214 1559 1270 Satis
1588 1215 1732 1270 enim
1784 1213 1958 1268 mani-

385 1310 581 1363 festum
614 1316 717 1370 est,
742 1306 887 1374 quod
923 1304 1010 1359 ille
1051 1306 1140 1375 qui
1199 1312 1457 1372 precatur
1489 1316 1550 1358 ut
1584 1320 1613 1358 a
1657 1302 1964 1359 visibilibns

385 1400 651 1454 liberetur
679 1397 936 1463 inimicis,
988 1396 1039 1449 in
1073 1396 1270 1464 quibus
1307 1403 1431 1449 sunt
1455 1395 1551 1465 qui
1589 1393 1968 1450 irrcmcdiabi-

384 1492 456 1543 lia
489 1488 627 1543 mala
666 1488 929 1552 fecerunt,
958 1500 1178 1554 prorsus
1204 1485 1453 1540 maleﬁcii
1485 1484 1757 1559 meminit.
1788 1483 1966 1539 Simul

2061 570 2137 637 μή
2168 566 2367 639 ῥαδίως
2398 563 2750 618 ἐπιλτστικοῦν
2780 560 2886 612 τῶν
2918 557 3238 613 κακώσεων.

2131 745 2235 815 οη’.
2274 746 2338 799 Εἰ
2366 744 2422 800 δὲ
2445 744 2525 815 (τὸ
2542 743 2701 796 πλέον
2728 739 2921 811 εἰπεῖν)
2950 739 3047 793 καὶ
3077 735 3446 806 παραδέδοται
3495 734 3627 805 ἡμῖν

2060 837 2334 909 εὔχεσθαι,
2360 836 2699 890 καταπατεῖν
2738 832 2988 904 ἐχθροὺς,
3023 830 3085 882 οὐ
3120 828 3279 898 μόνον
3336 825 3631 896 ἀσάρκους,

2061 928 2197 983 ἀλλὰ
2227 928 2293 998 δὴ
2324 929 2418 980 καὶ
2438 926 2760 995 ὲνσάρκους,
2790 921 2988 977 ταύτὸν
3020 919 3076 973 δὲ
3121 919 3312 987 φάναι,
3363 916 3633 998 ἀοράτους

2063 1023 2154 1075 καὶ⁸
2180 995 2430 1092 ὁρατούςο
2461 1018 2545 1081 τίς
2578 1019 2612 1088 ή
2641 1015 2947 1086 ἀδιόριστος
2994 1012 3091 1066 καὶ
3113 1011 3213 1064 οὐκ
3239 995 3635 1076 εὐδιάρθρωτος

2062 1111 2410 1186 παραγγελία
2438 1110 2532 1164 τοῦ
2566 1111 2642 1180 μὴ
2671 1109 2867 1179 χρῆναι
2919 1102 3233 1176 μεμνῆσθαί
3267 1117 3344 1171 πη
3373 1096 3546 1152 κακοῦ
3573 1096 3634 1150 τὸ

2064 1206 2290 1259 σύνολον
2315 1203 2467 1270 ;ούκ
2488 1202 2684 1273 ἄδηλον
2700 1200 2834 1272 γὰρ,
2856 1198 2932 1259 ὡς
2958 1201 2985 1251 ὁ
3020 1197 3386 1269 ποτνιώμενος
3406 1187 3637 1259 λυτροῦ-

2067 1297 2195 1351 σθαι
2234 1295 2452 1367 ὁρατῶν
2514 1292 2748 1363 ἐχθρῶν,
2810 1292 2868 1343 ὲν
2918 1284 3001 1352 οἷς
3065 1287 3158 1340 καὶ
3209 1286 3260 1337 ol
3289 1280 3640 1342 κακώσαντες

2065 1386 2473 1448 ἀκατάλλακτα,
2505 1386 2779 1456 μέμνηται
2807 1380 3028 1444 πάντως
3079 1376 3425 1436 κακοποιτας.
3485 1373 3636 1441 ’Δμα

2072 1481 2184 1553 γὰρ
2208 1480 2377 1550 εὐχὴν
2400 1480 2432 1549 ή
2469 1476 2663 1548 καρδία
2687 1474 3019 1545 ὲξηρεύξατο
3034 1469 3362 1541 λυτρώσεως
3385 1466 3639 1521 τοιούτων

385 1583 530 1638 enim
566 1596 629 1635 ac
669 1595 883 1650 precem
910 1578 1185 1633 eructavit
1217 1593 1313 1633 cor
1340 1586 1394 1633 ut
1438 1593 1467 1632 a
1509 1578 1710 1635 talibus
1736 1579 1965 1634 inimicis

2077 1573 2304 1642 ἐχθρῶν,
2341 1572 2437 1624 καὶ
2467 1569 2666 1623 αὐτίκα
2698 1569 2778 1631 είς
2804 1567 2930 1621 νοῦν
2958 1566 3158 1618 ἐκεῖνοι
3192 1561 3494 1632 ἀνέϐησαν.
3530 1559 3639 1612 Καὶ

389 1674 638 1726 liberatio
662 1672 773 1733 tiat,
801 1670 983 1725 statim
1016 1669 1070 1724 in
1094 1678 1327 1724 mentem
1356 1671 1725 1726 ascenderunt
1753 1670 1868 1725 isti.
1904 1669 1965 1726 Et

2077 1663 2190 1717 ίδοί)
2224 1662 2320 1718 καὶ
2348 1663 2508 1716 τοῦτο
2535 1663 2722 1731 μνήμη
2758 1675 2933 1713 κακου
2961 1655 3355 1725 ἀνεπιτίμητος
3376 1695 3391 1719 ,
3416 1652 3478 1705 οὐ
3508 1668 3636 1703 σιω-

387 1779 515 1818 eccc
538 1777 754 1833 quoque
784 1760 897 1814 haec
925 1769 1011 1816 est
1039 1749 1299 1815 memoria
1319 1760 1438 1814 mali
1462 1762 1971 1832 irreprcbensibilis,

2073 1756 2325 1825 πωμένη,
2344 1754 2457 1807 οὐδ’
2487 1754 2580 1806 ὑπ’
2596 1752 2787 1806 ὀδόντα
2813 1749 3156 1823 στρεφομένη
3185 1747 3327 1800 κατὰ
3373 1742 3501 1805 τοὺς
3526 1758 3639 1795 τον-

388 1872 495 1909 non
521 1857 702 1919 tacita,
730 1869 833 1908 nec
867 1854 966 1908 sub
996 1853 1275 1919 dentibus,
1304 1854 1371 1908 ad
1405 1853 1578 1910 iuslar
1615 1871 1958 1911 murmuran-

2077 1844 2410 1916 ιορύςοντας,
2426 1841 2541 1897 ἀλλ’
2557 1841 2931 1912 ὲκλαλουμὲνη
2944 1838 3249 1909 τορὼτερον
3258 1835 3339 1897 είς
3354 1831 3640 1903 ἀκρόασιν.

390 1950 545 2006 tium,
583 1954 818 2007 versata,
844 1945 939 1998 sed
970 1946 1037 1997 ad
1069 1944 1399 1999 auditionem
1433 1946 1642 2002 acutius
1673 1961 1952 2019 expressa.

466 2034 551 2092 τι).
597 2039 749 2105 Quod
786 2047 965 2090 autem
1020 2036 1139 2091 istis
1170 2035 1365 2091 fortius
1387 2047 1491 2102 est,
1526 2038 1638 2091 fieri
1672 2048 1848 2107 potest
1900 2048 1958 2096 ut

387 2143 631 2187 servetur
666 2131 923 2183 memoria
980 2127 1103 2181 mali
1135 2127 1416 2196 cujusdam
1448 2128 1513 2182 ad
1541 2129 1858 2197 vindictam,
1883 2144 1957 2199 et,

389 2238 448 2281 ut
478 2224 780 2280 evidentius
810 2222 1020 2286 loquar,
1057 2221 1122 2273 ad
1156 2219 1280 2275 mali
1316 2220 1671 2277 redditionem
1699 2240 1714 2287 ;
1747 2234 1801 2277 et
1823 2240 1953 2276 nou—

389 2320 519 2373 dum
561 2315 663 2368 hoc
688 2314 911 2367 omnino
945 2309 1074 2365 mali
1100 2300 1377 2366 memoriae
1407 2313 1640 2368 termino
1659 2315 1960 2382 subjaccat.

392 2409 553 2463 Tales
595 2414 773 2459 autem
811 2403 971 2472 plane
1023 2411 1153 2458 sunt
1182 2404 1273 2472 qui
1307 2401 1426 2473 lege
1457 2403 1606 2468 belli,
1650 2405 1963 2463 necessario

391 2519 456 2557 ac
493 2498 905 2564 inevitabiliter,
949 2497 1006 2551 in
1050 2496 1307 2561 invicem,
1367 2513 1434 2552 ex
1459 2498 1683 2552 urbibus
1710 2510 1768 2554 et
1793 2502 1966 2569 genti~

393 2599 515 2660 bus,
570 2592 873 2663 provocati,
906 2596 1195 2660 postquam
1251 2589 1415 2659 aliqui
1457 2605 1559 2645 non
1597 2590 1745 2660 juste
1776 2594 1968 2649 turbas

388 2688 795 2754 seditionesquc
813 2696 877 2737 ac
894 2680 1157 2747 Jaesiones
1184 2680 1391 2750 agitare
1417 2690 1721 2750 coeperunt,
1752 2681 1968 2739 fortiter

395 2779 753 2836 meminerunt
806 2774 954 2841 mali,
994 2788 1092 2829 nec
1133 2773 1284 2843 prius
1330 2772 1489 2827 talem
1536 2774 1851 2831 memoriam
1884 2775 1969 2832 di-

395 2872 634 2932 mittunt,
665 2881 827 2935 quam
862 2864 1120 2918 ultionem
1150 2862 1518 2918 exercuerim.
1540 2861 1607 2917 Et
1626 2865 1726 2919 hoc
1753 2879 1966 2920 rursum

395 2976 459 3016 ac
511 2972 729 3014 rursum
783 2954 1097 3022 frequenter
1122 2952 1442 3016 excitatum,
1500 2952 1808 3006 incendium
1845 2953 1970 3013 belli

389 3048 697 3110 succendit,
756 3059 863 3101 non
896 3042 1374 3113 exstinguendum,
1418 3043 1718 3112 usquedum
1772 3044 1973 3100 beneﬁ—

386 3146 540 3199 cium
569 3141 744 3212 pacis,
775 3151 938 3192 curas
968 3134 1240 3190 oblivione
1272 3143 1480 3204 tegens,
1513 3135 1732 3192 coalitus
1760 3137 1970 3195 demis-

2126 2042 2229 2097 σθ’.
2253 2040 2329 2094 Τὸ
2357 2039 2415 2096 δὲ
2438 2039 2504 2112 δὴ
2539 2040 2633 2094 καὶ
2671 2038 2783 2093 τῶν
2836 2036 3098 2094 τοιούτων
3129 2033 3481 2106 δριμύτερονο
3519 2033 3635 2086 ἔστι

2062 2132 2193 2185 ποτὲ
2227 2130 2543 2201 μεμνῆσθαι
2570 2127 2741 2187 κακοῦ
2773 2145 2918 2191 τινος
2938 2127 3077 2198 πρὸς
3102 2126 3338 2197 ἄμυναν,
3368 2125 3486 2188 καὶ,
3512 2125 3640 2179 ἀνα.

2062 2222 2499 2292 κεκαλυμμένως
2531 2221 2729 2284 εἰπεῖν,
2757 2219 2893 2292 πρὸς
2931 2217 3318 2273 ἀντικάκωσινο
3361 2216 3455 2270 καὶ
3487 2215 3637 2268 οὔπω

2061 2313 2179 2368 οὐδὲ
2206 2311 2364 2367 τοῦτο
2399 2311 2477 2375 είς
2508 2309 2570 2365 τὸ
2586 2308 3145 2380 πὰνιμνησικακίας»
3182 2307 3294 2378 ὅρῳ
3342 2305 3634 2373 ὑπάγεται.

2064 2406 2310 2460 Τοιοῦτοι
2344 2404 2400 2458 δὲ
2460 2404 2681 2466 πάντως
2705 2403 2756 2457 oi
2817 2401 3061 2472 πολέμου
3110 2402 3260 2471 νόμῳ
3301 2398 3641 2466 ἀναγκαίως,

2066 2502 2163 2554 καὶ
2193 2498 2269 2559 ὡς
2298 2498 2398 2550 οὐκ
2434 2496 2501 2550 ἂν
2524 2496 2610 2567 εἴη
2634 2495 2834 2560 ἄλλως,
2867 2493 3222 2564 ἡρεθισμένοι
3255 2490 3341 2545 ἐπ’
3391 2488 3642 2558 ἀλλήλοις

2067 2590 2211 2646 κατά
2230 2606 2290 2642 τε
2330 2587 2536 2655 πόλεις,
2566 2587 2712 2641 κατά
2741 2603 2802 2640 τε
2836 2585 2989 2657 ἔθνη,
3015 2587 3150 2653 ὅσοι,
3173 2583 3642 2656 προϋπαρξάντων

2066 2682 2229 2737 τινῶν
2253 2682 2354 2736 οὐκ
2406 2681 2628 2744 ἐνδίκως
2652 2680 2747 2734 τοῦ
2811 2679 3132 2750 νεωτερίσαι
3185 2678 3283 2733 καὶ
3346 2677 3642 2732 στασιάσαι

2071 2774 2168 2828 καὶ⁵
2205 2772 2431 2844 βλάψαι,
2477 2772 2786 2844 μέμνηνται
2827 2771 3065 2843 στερεῶς
3090 2770 3185 2825 τοῦ
3211 2770 3410 2834 κακοῦ,
3437 2771 3533 2823 καὶ
3583 2769 3642 2822 οὐ

2073 2867 2336 2938 πρότερον
2374 2867 2557 2920 ἀνιᾶσι
2587 2866 2687 2938 τῆς
2729 2866 2989 2938 τοιαύτης
3012 2867 3256 2939 μνήμης,
3293 2865 3491 2938 ’πρινή
3545 2880 3644 2934 με·

2073 2956 2296 3028 λετῆσαι
2325 2956 2394 3011 τὰ
2420 2957 2500 3020 είς
2533 2958 2768 3027 ἄμυναν.
2800 2956 2909 3010 Καὶ
2968 2956 3128 3010 τοῦτο
3181 2954 3324 3010 κατὰ
3363 2954 3427 3007 τὸ
3482 2952 3643 3006 πάλιν

2073 3049 2170 3104 καὶ
2199 3049 2362 3103 πάλιν
2389 3048 2556 3122 συχνά
2589 3049 3035 3125 ζωπυρούμινον,
3082 3050 3261 3119 πυρὰν
3296 3045 3472 3118 ἀνῆψε
3496 3043 3649 3099 πολέα»

2077 3158 2205 3213 μου,
2244 3142 2344 3195 οὐκ
2369 3120 2876 3213 ἀνι-σϐεννυμένην,
2936 3143 3041 3208 ἕως
3069 3141 3136 3197 ἂν
3168 3142 3229 3196 τὸ
3284 3142 3382 3213 τῆς
3426 3140 3647 3226 εἰρήνης

389 3249 540 3297 sum,
572 3229 880 3299 huiusmodi
922 3235 1112 3282 cuncta
1140 3240 1337 3281 vorans
1362 3227 1672 3281 incendium
1700 3238 1965 3301 tempera--

2077 3232 2363 3303 λαθικηδὲς
2386 3232 2590 3288 ἄνωθεν
2614 3233 2966 3306 ὲπομδρηθὲν
2995 3234 3214 3306 μαράνῃ
3241 3234 3344 3306 τὴν
3385 3217 3644 3303 τοιαύτην

394 3327 556 3380 verit.

470 3412 563 3470 80.
592 3412 762 3468 Porro
797 3412 843 3467 si
874 3410 997 3467 talis
1021 3406 1281 3465 memoria
1310 3422 1756 3480 consequensque
1780 3413 1969 3468 deleuo

394 3510 482 3564 sio
546 3522 652 3561 non
685 3514 792 3571 est,
849 3504 1054 3572 absque
1104 3501 1555 3568 contradictione,
1600 3505 1726 3559 mali
1776 3507 1967 3560 utenti-

402 3598 569 3661 nisse,
609 3596 701 3650 sed
731 3593 927 3649 similis
970 3594 1183 3647 videtur
1213 3608 1276 3647 ac
1306 3593 1351 3647 si
1376 3590 1546 3648 feram
1588 3609 1733 3664 saepe
1776 3595 1967 3650 furen-

401 3696 508 3740 tem
544 3699 608 3739 ac
638 3685 692 3738 in
716 3683 991 3737 interitum
1028 3689 1276 3735 ruentem
1307 3681 1502 3750 aliquis
1528 3683 1891 3751 propulsaret,
1915 3694 1970 3739 et

399 3781 521 3834 hoc-
565 3777 730 3832 toties
780 3776 997 3845 quoties
1032 3773 1151 3829 fera
1198 3772 1507 3844 perniciose
1551 3773 1791 3842 fureret;
1842 3776 1970 3846 quid

398 3870 657 3924 miserum
686 3867 956 3922 hominem
1005 3862 1358 3921 dissimulatis
1396 3862 1525 3919 feris
1575 3867 1811 3936 undique
1868 3869 1976 3922 cir—

393 3961 734 4024 ctundatum,
767 3958 1020 4012 volumus
1049 3956 1295 4011 hebetem
1328 3969 1448 4010 sese
1477 3955 1770 4027 negligere,
1801 3958 1974 4014 donec

395 4050 765 4106 incustoditus
793 4050 910 4105 suis
940 4050 1198 4106 carnibus
1229 4048 1453 4117 impleat
1483 4064 1577 4104 ora
1606 4064 1800 4105 vorare
1823 4063 1974 4106 satu-

397 4142 620 4208 rariqne
652 4142 967 4207 volentium,
1009 4155 1126 4193 cum
1159 4149 1405 4209 Oporteat
1434 4140 1572 4194 adeo
1605 4144 1971 4197 miserandum

398 4233 716 4303 permittere
761 4230 1038 4286 recordari
1082 4243 1248 4300 seque
1281 4228 1578 4295 custodire,
1623 4237 1678 4285 et
1714 4230 1766 4284 id
1794 4233 1968 4288 solum

396 4322 639 4392 operari,
668 4318 911 4373 devitarc
936 4317 1179 4384 laqueos,
1215 4317 1410 4384 quibus
1437 4315 1643 4373 centies
1682 4319 1929 4376 irretitus
1950 4364 1964 4390 ,

396 4427 617 4484 semper
641 4410 903 4466 malitiam
929 4407 1246 4464 horrescit?
1294 4432 1310 4444 ε

2076 3324 2374 3396 παμφάγον
2405 3325 2704 3395 πυρκαϊάν.

2149 3417 2225 3471 π’.
2261 3414 2325 3470 Εἰ
2357 3416 2420 3483 δὴ
2451 3416 2513 3469 τὸ
2546 3414 2790 3470 τοιοῦτον
2824 3417 3189 3489 μνημόνευμα
3219 3418 3314 3472 καὶ
3345 3418 3378 3489 ή
3413 3417 3536 3473 κατ’
3560 3414 3652 3470 αὖ·

2074 3507 2136 3562 τὸ
2162 3510 2348 3576 ἄμυνα
2373 3508 2475 3561 οὐκ
2503 3506 2654 3562 ἐστιν
2714 3510 3129 3581 ἀναντιρῤήτως
3195 3510 3644 3581 ιμνησικακεῖν,ι

2075 3596 2191 3650 ἀλλ’
2218 3599 2402 3665 ὅμοιον
2430 3597 2704 3668 φαίνεται,
2723 3598 2798 3664 ὡς
2825 3600 2875 3653 εί
2900 3600 2995 3654 καὶ
3009 3601 3151 3673 θῆρα
3171 3601 3413 3672 συνεχῶς
3436 3603 3653 3675 ἀγριού·

2078 3705 2238 3759 μενον
2263 3690 2357 3743 καὶ
2394 3689 2726 3762 ὲμπηδῶντα
2752 3692 2832 3756 είς
2883 3690 3107 3762 ὄλεθρον
3137 3692 3494 3762 ἀπαμύναιτό
3549 3712 3651 3757 τις,

2076 3780 2171 3835 καὶ
2200 3781 2548 3848 τοσαυτάκις,
2567 3780 2757 3845 ὁσάκις
2787 3782 2815 3835 ὁ
2845 3781 2948 3853 θὴρ
2979 3783 3280 3856 ἀγριωθείη
3307 3785 3443 3856 πρὸς
3476 3787 3654 3841 κάκω-

2079 3889 2187 3926 σινο
2212 3873 2266 3927 τί
2293 3874 2357 3945 δὴ
2387 3875 2477 3929 τὸν
2512 3874 2780 3928 πολύτλαν
2817 3874 3105 3945 ἄνθρωπον
3133 3880 3224 3933 καὶ
3249 3878 3459 3949 θηρίοις
3492 3880 3655 3935 ὑπού-

2077 3964 2191 4027 λοις
2215 3963 2400 4037 κύκλῳ
2423 3965 2837 4037 στοιχιζὸμενον
2871 3967 3133 4038 ἐθέλομεν
3168 3969 3532 4039 ήλιθιοῦσθαι,
3566 3974 3655 4027 καί

2081 4071 2181 4108 που
2208 4057 2300 4109 καὶ
2330 4053 2725 4128 παραϐλέπειν,
2765 4057 2871 4120 ἓως
2897 4058 2964 4113 ἂν
2996 4057 3056 4111 τὸ
3100 4059 3416 4127 ἀφύλακτον
3473 4063 3655 4134 πλήσῃ

2080 4144 2190 4201 τῶν
2219 4146 2409 4201 τούτου
2444 4149 2666 4225 σαρκῶν
2695 4151 2763 4202 τὰ
2793 4154 3037 4221 στόματα
3091 4153 3201 4206 τῶν
3232 4153 3531 4208 ἐθελόντων
3565 4156 3655 4208 λιιι⁶

2077 4238 2305 4309 φύσσειν
2324 4244 2417 4297 καὶ
2441 4241 2947 4312 κατεμπίπ).ασθαι,
2971 4243 3089 4296 δέον
3111 4243 3331 4311 ἀφιέναι
3359 4246 3451 4296 τὸν
3479 4244 3655 4309 οὕτως

2082 4331 2318 4387 ἐλεεινὸν
2348 4333 2774 4405 μιμνήσκεσθαι,
2801 4336 2896 4389 καὶ
2932 4334 3315 4405 φυλάττεσθαι,
3351 4338 3447 4391 καὶ
3472 4338 3656 4393 ἀνύειν

2073 4423 2208 4478 αὐτὸ
2231 4423 2294 4495 δή
2323 4424 2482 4478 τοῦτο
2513 4426 2609 4480 καὶ
2644 4426 2824 4497 μόνον,
2840 4427 2901 4480 τὸ
2920 4425 3318 4498 διαδιδράσκειν
3346 4430 3446 4490 τὰς
3490 4435 3654 4498 παγί-

2074 4516 2194 4589 δας,
2223 4515 2313 4584 αἷς
2360 4521 2623 4590 μυριάκις
2659 4520 2936 4591 ἐνσχεθεὶς
2968 4521 3058 4575 ἀεὶ
3096 4526 3337 4575 πτοείται
3371 4525 3653 4589 κὰκωσιν;

469 4600 563 4657 Si.
616 4600 674 4655 In
707 4607 1083 4668 argumentum
1116 4596 1277 4665 hujus
1306 4596 1410 4652 loci
1441 4612 1653 4653 rursum
1677 4609 1733 4657 et
1768 4592 1857 4658 hic
1884 4622 1965 4662 ne

2155 4620 2249 4666 πα¹
2277 4650 2292 4668 .
2320 4614 2542 4668 Τοιοῧδε
2586 4615 2752 4669 τόπου
2812 4615 3126 4685 ἐγχείρημα
3164 4613 3447 4669 κάνταῦθα
3491 4615 3651 4670 πάλιν

398 4696 657 4762 cessario,
701 4705 893 4762 praater
920 4692 1058 4746 alios
1089 4692 1295 4760 plures,
1338 4701 1445 4747 stet
1484 4691 1575 4762 qui
1611 4694 1857 4765 legitimo
1917 4699 1973 4755 in

401 4786 710 4856 nuptiarum
762 4782 967 4837 laedere
997 4799 1025 4835 a
1063 4768 1230 4852 pravo
1281 4781 1431 4836 socio
1464 4782 1666 4851 patitur
1697 4785 1973 4856 iujuriam.

400 4878 519 4931 Non
572 4885 652 4931 est
705 4874 851 4930 enim
905 4873 1051 4943 quod
1106 4888 1211 4928 non
1268 4874 1587 4928 recordetur
1617 4885 1669 4929 et
1702 4870 1973 4947 ipsemali

401 4966 506 5021 sibi
538 4964 876 5020 adversantis
903 4980 919 5031 ;
951 4963 1046 5019 sed
1099 4978 1287 5018 curam
1321 4964 1602 5021 adhibebit
1620 4968 1970 5040 ,insidiasque

400 5065 585 5125 ponet,
641 5057 948 5127 usquedum
995 5055 1142 5112 hunc
1182 5056 1382 5112 malum
1434 5060 1799 5132 corripuerit,
1862 5066 1968 5130 vel,

399 5156 690 5218 antequam
736 5149 1006 5217 capiatur,
1068 5146 1202 5203 alias
1234 5163 1265 5204 e
1319 5150 1427 5207 vita
1497 5154 1784 5209 sustulerit
1847 5175 1861 5212 :
1914 5167 1971 5214 et

332 5243 340 5250 '
396 5254 505 5294 non
536 5254 669 5295 sane
719 5239 1057 5310 reputabitur
1097 5240 1212 5311 ipse
1255 5242 1380 5298 mali
1413 5259 1619 5300 memor
1646 5249 1971 5318 ,(quomodo

391 5330 536 5387 enim
559 5332 604 5400 ί)
636 5331 749 5401 qui,
779 5332 858 5388 sic
886 5341 1164 5401 operatus,
1201 5344 1381 5390 tamen
1407 5336 1733 5395 absolvitur.

461 5424 554 5480 82.
597 5423 885 5481 Evidenter
917 5426 1080 5497 igitur
1108 5442 1177 5484 ex
1220 5428 1303 5484 bis
1336 5437 1562 5499 apparet
1594 5448 1700 5487 non
1740 5434 1808 5489 ad
1835 5449 1965 5506 pro-

390 5517 749 5587 pulsationem
796 5520 1116 5590 simpliciter
1152 5536 1217 5575 ac
1269 5520 1546 5580 indefinite
1592 5526 1779 5584 reduci
1836 5529 1965 5584 mali

394 5611 736 5681 memoriam,
795 5612 892 5669 sed
942 5614 1014 5669 ad
1044 5614 1341 5684 quamdam
1378 5614 1616 5672 ferocem
1649 5634 1713 5672 ac
1747 5623 1967 5677 morda-

386 5715 505 5760 cem
539 5703 591 5755 in
617 5701 1002 5773 aquilibrium,
1035 5719 1157 5771 qua:
1189 5705 1349 5774 plane
1381 5721 1487 5761 non
1524 5711 1835 5767 necessaria
1865 5728 1965 5771 nec

383 5790 527 5858 justa
579 5794 883 5854 viventibus
934 5795 991 5853 in
1045 5793 1262 5851 Christo
1294 5806 1399 5866 est,
1434 5798 1526 5855 sed
1558 5815 1679 5869 quae
1712 5801 1960 5860 laudatur

2081 4708 2420 4776 ἀναγκαίως,
2449 4708 2575 4780 δίχα
2595 4725 2658 4778 γε
2690 4707 2869 4764 ἄλλων
2904 4708 3190 4771 πλειόνων,
3251 4708 3457 4764 κείσθω
3507 4709 3599 4764 καὶ
3627 4711 3653 4763 ὁ

2079 4800 2137 4862 ἐς
2160 4800 2384 4869 ἔννομον
2432 4800 2676 4873 γαμικὴν
2731 4799 3052 4867 συνάλλαξιν
3086 4799 3223 4871 πρὸς
3246 4801 3449 4869 φαύλου
3470 4819 3656 4855 κοινωο

2074 4892 2166 4945 νοῦ
2192 4893 2648 4963 παροινούμενος.
2681 4893 2799 4948 Οὐκ
2821 4893 2937 4949 ἐστι
2965 4893 3074 4964 γάρ
3105 4895 3194 4948 ὅτε
3218 4894 3276 4947 οὖ
3313 4897 3653 4965 μεμνήσεται

2076 4983 2172 5037 τοῦ
2200 4985 2621 5055 ἀντιζυγσῦντος
2652 4984 2829 5040 κακοῦ
2868 4987 2963 5041 καὶ
3001 4986 3185 5051 αὐτὸς,
3222 4987 3320 5041 καὶ
3369 4987 3655 5056 μελετήσει

2084 5073 2179 5126 καὶ
2202 5073 2539 5146 ὲνεδρεύσει,
2578 5076 2687 5140 ἓως
2712 5076 2810 5130 τὸν
2843 5075 3068 5146 κακδνῆ
3099 5075 3451 5147 συλλήψεται,
3479 5077 3512 5146 ἢ
3542 5077 3652 5138 καὶ,

2078 5164 2245 5237 πρινή
2273 5165 2558 5231 λαϐέσθαι,
2588 5168 2767 5232 ἄλλως
2786 5169 3051 5242 ἀπαγάγῃ
3079 5168 3173 5223 τοῦ
3208 5169 3327 5239 ζῇν.
3361 5169 3473 5224 Καὶ
3495 5169 3557 5222 οὐ
3570 5168 3658 5239 δή-

2080 5272 2182 5308 που
2203 5258 2622 5327 ἀναμφιλέκτως
2652 5260 2732 5324 είς
2754 5259 3094 5332 μνησίκακον
3129 5259 3238 5313 οὐδ’
3270 5259 3433 5323 αὐτὸς
3459 5260 3659 5331 ἐγγρα-

2076 5351 2335 5421 φήσεται,
2362 5349 2499 5423 (πῶς
2526 5353 2636 5423 γάρ
2654 5355 2695 5423 ;)
2721 5352 2778 5416 ὃς
2803 5352 2898 5408 καὶ
2916 5352 3241 5413 δικαιοῦται,
3260 5350 3466 5421 δράσας
3493 5350 3661 5406 οὕτω.

2148 5442 2258 5512 πβ’.
2288 5440 2504 5497 Οὐκοῦν
2534 5444 2882 5514 ἀναπέφηνεν
2934 5444 2999 5496 ἐκ
3026 5440 3232 5496 τούτων
3255 5441 3532 5511 φανερῶς,
3556 5458 3661 5512 μη-

2074 5533 2131 5586 δὲ
2163 5536 2239 5596 εἰς
2273 5533 2489 5605 ἄμυναν
2519 5535 2707 5599 ἁπλῶς
2745 5535 2892 5590 οὕτω
2932 5535 3305 5607 ἀδιάρθρωτον
3352 5535 3655 5603 ἀνάγεσθαι

2073 5624 2139 5676 τὸ
2194 5628 2575 5695 μνησικακεῖν,
2611 5626 2727 5680 ἀλλ’
2765 5626 2847 5691 εῐς
2894 5645 3017 5681 τινα
3042 5625 3319 5698 θηριωδῶς
3378 5625 3658 5697 δακνηρᾰν

2075 5716 2217 5785 πρὸς
2264 5718 2653 5787 ἀντισήκωσιν,
2695 5719 2756 5772 οὐ
2787 5721 2928 5773 πάνυ
2967 5718 3091 5774 οὔτε
3149 5718 3483 5788 ἀναγκαίαν,
3535 5719 3657 5773 οὔτε

2068 5806 2282 5863 δικαίαν
2320 5811 2433 5872 τοῖς
2461 5825 2523 5877 γε
2558 5808 2724 5875 ζῶσιν
2757 5813 2815 5867 ἐν
2868 5811 3248 5881 Χριστῷ,ἁλὶ.’
3280 5810 3349 5880 ἥν
3397 5811 3649 5880 ἐπαινοίη
