3968 6244
410 339 517 413 479

1122 340 1221 411 EU
1234 349 1546 409 STATHll
1590 340 2354 425 THESSALONICENSIS
2395 349 2963 412 METROPOLITE

3575 349 3678 419 48ft

416 465 625 516 haerere
656 471 909 534 tanquam
935 467 1204 520 veraciter
1249 448 1538 528 hilaribns,
1565 465 1882 529 timeScens,
1917 481 1981 518 ne

2091 466 2132 516 εί
2161 465 2216 518 δέ
2249 469 2358 530 τοῖς
2391 469 2492 536 μὲν
2521 468 2801 538 ἐμϐριθῶς
2849 467 3136 538 ὁμιλοῦσιν
3167 467 3546 538 ἐξομοιοῦμαι,
3603 472 3677 540 μὴ

419 555 698 621 irrideant,
727 559 1131 612 autsardonico
1184 559 1291 610 risu
1341 557 1614 623 excipiant
1657 556 1848 624 (multa
1909 558 1983 611 si-

417 647 634 714 quidem
689 665 784 719 per
816 650 944 704 tales
977 665 1166 719 passus
1201 650 1340 718 sum)
1373 668 1388 716 ;
1435 655 1478 703 si
1516 651 1640 701 talia
1681 649 1762 701 vel
1821 662 1988 717 agens

415 740 502 794 vel
529 741 737 810 patiens
762 743 961 805 videor,
983 750 1276 797 commutet
1303 742 1497 811 aliquis
1520 742 1571 794 iu
1603 756 1686 795 me
1717 750 1991 805 naturam,

416 843 470 887 et
492 837 891 901 cammutabor;
923 835 1056 890 alias
1104 839 1246 890 enim
1293 836 1564 904 depOnere
1621 846 1724 887 non
1782 843 1990 902 pOSSem

417 926 560 992 quod
609 928 766 979 estin
801 942 884 981 me
907 929 1022 984 sive
1052 927 1307 999 rigidum,
1353 929 1466 984 sive
1504 925 1846 988 benevolum,
1881 925 1994 977 sive

421 1017 684 1072 timidum.
1259 1015 1266 1024 ’

488 1287 578 1342 85.
622 1286 679 1341 ln
740 1289 918 1343 medio
970 1291 1265 1344 multorum
1293 1288 1608 1358 laqueorum
1641 1276 1984 1352 perambulo-

417 1379 558 1443 Quid
602 1380 763 1447 igitur
794 1397 877 1432 me
913 1382 1208 1448 prohibetis
1241 1381 1372 1435 istos
1393 1378 1681 1447 suspicari,
1711 1391 1850 1444 quos
1886 1388 1988 1427 sae-

418 1469 542 1534 pius
577 1470 719 1523 circa
784 1473 1050 1526 maleﬁcia
1113 1473 1262 1526 vidi?
1321 1470 1436 1525 Non
1488 1471 1610 1524 illos
1662 1465 1985 1526 contribulu,

416 1561 708 1617 recordans
759 1566 1033 1630 quomodo
1091 1580 1233 1634 smpe
1267 1572 1546 1633 perperam
1583 1559 1794 1631 egerint
1855 1573 1985 1611 cou-

2089 555 2184 608 xati.
2207 557 2533 626 παιγνήμων
2592 558 2732 612 δοκῶ
2794 560 2906 622 τοῖς
2936 558 3108 620 οὕτως
3168 559 3677 628 σεμνοπροσώποις,

2097 647 2210 706 τοῖς
2241 648 2285 698 δ’
2310 647 2380 701 αὖ
2421 649 2656 717 γελῶσιν
2705 651 2804 704 οὐκ
2835 649 2943 720 ἐχω
2975 651 3264 720 προσέχειν
3315 651 3392 712 ὡς
3415 654 3679 722 αὐτόχρη-

2112 755 2188 804 μα
2226 739 2452 808 ἱλαροῖς,
2508 742 2717 806 δεδιὼς,
2781 744 2855 813 μὴ
2907 745 3002 795 καὶ
3070 741 3526 814 σαρκάζουσιν,ἣ
3587 747 3678 799 καὶ

2100 825 2382 892 Σαρδόνιον
2403 831 2774 904 ὑποσεσήρασι
2806 833 3002 902 (πολλὰ
3027 834 3133 903 γὰρ
3171 833 3281 901 ἐγὼ
3313 835 3407 886 καὶ
3432 834 3522 886 διὰ
3553 837 3677 897 τοὺς

2095 919 2372 984 τοιούτους
2403 923 2625 994 ἔπαθον)
2659 954 2729 966 -—
2752 927 2799 976 εί
2823 925 2886 994 δὴ
2906 923 3180 994 τοιαῦταῆ
3212 923 3354 994 δρῶν
3387 925 3419 994 ἢ
3453 926 3676 996 πάσχων

2096 1007 2449 1078 ἐκφαίνομαι,
2472 1013 2757 1078 ἁλλαξάτω
2775 1031 2858 1076 τις
2877 1016 2933 1066 ἐν
2963 1016 3085 1080 ἐμοὶ
3107 1014 3174 1066 τὰ
3201 1016 3298 1083 τῆς
3328 1015 3564 1082 φύσεως,
3583 1015 3675 1066 καὶ

2097 1099 2557 1173 ἁλλοιωθήσομαι’
2581 1105 2754 1168 ἄλλως
2779 1107 2881 1176 γὰρ
2903 1108 3002 1158 οὐκ
3017 1107 3083 1159 ἂν
3107 1105 3218 1175 ἔχοι
3227 1124 3288 1175 μι
3310 1107 3606 1160 ἀποθέσθαι
3619 1106 3674 1158 τὸ

2097 1195 2218 1246 κατ’
2253 1197 2352 1262 ἐμὲ
2373 1199 2481 1250 εἶτε
2515 1199 2762 1268 ἀκριϐὲς,
2799 1199 2899 1252 εἰτ’
2921 1199 3014 1252 οῦν
3039 1199 3265 1260 εὐλαϐὲς
3288 1202 3379 1253 καὶ
3409 1199 3603 1252 δειλόν.

2167 1282 2271 1338 πε’.
2309 1287 2493 1339 Μέσον
2540 1287 2806 1340 διαδαίνω
2837 1290 3084 1358 παγίδων
3124 1292 3357 1345 πολλῶν.
3379 1289 3446 1343 Τί
3478 1291 3571 1343 οὖν
3607 1301 3671 1360 με

2091 1375 2357 1441 κωλύετε,
2394 1379 2798 1434 ὑποϐλέπεσθαι
2829 1381 3057 1445 ταύτας,
3096 1374 3170 1436 ὧν
3218 1383 3296 1445 είς
3332 1383 3506 1435 κακὸν
3541 1382 3670 1434 πολ-

2091 1467 2248 1530 λάκις
2279 1471 2664 1540 πεπείρὰμαις
2697 1473 2776 1525 Οὐ
2827 1473 3102 1543 συντρίὸω
3129 1473 3331 1536 ταύτας
3367 1476 3423 1525 ἐν
3452 1471 3532 1542 τῷ
3581 1490 3668 1542 με-

2095 1559 2358 1628 μνῆσθαι,
2385 1562 2533 1624 ὅπως
2566 1564 2754 1626 κακῶς
2776 1563 3020 1633 ἕσχασαν
3042 1565 3165 1618 κατ’
3185 1565 3341 1635 ἐμοῦ·
3367 1564 3481 1617 ἀλλ’
3507 1565 3664 1634 ὑπερ-

415 1660 498 1704 tra
526 1667 636 1717 me;
685 1655 779 1708 sed
816 1655 1062 1710 trausilio
1093 1656 1173 1710 Vel
1223 1662 1604 1725 prmtercurro,
1633 1661 1687 1704 ut
1725 1649 1981 1704 adversus

2091 1651 2266 1722 meo,
2320 1655 2352 1724 ἢ
2408 1657 2796 1725 παρεκτρέχω,
2835 1655 2922 1709 ἵνα
2971 1656 3091 1709 κατ’
3147 1656 3311 1709 ἄλλου
3367 1656 3467 1725 μέν
3523 1672 3663 1720 τινος

411 1741 579 1794 alium
614 1744 899 1810 quemdam
940 1741 1237 1800 efficaciter
1289 1747 1458 1806 hient,
1510 1743 1746 1797 inaniter
1802 1750 1981 1792 autem

406 1835 696 1884 adversum
720 1847 832 1898 me;
875 1840 1127 1904 tanquam
1147 1836 1196 1910 ἐἰ
1224 1835 1404 1903 lupos,
1430 1833 1586 1903 juxta
1613 1831 1980 1900 proverbium,

409 1922 488 1976 sic
535 1922 585 1975 in
617 1936 815 1977 vanum
866 1939 928 1980 os
975 1928 1204 1994 aperiat.
1257 1927 1519 1981 Olucrunt
1573 1925 1702 1978 mihi
1759 1924 1981 1981 vibices,

405 2019 548 2081 quas
585 2021 648 2068 ex
680 2017 866 2070 multis
907 2015 1230 2072 Vulneribus
1282 2016 1412 2083 fovi,
1451 2029 1747 2087 percussus
1777 2023 1829 2067 et
1865 2013 1986 2066 vnl-

410 2117 632 2160 neratus
662 2107 1037 2164 instrumentis
1065 2109 1190 2163 belli
1228 2111 1432 2176 multis,
1490 2109 1611 2163 aliis
1639 2109 1856 2176 quidem
1890 2122 1984 2159 co-

412 2195 614 2258 minus,
669 2197 790 2248 aliis
833 2209 1010 2252 autem
1068 2199 1315 2266 plurimis
1377 2199 1589 2251 eminus
1642 2196 1977 2250 ferientibus.

409 2282 547 2348 Quid
576 2299 738 2353 porro
794 2287 1107 2354 repugnatis
1135 2302 1220 2340 me
1247 2288 1537 2340 circumire
1569 2285 1792 2349 vibices,
1828 2293 1884 2337 et
1917 2284 1981 2337 ad

411 2392 872 2447 unamquamque,
927 2380 1170 2434 dolorem
1228 2379 1474 2449 placans,
1533 2393 1801 2447 apponere
1850 2377 1984 2430 leni-

411 2469 582 2522 men?
637 2468 693 2523 Si
762 2485 890 2525 vero
920 2486 1044 2525 cum
1079 2472 1452 2526 curationibus
1504 2480 1684 2526 astant
1730 2472 1985 2526 recorda-

411 2562 586 2616 tiones
624 2563 901 2637 ‘(prolinlts
941 2565 1084 2618 enim
1127 2565 1348 2618 cumino
1399 2578 1620 2619 necesse
1663 2572 1746 2618 est
1795 2563 1987 2616 memi-

411 2657 578 2722 nisse,
613 2657 698 2710 hic
722 2656 938 2726 quidem
974 2671 1093 2711 esse
1116 2655 1352 2723 iaculum
1385 2672 1450 2713 ex
1486 2672 1650 2723 arcu;
1685 2671 1846 2726 quem
1880 2655 1984 2710 iste

408 2747 629 2816 quidam
665 2749 714 2802 in
743 2764 827 2803 me
866 2747 1135 2813 tetendit;
1171 2751 1276 2804 huc
1299 2759 1474 2803 autem
1499 2747 1845 2802 inclinavisse
1871 2747 1982 2800 Ian-

407 2853 598 2905 coam,
656 2855 757 2908 qua
817 2840 939 2894 talis
983 2842 1281 2909 percussit;
1319 2842 1421 2895 huc
1463 2857 1589 2895 vero
1623 2841 1852 2909 lapidem
1885 2841 1982 2893 im—

407 2931 572 2998 probe
600 2941 840 3000 gyratam
868 2933 1132 3000 attigisse,
1193 2942 1351 3002 quem
1405 2931 1540 2998 jecit
1585 2931 1982 2986 fundibalarius

2086 1746 2368 1815 χάσκωσιν
2399 1747 2724 1818 ’ἔμπρακτα,
2753 1747 2875 1800 κατ’
2911 1750 3046 1819 ἐμοῦ
3077 1749 3133 1801 δέ
3162 1752 3241 1812 εἰς
3275 1749 3454 1812 κενὸν,
3503 1749 3579 1812 ὠς
3622 1750 3664 1800 εί

2085 1840 2180 1890 καὶ
2227 1839 2412 1905 λύκος,
2451 1843 2595 1894 κατὰ
2647 1840 2744 1908 τὴν
2794 1842 3121 1911 παροιμίαν,
3179 1841 3323 1894 οὕτω
3373 1843 3554 1914 διϊστᾷ
3599 1845 3658 1896 τὸ

2089 1930 2266 2000 στόμα
2298 1932 2378 1993 είς
2411 1933 2718 2002 ἄπρακτον.
2774 1933 3136 2000 Προσώζεσαν
3167 1936 3216 1986 οἱ
3245 1933 3514 2003 μώλωπές
3551 1953 3662 2004 μοι,

2086 2021 2180 2084 οὓς
2208 2026 2272 2076 ἐκ
2307 2023 2518 2077 πολλῶν
2544 2025 2880 2094 τραυμάτων
2904 2025 3288 2094 ἀνεμαξάμην,
3326 2025 3495 2095 βεϐλη
3506 2030 3664 2096 μένος

2085 2133 2146 2168 τε
2180 2116 2278 2170 καὶ
2308 2118 2654 2187 τετρωμένος
2707 2119 2963 2187 ὀργάνοις
2997 2118 3239 2187 πολέμου
3282 2120 3524 2182 πολλοῖς,
3555 2125 3663 2182 τοῖς

2090 2208 2194 2277 μὲν
2230 2210 2590 2278 ἀγχεμάχοις,
2639 2212 2752 2272 τοῖς
2791 2211 2848 2262 δέ
2885 2209 3095 2263 πλείοσι
3131 2210 3461 2279 τηλεϐόλοις.
3495 2212 3560 2262 Τί
3603 2213 3664 2281 δὴ

2086 2293 2316 2364 ὀκνεῖτε,
2372 2303 2646 2372 περιϊέναι
2686 2321 2752 2372 με
2789 2304 2916 2366 τοὺς
2957 2303 3250 2372 μώλωπας,
3302 2305 3396 2356 καὶ
3434 2305 3664 2356 καθέκα-

2087 2413 2214 2449 στον
2237 2397 2540 2450 ἐπιτιθέναι
2571 2398 2920 2452 ἁκεσώδυνον
2953 2399 3307 2470 παραμύθιον
3334 2417 3348 2465 ;
3376 2400 3439 2452 El
3470 2399 3526 2451 δέ
3547 2401 3664 2461 ταῖς

2087 2488 2413 2559 θεραπείαις
2437 2492 2866 2560 συνεκτρέχουσι
2905 2493 3119 2561 μνῆμαι
3149 2491 3375 2558 (αὐτίκα
3402 2493 3514 2561 γὰρ
3539 2492 3664 2544 πάν-

2084 2597 2194 2644 τως
2231 2581 2444 2650 άνάγκη
2487 2581 2825 2652 μεμνῆσθαι,
2875 2581 2953 2646 ὡς
3001 2581 3236 2636 ἐνταῦθα
3276 2584 3375 2652 μὲν
3424 2583 3557 2655 βολὴ
3608 2587 3666 2638 ἐκ

2083 2672 2263 2737 τόξου,
2297 2673 2434 2743 ὅπερ
2461 2674 2726 2727 ἐνέτεινεν
2765 2678 2792 2727 ὁ
2833 2674 2890 2726 δέ
2924 2692 3007 2736 τις
3033 2673 3118 2726 ἐπ’
3143 2674 3301 2743 ἐμοί·
3334 2675 3580 2729 ἐνταῦθα
3613 2676 3685 2728 δέ·

2084 2763 2214 2832 δόρυ
2249 2763 2554 2833 προῦκυψε,
2585 2763 2654 2817 δι’
2685 2758 2857 2834 οῦπερ
2887 2764 2916 2815 ὁ
2947 2763 3092 2815 δεῖνα
3124 2759 3461 2833 προῦτυψενο
3490 2766 3665 2816 ἐκεῖσε

2085 2855 2141 2906 δὲ
2175 2854 2324 2906 λίθου
2355 2855 2666 2924 κακουργία
2697 2855 3073 2924 ἐνεωτέρισεν,
3125 2855 3184 2907 ὃν
3212 2853 3664 2923 ἐξεσφενδὸνησεν

2087 2943 2455 3012 ὀνομάκλυτός
2493 2962 2598 3006 τις,
2641 2943 2717 3006 ὡς
2759 2948 2853 2996 καὶ
2891 2943 3234 3012 συνθραῦσαί
3268 2960 3354 3011 με’
3389 2939 3577 2998 ἄλλοθι
3608 2945 3665 2998 δέ

408 3029 588 3084 notus,
649 3023 724 3073 ad
772 3023 1162 3076 vulnerandum
1221 3038 1338 3088 me;
1416 3023 1548 3076 alias
1604 3034 1782 3076 autem
1837 3022 1981 3075 ensis

2091 3005 2375 3103 καταφορὰ
2411 3035 2620 3102 ξίφους,
2651 3005 2964 3099 πελεκίζειν
2993 3005 3203 3106 σάρκας
3230 3005 3661 3104 φιλονεικοῦσα),

407 3108 595 3175 ictum,
618 3110 934 3165 abscindere
969 3126 1161 3165 carnes
1194 3112 1500 3183 conatum):
1525 3120 1579 3166 et
1612 3114 1680 3165 ila
1717 3127 1982 3165 renovan-

409 3201 812 3254 lurmemoria:
841 3205 1226 3266 vexationum;
1284 3203 1412 3272 quid
1444 3203 1513 3256 ibi
1552 3202 1786 3257 iacerem
1825 3202 1984 3256 Ιιοιιιο

412 3290 504 3360 qui
537 3306 644 3346 non
695 3295 930 3348 mentior
975 3294 1416 3364 plasmationcm,
1467 3311 1572 3364 qua
1608 3295 1735 3349 mihi
1768 3309 1985 3364 quoque

410 3382 686 3436 Inemorim
748 3383 946 3438 bonum
988 3385 1054 3440 ad
1101 3387 1547 3440 benefaciendum
1592 3386 1816 3440 inditum
1847 3386 1986 3440 est?

481 3472 570 3528 86.
607 3474 842 3530 Strictus
877 3486 958 3530 est
998 3477 1156 3546 pugio
1185 3487 1374 3532 contra
1406 3491 1513 3544 me,
1574 3479 1984 3547 penetravitque

411 3579 626 3631 carnes,
658 3578 712 3621 et
749 3568 826 3621 sic
855 3569 1204 3622 exacerbavit
1248 3588 1260 3624 :
1321 3570 1450 3639 quid
1492 3570 1656 3638 igitur
1693 3571 1985 3639 reprelien-

415 3657 534 3723 dor,
583 3658 635 3711 iu
701 3660 844 3714 hunc
894 3660 1185 3729 gladiolum
1241 3660 1540 3730 conjiciens
1574 3660 1801 3715 oculos?
1864 3659 1981 3713 Non

411 3745 604 3814 frango
621 3748 861 3817 quidem,
897 3765 999 3804 nec
1034 3751 1191 3804 aliter
1223 3766 1547 3821 quocunque
1572 3752 1732 3806 modo
1761 3767 1979 3805 manum

409 3837 464 3892 in
497 3838 644 3892 illum
685 3841 842 3896 mitto
871 3859 884 3897 :
923 3843 1182 3897 recordor
1215 3853 1393 3897 autem
1439 3843 1586 3898 illum
1629 3845 1750 3898 eése
1781 3846 1980 3898 malum

407 3941 506 4002 per
535 3947 694 4002 quem
733 3936 859 3988 mibi
893 3937 1099 4007 largum
1134 3937 1328 3992 vulnus
1359 3948 1607 4007 apertqu
1637 3938 1803 3991 latam
1836 3938 1982 3991 cica-

410 4026 600 4080 tricem
635 4028 686 4081 in
717 4028 928 4098 signum
963 4030 1260 4097 impressit.
1319 4030 1597 4084 Percussit
1631 4047 1716 4085 me
1744 4030 1934 4085 lancea
1965 4046 1980 4084 :

410 4118 527 4172 11336
558 4119 774 4186 quidem
809 4120 876 4173 ab
911 4121 1129 4175 inimico
1158 4120 1295 4176 forte
1325 4122 1684 4186 benedicitur,
1721 4129 1978 4190 tanquam

411 4209 464 4262 in
517 4210 836 4278 profundam
893 4222 1184 4280 penetrans
1231 4214 1483 4284 plagam:
1544 4217 1638 4268 sed
1686 4227 1982 4282 percussus

2091 3127 2188 3177 καὶ
2220 3125 2394 3188 οὕτως
2440 3126 2854 3188 ἀνακαινίζεται
2914 3129 3103 3196 μνήμη
3152 3125 3486 3180 κακώσεων·
3519 3129 3571 3180 τί
3601 3128 3664 3182 ἂν

2087 3216 2323 3270 ἐνταῦθα
2383 3218 2622 3286 ποιήσω,
2674 3217 2962 3288 ἄνθρωπος
3005 3218 3080 3287 μὴ
3110 3217 3441 3288 ψευδόμενος
3473 3219 3539 3272 τὰ
3569 3220 3663 3286 τῆς

2087 3307 2357 3370 πλάσεως,
2401 3304 2468 3359 δι’
2521 3305 2588 3380 ἧς
2623 3326 2715 3377 μοι
2751 3309 2844 3362 καὶ
2891 3309 2952 3360 τὸ
2983 3311 3080 3377 τῆς
3126 3310 3350 3378 μνήμης
3385 3310 3554 3365 καλὸν
3580 3310 3666 3362 εὑ·

2086 3398 2276 3450 ποιοῦν
2313 3401 2679 3466 συμπέφυκεν
2705 3417 2722 3467 ς

2161 3489 2280 3556 πς¹.
2333 3489 2705 3562 Ὲθρασύνοιτο
2736 3494 3060 3564 ἐγχειρίδιον
3096 3496 3219 3548 κατ’
3241 3493 3402 3565 ἐμοῦ,
3439 3497 3532 3550 καὶ
3558 3495 3667 3565 εἵρ-

2087 3597 2259 3634 πυσεν
2297 3584 2404 3635 ἐσω
2466 3585 2689 3652 σαρκὸς,
2733 3589 2826 3639 καὶ
2865 3585 3037 3648 οὕτως
3084 3587 3413 3656 ἠγριάνατο.
3469 3588 3536 3640 Τί
3574 3583 3664 3641 οὖν

2086 3677 2350 3746 ψὲγομαι,
2385 3679 2463 3738 εἰς
2486 3677 2543 3729 τὸ
2569 3678 2861 3747 μαχαίριον
2886 3681 3059 3732 ἐκεῖνο
3087 3680 3300 3746 βλέπων
3329 3698 3343 3746 ;
3380 3681 3453 3732 Ut)
3479 3680 3664 3749 θραύω

2089 3767 2208 3837 μὲν,
2243 3767 2350 3820 οὐδ’
2389 3767 2564 3831 ἄλλως
2603 3770 2850 3821 ὁπωσοῦν
2889 3770 3055 3822 αὑτοῦ
3114 3771 3487 3841 κατεπιχειρῶ
3511 3785 3531 3806 ο
3574 3772 3665 3840 μέ-

2089 3875 2302 3927 μνημαι
2334 3859 2413 3921 δὲ,
2447 3860 2577 3911 αὐτὸ
2609 3855 2748 3913 εἶναι
2795 3862 2854 3913 τὸ
2900 3863 3089 3928 κακὸν,
3123 3864 3193 3915 δι’
3224 3857 3284 3916 οὗ
3319 3882 3412 3934 μοι
3441 3866 3662 3936 τραῦμα

2086 3948 2486 4022 βαθὺοέντακέν
2518 3950 2750 4018 ἐνέμαξε
2781 3951 3046 4004 πλατεῖαν
3092 3954 3256 4023 οὐλὴν
3299 3956 3381 4017 είς
3414 3959 3664 4028 παράση-

2087 4055 2207 4108 μον.
2239 4040 2482 4108 Ἕπληξέ
2508 4057 2577 4108 με
2595 4041 2743 4110 δόρυ·
2779 4043 3030 4096 καὶκαὺτὺ
3055 4046 3187 4114 πρὸς
3219 4046 3316 4116 μὲν
3346 4047 3442 4099 τοῦ
3469 4048 3662 4118 ἐχθροῦ

2083 4131 2392 4199 εὐλογεῖται
2447 4131 2602 4195 ἴσως,
2638 4127 2725 4185 οἷα
2773 4133 3089 4202 ἐμϐαθύναν
3120 4138 3200 4200 είς
3232 4138 3470 4208 πληγήν,
3516 4139 3578 4192 ’0
3606 4140 3662 4192 δὲ

2084 4223 2479 4293 πεπληγμένος
2513 4241 2630 4285 πως
2651 4225 2852 4294 ἂνέχοι
2887 4226 3174 4288 λαθέσθαι,
3206 4223 3319 4281 οἷον
3371 4231 3550 4283 ἐκεῖνο
3577 4231 3664 4296 γέι

406 4302 682 4370 quomodo
715 4316 900 4371 posset
931 4304 1202 4366 oblivisci,
1263 4305 1497 4374 qualiter
1557 4306 1656 4359 ista
1710 4304 1875 4358 fuerit
1923 4305 1976 4358 iu

2091 4330 2233 4366 νοιτο
2269 4315 2393 4366 κατ’
2429 4315 2628 4380 autat");
2668 4316 2832 4380 Βέλος
2869 4318 3236 4370 ἐπιπετασθέν
3269 4320 3513 4390 ἐνεπάτη
3550 4336 3658 4390 μοι·

406 4391 629 4460 ipsum?
645 4391 833 4446 Telum
859 4392 1086 4448 volitans
1105 4393 1318 4448 inhaesit
1340 4395 1502 4461 mihi;
1527 4398 1655 4466 quid
1673 4407 1974 4453 extractum

405 4492 596 4537 etnon
629 4487 993 4553 confractum,
1047 4487 1348 4542 aestimaret
1381 4490 1503 4556 quis
1531 4506 1638 4544 non
1675 4507 1974 4561 agnoscen-

408 4575 535 4630 dum
576 4579 705 4631 mibi
745 4579 908 4633 telum
942 4581 1114 4649 ipsum
1143 4595 1263 4636 esse
1295 4597 1404 4649 quo
1438 4597 1731 4651 percussus
1753 4585 1974 4647 fuerim,

407 4679 460 4722 et
491 4668 562 4722 ita
591 4681 806 4740 cogeret
841 4673 1035 4738 virum,
1067 4674 1225 4729 bonae
1254 4678 1531 4731 memoriae
1565 4691 1628 4730 ex
1661 4677 1842 4732 anima
1882 4680 1976 4734 de-

408 4760 520 4816 lere
553 4763 940 4833 intelligentem
971 4768 1310 4834 patentium?

479 4854 567 4908 87.
602 4855 716 4910 Non
748 4859 852 4920 vis,
887 4859 1046 4913 sodes
1069 4899 1086 4926 ,
1134 4863 1444 4918 meminisse
1501 4876 1585 4917 me
1617 4864 1783 4918 mali:
1841 4865 1979 4920 bene

407 4941 540 5003 scio,
568 4946 818 5010 quoniam
859 4963 958 5002 nec
988 4953 1184 5004 vivere.
1232 4953 1480 5008 Attamen
1512 4971 1611 5026 ego
1636 4956 1799 5010 vitam
1849 4971 1982 5012 con-

351 5065 355 5070 ι
410 5043 840 5104 sequentemque
893 5042 1211 5095 memoriam
1265 5059 1482 5099 servare
1517 5049 1699 5114 cupio.
1747 5046 1814 5100 Ut
1859 5049 1978 5101 evi-

409 5123 626 5180 dentius
679 5139 856 5182 autem
925 5130 1141 5200 loquar,
1213 5137 1337 5192 vitae
1387 5124 1842 5208 quidemcxitus
1894 5142 1978 5194 bis

407 5215 617 5270 duobus
667 5219 844 5274 miseri
875 5233 1022 5290 sunt,
1052 5227 1192 5294 quod
1232 5228 1432 5284 oblivio
1470 5231 1527 5285 fit
1556 5231 1728 5293 cbari,
1758 5248 1858 5287 nec
1892 5233 1979 5286 ille

407 5308 499 5376 qui
529 5310 740 5363 vexavit
769 5314 1031 5370 noscitur.
1084 5319 1296 5390 Aliquis
1335 5332 1517 5376 autem
1553 5323 1604 5376 in
1643 5325 1877 5378 sanitate
1900 5327 1980 5378 vi-

404 5414 562 5463 vens.
613 5415 862 5459 neutrmn
907 5407 1182 5479 abjiccret.
1217 5413 1465 5468 Percussi
1497 5425 1568 5477 te,
1609 5416 1814 5484 inquit;
1873 5418 1978 5472 hoc

407 5492 701 5547 humanum
728 5504 849 5562 est;
889 5497 969 5554 fer
993 5505 1345 5572 generositer,
1371 5507 1413 5560 si
1454 5507 1658 5561 divinis
1713 5511 1978 5563 sermoni—

402 5584 502 5641 bus
575 5597 812 5645 mentem
893 5593 1161 5662 applicas;
1227 5612 1294 5651 ne
1351 5613 1438 5652 me
1499 5597 1842 5663 reverberes,
1914 5614 1979 5654 ne

398 5693 616 5748 quoque
655 5681 781 5736 mali
836 5686 1170 5742 memineris.
1225 5686 1454 5742 Pulchra
1499 5689 1592 5743 tibi
1648 5699 1774 5743 sunt
1835 5693 1971 5756 haec,

396 5767 584 5841 frater,
615 5789 784 5844 usque
808 5777 1003 5846 modo;
1059 5777 1412 5848 loqueturque
1445 5788 1622 5836 tecum
1655 5780 1767 5850 ipsc
1807 5780 1970 5839 Deus.

2085 4407 2136 4459 τί
2173 4406 2237 4477 δὴ
2264 4403 2358 4461 οὖν
2391 4407 2734 4472 ἐξελκυσθέν,
2766 4411 2863 4464 καὶ
2894 4410 3028 4477 μηδέ
3059 4409 3347 4479 θραυσθέν,
3381 4413 3527 4478 ἀξιοῖ
3559 4430 3659 4476 τις,

2086 4498 2224 4568 μηδέ
2257 4497 2624 4566 γινώσκεσθαί
2657 4518 2768 4570 μοι,
2802 4500 2952 4570 βέλος
2977 4501 3113 4553 αὐῖὸ
3153 4496 3318 4565 εἶναι,
3365 4504 3432 4554 δι’
3471 4497 3531 4554 οὗ
3566 4504 3662 4556 πέη

2081 4592 2357 4660 πληγμαι,
2393 4595 2488 4646 καὶ
2513 4591 2655 4645 οὓτω
2693 4592 2944 4662 βιάζεται
2981 4593 3208 4663 μνήμης
3247 4594 3548 4664 ἐπαινετῆς
3575 4594 3665 4647 ἄν·

2077 4684 2186 4754 δρα
2211 4685 2306 4753 τῆς
2340 4683 2565 4757 [ψυχ]ἧς
2601 4684 3125 4754 ἀπαλεῖψαινοερὰν
3148 4685 3380 4755 δύναμιν
3407 4704 3422 4751 ;

2153 4867 2261 4935 πζ’.
2299 4868 2374 4922 Οὐ
2424 4868 2621 4932 θέλεις,
2657 4858 2704 4922 ὦ
2749 4863 2927 4931 οὗτος,
2982 4865 3297 4938 μεμνῆσθαί
3354 4883 3422 4935 με
3462 4867 3662 4922 κακοῦ.

2082 4960 2213 5016 Οἶδα
2247 4961 2478 5034 κ[ἁγὼ],
2516 4962 2641 5017 ἐπεὶ
2686 4962 2823 5032 μηδέ
2856 4961 2976 5030 ζῇν.
3020 4959 3160 5015 Ἀλλ’
3199 4959 3312 5027 ἐγὼ
3358 4960 3456 5011 xui.
3492 4959 3661 5030 ζῴην,

2081 5056 2178 5109 καὶ
2207 5055 2308 5124 τὴν
2341 5055 2737 5124 παρεπομένην
2776 5055 3003 5122 μνήμην
3029 5051 3281 5119 σώζοιμι.
3317 5052 3665 5120 Σαφέστερον

2079 5150 2136 5202 δέ
2166 5151 2362 5204 εἰπεῖν’
2422 5148 2541 5218 βίου
2597 5147 2699 5217 μὲν
2743 5145 2913 5212 ἔξοδοι
2969 5145 3327 5213 δυστυχοῦσιν
3370 5145 3664 5214 ἀμφότερα

2080 5240 2276 5303 ταῦτα,
2314 5240 2468 5308 φίλον
2524 5255 2583 5292 τε
2625 5239 3076 5298 ἐκλανθάνεσθαι,
3111 5239 3204 5292 καὶ
3251 5236 3386 5305 μηδέ
3441 5237 3538 5288 τὸν
3570 5253 3666 5288 κα-

2081 5331 2338 5386 κώσαντα
2375 5332 2599 5384 εἰδέναι.
2643 5331 2760 5383 Ζῶν
2782 5331 2839 5383 δέ
2879 5347 2964 5388 τις
2992 5331 3048 5390 ἐς
3075 5329 3306 5395 ὑγίειαν,
3345 5327 3446 5380 οὐκ
3471 5326 3538 5379 ἂν
3571 5327 3662 5379 οὐ-

2081 5425 2295 5493 δέτερον
2330 5423 2678 5476 ἀποϐάλοιτο.
2700 5421 2913 5490 Ἐτυψά
2939 5438 3019 5485 σε,
3048 5419 3237 5489 φησίν.
3282 5417 3662 5487 Ἀνθρώπινον

2079 5515 2238 5568 τοῦτο
2277 5518 2372 5570 καὶ
2402 5514 2535 5585 φέρε
2567 5512 2857 5582 γενναίως,
2888 5515 2935 5566 εἰ
2970 5512 3106 5582 πρὸς
3134 5513 3245 5573 τοῖς
3276 5509 3442 5572 θείοις
3480 5509 3661 5579 λόγοις

2081 5606 2226 5676 ἔχεις
2251 5607 2344 5659 τὸν
2373 5608 2520 5668 νοῦν,
2548 5607 2645 5659 καὶ
2672 5607 2745 5675 μή
2779 5623 2845 5674 με
2896 5603 3217 5672 ἀντιτύψῃς,
3252 5601 3325 5670 μὴ
3376 5604 3472 5655 καὶ
3527 5617 3662 5670 μνη-

2086 5700 2412 5768 σικακήσῃς.
2474 5697 2631 5750 Καλά
2666 5713 2786 5760 σοι,
2817 5690 2862 5748 ὧ
2908 5695 3127 5762 ἀδελφέ,
3159 5693 3330 5745 ταῦτα
3367 5691 3473 5754 ἕως
3509 5685 3612 5744 ὦδε
3641 5706 3658 5726 ⁸

2084 5791 2177 5845 καὶ
2204 5787 2534 5859 συλλαλήσει
2566 5788 2661 5845 καὶ
2689 5789 2717 5842 ὁ
2753 5788 2906 5852 Θεός.
2948 5787 3142 5858 Λέγειν
3171 5785 3250 5854 δέ,
3285 5783 3359 5849 ὠς
3397 5783 3537 5854 μηδέ
3567 5781 3659 5840 λά-
