3968 6244
304 366 402 434 ιιι

1270 370 1571 433 (ἶΓιΝΤῐῖΑ
1618 371 2105 439 INJURIARUM
2154 379 2425 441 MEMOR
2441 382 2571 442 lAM

3453 379 3560 443 482

309 483 409 554 6ης
438 483 498 543 ἐς
528 479 658 538 νοῦν
692 482 753 537 τδ
789 483 1207 557 πλημμεληθέν,
1237 488 1377 541 ἀλλά
1424 486 1583 539 τοῦτο
1616 488 1887 556 μετάστα-

1997 493 2183 550 Dicere
2219 511 2391 551 vero:
2451 512 2625 568 neque
2689 495 2938 568 recipere
2985 497 3185 551 debeas
3228 493 3282 547 in
3320 505 3555 548 mentem

298 592 380 637 σις
408 574 707 646 ἀνθρώπου
750 576 815 629 ἐκ
862 576 957 630 τοῦ
990 579 1134 632 κατά
1169 578 1355 646 φύσιν,
1406 582 1499 633 καὶ
1536 578 1612 641 ὡς
1641 572 1752 631 οἷον
1785 594 1883 648 με·

294 666 716 729 τάπλασις,ικαὶ
743 667 987 738 ἀτεχνῶς
1011 669 1150 741 ὀργὴ
1185 670 1344 723 Θεοῦ.
1389 667 1736 734 Ἐκακώθην,
1789 673 1884 725 καὶ

298 759 552 827 ἐσίγησα.
586 760 661 812 Οὐ
691 758 798 830 μὴν
828 763 925 815 καὶ
950 761 1051 833 τὴν
1077 763 1300 833 μνήμην
1328 760 1611 830 ἐξήλειψα,
1633 760 1715 813 ὅτι
1745 758 1882 828 μηδὲ

295 851 407 902 ἐστι
438 849 599 902 τοῦτό
620 868 682 917 γε
715 853 1101 924 ἐνεργηθῆναι,
1127 856 1174 906 εἰ
1211 855 1301 907 καὶ
1331 854 1473 905 πάνυ
1504 869 1589 915 τις
1615 850 1880 923 βούλοιτο.

293 937 367 993 Ἤ
404 944 514 1011 γάρ
554 943 668 1012 ἔχοι
705 942 770 996 ἄν
796 961 884 1008 τις
929 944 1313 1014 ἐγγυήσασθαι
1345 947 1438 999 καὶ
1471 944 1537 997 τά
1579 944 1637 997 ἐν
1664 943 1877 1008 ὕπνοις,

296 1035 350 1086 ἐν
378 1029 459 1096 οἷς
485 1034 604 1091 ἐστι
644 1037 1007 1090 σκιασθεῖσαν
1059 1037 1284 1107 μνήμην
1325 1035 1649 1097 κακώσεως,
1708 1031 1880 1087 ἕωθεν

295 1126 786 1199 διεζωγραφῆσθαι
813 1131 896 1191 είς
929 1128 1107 1201 ψυχὴν
1135 1127 1379 1197 ἀκριϐῶς
1406 1126 1505 1197 τὴν
1539 1129 1634 1179 τοῦ
1670 1126 1877 1194 ἀνανή-

293 1216 534 1282 illaut-0;;
572 1220 682 1272 Kal.
713 1219 890 1282 οὐδεὶς
923 1218 1213 1292 ἄνθρωπος
1262 1220 1489 1282 δυνατὸς
1538 1218 1684 1272 οὕτω
1717 1218 1784 1271 τὰ
1824 1221 1884 1281 ἐς

299 1306 515 1370 σοφίαν,
572 1304 634 1368 δς
674 1308 933 1361 ἐνυπνίου
989 1309 1285 1377 φανέντος,
1340 1310 1435 1362 καὶ
1488 1309 1736 1369 κάκωσιν
1779 1309 1882 1378 ἤδη

301 1394 562 1448 ).αθεῖσαν
592 1398 997 1465 φαντάσαντος,
1027 1394 1148 1451 εἶτα
1178 1400 1270 1451 καὶ
1299 1399 1699 1469 ἑκλαλουμένου
1748 1401 1882 1468 πρὸς

295 1485 445 1554 ἣλιον
484 1487 804 1556 λάμψαντα,
857 1489 1005 1557 ὃδὴ
1051 1490 1280 1545 παλαιὸν
1310 1490 1431 1554 ἔθος
1467 1486 1556 1560 ἦν,
1615 1508 1883 1561 μνησικα-

298 1579 421 1640 κίας
476 1577 510 1646 ἦ
551 1577 646 1630 τὸν
686 1578 959 1649 δνειρονῆ
1006 1582 1096 1634 τὸν
1127 1582 1626 1651 δνειροπολήσαντα
1660 1581 1877 1652 γράψε-

297 1684 408 1729 ται,
442 1671 493 1720 εί
528 1669 625 1720 καί
659 1686 745 1733 τις
772 1670 1023 1724 ἐντεῦθεν
1056 1674 1244 1743 μνήμη
1276 1677 1370 1728 καὶ
1414 1674 1619 1744 εῑδησις
1661 1671 1878 1738 συνεξὲ-

305 1760 537 1830 δραμεν.
596 1763 672 1815 Οὐ
710 1765 821 1835 γάρ
868 1766 1068 1818 ταυτόν
1127 1768 1265 1831 ἐστι,
1323 1768 1509 1830 κακῶς
1563 1768 1877 1821 διακεῖσθαι

303 1852 436 1921 πρός
466 1870 614 1920 τινα,
640 1858 733 1910 καὶ
770 1857 1072 1927 μνησθῆναι
1109 1860 1281 1913 κακὸν
1329 1855 1469 1912 εἶναι
1499 1863 1640 1913 τινὰ.
1675 1860 1748 1911 Τὸ
1775 1860 1874 1927 μὲν

1988 588 2133 653 quod
2180 588 2529 645 commissum
2585 598 2688 656 est,
2753 590 2855 644 ltoc
2891 596 2972 642 est
3012 586 3248 641 hominis
3277 601 3303 637 a
3338 600 3436 638 sua
3464 600 3565 637 na.

1991 687 2106 732 tura
2140 679 2416 744 alienatio,
2451 681 2706 750 velutque
2756 679 3182 743 transformatio,
3211 692 3445 746 vereque
3468 676 3561 731 Dei

1988 767 2091 822 ira.
2127 767 2242 838 lnjtt
2263 770 2396 823 riam
2432 785 2626 839 passus
2655 787 2771 825 sum
2797 780 2847 827 et
2882 771 3027 824 silui.
3076 767 3193 823 Non
3234 778 3412 824 tamen
3445 784 3563 824 me-

1989 861 2214 914 moriam
2246 863 2476 926 abolevi,
2508 863 2633 930 quia
2666 864 2768 917 hoc
2797 878 2904 916 non
2939 873 3021 917 est
3053 861 3326 930 possibile,
3347 860 3561 916 etiamsi

1990 953 2109 1019 quis
2145 954 2323 1008 vellet.
2366 953 2636 1025 Numquid
2687 964 2863 1023 posset
2894 955 3091 1024 aliquis
3125 956 3437 1009 cautionem
3470 951 3554 1007 of-

1989 1041 2129 1096 ferre
2172 1044 2237 1098 de
2287 1045 2534 1107 somniis,
2569 1046 2620 1098 in
2676 1040 2874 1113 quibus
2905 1045 3228 1099 adumbrata
3261 1042 3564 1097 vexationis

1989 1135 2249 1189 memoria
2317 1147 2499 1205 potest
2546 1153 2706 1191 mane
2757 1148 3009 1190 accurate
3047 1138 3264 1206 depingi
3301 1137 3354 1190 in
3384 1143 3564 1189 mente

1993 1225 2302 1294 vigilantis?
2332 1227 2521 1282 Nullus
2546 1237 2625 1282 est
2653 1228 2813 1281 homo
2840 1228 2973 1281 satis
3011 1228 3062 1280 iu
3097 1227 3258 1282 rebus
3281 1226 3563 1296 sapientiae

1991 1323 2207 1381 potens,
2230 1316 2343 1384 qui,
2376 1317 2585 1371 somnio
2621 1316 2782 1381 facto,
2816 1332 2911 1385 per
2942 1318 3085 1384 quod
3115 1317 3422 1371 vexationis
3449 1315 3560 1383 jam

1985 1402 2037 1457 in
2069 1404 2337 1460 oblivione
2370 1407 2559 1474 positae
2577 1416 2999 1477 rcpraesentatur
3030 1408 3229 1475 imago,
3257 1406 3562 1475 deindeque

1984 1503 2105 1562 post
2129 1496 2259 1550 solis
2289 1507 2471 1551 ortum
2521 1499 2710 1563 relato,
2751 1498 2820 1553 de
2854 1498 2981 1551 mali
3019 1499 3278 1552 memoria
3306 1497 3388 1550 vel
3419 1512 3566 1551 som-

1987 1586 2155 1649 nium,
2184 1586 2267 1641 vel
2300 1590 2711 1649 somniatorem.
2747 1590 2875 1643 licet
2890 1588 3088 1643 eximie
3108 1588 3365 1641 memoria
3385 1588 3563 1642 scien—

1985 1677 2168 1745 tiaque
2199 1678 2514 1743 suscitetur,
2550 1690 2766 1752 arguat.
2824 1679 2940 1735 Non
2990 1679 3135 1733 enim
3168 1678 3306 1732 idem
3336 1688 3419 1732 est
3449 1692 3565 1731 ma-

1985 1770 2090 1823 lam
2143 1771 2196 1823 in
2226 1772 2521 1840 quemdam
2572 1772 2773 1826 habere
2820 1771 3255 1841 dispositionem,
3290 1778 3346 1823 et
3373 1770 3566 1822 memi-

1987 1860 2129 1914 uisse
2162 1862 2448 1930 quemdam
2477 1875 2597 1917 esse
2629 1862 2852 1916 malum.
2886 1860 3063 1917 Unum
3100 1859 3309 1915 scilicet
3337 1859 3564 1912 ultionis

300 1944 407 2011 γὰρ
440 1946 663 2015 ἀμύνης
691 1942 875 2017 ἔργον,
910 1948 971 2000 τὸ
1004 1949 1060 2002 δὲ
1106 1949 1271 2020 ψιλῆς
1308 1944 1586 2019 γνώσεως.
1622 1946 1734 2003 Ἦν
1767 1952 1876 2020 ἀρα

1997 1961 2061 2002 est
2089 1965 2245 2019 opus,
2301 1951 2444 2005 aliud
2470 1962 2647 2007 autem
2710 1968 2859 2022 μοι-ιο
2889 1952 3152 2007 notiouis.
3211 1950 3362 2017 Quod
3417 1950 3560 2002 idem

300 2039 524 2097 ταυτὸν,
555 2039 979 2107 ἀργυραμοισοῦ
1004 2041 1301 2108 ἀφελέσθαι
1332 2043 1431 2109 τὴν
1454 2042 1691 2111 βάσανον
1708 2042 1876 2107 λίθον,

299 2129 391 2180 καὶ
414 2126 711 2196 ἀνθρώπου
739 2128 1017 2199 διάκρισιν
1051 2132 1150 2200 τὴν
1177 2132 1236 2184 εν
1278 2149 1337 2185 τε
1384 2132 1568 2194 καλοῖς
1598 2131 1656 2184 ἐν
1687 2148 1746 2184 τε
1782 2148 1882 2184 κα-

302 2220 438 2281 κοῖς.
476 2217 692 2274 Οὐκοῦν
722 2221 1048 2291 διακρίσεως
1085 2223 1246 2293 ἔργον
1293 2224 1393 2293 τῆς
1435 2225 1577 2276 κατὰ
1621 2222 1866 2291 πνεῦμα.

306 2309 639 2378 μεμνῆσθαι,
698 2310 887 2379 ὥσπερ
938 2313 1259 2385 εὐεργεσίας
1314 2317 1405 2370 ἐπὶ
1462 2315 1868 2381 ἀνταποδόσει,

302 2398 442 2452 οὕτω
469 2400 527 2453 δὲ
573 2403 665 2452 καὶ
718 2402 1010 2468 κακώσεως
1037 2406 1137 2458 οὐκ
1169 2406 1262 2458 ἐπὶ
1309 2403 1518 2478 ἀμύνῃ,
1565 2406 1682 2460 ἀλλ’
1738 2405 1880 2458 ὥστε

304 2497 576 2549 ἐκκλίνειν
610 2500 738 2560 τοὺς
771 2501 1022 2565 κακούς..

372 2587 489 2657 mf.
518 2589 720 2654 Κακῶς
747 2595 945 2657 ποιεῖν,
962 2592 1063 2647 Θεέ
1083 2594 1289 2665 Σῶτερ,
1315 2595 1389 2666 μὴ
1412 2595 1480 2649 ἂν
1504 2594 1769 2663 ἐθέλοιμι,
1788 2592 1880 2646 τὸν

304 2680 472 2733 κακὸν
498 2681 555 2735 δέ
576 2682 800 2746 εἰδέναι,
825 2682 969 2745 ὥστε
999 2685 1093 2737 καὶ
1121 2685 1434 2754 ἐκφεύγειν,
1465 2685 1753 2755 εύτυχοίην
1785 2684 1877 2738 διὰ

306 2769 424 2828 σοῦ.
457 2766 595 2825 Οἶδα
628 2774 797 2827 κακὸν
819 2774 910 2827 τὸν
933 2773 1082 2845 ὅφιν,
1117 2777 1215 2829 καὶ
1245 2776 1356 2830 οὐδ’
1378 2776 1444 2830 ἂν
1469 2775 1756 2846 λαθοίμην,
1778 2775 1876 2845 οὐχ

305 2860 443 2916 ὥστε
484 2864 594 2932 μὴν
610 2865 705 2916 καὶ
721 2864 1226 2932 ἀντικαθίστασθαι,
1246 2866 1362 2919 ἀλλ’
1380 2866 1455 2929 ὡς
1489 2866 1707 2936 μακρὰν
1721 2863 1887 2918 αὐτοῦ

306 2952 573 3021 τίνεσθαι.
593 2955 658 3007 Et
674 2954 729 3008 δέ
744 2972 876 3010 ποτε
894 2957 993 3010 καὶ
1009 2956 1284 3011 ἀντιδότου
1306 2958 1403 3027 τῆς
1419 2957 1478 3022 ἐξ
1491 2957 1656 3010 αὐτοῦ
1671 2956 1885 3025 δέομαι,

310 3044 405 3112 6ψέ
439 3062 535 3114 μοι
562 3044 724 3099 τοῦτο
743 3046 966 3114 γίνοιτο,
985 3050 1080 3102 καὶ
1111 3047 1247 3119 μηδέ
1272 3047 1685 3118 προσφεροίμην
1727 3047 1889 3100 αὐτό-

309 3151 497 3205 χρημα
514 3136 912 3206 ἐχιδναν,·ἀλλά
929 3139 1068 3193 κατά
1085 3139 1412 3210 είδοποίησιν
1434 3141 1889 3211 μεταποιητικήν.

380 3226 489 3287 πθ’.
562 3225 637 3282 Ὦ
687 3230 888 3298 νόμοι,
953 3232 1327 3300 ἀμνησίκακοι
1382 3231 1479 3302 μὲν
1536 3231 1602 3285 δι’
1671 3232 1888 3297 αίῶνος,

1983 2051 2148 2105 esset,
2181 2042 2460 2110 trapezitae
2517 2043 2749 2112 lapidem
2814 2042 3040 2113 Lydium
3091 2040 3328 2104 auferre,
3379 2039 3560 2093 homi-

1987 2130 2175 2197 nisque
2206 2132 2257 2184 iu
2301 2132 2455 2186 bouis
2486 2142 2541 2186 et
2574 2132 2751 2207 malis.
2766 2133 3148 2186 discretionem
3193 2130 3402 2185 tollere.
3442 2128 3561 2181 Dis-

1984 2221 2244 2285 cretionis
2274 2223 2440 2291 igitur
2474 2223 2779 2292 spiritualis
2809 2233 2893 2277 est
2920 2238 3061 2293 opus
3098 2220 3437 2280 meminisse,
3476 2218 3560 2272 si-

1983 2311 2094 2365 cuti
2128 2313 2524 2379 bcnelicentiae,
2553 2316 2619 2368 ad
2645 2314 3083 2381 retributionem,
3114 2314 3194 2367 sic
3215 2311 3377 2367 etiam
3407 2323 3569 2365 vexa-

1989 2402 2175 2465 tionis,
2209 2419 2315 2458 non
2350 2407 2414 2460 ad
2443 2407 2765 2470 vindictam,
2818 2406 2912 2461 sed
2947 2406 3013 2461 ad
3049 2406 3317 2461 malorum
3360 2402 3564 2473 fugam.

2058 2583 2147 2639 88.
2176 2582 2316 2641 Male
2337 2584 2541 2650 facere,
2592 2586 2732 2642 Deus
2755 2582 3023 2650 Salvator,
3052 2599 3159 2638 non
3189 2581 3389 2648 velim;
3448 2595 3565 2637 ma-

1991 2678 2099 2732 lum
2147 2690 2324 2734 autem
2357 2696 2603 2747 noscere,
2637 2690 2697 2736 ut
2738 2682 2888 2735 illum
2920 2681 3196 2749 ell‘ugiam,
3234 2694 3327 2747 per
3356 2687 3409 2735 te
3461 2680 3565 2730 ob—

1993 2771 2219 2841 tingant.
2253 2770 2447 2826 Malum
2484 2774 2607 2828 novi
2638 2783 2947 2843 serpentem
2986 2781 3044 2825 et
3088 2787 3198 2824 non
3248 2770 3564 2829 obliviscar,

1994 2875 2103 2914 nou
2170 2869 2228 2914 ut
2275 2861 2562 2929 obsistam,
2611 2862 2708 2919 sed
2768 2872 2829 2917 ut
2888 2861 3076 2930 procul
3106 2860 3290 2915 abillo
3322 2859 3465 2912 (iatn.
3504 2855 3562 2911 Si

1998 2963 2126 3003 vero
2141 2951 2466 3022 quandoque
2498 2952 2626 3005 mihi
2660 2953 2900 3007 antidoto
2935 2967 3000 3007 ex
3034 2950 3124 3006 illo
3144 2966 3278 3019 opus
3294 2961 3400 3011 εει.
3455 2948 3559 3001 hoc

1990 3038 2119 3112 mihi
2145 3056 2270 3096 sero
2300 3042 2415 3105 ﬁat,
2449 3056 2551 3098 nec
2596 3042 2771 3113 reipsa
2791 3042 2858 3097 ad
2884 3045 3118 3112 viperam
3158 3041 3434 3106 accedam,
3460 3038 3568 3095 nisi

1991 3135 2309 3189 secundum
2336 3136 2631 3203 specialem
2688 3133 3089 3190 transmutaudi
3151 3134 3564 3203 proprietatem.

2067 3227 2155 3283 89.
2200 3228 2243 3283 Ο
2304 3228 2469 3299 leges,
2509 3245 2630 3300 qua:
2661 3245 2934 3299 nunquam
2992 3229 3116 3284 mali
3154 3241 3419 3282 memores
3447 3226 3569 3295 qui-

307 3317 406 3372 οὐκ
435 3318 645 3382 είδότες
673 3318 733 3371 δὲ
753 3293 945 3386 ⁷φιλεῖν
978 3293 1111 3383 τοὺς
1153 3321 1359 3383 κακοὺς
1382 3293 1476 3372 διὰ
1514 3320 1575 3372 τὸ
1598 3322 1720 3373 καθ’
1748 3293 1888 3390 ὑμᾶς

1997 3321 2117 3376 dem
2155 3293 2472 3384 fuistisfsed
2500 3293 2723 3390 propter
2746 3293 3138 3377 humanitatem
3171 3328 3429 3381 vestram,
3451 3293 3568 3371 ma-

316 3406 726 3477 φιλάνθρωπον·
757 3402 803 3462 ὧ
850 3409 1104 3474 κολάσεις
1147 3411 1353 3463 ἐκεῖναι
1398 3411 1534 3481 πρὸς
1565 3410 1719 3482 δίκην
1765 3409 1894 3466 ald)-

308 3516 434 3562 νιοι.
464 3491 544 3553 ὧν
600 3502 972 3570 μνησικακίαν
1029 3503 1131 3556 οὐκ
1175 3500 1240 3554 ἀν
1299 3506 1586 3557 κατειπεῖν
1645 3503 1893 3574 τολμήσῃ

308 3602 411 3655 τις·
440 3591 750 3663 συνάρασθε
766 3594 899 3664 ἡμῖν
915 3594 1009 3647 καὶ
1029 3593 1120 3647 τοῦ
1142 3592 1324 3663 λόγου,
1341 3595 1691 3658 συλλάϐεσθε,
1712 3599 1800 3651 ὅτε
1827 3599 1894 3652 ἂν

314 3681 584 3753 λέγοιμεν,
648 3684 1042 3753 ἀμνησικάκως
1104 3687 1203 3753 μὲν
1246 3685 1423 3756 ἔχειν,
1476 3688 1810 3757 μεμνῆσθαιὲ
1835 3688 1894 3741 δὲ

310 3775 635 3838 κακώσεως.
678 3775 870 3844 Ὑμεῖς
938 3777 1171 3848 μὲνγὰρ
1229 3778 1452 3849 suam
1482 3781 1617 3842 τοὺς»
1670 3780 1894 3841 κακούς.

311 3868 465 3938 ἡμεῖς
492 3868 551 3919 δὲ
576 3866 738 3936 μόνον
758 3869 1110 3937 μεμνήμεθα,
1146 3870 1196 3923 εί
1215 3870 1266 3923 τί
1294 3887 1394 3922 που
1415 3870 1688 3939 πάθοιμεν
1720 3869 1895 3935 ἐξούκ

309 3959 515 4026 ἀγαθοῦ
542 3957 857 4028 ἀνθρώπου,
920 3954 979 4013 οὗ
1025 3964 1118 4015 καὶ
1177 3961 1621 4032 ἐξαιρεθείημεν.
1667 3962 1897 4037 Βαρὺδὲ

314 4051 526 4113 πάντως
542 4051 643 4119 οὐχ
669 4053 703 4120 ἡ
731 4053 919 4120 μνήμη
942 4051 1035 4104 τοῦ
1057 4051 1254 4118 κακοῦ,
1295 4054 1409 4106 ἀλλ’
1447 4055 1480 4124 ῄ
1510 4054 1887 4120 ὲπεξέλευσις.

382 4161 453 4232 ιε.
483 4160 645 4227 Εἶτα,
680 4157 725 4217 ὦ
754 4164 1001 4233 λογισταὶ
1033 4164 1142 4219 τῶν
1181 4166 1353 4237 ἐμῶν,
1401 4165 1514 4237 ἐγὼ
1547 4168 1644 4238 μὲν
1677 4184 1894 4239 μεμνη-

319 4254 505 4325 μένος,
539 4255 620 4319 ὡς
649 4256 819 4309 κακὸν
852 4256 1105 4328 πάθοιμι,
1143 4258 1458 4331 κληροῦμαι
1496 4259 1667 4327 ὄνομα
1703 4278 1894 4331 φορτι-

322 4344 437 4400 κόν·
470 4347 634 4415 ὑμεῖς
667 4345 725 4399 δέ
754 4346 806 4399 oi
833 4347 1095 4411 ἀναιτίως
1140 4349 1521 4419 ἀλογιζόμενοι
1552 4350 1674 4404 καθ’
1706 4354 1738 4421 ἡ
1750 4352 1890 4422 μῶν,

320 4436 427 4489 τῶν
447 4440 546 4493 καὶ
563 4436 920 4506 ὠφελούντων
942 4439 1010 4493 τά
1027 4440 1217 4505 πλείω,
1237 4441 1395 4505 ποίας
1414 4442 1648 4506 ἑαυτοὺς
1677 4443 1895 4508 ἀξιοῦτε

323 4526 599 4594 κλήσεωςς
645 4526 976 4598 ’Δκούσομαι
1000 4529 1242 4599 πρῶτον,
1270 4530 1324 4583 εἴ
1343 4547 1407 4599 γε
1440 4533 1534 4586 καὶ
1561 4532 1781 4603 λαλήσει
1806 4550 1890 4596 τις

1994 3411 2076 3466 los
2087 3427 2272 3468 amare
2289 3414 2530 3469 nescitis!
2555 3414 2825 3482 Ujustitiac
2844 3413 3154 3483 punitiones
3174 3422 3411 3470 alterum,
3432 3422 3567 3477 qua-
3620 3444 3623 3447 -

1994 3518 2110 3557 rum
2137 3504 2260 3558 tnali
2281 3506 2594 3566 memoriam
2622 3506 2951 3573 erprobrare
2972 3503 3149 3572 nullus
3164 3505 3385 3557 auderet
3404 3501 3569 3556 lSuc-

1994 3598 2193 3651 currite
2218 3598 2369 3650 nobis
2391 3608 2583 3655 etcum
2617 3598 2824 3651 ratione
2872 3597 3080 3666 iuvate,
3142 3611 3266 3649 cum
3331 3594 3567 3649 dicimus

1995 3705 2092 3744 nos
2116 3704 2239 3745 esse
2256 3691 2469 3761 quidem
2499 3691 2613 3746 siue
2644 3691 2770 3746 mali
2810 3690 3096 3756 memoria,
3125 3687 3426 3747 vexationis
3465 3701 3567 3739 au-

1995 3791 2099 3837 tetu
2127 3782 2463 3837 meminisse.
2519 3780 2627 3835 Vos
2649 3783 2864 3848 quidem
2926 3782 3069 3836 enim
3119 3778 3564 3848 ntalosalnigitis,

1994 3887 2091 3928 uos
2112 3883 2292 3927 autent
2317 3872 2491 3927 solum
2515 3872 2882 3934 meminimus,
2907 3872 2950 3926 si
2974 3871 3102 3939 quid
3126 3870 3268 3938 passi
3304 3868 3567 3936 fuerimus

1992 3980 2058 4020 ex
2085 3965 2303 4031 bomi‘ue
2327 3979 2434 4019 non
2464 3963 2621 4029 bono,
2642 3964 2911 4033 quomodo
2933 3963 3242 4017 liberemur.
3266 3960 3565 4015 Onerosum

1993 4067 2173 4115 autem
2201 4068 2284 4111 eat
2312 4054 2555 4121 omnino,
2582 4071 2686 4111 nou
2715 4054 2972 4108 memoria
3006 4052 3154 4118 mali,
3174 4052 3265 4106 sed
3302 4050 3562 4121 vindicta.

2063 4165 2153 4222 90.
2207 4165 2433 4231 Deinde,
2493 4179 2736 4219 meormu
2795 4164 3153 4233 inspectores,
3210 4175 3310 4229 ego
3342 4157 3561 4229 quidem

1992 4258 2317 4323 recordans,
2352 4260 2498 4327 quod
2535 4257 2736 4312 malum
2771 4254 2875 4310 sim
2918 4269 3133 4323 passus,
3169 4268 3336 4324 grave
3368 4266 3565 4307 nomen

1992 4352 2235 4407 sortior:
2283 4346 2594 4407 trusantem
2634 4349 2725 4418 qui
2761 4348 2881 4402 sine
2907 4360 3065 4400 causa
3097 4355 3283 4399 contra
3312 4358 3408 4397 nos
3433 4343 3572 4396 irra-

1992 4441 2320 4499 tionabiliter
2349 4440 2611 4502 ferimini,
2633 4449 2817 4509 contra
2842 4453 2938 4492 nos
2966 4437 3057 4508 qui
3082 4437 3372 4504 plurimum
3405 4434 3566 4488 utiles

1995 4535 2213 4604 fuimus,
2249 4531 2394 4601 quali
2413 4546 2507 4585 vos
2531 4532 2674 4600 ipsos
2696 4528 3055 4598 appellatione
3078 4522 3572 4593 dignosjudicatis‘l

321 4616 706 4690 τεθαρρηκὼς,
738 4618 834 4672 καὶ
856 4618 980 4672 τότε
1009 4620 1376 4691 ἀντιλαλήσω,
1408 4622 1552 4694 ἆπερ
1588 4625 1881 4679 ὑποϐαλεῖ-

1997 4623 2229 4682 Brimum
2242 4620 2476 4685 audiam,
2491 4621 2532 4675 si
2551 4620 2671 4687 quis
2689 4616 3174 4672 liducialiteraudet
3191 4615 3575 4693 loqui,postea-

322 4725 411 4764 ται
441 4711 500 4763 τὸ
526 4709 878 4779 λογιζόμενον
906 4712 1004 4781 τῆς
1034 4711 1234 4782 ψυχῆς.
1263 4714 1427 4781 Ὀφιν
1455 4717 1566 4783 ὁρῶ
1594 4718 1894 4788 τηρητικδν

326 4803 562 4872 πτέρνης
616 4800 716 4869 τῆς
746 4800 868 4855 κατ’
911 4801 1038 4872 ἐμέ.
1088 4803 1248 4865 nolo;
1302 4802 1397 4856 οὖν
1456 4804 1600 4859 οὕτω
1636 4808 1897 4874 γεννάδας

329 4892 465 4945 κατά
500 4891 600 4958 τῆς
651 4892 709 4942 ἐν
742 4891 869 4960 ἐμοὶ
922 4891 1164 4961 φοϐερᾶς
1214 4892 1525 4958 εὐλαϐείας,
1583 4895 1641 4958 ὃς
1678 4897 1900 4967 ἐκτεμεῖ

326 4986 418 5053 τῆς
446 4986 627 5055 ψυχῆς
654 4986 713 5036 τὸ
746 4986 838 5037 καὶ
864 4985 1170 5056 ὑφορᾶσθαι
1196 4989 1289 5040 καὶ
1319 4988 1565 5056 φεύγειν,
1596 4989 1724 5043 ἔνθα
1739 4994 1901 5064 χρεία

329 5080 417 5131 καὶ
449 5075 541 5128 τοῦ
574 5074 753 5139 ἄλλως
790 5077 917 5145 ἐμοὶ
950 5076 1100 5146 αὐτῷ
1139 5076 1374 5147 βοηθεῖν,
1421 5080 1533 5149 εἴτε
1562 5080 1899 5155 αὐτοχειρίᾳ,

329 5168 433 5220 εἴτε
466 5169 565 5221 καὶ
615 5168 759 5221 κατὰ
798 5167 1139 5239 πρόσκλησιν
1172 5171 1578 5242 ἐπικουρικήν;
1634 5172 1788 5226 Λέων
1814 5173 1901 5227 ἐπ’

332 5258 454 5327 ἐμοὶ⁸
474 5257 774 5328 ἐνεδρεύει,
803 5261 898 5325 καὶ
919 5257 1137 5330 ἀνᾲγκη
1165 5261 1338 5327 πᾶσα,
1350 5261 1548 5331 ἑτέραν
1566 5262 1901 5333 τραπέσθαι.

331 5348 724 5420 Μεγαλὸψυχος
762 5349 856 5403 οὖν
882 5352 977 5403 καὶ
1004 5352 1296 5422 εύκάρδιος
1335 5355 1362 5406 ὁ
1394 5352 1585 5423 ἀξιῶν,
1623 5353 1698 5425 μὴ
1733 5354 1902 5408 δεδιέ-

1997 4730 2104 4786 que
2114 4722 2304 4771 contra
2320 4713 2534 4779 loquar,
2549 4724 2666 4777 qua:
2689 4706 2928 4781 suggerit
2946 4704 3139 4758 mentis
3157 4703 3427 4773 cogitatio.
3446 4700 3574 4754 Ser-

1998 4812 2214 4875 pentem
2238 4799 2394 4854 video
2423 4797 2732 4852 calcaueum
2754 4808 2929 4847 meum
2956 4794 3362 4855 observantem.
3402 4788 3568 4841 Num-

1999 4893 2127 4962 quid
2168 4904 2299 4959 ergo
2332 4888 2411 4942 sic
2442 4898 2737 4955 generosus
2766 4884 2871 4937 erit
2915 4890 3101 4947 contra
3132 4880 3369 4933 timidam
3398 4890 3572 4930 meam

1996 4981 2573 5051 circumspectionem,
2605 4976 2695 5044 qui
2730 4976 2928 5028 animte
2961 4972 3360 5041 suspectionem
3391 4985 3454 5024 ac
3487 4968 3575 5021 fu-

2002 5089 2123 5147 gam
2157 5071 2464 5135 subtrahet,
2495 5069 2585 5123 ubi
2606 5068 2671 5135 de
2691 5076 2890 5137 caetero
2922 5065 3055 5131 mihi
3097 5062 3201 5134 ipsi
3244 5076 3571 5117 succurren-

2004 5166 2131 5223 dum
2176 5173 2343 5229 esset,
2402 5162 2517 5216 sive
2550 5160 2767 5231 propria
2802 5174 2991 5222 manu,
3053 5158 3169 5212 sive
3197 5155 3579 5224 exhortatione

2001 5258 2266 5331 iuvante?
2296 5255 2408 5328 Leo
2428 5254 2559 5325 mihi
2591 5251 2875 5307 insidiatur
2905 5260 2959 5305 et
2989 5248 3217 5304 omnino
3241 5262 3466 5303 necesse
3495 5255 3580 5302 est

2008 5367 2061 5410 ut
2087 5357 2188 5410 iter
2222 5352 2327 5406 alio
2350 5358 2590 5417 vertatur
2620 5364 2633 5401 :
2699 5344 3083 5415 magnanimus
3117 5345 3286 5415 igitur
3331 5351 3385 5397 et
3418 5356 3583 5418 gene-

336 5457 438 5504 ναι,
469 5442 609 5493 ἀλλὰ
638 5442 893 5504 πελάζειν
927 5443 1102 5516 θηρίῳ
1134 5444 1542 5516 ὁποκαθημένῳ
1578 5446 1717 5518 πρὸς
1746 5447 1888 5501 θάνα-

2011 5458 2167 5500 rosus
2197 5451 2275 5496 est
2299 5440 2391 5508 qui
2416 5439 2624 5508 judicat
2650 5451 2755 5489 non
2799 5449 2922 5489 esse
2949 5431 3386 5496 timendum,sed
3425 5443 3578 5482 acce-

335 5546 445 5584 τον.
501 5530 658 5585 Τίδέ
688 5532 750 5601 οὐ
781 5533 984 5607 λέγεις,
1046 5530 1094 5599 ,ὦ
1144 5534 1362 5605 aesaes,
1425 5536 1764 5606 μνησίκακον
1814 5540 1888 5590 κα¹

2011 5535 2246 5592 dcndum
2288 5532 2416 5585 ferae
2445 5530 2512 5599 ad
2541 5540 2768 5590 mortem
2798 5528 3109 5597 accubanti.
3141 5525 3279 5593 Quid
3310 5538 3439 5578 vero
3473 5534 3576 5572 non

337 5619 425 5671 τὸν
454 5621 593 5691 μετά
613 5619 818 5691 βλάϐην
848 5620 1172 5679 διδάσκοντα
1195 5626 1290 5678 καὶ
1316 5625 1646 5679 παιδεύοντα
1665 5627 1789 5689 τοὺς
1813 5644 1913 5681 κα-

340 5709 650 5776 κώσαντας,
682 5715 775 5765 καὶ
802 5712 945 5768 οὕτω
973 5716 1351 5792 μεμνημένον,
1375 5715 1453 5769 ὃτι
1480 5717 1786 5785 κεκάκωται
1805 5735 1819 5784 ;
1840 5719 1913 5773 Ἦ

342 5797 556 5863 πάντως
587 5802 765 5865 ὀκνεῖς
810 5804 987 5858 εἰπεῖν
1034 5804 1226 5874 τοῦτο,
1268 5804 1664 5877 εὐλαϐούμενος
1711 5806 1913 5879 ψεύσα-

351 5889 510 5960 σθαι,

2014 5625 2174 5687 dicis,
2237 5619 2429 5685 frater,
2467 5619 2590 5673 mali
2621 5632 2919 5673 memorem
2961 5620 3123 5670 etiam
3159 5615 3303 5667 illum
3332 5613 3422 5679 qui
3456 5621 3579 5677 post

2012 5714 2265 5781 iniuriam
2298 5713 2457 5766 docet
2510 5719 2565 5764 et
2618 5710 2799 5765 erudit
2846 5707 3246 5769 malefactores,
3274 5711 3329 5756 et
3356 5701 3432 5764 ita
3463 5716 3580 5756 me—

2015 5805 2170 5862 minit
2216 5819 2336 5859 sese
2378 5802 2545 5859 fuisse
2577 5800 2868 5856 vexatum?
2906 5794 3174 5865 Numquid
3230 5794 3329 5851 hoc
3358 5806 3582 5864 prorsus

2014 5897 2197 5955 dicere
2222 5897 2425 5967 tardas,
2462 5891 2806 5950 mendacium
2840 5887 3083 5946 veritus!
