3968 6244
478 319 588 386 483

1192 324 1609 386 EUSTATHII
1646 324 1936 389 THESSA
1949 321 2400 384 LONICENSIS
2431 317 2994 385 METROPOLlT/F.

3618 313 3722 380 ιει

541 439 630 494 91.
664 439 931 508 Telephus
960 454 990 493 e
1027 439 1191 511 Mysia
1222 444 1540 496 vulneratus
1589 448 1673 496 est
1705 459 1720 495 :
1771 439 2034 505 Achilles,

2209 444 2317 506 ιιαθ.
2355 440 2603 512 Τήλεφος
2637 439 2664 491 ό
2696 437 2759 490 ὲκ
2794 432 3013 496 Μυσίας
3061 430 3300 501 ἐπλήγη·
3348 429 3641 502 ’Δχιλλεὺς
3699 429 3727 484 ό

473 530 566 598 qui
597 531 1254 595 vulnerarerat,sanarit.
1285 530 1529 586 Meminit
1554 531 1731 603 Mysus
1772 533 1921 588 mali.
1946 529 2046 583 ilic

472 623 753 677 memoria
809 623 1089 677 concurrit
1138 623 1446 679 sanationis
1491 625 1810 693 cogitatum,
1867 633 1922 678 et
1977 622 2045 677 ad

472 726 655 782 grates
681 714 907 769 inducit.
940 713 1048 769 Nec
1067 715 1516 771 intermiSsioucs
1543 716 1891 771 inimicorum
1918 724 2049 770 sunt

474 807 600 860 mali
667 821 954 862 memores.
1008 806 1214 863 Etenim
1247 810 1301 863 in
1351 809 1459 865 illis
1485 808 1647 864 hodie
1686 806 1955 872 amicitia,
1993 813 2048 860 et

475 896 634 966 paulo
669 909 790 963 post
827 912 1016 967 [mgna
1070 899 1298 953 malitia.
1346 898 1411 954 Et
1441 915 1591 963 ecce,
1624 896 2047 954 intermissionis

473 984 711 1037 amicitia
750 987 1064 1039 ntemoriam
1096 988 1312 1057 quidem
1348 987 1581 1043 habebnt
1607 988 1752 1050 mali,
1779 1004 1885 1042 non
1915 1002 2046 1040 Sane

426 1136 427 1139 η
474 1076 602 1127 mali
636 1077 981 1142 meminerat,
1043 1093 1141 1132 nec
1169 1088 1405 1135 veterem
1432 1080 1566 1133 iram
1597 1079 1796 1133 habere
1824 1077 2047 1139 rideba-

475 1173 605 1225 tur:
638 1176 871 1222 attamen
918 1170 1121 1224 interea
1166 1172 1486 1226 memoriam
1517 1172 1714 1226 habent
1759 1180 1815 1225 et
1849 1184 2047 1239 specu‘

474 1256 694 1320 latores,
716 1267 792 1325 et,
814 1273 1002 1316 manes
1026 1242 1349 1318 insidiarum
1406 1264 1504 1317 vim
1546 1262 1825 1326 custodes,
1875 1261 1926 1315 in
1956 1276 2051 1329 spe

474 1349 628 1404 mali.

546 1461 634 1516 92.
667 1462 1003 1534 Proindeqne
1032 1481 1153 1537 ego,
1193 1467 1238 1522 si
1276 1482 1363 1523 me
1396 1467 1641 1523 noverim
1679 1465 2055 1534 implacabiles

478 1552 728 1609 inimicos
772 1555 992 1620 habere,
1033 1560 1265 1613 solerter
1317 1574 1413 1615 eos
1453 1567 1514 1612 ut
1562 1558 1732 1613 malos
1775 1556 2051 1616 devitabO,

479 1641 535 1697 in
576 1646 833 1698 memoria
866 1661 1081 1715 semper
1103 1663 1317 1704 recens.
1354 1647 1596 1716 Nonjam
1632 1648 1758 1721 inde
1781 1647 1908 1701 mali
1942 1661 2054 1699 me-

482 1737 637 1802 ntini,
673 1738 767 1792 sed
799 1738 1000 1808 ubique
1040 1741 1357 1795 memoriam
1396 1740 1521 1794 mali
1562 1738 1817 1794 tutoriam
1856 1736 2049 1798 habeo,

2156 528 2254 580 καὶ
2286 528 2509 600 τρώσας
2547 527 2758 580 ἰάσατο.
2813 523 3104 593 Μέμνηται
3132 519 3161 572 ό
3191 521 3376 583 Μυσὸς
3404 520 3500 574 τοῦ
3534 519 3726 581 κακοῦ,

2161 620 2433 675 Ἐνταῦοα
2486 620 2681 689 μνήμῃ
2717 616 3069 685 συνεκτρέχει
3109 613 3171 667 τὸ
3205 613 3304 683 τῆς
3335 612 3524 680 ὑγείας
3572 612 3729 665 ἐνθύ-

2151 732 2295 785 μιον,
2332 715 2426 768 καὶ
2481 711 2793 779 συνεισάγει
2818 708 2878 762 τὸ
2912 706 3262 779 εὐχάριστον.
3300 703 3437 759 Οὐδὲ
3488 705 3548 757 αἱ
3601 705 3728 756 ἀνα-

2148 804 2326 876 κωχαὶ
2376 803 2486 857 τῶν
2541 798 2818 871 πολέμωνῖ
2857 798 3239 870 μνησικακίαι.
3315 795 3426 849 Καὶ
3492 793 3602 864 μὴν
3672 796 3727 846 ὲν

2149 896 2339 955 αὐταῖς
2363 893 2515 962 φιλία
2548 893 2813 962 σήμερον,
2836 889 2932 943 καὶ
2954 885 3074 961 μετ’
3101 885 3285 954 ὀλίγον
3319 886 3503 956 μάχης
3537 882 3724 937 κακία.

2151 986 2262 1038 Καὶ
2296 984 2407 1055 ἱδοὴ
2440 984 2475 1054 ή
2506 982 2648 1037 κατὰ
2694 977 2986 1051 ἀνακωχὴν
3037 976 3194 1047 φιλία
3230 976 3453 1047 μνήμην
3495 974 3597 1045 μὲν
3634 993 3728 1028 κα-

2150 1076 2248 1130 κοῦ
2284 1074 2452 1145 εἶχεν,
2493 1075 2553 1127 οὐ
2618 1072 2729 1145 μὴν
2784 1073 2880 1127 καὶ
2939 1069 3353 1142 ἐμνησικάκει,”·
3389 1066 3509 1120 οὐδὲ
3575 1065 3733 1121 κότον

2150 1168 2298 1237 ἔχειν
2348 1165 2521 1219 ἐδόκει
2550 1182 2563 1195 ·
2602 1164 2719 1218 ἀλλ’
2776 1165 2836 1218 ἐν
2887 1163 2966 1230 τῷ
3015 1161 3243 1232 μνήμην
3296 1159 3483 1230 ἔχουσι
3532 1159 3630 1210 καὶ
3677 1157 3732 1209 ai

2153 1258 2591 1320 ἀποσκοπεύσεις
2630 1254 2726 1309 καὶ
2771 1256 2922 1311 πᾶσα
2951 1253 3167 1325 φρουρὰ
3205 1252 3476 1325 προδοκῆς
3507 1249 3649 1315 ὁδοῦ,
3681 1249 3731 1302 ai

2154 1345 2277 1400 κατ’
2307 1345 2499 1399 ἐλπίδα
2535 1341 2737 1398 κακοῦ.

2223 1459 2329 1529 ιιβ’.
2361 1458 2572 1514 Οὐκοῦν
2603 1460 2696 1513 καὶ
2737 1456 2871 1525 ἐγὼ,
2905 1458 2957 1511 εί
2981 1474 3084 1510 που
3114 1455 3307 1526 γνοίην
3357 1453 3507 1524 ἔχειν
3533 1453 3732 1507 detriv-

2152 1553 2276 1616 δους
2308 1552 2556 1623 ἐχθροὺς,
2594 1549 2908 1619 φυλάξομαι
2935 1550 3062 1604 κατ’
3094 1549 3382 1619 ἀγχίνοιαν
3418 1544 3623 1608 αὐτοὺς
3657 1545 3731 1606 ὠς

2154 1645 2383 1709 κακοὺς,
2416 1646 2512 1699 καὶ
2541 1644 2750 1708 νεάζων
2787 1644 2874 1697 ἀεὶ
2918 1644 2985 1712 τῇ
3032 1642 3248 1716 μνήμῃ.
3295 1640 3409 1692 Οὐκ
3439 1638 3541 1707 ήδη
3606 1652 3737 1706 μνη-

2157 1737 2371 1793 σικακῶ
2398 1777 2412 1803 ,
2469 1736 2587 1789 ἀλλ’
2645 1734 2754 1804 ἔχω
2819 1738 3056 1787 πάντοτε
3108 1734 3334 1802 μνήμην
3392 1727 3734 1798 φυλακτικὴν

480 1826 739 1895 quoniam
784 1829 876 1883 isti
932 1829 1128 1899 ubique
1178 1841 1307 1885 sunt
1337 1831 1488 1894 mali,
1542 1846 1649 1883 non
1678 1820 1740 1882 tri
1784 1843 2052 1883 memores

2163 1828 2353 1892 κακοῦ,
2380 1829 2463 1882 ὅτι
2491 1827 2737 1881 κάκεῖνοι
2770 1824 3003 1878 πάντοτε
3036 1819 3223 1886 κακοὶ,
3267 1818 3367 1889 οὐχ
3406 1818 3482 1881 ὡς
3520 1831 3735 1887 μεμνη-

480 1921 631 1984 mali,
659 1921 750 1975 sed
799 1931 857 1975 ut
888 1937 1010 1977 vero
1039 1922 1141 1977 hoc
1186 1922 1381 1991 ipsum:
1404 1923 1533 1981 ntali
1587 1936 1886 1987 memores;
1914 1919 2057 1988 quod

480 2012 527 2064 si
583 2026 689 2066 non
750 2013 822 2067 ita
889 2014 1073 2081 foret,
1122 2015 1246 2085 quis
1305 2022 1611 2069 assumeret
1671 2013 1771 2069 sibi
1818 2013 2056 2079 scipsnm

483 2116 806 2158 consumere
857 2104 912 2159 in
948 2107 1203 2161 continua
1227 2108 1616 2185 recordatione
1642 2106 1952 2174 pravitatis.
2005 2112 2060 2157 vt

483 2194 762 2247 exhauriri
825 2194 1313 2262 sollicitudinibus,
1391 2208 1447 2252 et
1498 2197 1744 2251 fremitui
1809 2196 2056 2252 dentium

486 2283 704 2352 subjici,
741 2295 794 2339 et
817 2287 1130 2354 excogitare
1154 2296 1418 2352 tartarca,
1466 2298 1523 2343 et
1569 2288 1733 2341 vitam
1763 2287 2055 2341 humanam

488 2377 733 2441 mentiri,
757 2386 812 2435 et
840 2378 1031 2446 dilabi,
1069 2391 1123 2435 et
1157 2381 1370 2435 absumi
1403 2394 1657 2437 curarum
1688 2379 1944 2437 incendio
1978 2388 2060 2433 ta-

488 2468 906 2540 befactioneque
930 2473 1418 2539 machinationum,
1445 2473 1643 2542 quibus
1673 2472 1873 2543 aliquis
1904 2473 2058 2526 ferox

490 2562 608 2616 ﬂeri
636 2573 690 2617 et
721 2561 773 2617 iu
798 2562 1080 2619 Timonem
1107 2562 1485 2622 transformari
1523 2564 1744 2634 posset?

562 2763 653 2818 95.
690 2765 938 2818 Attamen
971 2779 1092 2831 ego,
1127 2766 1171 2819 si
1227 2765 1500 2835 quoddam
1535 2765 1677 2835 apud
1710 2778 1796 2820 me
1820 2763 2061 2836 indicem

492 2867 887 2925 preponeretnr
917 2871 1089 2925 genus
1120 2856 1309 2911 hilaris
1348 2856 1498 2921 vitae,
1553 2855 1810 2925 aliudque
1850 2871 2063 2909 rursum

495 2945 547 3009 in
581 2944 996 3014 cogitationibus
1041 2944 1326 3014 superﬂuis
1380 2956 1436 3000 et
1494 2946 1842 3012 maeroribus,
1870 2947 2068 3002 conde-

498 3036 832 3091 mnationem
858 3039 1269 3104 pronuntiarem
1291 3038 1551 3093 adversus
1568 3039 1918 3093 acerbitatem
1940 3055 2068 3095 con-

2164 1922 2317 1991 μένοι
2363 1919 2557 1985 κακοῦ,
2606 1918 2722 1974 ἀλλ’
2761 1918 2837 1980 ὡς
2887 1914 3104 1987 ἀληθῶς
3153 1911 3285 1967 αὒτδ
3322 1909 3485 1965 τοῦτο
3544 1908 3737 1978 μνησίο

2160 2029 2360 2068 κακοι·
2399 2012 2496 2075 ὡς,
2548 2011 2665 2079 εἴγε
2717 2012 2790 2081 μὴ
2839 2006 3034 2073 τοῦτο,
3073 2005 3158 2070 τίς
3211 2004 3281 2060 ἂν
3318 2003 3499 2058 ἕλοιτο
3549 1999 3738 2055 ἑαυτὸν

2161 2104 2441 2161 ἀπεσθίειν
2481 2104 2540 2156 ὲν
2588 2102 2667 2172 τῷ
2725 2098 3039 2171 μεμνῆσθαι
3085 2097 3262 2167 κάκης
3292 2097 3349 2158 ἐς
3374 2095 3435 2147 τὸ
3467 2091 3736 2165 διηνεκὲς,

2159 2200 2257 2252 καὶ
2300 2194 2565 2265 τήκεσθαι
2604 2192 2921 2263 μερίμναις,
2955 2188 3053 2244 καὶ
3098 2189 3179 2252 εἰς
3216 2185 3468 2258 βρυγμὸν
3509 2183 3740 2237 ὀδόντων

2161 2288 2472 2352 τάττεσθαι,
2536 2288 2630 2342 καὶ
2682 2282 3102 2356 βυσσοδομεύειν
3164 2277 3583 2347 ὑποταρτάρια,
3642 2275 3741 2327 καὶ

2161 2380 2455 2453 ψεύδεσθαι
2487 2379 2546 2433 τὸ
2575 2379 2676 2449 ζῇν
2705 2372 3071 2446 ἀνθρωπικῶς
3092 2412 3107 2434 ,
3157 2370 3255 2424 καὶ
3299 2367 3614 2440 ὑπορρἐιν,
3648 2365 3742 2419 καὶ

2163 2470 2565 2542 ἀμαλδύνεσθαι
2590 2466 2847 2538 τυφεδόνι
2874 2462 3178 2535 φροντίδων
3217 2462 3312 2513 καὶ
3347 2458 3595 2530 μεθόδων
3640 2474 3739 2526 τη-

2163 2563 2365 2628 κεδόνι,
2392 2561 2460 2615 δι’
2491 2553 2567 2614 ὧν
2597 2559 2661 2613 ἄν
2684 2576 2767 2621 τις
2796 2554 3180 2627 ἀποθηριοῖτο,
3215 2550 3248 2622 ἢ
3280 2549 3377 2604 καὶ
3403 2549 3485 2613 είς
3514 2548 3742 2619 Τίμωνα

2166 2651 2676 2727 μετανθρωπίζοιτο
2699 2666 2716 2717 ;

2238 2767 2346 2838 ια’.
2383 2770 2495 2822 Καὶ
2538 2769 2647 2838 μὴν
2676 2764 2806 2833 ἐγὼ,
2844 2764 2899 2817 εί
2916 2780 3002 2827 τις
3031 2761 3167 2833 παρ’
3198 2763 3326 2831 ἐμοὶ
3372 2761 3536 2832 κριτῇ
3566 2758 3744 2812 δίαιτα

2167 2864 2507 2935 ευτραπέλου
2537 2861 2654 2933 βίου
2690 2860 3002 2933 προέκειτο,
3040 2858 3137 2913 καὶ
3163 2851 3232 2912 αὖ
3264 2854 3430 2910 πάλιν
3459 2854 3556 2909 τοῦ
3601 2854 3744 2909 κατᾶ

2170 2955 2452 3025 περίνοιαν
2488 2954 2590 3007 οὐκ
2620 2951 2932 3021 ἀναγκαίαν
2962 2951 3061 3006 καὶ
3120 2948 3392 3013 σύννοιαν,
3419 2944 3742 3017 προύθέμην

2170 3046 2237 3100 ἂν
2265 3041 2684 3116 καταδιαιτῆσαι
2714 3043 2808 3097 τοῦ
2844 3041 3196 3111 ὲστυμμὲνου
3232 3038 3379 3093 κατὰ
3419 3037 3483 3090 τὸ
3510 3036 3742 3107 σύμϐιον

498 3126 670 3182 victus
708 3128 1047 3198 tristitiaeque
1109 3132 1482 3185 morositatem
1524 3139 1575 3191 et
1612 3131 2054 3186 contractionem.

2172 3140 2270 3192 ttat
2292 3155 2358 3190 πε
2370 3136 2756 3209 ρινενοημένου
2782 3136 2878 3187 καὶ
2906 3133 3246 3202 συνηγμένον
3281 3131 3361 3194 είς
3395 3130 3457 3183 τδ
3500 3128 3743 3199 ἀμειδές·

497 3219 576 3273 Ex
605 3220 815 3275 duobus
838 3221 982 3275 enim
1004 3221 1134 3287 illis,
1164 3219 1441 3279 Heraclito
1467 3222 1905 3293 Democritoqne,
1929 3238 2054 3294 quos

2173 3232 2297 3286 ἐπεὶ
2341 3232 2434 3285 καὶ
2461 3230 2608 3283 δυοῖν
2639 3226 2893 3291 ἐκείνοιν,
2940 3224 3305 3297 ’Ἡρακλείτου
3344 3240 3404 3278 τε
3436 3222 3536 3277 καὶ
3563 3225 3747 3290 Δημο-

498 3327 618 3366 rum
660 3328 800 3367 unus
848 3313 1308 3384 lacrymahundus
1342 3325 1461 3369 erat
1490 3331 1656 3385 super
1683 3315 1937 3373 humanis
1971 3317 2054 3369 mi-

2173 3324 2384 3395 κρίτου,
2423 3314 2497 3375 ὧν
2537 3322 2567 3374 ό
2613 3318 2712 3390 μὲν
2745 3318 3044 3389 ἀρίδακρυς
3074 3316 3354 3384 ἐξέϐαινεν
3386 3316 3480 3370 ἐπὶ
3527 3316 3642 3376 τοῖς
3671 3312 3748 3376 ὡς

498 3405 656 3459 seriis
688 3406 754 3457 ad
799 3405 971 3473 ipsius
1000 3405 1387 3476 experientiam
1435 3408 1676 3478 undique
1706 3408 2046 3463 venientibus

2174 3417 2434 3473 ἑκάστοτε
2471 3414 2702 3485 ἥκουσιν
2739 3411 2890 3481 αὐτῷ
2948 3410 3086 3482 πρὸς
3136 3410 3336 3480 πεῖραν
3380 3406 3750 3477 ἀνθρωπίνοις

503 3496 639 3551 alter
671 3505 852 3551 autem
885 3498 993 3552 risu
1033 3498 1390 3568 rumpebatur
1418 3501 1485 3556 de
1510 3501 1671 3557 rebus
1706 3500 1983 3565 humanis,
2017 3500 2052 3554 it

2177 3507 2557 3579 συμϐάμασιν,
2615 3507 2645 3559 ό
2677 3505 2737 3558 δὲ
2771 3503 2986 3573 γέλωτα
3033 3502 3415 3574 κατερρήγνυε
3464 3500 3573 3552 τῶν
3619 3499 3750 3565 παρ’

504 3587 792 3643 Democriti
828 3598 1037 3659 partem
1074 3592 1243 3660 magis
1269 3606 1470 3657 essem,
1496 3593 1621 3662 quia
1646 3593 1945 3648 secundum
1976 3592 2054 3645 hu

2174 3602 2483 3674 ἀνθρώποις
2508 3599 2872 3670 πραγμάτων,
2904 3597 3041 3667 πρὸς
3069 3594 3146 3664 τῷ
3175 3594 3508 3667 Δημοκρίτῳ
3541 3593 3748 3664 μᾶλλον

505 3694 717 3733 manant
774 3691 1021 3734 naturam
1072 3692 1177 3745 est,
1236 3697 1340 3753 qua
1395 3683 1673 3751 proprium
1724 3682 1958 3738 hominis
1992 3697 2051 3736 es

2176 3695 2313 3766 εἰμὶ,
2356 3693 2437 3746 ὅτι
2467 3691 2563 3744 καὶ
2591 3689 2729 3760 πρὸς
2760 3687 2897 3758 αὐτῇ
2932 3688 2998 3757 τῇ
3035 3688 3196 3753 φύσει
3247 3686 3314 3754 τῇ
3357 3683 3483 3738 κατ’
3535 3682 3753 3752 ἄνθρω-

503 3773 670 3830 risus.
720 3772 900 3828 Fletus
949 3775 1092 3829 enim
1148 3790 1253 3831 non
1296 3776 1347 3830 in
1389 3778 1636 3831 strictam
1687 3777 2053 3847 proprietaten

2176 3804 2298 3853 πον,
2335 3783 2456 3843 καθ’
2490 3785 2558 3855 ἢν
2597 3782 2796 3849 ἰδιότης
2842 3777 3132 3848 ἀνθρώπου
3173 3774 3235 3828 τὸ
3292 3773 3639 3844 γελαστικόν.
3678 3771 3757 3825 Τὸ

505 3868 669 3929 cadit,
712 3867 806 3921 sed
839 3882 924 3923 res
972 3878 1181 3922 natura:
1232 3867 1522 3935 adulterat,
1576 3869 1807 3940 ideoque
1834 3885 1942 3924 non
1974 3868 2054 3938 ips

2176 3876 2435 3945 δακρύειν
2484 3873 2596 3945 γὰρ
2631 3871 2758 3927 οὔτε
2798 3871 2880 3935 είς
2930 3869 3063 3924 ίδιόν
3093 3885 3147 3921 τι
3176 3865 3611 3938 ἀποκληροῦται,
3657 3863 3761 3918 καὶ

506 3961 830 4023 natura'iter
885 3970 1121 4025 amatur,
1170 3964 1266 4021 sed
1316 3962 1368 4017 in
1409 3963 1660 4033 passione
1684 3972 1738 4018 et
1765 3963 1930 4018 invite
1954 3963 2054 4019 iter

2177 3968 2246 4022 τὰ
2274 3966 2378 4035 τῆς
2403 3963 2619 4034 φύσεως
2646 3963 2703 4017 δέ
2727 3979 2830 4016 που
2861 3960 3180 4030 ιταραποιεῐ⁶
3204 3956 3399 4029 διόπερ
3423 3955 3548 4010 οὐδὲ
3579 3954 3761 4023 φιλεῖ-

507 4051 724 4104 assolet.
2176 4077 2268 4113 ται
2303 4059 2441 4129 αὐτῇ
2478 4057 2536 4119 ἐς
2560 4057 2808 4124 γνήσιον,
2835 4051 2951 4106 ἀλλ’
2987 4051 3043 4104 εί
3085 4065 3215 4111 που,
3247 4048 3391 4111 κατὰ
3432 4047 3625 4113 πάθος,
3662 4043 3764 4099 καὶ

2178 4149 2240 4209 ού
2272 4147 2418 4220 μάλα
2446 4143 2569 4200 καθ’
2600 4143 2871 4198 ἑκούσιον.

575 4250 665 4306 94.
696 4248 814 4305 Non
842 4259 925 4306 est
956 4253 1083 4313 mali
1123 4252 1455 4318 meminisse,
1493 4267 1527 4308 ο
1555 4252 1822 4327 homines,
1856 4255 2054 4311 omnim

2252 4257 2352 4328 ιδ’.
2385 4256 2502 4313 Οὐκ
2541 4256 2712 4321 ἔστιν,
2740 4246 2786 4306 ὦ
2827 4250 3142 4321 ἄνθρωποι,
3184 4266 3204 4301 ι
3237 4246 3600 4319 μνησικακεῖν
3642 4261 3666 4299 ι
3704 4242 3769 4297 τὸ

508 4344 788 4397 recordari
823 4343 972 4410 mali,
1004 4345 1295 4415 dicereque
1347 4362 1361 4399 :
1404 4345 1502 4400 ille
1524 4345 1743 4415 quidam
1780 4362 1865 4402 me
1907 4361 2054 4405 vexa.

2185 4351 2498 4425 μνήσασθαι
2528 4348 2664 4409 ὅλως
2693 4341 2890 4406 κακοῦ,
2924 4342 3020 4396 καὶ
3047 4340 3249 4406 εἰπεῖν,
3281 4337 3357 4401 ὡς
3388 4340 3418 4392 ό
3438 4338 3497 4393 δέ
3516 4352 3600 4401 τις
3626 4335 3770 4392 ικάε

507 4435 605 4501 vit,
629 4443 679 4489 et
707 4443 886 4490 tamen
917 4436 1244 4494 misereatur
1274 4437 1503 4493 Deuset
1550 4438 1696 4493 illius
1731 4438 2054 4510 corrigentis

2183 4444 2330 4499 κωσέ
2372 4456 2463 4512 με,
2506 4437 2601 4493 καὶ
2628 4436 2777 4508 ὅμως
2807 4432 3034 4504 ἐλεήσαι
3062 4432 3092 4485 ό
3130 4429 3263 4493 Θεὸς
3290 4429 3389 4487 καὶ
3426 4428 3591 4482 αὐτὸν
3628 4443 3771 4479 παις

508 4537 562 4581 ct
597 4527 699 4581 mei
731 4529 969 4584 correcti
1030 4547 1045 4594 ;
1125 4528 1267 4600 quod
1294 4546 1394 4602 ego
1422 4530 1629 4588 faciens
1663 4530 1830 4589 Deum
1858 4542 2050 4604 propte

2185 4504 2432 4601 δεύοντα,
2448 4504 2553 4590 καὶ
2580 4504 2685 4604 cpt
2709 4529 3132 4601 παιδευόμενον,
3155 4527 3298 4599 ὅπερ
3319 4523 3434 4596 ἐγὼ
3458 4523 3630 4579 ποιῶν
3659 4523 3774 4593 ἔχω

508 4634 596 4679 tne
628 4619 823 4687 habeo,
864 4621 955 4675 sed
983 4636 1210 4692 prorsus
1237 4623 1329 4679 ille
1366 4623 1491 4679 mali
1527 4623 1798 4691 meminit,
1844 4626 1936 4696 qui
1967 4641 2051 4680 me

2185 4632 2278 4687 τὸν
2334 4630 2468 4685 Θεὸν
2518 4627 2660 4698 ὑπὲρ
2697 4623 2855 4696 ἐμοῦ·
2912 4620 3050 4677 ἀλλὰ
3109 4621 3439 4692 μνησικακεῖ
3455 4617 3707 4690 Istinc);
3743 4614 3775 4668 ὁ

510 4711 695 4773 inoriae
753 4712 1104 4783 conjunetum
1162 4713 1325 4770 habet
1387 4716 1708 4771 insidiosum
1767 4717 2054 4773 consilium

2185 4726 2253 4796 τῇ
2299 4722 2488 4795 μνήμῃ
2521 4719 2815 4791 σύντροχον
2862 4715 3004 4785 ἔχων
3048 4714 3153 4784 τὴν
3185 4710 3500 4781 ἐπιϐουλήν.
3538 4707 3600 4761 Τί
3642 4706 3776 4777 βιά-

511 4802 649 4871 Quid
700 4806 895 4872 cogitis
954 4807 1252 4874 simplicem
1306 4816 1361 4861 et
1415 4807 1615 4863 bonum
1649 4808 1817 4865 Jacob
1849 4810 1905 4864 in
1956 4810 2054 4864 mal

2188 4817 2345 4883 ζεσθε
2377 4814 2470 4868 τὸν
2503 4811 2598 4865 καὶ
2628 4806 2837 4864 ἁπλοῦν
2877 4808 2976 4871 καὶ
3013 4805 3180 4859 καλδν
3218 4802 3417 4877 ’ῐακὼό
3458 4798 3775 4875 ἐγγράφειν

515 4897 848 4957 tuetuoribus
881 4897 1197 4964 inscribere,
1223 4915 1346 4956 cum
1373 4900 1596 4957 fratrem
1625 4902 1770 4957 Esaii
1792 4903 2052 4958 recordari

2188 4870 2269 4976 είς
2322 4905 2683 4979 μνησίκακον,
2728 4903 2775 4956 εἰ
2831 4870 2929 4954 τὸν
2957 4896 3187 4996 ἀδελιρδν
3250 4872 3424 4996 ne}:
3480 4870 3781 4996 μεμνημξ-
3830 4870 3835 4877 ’

516 4985 853 5052 suspicatur,
901 4996 955 5040 et
983 4987 1280 5055 periculum
1311 5005 1374 5043 ex
1421 4991 1513 5045 illo
1565 4991 1877 5061 suspiciens
1907 4992 2054 5046 timet

2189 4972 2279 5064 νοις
2312 4972 2603 5068 ύφορᾶται,
2654 4994 2749 5048 καὶ
2781 4993 2875 5047 τὸν
2907 4991 2967 5057 ὲξ
2995 4972 3209 5044 ἐκείνου
3245 4986 3496 5040 κίνδυνον
3547 4982 3780 5052 ὑφορώ-

518 5085 571 5126 et
603 5075 947 5146 subterfugit,
996 5087 1051 5132 et
1102 5081 1286 5148 nequit
1337 5082 1582 5138 oblivisci
1617 5083 1795 5153 qualis
1818 5084 1875 5138 in
1910 5084 2054 5155 ipsmi

2195 5108 2354 5163 μενος
2386 5087 2719 5148 εὐλαϐεῖται,
2752 5084 2850 5138 καὶ
2902 5080 3315 5141 ὑποστέλλεται,
3362 5078 3460 5130 καὶ
3502 5077 3603 5129 οὐκ
3657 5075 3783 5145 ἔχει

520 5166 688 5218 frater
718 5168 808 5233 sit,
839 5169 1131 5227 iracundus
1161 5171 1369 5229 scilicet
1396 5175 1767 5248 malitiamque
1790 5178 2054 5247 deposita!

2189 5182 2475 5247 λαθέσθαι,
2512 5180 2699 5241 όποῖος
2754 5177 2833 5241 είς
2872 5175 3038 5228 αὑτὸν
3087 5175 3116 5226 ό
3162 5169 3415 5265 ἁδελφὸᾼς,
3457 5167 3785 5265 βαρύμηνιξ

522 5256 574 5306 in
626 5256 790 5310 corde
838 5259 1107 5313 servans?
1164 5260 1319 5328 Quod
1375 5256 1418 5318 si
1464 5264 1901 5335 oblivisceretur.
1959 5283 2054 5335 non

2191 5274 2417 5346 δηλαδὴ,
2464 5275 2558 5328 καὶ
2602 5269 2805 5324 κακίαν
2841 5265 3190 5336 ταμειουχῶν
3240 5260 3548 5327 audiit-rev;
3588 5259 3698 5325 ὡς,
3738 5258 3795 5311 εί

397 5428 415 5446 Υ
521 5350 973 5417 quemadmodum
1011 5370 1112 5409 non
1143 5356 1256 5425 vult
1282 5373 1474 5423 casum
1509 5371 1881 5429 praeverterat.

2194 5382 2259 5433 γε
2286 5362 2527 5427 λάθοιτο,
2559 5361 2660 5415 οὐκ
2690 5359 2757 5414 ἂν
2794 5357 2991 5428 φθάνοι
3021 5354 3259 5418 πίπτων,
3285 5352 3541 5422 καθάπερ
3568 5348 3634 5404 οὗ
3663 5350 3796 5421 βοά-

2195 5457 2370 5510 λεται.

591 5526 681 5582 95.
706 5527 797 5581 Est
820 5527 982 5584 etiam
1011 5546 1117 5588 non
1142 5533 1349 5588 delectu
1374 5536 1468 5591 sed
1496 5549 1627 5591 casu
1652 5537 1913 5594 memoria
1943 5529 2054 5592 mal

2269 5545 2371 5614 με’.
2418 5545 2723 5614 Ἐστι-καὶ
2772 5541 2873 5613 οὐχ
2912 5539 3106 5611 αἱρετὴ
3153 5539 3343 5610 μνήμη
3393 5537 3588 5607 κάκης,
3648 5534 3800 5589 ἀλλὰ

528 5620 641 5685 tite,
668 5620 829 5676 veluti
865 5619 909 5676 si
933 5621 1131 5678 milvus
1161 5623 1419 5680 advolans
1450 5626 1502 5681 in
1539 5628 1853 5682 memoriam
1880 5643 2054 5685 revocr

2198 5612 2423 5707 τυγαία,
2448 5638 2525 5701 ὡς
2555 5612 2720 5691 εἶκαὶ
2749 5612 2952 5700 ἰκτίνος
2975 5630 3421 5703 παραπετασθεὶς
3450 5629 3805 5699 ἀναμνήσει,

504 5724 581 5794 ⁵ςο
597 5711 930 5770 aviculorum
948 5727 1069 5771 esse
1091 5706 1366 5793 rapacem,
1379 5719 1523 5789 etsic
1539 5719 1790 5778 admonet
1807 5724 2054 5791 quemdat

2201 5706 2386 5796 ἅρπαξ
2418 5722 2557 5781 εῖναι
2584 5723 2856 5798 ὀρνυφίων
2875 5765 2891 5792 ,
2925 5724 3019 5779 καὶ
3047 5721 3188 5778 οὕτω
3222 5716 3636 5799 προκαλέσεταί
3673 5734 3811 5793 τινα
