3968 6244
285 331 382 394 ίὲἒ

1263 344 1570 406 CONTRA
1608 348 2104 412 INJUliIARUM
2150 354 2590 420 MEMORIAM.

3448 369 3558 433 486

286 445 505 515 συρίξαι
578 448 672 502 καὶ
740 451 1170 522 ἐπισυναγαγεῖν
1237 463 1702 534 παραφαινὸμενά
1760 482 1861 517 που

1972 468 2136 521 edere
2164 470 2403 536 sibilum,
2439 481 2498 526 ut
2553 482 2964 544 congregemur
3002 474 3203 531 alicubi
3233 493 3557 546 apparentes

288 542 523 597 νεόττια.
570 542 732 598 Οὖτω
768 547 862 600 καὶ
925 550 1108 618 ῥοῖζος
1147 553 1408 616 πολλάκις
1459 557 1554 610 καὶ
1604 559 1869 628 συρίῗμδς

285 636 567 706 ἀνέμνησε
616 655 736 690 ττνα
785 640 930 709 βέλει
963 645 1285 700 κακωθέντα
1322 649 1354 720 ἢ
1388 649 1532 718 ὕφει.
1575 651 1650 712 ὡς
1698 651 1869 703 ἔπαθέ

283 728 337 779 τί
370 745 500 781 ποτε
526 731 716 794 κακὸν,
754 732 784 802 ἦ
812 733 870 798 ἐξ
898 737 1074 804 ὄφεως
1104 740 1135 809 ἢ
1171 740 1410 813 πληγῆς,
1438 745 1533 797 καί
1562 745 1867 814 ἐπέστρεψε

289 822 367 873 τὸν
405 822 696 893 ἄνθρωπον
719 828 798 890 εἰς
830 830 1195 900 ὲμμέριμνον.

354 1024 470 1090 ις’.
512 1027 574 1078 Ei
608 1028 740 1094 γοῦν
769 1029 943 1083 δίδοτε
967 1033 1163 1100 ταῦτα,
1186 1036 1238 1088 τί
1261 1037 1323 1107 δὴ
1354 1038 1516 1107 μόνον
1551 1042 1650 1108 ἐμὲ
1680 1043 1865 1109 νοσφίι

281 1117 438 1170 ξετῧε
479 1117 574 1169 τοῦ
607 1119 698 1171 καὶ
743 1124 882 1172 νοεῖν
924 1124 1018 1176 καὶ
1067 1128 1426 1197 ὲμμερίμνως
1460 1132 1606 1201 ἔχειν
1648 1135 1742 1184 καὶ
1774 1135 1863 1185 δε-

282 1207 447 1260 διέναι
499 1209 633 1278 περὶ
663 1211 906 1282 ἐμαυτῷ,
943 1215 1023 1279 ὃς,
1069 1219 1117 1269 εἰ
1148 1220 1248 1284 μὲν
1305 1221 1609 1290 ἀμύνετοαι
1653 1224 1863 1294 μελετῶ

282 1299 402 1360 τοὺς
440 1300 692 1371 ἐχθροὺς,
743 1305 861 1372 εἴην
899 1308 1094 1377 ἐχθρὸς
1142 1311 1222 1378 τῷ
1271 1313 1410 1383 Θεῷ·
1445 1317 1492 1366 εἰ
1539 1316 1594 1368 δὲ
1632 1318 1865 1370 ἐκκλίνω

282 1389 377 1455 τὴν
401 1389 458 1454 ἐξ
484 1391 714 1446 ἐκείνων
748 1393 974 1463 βλάϐην,
1005 1397 1164 1466 ὑμεῖς
1199 1401 1296 1468 μὲν
1326 1404 1568 1473 γράφετε
1603 1425 1689 1476 με,
1715 1408 1862 1471 ὅπως

285 1479 346 1533 ἂν
382 1481 439 1534 αἱ
475 1483 698 1553 μηλίδες
728 1487 860 1556 ὑμῖν
892 1487 1221 1559 ὑπουργοῖεν
1248 1509 1263 1559 ;
1308 1491 1371 1547 Ὀ
1395 1495 1448 1547 δὲ
1483 1497 1773 1566 διακρίνων
1798 1529 1863 1538 -

282 1573 395 1625 ἀλλ’
428 1577 636 1640 ἐκεῖνος
669 1579 936 1648 ἡγήσεται
964 1599 1029 1651 με
1062 1585 1156 1636 καὶ
1186 1586 1546 1653 ἀποφανεῖται
1577 1589 1853 1659 βεϐηκότα

283 1670 375 1720 καὶ
404 1669 650 1749 ἀσςαλῇ,
707 1671 802 1722 καὶ
850 1671 977 1724 νοῦν
1019 1673 1212 1743 ἔχοντα
1243 1682 1336 1729 καὶ
1362 1679 1676 1750 ὀφθαλμοὺς
1705 1683 1762 1735 ἐν
1793 1686 1859 1752 τῇ

283 1764 491 1833 κεφαλῇ
527 1762 712 1834 (τοῦτο
741 1765 805 1836 δὴ
843 1766 903 1818 τὸ
934 1766 1027 1819 τοῦ
1081 1771 1358 1837 γραςικοῦ
1397 1773 1564 1840 σοφοῦ
1596 1773 1774 1843 ἴδιον)’
1805 1775 1864 1841 ὃς

282 1856 344 1926 δὴ
375 1857 780 1928 παρεξετάζειν
813 1863 913 1930 μὲν
943 1863 1178 1931 ἐμαυτὸν
1206 1865 1304 1918 οὐκ
1330 1865 1460 1938 ἔχω,
1498 1869 1584 1921 ἵνα
1611 1869 1702 1922 καὶ
1731 1871 1864 1938 πρὸς
1899 1835 1938 1888 Β

283 1951 489 2004 ἐκεῖνον
521 1951 844 2022 γραφοίμην
869 1955 1114 2026 ἀκριϐῶς
1140 1972 1154 1986 ·
1188 1959 1245 2020 ἐς
1292 1959 1416 2012 ὅσον
1451 1959 1635 2030 μέντοι
1689 1962 1867 2030 ἰσχνὸν

287 2042 832 2112 σκιαγραφούμενος,
870 2045 970 2099 οὐκ
1000 2048 1057 2097 ἐν
1096 2047 1240 2119 ψυχῇ
1276 2051 1498 2121 τίθεμαι
1537 2054 1634 2120 τὴν
1667 2054 1754 2122 ἐφ’
1785 2052 1867 2116 οἷς

286 2135 568 2206 κακοῦμαι
605 2136 840 2205 ἄμυναν,
869 2138 989 2191 οὐδὲ
1018 2157 1106 2208 μοι
1143 2141 1345 2210 πρᾶξις
1375 2142 1462 2194 διὰ
1492 2143 1608 2213 βίου
1640 2145 1862 2217 τοιαύτη

285 2229 703 2296 κεφαλαιοῦται·
737 2230 794 2292 ὃς
821 2247 885 2298 γε
921 2232 1016 2283 καὶ
1039 2232 1130 2285 τὸν
1155 2234 1246 2286 ἐπὶ
1276 2234 1486 2297 τούτοις
1518 2237 1864 2307 ἀμυνόμενον

286 2319 524 2389 μάταιον
550 2321 648 2373 καὶ
682 2320 927 2390 ἡγοῦμαι
960 2325 1053 2376 καὶ
1084 2325 1479 2395 ἀποφαίνομαι,
1505 2330 1565 2381 οὐ
1600 2331 1758 2398 μόνον
1790 2331 1864 2394 ὡς

280 2411 520 2476 ἀλαζόνα
548 2413 924 2483 κατακρίνων,
958 2415 1211 2480 ἀξιοῦντα
1243 2421 1438 2483 παντὸς
1466 2420 1699 2490 ὕπερθεν
1722 2418 1863 2476 εἶναι

280 2502 372 2556 τοῦ
416 2503 722 2570 ολί6οντος,
765 2504 902 2558 ἀλλὰ
954 2506 1050 2558 καὶ
1102 2509 1176 2571 ὼς
1229 2509 1350 2562 οὐδὲ
1407 2511 1549 2563 πάνυ
1592 2513 1862 2580 φρενήρη.

285 2595 470 2647 Ἐοικε
502 2595 613 2663 γὰρ
653 2595 682 2646 ὁ
724 2611 967 2660 τοιουτος
995 2598 1097 2650 οὐκ
1148 2599 1368 2666 εἰδέναι,
1397 2599 1472 2664 ὼς
1505 2602 1684 2669 ἄμυνα
1714 2604 1864 2654 πᾶσα

281 2689 379 2741 οὐκ
409 2685 470 2752 ἐξ
494 2687 745 2756 ἀνάγκης
775 2687 887 2750 ἔχει
930 2690 992 2742 τὸ
1041 2690 1174 2762 δρᾷν
1222 2693 1406 2761 μόνον,
1441 2695 1578 2747 ἁλλά
1626 2712 1731 2747 που
1770 2695 1863 2746 καὶ

281 2781 609 2848 ἀντιζυγοῦν
635 2782 883 2853 εὑρίσκει
918 2783 978 2835 τὸ
1011 2786 1266 2854 πάσχειν,
1296 2787 1390 2838 καὶ
1425 2786 1558 2838 αὐτὸ
1593 2787 1859 2849 πολλάκις

287 2874 538 2939 μονάζον.
576 2873 736 2936 Εἰκὸς
769 2875 900 2945 γὰρ,
936 2875 1081 2929 καθά
1127 2893 1211 2939 τις
1242 2873 1416 2939 εἶπεν,
1454 2898 1472 2929 ‹
1499 2878 1863 2948 ἐγχειροῦντα

287 2967 376 3019 καὶ
424 2967 691 3036 πράττειν
739 2967 948 3031 κακῶς.
983 2986 1000 3018 ι
1068 2969 1180 3022 Καὶ
1241 2971 1466 3038 μυρίους
1515 2971 1756 3040 οἴδαμεν,
1815 2971 1861 3024 οἶ

285 3059 655 3129 ἐκδραμόντες
682 3060 1048 3129 ἀμυνεῖσθαι,
1081 3062 1390 3129 φθάσαντες
1439 3061 1656 3124 ἔπεσον,
1693 3063 1862 3132 μηδέν

1973 552 2120 626 pulli.
2169 560 2259 616 Sic
2290 563 2452 616 etiam
2487 580 2632 633 saepe
2683 566 2890 620 stridor
2927 577 3020 622 aut
3060 568 3255 625 sibilus
3304 576 3558 630 recorda-

1979 654 2181 707 tionem
2236 654 2419 708 attulit
2460 655 2646 720 alicui,
2701 659 2794 726 qui
2854 658 2963 713 telo
3015 660 3099 714 vel
3154 672 3410 732 serpente
3444 664 3560 733 jam

1974 753 2200 795 vexatus
2227 754 2330 806 est,
2359 744 2502 813 quod
2537 747 2665 799 olim
2697 748 2902 818 aliquid
2940 751 3064 803 mali
3096 752 3176 805 vel
3201 768 3266 805 ex
3301 767 3559 820 serpente

1970 835 2049 886 vel
2087 851 2149 888 ex
2203 837 2328 898 telo,
2393 852 2585 906 passus
2631 839 2720 904 sit,
2760 850 2810 894 et
2845 841 3122 896 hominem
3176 844 3240 896 ad
3283 847 3552 900 cautelam

1969 930 2259 982 enaverlit.

2038 1042 2125 1095 96.
2158 1043 2211 1097 Si
2239 1059 2366 1114 ergo
2399 1045 2715 1100 conceditis‘
2743 1049 2866 1113 ista,
2901 1048 3025 1115 quid
3079 1064 3162 1102 me
3197 1049 3368 1103 solum
3403 1052 3551 1104 absi-

1967 1145 2111 1188 stere
2136 1136 2327 1202 cogitis
2355 1151 2381 1189 a
2413 1137 2646 1192 consilio
2672 1149 2725 1192 et
2743 1138 3112 1194 sollicitudine
3135 1151 3187 1194 et
3209 1153 3354 1194 metu
3386 1158 3549 1210 super

1976 1244 2082 1292 me,
2123 1231 2237 1298 qui,
2291 1230 2558 1300 siquidem
2621 1231 2901 1286 vindicare
2939 1247 3024 1284 me
3052 1234 3279 1299 cogitem
3321 1233 3388 1286 ab
3448 1236 3556 1288 ini-

1970 1322 2144 1384 micis,
2178 1337 2272 1375 ero
2305 1322 2557 1377 inimicus
2606 1323 2744 1390 Deo;
2777 1325 2819 1377 si
2859 1339 2986 1376 vero
3030 1325 3294 1378 declinem
3336 1326 3550 1380 illorum

1967 1415 2332 1476 vexationem,
2361 1430 2454 1469 vos
2487 1416 2705 1485 quidem
2726 1416 2948 1486 pingitis
2973 1433 3055 1471 me
3084 1419 3353 1482 quomodo
3385 1419 3534 1470 meli-

1967 1507 2062 1561 des
2097 1507 2250 1562 vobis
2288 1509 2642 1574 adjuvat-ent?
2698 1509 2801 1575 Qui
2865 1525 2993 1562 vero
3049 1509 3335 1578 dijudicat,
3377 1518 3430 1561 at
3467 1509 3555 1563 ille

1967 1599 2162 1668 diriget
2199 1616 2302 1665 me,
2346 1602 2642 1669 reddetque
2674 1602 2890 1654 lirmum
2919 1617 2982 1656 ac
3017 1612 3211 1665 tutum,
3234 1611 3288 1654 et
3314 1611 3551 1656 mentem

1965 1703 2019 1744 et
2048 1691 2231 1746 oculos
2266 1692 2319 1744 in
2383 1692 2562 1760 capite
2614 1691 2902 1746 habentem
2962 1691 3086 1760 (hoc
3133 1705 3293 1757 porro
3351 1692 3554 1760 depicti

1966 1785 2230 1855 sapientis
2279 1785 2715 1854 estpmprium).
2769 1785 2888 1840 Non
2940 1785 3113 1839 habeo
3147 1785 3363 1854 quidem
3399 1800 3550 1837 com—

1973 1893 2163 1948 parare
2201 1878 2607 1945 tnemctipsum,
2647 1888 2706 1928 ut
2751 1877 3051 1930 secundum
3091 1876 3266 1944 ipsum
3291 1884 3551 1929 accurate

1970 1969 2232 2039 depingar
2262 1988 2276 2023 :
2335 1971 2426 2024 sed
2474 1980 2735 2039 quantum
2773 1971 3032 2038 possibile
3059 1979 3140 2022 est
3167 1968 3549 2046 adumhratus,

1970 2078 2074 2116 non
2107 2064 2158 2116 in
2185 2063 2360 2115 anima
2390 2076 2530 2132 pono
2559 2061 2626 2116 de
2658 2061 2852 2130 quibus
2875 2077 3044 2115 vexor
3076 2061 3374 2116 vindictam
3402 2100 3416 2122 ,
3454 2076 3552 2113 nec

1969 2154 2100 2207 mihi
2133 2154 2255 2207 talis
2283 2154 2428 2208 actio
2460 2168 2557 2222 per
2594 2152 2759 2206 vitam
2798 2162 3167 2219 computatur.
3205 2151 3430 2218 Insuper
3453 2165 3552 2202 au-

1969 2252 2076 2295 tem
2109 2243 2258 2297 illum
2290 2243 2380 2313 qni
2434 2259 2493 2297 se
2531 2242 2771 2296 vindicat
2804 2259 3000 2295 vanum
3042 2243 3255 2296 aestimo
3303 2241 3551 2294 declare-

1966 2346 2093 2399 qtte,
2132 2345 2236 2383 non
2287 2331 2458 2384 solum
2502 2339 2561 2383 ttt
2602 2329 2932 2396 iactatorem
2977 2335 3377 2394 condemnatis,
3415 2330 3552 2398 ὀρί-

1969 2430 2187 2475 nantem
2227 2437 2350 2476 esse
2381 2438 2551 2492 super
2595 2425 2778 2477 omnia
2815 2424 3100 2485 tribulare,
3139 2427 3232 2480 sed
3281 2423 3443 2476 etiam
3495 2432 3555 2475 ut

1969 2529 2075 2566 non
2107 2514 2334 2569 omnino
2387 2522 2692 2570 sensatum.
2726 2514 2954 2569 Videtur
2992 2514 3137 2571 enim
3176 2514 3297 2568 talis
3339 2513 3555 2568 nescire

1966 2604 2110 2674 quod
2171 2606 2348 2660 omnis
2413 2605 2655 2664 vindicta
2718 2622 2822 2660 non
2886 2607 3051 2662 habet
3101 2622 3165 2661 ex
3227 2606 3554 2662 necessitate

1967 2696 2138 2752 solam
2171 2697 2464 2757 actionem.
2502 2695 2592 2749 sed
2628 2696 2796 2750 etiam
2833 2704 3166 2749 contrariam
3203 2697 3403 2750 invenit
3435 2711 3552 2765 pas-

1965 2788 2198 2850 sionem,
2235 2798 2288 2842 et
2325 2790 2462 2842 hanc
2502 2787 2819 2856 plerumque
2853 2788 3048 2842 solani.
3076 2787 3318 2856 quuum
3348 2797 3452 2850 est,
3491 2797 3549 2840 ut

1965 2879 2162 2950 aliquis
2200 2879 2356 2943 dixit,
2397 2894 2772 2949 aggressorem
2807 2881 2946 2932 male
2991 2894 3340 2949 prosperare.
3382 2878 3551 2932 Innu-

1964 2987 2146 3028 meros
2168 2987 2384 3042 quoque
2418 2973 2668 3025 novimus
2690 2972 2781 3040 qui
2811 2980 3097 3026 currentes
3123 2971 3190 3025 ad
3219 2970 3548 3034 vindictam,

1965 3066 2107 3122 nihil
2171 3065 2380 3134 Operati
2432 3064 2636 3132 magni,
2695 3063 2848 3133 prius
2877 3073 3240 3119 corruerunt:
3282 3071 3338 3116 et
3388 3062 3546 3116 ruina

282 3171 330 3205 τι
375 3155 522 3222 μέγα
567 3155 903 3223 δράσαντες·
955 3155 1049 3206 καὶ
1083 3157 1143 3206 τὸ
1193 3155 1397 3223 πτῶμα
1437 3151 1504 3226 ἦν
1542 3156 1616 3219 ὡς
1657 3157 1852 3211 δεινόν.

1971 3173 2153 3228 magna
2178 3157 2342 3212 nimis
2373 3165 2512 3211 erat.
2555 3156 2682 3211 Ideo
2719 3157 2958 3224 prudens
2985 3170 3082 3209 nec
3124 3155 3176 3208 in
3211 3155 3554 3208 ohscurone—

283 3245 478 3312 Διόπερ
519 3244 547 3295 ὁ
581 3244 797 3313 φρονῶν
848 3242 973 3297 οὔτε
1021 3245 1109 3297 ἐπ’
1137 3245 1320 3317 ἀδήλῳ
1360 3247 1650 3317 πράγματι
1686 3248 1860 3301 πολλὰ

280 3335 565 3404 τυρϐάσει,
591 3337 688 3388 καὶ
717 3335 840 3390 οὐδὲ
867 3335 927 3388 τὸ
950 3336 1092 3389 θεῖον
1118 3337 1315 3391 ἑαυτοῦ
1351 3339 1637 3410 ἀπαγάγῃ.
1673 3338 1699 3392 ὃ
1735 3339 1860 3401 τοὺς

286 3430 593 3500 πάσχοντας
629 3431 722 3482 καὶ
755 3428 832 3500 μὴ
865 3429 1242 3499 ἀμυνομένους
1277 3431 1515 3484 ἐκδικεῖν
1555 3431 1721 3500 φιλεῖ.

351 3569 456 3636 ις’.
501 3567 737 3634 Οὐκοῦν,
769 3569 863 3628 καὶ
897 3569 985 3622 ὅτε
1021 3570 1078 3621 ὲν
1109 3567 1226 3638 χρῷ
1260 3569 1460 3636 γέγονα
1495 3571 1706 3642 χρόνου.
1739 3571 1862 3623 καθ’

283 3660 338 3714 ὃν
367 3661 615 3729 ἐγνώσθη
656 3678 746 3725 μοι
775 3661 843 3714 τὰ
878 3661 1000 3714 κατ’
1050 3659 1184 3730 ἐμοῦ
1219 3662 1605 3729 φαυλισθέντα,
1638 3665 1756 3729 ὲξδν
1803 3664 1863 3718 ὃν

285 3753 372 3805 καὶ
396 3754 654 3822 λαλῆσαι,
683 3754 774 3804 καὶ
805 3752 880 3815 ὡς
909 3753 1056 3816 εἰκὸς
1085 3753 1426 3822 ἀντιϐλέψαι,
1455 3756 1603 3824 ὅμως
1631 3757 1863 3825 ὲσίγησα

283 3839 657 3903 ταπεινωθεὶς.
691 3841 766 3904 ὡς
799 3843 846 3893 εἰ
876 3843 967 3894 καὶ
999 3843 1300 3912 ἐκωφώθην
1330 3844 1532 3914 σφόδρα
1555 3861 1569 3876 ο
1601 3848 1693 3898 καὶ
1730 3847 1864 3900 πάν-

286 3952 386 3998 τως
412 3935 520 3987 έδει
552 3931 696 3986 οὕτω
730 3951 795 3998 με
823 3934 1156 4005 διατεθῆναι,
1186 3935 1384 4003 εἰδότα,
1415 3938 1571 3989 ποίου
1598 3939 1652 3990 δε
1665 3941 1860 3992 σπὸτου

283 4026 463 4088 δοῦλός
488 4026 629 4094 εἰμι,
651 4025 751 4078 οὐκ
777 4025 1077 4093 ἐθέλοντος,
1103 4029 1248 4096 ἡμᾶς
1275 4029 1402 4090 τοὺς
1425 4029 1572 4098 αὖτῷ
1595 4030 1860 4083 δεδουλω-

289 4116 475 4184 μένους
510 4116 984 4184 ἁντεπεξάγεσοαι
1020 4121 1127 4181 τοῖς
1161 4120 1586 4190 ὲκιρλυαρίζουσι
1618 4123 1684 4174 τὰ
1718 4122 1859 4191 ἡμέ-

285 4225 434 4279 τερα,
481 4208 746 4278 μενοῦνγε
788 4208 857 4261 τὰ
898 4211 1004 4264 τῶν
1046 4211 1278 4265 ἐλπίδων
1325 4212 1602 4281 πείσματα
1643 4218 1722 4276 εἰς
1763 4216 1862 4284 τὴν

285 4300 400 4352 κατ’
425 4301 590 4353 αὐτὸν
622 4300 832 4371 πέτραν
859 4303 1147 4364 ἀνάπτειν,
1182 4304 1303 4356 καθ’
1329 4299 1394 4374 ἦς
1424 4306 1598 4365 οὐδεὶς
1634 4309 1863 4376 ἐνεργή-

288 4408 362 4445 σει
390 4391 552 4454 σάλος
573 4393 643 4444 τὰ
668 4391 890 4446 ἑαυτοῦ.
924 4394 1016 4454 Εἰς
1043 4393 1151 4463 γὰρ
1174 4395 1234 4447 τὸ
1263 4397 1371 4448 πᾶν
1395 4398 1592 4464 εἰπεῖν,
1618 4398 1714 4465 ὀψέ
1742 4398 1861 4450 ποτ’

1970 3248 2112 3316 gotio
2161 3247 2330 3304 multa
2376 3249 2564 3314 ciebit,
2609 3250 2721 3302 nec
2771 3247 3016 3301 divinum
3052 3247 3316 3302 auxilium
3355 3246 3453 3299 abs
3489 3257 3548 3299 se

1971 3340 2200 3409 rejiciet,
2233 3340 2376 3411 quod
2402 3341 2672 3410 patientes
2712 3350 2765 3394 et
2808 3355 2911 3393 non
2949 3355 3008 3395 se
3041 3339 3382 3394 vindicantes
3408 3338 3550 3392 ulci-

1969 3434 2048 3488 sci
2085 3441 2255 3489 amat.

2035 3567 2125 3624 97.
2154 3566 2340 3637 Itaque
2387 3581 2507 3621 cum
2560 3566 2612 3620 in
2667 3565 2848 3633 ipsum
2887 3573 3098 3632 tempus
3147 3565 3543 3630 pervenissent,

1965 3673 2075 3727 quo
2102 3667 2228 3712 nota
2259 3666 2384 3710 sunt
2410 3657 2542 3710 mihi
2577 3671 2740 3724 prava
2771 3665 2965 3710 contra
2995 3669 3079 3708 me
3115 3653 3280 3719 facta,
3324 3654 3546 3707 liceret-

1967 3763 2070 3817 qne
2103 3747 2248 3816 loqui
2278 3757 2332 3802 et
2363 3746 2691 3800 naturaliter
2728 3755 2918 3800 contra
2961 3758 3183 3808 nocere,
3223 3752 3404 3796 tamen
3447 3743 3548 3796 hu-

1966 3841 2210 3895 miliatus
2233 3839 2378 3904 silui,
2431 3847 2688 3908 tanquam
2743 3839 2991 3892 hebetem
3024 3837 3202 3899 valde,
3236 3847 3290 3890 et
3316 3834 3542 3888 omnino

1964 3934 2194 3989 decebat
2244 3947 2331 3986 me
2365 3931 2547 3986 taliter
2577 3930 2836 3997 [disponi,
2883 3929 3168 3989 scientem,
3209 3927 3385 3996 qualis
3440 3927 3548 3981 Do-

1967 4028 2099 4082 mini
2124 4029 2227 4080 sim
2255 4041 2468 4089 servus,
2493 4024 2735 4078 nolentis
2765 4037 2862 4077 nos
2883 4023 2974 4090 qui
3003 4021 3103 4090 ipsi
3129 4020 3399 4075 servimus
3420 4033 3546 4088 pro-

1965 4120 2112 4188 gredi
2150 4129 2336 4173 contra
2373 4133 2467 4172 eos
2498 4115 2587 4184 qui
2643 4123 2830 4169 nostra
2865 4112 3136 4178 derident,
3171 4112 3412 4168 rationes
3444 4127 3545 4164 au-

1966 4221 2073 4267 tem
2099 4211 2214 4280 spei
2263 4210 2380 4263 vult
2429 4222 2594 4276 super
2637 4207 2806 4276 ipsius
2854 4213 3067 4275 petram
3099 4203 3333 4260 volentis
3362 4203 3546 4267 inniti,

1966 4311 2152 4356 contra
2201 4315 2362 4368 quam
2399 4298 2584 4354 null-us
2627 4311 2690 4350 ex
2725 4311 2784 4350 se
2823 4295 3138 4364 praevalebit
3195 4294 3418 4348 ﬂuetus.
3449 4291 3548 4346 Et—

1964 4393 2134 4455 enim,
2180 4392 2244 4444 ad
2274 4399 2444 4445 totum
2478 4387 2836 4456 loquendum,
2869 4403 2992 4442 sero
3029 4401 3333 4440 communis
3363 4385 3551 4439 Domi-

285 4484 344 4537 ἆν
377 4485 406 4538 ὸ
441 4485 624 4548 κοινὸς
666 4487 925 4558 ἀγαπήσῃ
967 4487 1234 4555 δεσπότης
1274 4489 1463 4543 δοῦλον
1497 4491 1857 4560 ἀμυνόμενον,

1973 4499 2076 4538 nus
2116 4482 2365 4552 diligeret
2411 4496 2628 4536 servum
2666 4495 2724 4535 se
2778 4480 3147 4534 vindicantem
3180 4488 3234 4533 et
3265 4491 3330 4534 ex
3375 4475 3548 4546 ipsius

286 4576 369 4625 καὶ
407 4576 480 4644 μὴ
519 4575 894 4645 ἐξηρτημένον
922 4576 1021 4645 τῆς
1055 4577 1218 4631 αὑτοῦ
1255 4578 1562 4648 δυνάμεως,
1594 4581 1736 4635 καοὶι
1769 4582 1865 4651 δη-

285 4667 363 4718 λοῖ
387 4667 480 4719 καὶ
511 4667 540 4719 ὁ
563 4666 820 4733 Ψᾶλλων,
848 4667 940 4722 ἐπὶ
968 4668 1288 4738 τῷξόνόματι
1314 4671 1518 4742 Κυρίου
1549 4672 1862 4742 ἀμύνασθαι

281 4758 403 4820 τοὺς
433 4757 553 4810 ὅσοι
582 4755 910 4820 κυκλοῦντες
940 4756 1204 4813 έκύκλουν
1228 4759 1415 4815 αὐτόν.
1439 4759 1647 4820 ’Δλλως
1677 4761 1733 4813 δὲ
1765 4762 1861 4814 καὶ

287 4849 398 4912 πῶς
431 4850 498 4902 ἂν
529 4850 822 4919 ἀμυνεῖται
853 4852 881 4903 ὁ
913 4849 1158 4919 στρέφων
1187 4853 1267 4914 είς
1293 4853 1436 4912 νοῦν,
1469 4853 1582 4906 οἴου
1620 4871 1860 4924 μακαριφ

284 4941 417 5011 σμοῦ
461 4944 488 4995 ὁ
531 4939 774 5004 τοιοῦτος
811 4941 915 5006 ἔξω
955 4941 1167 5005 πίπτει,
1209 4945 1284 5014 μὴ
1322 4943 1399 4996 τὼ
1440 4945 1566 5015 χέρε
1608 4945 1860 5011 συνδέων,

285 5036 372 5088 καὶ
411 5033 700 5105 προτιθεῖς
743 5033 933 5088 ἑαυτὸν
973 5037 1086 5097 τοῖς
1125 5036 1158 5106 ἢ
1207 5037 1390 5090 παίειν
1432 5037 1464 5107 ἢ
1509 5039 1699 5089 πατεῖν
1742 5037 1866 5090 ἐθέ-

283 5125 460 5190 leuat;
493 5126 1008 5196 Κακορῤημονεῖται
1037 5128 1064 5180 ὁ
1094 5127 1235 5180 κατὰ
1251 5127 1382 5181 Θεὸν
1413 5128 1700 5199 ἅνθρωπος
1722 5145 1736 5159 ·
1765 5130 1863 5184 καὶ

282 5215 332 5268 τί
353 5217 512 5270 τοῦτο
541 5215 677 5286 πρὸς
705 5216 890 5280 αὐτὸν,
919 5217 966 5269 εί
996 5220 1186 5285 φρονεῖ
1205 5219 1272 5271 τὰ
1296 5222 1393 5290 τῆς
1419 5220 1669 5288 γραφῆς;
1697 5219 1865 5273 Ὀνει-

283 5307 483 5372 δίζεται
509 5326 522 5339 ·
563 5307 660 5360 καὶ
694 5307 746 5358 τί
786 5307 853 5360 ἂν
887 5308 1049 5361 αὐτὸν
1086 5309 1276 5379 βλὰψοι
1317 5313 1345 5362 ὁ
1379 5312 1618 5374 τοιοῦτος
1655 5311 1859 5382 ψόγος,

285 5399 378 5452 οὐκ
410 5400 550 5470 ἔχων
581 5399 879 5452 διαῆαίνειν
909 5403 988 5463 είς
1021 5401 1217 5472 ψυχὴν,
1251 5402 1304 5452 εἴ
1331 5419 1410 5466 τις
1445 5402 1629 5455 ἀκούει
1665 5419 1858 5471 στεγα-

287 5491 548 5563 νώτερον;
582 5490 886 5543 Διώκεται¹
919 5493 1012 5545 καὶ
1044 5493 1207 5562 μέχρι
1238 5493 1415 5556 τίνος;
1447 5493 1522 5544 Οὐ
1553 5491 1661 5562 γὰρ
1689 5493 1859 5560 δήπου

288 5583 376 5634 καὶ
406 5581 551 5652 ὑπὲρ
578 5581 649 5633 τὰ
683 5581 934 5647 Γάδειρα.
965 5583 1026 5635 Εί
1059 5582 1116 5634 δὲ
1150 5583 1241 5636 καὶ
1267 5581 1442 5647 τοῦτο,
1470 5582 1636 5650 ἐγγὺς
1665 5584 1722 5635 αἱ
1751 5584 1859 5637 τῶν

291 5675 550 5743 μακάρων
599 5673 981 5743 ἱστορούμεναι
1027 5675 1214 5744 νῆσοι,
1258 5674 1351 5727 καὶ
1399 5673 1740 5728 καταπαύσει
1784 5676 1863 5740 εἰς

286 5766 466 5829 αὑτάς.
551 5770 558 5776 ”

1973 4575 2212 4643 potentia
2259 4587 2366 4627 non
2428 4574 2772 4640 pendentem,
2824 4572 2967 4624 sicut
3023 4570 3260 4638 explicat
3312 4569 3401 4622 ille
3453 4566 3547 4636 qui

1972 4667 2176 4736 psallit,
2226 4680 2284 4720 se
2337 4665 2389 4716 in
2449 4663 2668 4716 nomine
2730 4660 2946 4722 Domini
2994 4659 3310 4740 prepulsare
3329 4673 3426 4712 eos
3454 4656 3546 4726 qui

1972 4757 2378 4811 circumdantes
2403 4752 2823 4808 circumda-bant
2856 4764 3005 4803 eum.
3036 4750 3182 4804 Alias
3207 4759 3388 4802 autem
3409 4762 3550 4816 quo-

1971 4848 2134 4902 modo
2165 4861 2224 4899 se
2270 4846 2574 4900 vindicaret
2629 4843 2720 4895 ille
2767 4842 2856 4910 qui
2891 4839 3127 4894 revolvit
3158 4841 3210 4892 in
3243 4848 3425 4892 mente
3479 4837 3548 4892 de

1977 4941 2122 5010 quali
2164 4937 2497 5000 beatitudine
2527 4936 2648 4990 talis
2679 4935 2915 4999 excidat,
2949 4934 3039 5000 qui
3071 4947 3201 4994 non,
3229 4917 3444 4986 duabus
3482 4930 3550 4984 li?

1968 5033 2110 5102 gatis
2136 5029 2408 5093 manibus,
2431 5041 2489 5080 se
2509 5026 2785 5079 submittit
2821 5025 2932 5079 illis
2957 5025 3046 5092 qui
3076 5024 3266 5076 ludere
3301 5021 3384 5074 vel
3417 5035 3550 5075 con-

1968 5125 2186 5180 culcare
2224 5120 2454 5176 volunt?
2504 5118 2846 5173 Maledicitur
2903 5116 3065 5169 homo
3099 5115 3187 5184 qui
3244 5113 3546 5169 secundum

1974 5217 2139 5270 lleum
2171 5225 2292 5280 est;
2329 5213 2456 5284 quid
2490 5213 2591 5266 hoc
2623 5211 2688 5264 ad
2722 5210 2895 5276 illum,
2938 5210 2980 5263 si
3012 5209 3171 5266 modo
3203 5206 3545 5277 Scripturam

1968 5309 2206 5380 cngitet?
2267 5306 2544 5362 Couviciis
2581 5305 2821 5374 petitur:
2873 5303 3001 5371 quid
3055 5301 3551 5354 ltcderetenmhu-

1966 5401 2202 5471 jusmodi
2257 5398 2610 5468 vituperatio,
2647 5412 2766 5465 qute
2822 5411 2928 5450 non
2975 5402 3153 5464 potest
3207 5394 3272 5443 ad
3307 5391 3548 5443 animam

1972 5493 2225 5557 transire,
2261 5489 2558 5545 dmnmodo
2605 5488 2730 5557 quis
2762 5496 2939 5541 tectus
3003 5482 3229 5539 audiat?
3288 5481 3550 5534 Persecu-

1971 5585 2168 5638 tionem
2205 5583 2404 5651 patitur
2435 5596 2451 5634 :
2502 5576 2819 5650 usquequo?
2840 5575 2958 5632 Non
2989 5584 3136 5631 certe
3163 5573 3303 5626 ultra
3343 5566 3544 5632 Gades,

1975 5663 2039 5730 Si
2062 5689 2191 5729 vero
2225 5678 2294 5728 ita
2326 5685 2430 5738 est,
2460 5687 2628 5743 prope
2661 5679 2788 5726 sunt
2815 5670 3097 5728 celebrata:
3139 5665 3421 5718 beatorum
3458 5658 3546 5716 in-

1975 5767 2124 5830 sula’,
2166 5766 2218 5819 in
2255 5767 2441 5834 eisque
2471 5763 2800 5834 requiescet.
