3804 6238
456 259 560 329 487

457 494 580 535 cum
608 475 1054 546 exprobraveriut
1091 489 1186 527 vos
1257 487 1320 527 ac
1371 472 1644 543 persecuti
1694 470 1966 532 fuerint",
2000 488 2019 521 ι

456 583 509 627 et
543 570 842 634 reliquum;
899 566 951 620 iu
982 580 1091 635 quo
1137 565 1360 634 ponitur
1408 564 1570 619 etiam
1601 579 1765 619 omne
1793 563 2022 617 verbum

456 661 846 714 calumniosum
877 672 942 711 ac
965 656 1157 711 falsum
1210 664 1433 724 propter
1459 654 1872 709 Deumillatum.
1919 653 2029 708 An-

459 769 564 807 non
594 766 756 821 porro
793 753 906 805 hac
935 756 1118 803 omnia
1146 748 1404 819 pluerunt
1433 759 1625 802 contra
1660 761 1778 809 nos,
1828 746 2024 799 nebula

466 860 633 912 super
663 858 760 896 nos
784 843 1151 909 impendente,
1203 855 1367 911 quam
1423 852 1656 909 vapores
1687 836 1892 892 humidi
1938 851 2028 904 pa-

473 935 671 989 triotici
700 934 877 988 victus
909 939 963 987 et
1009 931 1117 986 odii
1151 932 1420 993 extranei,
1483 930 1834 984 elevaverunt
1885 936 1940 981 et
1971 926 2025 980 in

462 1028 687 1081 densmn
716 1024 1148 1079 contraxerunt?
1173 1022 1430 1078 Convicia
1454 1019 1599 1089 passi
1628 1033 1839 1081 sumus,
1870 1026 2028 1086 quot.

459 1127 592 1186 quot
626 1114 981 1185 opprobrium
1019 1114 1221 1168 inferre
1281 1123 1533 1180 possunt.
1588 1112 2025 1166 Persecutionem

459 1209 833 1272 sustinuimus,
865 1221 989 1275 quae
1030 1205 1231 1273 pendet
1268 1205 1337 1259 ab
1369 1203 1642 1267 osoribus,
1679 1202 1872 1272 quibus
1893 1216 2031 1270 prm-

457 1298 633 1355 sentia
660 1299 773 1353 loca
798 1313 905 1353 non
926 1312 1045 1351 esse
1072 1297 1295 1366 capacia
1320 1295 1694 1366 reperiuntur,
1719 1295 1872 1361 quasi
1895 1306 2030 1359 sane

461 1390 618 1443 nobis
654 1398 824 1442 totum
858 1388 1214 1457 replentibus,
1252 1395 1306 1440 et
1341 1387 1486 1441 hunc
1517 1385 1835 1440 universum
1866 1394 2027 1438 caete-

461 1482 537 1535 ris
579 1496 681 1533 non
740 1479 1090 1534 habitabilem
1146 1478 1493 1541 facientibus.
1544 1476 1610 1530 Et
1664 1485 1844 1530 tamen
1891 1475 2029 1531 nihil

464 1572 635 1641 magis
663 1588 825 1642 quam
858 1587 957 1627 nos
996 1572 1492 1638 circumscriptum.
1523 1569 1853 1637 Quantulum
1880 1568 2025 1624 enim

460 1663 747 1731 occupabit
774 1664 973 1725 locum,
1002 1661 1159 1731 pulex
1194 1676 1357 1725 unus,
1396 1668 1450 1715 et
1478 1661 1565 1714 cui
1606 1675 1831 1730 magnus
1860 1657 2026 1713 David

460 1757 807 1824 semetipsum
839 1755 1202 1812 assimilavit?
1253 1754 1675 1813 Pronuntiatum
1732 1762 1816 1808 est
1864 1752 2027 1806 etiam
2059 1723 2104 1779 Β

460 1854 647 1897 contra
682 1860 779 1900 nos
832 1844 1080 1910 verbum,
1130 1858 1234 1897 non
1293 1840 1398 1899 hac
1428 1843 1630 1914 aliquid
1682 1841 2032 1911 simpliciter,

461 1936 552 1988 sed
574 1950 751 1990 omne.
786 1934 921 1990 Nam
945 1935 1112 1991 eheu!
1161 1936 1341 2005 qualia
1371 1936 1723 1992 audivimus!
1780 1934 2034 2005 pleraque

460 2026 645 2087 nlacer
700 2037 973 2093 nequeunt
1000 2026 1194 2096 linguae
1223 2043 1343 2097 quae
1375 2027 1563 2081 didicit
1590 2027 1816 2081 honesta
1863 2024 2031 2093 loqui.

460 2112 541 2167 An
572 2130 699 2170 vero
730 2131 834 2169 non
876 2115 1143 2171 fallaciter
1176 2118 1293 2175 lucc
1340 2116 1483 2171 dicta
1517 2117 1649 2180 sint,
1680 2116 1773 2170 sed
1801 2129 1865 2168 ex
1889 2113 2034 2166 veri-

463 2213 596 2269 tate,
648 2207 883 2260 nondum
930 2208 1149 2274 quidem
1200 2207 1548 2262 criminosam
1569 2206 1781 2276 percepi
1814 2207 2037 2259 demon-

366 2362 373 2365 _
463 2300 780 2353 strationem
817 2314 830 2350 :
888 2312 1015 2353 ecce
1049 2312 1176 2352 vero
1206 2298 1521 2353 certaminis
1552 2297 1741 2360 statio,
1776 2305 1825 2349 et
1858 2296 1902 2350 si
1939 2309 2034 2349 co-

461 2403 653 2443 ronam
689 2388 950 2441 meruerit
974 2387 1260 2442 adversum
1287 2402 1386 2442 nos
1411 2388 1500 2457 qui
1527 2386 1821 2457 procedere
1843 2394 2033 2447 contra

464 2479 631 2534 fuerit
683 2493 871 2542 ausus,
922 2493 1172 2533 eorruam
1206 2487 1263 2533 et
1300 2494 1328 2532 a
1376 2480 1556 2535 divina
1616 2478 1951 2535 beatitudine
1980 2483 2036 2530 et

462 2571 625 2625 etiam
653 2584 680 2622 a
718 2569 848 2624 vita.
878 2568 984 2625 Sed
1016 2578 1071 2624 et
1115 2570 1158 2624 si
1190 2569 1412 2626 verbum
1456 2588 1476 2623 ι
1521 2576 1743 2640 propter
1768 2583 1855 2622 me
1891 2584 1910 2627 ι
1945 2565 2033 2620 hic

461 2661 715 2715 convenit
757 2661 998 2732 (propter
1060 2660 1226 2716 Deum
1276 2661 1422 2716 enim
1482 2660 1612 2715 mihi
1649 2666 1774 2715 sunt
1841 2657 2033 2727 hujus-

464 2749 606 2805 modi
636 2753 941 2820 passiones,
989 2760 1045 2807 et
1092 2759 1314 2822 propter
1359 2750 1634 2822 justitiam
1666 2758 1720 2804 et
1748 2750 2031 2814 veritatem

461 2841 642 2910 ejus);
694 2858 796 2896 non
849 2841 1080 2911 amplius
1129 2842 1419 2896 decertare
1471 2840 1620 2908 volo,
1680 2855 1747 2894 ne
1785 2839 2033 2893 revelatis

465 2930 715 2995 molesta,
741 2916 964 2999 propter
999 2944 1119 2998 quae
1152 2930 1280 2983 steti
1311 2928 1662 2991 adversarius
1696 2933 1752 2981 et
1788 2927 1874 2981 hic
1905 2941 2035 2979 con-

1177 257 1597 321 EUSTATHII
1628 256 2387 322 THESSALONICENSIS
2423 261 2477 323 Μ
2490 261 2989 323 ETROPOLlT/E

528 385 621 443 98.
682 382 879 438 Audire
906 380 1170 437 debemus
1217 381 1534 436 dicentem:
1593 397 1612 431 ι
1657 379 1803 434 Beati
1862 378 2020 445 estis,

2198 379 2306 448 ιη’.
2349 381 2661 437 Ἀκουστέον
2709 381 2799 435 τοῦ
2845 381 3088 440 εἰπόντος
3114 395 3127 411 ⁸

3565 266 3646 334 488

3174 397 3197 432 ι
3228 380 3494 451 Μακάριοί
3525 386 3619 441 ἐστε
3631 427 3644 454 ,

2129 472 2257 524 ὅταν
2291 473 2623 525 ὀνειδίσωσιν
2655 473 2800 542 ὑμᾶς
2840 474 2935 526 καὶ
2973 471 3246 536 διώξωσι,
3290 491 3308 523 ι
3350 473 3442 525 καὶ
3472 475 3523 526 τὸ
3553 478 3650 546 ἑξῆς

2128 564 2269 625 ὅλον,
2306 566 2363 616 ὲν
2396 558 2437 630 ᾧ
2480 569 2656 617 κεῖται
2700 565 2794 617 καὶ
2833 565 2942 619 πᾶν
2981 565 3129 633 ῥῆμα
3170 566 3475 633 κατήγορον
3501 565 3649 634 ψευδές

2127 671 2185 707 τε
2213 656 2304 707 καὶ
2332 656 2670 722 ἐπαγόμενον
2696 655 2883 708 ἕνεκεν
2902 655 2995 709 τοῦ
3024 655 3185 711 Θεοῦ,
3204 650 3282 708 ἾῙ
3310 656 3418 724 γὰρ
3440 657 3494 708 οὐ
3518 658 3651 713 ταύτά

2130 743 2306 796 πάντα
2332 744 2453 797 καθ’
2479 745 2635 814 ἡμῶν
2662 744 2974 815 βέϐρεκται,
3002 743 3194 812 νέφους
3220 744 3652 811 ὕπερκρεμασθέν-

2127 851 2219 897 τος
2264 835 2446 904 ἡμῶν,
2491 837 2628 906 ὅπερ
2668 836 2894 903 ἀτμίδες
2934 837 3029 889 καὶ
3068 835 3238 907 ὑγροῦ
3285 836 3379 904 μὲν
3421 835 3652 905 ἡμεδαποῦ

2130 928 2268 998 βίου.
2304 929 2397 981 καὶ
2432 929 2623 997 μίσους
2650 928 2706 983 δὲ
2735 928 3042 1000 ἀλλοτρίου,
3072 927 3293 997 ὕψωσαν
3323 926 3413 980 καὶ
3443 928 3656 997 συνέστη-

2110 1034 2230 1077 ,σαν
2259 1020 2338 1081 είς
2368 1018 2677 1089 πύκνωμας
2713 1017 3153 1089 Ὠνειδίσθημεν,
3184 1019 3283 1072 ὅσα
3316 1018 3408 1070 καὶ
3437 1034 3656 1087 προενεγ-

2128 1109 2246 1159 xciv
2272 1110 2538 1180 αἰσχύνην
2567 1111 2700 1179 ἔχει.
2735 1109 3106 1181 Ἐδιὼχθημεν
3133 1110 3194 1162 τό
3224 1126 3287 1177 γε
3315 1101 3448 1181 ἧκον
3473 1111 3541 1173 είς
3560 1110 3657 1174 τοὺς

2132 1201 2468 1269 μισήσαντας
2492 1217 2508 1233 ⁶
2541 1202 2623 1265 οἷς
2655 1205 2756 1257 οὐκ
2789 1199 2931 1256 εἶναι
2962 1203 3030 1256 ’τὰ
3064 1202 3296 1256 ἐνταῦθα
3329 1202 3544 1273 χωρητά
3569 1203 3656 1258 ἐνέ-

2131 1308 2345 1358 σταται,
2375 1294 2451 1356 ὼς
2482 1295 2638 1364 ἡμῶν
2663 1295 2821 1364 δῆθεν
2847 1298 2907 1347 τδ
2940 1295 3048 1348 πᾶν
3078 1294 3184 1363 πλη
3196 1297 3453 1365 ρούντων,
3481 1294 3560 1347 καὶ
3582 1295 3657 1363 τὴν

2128 1380 2364 1437 ἐνταῦθα
2403 1384 2731 1454 οἰκουμένην
2769 1385 3108 1454 ποιουμένων
3144 1384 3401 1453 ἀοίκητον
3437 1386 3540 1447 τοῖς
3573 1383 3659 1435 λοι-

2127 1473 2271 1535 ποῖς.
2305 1473 2414 1526 Καὶ
2451 1475 2557 1543 μὴν
2591 1475 2743 1528 οὐδὲν
2776 1476 2933 1544 ἡμῶν
2965 1474 3546 1545 εὐπεριγραπτὸτερον.
3577 1475 3662 1540 Πη-

2126 1561 2275 1615 λίκον
2316 1563 2424 1636 γὰρ
2467 1565 2687 1631 καθέξει
2734 1566 2897 1634 τόπον
2938 1565 3136 1637 eam;
3183 1561 3285 1633 εἷς,
3327 1567 3494 1636 ὁποίῳ
3531 1565 3607 1619 καὶ
3640 1568 3661 1619 6

2134 1652 2307 1722 μέγας
2331 1655 2495 1710 Δαυῒδ
2522 1658 2744 1711 εἴκασεν
2769 1659 2994 1726 ὲαυτόνς
3026 1659 3256 1730 Ἐρρέθη
3283 1662 3379 1715 καὶ
3403 1658 3522 1712 καθ’
3539 1657 3664 1729 ἡμῶν

2138 1745 2286 1814 ῥῆμα
2306 1785 2321 1809 ,
2353 1747 2413 1800 οὐ
2444 1748 2560 1801 τόδε
2589 1766 2643 1802 τι
2678 1750 2863 1814 ἁπλῶς
2884 1791 2898 1811 ,
2931 1751 3068 1804 ἀλλά
3099 1752 3228 1805 πᾶν.
3263 1749 3425 1818 Οίμοι
3458 1751 3582 1820 γὰρ,
3608 1742 3665 1802 ὧν

2135 1837 2453 1907 ἠκούσαμεν
2472 1878 2487 1902 ,
2522 1832 2597 1893 ὧν
2629 1840 2696 1893 τὰ
2735 1840 2908 1901 πολλά
2940 1842 3059 1895 οὐδὲ
3091 1840 3335 1913 ὀχεῖσθαι
3365 1842 3577 1895 δύναται
3604 1842 3666 1900 είς

2135 1927 2386 1995 γλῶσσαν
2437 1930 2613 1999 σεμνὰ
2662 1932 2891 2002 φράζειν
2942 1934 3352 2003 μεμαθηκυῖαν.
3406 1934 3467 1987 ΕΙ
3515 1933 3565 1987 δὲ
3609 1932 3665 2000 μὴ

2134 2018 2347 2088 ψευδῶς
2378 2022 2560 2081 ἱκετνα
2589 2022 2926 2099 λελᾲληνται,
2955 2022 3093 2077 ἀλλά
3126 2023 3260 2092 πρὸς
3290 2023 3563 2092 ἀλήθειαν,
3592 2023 3671 2081 οὐκ

2137 2110 2245 2189 ἔχω
2296 2112 2394 2179 μὲν
2442 2114 2815 2185 κατηγορικὴν
2863 2113 3137 2181 ἀπόδειξιν
3184 2113 3267 2167 ἔτι
3325 2112 3669 2184 μεμαθηκώς’

2140 2202 2249 2255 ίδοὺ
2281 2204 2338 2257 δὲ
2370 2204 2521 2275 βῆμα
2556 2205 2733 2275 πάλης
2755 2221 2769 2237 ’
2804 2204 2897 2259 καὶ¹
2935 2208 2983 2259 εί
3021 2206 3393 2276 στεφανωθείη
3426 2206 3543 2260 κατ’
3564 2204 3672 2274 ὲμοῖι

2137 2296 2165 2348 6
2205 2295 2476 2366 προϐῆναι
2518 2297 2872 2369 τεθαρρηκὼς
2915 2299 2994 2361 είς
3036 2298 3366 2361 ἀντίπαλον,
3416 2300 3674 2367 ἐκπέσοιμι

2137 2384 2233 2438 καὶ
2260 2385 2354 2439 τοῦ
2385 2385 2568 2439 θεόθεν
2602 2386 2954 2459 μακαρισμοῦ
2974 2428 2989 2454 ,
3024 2387 3120 2441 καὶ
3146 2387 3241 2441 τοῦ
3270 2388 3415 2460 ἔχειν
3446 2389 3601 2459 ζῳήν.
3624 2392 3677 2442 El

2138 2475 2194 2530 δὲ
2235 2478 2329 2530 καὶ
2360 2477 2422 2530 τὸ
2461 2496 2478 2529 ι
2522 2478 2706 2532 ἕνεκεν
2740 2476 2874 2548 ἐμοῦ
2916 2496 2936 2530 ι
2975 2477 3236 2546 ἁρμόττει
3275 2478 3512 2532 ἐνταῦθα
3544 2478 3676 2548 (Θεοῦ

2137 2568 2246 2639 γάρ
2279 2586 2369 2639 μοι
2397 2568 2584 2623 ἓνεκεν
2616 2571 2673 2624 αἱ
2699 2571 2946 2626 τοιαῦται
2976 2570 3149 2635 πάθαι
3179 2552 3274 2625 καὶ
3301 2574 3401 2643 τῆς
3428 2571 3679 2626 κατ’ἑκεῖ-

2136 2676 2226 2714 νον
2252 2662 2347 2715 καὶ
2374 2661 2527 2731 δίκης
2552 2661 2647 2725 καὶ
2674 2660 2974 2732 ἀληθείας),
3004 2664 3104 2717 οὐκ
3129 2661 3298 2715 ἐθέλω
3323 2663 3462 2725 τέως
3489 2664 3680 2728 ἐπαγω-

2138 2751 2424 2815 νίσασθαι,
2463 2751 2537 2822 μὴ
2575 2753 2668 2806 καὶ
2701 2753 3022 2817 ἀποδεικνὺς
3052 2753 3119 2807 τά
3152 2753 3390 2822 φορτικᾶ
3411 2793 3425 2817 ,
3457 2754 3590 2824 δπὲρ
3618 2743 3678 2804 ὧν

2135 2840 2401 2910 ὲνστάτης
2455 2842 2737 2913 προεστὼς
2782 2844 3055 2909 ἐξέκαυσα
3108 2844 3376 2914 ἐγχώριον
3424 2844 3541 2897 κατ’
3566 2842 3681 2910 ἐμοῦ

2141 2932 2435 3002 πυρκαϊὰν.
2480 2933 2700 2987 ἀκούσω
2748 2934 2932 2997 ποθὲν,
2980 2935 3056 2997 ὡς
3111 2935 3220 2988 ἰδοὺ
3270 2936 3298 2987 6
3343 2934 3561 3003 ἔξαρνος
3602 2932 3681 2985 τοῦ

467 3029 550 3074 tra
604 3035 693 3075 me
741 3021 997 3075 succendi
1049 3019 1385 3082 incendium.
1447 3017 1587 3074 forte
1612 3019 1825 3073 audiam
1856 3035 1877 3070 ι
1907 3031 2029 3072 ecce

2142 3010 2567 3092 (μνησικακεῖν
2616 3041 2635 3075 ι
2681 3023 3027 3093 ινισχόμενος
3069 3024 3149 3093 τῷ
3191 3024 3354 3077 πάθει
3404 3025 3685 3087 ἁλίσκεται,

466 3113 558 3182 qui
623 3113 748 3167 mali
797 3111 1113 3166 meminisse
1161 3118 1323 3180 negat
1372 3117 1597 3166 coactus
1625 3110 1880 3177 passione
1905 3123 2029 3163 con-

2143 3113 2494 3185 παράμουσον
2524 3113 2715 3169 τοῦτον
2745 3115 2923 3184 λόγον,
2951 3117 3045 3169 καὶ
3075 3115 3174 3178 οὐκ
3203 3116 3403 3186 εὐγενῆ
3432 3116 3551 3169 οὐδὲ
3576 3115 3686 3183 δρα-

464 3207 723 3267 vincitur,
760 3222 779 3256 ι
828 3202 973 3258 hunc
1002 3215 1308 3258 sermonem
1360 3208 1705 3264 extraneum,
1751 3212 1849 3252 nec
1882 3198 2035 3252 nobi-

462 3297 567 3353 lem
594 3312 691 3352 nec
719 3306 1025 3360 strenuum,
1071 3292 1440 3350 resonantiam
1508 3291 1707 3359 linguae
1749 3289 2032 3345 inhonesta

464 3391 730 3455 canentis,
768 3399 822 3443 et
848 3387 970 3442 talis
1003 3402 1123 3456 quae
1148 3385 1420 3441 balbutire
1444 3396 1615 3454 nugas
1661 3393 1712 3437 et
1757 3380 1891 3437 nibil
1937 3394 2035 3451 op-

464 3492 759 3552 portunum
795 3478 940 3549 loqui
965 3480 1125 3534 sciat.
1836 3494 1839 3497 '

538 3572 628 3628 99.
691 3570 781 3625 Sic
813 3582 912 3638 ego
954 3585 1061 3624 non
1094 3569 1285 3625 ulcisci
1319 3568 1619 3634 machinor,
1653 3567 1746 3624 sed
1774 3577 1829 3622 et
1854 3566 2033 3637 cujus-

462 3646 601 3720 libet
642 3661 949 3733 bujusmodi
1009 3676 1257 3731 personae
1291 3661 1599 3732 uegotiique
1655 3660 2035 3730 importunita-

461 3766 571 3812 tem
602 3762 657 3809 et
710 3754 1042 3825 imperitiam
1069 3763 1126 3808 et
1144 3767 1302 3808 mane
1335 3753 1577 3808 studium
1603 3753 1860 3815 observo,
1886 3750 2034 3817 judi-

461 3864 592 3903 cans
617 3858 671 3903 et
702 3848 805 3903 hoc
829 3861 891 3901 ex
918 3861 1024 3913 me,
1061 3846 1202 3914 quod
1238 3844 1316 3900 illi
1364 3844 1456 3912 qui
1489 3844 1823 3901 maledicunt
1844 3829 2032 3912 quem-
2064 3888 2073 3903 ,

464 3941 586 3993 dam
622 3953 727 3993 non
754 3952 981 4006 prorsus
1009 3936 1077 3991 ab
1109 3952 1212 3990 usu
1236 3935 1445 3995 dicendi
1475 3936 1733 3997 alienum,
1761 3934 1814 3991 in
1851 3945 2033 4000 repre—

471 4024 799 4079 hendentem
856 4023 1028 4076 aciem
1083 4022 1226 4076 inire
1280 4021 1555 4079 videntur.
1604 4018 1794 4081 Omnis
1848 4031 2028 4080 auzem

367 4116 374 4122 ’
465 4114 590 4169 talis
637 4114 870 4168 dilectus
919 4120 1068 4167 esset
1108 4113 1371 4168 rationem
1419 4111 1636 4169 habenti
1672 4150 1688 4175 ,
1738 4111 2028 4165 secundum

462 4207 603 4260 istud
645 4223 660 4258 :
698 4223 718 4271 ς
755 4203 1105 4272 Reprehende
1149 4203 1474 4269 sapientem,
1513 4213 1564 4254 et
1590 4201 1776 4268 diliget
1832 4200 1966 4254 te“.
2006 4217 2025 4251 υ

471 4295 628 4352 Addo
659 4305 837 4349 tamen
886 4295 992 4349 hoc
1021 4308 1123 4361 pro
1150 4294 1399 4358 veritate,
1443 4293 1614 4362 quod,
1673 4292 1763 4347 ubi
1809 4292 2025 4363 quidem

2142 3206 2343 3271 στικὸν,
2387 3206 2659 3276 ἀπήχημα
2699 3204 2949 3277 γλώσσης
2991 3206 3221 3279 ᾀδούσης
3262 3208 3575 3278 ἀνάρμοστα
3610 3203 3690 3256 καὶ

2139 3292 2256 3358 οἵας
2288 3293 2631 3369 βατταρίζειν
2663 3295 2863 3352 εἰδέναι
2882 3334 2899 3362 ,
2935 3296 3031 3350 καὶ
3063 3297 3229 3370 μηδὲν
3258 3297 3442 3357 λαλεῖν
3472 3296 3685 3365 καίριον.

2209 3560 2315 3627 [ιϐ’.
2356 3559 2544 3625 Οὕτως
2594 3560 2705 3630 ἐγὼ
2750 3561 2874 3616 οὔτε
2910 3558 3218 3631 ἀμύνασθαι
3265 3559 3561 3632 τεχνῶμαι,
3608 3557 3696 3614 καὶ

2139 3651 2342 3716 παντὸς
2383 3652 2439 3717 δὲ
2473 3651 2678 3706 τοιοῦδε
2720 3651 3012 3723 προσώπου
3055 3652 3150 3706 καὶ
3189 3651 3512 3721 πράγματος
3552 3651 3694 3702 ἀκαι-

2140 3743 2262 3814 ρίαν
2291 3744 2623 3813 καταφράξω
2656 3744 2751 3799 καὶ
2783 3744 3080 3813 σκαιότητα
3111 3744 3206 3796 καὶ
3238 3742 3475 3813 σπουδὴν
3505 3740 3693 3794 ὑπόκε-

2138 3853 2256 3901 νον,
2290 3836 2480 3905 κρίνας
2510 3834 2604 3888 καὶ
2633 3837 2809 3889 ἐκεῖνο
2836 3835 2972 3905 πρὸς
3003 3836 3275 3904 ἐμαυτοῦ,
3305 3838 3382 3903 ὥς
3408 3840 3458 3892 oi
3487 3836 3700 3891 κακολο-

2136 3926 2359 3995 γοῦντές
2406 3943 2527 3979 τινα
2581 3927 2657 3996 μὴ
2706 3926 2846 3980 πάνυ
2899 3929 3264 3999 ἐστερημένον
3310 3931 3413 4000 τῆς
3459 3930 3513 3981 ὲν
3562 3928 3695 3993 λόγῳ

2135 4019 2432 4088 διαγωγῆς,
2470 4018 2550 4081 είς
2592 4016 2885 4088 ἐλέγχοντα
2925 4019 3142 4073 δοκοῦσι
3178 4020 3458 4091 τετάχθαι.
3498 4022 3611 4083 Πᾶς
3648 4018 3699 4069 δὲ

2144 4110 2385 4171 τοιοῦτος
2422 4110 2703 4179 ἀγαπητὸς
2736 4110 2803 4163 ἀν
2837 4111 2922 4180 εἴη
2956 4111 3034 4180 τῷ
3068 4111 3225 4176 λόγον
3259 4112 3437 4183 ἔχοντι
3470 4110 3609 4164 κατὰ
3644 4106 3699 4158 τὸ

2141 4218 2159 4251 t
2200 4200 2424 4270 Ἔλεγχε
2460 4203 2652 4270 σοφὸν,
2699 4204 2795 4256 καὶ
2841 4202 3117 4273 ἀγαπήσει
3168 4220 3249 4266 σε.
3306 4222 3324 4254 ι
3374 4201 3704 4275 [lpos-titiam

2139 4294 2321 4361 μέντοι
2356 4294 2574 4353 κάκεῖνο
2608 4293 2745 4365 προς
2777 4294 3088 4364 ἀκρίϐειαν.
3124 4295 3219 4358 ὡς.
3260 4296 3387 4348 ἔνθα
3425 4297 3518 4365 μὲν
3556 4293 3703 4359 φίλος

468 4385 680 4447 amicus
704 4384 1074 4454 reprehendit,
1104 4383 1178 4438 ibi
1210 4398 1434 4453 prorsus
1459 4393 1542 4439 est
1573 4384 1812 4453 jucunda
1843 4398 2029 4452 repre-

2136 4384 2374 4455 ἐλέγχει,
2408 4388 2522 4443 ἐκεῖ
2555 4387 2774 4450 πάντως
2805 4386 2901 4439 καὶ
2935 4386 3061 4457 ἠδὶρς
3095 4387 3122 4450 6
3157 4386 3407 4455 ἔλεγχος,
3440 4386 3529 4439 καὶ
3564 4383 3710 4435 διδα-

458 4476 672 4543 bensio,
699 4485 754 4531 et
780 4475 1037 4532 erudiens
1068 4486 1123 4531 et
1161 4476 1242 4531 sic
1282 4477 1598 4546 corrigens;
1640 4476 1727 4531 tibi
1759 4491 1888 4539 ,vero
1919 4475 2020 4529 ini-

457 4566 632 4622 micus
663 4576 749 4623 est
788 4567 880 4637 qui
940 4567 1387 4636 reprehensionis
1428 4567 1640 4623 acerbae
1689 4569 1853 4629 verba
1906 4581 2030 4634 pro-

457 4659 584 4724 fert,
645 4658 721 4714 ibi
764 4657 1162 4728 iucunditatem
1214 4658 1568 4727 reprebensio
1595 4672 1780 4714 secum
1811 4672 1915 4714 non
1949 4656 2030 4711 af-

456 4744 583 4810 fert,
619 4758 685 4811 eo
718 4745 861 4814 quod
893 4760 957 4801 ex
1006 4759 1102 4801 ore
1130 4760 1238 4809 non
1271 4747 1470 4811 amico,
1505 4759 1606 4807 nec
1658 4745 2030 4808 mellilluente,

456 4837 549 4887 sed
601 4843 886 4898 eructapte
935 4849 1272 4911 quaecunque
1330 4836 1558 4905 loquens
1590 4836 1824 4898 audienti
1879 4841 2040 4903 putat-

456 4936 576 4977 esse
598 4924 764 5003 mala,
797 4925 933 4981 exit.
973 4924 1091 4983 Non
1126 4941 1253 4989 vero
1289 4935 1468 4982 tamen
1508 4927 1823 4996 bujusmodi
1854 4940 2037 4995 repre-

458 5012 649 5067 hensio
702 5023 901 5093 cessat,
964 5016 1092 5082 quin
1173 5019 1319 5080 utilis
1398 5019 1489 5074 sit.
1575 5016 2036 5086 Quemadmodum

480 5103 622 5157 enim
649 5103 738 5171 qui
765 5118 961 5172 corpus
981 5118 1170 5171 sanum
1226 5107 1361 5174 vult,
1421 5109 1603 5171 etiam.
1627 5111 1910 5178 plusquam
1951 5108 2037 5175 ip-

463 5206 580 5249 sum
614 5193 739 5258 mel,
765 5209 1006 5251 amarum
1036 5197 1366 5259 absinthium
1390 5201 1714 5267 testimabit;
1746 5203 1825 5256 sic
1850 5210 1904 5256 et
1934 5202 2027 5266 qui

463 5282 580 5337 vult
611 5284 788 5337 anima
820 5293 982 5341 sanus
1012 5301 1156 5357 esse,
1199 5289 1340 5359 quod
1371 5291 1499 5346 utile
1525 5302 1610 5347 est
1639 5293 2025 5360 emendicabit,

461 5374 605 5429 sicut
628 5374 693 5429 ab
722 5376 893 5431 amica
923 5377 1226 5446 locutione;
1286 5381 1364 5436 sic
1397 5383 1560 5454 etiam
1615 5384 1684 5438 ab
1726 5384 1819 5440 illo
1842 5385 1936 5454 qui
1970 5393 2027 5439 ut

464 5465 720 5522 inimicus
772 5465 1028 5538 loquitur.
1085 5469 1295 5541 itaque,
1349 5471 1490 5539 sicut
1542 5474 1749 5532 invenit
1787 5477 1927 5546 quod
1959 5478 2024 5533 ad

540 5645 797 5702 “Matth.
832 5663 880 5718 v,
917 5647 1001 5703 ll.
1092 5651 1135 5711 ’ξ
1170 5648 1331 5708 Prov.
1370 5666 1488 5723 xix,
1525 5652 1617 5706 25.

2126 4475 2386 4545 σκαλικὸς
2405 4515 2422 4540 ,
2450 4477 2544 4531 καὶ
2571 4475 2744 4540 οὕτως
2775 4476 3195 4545 ἐπιστρεπτικός
3220 4491 3234 4505 ·
3264 4477 3397 4543 ὃπου
3427 4477 3479 4528 δὲ
3509 4473 3707 4543 ἐχθρὸς

2124 4568 2152 4620 6
2191 4568 2581 4637 ἀναταράττῳν
2625 4568 2693 4621 τά
2730 4568 2812 4630 εἰς
2854 4567 3053 4637 δριμὺν
3094 4566 3345 4636 ἔλξγχον,
3386 4566 3498 4621 ἀλλ’
3524 4567 3711 4617 ἐκεῖσε

2128 4658 2319 4730 ἡδονὴν
2353 4658 2451 4727 μὲν
2481 4661 2509 4711 6
2539 4659 2755 4730 ἔλεγχος
2786 4660 2886 4717 οὐκ
2920 4658 3244 4730 ὲπισὺρεται
3270 4700 3284 4721 ,
3318 4659 3439 4713 ἐπεὶ
3467 4657 3530 4726 δὴ
3573 4654 3713 4725 μηδὲ

2130 4749 2347 4818 φιλικοῦ
2382 4751 2595 4821 πρόεισι
2631 4751 2932 4819 στόματος,
2972 4750 3099 4820 μέλι
3136 4751 3534 4822 ἀπορρέοντος,
3572 4744 3719 4815 ἀλλᾶ

2133 4839 2583 4910 ὲξερειεδγομένου,
2609 4841 2752 4911 ἆπερ
2774 4844 2801 4894 6
2821 4841 2997 4907 λαλῶν
3018 4842 3190 4894 οἴεται
3216 4842 3349 4913 πρὸς
3374 4838 3539 4895 κακοῦ
3567 4834 3716 4890 εἶναι

2132 4931 2209 5002 τῷ
2241 4933 2514 4995 ἀκούοντι.
2546 4933 2661 4997 Οὐκ
2692 4932 2983 4999 ἐστέρηται
3013 4931 3067 4983 δὲ
3099 4933 3252 5000 ὅμως
3282 4931 3435 4997 066‘6
3462 4926 3720 4987 τοιοῦτος

2134 5021 2353 5092 ἔλεγχος
2375 5022 2470 5075 τοῦ
2498 5022 2753 5093 προσιτὸς
2780 5018 2942 5093 εἶναιξ
2969 5022 3057 5084 Ὧς
3082 5023 3191 5092 γὰρ
3215 5025 3241 5076 ὁ
3272 5020 3503 5097 μελετῶν
3529 5017 3725 5085 furui-

2130 5130 2245 5169 νειν
2275 5114 2330 5176 ἐς
2359 5114 2520 5185 σῶμα
2541 5153 2557 5177 ,
2586 5113 2884 5182 τιμήσεται
2914 5130 3045 5165 ποτε
3076 5116 3171 5168 καὶ
3200 5115 3336 5185 πρὸς
3364 5108 3522 5166 αὐτοῦ
3560 5108 3725 5177 μέλι-

2132 5221 2221 5267 τος
2244 5204 2306 5257 τὸ
2334 5205 2531 5274 πικρὸν
2556 5204 2806 5273 ἀψινθιον
2824 5244 2838 5268 ,
2863 5202 3009 5257 οὕτω
3035 5206 3129 5259 καὶ
3157 5206 3235 5266 εἰς
3266 5205 3435 5275 ψυχὴν
3462 5200 3727 5254 abex:st

2133 5295 2355 5359 ἐθέλων,
2390 5296 2696 5364 ὲρανίσεται
2727 5296 2787 5347 τὸ
2818 5292 3085 5362 ὠφελοῦν,
3119 5294 3309 5364 ὥσπερ
3344 5295 3445 5347 ἀπδ
3480 5286 3726 5360 φιλικῆς

2133 5387 2346 5454 λαλιᾶς,
2372 5385 2515 5458 οὕτω
2538 5387 2592 5438 δὲ
2620 5387 2712 5450 καὶ
2740 5384 2847 5438 ἀπὸ
2869 5384 2961 5438 τοῦ
2991 5384 3127 5455 πρὸς
3152 5384 3373 5461 ὲχθρίαν
3394 5377 3729 5438 λαλοῦντοςο

2134 5477 2343 5541 Οὐκοῦν
2365 5479 2459 5536 καὶ
2480 5477 2670 5548 ὥσπερ
2694 5479 2756 5541 ἐκ
2782 5476 2936 5549 φίλου
2961 5476 3207 5546 εὑρίσκει
3231 5476 3286 5530 τὸ
3313 5469 3730 5547 κατορθοῦσθαι
