3968 6244
326 298 431 358 489

1295 295 1606 360 CONTRA
1651 295 2150 360 lNJURlARUM
2195 299 2642 368 MEMORIAM.

3469 304 3572 368 £93

329 411 402 470 εἰς
445 406 574 461 εὐθὺ
617 408 840 478 ἀρετῆς,
882 410 1025 465 οὕτω
1067 417 1160 484 καὶ
1200 417 1308 470 ἀπὸ
1347 416 1682 488 δυσμενοῦςο
1723 421 1771 470 εί
1815 417 1900 470 καὶ

2021 418 2242 474 virtutis
2269 419 2644 474 rectitttdittem
2677 418 2825 474 titttit
2845 433 2912 472 ex
2939 417 3136 481 amico,
3167 417 3244 471 sic
3263 417 3400 473 etab
3420 418 3574 474 hoste

329 499 500 550 ἐκεῖνο
537 498 635 566 μὲν
666 500 908 566 γλυκέως
927 543 943 569 ,
978 505 1296 577 ὐποπίκρως
1326 508 1382 561 δὲ
1413 509 1588 564 τοῦτο.
1623 510 1900 576 Λογιεῖται

330 589 434 658 γὰρ
463 587 522 642 εὖ
559 590 704 660 μάλα
735 591 910 661 ὀρθῶς
938 596 965 645 ὁ
996 596 1212 652 ἀκούων
1244 599 1426 663 κακῶς
1449 642 1462 665 ,
1494 601 1575 654 ὅτι
1611 600 1903 669 ἀληθεύον-

329 697 416 742 τος
449 679 552 748 μὲν
581 679 673 733 τοῦ
707 681 903 752 ἐχθροῦ
937 686 1208 756 κερδαίνει
1241 691 1510 758 σωτήριόν
1539 709 1589 744 τι
1621 693 1648 743 ὁ
1681 691 1903 747 κακολο-

330 773 613 843 γούμενος.
663 773 798 828 διότι
848 777 1005 850 φέρει
1053 780 1540 855 θριαμϐευόμενος,
1593 787 1686 840 καὶ
1736 804 1903 840 κατα·

329 865 582 918 νῦσπεται
635 868 692 928 ἐς
741 868 941 938 ψυχὴν,
987 872 1079 926 καὶ
1125 873 1317 943 φεύγει
1359 876 1457 946 τὴν
1498 877 1576 939 είς
1617 877 1678 929 τὸ
1732 877 1902 932 κακὸν

329 959 615 1027 ἐπιμονὴν,
647 962 822 1030 λέγων
855 963 950 1016 καὶ
979 965 1110 1018 αὐτὸ
1137 967 1200 1018 τὸ
1236 987 1253 1018 t
1277 969 1339 1021 El
1370 967 1520 1023 οὕτω·
1544 971 1783 1037 γνωστὸν
1815 971 1903 1038 γέ-

329 1063 450 1114 γονε
473 1091 489 1114 ,
528 1070 550 1103 ι
588 1054 682 1105 καὶ
719 1054 1016 1126 θεραπείαν
1045 1057 1165 1110 τινὰ
1197 1059 1336 1130 ἔχων
1365 1059 1462 1128 τὴν
1492 1063 1548 1114 ὲν
1580 1061 1769 1134 κόσμῳ
1801 1078 1901 1116 καθ

331 1137 603 1204 τάκρισιν.
639 1141 747 1194 Καὶ
779 1141 921 1197 οὕτω
953 1145 1055 1214 μὲν
1077 1185 1092 1208 ,
1127 1145 1284 1216 εἴπερ
1315 1149 1571 1218 ἀληθεύει
1604 1150 1840 1214 ἐκτιθεὶς
1873 1153 1902 1205 ὁ

330 1228 521 1298 ἐχθρὸς
547 1231 614 1282 τὶ
640 1226 733 1285 ⁸ἷοῦ
767 1235 1097 1305 μισουμένου
1127 1239 1274 1291 κακά
1295 1255 1307 1268 ·
1337 1240 1384 1290 εί
1417 1239 1472 1291 δὲ
1504 1241 1596 1293 καὶ
1625 1240 1897 1309 ψεύδοιτο,

331 1320 461 1371 ἀλλὰ
497 1321 593 1373 καὶ
623 1323 741 1376 τάδε
774 1325 963 1396 κέρδος
998 1328 1141 1395 μέγα
1173 1330 1248 1399 τῷ
1283 1332 1734 1402 κακολογουμένῳ
1754 1372 1768 1398 ,
1803 1335 1899 1388 καὶ

329 1412 387 1462 οὗ
421 1416 583 1480 μόνον
623 1414 740 1476 ὅτι,
785 1415 861 1480 ὡς
899 1419 1118 1487 οἴδαμεν
1140 1459 1153 1478 .
1185 1423 1467 1490 μακαρίως
1501 1424 1696 1494 πάσχει
1728 1442 1900 1480 κατα-

332 1505 776 1575 μαρτυρούμενος
803 1506 944 1562 οὕτω
967 1511 1177 1579 ψευδῶς
1196 1553 1210 1575 ,
1238 1513 1371 1567 ἀλλὰ
1398 1515 1488 1568 καὶ
1515 1517 1596 1577 εἰς
1617 1517 1677 1570 τὸ
1705 1517 1900 1586 μέλλον

330 1594 673 1662 ῥυθμίζεται,
719 1596 1115 1671 διανοούμενος,
1163 1602 1238 1664 ὡς
1291 1604 1341 1654 εί
1391 1606 1481 1655 καὶ
1537 1603 1612 1676 μὴ
1664 1607 1900 1678 ποιήσας

327 1686 734 1754 χρωματίζεται
776 1689 970 1756 οὕτως,
1010 1689 1122 1758 οἷος
1162 1694 1230 1748 ἂν
1273 1697 1600 1768 είκονισθείη
1643 1715 1894 1772 παραπεο

331 1777 562 1842 πτωκὼς
610 1781 690 1844 είς
737 1782 1062 1855 ἁμάρτημα.
1114 1785 1303 1849 Οὕτως
1351 1786 1464 1854 ἐγὼ
1511 1790 1725 1858 φρονῶν
1768 1791 1897 1856 περὶ

325 1867 569 1939 ἀμύνης,
613 1870 715 1923 οὐκ
757 1871 824 1924 ἂν
864 1876 1124 1947 γενοίμην
1165 1877 1259 1930 τοῦ
1303 1879 1638 1948 ἀμύνεσθαι,
1683 1879 1761 1950 μὴ
1803 1880 1897 1934 καὶ

325 1961 671 2034 άπαγάγοιμι
700 1965 834 2034 ἐμοῦ
865 1968 1030 2022 αὐτοῦ
1057 1969 1118 2021 τὸ
1151 1969 1446 2036 σώζεσθαι.

395 2052 463 2122 ρ’.
501 2055 664 2110 Ἀλλὰ
709 2059 782 2128 μή
825 2059 915 2130 μοί
952 2079 1037 2124 τις
1079 2063 1312 2118 ἐνταῦθα
1352 2069 1640 2135 σοφιστικὰ
1681 2070 1898 2134 παίζειν

327 2145 523 2200 ἐθέλων
557 2148 908 2220 ὐποφερέτω,
945 2155 1038 2206 καὶ
1077 2155 1309 2225 χάριτας
1351 2160 1662 2229 ὲποφείλειν
1700 2164 1897 2234 χρῆναι

325 2239 606 2309 ἀναφανδὰ
638 2245 750 2306 τοῖς
789 2246 1208 2313 κακοποιοῦσιν,
1242 2252 1404 2323 εἴπερ
1438 2252 1498 2306 τὸ
1529 2253 1769 2309 τοιοῦτον
1801 2273 1900 2311 κα-

328 2331 419 2384 κὸν
451 2334 546 2385 καὶ
574 2335 657 2398 είς
690 2336 937 2405 ἰατρείαν
967 2343 1080 2404 τοῖς
1113 2343 1280 2396 εἰδόσι
1312 2346 1504 2416 φέρειν
1537 2347 1896 2418 ἐγγράφεται,

329 2422 421 2475 καὶ
445 2423 523 2486 είς
549 2424 922 2491 διδασκαλίαν,
947 2432 1042 2483 καὶ
1071 2433 1148 2494 είς
1176 2433 1544 2505 εὐεργέτημα,
1573 2439 1667 2490 καὶ
1695 2439 1775 2502 είς
1800 2440 1900 2494 ὅσα

330 2518 553 2571 τοιαῦτα
575 2535 592 2552 °
624 2520 758 2589 μηδὲ
784 2521 1017 2587 ἀξιούτω
1045 2525 1193 2596 ἡμᾶς
1217 2526 1278 2579 τὸ
1310 2527 1500 2590 κακὸν,
1530 2527 1558 2581 ὃ
1583 2529 1680 2599 τὴν
1710 2548 1730 2581 ε
1766 2548 1901 2602 μνη-

333 2612 586 2666 σικακίαν
622 2632 640 2665 ι
677 2616 1060 2685 παρανομάζει
1081 2659 1096 2680 ,
1135 2621 1513 2690 μεταγράφειν
1544 2623 1628 2685 είς
1658 2623 1899 2691 ἀγαθὸν,

333 2703 423 2754 καὶ
451 2703 786 2775 ἁντονομάζε
797 2723 874 2772 ιν,
906 2707 980 2768 ὡς
1010 2708 1172 2779 δῆθεν
1201 2711 1370 2766 καλόν
1390 2729 1403 2743 ·
1440 2712 1527 2768 ἵνα
1554 2714 1697 2768 οὕτω
1725 2715 1902 2785 χρεὼν

334 2797 412 2864 εἴη
433 2835 449 2858 ,
483 2798 577 2848 καὶ
608 2798 949 2860 διδασκάλοις
983 2803 1356 2872 ἐγγράφεσθαι
1386 2807 1514 2868 τοὺς
1548 2809 1903 2861 κακοποιοῦν-

332 2900 428 2946 τας
447 2923 464 2946 ,
495 2885 571 2946 ὡς
599 2879 688 2938 οἷα
723 2888 859 2957 πρὸς
889 2890 1091 2960 ἀρετὴν
1123 2892 1554 2962 ἐπιστρέφοντας
1582 2893 1673 2945 τὸν
1703 2894 1898 2946 κακού-

336 2997 494 3044 μενον
515 3019 530 3042 ,
567 2980 727 3051 εἰπερ
762 2982 824 3036 εὖ
861 2985 1068 3048 ἐκεῖνος
1103 2986 1360 3056 φρονοίη,
1401 2986 1495 3040 καὶ
1527 2988 1626 3057 τὴν
1662 2989 1900 3042 κάκωσιν

2008 509 2246 572 infenso,
2277 509 2404 565 licet
2420 510 2640 579 quidem
2668 507 2898 562 dulciter
2922 505 3074 573 illud,
3096 507 3198 562 hoc
3225 516 3405 562 autem
3424 521 3576 562 ama-

2008 615 2086 662 re.
2145 601 2467 657 Rectissime
2507 611 2748 672 namque
2798 607 3014 666 reputat
3061 599 3152 670 qui
3204 597 3346 654 male
3397 599 3574 663 audit,

2003 692 2286 762 quoniam,
2318 692 2540 748 inimico
2589 706 2717 748 vere
2755 690 2974 761 quidem
3018 689 3294 758 loquente,
3334 689 3580 744 lucrata-t-

2004 784 2208 854 aliquid
2235 785 2478 840 salutare
2505 783 2844 848 maledictus,
2872 799 2937 839 eo
2963 783 3107 853 quod
3135 782 3242 837 fert
3272 781 3580 852 triumpha-

2005 877 2155 941 litcr',
2176 885 2231 932 et
2258 875 2437 930 anima
2465 875 2874 946 compuugitur,
2899 876 3030 940 etin
3059 874 3201 930 malo
3225 888 3580 943 perseveran-

2006 967 2132 1042 tiam
2178 968 2333 1038 fugit,
2372 967 2556 1023 dicens
2612 965 2810 1022 ethoc
2855 966 3034 1036 ipsum
3068 985 3083 1022 :
3119 984 3140 1018 ι
3180 965 3238 1022 Si
3269 974 3458 1022 notum
3496 966 3579 1020 fa-

2004 1068 2156 1118 ctum
2192 1068 2312 1126 est;
2345 1077 2364 1112 ι
2400 1068 2455 1116 et
2504 1061 2795 1128 quamdam
2843 1059 3178 1114 curationem
3211 1073 3277 1114 ex
3303 1059 3575 1114 mundana

2003 1153 2458 1208 condemnatione
2489 1151 2735 1207 trahens.
2765 1150 2831 1206 Et
2855 1153 2927 1206 ita
2951 1151 3169 1220 quidem
3198 1159 3310 1214 est,
3341 1152 3385 1207 si
3411 1165 3576 1206 verax

2003 1254 2086 1304 est
2114 1245 2363 1300 inimicus
2384 1243 2560 1302 odiosi
2600 1242 2742 1298 mala
2784 1242 3110 1314 explicans;
3144 1242 3191 1299 si
3242 1257 3371 1298 vero
3427 1257 3580 1298 men-

2004 1336 2187 1400 tiatur,
2225 1335 2325 1390 hoc
2355 1333 2519 1390 etiam
2550 1347 2806 1403 magnum
2855 1333 3070 1388 lucrum
3102 1340 3190 1388 est
3239 1331 3576 1387 maledictio-

2003 1440 2128 1482 uem
2159 1424 2412 1496 patienti,
2467 1439 2574 1480 non
2621 1425 2821 1488 solmu,
2859 1425 2988 1494 quia
3021 1422 3187 1479 veluti
3231 1425 3454 1489 scimus,
3482 1423 3576 1493 qui

2002 1519 2084 1574 sic
2111 1516 2380 1573 fallaciter
2406 1516 2552 1572 malo
2590 1516 2900 1573 testimonio
2939 1515 3255 1580 lacessitur,
3291 1515 3448 1568 beate
3478 1528 3570 1583 pa»

2005 1607 2164 1671 titur,
2213 1609 2309 1662 sed
2343 1606 2509 1662 etiam
2531 1606 2658 1676 quia
2690 1607 2744 1660 in
2800 1613 3076 1676 posterum
3123 1614 3273 1661 recte
3301 1602 3575 1675 dirigitur.

2003 1697 2383 1764 considerans,
2415 1698 2560 1767 quod
2595 1699 2638 1752 si
2682 1697 2902 1767 quidem
2943 1711 3052 1753 non
3092 1704 3350 1766 operatus
3399 1693 3580 1748 taliter

1997 1790 2332 1861 depingitur,
2353 1789 2535 1860 qualis
2557 1796 3044 1860 repraesentaretur
3061 1788 3112 1842 in
3139 1795 3424 1859 peccatum
3452 1801 3576 1855 pro~

1998 1885 2198 1954 lapsus.
2228 1882 2320 1938 Sic
2371 1897 2472 1954 ego
2497 1881 2828 1941 devindicta
2871 1882 3137 1947 sentiens,
3185 1880 3252 1935 ad
3294 1879 3576 1934 vindican-

1998 1976 2124 2033 dum
2148 1976 2292 2036 haud
2313 1976 2574 2040 venirem,
2607 1990 2675 2030 ne
2701 1973 2889 2045 procul
2912 1988 2942 2030 a
2957 1987 3048 2029 me
3067 1972 3294 2030 salutem
3317 1971 3572 2029 el‘llciam.

2069 2066 2192 2122 100.
2226 2067 2477 2123 Attamen
2519 2081 2585 2122 ne
2631 2067 2757 2137 quis
2795 2066 2926 2122 mihi
2983 2065 3174 2121 volens
3233 2065 3322 2119 hic
3386 2065 3576 2133 joeose

1999 2174 2278 2232 apponere
2325 2160 2648 2230 sophistica,
2697 2160 2849 2216 dicat
2926 2160 3132 2230 gratias
3191 2158 3355 2214 etiam
3389 2166 3578 2226 aperte

2002 2251 2474 2309 tualel‘acientibtts
2514 2266 2636 2308 esse
2694 2250 3024 2316 reddendas,
3080 2249 3351 2320 siquidem
3394 2248 3579 2321 hujus-

2002 2344 2147 2400 modi
2179 2343 2378 2400 malum
2412 2343 2466 2398 in
2505 2345 2842 2399 curationem
2895 2341 3042 2396 terre
3101 2340 3400 2396 scientibus
3451 2353 3578 2393 cen-

2001 2447 2182 2502 setur,
2219 2447 2270 2491 et
2295 2436 2379 2510 .in
2412 2434 2778 2506 disciplinam,
2808 2442 2862 2488 et
2912 2433 2964 2487 in
3020 2433 3368 2496 beneﬁcium,
3415 2441 3466 2484 et
3524 2431 3576 2482 in

2003 2531 2108 2586 alia
2172 2529 2371 2586 similia
2401 2545 2417 2596 ;
2451 2543 2628 2599 neque
2665 2527 2945 2583 existimet
3002 2525 3228 2588 malum,
3263 2523 3405 2595 quod
3449 2521 3577 2586 muli

2001 2622 2320 2679 memoriam
2377 2620 2729 2690 cognominat
2769 2633 2890 2680 nos,
2947 2618 3091 2672 inter
3141 2616 3281 2672 bona
3342 2613 3571 2676 referre,

2007 2715 2274 2785 aliterque
2319 2713 2620 2776 nominare,
2641 2697 2815 2782 'quasi
2852 2707 3065 2764 scilicet
3107 2708 3346 2773 bonum;
3382 2708 3454 2762 ita
3516 2716 3574 2760 ut

2002 2822 2138 2870 opus
2170 2813 2341 2871 esset,
2373 2804 2514 2864 inter
2542 2789 2839 2873 tnagistios
2874 2799 3097 2871 inscribi
3139 2797 3576 2862 malefacientes,

2005 2908 2264 2967 tauquam
2291 2897 2358 2952 ad
2390 2895 2647 2951 virtutem
2676 2899 3066 2950 convertentes
3107 2899 3386 2955 vexatum,
3425 2889 3578 2944 dum-

2005 2993 2166 3046 modo
2190 2989 2410 3060 quidem
2444 2987 2536 3042 ille
2555 2993 2709 3043 recte
2738 2985 2960 3050 sentiat,
2990 2992 3044 3038 et
3068 2982 3418 3038 vexationem
3452 2995 3552 3051 pro

331 3073 520 3139 άνάγοι
573 3073 709 3144 πρὸς
762 3074 1079 3143 παίδευσιν,
1131 3078 1586 3149 ἀναλογιζόμενος
1610 3119 1625 3144 ,
1676 3081 1754 3145 ὡς
1799 3081 1898 3134 οὐκ

2004 3085 2166 3139 vehat
2197 3082 2252 3137 in
2307 3080 2674 3152 disciplinam,
2731 3084 2990 3147 reputans
3031 3076 3176 3145 quod
3245 3087 3352 3128 non
3377 3087 3579 3141 opera-

334 3165 510 3233 ἀγαθᾶ
540 3166 754 3238 πράξας
781 3169 1028 3240 εὐρέσκει
1056 3172 1184 3230 τοὺς
1213 3170 1563 3237 κολάζοντας,
1593 3173 1769 3240 λέγων
1796 3189 1899 3227 που

335 3259 424 3312 καὶ
456 3258 618 3322 αὐτὸς
654 3260 918 3328 καιρίως,
955 3261 1038 3315 ὅτι
1073 3261 1141 3317 τὰ
1181 3263 1322 3334 ἔργα
1354 3265 1481 3328 τούς
1518 3265 1714 3334 λόγους
1751 3265 1902 3336 εὐρί-

336 3367 546 3410 σκεται,
589 3352 680 3404 καὶ⁵
717 3351 794 3415 ὡς
835 3353 1164 3425 νοσημάτων.
1193 3355 1374 3428 ψυχῆς
1422 3357 1662 3411 τοιοῦτον
1707 3359 1901 3427 φύεται

335 3444 578 3512 νοσήλιον
611 3446 927 3516 φάρμακον.
1901 3515 1910 3522 _

401 3542 504 3607 ρα⁹.
547 3538 640 3609 Μὴ
667 3537 732 3607 δὴ
755 3538 984 3596 τοιαῦτά
1007 3558 1128 3595 τινα
1158 3541 1548 3613 ὐποκρουέσθω
1571 3558 1654 3607 τις
1687 3542 1902 3610 παίζειν

334 3627 530 3681 ἐθέλων
569 3629 663 3682 καὶ
711 3629 894 3697 γελοῖα
944 3633 1284 3702 σοφίζεσθαι.
1329 3634 1525 3704 Πρῶτοι
1573 3635 1672 3703 μὲν
1716 3635 1830 3707 γάρ
1873 3636 1902 3690 δ

332 3717 567 3780 τοιοῦτος
594 3719 912 3785 ἀκούσεται,
937 3720 1037 3786 ὡς,
1065 3722 1227 3793 εἴπερ
1257 3723 1466 3790 ἀγαθὸν
1493 3723 1814 3794 αὐτόχρημα
1837 3725 1900 3778 τὸ

333 3812 665 3874 κακοποιεῖν,
704 3813 758 3866 τί
805 3814 1008 3884 δήποτε
1056 3815 1085 3866 ὁ
1138 3814 1308 3870 κακὸν
1353 3815 1526 3868 ποιῶν
1565 3815 1702 3870 αὐτὸ
1741 3814 1901 3870 τοῦτο

334 3901 496 3954 ποθὲν
529 3903 866 3971 ἐλεγκτικῶς
896 3905 1294 3976 ὀνειδιζόμενος
1332 3908 1485 3962 ὀκνεῖ
1515 3907 1768 3976 ἀκούειν,
1801 3911 1898 3962 ,καὶ

327 3994 669 4064 δυσχεραίνει
703 3997 796 4050 τὸν
827 3997 1016 4066 λόγον,
1055 4001 1150 4052 καὶ
1183 4000 1244 4052 οὐ
1281 3999 1462 4070 χαίρει
1501 3999 1788 4070 μανθάνων
1818 4002 1900 4055 οι-

329 4087 473 4139 κείον
497 4085 757 4155 ἔπαινονς
797 4089 1009 4161 Ἀλλάῆ
1032 4090 1148 4160 βύει
1171 4091 1240 4145 τά
1267 4086 1383 4146 ὦτα
1401 4093 1538 4163 πρὸς
1560 4092 1652 4146 τὸν
1673 4092 1899 4158 δνειδον,

329 4178 362 4245 ἢ
414 4178 606 4232 ἀκούει
659 4181 782 4250 μὲν,
829 4182 1217 4253 άντερεύγεται
1271 4183 1328 4236 δὲ
1379 4187 1754 4254 γογγυσμοίκ,
1805 4185 1900 4239 καὶ

328 4268 723 4341 ὑϐριζόμενος,
755 4273 838 4326 ὅτι
874 4277 1198 4340 κακοποιεῇ
1225 4276 1458 4329 Ἔπειτα
1495 4277 1551 4328 δὲ
1587 4277 1899 4347 προσακού·

327 4379 484 4416 σεται
518 4365 649 4430 καὶ,
682 4364 766 4418 ὅτι
796 4364 952 4418 λαλεῖ
981 4366 1086 4436 μὲν
1116 4368 1145 4420 δ
1175 4365 1350 4431 οὕτως
1384 4367 1626 4434 ἀξιώσας
1665 4371 1898 4439 πρᾶγμα

323 4455 666 4525 τολμηθῆναι
705 4457 1026 4528 δυνάμενον,
1071 4459 1168 4512 καὶ
1232 4459 1536 4532 παραλαλεῖ
1575 4461 1898 4514 ἐπιείκειαν.

325 4547 615 4617 Δυνάμεθα
639 4550 748 4619 γάρ
771 4548 914 4602 οὕτω
937 4548 1134 4614 ποιεῖν,
1158 4552 1253 4606 καὶ
1279 4551 1568 4621 ὀνομάζειν
1591 4553 1685 4605 τὸν
1708 4553 1903 4624 ἐχθρὸν

326 4639 430 4707 μιν
469 4638 602 4692 ἄλλο
641 4655 695 4691 τι
737 4639 960 4709 σεμνὸν,
1007 4641 1101 4694 καὶ
1147 4642 1424 4696 ἑντάττειν
1471 4642 1632 4696 αὐτὸν
1679 4644 1779 4712 μὲν
1822 4645 1904 4708 εἰς

322 4730 618 4801 εὐεργέτου
650 4731 818 4784 τόπον
837 4771 853 4794 ,
889 4731 952 4784 τὺ
983 4731 1040 4785 δὲ
1071 4733 1183 4785 τῶν
1218 4733 1502 4803 μωλώπων
1535 4734 1775 4800 ὲεοιδοῦν
1807 4735 1902 4788 καὶ

323 4821 574 4891 ὕφαιμον
609 4823 693 4885 είς
723 4806 911 4892 ¹πάχος
955 4822 1222 4896 εὖτροφον
1262 4826 1492 4891 τιθέναι,
1535 4827 1702 4898 φιλίῳ
1741 4826 1902 4896 χυμῷ

324 4914 677 4987 χρωζοηιενον
703 4915 764 4968 τὺ
792 4916 937 4970 κατὰ
967 4917 1218 4989 ἐρύθημα
1237 4961 1250 4984 ,
1280 4918 1349 4972 τὰ
1375 4917 1431 4972 δὲ
1465 4919 1788 4990 ῥαπίσματα
1821 4920 1902 4980 εἰς

321 5008 609 5078 φινήματα
629 5048 646 5072 ,
677 5007 776 5070 τὰς
811 5007 1163 5078 βλασφημίας
1196 5011 1278 5070 είς
1309 5009 1597 5078 εὐλογίας,
1631 5009 1700 5062 τά
1731 5025 1896 5062 κατα-

321 5101 620 5169 πτύσματα
648 5101 728 5161 είς
758 5101 950 5168 μύρων
975 5099 1248 5170 χεύματα,
1272 5100 1398 5163 τοὺς
1424 5103 1490 5155 ὲκ
1514 5100 1720 5172 τριχῶν
1746 5100 1902 5153 ἑλκυ-

324 5191 498 5259 σμούς
528 5192 609 5253 είς
636 5191 993 5260 κτενίσματα,
1020 5192 1104 5259 ἐφ’
1129 5188 1208 5256 οἷς
1238 5194 1514 5261 πλόκαμοι
1539 5193 1678 5264 πρὸς
1705 5192 1902 5256 κάλλος

322 5283 607 5351 κέχυνται.
636 5283 748 5337 Καὶ
775 5283 1005 5337 δυναταὶ
1038 5285 1135 5353 μὲν
1160 5287 1215 5339 at
1239 5284 1490 5340 τοιαῦται
1521 5285 1862 5356 μετωνυμίαι
1883 5301 1897 5315 ·

320 5373 420 5428 οὐκ
459 5372 579 5427 οῖδα
621 5374 703 5438 δὲ,
743 5377 790 5427 εί
837 5376 1184 5445 ὲκφευξείται
1226 5381 1254 5431 ὁ
1298 5375 1476 5440 οὕτως
1514 5379 1900 5448 ἀντονομάζων

323 5466 692 5537 εὐτραπελίας
723 5467 1001 5538 ἔγκλημα,
1034 5471 1132 5524 καὶ
1164 5470 1228 5524 τὸ
1260 5472 1423 5542 εἴρων
1453 5467 1613 5536 εἶναι,
1646 5474 1741 5524 καὶ
1775 5470 1900 5523 κλὲο

323 5573 480 5610 πτειν
506 5558 620 5611 εττε
655 5560 846 5613 ἑαυτὸν
871 5560 952 5623 είς
981 5562 1228 5630 νοήματα
1247 5603 1261 5627 ,
1291 5564 1385 5615 καὶ
1414 5563 1474 5614 τὸ
1503 5564 1560 5614 ἐν
1587 5561 1898 5632 ἀνθρώποις

323 5649 644 5701 κοινωνικὸν
685 5649 1029 5715 ἐξαλλάττων
1071 5649 1236 5714 οὓτω,
1285 5653 1382 5705 καὶ
1427 5651 1777 5718 άλλοερωνῶν,
1822 5650 1895 5712 ὡς

325 5742 524 5805 εἰπεῖν,
570 5741 666 5794 καὶ
711 5741 1066 5812 άντιφράζων
1109 5743 1394 5797 ἀλλόκοτα.
1439 5744 1664 5813 Μήποτε
1707 5744 1761 5797 δὲ
1807 5742 1895 5802 ἐπ’

612 5838 881 5894 Petam”
914 5838 1034 5894 Gn.
1057 5835 1393 5896 CXXXVI.

1933 4425 2000 4481 D‘

1968 3196 1979 3215 τ-
2014 3183 2102 3226 tus
2128 3171 2293 3239 bona,
2339 3171 2656 3226 adulatores
2695 3168 2926 3233 invenit,
2957 3167 3148 3221 dicens
3198 3173 3378 3220 autem
3411 3165 3576 3218 etiam

2005 3263 2122 3332 ipse
2173 3277 2279 3318 non
2334 3263 2664 3332 importune,
2705 3261 2850 3331 quod
2905 3273 3070 3331 opera
3131 3257 3372 3312 rationes
3429 3256 3578 3310 iuve-

2006 3357 2193 3423 nlunt,
2225 3367 2277 3411 et
2321 3362 2580 3424 tanquam
2635 3353 2831 3408 animat
2875 3352 3193 3409 morborum
3227 3348 3334 3405 tale
3374 3346 3578 3418 produ-

2004 3442 2146 3504 citur
2169 3447 2416 3503 salutare
2453 3445 2775 3502 remedium.

2079 3543 2204 3597 ιω.
2229 3539 2350 3596 Non
2408 3554 2540 3595 sane
2571 3539 2697 3595 talia
2723 3540 2968 3610 quaedam
3005 3542 3227 3613 aliquis,
3271 3540 3456 3594 tudere
3486 3555 3579 3594 vo-

2006 3633 2122 3687 lens
2175 3641 2230 3686 et
2281 3631 2468 3702 jocose
2521 3630 2930 3702 sophisticeque
2983 3633 3251 3694 cavillari,
3311 3630 3575 3700 proferat.

2003 3725 2192 3780 Primo
2226 3723 2449 3793 quidem
2475 3723 2620 3778 enim
2648 3723 2855 3787 audiet,
2884 3722 3048 3793 quod,
3081 3723 3129 3777 si
3165 3725 3369 3777 bonum
3400 3722 3578 3792 reipsa

2007 3823 2095 3869 est
2141 3812 2488 3881 malefaeere,
2517 3812 2647 3883 quid
2690 3812 2912 3869 tandem
2955 3812 3154 3868 malum
3191 3811 3480 3868 facientem
3511 3813 3580 3868 de

2002 3905 2106 3961 hoc
2135 3906 2252 3973 ipso
2283 3904 2739 3974 vituperationem
2776 3919 2840 3962 ac
2868 3904 3352 3976 reprehensionem
3385 3903 3580 3959 audire

2001 3998 2172 4070 piget,
2228 3999 2427 4067 hicque
2464 4011 2610 4069 aegre
2670 3997 2778 4053 fert
2833 4011 3166 4063 sermonem,
3203 4011 3302 4051 nec
3366 3995 3580 4052 discere

2000 4103 2156 4144 suam
2211 4088 2422 4144 laudem
2467 4090 2712 4160 gaudet?
2745 4089 2854 4146 Sed
2885 4089 2971 4146 vel
3022 4088 3246 4144 obturat
3291 4103 3454 4144 aures
3513 4089 3580 4143 ad

2001 4181 2472 4250 exprobrationem
2503 4223 2518 4249 ,
2568 4182 2649 4237 vel
2707 4183 2862 4238 audit
2925 4181 3166 4253 quidem,
3223 4191 3281 4236 at
3333 4195 3581 4235 murmur

2001 4285 2232 4340 eructat,
2288 4276 2455 4330 etiam
2517 4275 2731 4345 injuria
2791 4275 3022 4343 habens,
3060 4276 3205 4346 quod
3258 4271 3580 4330 malefaeit?

2005 4363 2206 4420 Deinde
2221 4381 2282 4421 vo
2291 4381 2351 4422 ro
2365 4382 2583 4438 quoque
2596 4370 2802 4434 audiet,
2821 4367 2962 4438 quod
2980 4367 3220 4437 loquitur
3233 4365 3478 4434 quidem,
3489 4364 3578 4432 qui

2003 4459 2273 4530 judicavit
2307 4460 2529 4516 ita-rem
2567 4475 2702 4518 ausu
2745 4461 3082 4534 possibilem,
3119 4457 3218 4514 sed
3251 4467 3405 4512 extra
3450 4470 3574 4509 seu-

2005 4567 2131 4608 sum
2157 4552 2415 4624 loquitur.
2473 4552 2770 4610 Possumus
2815 4556 2962 4609 enim
3013 4553 3095 4606 sic
3158 4551 3338 4603 facere
3399 4545 3581 4601 nomi-

2005 4661 2245 4717 nareque
2280 4646 2556 4702 inimicum
2612 4647 2756 4701 allud
2797 4645 2926 4716 quid
2962 4646 3242 4698 honesturn
3267 4656 3280 4704 ;
3306 4648 3361 4694 et
3400 4640 3573 4708 ipsum

1997 4731 2221 4806 quidem
2279 4739 2331 4792 in
2380 4738 2605 4792 beneﬁci
2679 4737 2852 4792 locum
2890 4733 3221 4805 provehere,
3297 4733 3577 4802 plagarum

2007 4839 2187 4883 autem
2223 4837 2490 4884 tumorem
2527 4836 2580 4882 et
2637 4827 2985 4882 ruborem'iu
3041 4827 3386 4882 nutrituriam
3451 4824 3575 4893 piu-

2003 4921 2314 4989 gued-inem,
2347 4920 2525 4975 amico
2575 4929 2743 4975 succo
2794 4919 3199 4983 rubesceute-m,
3239 4919 3575 4981 inscribere;

2003 5016 2190 5084 alapas
2247 5012 2304 5067 in
2345 5011 2552 5077 oscula,
2608 5010 2970 5081 blasphemia:
3023 5011 3102 5065 in-
3134 5009 3569 5073 benedictio'ues,

2003 5114 2348 5178 sputamenta
2385 5106 2439 5160 in
2489 5113 2891 5175 unguentorum
2947 5103 3208 5167 l’nsiones,
3249 5102 3572 5174 capillorum

2001 5199 2237 5256 circinos
2268 5200 2320 5253 in
2373 5206 2674 5266 comptum,
2725 5210 2834 5267 quo
2891 5195 3116 5265 pulchre
3145 5211 3316 5252 coma.-
3376 5193 3568 5249 ﬂuunt:

2002 5291 2298 5348 Possibiles
2367 5291 2582 5360 quidem
2635 5295 2761 5343 sunt
2814 5286 3138 5357 huiusmodi.
3182 5287 3569 5356 metonymia:

2001 5399 2114 5438 non
2144 5393 2322 5438 autem
2355 5384 2493 5446 scio,
2518 5397 2584 5437 an
2617 5381 2813 5451 quisic
2848 5381 3279 5435 antonomastico
3309 5375 3566 5444 loquitur,

1999 5473 2352 5528 scurrilitatis
2403 5461 2664 5527 vocamen
2693 5470 2934 5542 eﬂ‘ugiet,
2966 5485 3066 5526 nec
3111 5470 3380 5540 jocttlator
3417 5466 3566 5518 dice-

2001 5576 2114 5628 tur,
2147 5573 2237 5617 aut
2267 5579 2372 5618 non
2405 5564 2457 5617 in
2491 5551 2914 5633 cogitationibus
2943 5574 3002 5615 se
3043 5561 3309 5615 seduceus
3347 5549 3570 5606 habebi-

1999 5667 2106 5720 ων,
2142 5655 2243 5716 sic,
2280 5657 2424 5722 quod
2457 5669 2746 5709 commune
2784 5661 2865 5707 est
2899 5654 2954 5706 in
2997 5648 3328 5707 hominibus,
3363 5644 3565 5696 immu-

1999 5756 2120 5800 tans
2181 5754 2606 5814 cxtraneamque
2642 5745 2755 5800 fere
2786 5744 3026 5814 linguam
3085 5739 3332 5805 loquens,
3377 5741 3430 5786 θι
3469 5746 3565 5801 ρετ

3083 5833 3161 5896 16
