3968 6244
378 305 485 371 495

1083 301 1506 367 EUSTATHII
1537 299 2302 364 THESSALONICENSIS
2334 299 2904 362 METROPULITZE

3526 306 3630 372 496

376 425 466 471 tur
513 415 836 483 orationem,
897 427 974 476 ne,
1011 416 1140 484 quid
1175 417 1337 471 etiam
1396 415 1679 486 gravitatis
1726 416 1945 470 habeat.

2059 431 2149 469 σαι
2203 414 2313 486 γὰρ
2364 415 2597 472 ἐνταῦοα
2653 416 2800 468 δοκεῖ
2849 414 3102 484 λέγεσθαι
3167 416 3226 470 τί
3308 417 3631 489 σταθμώσαο

379 508 480 564 Hic
516 509 662 565 enim
725 511 977 564 Statuere
1039 509 1253 562 videtur
1314 507 1540 579 intelligi
1574 524 1592 562 :
1623 509 1947 577 pandet-are,

375 605 496 659 sive
525 601 743 665 librare,
801 601 904 666 vel,
937 599 1017 654 uti
1069 600 1142 654 ita
1173 599 1371 664 dicam,
1403 610 1602 655 statera
1639 601 1849 656 sistere.
1885 601 1952 656 Et

376 695 705 768 signiﬁcaret
747 711 762 748 :
812 692 1076 758 Domine,
1136 708 1202 747 ne
1246 693 1400 764 juxta
1447 693 1702 750 meritum
1744 703 1950 750 statera

377 795 677 866 penderes;
717 805 817 846 nec
866 790 1162 846 secundum
1215 791 1620 860 proportionem
1673 791 1951 848 examines

375 887 479 942 hoc
519 893 836 952 peceatum;
862 890 917 934 at
957 881 1000 936 si
1037 881 1254 950 reprimi
1285 881 1456 938 malos
1486 890 1758 951 oporteat,
1795 881 1952 936 erudi

375 977 591 1046 quidem
627 985 680 1030 et
727 983 1007 1038 converte,
1060 983 1312 1044 terreqne
1358 975 1502 1030 velut
1544 975 1610 1031 ad
1653 974 1952 1046 reprimen-

374 1069 525 1130 dum,
585 1073 750 1131 atque
805 1063 912 1117 illis
978 1064 1201 1118 ostende
1259 1065 1554 1135 potentiam
1605 1072 1793 1132 tuam;
1844 1080 1951 1122 non

373 1166 553 1209 autem
582 1153 734 1222 juxta
764 1148 1153 1222 aequalitatem,
1183 1155 1288 1221 vel,
1316 1163 1374 1210 ut
1403 1157 1714 1226 clarissime
1737 1158 1947 1228 loquar,

373 1250 441 1304 ad
478 1236 901 1318 aequipondium.

441 1338 567 1394 106.
601 1339 730 1404 Sed,
779 1350 840 1393 ut
897 1340 1164 1406 dicebam,
1208 1358 1310 1396 non
1337 1343 1540 1412 aliquis
1578 1342 1707 1396 velit
1760 1352 1951 1397 contra

374 1438 637 1487 statutam
691 1432 772 1486 ire
803 1434 1254 1489 consuetudinem
1285 1435 1338 1490 in
1385 1435 1550 1490 rebus
1593 1449 1689 1503 per
1717 1443 1951 1488 antono-

374 1523 604 1580 masiam
643 1523 927 1580 vocandis.
962 1523 1176 1581 Etenim
1209 1527 1258 1581 si
1312 1526 1618 1582 maleﬁcum
1661 1526 1712 1580 in
1743 1525 1950 1580 beneﬁ-

375 1631 521 1682 cum,
550 1631 616 1672 eo
640 1618 784 1687 quod
813 1634 909 1689 per
932 1618 1246 1690 patientiam
1279 1617 1566 1674 utilitatem
1593 1618 1945 1688 percipimus,

376 1709 764 1775 inscribamus,
813 1726 877 1766 ex
912 1711 1262 1781 consequenti
1313 1711 1573 1775 amicum,
1601 1711 1646 1766 si
1677 1710 1952 1767 consultus

2057 507 2203 567 σθαι.
2259 509 2354 561 είτ’
2407 503 2500 562 οὖν
2555 507 3048 573 ταλαντεύσασθαι,
3118 508 3234 574 καὶ,
3306 510 3381 574 ὠς
3431 511 3628 578 εἰπεῖν,

2057 601 2486 672 ζυγοστατῆσαι.
2561 601 2672 655 Καὶ
2728 601 2878 671 λέγοι
2924 600 3030 656 ἄν’
3091 601 3304 672 Κύριε,
3358 603 3435 673 μὴ
3495 605 3630 674 πρὸς

2053 692 2212 757 ἀξίαν
2239 692 2560 764 σταθμὼση,
2612 692 2734 762 μηδ’
2775 693 3042 760 ἀνάλογον
3071 693 3443 768 τρυτανεύσης
3478 697 3633 752 τουτὶ
3726 707 3740 728 ‘

2054 783 2115 837 τὸ
2154 784 2483 856 ἁμάρτημα
2515 784 2630 838 ἀλλ’
2664 786 2713 839 εί
2747 786 2838 840 καὶ
2868 785 3054 856 δεήσει
3089 785 3459 856 ἁνασταλῆναι
3507 787 3632 850 τοὺς

2055 877 2370 947 φορτικοὺς.
2401 877 2704 932 παίδευσον,
2727 876 2826 949 μὲν
2859 877 2950 930 καὶ
2982 877 3312 947 ἐπίστρεψον
3346 879 3440 931 καὶ
3469 877 3634 945 smpti-

2057 966 2226 1037 ϐησον
2255 966 2330 1032 ὡς
2352 967 2445 1022 ἐπὶ
2470 966 2764 1038 ἀναστολῇ,
2791 967 2887 1020 καὶ
2906 965 3174 1037 γνώρισον
3205 964 3390 1028 αὐτοῖς
3421 963 3520 1035 τήν
3541 964 3633 1019 δύο

2056 1057 2219 1126 ναμίν
2259 1074 2376 1123 σου,
2415 1057 2492 1128 μὴ
2518 1056 2654 1129 πρὸς
2679 1056 2930 1122 ἀντάξιον
2961 1057 3038 1122 δὲ,
3065 1056 3162 1111 καὶ
3191 1054 3505 1125 σαφέστατα
3550 1054 3632 1108 ει-

2056 1148 2198 1208 πεῑν,
2224 1147 2552 1202 ἰσοστάσιον.

2131 1329 2240 1400 ρς’.
2302 1329 2444 1383 Ἀλλ’
2487 1332 2621 1400 ὅπερ
2651 1331 2858 1399 ἔλεγον,
2908 1330 3103 1399 μήιτις
3129 1327 3362 1382 ὲθελέτω
3390 1345 3632 1397 παρανο-

2060 1423 2181 1491 μεῖν
2217 1422 2295 1484 είς
2337 1421 2396 1476 τὸ
2442 1422 2778 1492 καθεστηκὸς
2822 1419 3141 1476 κοινωνικὸν
3167 1417 3254 1472 διὰ
3284 1419 3378 1473 τοῦ
3412 1419 3635 1473 ἀντονο-

2060 1512 2254 1583 μάζειν
2296 1510 2366 1566 τὰ
2419 1513 2740 1584 πράγματα.
2795 1513 2858 1565 Et
2901 1511 3009 1580 γὰρ
3055 1509 3148 1569 τὸν
3196 1509 3503 1563 κακύνοντα
3552 1509 3634 1573 είς

2059 1607 2354 1678 εὐεργέτην
2377 1605 2776 1676 ἐπιγράψομεν,
2798 1598 2880 1668 οἷς
2911 1600 3362 1669 ἀνεξικακοῦντες
3391 1599 3634 1669 ὠφελούο

2063 1699 2221 1770 μεθα,
2255 1697 2314 1763 ἐξ
2345 1696 2641 1752 ἀκολούθου
2683 1697 2776 1751 καὶ
2803 1696 2894 1750 τὸν
2927 1695 3103 1763 φίλον,
3137 1695 3191 1748 εί
3219 1710 3351 1751 ποτε
3395 1692 3632 1762 συμϐου-

378 1817 485 1856 non
507 1802 572 1856 de
589 1804 790 1873 regulis
806 1803 1061 1860 amicitia:
1083 1805 1220 1859 bene
1239 1801 1518 1870 decernat,
1553 1803 1606 1858 in
1635 1803 1953 1864 inimicum;

2060 1791 2391 1860 λευσάμενος
2421 1790 2522 1845 οὐκ
2551 1789 2870 1860 εὐστοχήσει
2895 1789 2962 1840 τὰ
2991 1790 3050 1852 ἐς
3073 1786 3294 1856 φιλικὴν
3325 1785 3632 1854 ὑποθήκην,

374 1906 440 1946 eo
480 1893 623 1961 quod
679 1893 881 1964 aliquid
910 1895 1219 1950 detrimenti
1253 1893 1518 1949 fuerimus
1560 1894 1791 1962 experti,
1857 1907 1954 1965 per

378 1986 764 2056 melonymiam
807 1985 1231 2041 transferemus.
1263 1985 1379 2039 Hoc
1420 1993 1602 2040 autem
1665 1985 1774 2040 dici
1843 1999 1952 2040 non

379 2077 607 2146 poterit.
640 2078 758 2133 Non
807 2079 953 2133 enim
1007 2093 1074 2133 ex
1118 2077 1401 2132 effectibus
1445 2091 1608 2143 Opera
1657 2076 1855 2142 solent,
1897 2085 1956 2131 ut

368 2167 691 2235 didicimus,
730 2171 1078 2223 characteres
1112 2169 1379 2237 accipere.
1426 2165 1694 2222 Possibile
1721 2181 1955 2230 namque

365 2265 461 2310 est
512 2256 641 2311 boni
683 2259 804 2313 ﬁnis
851 2257 1232 2329 pravissimum
1280 2270 1399 2313 esse
1451 2258 1804 2327 principium,
1850 2257 1954 2312 etsi

379 2348 502 2402 linis
533 2345 622 2403 ille
670 2362 933 2419 prospere
969 2348 1319 2414 terminetur,
1346 2348 1471 2402 ﬁnis
1502 2358 1683 2402 autem
1725 2347 1955 2403 aetionis

369 2453 483 2494 non
517 2439 671 2495 bona:
693 2439 1075 2510 probissimum
1103 2439 1317 2494 initium
1348 2454 1490 2504 esse,
1534 2440 1632 2493 etsi
1661 2438 1812 2494 male
1834 2453 1954 2495 suc-

378 2533 604 2587 cesserit
639 2543 923 2602 operatus.
959 2533 1146 2601 Itaque
1179 2531 1538 2601 probissimus
1572 2531 1779 2586 amicus
1814 2544 1956 2586 sem-

371 2639 474 2693 per
502 2626 704 2694 probus
752 2633 857 2691 est,
891 2623 993 2678 etsi
1029 2638 1126 2691 per
1155 2637 1277 2677 eum
1323 2624 1540 2694 aliquod
1597 2622 1794 2677 dilecto
1825 2623 1958 2678 sub-

377 2721 466 2767 eat
516 2715 954 2780 detrimentum;
1013 2715 1290 2772 maleﬁens
1323 2726 1503 2771 autem
1558 2729 1774 2785 semper
1826 2730 1953 2784 pra-

365 2819 498 2859 wam
530 2805 761 2860 sortitur
789 2805 1232 2876 appellationem,
1268 2807 1442 2862 donec
1494 2807 1665 2861 malus
1701 2821 1954 2876 perseve-

377 2907 481 2963 rat,
543 2898 645 2952 etsi
689 2913 785 2969 per
831 2897 1086 2956 accidens
1117 2900 1174 2954 in
1231 2901 1552 2955 beneﬁcium
1586 2901 1702 2970 ejus
1752 2901 1954 2955 malitia

2057 1882 2502 1954 μετονομάσομιν
2545 1883 2628 1944 είς
2672 1881 2889 1952 ἐχθρὸν,
2922 1880 2975 1934 εἴ
3001 1880 3053 1933 τί
3084 1895 3187 1932 που
3222 1875 3632 1948 βλαϐησόμεθα.

2055 1974 2226 2027 Τοῦτο
2254 1974 2310 2028 δὲ
2339 1973 2473 2044 μηδὲ
2505 1973 2738 2027 λαλοϊτο.
2765 1973 2841 2026 Οὐ
2874 1972 2982 2042 γὰρ
3012 1973 3074 2024 ὲκ
3105 1970 3214 2024 τῶν
3249 1967 3637 2037 ἀποτελεσμά-

2055 2083 2164 2120 των
2205 2062 2316 2120 οῐδε
2347 2065 2418 2120 τὰ
2459 2065 2598 2138 ἔργα
2638 2063 3168 2136 χαρακτηρίζεσθαι,
3213 2063 3289 2126 ὠς
3329 2061 3634 2131 ἐμάθομεν.

2055 2157 2218 2219 Εἰκὸς
2252 2157 2360 2225 γὰρ
2419 2157 2514 2212 καὶ
2548 2156 2754 2225 ἀγαθοῦ
2783 2156 2970 2218 τέλους
3003 2153 3348 2225 φαυλοτάτην
3367 2147 3511 2206 εῖναι
3535 2149 3635 2222 τὴν

2058 2248 2360 2319 καταρχὴν,
2387 2250 2436 2301 εί
2471 2248 2566 2302 καὶ
2597 2249 2729 2302 αὐτὸ
2759 2247 3001 2318 εὐτυχῶς
3024 2246 3355 2309 τετέλεσται,
3402 2245 3499 2298 καὶ
3533 2245 3631 2296 πέ-

2059 2356 2222 2411 ρατος
2251 2339 2317 2393 δὲ’
2339 2339 2590 2411 πράξεως
2620 2340 2720 2393 οὐκ
2757 2339 2968 2409 ἀγαθῆς
2991 2340 3362 2409 χρηστότατον
3403 2331 3545 2390 εἶναι
3575 2336 3633 2388 τὸ

2056 2431 2356 2504 κατάρξαν,
2402 2438 2450 2486 εἰ
2499 2436 2595 2487 καὶ
2633 2435 2660 2485 6
2705 2431 2918 2502 πράξας
2949 2429 3372 2500 δεδυστύχηκεν.
3423 2427 3633 2481 Οὐκοῦν

2057 2523 2156 2578 καὶ
2186 2527 2213 2576 6
2261 2525 2632 2594 χρηστότατος
2681 2524 2834 2595 φίλος
2875 2525 2964 2578 ἀεὶ
3008 2521 3266 2594 χρηστὸς,
3298 2520 3402 2574 κᾶν
3447 2524 3496 2572 εί
3540 2519 3632 2572 καὶ

2057 2615 2256 2686 συνέϐη
2284 2616 2360 2685 τῷ
2393 2616 2696 2687 φιλουμένῳ
2727 2618 2900 2687 βλάϐη
2928 2634 3011 2680 τις
3037 2615 3105 2670 δι’
3136 2616 3321 2670 αὐτόν’
3357 2614 3451 2668 καὶ
3478 2612 3508 2664 6
3531 2629 3634 2666 κα-

2056 2706 2236 2762 κύνων
2281 2707 2338 2760 δὲ
2384 2708 2716 2780 κληρονομεῖ
2758 2709 2932 2762 διόλου
2965 2708 3178 2780 φαύλης
3208 2707 3478 2777 κλήσεως,
3527 2704 3631 2767 ἓως

2056 2798 2123 2852 ἂν
2165 2799 2316 2869 μένοι
2351 2800 2538 2866 κακὸς,
2570 2802 2618 2852 εί
2659 2801 2754 2854 καλ⁸
2779 2801 2858 2863 εἰς
2889 2799 3211 2870 εὐεργεσίαν
3243 2795 3387 2851 οὕτω
3416 2797 3632 2866 συμϐὰν

2055 2889 2486 2961 ἀπετελεύτησεν
2510 2893 2543 2960 ἡ
2566 2891 2626 2956 ἐξ
2651 2891 2814 2944 αὑτοῦ
2851 2893 3116 2954 κάκωσις.
3141 2890 3297 2957 Λέγω
3327 2888 3370 2941 δ’
3399 2886 3632 2940 ἐνταῦθα

364 2989 724 3043 'tertninetur.
779 2987 877 3044 Hie
905 2997 1084 3045 autem
1119 2991 1240 3045 dico
1273 2991 1635 3057 conﬁdentes,
1671 2993 1813 3061 quod
1845 3005 1953 3047 non

2059 2981 2424 3054 θαρρούντως,
2452 2985 2543 3037 καὶ
2571 2983 2646 3046 ὡς
2677 2984 2740 3038 οὐ
2781 2983 2930 3050 λέγει
2962 2983 3113 3051 φίλος
3137 2993 3154 3012 ⁸
3191 2980 3508 3046 Ἐκάκωσα,
3539 2977 3632 3032 καὶ

375 3079 506 3136 dicit
527 3081 738 3136 amicus
761 3099 775 3136 :
802 3079 1334 3147 Noeui;memoriam
1362 3097 1469 3138 non
1495 3084 1721 3138 habeas.
1749 3083 1952 3140 Verum

2061 3073 2137 3146 μὴ
2174 3075 2263 3146 ἔχε
2299 3076 2544 3147 μνήμην.
2586 3075 2747 3128 Ἀλλὰ
2792 3077 3039 3130 κάκωσιν
3071 3073 3171 3128 οὐκ
3200 3070 3310 3126 οῐδε
3342 3073 3499 3141 φίλου
3533 3070 3631 3139 τὴν

364 3169 520 3224 'Itaud
562 3185 633 3224 ex
661 3173 938 3241 proposito
992 3187 1189 3226 noxam
1219 3173 1384 3229 amici
1411 3177 1585 3240 novit,
1638 3175 1764 3232 licet
1792 3192 1953 3247 quatn

2060 3169 2126 3220 ὲκ
2153 3169 2485 3238 προθέσεως,
2517 3167 2622 3222 κάν
2645 3168 2726 3220 ὅτι
2759 3167 2991 3237 μάλιστα
3022 3167 3170 3220 δεινά
3197 3164 3258 3230 ἐξ
3289 3162 3500 3218 ἐκείνου
3526 3163 3630 3217 πά-

376 3263 613 3318 maxitna
673 3263 816 3318 mala
850 3279 917 3318 ex
964 3263 1054 3318 ilio
1105 3264 1362 3335 patiatur.
1413 3265 1702 3337 Nunquam
1746 3269 1953 3326 amicus

2061 3274 2187 3330 σχῃ.
2216 3259 2487 3314 Οὐδέποτε
2521 3259 2673 3327 φίλος
2699 3257 2991 3326 κακολογεῖ
3018 3257 3110 3311 τὸν
3135 3257 3342 3326 ὅμοιον,
3375 3253 3631 3309 οὐδέποτε

367 3353 656 3410 maledicit
709 3353 984 3419 similem,
1042 3370 1336 3424 numquam
1394 3356 1775 3426 blasphemat,
1845 3375 1951 3414 non

2060 3349 2391 3422 βλασφημεῖ,
2445 3352 2546 3405 οὐκ
2592 3351 2858 3421 ἐχθαίρει,
2909 3350 3011 3403 οὐκ
3061 3348 3259 3416 ἐρίζει,
3306 3348 3371 3400 οὔ
3421 3345 3630 3411 δοιάζει

365 3443 514 3509 odit,
565 3459 671 3499 non
711 3445 948 3510 rixatur,
1006 3461 1111 3500 non
1164 3444 1361 3501 difﬁdit
1421 3449 1618 3514 amico,
1670 3465 1775 3503 non
1806 3450 1953 3519 lingit

2060 3444 2250 3497 ἑαυτὸν
2265 3444 2356 3498 τοῦ
2383 3444 2558 3513 φίλου,
2592 3445 2652 3498 οὐ
2689 3443 3023 3515 συμπλάττει
3051 3441 3329 3506 διαϐολὰς,
3364 3443 3426 3494 οὐ
3459 3457 3631 3510 κατη-

366 3537 710 3600 ιςιιιυιηιιίιιε,
740 3551 847 3592 non
871 3553 1114 3593 accusat.
1143 3538 1334 3592 Anima
1367 3551 1494 3592 vero
1529 3554 1634 3594 non
1663 3542 1836 3594 amica
1861 3556 1953 3596 nec

2059 3536 2229 3604 γορείο
2263 3535 2410 3604 ψυχὴ
2432 3536 2488 3590 δὲ
2512 3535 2699 3604 ἄφιλος
2723 3537 2814 3590 καὶ
2839 3535 2960 3588 οὐδὲ
2986 3534 3290 3604 εὐμήχανος
3320 3532 3431 3585 τῶν
3460 3531 3634 3585 τοιού-

380 3629 656 3682 solertiam
712 3628 944 3683 istorqu
981 3628 1162 3685 habet.
1201 3629 1259 3683 Si
1301 3643 1427 3684 vero
1457 3631 1782 3699 quandoque
1819 3633 1953 3686 male

2060 3641 2166 3676 των
2193 3626 2423 3693 γίνεται.
2456 3628 2518 3680 Et
2552 3628 2610 3680 δέ
2638 3644 2766 3680 ποτε
2799 3629 2889 3696 Μὴ
2925 3626 3312 3698 εὐστοχήσασα
3343 3621 3520 3676 ὲθέλει
3547 3621 3633 3676 λέ-

382 3720 697 3776 ratioeinata
721 3721 854 3775 velit
887 3720 1069 3776 dicere
1127 3721 1378 3776 lacessito
1408 3739 1423 3776 :
1457 3720 1575 3776 Noli
1626 3724 1953 3792 meminisse,

2060 3736 2180 3786 γειν
2202 3720 2279 3788 τῷ
2302 3719 2431 3772 πολε
2440 3719 2687 3788 μηθέντι’
2722 3723 2796 3790 μὴ
2827 3721 3096 3791 μέμνησο,
3123 3722 3259 3776 ἁ).λά
3284 3721 3460 3776 διόλου
3485 3718 3634 3787 φίλος

381 3815 472 3866 sed
503 3826 720 3882 semper
752 3812 959 3866 amicus
986 3819 1140 3875 esto;
1169 3811 1385 3879 j'ocatur
1431 3813 1484 3866 in
1526 3813 1608 3867 his
1639 3828 1758 3880 quae
1811 3827 1953 3882 repo-

2063 3810 2176 3864 ἔσοο
2213 3812 2418 3877 παίζει,
2467 3812 2552 3880 ἐφ’
2597 3809 2678 3872 οἷς
2707 3813 2868 3880 ἀξιοῖ,
2915 3814 3159 3882 ἀσφαλὲς
3189 3815 3244 3868 δὲ
3275 3814 3426 3881 λέγει
3455 3813 3629 3866 οὐδέν.

379 3904 501 3966 scit,
529 3903 773 3972 nihilque
802 3911 989 3956 tutum
1013 3901 1271 3972 loquitur.
1312 3901 1512 3957 Audiet
1565 3904 1686 3959 talis
1713 3920 1740 3956 a
1780 3905 1908 3959 laeso
1943 3924 1953 3960 :

2077 3902 2396 3956 ’Λκούσεται
2425 3906 2533 3973 γὶρ
2563 3906 2591 3957 6
2626 3905 2862 3966 τοιοῦτος
2897 3907 3032 3974 πρός
3065 3923 3128 3973 γε
3154 3905 3248 3959 τοῦ
3284 3903 3629 3975 βλαφθέντος·

379 3993 531 4048 Licet
573 4006 737 4049 notus
784 3995 1003 4064 quidem
1047 3994 1126 4048 sis
1190 4004 1244 4049 et
1287 3992 1596 4059 fatniliaris,
1643 4011 1747 4050 non
1778 4007 1953 4051 autem

2074 3993 2164 4053 Ὧς
2192 3995 2465 4063 γνώριμος
2495 3995 2593 4062 μὲν
2615 3995 2712 4066 ἔσῃ
2744 3997 2836 4048 καὶ
2859 3997 3116 4066 συνήθης,
3153 3999 3304 4067 φίλος
3327 3997 3384 4050 δὲ
3415 3999 3515 4050 οὐκ
3546 3993 3629 4047 ἄν.

380 4089 608 4140 amicus.
662 4086 799 4139 Nam
851 4087 1033 4139 omnis
1082 4085 1290 4140 amicus
1332 4087 1386 4138 in
1437 4085 1694 4141 dilectum
1751 4104 1782 4142 a
1815 4099 1953 4143 recte

2063 4084 2218 4148 Φίλος
2254 4087 2360 4154 γὰρ
2388 4089 2531 4150 ὅιπας
2562 4089 2943 4158 ἀναμάρτητος
2977 4090 3121 4158 ὀρθῷ
3151 4090 3302 4159 λόγῳ
3327 4091 3422 4143 καὶ
3449 4088 3631 4141 κανόνι

380 4181 545 4233 vcrho
599 4178 894 4248 regulaque
943 4191 1051 4230 non
1107 4176 1364 4230 deflectit.
1399 4176 1455 4230 Si
1519 4193 1648 4232 vero
1693 4178 1953 4245 oﬁ‘cndat,

2065 4177 2199 4245 πρὸς
2229 4177 2321 4230 τὸν
2345 4177 2686 4247 φιλούμενον.
2724 4181 2782 4233 Εἰ
2810 4181 2868 4233 δέ
2893 4199 2997 4235 που
3021 4181 3114 4234 καὶ
3141 4181 3462 4252 προσκόψοι,
3497 4179 3630 4234 ἀλλὰ

377 4271 582 4324 ull'eusa
639 4286 742 4324 non
789 4269 842 4322 in
871 4269 1032 4322 istum
1094 4268 1236 4321 haud
1275 4268 1568 4322 excitatum
1613 4281 1751 4324 ruet.
1809 4271 1953 4326 Insu-

2063 4269 2123 4319 τὸ
2167 4269 2394 4338 σφάλμα
2437 4270 2538 4324 οὑκ
2563 4274 2646 4333 εἰς
2693 4273 2984 4342 ἀνέγερτον
3019 4274 3221 4326 ἐκεῖνον
3252 4275 3629 4344 καταρῤιπτεῖ.

380 4379 476 4431 per
512 4373 691 4416 autem
729 4361 852 4414 talis
893 4362 1093 4421 audiet,
1145 4361 1288 4428 quod
1313 4359 1468 4428 juxta
1515 4361 1854 4429 conscriptos
1905 4364 1953 4416 in

2067 4360 2514 4428 Προσακούσεται
2535 4362 2594 4415 δὲ
2627 4363 2655 4414 ὁ
2687 4362 2950 4429 τοιοῦτος,
2980 4365 3077 4417 καὶ
3105 4366 3188 4417 ὅτι
3213 4366 3354 4417 κατά
3384 4367 3507 4426 τοὺς
3539 4381 3634 4415 που

377 4456 530 4511 cives
582 4462 637 4508 et
693 4455 810 4522 ipse
867 4452 1232 4520 reputabitur."
1284 4451 1350 4505 Et
1399 4451 1854 4520 quemadmodum
1904 4456 1953 4509 iu

2065 4452 2564 4523 λιτογραφομένους
2599 4456 2980 4525 λογισθήσεται
3021 4458 3114 4510 καὶ
3152 4457 3336 4518 αὑτός·
3367 4457 3463 4509 καὶ
3495 4456 3633 4507 καθα

378 4551 655 4606 civitatem
693 4547 891 4615 aliquis
923 4544 1550 4613 ordiuatusaliquandiu
1597 4547 1815 4614 quidem
1848 4563 1953 4604 non

2063 4549 2259 4608 τακτὸς
2295 4565 2378 4610 τις
2405 4551 2461 4609 ές
2492 4547 2648 4602 πόλιν
2681 4548 2816 4610 ειέως
2857 4551 2958 4617 μὲν
2990 4542 3092 4603 οὐκ
3134 4549 3459 4618 αὐτόχρημα
3491 4548 3636 4600 πολί-

381 4643 560 4711 "rcipsa
585 4639 720 4695 civis
751 4649 854 4703 est,
879 4637 978 4692 sed
1009 4643 1328 4699 extraneus;
1357 4623 1648 4702 inscriptus
1674 4647 1853 4691 autem
1901 4639 1953 4691 in

2059 4654 2154 4706 της
2183 4639 2351 4705 ἐστὶν,
2395 4640 2530 4693 ἀλλὰ
2561 4643 2735 4711 δήπου
2765 4642 2938 4705 ξένος·
2970 4642 3273 4710 ἐγγραφεὶς
3306 4641 3362 4693 δὲ
3391 4641 3474 4704 εἰς
3499 4644 3636 4709 φρή-

351 4749 356 4756 '
381 4737 723 4799 societatem,
741 4729 1082 4800 appositione
1100 4727 1242 4783 ﬁlius
1261 4728 1320 4782 ﬁt
1333 4729 1592 4795 civitatis,
1611 4737 1666 4783 et
1683 4731 1958 4786 secundus

384 4840 468 4883 est
492 4829 559 4881 ab
591 4825 856 4894 iudigcnis
877 4831 1136 4891 tanquam
1159 4823 1356 4891 hospes
1373 4837 1477 4875 non
1509 4835 1668 4892 pares
1684 4837 1749 4876 ac
1764 4823 1955 4877 caeteri

383 4918 715 4989 participans
741 4917 997 4979 honores,
1021 4913 1124 4967 nisi
1150 4915 1421 4977 deveniat,
1455 4913 1679 4968 forsitan
1721 4914 1957 4969 illustra-

383 5021 492 5073 tus,
521 5009 636 5062 sive
662 5021 756 5075 per
783 5003 1059 5075 dignitatis
1095 5013 1497 5070 ornamentum,
1549 5008 1665 5059 sive
1695 5019 1790 5074 per
1827 5021 1958 5073 ang-

386 5111 624 5155 meutum
653 5117 668 5155 :
695 5097 772 5151 sic
801 5105 856 5150 et
882 5096 979 5151 tibi
1004 5094 1314 5166 aliquandiu
1341 5096 1559 5166 quidem
1585 5099 1818 5151 amicum
1852 5101 1958 5151 erit

384 5191 795 5248 contubernium
827 5207 844 5245 :
880 5189 924 5244 si
958 5203 1087 5244 vero
1115 5190 1418 5244 favorabile
1467 5199 1684 5259 tempus
1707 5190 1773 5243 ad
1801 5204 1956 5255 regu-

385 5287 554 5341 larem
598 5282 891 5338 amicitiam
915 5281 1169 5347 illuxeril,
1203 5293 1330 5338 tunc
1369 5285 1420 5336 in
1468 5296 1653 5338 verum
1697 5283 1954 5348 amicum,

383 5379 474 5449 qui
501 5377 674 5445 diligit
705 5375 1142 5440 unanimitatem,
1171 5374 1534 5430 ordinaberis.
1587 5373 1735 5429 Alias
1773 5382 1956 5429 autem

383 5482 533 5524 recte
584 5477 867 5522 vereretur
915 5465 1037 5535 quis
1101 5466 1158 5520 in
1195 5473 1245 5519 te
1280 5468 1422 5535 quod
1474 5466 1820 5527 inexpertum
1851 5473 1956 5526 est,

2057 4745 2218 4798 τρην,
2257 4731 2405 4784 θέσει
2455 4732 2647 4786 τέκνον
2681 4733 2870 4802 γέγονε
2919 4733 3148 4797 πόλεως,
3181 4733 3278 4785 καὶ
3321 4731 3631 4804 δευτερεύει

2059 4820 2168 4872 τῶν
2201 4821 2488 4890 ίθαγενῶν,
2535 4825 2610 4887 ὡς
2651 4825 2878 4894 ἔπηλυς,
2933 4825 2996 4880 οὺ
3050 4824 3478 4894 μεταλαγχάνων
3527 4824 3633 4877 τῶν

2063 4912 2199 4966 ίσων
2225 4917 2337 4979 τοῖς
2371 4918 2553 4980 ἀλλοις
2597 4919 2922 4986 πρεσϐείων,
2959 4920 3008 4971 εἰ
3040 4919 3116 4989 μὴ
3153 4919 3262 4990 ἀρα
3304 4917 3631 4981 συντελέσει,

2062 5005 2394 5072 ἀριστεύσας
2423 5011 2606 5079 τυχὸν,
2638 5012 2670 5080 ἢ
2703 5011 3004 5078 πρεσϐείαν
3030 5011 3288 5082 τιμήσας,
3327 5010 3366 5080 ἢ
3395 5009 3631 5072 meos;-

2059 5095 2204 5148 οὕτω
2228 5101 2319 5149 καὶ
2344 5101 2426 5151 σοὶ
2456 5102 2589 5164 τέως
2619 5106 2718 5169 μὲν
2742 5105 3024 5172 ἀγαπητὸν
3047 5104 3197 5157 ἔσται
3216 5106 3278 5156 τὸ
3302 5104 3632 5173 ὁμωρόφιον.

2063 5187 2125 5238 Εἰ
2146 5188 2201 5239 δὲ
2233 5192 2701 5262 χβνοςεεὺμαρής
2736 5196 2952 5264 ὲκφήνῃ
2977 5194 3046 5246 τὰ
3082 5196 3181 5263 τῆς
3213 5194 3400 5263 φιλίας
3427 5209 3636 5260 κανονι·

2029 5277 2202 5340 ηκῶς,
2228 5281 2348 5333 τότε
2391 5281 2456 5351 δὴ
2497 5282 2594 5335 καὶ
2623 5285 2704 5345 είς
2743 5284 3068 5354 αὐτόχρημα
3111 5286 3265 5351 φίλον
3307 5284 3530 5354 τετάξῃ,
3573 5283 3634 5342 6;

2061 5370 2570 5442 dpupuxtavtptkal-
2607 5374 2784 5437 ἄλλως
2815 5376 2872 5428 δὲ
2921 5375 3102 5435 καλῶς
3147 5376 3214 5429 ἂν
3243 5375 3525 5430 εὐλαὸοἰτό
3554 5393 3636 5437 τις

2057 5464 2122 5516 τὸ
2155 5467 2214 5516 ἐν
2250 5466 2336 5519 σοὶ
2375 5465 2763 5533 ἀδοκίμαστον,
2805 5467 2876 5521 τά
2924 5483 2983 5520 τε
3014 5467 3172 5533 ἄλλα,
3207 5469 3300 5520 καὶ
3349 5469 3432 5520 ὅτι
3485 5467 3634 5520 ταῦτ’

386 5563 632 5632 interque
661 5572 887 5614 caeteras
929 5559 1166 5613 rationes
1217 5559 1381 5611 etiam
1431 5559 1564 5627 quid
1619 5555 1826 5621 i‘orsan,
1873 5557 1953 5610 bis

2063 5555 2191 5616 ἴσως
2225 5557 2413 5625 μαθὼν
2445 5561 2472 5612 6
2508 5560 2698 5628 πρώην
2725 5561 2940 5629 ἑταῖρος
2970 5561 3257 5629 όχρόνιος,
3287 5561 3314 5610 6
3343 5561 3431 5611 ἀεὶ
3461 5560 3630 5626 φίλος,

385 5656 630 5722 cognitis,
657 5659 942 5710 hesteruus
972 5656 1171 5716 socius,
1192 5653 1468 5719 antiquus.
1492 5665 1704 5717 θεωρεῖ
1725 5651 1957 5712 amicus.

386 5752 652 5813 sincerus,
686 5751 1021 5808 commodus,
1054 5749 1120 5801 ab
1153 5749 1348 5809 amico,
1388 5746 1438 5798 in
1497 5760 1661 5798 unum
1694 5753 1748 5798 et
1778 5745 1953 5814 ipsum

2063 5649 2088 5698 6
2113 5651 2372 5719 καθαρὸς.
2407 5654 2433 5702 ὁ
2457 5652 2766 5722 ἐπωφελης,
2803 5654 3148 5722 ἁποπηδήσοι
3195 5655 3260 5704 ἂν
3308 5652 3464 5718 φίλου
3512 5653 3634 5704 τάσο

2067 5755 2250 5803 συντος
2288 5744 2362 5803 εἰς
2391 5741 2447 5794 ἓν
2473 5744 2635 5795 αὐτόν
2668 5761 2722 5796 τε
2754 5745 2847 5796 καὶ
2880 5743 2970 5796 τὸν
3002 5742 3220 5812 νέηλυν·
3245 5743 3352 5794 ’καὶ
3391 5743 3471 5794 ὅτι
3515 5739 3631 5792 οὐδὲ
