3968 6244
339 395 440 460 497

1323 389 1624 453 CONTRA
1670 391 2173 454 INJURIARUM
2215 393 2656 456 MEMORIAM.

3487 392 3600 456 498

336 482 520 552 σοφὸν,
539 481 598 536 τὸ
618 481 680 546 ἐξ
698 481 874 549 άκρας
898 478 1096 551 ἔχθρας
1121 479 1401 535 πιστεύειν
1424 481 1504 543 εις
1528 479 1711 546 φιλίαν
1740 481 1916 546 άκραν

2023 487 2080 532 rt
2117 481 2387 536 novellum
2419 482 2726 543 ordinante,
2759 479 3071 549 prosiliret;
3109 489 3162 534 ct
3201 480 3345 548 quoi
3381 497 3482 534 non
3513 491 3596 536 est

334 574 579 646 ἁχρόνως
619 572 1112 627 ἀποκαθίστασθαί
1148 589 1324 636 τινας.
1368 572 1770 642 ’Λποφαίνομαι
1802 573 1912 643 γάρ

333 669 434 722 οὐκ
480 665 796 730 ἐνδοιάζων,
825 665 902 728 ὡς
951 664 1131 718 οὐδενὶ
1171 664 1282 718 τῶν
1307 664 1411 732 τῆς
1457 664 1608 726 θείας
1634 663 1915 735 τραπέζης

335 759 668 830 ἡδυσμάτων
705 755 1008 828 ὲπιχαίντιν
1032 756 1062 809 δ
1107 755 1286 826 λίχνος
1321 756 1531 825 δαίμων
1556 755 1725 825 φιλεῖ,
1771 755 1916 810 καθὰ

333 855 401 924 τῇ
427 853 620 923 ἀγάπῃ
643 851 740 905 καὶ
755 852 824 921 τῇ
852 847 1124 919 συστοίχῳ
1149 847 1352 919 ταύτης
1383 848 1560 918 φιλία’
1587 849 1683 900 καὶ
1701 848 1918 918 χασμᾶ-

333 961 424 999 ται
453 944 542 997 ἀεὶ
576 943 723 996 κατά
768 942 864 995 τοῦ
907 939 1154 994 τοιούτου
1200 939 1390 994 καλοῦ.
1431 942 1542 995 Καὶ
1582 939 1711 994 ἔνθα
1759 939 1860 1008 μὲν
1887 939 1916 992 ὀ

334 1035 805 1103 Θεδςξὲπικουρεῖ,
841 1032 1229 1102 ἀπωθούμενος
1263 1031 1324 1084 τὸ
1356 1031 1568 1102 θηρίον,
1592 1031 1755 1095 λύκος
1785 1032 1918 1084 ἀπο-

337 1125 534 1190 ϐαίνει,
558 1124 738 1194 μάτην
783 1122 986 1194 χανών.
1018 1121 1226 1185 Ἀλλως
1246 1121 1303 1174 δέ
1327 1137 1391 1189 γε
1412 1122 1590 1197 ἀνύει,
1609 1122 1676 1176 τὰ
1701 1122 1799 1192 μὲν
1816 1123 1914 1192 ὀψέ

337 1233 488 1281 ποτε,
523 1215 660 1268 ὅπου
691 1215 832 1268 καθά
861 1214 1016 1278 πόλις
1047 1213 1218 1284 ὀχυρά
1245 1214 1278 1283 ἡ
1310 1213 1464 1282 φιλία
1495 1213 1731 1281 πέπηγε·
1766 1211 1836 1266 τὰ
1856 1212 1914 1266 δὲ

337 1307 430 1360 καὶ
460 1299 693 1378 ῥαδίως.⁹
730 1305 860 1360 ἔνθα
907 1307 1048 1360 κατὰ
1097 1306 1330 1376 ψάμμου
1375 1305 1442 1360 τὰ
1472 1305 1664 1377 φιλικά
1692 1307 1919 1374 τεθεμε-

337 1396 546 1451 λὶωται.

409 1529 512 1602 ρξ’.
548 1532 670 1603 Χρὴ
707 1533 886 1586 τοίνυν
931 1532 1269 1602 δοκιμάζειν,
1300 1531 1506 1604 ,ὥσπερ
1549 1533 1719 1587 τάλλα
1753 1536 1914 1587 πνεύ-

342 1637 508 1689 ματα,
531 1620 674 1673 οὕτω
695 1621 792 1674 καὶ
821 1623 883 1674 τὸ
912 1625 1006 1690 τῆς
1032 1621 1236 1690 φιλίας,
1267 1621 1362 1674 καὶ
1389 1621 1464 1690 μὴ
1501 1621 1912 1692 προσφέρεσθαι

338 1710 414 1781 τῷ
440 1711 660 1780 τυχόντι
706 1712 903 1779 πείρας
935 1711 1093 1782 άτερ,
1127 1710 1239 1763 ἀλλ’
1272 1711 1568 1776 ἐξετάζειν,
1601 1714 1693 1765 καὶ
1745 1714 1914 1781 συχνὰ

339 1797 787 1868 περιϐλέπεσθαι,
825 1803 918 1853 καὶ
956 1801 1134 1854 πάντα
1175 1801 1370 1862 ποιεῖν,
1400 1801 1467 1852 δι’
1494 1795 1568 1854 ὧν
1599 1800 1665 1855 ἂν
1693 1804 1720 1855 ὁ
1759 1803 1912 1870 φίλος
1945 1835 1989 1894 Β

338 1889 775 1960 διακριθήσεται,
802 1893 851 1944 εἰ
887 1893 1226 1963 στερέμνιος,
1250 1893 1299 1944 εί
1333 1892 1558 1962 ἀληθὴς,
1583 1893 1632 1946 τί
1659 1893 1733 1964 μὴ
1759 1910 1914 1964 χορε-

339 1987 498 2039 6ατεί
522 1983 815 2055 σκηνικῶςο
840 1984 886 2035 si
916 1986 1165 2050 στεγανοῖ
1184 1983 1250 2036 τὰ
1275 1985 1452 2053 χείλη,
1481 1983 1554 2046 ὠς
1583 1987 1718 2053 μήτε
1751 2001 1915 2037 κακο-

337 2077 525 2144 λογίας
541 2074 754 2128 ἐκεῖθεν
772 2075 1120 2136 ὲκπέτεσυαι,
1144 2074 1280 2143 μήτε
1303 2069 1370 2126 αὖ
1398 2075 1682 2143 μυστήρια
1703 2089 1915 2144 προπη-

338 2170 456 2240 δᾷνο
503 2171 553 2222 τί
597 2167 820 2221 δύναται
857 2169 1043 2238 φέρειν
1073 2166 1322 2234 ἐλαφρῶς
1346 2167 1498 2234 φίλον
1546 2166 1914 2236 βαρυνόμενον

341 2262 462 2317 κατ’
483 2261 673 2314 αὑτοῦ·
704 2263 751 2313 εἰ
779 2259 852 2329 μὴ
884 2259 1018 2330 προς
1043 2259 1231 2329 κέρδος
1257 2259 1425 2327 φιλεῖ,
1450 2258 1607 2311 τοῦτο
1628 2258 1691 2328 δὴ
1723 2261 1782 2310 τὸ
1805 2262 1914 2322 τοῖς

341 2353 585 2405 πλείοσιν
613 2349 962 2413 ἐπιπολάζον
993 2352 1041 2402 εί
1071 2352 1145 2419 μὴ
1172 2350 1394 2419 θερμὸς,
1420 2352 1500 2411 είς
1523 2349 1796 2420 ὲργωδίαν
1826 2351 1917 2402 ἐκ·

339 2445 574 2514 τρέχειν,
630 2441 706 2504 ὠς
757 2441 1059 2510 πράγματα
1123 2440 1386 2509 παρέχειν
1432 2440 1508 2510 τῷ
1551 2440 1708 2510 φίλῳ·
1740 2443 1788 2493 εί
1839 2441 1914 2512 μὴ

342 2535 560 2604 πρόεισι
590 2532 966 2602 καχύποπτος·
990 2533 1039 2584 εί
1067 2532 1202 2601 πρὸς
1222 2531 1412 2594 ἄλλους
1439 2520 1623 2601 φιλίαν
1653 2533 1916 2602 συνηλλα-

340 2625 472 2695 χὼς,
506 2625 690 2695 ἔμεινε
720 2625 814 2679 καὶ
847 2624 1228 2696 κατώρθωσενο
1262 2625 1308 2676 εἰ
1338 2625 1432 2677 καὶ
1477 2624 1754 2688 κινδύνους
1787 2626 1916 2678 ὐπο-

345 2719 529 2786 μένειν
574 2718 904 2787 ἡτοίμασται
961 2718 1010 2770 εί
1059 2716 1134 2785 τῷ
1171 2716 1310 2786 φίλῳ
1353 2717 1669 2786 ἐπαρκέσει,
1719 2715 1912 2786 καιροῦ

343 2808 652 2873 καλοῦντος,
683 2810 740 2861 ὲν
775 2805 853 2871 οἷς
882 2808 990 2880 άρα
1013 2809 1107 2860 καὶ
1131 2809 1300 2861 δέοιτο
1332 2809 1380 2860 εί
1408 2808 1776 2878 τυρευομένην
1799 2811 1915 2861 ἐπι-

343 2899 543 2971 ϐουλὴν
574 2900 953 2970 καταμηνύσει
982 2899 1188 2968 μαθώι⁸
1223 2903 1274 2953 εί
1302 2903 1414 2962 τοῖς
1439 2898 1534 2953 τοῦ
1567 2900 1720 2968 φίλου
1750 2917 1916 2955 κατα-

345 2992 608 3045 πίπτουσι
635 2993 860 3062 παρέξει
881 2993 1186 3062 ἀντίληψιν·
1215 2993 1275 3045 τὸ
1301 2994 1408 3045 πᾶν
1434 2993 1632 3057 εἰπεῖν,
1667 2993 1714 3046 εί
1743 2991 1916 3046 τοιοῦ-

345 3101 433 3149 τος
474 3085 630 3139 ἔσται
661 3085 738 3155 τῷ
788 3085 943 3155 φίλῳ,
979 3081 1090 3149 οἷος
1119 3085 1184 3138 ἂν
1213 3085 1376 3148 αὐτὸς
1420 3084 1620 3155 ἑαυτῷ,
1661 3085 1827 3154 φάναι
1856 3085 1915 3138 δὲ

2021 571 2243 642 sapiens
2271 587 2336 627 ex
2386 574 2686 629 inimicitize
2717 575 3002 627 cacumine
3031 573 3304 628 conﬁdere
3331 570 3591 640 quosdam

2016 666 2084 719 ad
2139 664 2392 721 amicitiae
2443 679 2701 721 cacumen
2761 665 2945 721 subito
2986 665 3299 720 transferri.
3361 663 3594 720 Declaro

2019 770 2260 822 namque
2289 771 2395 811 non
2430 757 2684 812 dubitans
2717 757 2860 827 quod
2902 757 3101 810 nullam
3138 756 3337 812 divina:
3387 769 3592 810 mensa:

2018 848 2384 904 suavitatihus
2449 846 2662 902 inhiare
2710 847 2846 902 solet
2898 847 3114 902 invidus
3147 847 3386 912 daemon,
3453 846 3599 900 sicut

1997 938 2342 996 .charitatem
2409 946 2465 994 et
2535 937 2709 1008 ipsius
2744 946 3055 992 consortem
3116 939 3436 992 amicitiam.
3494 935 3614 994 Ubi.

2017 1031 2236 1101 quidem
2278 1029 2466 1102 vigilat
2513 1029 2684 1095 Deus,
2719 1029 2890 1084 feram
2926 1045 3145 1095 arcens,
3182 1031 3337 1098 lupus
3366 1029 3598 1084 frustra-

2019 1132 2072 1178 to
2092 1123 2240 1178 hiatu
2280 1121 2505 1177 recedit.
2553 1119 2701 1176 Alias
2740 1129 2920 1175 autem
2977 1122 3271 1191 cogitatum
3344 1121 3594 1192 perﬁcit,

2015 1216 2340 1284 quandoque
2371 1214 2591 1283 quidem
2643 1228 2789 1278 sero,
2837 1227 2958 1266 cum
2989 1213 3149 1266 veluti
3207 1213 3359 1266 ﬁrma
3389 1212 3596 1266 civitas

2015 1305 2254 1359 amicitia
2311 1313 2554 1370 constat;
2617 1305 2948 1374 quandoque
2997 1308 3125 1357 ve'ro
3183 1302 3420 1366 facilius,
3470 1319 3592 1358 cum

2016 1413 2179 1467 super
2205 1413 2432 1451 arenam
2462 1397 2717 1450 amicitiae
2749 1397 3104 1451 fundamenta
3144 1398 3416 1452 nituntur.

2087 1530 2209 1584 107.
2243 1527 2470 1598 Oportet
2500 1529 2684 1596 igitur,
2718 1528 2859 1582 sicut
2891 1535 3119 1582 caeteros
3147 1526 3398 1596 spiritus,
3445 1528 3524 1582 sic
3543 1539 3600 1582 et

2017 1619 2271 1674 amicitia:
2319 1617 2569 1687 spiritum
2622 1617 2880 1686 experiri,
2940 1631 3040 1670 nec
3093 1617 3403 1670 occurrenti
3481 1618 3601 1672 sine

2019 1711 2332 1781 probatione
2362 1710 2648 1775 inhaerere,
2677 1709 2770 1763 sed
2799 1709 3136 1771 examinare,
3156 1708 3349 1763 crebro
3364 1707 3603 1762 circum-

2019 1804 2227 1870 Spicere
2260 1811 2560 1872 cunctaque
2584 1801 2764 1857 facere
2791 1802 2990 1870 quibus
3017 1803 3227 1858 amicus
3249 1801 3600 1870 dijudicetur,

2019 1911 2087 1948 an
2118 1897 2326 1960 lirmus,
2360 1910 2429 1949 an
2462 1909 2642 1960 verus,
2665 1909 2851 1949 annon
2889 1894 3110 1949 scenice
3138 1893 3344 1948 saltans
3371 1910 3388 1959 ;
3420 1909 3487 1947 an
3524 1895 3603 1946 la-

2021 1985 2108 2039 bia
2156 1983 2411 2053 stringat,
2450 1991 2511 2037 ut
2537 1982 2735 2038 exinde
2776 1982 3182 2036 maledictiones
3235 1996 3340 2035 non
3377 1993 3597 2048 exeant,

2022 2088 2119 2128 nec
2144 2081 2352 2127 secreta
2377 2072 2663 2142 prosiliant
2697 2089 2713 2139 ;
2749 2087 2817 2126 an
2850 2073 3038 2128 leviter
3074 2071 3218 2126 terre
3250 2073 3427 2141 possit
3457 2074 3598 2127 arni-

2020 2180 2141 2219 cum
2171 2165 2224 2218 in
2270 2164 2444 2233 ipsum
2491 2173 2796 2234 gravatum,
2849 2179 3027 2218 annon
3069 2165 3138 2217 ob
3191 2164 3396 2217 lucrum
3434 2175 3605 2230 amet,

2020 2258 2161 2324 quod
2196 2255 2378 2310 multis
2405 2269 2566 2324 porro
2592 2254 2848 2322 frequens
2897 2267 2978 2310 est
3016 2271 3033 2322 ;
3063 2269 3241 2310 annon
3278 2255 3493 2312 fervens
3529 2261 3601 2314 ad

2021 2347 2423 2404 excurrendum
2461 2348 2519 2402 in
2578 2347 2947 2415 diﬁicultates,
3001 2357 3059 2403 ut
3109 2349 3323 2417 negot-ia
3372 2352 3602 2406 suscitet

2022 2441 2235 2507 amico;
2308 2453 2489 2495 annon
2548 2441 2616 2496 ab
2649 2442 2907 2496 anteriori
2951 2443 3326 2510 suspiciosus;
3380 2457 3448 2496 an
3477 2459 3600 2498 cum

2022 2531 2144 2588 aliis
2199 2533 2438 2588 amicitia
2506 2541 2784 2588 contracta
2823 2572 2838 2600 ,
2889 2534 3318 2603 perseveraverit
3367 2543 3424 2590 et
3465 2537 3604 2590 betae

2022 2623 2346 2693 processerit
2381 2641 2397 2690 ;
2430 2639 2498 2677 an
2533 2623 2698 2677 etiam
2732 2624 2972 2690 pericula
3025 2625 3296 2679 sustinere
3339 2635 3592 2694 paratus;

2023 2730 2090 2768 an
2114 2716 2292 2770 amico
2325 2714 2771 2784 suppeditaturns
2807 2715 2898 2775 sit,
2928 2724 3187 2784 poscente
3233 2717 3600 2771 circumstan-

2025 2808 2119 2872 tia,
2154 2807 2243 2860 illa
2301 2809 2496 2876 quibus
2547 2815 2731 2876 egeret
2781 2822 2797 2874 ;
2870 2823 2938 2859 an
2999 2809 3216 2874 cognita
3279 2808 3596 2862 insidiarum

2022 2895 2424 2950 machinatione
2461 2897 2842 2962 revelaturus;
2893 2911 2962 2949 an
2998 2899 3159 2953 rebus
3208 2899 3367 2954 amici
3415 2902 3602 2954 conci-

2023 2984 2274 3040 dentibus
2301 2986 2557 3040 auxilium
2617 2996 2971 3056 praestaturus
3021 3007 3042 3055 ,-
3099 3003 3190 3055 an,
3245 3004 3360 3043 utro
3413 2991 3599 3056 verbo,

2028 3077 2152 3134 talis
2181 3079 2357 3134 amico
2385 3078 2600 3135 futurus
2633 3082 2702 3136 sit
2731 3081 2916 3152 qualis
2951 3082 3065 3151 ipse
3117 3082 3442 3153 sibimetipsi
3476 3084 3602 3153 jux-

346 3179 485 3232 κατά
512 3179 606 3230 τὸν
631 3178 853 3231 εἰπόντα
880 3179 1062 3247 σοφὸν,
1095 3196 1114 3229 ι
1143 3177 1300 3242 ἄλλος
1327 3179 1510 3243 αὐτός.
1543 3198 1561 3232 ι
1597 3178 1784 3243 Uitta);
1809 3179 1916 3248 ἰτὼ

2027 3180 2187 3241 taque
2208 3171 2466 3240 sapientis
2503 3173 2730 3238 dictum,
2764 3173 2903 3228 alius
2958 3175 3092 3242 ipse.
3122 3175 3213 3230 Sic
3241 3191 3344 3246 ego
3371 3177 3602 3245 probare

345 3268 665 3338 δοκιμάζειν
697 3269 958 3339 αἱροῦμαι
989 3270 1113 3332 τοὺς
1137 3265 1205 3339 ἦν
1229 3271 1330 3324 ὅτε
1357 3269 1800 3340 βλάψαντας,3ιαὶ
1834 3273 1918 3325 δο-

349 3362 614 3429 κιμάσας,
647 3360 887 3431 ἐξευρὼν
934 3364 1014 3423 είς
1047 3361 1104 3414 ἓν
1154 3364 1333 3424 αὐτοῖς
1387 3364 1528 3432 ἥκω,
1563 3365 1656 3416 καὶ
1692 3381 1921 3416 συνανα-

349 3455 704 3524 κίρναμαιτά
732 3455 960 3524 ψυχικά,
991 3457 1084 3509 καί
1113 3460 1229 3523 εἰμι
1264 3457 1373 3523 ἐγὼ
1421 3462 1480 3510 ἐν
1521 3459 1726 3523 αὐτοῖς,
1775 3458 1919 3512 κα.θά

351 3546 802 3614 παραγγέλλομαι
829 3562 844 3576 ·
877 3544 987 3598 εἷεν
1016 3547 1070 3598 δὲ
1100 3547 1194 3600 καὶ
1219 3547 1373 3599 αὐτοὶ
1422 3551 1480 3600 ὲν
1507 3550 1651 3618 ἐμοί.
1711 3548 1916 3610 ’Ἄλλως

349 3637 406 3690 δὲ
427 3635 787 3708 εὐλαϐοῦμαι,
819 3639 1244 3708 ὑποστέλλομαι,
1279 3642 1379 3709 ἤδη
1423 3641 1478 3692 δέ
1521 3659 1622 3692 που
1653 3641 1744 3694 καὶ
1799 3641 1919 3694 δια-

352 3729 666 3799 στίλλομαι,
696 3732 792 3782 καὶ
823 3730 1060 3798 ὲγγίζων
1101 3728 1260 3792 αὖθις
1288 3731 1392 3782 ἀνὰ
1417 3731 1550 3783 πόδα
1578 3737 1780 3802 χωρεῖν
1802 3732 1920 3785 ἰθέ-

349 3821 425 3874 λω
451 3837 465 3852 ·
485 3823 632 3876 καθά
657 3839 759 3876 που
778 3826 871 3876 καὶ
907 3823 1186 3892 στρουθίον
1208 3823 1409 3888 δειλὸν,
1433 3826 1524 3877 ὅτε
1554 3825 1754 3878 κόκκον
1771 3825 1918 3879 σίτου

353 3915 478 3982 ίδὺν,
527 3916 623 3969 καὶ
676 3918 765 3970 ἐπ’
808 3918 1016 3969 ἐκεῖνον
1038 3917 1246 3986 δραειὸν
1293 3918 1514 3986 μικρὸν,
1559 3919 1655 3971 καὶ
1690 3917 1920 3972 κατόπιν

349 4009 533 4078 χωρεῖ,
569 4006 646 4078 μὴ
685 4009 781 4060 καὶ
811 4011 889 4071 είς
921 4007 1130 4076 παγίδα
1171 4010 1348 4062 πέσοι.

416 4141 524 4213 ρη’.
577 4140 817 4194 Ἔπαθον
874 4140 984 4210 ἐγὼ
1029 4135 1200 4194 πολλὰ
1262 4127 1518 4196 τοιαῦτα·
1576 4141 1920 4214 ἑδελεάσθην,

351 4234 667 4306 ἡπατήθην,
704 4235 1156 4304 παρεκρούσθην,
1192 4235 1613 4306 ἀπεπλανήθην,
1637 4236 1811 4290 δοκῶν
1835 4253 1923 4306 φι-

350 4324 468 4380 λίαν
488 4329 773 4398 κερδὴσαι.
807 4327 874 4379 Οῖ
899 4344 989 4396 μοι
1032 4327 1132 4395 τῆς
1172 4326 1394 4397 ἔχθρας,
1442 4329 1510 4398 ἢν
1551 4322 1728 4398 εὗρον.
1784 4329 1921 4384 (Pav-

349 4420 674 4488 τασάμενος,
703 4418 874 4486 ῥόδοις
912 4417 1134 4488 ἀγάπης
1184 4423 1521 4491 περιτυχεῖν,
1558 4421 1660 4489 φεῦ
1703 4415 1920 4485 ὁποίαις

2023 3263 2242 3317 intendo
2273 3263 2399 3319 illos
2427 3263 2518 3332 qui
2543 3266 2832 3333 aliquando
2862 3276 3186 3335 nocuerunt,
3210 3277 3264 3322 et
3285 3269 3603 3335 probatione

2023 3354 2188 3420 facta,
2215 3357 2260 3410 si
2289 3357 2429 3412 tales
2455 3357 2659 3413 inventi
2693 3357 2912 3420 fuerint.
2946 3361 2998 3414 in
3033 3375 3194 3416 unum
3235 3362 3372 3432 ipsis
3407 3377 3604 3420 conve-

2021 3447 2133 3512 niu,
2158 3447 2567 3518 spiritualiaque
2600 3453 2970 3520 communico,
3021 3463 3076 3508 et
3097 3469 3198 3525 ego
3222 3470 3339 3509 sum
3373 3455 3423 3509 in
3447 3456 3599 3526 ipsis,

2027 3541 2168 3594 sicut
2215 3541 2411 3610 iubeor
2441 3558 2458 3603 ;
2517 3543 2720 3596 utinam
2777 3558 2958 3599 autem
2992 3555 3048 3600 et
3081 3546 3180 3617 ipsi
3213 3546 3386 3604 forent
3409 3548 3460 3601 in
3491 3563 3596 3604 me.

2019 3630 2193 3685 Aliter
2217 3643 2394 3686 autem
2435 3647 2652 3701 vereor,
2686 3638 2902 3699 recedo,
2928 3637 3040 3707 jam
3067 3654 3195 3693 vero
3246 3640 3385 3695 forte
3416 3641 3598 3708 sejun-

2021 3737 2138 3792 εον,
2162 3733 2214 3777 et
2232 3724 2406 3779 denuo
2432 3727 2804 3796 propinquans
2837 3730 3132 3785 retrolerre
3160 3733 3325 3801 pedes
3361 3733 3502 3799 volo,
3525 3735 3604 3789 si-

1991 3821 2114 3866 ‘cut
2155 3815 2374 3870 timidus
2399 3829 2608 3885 passer,
2656 3820 2747 3887 qui
2795 3834 3024 3890 granum
3079 3821 3334 3878 frumenti
3382 3826 3595 3889 videns,

2023 3904 2300 3970 paululum
2326 3910 2393 3960 ad
2435 3907 2567 3962 illud
2611 3911 2803 3976 currit,
2853 3923 2907 3967 et
2937 3927 3235 3968 retrorsum
3278 3916 3503 3982 secedit,
3532 3934 3600 3972 ne

2021 3997 2163 4054 forte
2189 3999 2243 4053 in
2270 3999 2522 4070 laqueum
2552 4001 2730 4057 cadat.
2799 4037 2801 4040 ι

2100 4137 2219 4193 108.
2259 4137 2369 4208 Ego
2419 4140 2584 4196 multa
2631 4141 2824 4196 similia
2870 4159 3062 4213 passus
3110 4161 3229 4201 sum
3279 4164 3292 4204 :
3344 4148 3601 4210 seductus

2025 4241 2168 4293 sum,
2198 4224 2476 4297 deceptus,
2510 4231 2688 4293 lusus,
2723 4230 2775 4284 in
2801 4245 3041 4289 errorem
3075 4233 3377 4305 coniectus,
3411 4242 3604 4296 amici-

2026 4317 2155 4372 tiam
2201 4333 2286 4372 me
2316 4329 2508 4386 putans
2544 4319 2712 4377 fuisse
2768 4321 3057 4380 lucratum.
3103 4326 3293 4384 Eheu!
3345 4343 3600 4403 quantam

2026 4409 2370 4466 inimicitiam
2401 4411 2585 4468 inveni
2621 4415 2634 4468 ί
2668 4415 3010 4485 Itnaginabar
3057 4419 3110 4473 in
3152 4421 3406 4478 amicitia:
3449 4440 3603 4482 rosas

349 4511 612 4573 ἀκάνθαις
639 4510 1008 4582 περιεπάρην,
1041 4510 1100 4562 οὐ
1127 4509 1422 4580 τρισόλοις,
1474 4512 1534 4563 ού
1581 4511 1915 4582 παλιούροις,

2026 4499 2286 4559 incidisse
2304 4521 2319 4571 ;
2339 4505 2613 4574 qualibus,
2635 4507 2810 4562 eheu!
2837 4508 3111 4578 perfossus
3141 4527 3257 4566 sum
3281 4515 3470 4582 spinis,
3493 4533 3597 4571 non

353 4603 413 4656 οὑ
447 4601 658 4672 βάτοις,
682 4602 821 4656 ἀλλὰ
861 4602 1236 4667 κυνοσϐάτοις,
1270 4603 1329 4656 αἳ
1369 4604 1614 4676 κέντροις
1643 4604 1916 4668 ὀξυτάτοις

2027 4598 2262 4664 tribulis,
2322 4615 2427 4654 non
2485 4601 2733 4669 paliuris,
2785 4618 2892 4658 non
2948 4605 3108 4670 batis,
3143 4609 3238 4661 sed
3294 4609 3599 4678 cynoblatis

351 4693 660 4764 φρίσσουσι.
695 4693 994 4756 Πλεονάκις
1017 4693 1256 4758 ὕπουλος
1284 4695 1438 4765 φιλία
1463 4696 1916 4766 κατεκαυχήσατό

2025 4689 2114 4758 qui
2147 4689 2374 4759 spiculis
2405 4694 2732 4750 acutissimis
2763 4695 2987 4750 horrent
3019 4697 3032 4750 ι
3069 4697 3224 4768 Saepe
3250 4700 3594 4757 dissimulata

350 4805 472 4856 μου,
499 4789 595 4840 καὶ
618 4786 791 4848 οὕτως
813 4785 1145 4856 ἐπαιδεύθην
1165 4787 1226 4840 τὸ
1249 4787 1494 4858 ἀκριϐές.
1527 4786 1764 4840 Ἥλπισα
1819 4805 1916 4857 μυ-

2025 4785 2262 4840 amicitia
2291 4786 2584 4842 insolenter
2617 4788 2670 4842 in
2699 4802 2785 4842 me
2831 4804 2890 4844 se
2939 4789 3084 4856 tulit,
3139 4804 3194 4847 et
3223 4793 3294 4847 ita
3324 4797 3599 4865 exquisite

346 4883 522 4947 ριάκις
553 4883 622 4934 τὰ
652 4883 731 4943 εἰς
769 4879 955 4948 φιλίαν
989 4893 1004 4910 ⁸
1036 4881 1131 4934 καὶ
1157 4881 1190 4951 ἡ
1219 4881 1398 4946 ἐλπὶς,
1421 4881 1530 4952 ὃδὴ
1559 4881 1653 4934 καὶ⁹
1701 4879 1916 4952 λέγεται

2023 4879 2269 4934 eruditus
2296 4895 2438 4936 sum.
2464 4881 2682 4936 Centies
2707 4883 2963 4938 amicitia:
2988 4885 3126 4940 bona
3154 4887 3374 4956 speravi
3398 4899 3450 4942 et
3472 4906 3599 4958 spes

345 4976 453 5036 τοῖς
488 4974 697 5042 σοφοῖς,
741 4972 968 5044 ἐλλιπὴς
1001 4972 1180 5044 ἀπέϐη
1223 4988 1352 5043 μοι’
1419 4973 1713 5027 κάντεῦθεν
1754 4973 1916 5027 δέδοι-

2026 4972 2166 5040 quod
2204 4973 2541 5042 sapientibus
2599 4975 2764 5030 etiam
2822 4977 3040 5045 dicitur,
3090 4979 3406 5048 imperii-cla
3465 4985 3597 5039 mihi

342 5081 414 5117 κα
474 5068 532 5117 τὸ
565 5065 674 5118 τῶν
693 5064 925 5118 ἐλπίδων
967 5064 1422 5134 ἀτελεσφόρητον,
1466 5065 1540 5128 ὡς
1567 5067 1660 5118 ἐὰν
1707 5065 1803 5118 καί
1836 5082 1916 5130 τις

2024 5063 2194 5134 abiit;
2243 5082 2405 5137 quam
2467 5067 2537 5122 ob
2589 5083 2812 5123 causam
2848 5071 3007 5124 etiam
3043 5085 3267 5141 operum
3297 5073 3600 5131 immaturi-

343 5155 624 5209 εύλαὸοῖτο
664 5156 845 5218 σκιάς.
876 5157 987 5209 Καὶ
1023 5158 1051 5208 ό
1093 5157 1190 5226 μὲν
1239 5157 1337 5219 τὰς
1389 5157 1611 5220 ἐλπίδας
1661 5158 1898 5226 φάμενος

2025 5162 2188 5210 tatem
2223 5159 2408 5212 timeo:
2429 5157 2594 5214 veluti
2629 5160 2672 5214 si
2703 5161 2824 5230 quis
2854 5161 3070 5216 timeret
3135 5165 3377 5221 umbras.
3413 5165 3479 5220 Et
3511 5169 3598 5224 ille

345 5248 732 5317 ἐγρηγορότων
779 5247 1029 5310 ἐνύπνια,
1074 5249 1175 5301 οὐκ
1221 5247 1333 5301 ἔσθ’
1384 5249 1532 5312 ὅπως
1571 5249 1797 5320 εὑρήσει
1828 5249 1916 5302 τὸν

2023 5247 2240 5315 quidem
2288 5249 2378 5317 qui
2431 5247 2568 5303 dixit
2635 5265 2758 5319 spes
2812 5251 3149 5319 vigilantium
3202 5257 3434 5324 somnia,
3462 5275 3596 5315 sane

343 5338 375 5408 ἦ
417 5337 788 5404 ἀντιλέξοντα,
830 5338 864 5408 ἢ
898 5337 1120 5392 κάλλιον
1173 5338 1471 5411 φράσοντα.
1516 5340 1659 5409 Ἐγὼ
1714 5341 1771 5394 δὲ
1803 5339 1917 5392 ἀλλ’

345 5432 554 5484 ἐκεῖθεν
610 5433 1042 5502 ἐρανισάμενος,
1109 5434 1204 5485 καὶ
1268 5432 1366 5484 τοῦ
1428 5434 1917 5503 γνωματεύσαντος

341 5522 709 5590 ἀπονάμενος,
746 5523 888 5589 λέγω
927 5525 1022 5576 καὶ
1065 5523 1250 5588 αὐτὸς,
1285 5523 1389 5585 ὅτι,
1436 5522 1582 5576 καθά
1627 5524 1916 5594 βλεφάρων

339 5610 397 5677 ἐξ
423 5611 594 5665 ὕπνου
636 5612 937 5678 ἁνάπτυξις
964 5614 1188 5684 ὀνείρων
1231 5613 1378 5665 ἐστὶν
1422 5613 1738 5683 ὲκπέτασις,
1774 5615 1916 5670 οὕτω

339 5703 516 5773 ψυχῆς
536 5705 806 5775 ἀνάνηψις
825 5709 997 5758 κενίῐιν
1030 5705 1258 5757 ἐλπίδων
1289 5704 1584 5770 άπέλευσις
1633 5709 1726 5760 καὶ
1768 5707 1915 5760 άπά-

339 5797 532 5866 λειψις.
567 5801 656 5851 Διὸ
717 5799 979 5862 πολλάκις
1028 5799 1126 5868 μὲν
1194 5797 1616 5868 ὀνειροπολήσας
1669 5800 1909 5873 ἀγάπην,

2023 5356 2306 5412 nunquam
2340 5343 2608 5400 inveniret
2636 5346 2718 5400 vel
2755 5347 3238 5419 contradicentem,
3273 5353 3356 5409 vel
3405 5357 3595 5414 melius

2023 5431 2354 5501 ioquentem.
2392 5435 2500 5505 Ego
2536 5451 2664 5492 vero
2719 5439 2918 5493 exinde
2973 5449 3152 5498 tamen
3218 5457 3497 5501 mutuatus
3541 5456 3598 5504 et

2020 5526 2332 5580 seutentiali
2378 5527 2596 5597 fruitus,
2645 5542 2698 5585 et
2727 5531 2840 5600 ipse
2868 5532 3012 5595 diro.
3044 5535 3207 5605 quod,
3236 5537 3593 5605 quemadmo-

2019 5617 2146 5672 dum
2181 5633 2214 5674 e
2239 5633 2431 5675 somno
2454 5621 2832 5692 palpebrarum
2861 5637 3116 5695 apertura
3147 5629 3484 5683 somniorum
3509 5638 3598 5688 est

2019 5710 2267 5768 evolandi
2321 5716 2485 5780 ratio,
2517 5717 2598 5773 sic
2646 5719 2925 5774 ebrietatis
2955 5721 3150 5774 animae
3197 5722 3452 5784 cessatio,
3495 5737 3593 5778 va-

2019 5817 2206 5860 narum
2238 5819 2454 5875 sperum
2508 5807 2786 5877 prolectus
2816 5819 2896 5864 cst
2953 5796 3005 5864 et
3030 5806 3269 5864 abolitio.
3295 5809 3422 5864 Ideo
3448 5825 3588 5874 sape
