3968 6244
341 244 369 257 κ

313 351 418 410 505

1123 344 1206 407 ΙΝ
1244 345 1578 406 ΗΥΜτιυῖιῙ
1611 338 2261 414 ,ΡΕΝΤΕΩΟΒΤΑΒΕΜ
2306 338 2763 401 DAMASCENI.

3453 346 3560 410 505

317 457 603 529 πράγματι
660 457 902 528 σήμερον
974 455 1386 528 τελεσφορήσας
1450 455 1582 526 πρὸς
1638 453 1888 507 ἔνστασιν

1995 465 2156 520 grave
2203 451 2357 512 mihi.
2419 451 2628 506 utinam
2682 467 2790 507 non
2843 467 3019 523 usque
3071 453 3126 507 iu
3177 454 3360 518 finem,
3412 471 3554 511 onus

316 553 412 620 τὴν
441 551 532 614 ἐφ’
552 550 685 620 ⁴ἡμῖν
713 549 963 614 ἀξίωσιν,
991 549 1191 618 φόρτον
1218 550 1352 620 ἡμῖν
1383 548 1605 611 ἐπέθου,
1651 545 1763 600 είθε
1813 543 1891 615 μὴ

320 647 375 706 ἐς
409 643 591 707 τέλος,
625 641 818 712 βαρύν.
860 641 1002 709 Ἐγὼ
1019 641 1078 695 δὲ
1124 641 1398 712 χρωσθεὶς
1453 640 1556 694 οὐκ
1601 634 1720 693 οἶδα
1779 639 1888 710 εἴτε

315 736 498 806 ῶχρῳ,
541 735 654 787 εἴτε
705 732 1014 802 ἐρυθήματι
1051 731 1138 800 ἐφ’
1179 725 1261 796 οἷς
1310 731 1585 802 ἡξίωμαι·
1634 729 1728 784 καὶ
1781 729 1890 801 γὰρ

315 829 432 899 ἅμα
469 827 636 890 αίδὼς
667 843 728 880 τε
753 826 847 880 καὶ
869 826 1036 895 φόϐος
1062 823 1267 894 ὑπῆλθέ
1299 839 1368 894 με
1392 840 1405 855 ·
1435 824 1471 894 ἡ
1495 822 1614 894 μὲν,
1651 822 1726 893 μὴ
1751 824 1892 888 ἁπα-

319 920 640 991 νῃνάμενος,
689 917 1090 987 σκωφθήσομαι
1123 913 1422 978 πολυειδῶς
1442 927 1458 944 ⁸
1507 913 1535 967 δ
1566 911 1622 970 δὲ
1657 912 1734 983 μή
1761 928 1890 966 ποτε

322 1013 664 1077 κατανεύσας
699 1013 780 1074 είς
809 1009 990 1081 ἔργον,
1032 1010 1128 1063 καὶ
1150 1008 1295 1062 οὕτω
1323 1007 1417 1060 τοῦ
1469 1006 1684 1060 σταδίου
1740 1006 1892 1070 γενό-

325 1121 502 1174 μενος.
539 1101 1061 1174 άποσυριχθήσομαι
1089 1100 1433 1170 κλωζόμενος
1457 1099 1569 1163 τοῖς
1613 1097 1892 1158 καὶτοῦτο

317 1194 378 1249 τὺ
407 1193 573 1248 καλὸν
597 1195 658 1247 ἐν
689 1195 804 1256 τοῖς
837 1193 964 1262 ἄρτι
987 1190 1488 1259 φιλοτιμουμένοις,
1515 1190 1676 1258 εἴπερ
1714 1206 1765 1240 τι
1797 1187 1892 1241 άλ-

315 1288 372 1340 λο
409 1284 521 1338 τῶν
556 1283 648 1337 διὰ
679 1283 920 1352 σπουδῆς
945 1281 1149 1352 πολλῆς
1172 1297 1186 1312 ·
1249 1280 1399 1350 ὅμως
1453 1279 1692 1347 ἐμαυτὸν
1750 1296 1889 1348 συμ-

315 1379 534 1442 πείσας,
559 1377 646 1431 ἶνα
685 1376 762 1446 μὴ
789 1377 884 1428 ἐπὶ
915 1375 1077 1426 πλέον
1117 1373 1330 1442 εἰλῆται
1369 1373 1497 1442 περὶ
1527 1373 1584 1425 σὲ
1631 1371 1892 1441 λογισμὸς

315 1472 570 1542 ὀρέξεως,
596 1469 746 1531 θείας
775 1468 875 1539 μὲν
899 1466 976 1537 τῷ
1005 1467 1141 1529 ὄντι,
1170 1465 1407 1534 ὀχληρᾶς
1433 1463 1490 1516 δὲ
1523 1465 1572 1516 εί
1619 1465 1890 1534 μηδέποτε

317 1560 738 1629 ἀποτελεσθείη,
765 1560 994 1628 γίνομαι
1031 1558 1140 1611 uos
1165 1556 1260 1610 τοῦ
1286 1555 1381 1609 σοῦ
1409 1555 1714 1625 θελήματος
1749 1571 1762 1585 ·
1799 1554 1892 1608 καὶ

317 1657 505 1726 ἐπειδὴ
556 1655 728 1708 πάλαι
770 1653 930 1721 ἁγίαν
963 1650 1260 1720 ἐπιθυμίαν
1290 1650 1347 1702 ἐν
1371 1651 1517 1719 ψυχῇ
1556 1646 1889 1716 συλλαϐόμε-

1993 541 2295 612 imposuisti
2325 558 2340 607 ;
2364 558 2462 612 ego
2488 551 2666 597 autem
2695 545 2884 599 nescio
2900 561 2966 599 an
2996 546 3200 614 pallore
3229 564 3296 599 an
3333 547 3558 618 rubore,

1992 634 2323 703 conspicuus
2354 650 2474 688 sum
2522 629 2591 689 de
2621 635 2686 691 iis
2720 651 2842 705 qua:
2870 635 3050 692 facere
3090 637 3290 706 dignus
3324 639 3551 702 habeor,

1992 727 2187 801 (pudor
2225 727 2370 782 enim
2419 727 2582 782 simul
2616 738 2669 782 et
2701 729 2864 783 timor
2915 745 3000 783 mc
3033 733 3279 799 replent;
3314 731 3404 785 ille
3435 733 3545 802 qui.

1993 819 2137 886 dem,
2193 835 2262 876 ne
2317 835 2583 874 recusans
2659 821 2895 876 irridear
2946 822 3398 890 multiformiter;
3469 825 3558 881 hic

1991 920 2196 973 autem,
2221 927 2308 976 ne,
2334 927 2584 967 annuens
2603 912 2780 980 operi,
2804 921 2860 967 et
2881 915 2959 968 sic
2986 915 3220 969 stadium
3257 918 3558 986 ingressus,

1992 1002 2251 1057 exsibiler
2295 1003 2363 1056 ab
2395 1002 2481 1056 his
2515 1004 2606 1068 qui
2637 1013 2690 1056 et
2717 1005 2818 1058 hoc
2852 1006 3140 1073 pulchrum
3193 1006 3260 1060 de
3307 1009 3556 1077 praesenti

1992 1103 2300 1157 sectantur,
2334 1097 2378 1148 si
2411 1095 2632 1164 quidem
2685 1095 2832 1149 aliud
2888 1098 3067 1166 niagui
3107 1098 3278 1151 studii
3329 1099 3556 1152 materia

1992 1187 2064 1242 sit
2099 1189 2201 1256 eis)
2232 1203 2246 1240 :
2283 1188 2413 1240 mihi
2451 1186 2551 1257 ipsi
2605 1197 2784 1242 tauzen
2815 1187 3176 1257 persuadens,
3208 1196 3264 1241 ut
3295 1205 3403 1242 non
3443 1205 3561 1242 am-

1993 1277 2137 1348 plius
2187 1277 2633 1347 deprehendatur
2678 1277 2733 1332 iu
2765 1286 2821 1332 te
2878 1278 3017 1331 ratio
3068 1277 3348 1346 petitionis
3400 1279 3453 1331 in
3490 1294 3552 1332 se

1994 1370 2210 1438 quidem
2247 1368 2471 1436 divinae,
2508 1369 2756 1424 molesta:
2794 1377 2977 1423 tamen
3007 1368 3052 1423 si
3081 1384 3189 1423 non
3224 1372 3558 1439 perficiatur,

1995 1475 2138 1516 tuam
2167 1476 2370 1530 sequor
2393 1462 2768 1525 voluntatem;
2797 1471 2854 1517 et
2874 1461 3134 1530 quoniam
3165 1476 3326 1530 quam
3349 1461 3576 1530 jamdiu»

1991 1553 2297 1622 concepisti
2332 1554 2386 1607 in
2420 1563 2600 1608 mente
2632 1564 2878 1608 sanctam
2911 1554 3324 1622 cogitationem,
3356 1562 3408 1607 et
3440 1569 3562 1623 par-

1995 1647 2202 1710 turisti,
2233 1645 2396 1702 hodie
2422 1646 2705 1716 peperisti,
2733 1647 2891 1716 quasi
2917 1646 3168 1702 consulto
3194 1656 3422 1716 captans
3460 1661 3559 1716 0p-

318 1767 405 1812 νος
435 1749 534 1802 καὶ
561 1747 857 1817 ὠδιτήσας,
901 1744 1152 1811 ἐξέτεκες
1208 1741 1306 1808 τὴν
1339 1741 1600 1810 σήμερον,
1659 1739 1733 1801 ῶς
1777 1736 1890 1792 οἷον

1996 1739 2411 1809 portunitatem,
2472 1737 2664 1796 foetum
2731 1739 2888 1795 venio
2955 1739 3440 1803 obstetricaturus,
3507 1747 3562 1792 et

320 1807 1105 1912 ata'tpoqiulaxﬁoagénh'ﬂsg
1139 1807 1632 1902 laudatlaudat-ﬁxo:
1654 1828 1714 1881 τὸ
1753 1830 1891 1881 άπο-

1995 1836 2259 1900 quantum
2293 1829 2348 1884 in
2385 1844 2471 1884 me
2495 1839 2580 1886 est
2605 1831 2962 1897 educaturus,
3002 1839 3059 1886 et
3104 1831 3426 1886 redditurus
3459 1831 3560 1885 tibi

318 1934 526 2004 τεχθὲν,
578 1930 676 1984 καὶ
728 1925 1099 1997 “optumam
1153 1925 1228 1986 ῶς
1289 1921 1535 1993 περίεστί
1585 1937 1673 1987 μοι
1733 1917 1893 1971 τοῦτο

319 2026 486 2093 ἔχειν,
520 2022 617 2076 καὶ
650 2017 945 2074 ἀποδοῦναί
971 2033 1076 2076 σοι,
1105 2016 1206 2068 οὐκ
1236 2010 1354 2067 οἶδα
1383 2013 1502 2082 μὲν,
1537 2010 1695 2078 εἴπερ
1717 2008 1889 2077 ἠρωῖετ

318 2117 382 2169 δα
410 2115 532 2168 τινά
562 2113 780 2180 γένναν,
818 2107 1081 2176 πιθηκίδα
1114 2105 1171 2159 δέ
1219 2121 1346 2157 τινα
1389 2103 1609 2164 πάντως
1655 2099 1721 2154 ἂν
1772 2099 1892 2151 οἵαν

318 2210 428 2269 τοῖς
463 2203 858 2269 ἁπλουστέροις
889 2203 985 2253 καὶ
1014 2199 1186 2268 αὐτὴν
1220 2194 1654 2265 περιϐλέπεσθαι
1688 2208 1701 2223 ·
1733 2192 1891 2246 κατέ·-

321 2314 536 2368 γνωμεν
570 2295 679 2366 γὰρ
706 2293 807 2362 τὴν
840 2289 1195 2362 ἀνθρωπίνην
1234 2287 1418 2355 φύσιν,
1473 2283 1629 2338 οὐδέν
1663 2301 1716 2337 τι
1778 2283 1890 2336 τῶν

320 2393 377 2444 ἐν
406 2387 487 2458 τῷ
521 2387 643 2442 καθ’
676 2386 825 2457 ἡμᾶς
886 2383 986 2454 βίῳ
1049 2381 1386 2452 πονημάτων
1426 2376 1610 2444 πάντη
1670 2375 1889 2437 πάντως

319 2481 708 2549 ἐξουθενοῦσαν
739 2479 824 2546 ἐφ’
853 2478 1081 2539 suam,
1113 2473 1234 2527 οὐδὲ
1270 2470 1330 2523 τὸ
1370 2470 1728 2539 φαυλότατον,
1759 2465 1876 2530 καὶ,

243 2577 252 2598 ¹
315 2577 392 2638 ὡς
430 2577 629 2638 εἰπεῖν,
659 2570 1022 2640 οὑδενόσωρον
1042 2586 1056 2599 ·
1089 2567 1182 2620 καὶ
1212 2565 1328 2618 ἐστι
1357 2563 1416 2615 τὸ
1448 2563 1686 2640 πρᾶγμα
1703 2561 1888 2629 ὅμοιον

317 2669 393 2728 ὡς
426 2669 474 2720 εί
514 2666 609 2718 καὶ
657 2661 769 2716 τῶν
817 2662 882 2714 ικ
915 2638 1020 2730 ,ἧς
1061 2656 1462 2727 ἀναδιδομένων
1512 2638 1697 2716 ἄλλοις
1747 2647 1888 2707 ἄλλα

319 2763 459 2831 πρὸς
507 2758 809 2829 ἀρέσκειαν
860 2755 1166 2826 εὐπρόσιτα
1228 2751 1528 2805 ἐκκεινται.
1586 2748 1888 2818 ’Δγαπήσω

318 2854 450 2922 γοῦν
484 2853 581 2905 καὶ
607 2851 792 2914 αὐτὸς,
821 2849 872 2900 εί
901 2847 998 2900 καί
1043 2863 1155 2901 τισι
1221 2844 1465 2914 μετρίοις
1517 2841 1888 2909 ἀξιωθήσεται

317 2950 397 3011 είς
425 2945 678 3014 ἐντυχίαν
709 2943 908 3004 ἐλθεῖν,
962 2941 1102 3008 ὅπερ
1155 2939 1280 3006 ἄρτι
1338 2935 1565 3002 ἀγαθὸν,
1629 2934 1748 2986 κατ’
1785 2931 1888 3001 ἐμὲ

318 3039 595 3108 κρίνοντα,
629 3035 934 3106 ἐργάσομαι
960 3047 975 3063 °
1005 3031 1102 3085 καὶ
1133 3030 1286 3082 ἔσται
1317 3028 1499 3096 λέγειν
1526 3028 1619 3078 καὶ
1649 3025 1775 3094 ἐμοὶ
1817 3022 1886 3076 δι’

1996 1920 2186 1975 nescio
2225 1935 2292 1972 an
2347 1919 2622 1976 heroicam
2653 1921 2882 1994 prolem,
2931 1937 3001 1976 an
3048 1921 3266 1977 simium
3320 1922 3556 1988 aliquem

1992 2013 2086 2082 qui
2127 2011 2442 2067 rudioribus
2498 2010 2850 2066 admirationi
2902 2011 3023 2068 sit:
3062 2013 3353 2067 humanam
3413 2011 3558 2067 enim

1993 2105 2248 2158 novimus
2283 2115 2554 2167 naturam,
2597 2117 2719 2174 quae
2778 2103 2988 2158 nullam
3027 2119 3396 2158 :Brumnarum
3453 2113 3560 2158 ter-

1996 2196 2253 2250 restrium
2283 2195 2755 2266 parvipendit,,et,
2788 2204 2849 2250 ut
2874 2194 2948 2249 ita
2977 2195 3178 2261 dicam,
3212 2194 3415 2249 nullius
3447 2211 3562 2248 mo-

1995 2287 2163 2341 memi
2205 2304 2221 2340 :
2278 2287 2461 2342 simile
2510 2288 2641 2358 quid
2672 2295 2852 2359 estac
2885 2287 2931 2342 si
2971 2289 3115 2342 inter
3147 2287 3362 2342 fructus
3400 2297 3559 2340 terrae

1992 2380 2081 2432 alii
2109 2378 2236 2432 aliis
2276 2379 2342 2433 ad
2368 2378 2791 2434 delectationem
2822 2393 3050 2440 accessu
3099 2378 3289 2433 faciles
3339 2387 3557 2448 prosta-

1992 2481 2134 2524 reut.
2165 2469 2394 2526 Gratum
2421 2469 2590 2540 igitur
2631 2470 2843 2526 habebo
2883 2478 2938 2525 et
2979 2471 3096 2539 ipse
3137 2471 3186 2526 si
3210 2471 3433 2542 dignum
3477 2469 3561 2523 in-

1991 2573 2210 2616 ventum
2242 2561 2315 2616 sit
2351 2560 2406 2615 in
2440 2560 2787 2631 popularium
2810 2575 3162 2629 congressum
3194 2559 3382 2613 venire
3413 2557 3560 2628 quod

1990 2655 2152 2709 modo
2181 2654 2408 2718 bonum,
2436 2668 2524 2707 me
2548 2651 2759 2722 judice,
2785 2667 2909 2707 sum
2940 2650 3228 2718 facturus;
3265 2649 3454 2705 licebit
3503 2658 3560 2704 et

1990 2745 2123 2799 mihi
2156 2758 2428 2812 usurpare
2459 2742 2601 2797 inter
2623 2757 2774 2796 meos
2820 2742 3083 2812 aequales.
3114 2742 3349 2796 verbum
3373 2741 3560 2810 Glycis

1987 2836 2222 2891 dicentis
2276 2855 2290 2889 :
2337 2833 2406 2887 Et
2457 2849 2550 2904 ego
2600 2832 2794 2902 aliquis
2837 2832 2893 2885 in
2932 2842 3073 2886 terra
3131 2832 3306 2885 videor
3338 2847 3462 2885 esse.
3498 2832 3558 2888 Si

1988 2936 2170 2982 autem
2223 2923 2294 2978 ab
2334 2924 2440 2978 hoc
2489 2923 2695 2977 honore
2749 2921 3072 2987 exciderim,
3111 2928 3407 2976 contentus
3462 2937 3558 2976 ero

1988 3025 2083 3072 tua
2109 3017 2282 3072 solius
2316 3013 2736 3080 satisfactione;
2761 3023 2814 3068 et
2836 3012 2983 3082 vulgi
3008 3028 3113 3066 non
3149 3012 3360 3066 habens
3382 3011 3559 3066 admi-

317 3105 560 3191 ἐκείνους
591 3105 725 3200 πρὸς
755 3129 876 3196 ἐμοὶ
899 3125 1083 3187 ὄντας,
1107 3124 1168 3174 τὸ
1196 3120 1291 3175 τοῦ
1328 3117 1582 3180 Γλυκέως
1635 3116 1885 3176 εἰπόντος

1996 3111 2284 3174 rationem,
2344 3106 2564 3176 diligam
2613 3105 3009 3168 solitudinem;
3057 3113 3114 3158 et
3163 3105 3324 3158 amici
3395 3113 3560 3175 atque

317 3223 392 3285 ὡς
452 3220 567 3288 ἄρα
606 3218 706 3272 καί
755 3214 872 3286 ἐγὼ
906 3216 977 3269 ἐν
1012 3211 1087 3280 τῇ
1117 3209 1195 3280 γῆ
1257 3227 1349 3277 τις
1381 3208 1667 3278 φαίνομαι
1717 3200 1892 3262 εἶναι.

319 3312 501 3368 Εί,καὶ
529 3309 726 3364 τούτου
775 3303 1176 3373 διεκπεσοῦμαι
1226 3300 1322 3354 τοῦ
1375 3297 1757 3372 σεμνώματος,
1793 3298 1892 3366 ἀρ-

321 3403 555 3470 κέσομαι
592 3401 659 3469 τῇ
693 3399 760 3467 σῆ
794 3395 886 3450 καὶ
915 3395 1053 3466 μόνῃ
1085 3392 1444 3464 εὑαρεστήσει
1467 3403 1488 3444 ,⁸
1531 3387 1626 3442 καὶ
1658 3387 1719 3440 τὸ
1744 3386 1883 3440 λεω-

319 3496 655 3566 φορούμενον
683 3493 868 3562 θαῦμα
898 3490 976 3559 μὴ
1005 3489 1168 3560 ἔχων,
1218 3488 1433 3560 φιλήσω
1490 3487 1552 3540 τὸ
1615 3487 1878 3558 μονῆρες,

319 3591 416 3642 καὶ
447 3587 524 3656 τῷ
563 3585 658 3638 τοῦ
694 3583 848 3654 φίλου
881 3585 977 3635 καί.
1018 3583 1116 3651 τῆς
1145 3580 1317 3642 ὅντως
1347 3578 1532 3649 φιλίας
1571 3577 1684 3647 ὅρῳ
1717 3593 1894 3645 παρα-

319 3681 499 3752 πήξας
530 3679 630 3749 τὴν
659 3677 870 3730 ἑνιαίαν
895 3674 1102 3744 ταύτην
1128 3673 1376 3742 ἀγάπην,
1403 3672 1493 3724 διὰ
1516 3672 1612 3738 τὴν
1641 3667 1892 3722 ἐντεῦθεν

322 3771 736 3843 πεπορισμένην
770 3785 862 3838 μοι
895 3766 1084 3836 εὐχὴν,
1115 3765 1217 3819 οὐκ
1265 3763 1496 3832 εὔξομαι
1554 3759 1861 3827 πλεονεκτῆ

322 3881 412 3920 σαι
431 3863 506 3929 ὡς
531 3863 788 3930 ἐθελῆσαι
818 3857 1197 3929 πληθυνθῆναι
1231 3874 1322 3928 μοι
1350 3856 1547 3924 λόγους
1574 3854 1886 3922 εὐφήμουςο

319 3951 410 4012 οἷα
469 3955 730 4017 πολλάκις
778 3951 1073 4007 ὁπολαλεῖν
1109 3951 1231 4003 κατ’
1263 3948 1502 4018 ἐμαυτὸν
1545 3943 1778 4006 εἰωθὼς,
1813 3943 1888 4006 ὡς

322 4048 466 4106 καθὰ
496 4048 662 4116 σοφὸν
698 4045 976 4118 βούλευμα
1006 4042 1064 4096 ἓν
1103 4044 1200 4104 τὰς
1229 4031 1430 4103 πολλᾶς
1479 4039 1674 4108 χεῖρας
1737 4035 1886 4106 νικᾷ,

320 4141 464 4196 οὕτω
493 4141 588 4194 καὶ
625 4139 723 4209 μία
753 4136 887 4207 εὐχὴ
909 4134 1095 4204 ἀγαθὴ
1126 4133 1219 4185 τὸν
1245 4132 1458 4202 μυρίων
1491 4129 1741 4182 ἔπαινον.
1796 4126 1890 4179 l‘t-

321 4233 544 4304 νόμενος
567 4231 661 4284 οὖν
697 4227 793 4302 τοῦ
822 4224 1015 4279 λοιποῦ
1044 4224 1144 4293 τῆς
1174 4223 1272 4292 σῆς
1301 4221 1610 4291 ἁγγαρείας
1661 4221 1755 4273 ἐπὶ
1796 4236 1887 4289 μισ

1995 3203 2249 3260 amicitiae
2301 3201 2584 3271 proposito
2661 3198 3073 3252 conterminans
3142 3197 3358 3250 unicam
3420 3197 3561 3252 hanc

1995 3297 2375 3354 ambitionem.
2408 3299 2628 3361 propter
2653 3287 2958 3360 praestitum
2990 3287 3250 3356 deinceps
3301 3284 3434 3339 mihi
3466 3298 3564 3340 vo-

1997 3397 2135 3449 tum.
2166 3401 2273 3439 non
2294 3384 2571 3455 gloriabor
2598 3381 2741 3450 quod
2771 3377 3147 3450 praevaluerim
3173 3375 3332 3447 quasi
3363 3375 3562 3429 volun-

1996 3488 2080 3534 tas
2126 3477 2360 3532 adfuerit
2412 3483 2470 3528 ut
2509 3472 2942 3541 multiplicentur
2991 3467 3121 3521 mihi
3161 3467 3322 3520 verba
3353 3466 3560 3528 laudis;

1995 3571 2140 3626 sicut
2171 3567 2369 3636 saepius
2393 3564 2580 3618 dicere
2621 3562 2772 3614 soleo
2796 3559 2944 3612 intra
2977 3572 3083 3624 me,
3111 3554 3257 3624 quod
3298 3553 3559 3624 quemad-

1998 3660 2217 3727 modum
2253 3656 2457 3709 multas
2521 3665 2715 3706 manus
2750 3649 2918 3703 vincit
2948 3663 3112 3700 unum
3165 3645 3382 3714 sapiens
3427 3658 3565 3698 con-

1996 3752 2203 3812 silium,
2236 3748 2317 3802 sic
2351 3758 2404 3798 et
2435 3760 2539 3798 una
2597 3744 2737 3796 bona
2793 3740 2971 3794 oratio
3009 3739 3305 3792 multorum
3351 3735 3561 3790 laudes.

1994 3839 2325 3910 Augariatus
2349 3837 2516 3906 igitur
2551 3848 2580 3886 a
2613 3841 2666 3886 te
2692 3839 2964 3900 quotquot
3022 3842 3282 3898 passuum
3315 3825 3564 3902 millibus

1997 3943 2322 4002 prosperum
2380 3927 2483 3980 iter
2521 3922 2788 3993 praebebit
2825 3919 3063 3988 Spiritus
3115 3923 3362 3980 sanctus,
3389 3915 3482 3982 qui
3531 3928 3563 3970 υ

1997 4020 2337 4093 sapientibus
2376 4017 2641 4070 fratribus
2675 4012 2890 4066 laudem
2929 4008 3152 4078 accipit,
3177 4007 3379 4088 quibus
3403 4005 3560 4076 plena

1995 4127 2082 4171 est
2112 4108 2468 4169 sanctissima
2505 4105 2598 4161 Dei
2644 4103 2912 4167 Ecclesia,
2969 4100 3095 4156 inde
3132 4098 3387 4168 incipiam
3425 4096 3566 4152 unde

1995 4206 2234 4282 jussisti.

321 4280 822 4393 ittzopoigvdndoot;
847 4280 1204 4369 acosmoct'cb
1230 4280 1403 4380 ’άγιον
1439 4280 1665 4380 ιίνεῦμα
1699 4280 1898 4364 ἐκτῶν
1935 4280 2182 4368 ἀδελφῶν
2221 4293 2403 4366 σοφῶν
2446 4288 2784 4361 ἀφελόμενον
2821 4286 3003 4359 χάριν,
3064 4280 3147 4350 οἷς
3199 4285 3234 4356 ἠ
3281 4280 3566 4354 ἁγιωτάτῃ

321 4418 414 4472 τοῦ
471 4413 611 4470 Θεοῦ
654 4409 949 4479 Ἐκκλησία
1009 4407 1310 4477 πέπληθεν,
1361 4405 1663 4477 ἐνάρξομαι
1714 4401 1888 4471 οὗπερ
1927 4399 2222 4468 ἐζήτησας.

394 4510 508 4564 Καὶ
537 4510 602 4579 δὴ
630 4511 688 4561 ἐν
713 4508 953 4579 πρώτοις
995 4505 1497 4578 παρασημαίνομαι
1547 4504 1632 4557 ὃτι
1680 4500 1894 4554 πολλῶν

2073 4495 2137 4550 Ει
2173 4494 2276 4548 Ιιοο
2303 4492 2358 4545 in
2393 4489 2583 4560 primis
2633 4493 2840 4542 aunoto
2870 4480 3014 4552 quod
3055 4479 3213 4534 multi
3243 4483 3564 4546 praesentem

325 4604 652 4671 ὑπαγόντων
680 4602 742 4654 τὸ
803 4600 900 4653 τοῦ
941 4597 1306 4669 προκειμένου
1351 4597 1482 4664 ἡμῖν
1523 4593 1752 4663 σκέμμα
1796 4606 1895 4643 κα-

325 4698 473 4761 νόνος
502 4698 584 4757 είς
615 4695 706 4748 τὸν
726 4692 1021 4763 ἐκθέμενον
1049 4692 1177 4752 τοὺς
1197 4688 1556 4751 δεσποτικοὺς
1582 4684 1890 4754 ἱαμὸείους,

322 4790 415 4842 τὸν
448 4791 530 4850 είς
562 4786 662 4857 τὴν
684 4786 940 4852 γέννησιν
968 4782 1064 4836 τοῦ
1097 4781 1352 4852 Σωτῆρος
1379 4776 1646 4848 Χριστοῦ,
1671 4775 1770 4829 καὶ
1799 4778 1894 4827 τὸν

325 4880 403 4938 εἰς
420 4879 480 4930 τὸ
501 4876 812 4947 βάπτισμα,
839 4872 1084 4934 ἐκείνους
1109 4871 1166 4924 δὲ
1190 4867 1346 4932 αὖθις
1369 4871 1450 4932 είς
1477 4867 1568 4920 τὸν
1592 4867 1894 4936 πάμμεγαν

326 4969 585 5038 Ἰωάννην
621 4964 1118 5036 τὸνΔαμασκηνὸν,
1144 4961 1254 5029 ἐγὼ
1306 4961 1406 5014 οὐκ
1453 4958 1596 5029 ἔχων
1639 4956 1895 5024 γενέσθαι

327 5062 527 5132 ῥαδίως
558 5058 778 5112 τοιᾶσδε
807 5055 1060 5126 γνώμης,
1092 5055 1182 5109 διὰ
1208 5053 1269 5107 τὸ
1301 5052 1379 5123 μὴ
1410 5047 1894 5120 ἐξακριϐώσασθαι

325 5153 511 5207 τοῦτόν
569 5169 630 5205 τε
687 5152 779 5204 τὸν
831 5150 1054 5211 κανόνα,
1106 5150 1174 5217 τῇ
1228 5145 1428 5214 φράσει
1462 5140 1896 5213 τεκμαιρόμενος

325 5243 624 5300 ἀποδιῖστῶ
672 5244 897 5296 ἐκείνων
942 5240 1051 5294 τῶν
1089 5238 1184 5292 δύο
1243 5234 1554 5306 ἰαμϐικῶν,
1589 5236 1686 5288 καὶ
1736 5231 1897 5287 ἄλλον

326 5339 585 5406 τεχνίτην
626 5335 860 5396 ἐκείνοις
895 5330 1115 5394 ἰδιάζων
1147 5329 1322 5399 ἑτέρῳ
1355 5329 1464 5382 τινὶ
1491 5325 1684 5379 τοῦτον
1717 5340 1900 5393 παρα.⁹

329 5433 582 5501 πήγνυμι
609 5430 668 5492 ὃς
699 5445 784 5491 τις
805 5428 880 5492 ,ἂν
910 5427 1006 5480 xui.
1047 5424 1134 5495 εἴη
1170 5425 1401 5485 ἐκεῖνος.
1427 5421 1538 5474 Καὶ
1577 5417 1700 5472 οὐδὲ
1753 5416 1897 5469 ὲκεί-

328 5540 448 5587 νους
475 5523 554 5592 τῷ
587 5519 813 5590 μεγάλῳ
845 5515 1196 5588 Δαμασκηνῴ
1247 5514 1358 5582 ἔχω
1383 5510 1733 5581 προσνέμειν,
1775 5505 1896 5560 κατ’

328 5617 510 5672 αἰτίαν
535 5613 750 5670 τοιάνδε
784 5627 800 5645 ⁸
855 5611 974 5682 φῶς
1015 5613 1093 5673 είς
1127 5608 1223 5670 τὰς
1264 5606 1415 5667 θείας
1449 5603 1485 5656 Γ
1493 5603 1669 5674 ραφάς
1722 5601 1896 5653 ἐλθεῖν

333 5711 395 5762 ἐκ
421 5709 558 5761 Θεοῦ
590 5708 688 5762 καὶ
709 5705 802 5760 τὸν
826 5704 1078 5775 λαμπρὸν
1109 5700 1297 5754 τοῦτον
1324 5694 1688 5766 Δαμασκηνὸν
1710 5692 1851 5759 λέγω
1882 5707 1894 5720 ·

336 5802 431 5870 την
457 5799 513 5855 δὲ
541 5798 845 5869 σαφήνειαν
886 5792 1048 5850 αὐτοῦ
1093 5792 1176 5855 τίς
1215 5787 1518 5859 ἐκμάξεται
1570 5784 1896 5856 μιμησάμε-

2000 4589 2260 4656 hymnum
2304 4581 2543 4636 referant
2567 4579 2632 4632 ad
2665 4583 2946 4631 auctorem
2997 4569 3404 4624 Dominicorum
3441 4580 3563 4616 car-

1999 4655 2231 4738 minum,
2285 4674 2450 4727 unius
2501 4669 2718 4740 quidem
2785 4666 2855 4719 de
2911 4661 3196 4716 nativitate
3246 4655 3549 4710 Salvatoris

1997 4767 2224 4834 Christi,
2260 4763 2485 4818 alterius
2506 4760 2574 4814 de
2593 4756 2936 4826 baptismate,
2961 4752 3100 4806 alios
3128 4762 3347 4802 rursum
3370 4760 3567 4813 magno

1997 4856 2195 4914 Joauui
2224 4855 2561 4907 Damasceno
2589 4846 2894 4901 ascribunt.
2923 4842 3034 4912 Ego
3058 4847 3241 4894 autem
3269 4839 3411 4890 hanc
3442 4853 3566 4889 sen—

1999 4949 2222 5005 tentiam
2257 4944 2400 5000 haud
2431 4953 2648 5011 possum
2680 4936 2856 5006 sequi,
2885 4935 3006 4989 ideo
3037 4931 3180 5002 quod
3211 4946 3318 4985 non
3340 4928 3571 4997 diligen-

1998 5051 2082 5097 ter
2111 5039 2394 5094 absolutus
2421 5043 2503 5088 est
2533 5032 2620 5086 hic
2645 5043 2859 5094 canon;
2886 5034 2942 5081 et
2966 5040 3032 5080 ex
3062 5023 3204 5092 stylo
3231 5021 3566 5090 coniectans,

2001 5144 2260 5196 semoveo
2292 5127 2402 5182 duo
2422 5125 2538 5178 ha‘c
2587 5120 2853 5183 carmina,
2884 5127 2940 5172 et
2975 5117 3143 5171 alium
3189 5123 3469 5168 auctorem
3503 5107 3568 5164 iis

2002 5223 2274 5284 tribuens,
2300 5216 2582 5288 proprium
2616 5213 2784 5265 alium
2808 5207 3105 5278 quemdam
3160 5204 3290 5258 huic
3315 5203 3561 5271 assigno,

2001 5311 2256 5385 quisquis
2285 5311 2411 5373 ille;
2444 5321 2546 5361 nec
2573 5316 2769 5374 magno
2801 5301 3138 5354 Damasceno
3171 5296 3411 5351 tribuere
3438 5308 3565 5363 pos-

2005 5383 2149 5472 sum,
2180 5405 2250 5460 ob
2287 5415 2405 5456 eam
2429 5411 2653 5454 causam
2687 5393 2835 5464 quod
2864 5392 2958 5446 lux
2995 5391 3052 5444 in
3093 5387 3408 5458 Scripturas
3431 5383 3570 5440 divi-

2004 5511 2103 5552 nas
2134 5511 2164 5552 a
2200 5493 2311 5547 Deo
2341 5489 2515 5554 venit,
2548 5496 2602 5541 et
2655 5485 2712 5540 in
2757 5483 3026 5538 illustrem
3084 5479 3233 5535 hunc
3282 5477 3570 5530 Damasce-

2005 5604 2172 5653 num;
2206 5593 2262 5642 et
2309 5580 2636 5652 elegantiam
2692 5577 2812 5647 ejus
2862 5573 2986 5643 quis
3039 5569 3305 5626 imitando
3352 5566 3569 5626 referet,

2006 5696 2170 5751 quam
2194 5678 2248 5732 in
2293 5673 2547 5729 omnibus
2587 5669 2808 5740 scriptis
2836 5665 2953 5722 suis
2999 5658 3241 5733 profert?
3268 5656 3314 5710 Α
3349 5653 3443 5708 tali
3475 5668 3572 5706 au.

2010 5746 2116 5828 tem
2163 5769 2288 5826 idea
2327 5768 2487 5836 longe
2513 5765 2716 5821 absunt
2759 5757 3004 5829 praedicti
3055 5765 3316 5810 canones.
3369 5746 3420 5803 Si
3447 5746 3575 5806 uuis
