3804 6238
356 351 461 415 illi

1100 335 1525 401 EUSTATHII
1560 326 2316 394 THESSALONICENSIS
2364 318 2928 386 METROPOLJM

3488 314 3583 378 50$

354 480 486 522 vero
517 460 711 516 dixerit
735 459 884 513 illum
924 456 977 510 in
1015 455 1081 507 iis
1124 467 1265 521 quos
1301 450 1656 506 concinnavit
1708 449 1906 504 iambis

2029 459 2123 507 νος,
2150 443 2251 512 τὴν
2283 441 2343 493 ὲν
2384 438 2596 492 ᾶπασιν
2648 427 2731 497 οἷς
2777 431 2983 502 γράφει
3013 445 3029 496 ;
3064 425 3327 499 τοιαύτης
3363 427 3423 480 δὲ
3448 429 3581 492 ἰδέας

356 558 639 630 proptittm
690 553 1013 607 immutasse
1057 546 1462 604 characterem,
1506 542 1692 596 audiet
1738 542 1915 613 primo

352 647 604 702 emndem
662 644 715 698 in
751 641 999 695 omnibus
1037 637 1292 691 incedere
1338 636 1562 689 doctum
1605 636 1915 703 rhetorem,

354 749 409 793 et
432 738 614 791 forsan
648 734 900 794 invitum,
928 730 1241 784 dominante
1270 728 1320 783 in
1348 729 1442 782 illo
1469 727 1692 798 pr0pria
1711 727 1765 780 in
1785 728 1920 782 scri-

356 829 533 884 bendo
565 837 756 879 natura
788 839 801 873 :
839 822 1103 891 illumque
1135 820 1373 874 maxime
1397 818 1451 873 in
1483 819 1736 875 versibus
1760 820 1920 874 talem

353 920 614 974 exsistere
654 928 720 967 eo
767 914 910 981 quod
974 912 1235 980 majorem
1283 909 1619 980 voluptatem
1686 919 1922 965 venatur

355 1010 562 1078 poesis,
610 1017 665 1061 et
712 1006 793 1061 sic
835 1004 1122 1057 illecebras
1173 1002 1410 1055 maxime
1462 1000 1925 1071 praztendat;]u-

353 1100 595 1152 eundum
647 1096 789 1149 enim
841 1093 987 1164 quod
1047 1094 1398 1162 perspicuum
1451 1099 1557 1155 est,
1597 1105 1703 1144 non
1738 1100 1921 1143 autem

355 1190 500 1258 quod
534 1193 851 1242 obscurum.
894 1185 1047 1238 Plato
1086 1184 1306 1253 quidem
1358 1198 1481 1235 cum
1539 1182 1751 1250 poetice
1784 1181 1924 1236 scri-

356 1283 456 1346 bit,
486 1277 784 1333 dilueidior
820 1288 906 1331 est
938 1285 993 1330 et
1026 1275 1270 1329 suavior.
1310 1274 1511 1327 Audiet
1554 1282 1740 1343 postea
1775 1271 1921 1341 quod

359 1369 796 1425 nianifestaverit
821 1382 1050 1437 magnus
1074 1366 1163 1418 ille
1185 1365 1268 1418 vir
1288 1363 1419 1434 quid
1446 1364 1497 1416 in
1515 1362 1661 1432 poesl
1683 1363 1917 1426 valeret;

358 1479 467 1517 non
507 1462 653 1516 enim
696 1474 901 1529 paucas
948 1465 1165 1511 tantum
1220 1470 1475 1509 versuum
1531 1455 1755 1523 paginas
1800 1452 1926 1506 reli-

359 1556 498 1622 quit,
535 1555 628 1607 sed
664 1561 719 1608 et
760 1567 901 1623 opus
950 1550 1314 1605 dramaticum
1368 1548 1614 1615 scripsit,
1677 1556 1736 1600 ut
1770 1546 1926 1599 nobis

360 1647 693 1715 experientia
746 1645 996 1715 probavit
1060 1641 1153 1713 qui
1197 1642 1383 1695 drama
1427 1641 1655 1709 legimus
1700 1640 1925 1706 cmnp‘o-

361 1742 525 1796 situtn
557 1741 609 1793 in
642 1739 811 1792 beata:
832 1746 886 1790 ct
922 1744 1084 1791 castae
1117 1737 1387 1787 Suzanna:
1423 1730 1738 1793 historiam,
1798 1744 1924 1797 per-

2020 537 2067 589 oi
2103 533 2385 606 εἰρημένοι
2420 530 2647 590 κανόνες
2678 525 2827 579 πάνυ
2860 523 3079 594 μακράν
3109 524 3271 575 εἰσιν.
3306 520 3375 575 Ei
3419 520 3475 573 δέ
3507 538 3583 583 τις

2020 628 2166 683 εἴποι
2224 628 2433 680 ἰκεῖνον
2490 621 2744 689 ἐπίτηδες
2770 617 3000 681 ἀλλάξαι
3048 613 3142 669 τὸν
3164 613 3369 669 οίκεϊον
3417 628 3589 683 χαρα-

2026 718 2211 790 κτῆρα
2229 718 2289 770 ὲν
2313 711 2395 780 οἷς
2438 712 2682 784 ίαμδισε,
2707 710 2902 780 πρῶτα
2932 708 3033 778 μὲν
3062 705 3357 760 ἀκούσεται
3381 704 3465 757 ὅτι
3497 719 3589 757 σαι

2023 810 2129 882 φὴς
2158 810 2344 881 ῥήτωρ
2398 803 2678 875 πανταχοῦ
2712 799 2958 863 τοιοῦτος
2996 798 3270 857 ἐκϐαίνει,
3318 796 3509 867 σχεδόν
3537 812 3588 849 τι

2022 902 2119 957 καὶ
2173 900 2345 963 ἄκων,
2383 896 2757 969 τυραννούσης
2797 890 2962 946 αὐτὸν
2986 889 3089 959 τῆς
3135 891 3217 951 είς
3252 888 3313 941 τὸ
3366 887 3592 956 γράφειν

2025 995 2266 1066 φύσεως,
2294 993 2390 1047 καὶ
2426 989 2630 1061 μᾶλλον
2662 990 2723 1042 ἐν
2771 987 2915 1048 τοῖς
2944 983 3105 1036 ἔπεσι
3159 978 3407 1038 τοιοῦτός
3445 980 3590 1031 εστιν

2024 1089 2252 1153 ἐκεῖνος,
2280 1084 2369 1138 διὰ
2397 1082 2457 1136 τδ
2490 1080 2589 1151 τὴν
2613 1078 2912 1150 ποιητικὴν
2940 1074 3138 1147 ἡδονῆς
3192 1071 3361 1125 πλέον
3404 1072 3593 1141 στοχά-

2024 1178 2238 1243 ζεσθαι,
2264 1175 2358 1231 καὶ
2381 1174 2554 1236 οὕτως
2578 1172 2769 1240 αὐχεῖν
2797 1168 3038 1238 μάλιστα
3072 1165 3135 1218 τὸ
3153 1163 3388 1232 ἕφοκλόν
3418 1178 3434 1197 ο
3494 1162 3589 1230 ἡδί)

2024 1273 2079 1324 ἃ
2106 1270 2166 1325 τὸ
2206 1268 2398 1339 σαφὲς,
2434 1266 2496 1319 οὐ
2528 1263 2589 1318 τὸ
2626 1262 2703 1335 μὴ
2724 1260 2916 1330 σαφές.
2961 1258 3023 1312 '0
3052 1248 3186 1326 γοῦν
3217 1255 3449 1309 Πλάτων
3510 1254 3594 1307 ὅτε

2025 1363 2161 1434 πρὸς
2197 1361 2397 1433 μέτρον
2427 1374 2652 1430 γραφει,
2688 1352 3026 1425 σαφέστερός
3062 1352 3213 1404 ἔστιν
3252 1346 3451 1401 ἑαυτοῦ
3505 1346 3595 1399 καὶ

2024 1456 2363 1524 γλυκύτερος
2390 1468 2407 1484 ο
2458 1448 2577 1505 εἶτα
2614 1446 3155 1519 προσεπακούσεται,
3217 1443 3302 1496 δτι
3336 1442 3367 1491 6
3422 1441 3593 1509 μέγας

2026 1549 2235 1609 ἐκεῖνος
2258 1547 2320 1598 οὺ
2351 1542 2580 1614 λέληθεν
2608 1539 2732 1594 οὐδὲ
2758 1539 2946 1603 όποίος
2972 1532 3044 1609 ἦν
3089 1536 3190 1604 τὴν
3244 1532 3538 1585 ἑποποιῖαν
3575 1544 3591 1560 ο

2026 1641 2087 1693 οὐ
2115 1640 2224 1708 γὰρ
2255 1635 2443 1697 ἁπλῶς
2467 1630 2747 1704 μετρητάς
2782 1630 2964 1701 ἀφῆκε
3004 1628 3218 1689 σελίδας
3265 1624 3437 1685 ἐπῶν,
3466 1621 3598 1674 ἀλλὰ

2030 1731 2124 1783 καὶ
2158 1724 2682 1798 ὲδραματούργησεν
2711 1738 2727 1755 ο
2758 1722 2833 1787 ὡς
2866 1721 2963 1776 καὶ
3000 1721 3150 1789 ἡμᾶς
3199 1719 3233 1789 η
3268 1718 3433 1785 πεῖρα
3495 1714 3602 1767 ἐδί-

361 1848 543 1902 peram
577 1832 892 1883 adnotatum
923 1836 983 1883 ut
1020 1843 1212 1897 poema
1256 1824 1485 1880 Joannis
1519 1822 1780 1889 Mansur;
1808 1830 1925 1875 erat

2033 1820 2159 1887 δαξε
2186 1794 2694 1890 περιτετυχυκότας
2721 1814 2962 1886 δράματι
2992 1811 3230 1874 ικείνου,
3288 1804 3595 1902 πεπριημέο

361 1937 541 1978 autem
577 1922 799 1977 Mansur
831 1936 1134 1988 cognomen
1180 1933 1289 1990 quo
1348 1916 1675 1973 maledictus
1714 1914 1926 1982 Copro-

2034 1928 2109 1979 νῳ
2147 1909 2247 1979 μὲν
2279 1908 2359 1971 είς
2390 1911 2455 1961 τά
2490 1904 2632 1959 κατά
2652 1904 2752 1976 τὴν
2789 1901 3071 1972 μακαρίαν
3104 1900 3360 1968 σώφρονα
3390 1893 3604 1951 Σωσάν-

360 2031 562 2085 nynms
610 2014 844 2083 maligne
899 1983 1230 2082 loquebatur
1287 2008 1525 2063 irridens
1582 2021 1707 2062 eum
1768 2002 1928 2074 quasi

2035 2021 2154 2070 ναν,
2180 1996 2772 2073 παρασεσημειωμὲνῳ
2804 1994 2863 2048 δὶ
2891 1995 2957 2047 ὲκ
3006 1992 3255 2060 πλαγίων
3283 1990 3500 2060 ποίημα
3528 1983 3604 2042 εί-

362 2084 523 2176 Sj'rio
552 2116 730 2159 ortum
765 2119 996 2174 genere;
1046 2109 1101 2155 et
1126 2099 1428 2156 adornabat
1472 2096 1927 2167 compositionem

2035 2113 2125 2150 vat
2161 2096 2413 2150 Ἰωάννου
2446 2090 2708 2162 Μανσούρ
2735 2090 2811 2161 (Ι)
2845 2104 2859 2121 ·
2887 2084 2957 2162 ἦν
2978 2087 3035 2142 δὲ
3060 2089 3088 2141 6
3114 2087 3374 2155 Μανσοὺρ
3398 2084 3604 2137 ἐπώνυ-

364 2196 592 2264 hujusce
624 2193 889 2247 dramatis
939 2190 1110 2259 stylus
1161 2190 1320 2260 plane
1370 2186 1758 2257 Euripidieus;
1805 2198 1931 2252 pro-

2040 2206 2163 2259 μον,
2226 2180 2269 2256 ᾧ
2303 2187 2370 2258 δὴ
2419 2188 2448 2240 6
2510 2186 2787 2255 ἐπάρατος
2849 2180 3233 2253 Κοπρὼνυμος
3282 2177 3605 2245 ἐκακολόγει

364 2292 539 2354 prtam
563 2286 708 2336 enim
748 2283 1121 2351 genealogiam
1149 2280 1368 2333 texebat
1396 2275 1678 2338 Suzanna,
1710 2284 1765 2330 et
1791 2276 1933 2329 dole-

2034 2282 2303 2333 σκώπτων
2346 2279 2556 2331 ἐκείνου
2588 2272 2676 2330 οἷα
2704 2274 2893 2344 γένους
2926 2272 3266 2344 ὡρμημένον
3317 2266 3604 2337 συριακοῦ,

363 2377 454 2428 bat
499 2374 544 2427 si
582 2381 735 2425 tanto
782 2370 925 2424 malo
976 2368 1365 2423 succumberet
1413 2366 1467 2419 in
1499 2366 1680 2430 horto,
1727 2374 1785 2419 et
1822 2365 1928 2417 vim

2032 2370 2129 2424 καὶ
2158 2369 2458 2441 ὲσκευὼρει
2517 2367 2617 2440 τὴν
2679 2368 2923 2422 διάθεσιν
2959 2366 3167 2420 ἐκείνου
3201 2362 3294 2417 τοῦ
3334 2363 3607 2432 δράματος

364 2473 669 2534 pateretur;
713 2472 841 2515 tunc
877 2460 1133 2530 paradiso
1177 2459 1358 2513 locum
1390 2458 1730 2519 asaimilans.
1789 2456 1930 2510 rele-

2032 2462 2369 2533 εύριπίδειος
2391 2462 2717 2532 αὐτόχρημα
2751 2458 2973 2530 μέθοδος
2998 2473 3015 2488 ο
3044 2454 3385 2526 ιγενεαλόγει
3418 2470 3478 2506 τε
3500 2453 3609 2522 γάρ

364 2556 518 2609 rebat
577 2553 849 2622 quomodo
907 2550 1082 2605 malus
1132 2549 1347 2604 dtemon
1407 2564 1624 2602 rursum
1682 2547 1931 2616 decipere

2029 2554 2237 2626 ἑαυτὴν
2269 2558 2302 2626 η
2324 2555 2614 2609 ,Σωσάννα
2642 2554 2738 2607 καὶ
2756 2550 3087 2605 ἀπεκλαίετο
3114 2549 3164 2601 εί
3193 2547 3486 2618 περιπέσοι
3510 2562 3610 2598 κα-

365 2656 600 2703 tcntaret
650 2644 813 2697 Evam
852 2657 969 2709 me;
1026 2643 1106 2696 sic
1163 2644 1346 2711 poesis
1404 2642 1609 2709 absque
1655 2639 1930 2708 grandilo-

2036 2646 2117 2716 κῷ
2135 2646 2442 2716 τηλικούτῳ
2473 2646 2625 2710 ἐντὸς
2665 2646 2851 2714 κήπου
2887 2642 2984 2695 καὶ
3010 2640 3261 2713 βιασθείη
3297 2655 3313 2671 ο
3360 2637 3491 2691 ἔνθα
3520 2635 3613 2689 καὶ

364 2742 607 2809 quentia,
644 2746 699 2792 et
744 2738 863 2791 luce
905 2734 1312 2805 perspicuitatis
1364 2733 1596 2802 pollens,
1652 2747 1753 2787 nec
1806 2730 1928 2785 rudi

2035 2740 2353 2810 παραδείσῳ
2391 2739 2483 2792 τὸν
2503 2739 2671 2792 τόπον
2703 2736 3000 2797 είκάσασα,
3045 2736 3107 2787 ἐν
3130 2727 3174 2800 ᾧ
3214 2734 3250 2803 ὴ
3297 2730 3609 2797 πῳμήτωρ

365 2833 551 2904 phrasi
575 2832 805 2888 obscura
844 2831 896 2882 in
923 2829 1117 2882 illustri
1152 2826 1515 2880 Damasceno.

2033 2831 2139 2884 ὑπὸ
2158 2830 2253 2883 τοῦ
2277 2830 2531 2899 δαίμονος
2570 2827 2907 2897 άπατηθείη,
2939 2824 3138 2895 φράζει
3188 2823 3437 2892 γλυκέως
3479 2820 3558 2883 ὡς
3582 2817 3614 2871 6

363 2926 669 2997 ἁρχὲκακος
694 2921 910 2991 δράκων
944 2919 1108 2973 πάλιν
1140 2919 1350 2987 πλανᾲν
1373 2918 1602 2970 {omnis
1638 2918 1736 2986 τήν
1769 2917 1911 2972 Εὕαν
1950 2921 2051 2990 ἐμὲ
2087 2938 2103 2955 ο
2130 2921 2303 2984 οὕτως
2323 2916 2710 2991 ἀστόμφαστος
2732 2921 2829 2974 καὶ
2852 2920 2886 2989 ἡ
2909 2917 3166 2971 incitati:
3206 2916 3301 2969 καὶ
3335 2916 3475 2985 φωτὶ
3514 2931 3613 2967 σαο

365 3022 592 3092 φηνείας
622 3019 902 3080 διάλευκος
946 3016 1040 3069 καὶ
1064 3014 1492 3081 ἁνεπισκότητος
1538 3014 1736 3082 φράσει
1768 3014 1983 3085 σκληρᾷ
2015 3016 2092 3085 τῷ
2125 3016 2367 3087 λαμπρῷ
2406 3013 2774 3087 Δαμασκηνῷ.

438 3114 611 3184 lluths
657 3112 720 3165 ad
767 3110 1123 3164 imitationem
1168 3108 1220 3160 in
1266 3120 1458 3175 magna
1513 3107 1926 3173 Thessalonice,

2110 3102 2187 3164 Οὖ
2231 3110 2373 3180 πρός
2397 3126 2522 3164 τινα
2557 3110 2857 3178 ὁμοιότητα
2885 3110 2945 3163 ὲν
2980 3109 3048 3178 τῇ
3097 3107 3309 3179 μεγάλῃ
3341 3110 3616 3161 Caucala-

369 3206 584 3261 iambos
607 3204 736 3258 olim
776 3208 1072 3254 texuerunt
1106 3198 1345 3259 diaconi,
1370 3211 1513 3249 unus
1538 3197 1759 3264 quidem
1795 3198 1937 3251 indi-

370 3313 530 3367 gena,
581 3293 799 3349 nomine
829 3292 1123 3350 Sumancs,
1174 3286 1501 3341 scriniorum
1546 3286 1834 3354 prafeetus
1872 3300 1940 3340 ex

368 3388 736 3446 ecclesiastica
782 3384 1075 3453 dignitate;
1102 3380 1239 3434 alter
1260 3380 1481 3448 sapiens
1510 3377 1937 3448 Megalopolites,

372 3481 531 3536 levita
572 3492 852 3533 sacrarum
890 3476 1087 3527 artium
1125 3472 1404 3541 magister,
1437 3470 1665 3525 Michael
1724 3484 1938 3540 protec-

374 3575 544 3634 dicos,
581 3571 673 3637 qui
736 3568 950 3622 tandem
987 3564 1273 3618 vexatione
1317 3563 1518 3617 diaboli
1555 3563 1855 3627 laboravit;
1886 3570 1942 3617 et

374 3665 536 3715 ambo
567 3672 784 3731 propter
831 3660 1088 3726 hymnum
1124 3672 1220 3727 pro
1248 3655 1600 3710 sanctissimo
1629 3656 1778 3708 urbis
1809 3670 1943 3723 pra:-

374 3754 541 3819 fecto,
596 3754 661 3806 de
730 3751 1069 3807 suaveolenti
1135 3764 1332 3818 magno
1387 3758 1629 3817 martyre
1707 3746 1937 3818 gloriam

373 3846 548 3918 adepti
574 3855 722 3906 sunt,
758 3860 883 3897 cum
916 3858 1025 3897 non
1077 3842 1201 3896 vilia
1247 3841 1534 3906 dixissent,
1564 3848 1619 3893 et
1650 3839 1942 3894 luciditate

374 3940 664 4011 fulgerent.
700 3937 845 3991 Ante
880 3950 974 3990 eos
1016 3944 1220 3997 autem,
1248 3932 1441 3987 eodem
1481 3940 1736 4000 suscepto
1775 3944 1942 4000 Opere

374 4030 440 4082 de
480 4028 878 4097 augustissimo
929 4024 1243 4078 Nativitatis
1274 4023 1479 4078 Christi
1531 4022 1671 4079 festo
1700 4021 1941 4077 Joannes

375 4119 696 4173 Geometres
724 4116 946 4186 gloriari
1001 4118 1177 4186 potuit
1216 4125 1271 4169 ct
1296 4118 1413 4184 ipse
1432 4116 1579 4185 quod
1618 4115 1783 4169 simili
1820 4116 1944 4170 luce

377 4209 682 4281 gravitatis,
719 4215 774 4261 et
816 4207 1080 4263 claritatis
1126 4214 1179 4259 et
1234 4206 1522 4261 suavitatis
1572 4206 1941 4277 praelulgeret,

380 4300 453 4354 nil
478 4308 532 4353 et
568 4300 682 4368 ipse
712 4304 961 4367 asperum
999 4296 1229 4351 habens.
1260 4298 1316 4350 Si
1356 4297 1483 4367 quis
1506 4309 1687 4353 autem
1718 4307 1945 4353 conten-

379 4391 516 4444 dens
574 4389 756 4443 dicere
793 4386 946 4441 malit
988 4387 1332 4456 spiritunlem
1384 4388 1782 4443 modulatorem
1834 4389 1942 4442 alta

2039 3203 2165 3272 νίκῃ
2196 3200 2501 3271 φθάσαντες
2539 3217 2669 3252 ποτε
2701 3200 2956 3271 ίιμσίσαι
3005 3198 3271 3261 διάκονοι,
3303 3199 3328 3251 6
3370 3200 3473 3268 μιν
3532 3215 3617 3262 τις

2040 3292 2331 3362 ἐγχώριος⁹
2366 3292 2607 3363 ἐπίκλην
2660 3293 2968 3363 Σουμάνης,
3010 3290 3361 3363 χαρτοφύλαξ
3411 3292 3472 3343 τδ
3524 3293 3619 3344 ἐκ·

2039 3385 2436 3454 κλησιαστικδν
2462 3385 2701 3455 ἀξίωμα,
2728 3386 2919 3455 ἓτερος
2949 3384 3006 3439 δὲ
3054 3385 3217 3452 σοφὸς
3259 3381 3618 3452 μεγαλοπολί-

2039 3493 2159 3547 της,
2212 3476 2429 3546 λευῖτης
2484 3478 2857 3546 ἁγιοσοφίτης,
2905 3477 3123 3547 Μιχαὴλ
3167 3475 3617 3547 πριυτέκδικος,ό

2040 3570 2099 3621 ὲν
2128 3570 2340 3638 ὑστέρῳ
2367 3566 2750 3639 δυσκληρήσας
2784 3569 3021 3639 ιπηρείᾳ
3061 3569 3337 3635 δαίμονος,
3371 3566 3467 3619 καὶ
3508 3567 3616 3632 dp.-

2043 3660 2261 3729 φότεροι
2295 3661 2429 3728 πρὸς
2457 3658 2628 3729 ὕμνον
2663 3658 2755 3713 τοῦ
2785 3661 3100 3728 άγιωτάτου
3136 3659 3428 3726 πολιούχου
3470 3656 3620 3710 κατὰ

2040 3752 2128 3805 τὸν
2156 3751 2500 3821 μυροϐλύτην
2543 3752 3014 3822 μεγαλομάρτυρα
3048 3750 3432 3821 εὐδοκίμησαν,
3486 3749 3616 3803 οὔτε

2040 3842 2279 3895 ταπεινά
2330 3842 2641 3911 φράσαντες
2691 3842 2786 3894 καὶ
2832 3840 3103 3913 σαφηνείᾳ
3158 3840 3619 3910 ἑλλαμψάμεεεσιο

2043 3933 2152 4003 πρό
2177 3932 2233 3984 δὲ
2270 3932 2452 3985 αὐτῶν
2480 3933 2580 4015 at.
2592 3933 2778 4001 ὅμοιον
2822 3932 2984 4002 ἔργον
3017 3931 3400 3999 πονησάμενος
3441 3933 3471 3985 6
3524 3949 3618 3984 σοι

2042 4026 2290 4093 φώτατος
2319 4024 2576 4091 Ἰωάννης
2604 4026 2631 4075 6
2660 4024 2993 4093 Γεωμέτρης
3051 4023 3145 4075 ἐπὶ
3201 4026 3266 4094 τῇ
3323 4025 3493 4075 πανσέ
3509 4041 3625 4091 πτῳ

2040 4118 2141 4189 τῆς
2161 4116 2254 4169 τοῦ
2286 4115 2522 4187 Χριστοῦ
2548 4117 2859 4188 γεννήσεως
2917 4117 3105 4186 ἑορτῇ,
3151 4116 3313 4186 ἔσχεν
3372 4117 3622 4185 αὐχῆσαι

2044 4210 2136 4263 καὶ
2168 4209 2331 4271 αὐτὸς
2351 4209 2521 4278 ὁμοίῳ
2547 4208 2688 4277 φωτὶ
2720 4207 2813 4261 καὶ
2838 4208 3169 4279 σεμνότητος
3189 4208 3282 4261 καὶ
3316 4208 3628 4275 σαφηνείας

2046 4303 2139 4354 καὶ
2165 4297 2503 4368 γλυκύτητος
2535 4297 2989 4368 λαμπρύνασθαι,
3022 4298 3180 4350 οὐδέν
3213 4314 3268 4351 τι
3314 4297 3629 4366 σκληρυνά-

2050 4406 2213 4459 μενος
2254 4387 2367 4443 οὐδ’
2399 4387 2564 4451 αὐτός
2597 4403 2615 4423 σ
2650 4388 2700 4440 εί
2732 4386 2789 4439 δέ
2817 4403 2902 4451 τις
2929 4386 3128 4457 ἐρίζων
3168 4387 3387 4441 ἑλέσθαι
3446 4387 3633 4440 εἰπεῖν

378 4482 704 4552 sapientem,
737 4478 820 4532 vel
842 4478 1000 4532 aliter
1028 4478 1433 4550 dithyrambico
1469 4478 1594 4548 igne
1618 4493 1935 4534 succensum

2050 4483 2144 4538 τὸν
2171 4482 2548 4545 πνευματικὸν
2588 4480 2830 4552 μελῳδὸν
2850 4480 3207 4551 λυκοφρόνως
3239 4482 3272 4551 ἢ
3305 4480 3480 4542 ἄλλως
3542 4479 3635 4534 δι-

376 4574 692 4645 scripsisse,
718 4568 862 4641 quod
921 4571 1165 4625 urbanus
1196 4577 1250 4624 et
1282 4571 1477 4625 doetus
1523 4569 1851 4626 Theocritus
1887 4571 1942 4624 lu

378 4665 696 4719 methodunt
737 4663 986 4732 redigere
1028 4660 1244 4723 statuit,
1282 4660 1365 4715 vel
1404 4672 1460 4715 ut
1495 4660 1710 4715 Iaudem
1758 4671 1943 4731 capta-

377 4765 481 4820 ret,
506 4755 588 4808 vel
623 4762 683 4806 ut
718 4759 959 4822 aequaret
982 4752 1117 4806 alios
1152 4751 1245 4804 tali
1273 4751 1424 4821 poesi
1459 4751 1800 4815 nobilitatos,
1839 4751 1944 4807 etsi

378 4845 624 4911 quaedam
661 4856 767 4897 non
810 4840 1038 4911 probata
1081 4840 1248 4907 dicat,
1284 4848 1339 4896 et
1400 4840 1701 4908 probabilia
1732 4849 1943 4895 tantum

379 4934 523 4987 edat.
558 4933 687 4985 Esto
715 4939 916 4995 tamen,
944 4930 1228 4985 veritatem
1288 4931 1521 4997 dixerit;
1553 4939 1611 4984 ut
1659 4931 1805 4985 enim
1836 4947 1944 4985 non

380 5041 676 5095 arguantur
709 5025 851 5095 quod
884 5025 957 5078 ita
998 5025 1318 5081 allirntative
1355 5026 1521 5082 locuti
1549 5026 1727 5082 simus
1757 5027 1823 5082 de
1864 5025 1949 5081 his

378 5132 506 5188 quae
537 5131 640 5171 non
697 5115 1005 5185 oportebat,
1039 5116 1232 5171 demus
1262 5123 1323 5169 ut
1358 5118 1650 5172 mutaverit
1700 5117 1946 5172 musicus

380 5215 606 5263 sanctus
661 5206 1032 5261 Damasceuus
1079 5206 1355 5276 propriam
1420 5208 1716 5279 loquelam,
1787 5210 1943 5278 quasi

379 5298 531 5355 vocis
566 5297 963 5364 dissimulator,
998 5313 1093 5368 per
1123 5297 1484 5355 imitationem
1516 5317 1619 5356 non
1660 5316 1781 5371 qua:
1814 5302 1948 5357 slm-

391 5392 608 5465 pliciter
659 5405 689 5445 a
724 5390 910 5445 multis
957 5399 1244 5446 exercetur
1299 5393 1515 5460 quando
1559 5393 1946 5463 opportunitas

381 5482 636 5548 voluerit,
666 5496 771 5536 non
807 5496 915 5551 qua
939 5482 1139 5553 insigni
1167 5482 1327 5537 modo
1346 5496 1603 5539 narratur
1629 5486 1697 5541 de
1726 5486 1946 5542 heroica

381 5571 615 5645 quadam
640 5584 893 5643 persona,
931 5570 1030 5629 sed
1065 5570 1367 5628 secundum
1406 5575 1767 5645 apostolicam
1794 5575 1941 5631 illam

2053 4569 2417 4640 θυραμὸικῶς
2441 4569 2686 4639 ποιῆσαι,
2719 4569 2750 4622 6
2778 4570 2875 4624 καὶ
2900 4572 2928 4623 6
2965 4571 3180 4633 ἀστεῖος
3226 4570 3345 4639 ἅμα
3379 4571 3469 4623 καὶ
3526 4586 3637 4622 σο-

2051 4664 2153 4732 φὸς
2213 4662 2505 4732 Θεόκριτος
2551 4663 2816 4733 ἐπέκρινέ
2868 4679 2973 4716 που
3037 4662 3367 4730 μεθοδεῦσαι
3399 4665 3562 4732 χάριν
3593 4662 3635 4733 ἢ

2052 4752 2646 4823 φιλοτιμίαςῆάπλῶς
2696 4754 3010 4820 ἐξισώσεως
3060 4754 3160 4822 τῆς
3211 4757 3348 4823 πρὸς
3404 4756 3637 4822 ἑτέρους

2050 4844 2477 4913 άγλαὶζομὲνους
2521 4846 2783 4916 ὲποποιτᾳ
2845 4845 3071 4916 τοιαύτῃ
3094 4883 3111 4908 ,
3176 4846 3467 4916 ἀμάρτυρα
3520 4845 3641 4913 μὲν

2050 4934 2204 4988 λαλεῖ
2237 4938 2356 5001 καὶ,
2408 4934 2485 4998 ὡς
2522 4937 2719 5001 εἰπεῖν,
2772 4935 3122 5003 είκοτολογεῖ.
3170 4938 3357 4990 Ἐστω
3387 4936 3441 4989 δὲ
3472 4936 3643 5003 ὅμως

2048 5026 2351 5099 ἀληθεύων.
2376 5028 2495 5081 Ἵνα
2522 5028 2634 5097 γάρ
2673 5028 2752 5098 μὴ
2778 5028 3083 5098 πεισμονὴν
3114 5028 3400 5096 περιέπειν
3422 5025 3644 5093 ὲγκὶηυ

2050 5120 2240 5189 θῶμεν
2277 5121 2363 5189 ἐφ’
2396 5117 2484 5185 οἷς
2519 5122 2621 5175 οὐκ
2648 5123 2835 5192 ἐχρῆν,
2867 5121 3122 5191 διδόαμεν
3153 5120 3383 5188 ἀλλάξαι
3410 5119 3496 5172 καὶ
3531 5117 3649 5169 τὸν

2052 5212 2209 5278 ᾶγιον
2237 5211 2603 5283 Δαμασκηνὸν
2670 5212 2938 5283 μελῳδὸν,
2988 5213 3083 5266 τὸν
3130 5212 3339 5266 οἰκεῖον
3392 5208 3650 5279 φθόγγον

2048 5297 2138 5358 οἷα
2169 5304 2265 5359 καί
2296 5321 2422 5358 τινα
2449 5305 2772 5376 φωνόμιμον
2802 5305 2938 5376 πρὸς
2960 5304 3196 5376 μίμησιν
3221 5305 3287 5359 οὐ
3315 5304 3411 5375 τὴν
3440 5300 3651 5364 ἁπλῶς

2052 5395 2207 5463 παρὰ
2246 5398 2360 5461 τοῖς
2387 5397 2607 5461 πολλοῖς
2641 5398 3053 5470 μελετωμένην,
3089 5399 3180 5452 ὅτε
3224 5397 3433 5468 καιρὸς,
3493 5393 3650 5446 οὐδὲ

2057 5486 2201 5539 κατά
2233 5486 2296 5539 τὺ
2327 5486 2623 5559 ἐξαιρέτως
2658 5490 3023 5561 ίστορημόνην
3054 5488 3187 5558 περί
3218 5506 3361 5551 τινος
3391 5482 3653 5558 ἡρωϊκοῦ

2055 5578 2375 5647 προσώπου,
2409 5580 2547 5635 ἀλλά
2579 5582 2724 5637 κατὰ
2750 5580 2852 5653 τὴν
2876 5582 2971 5636 ὑπ’
2996 5578 3165 5635 αὐτοῦ
3217 5576 3652 5653 μεμελισμλνην

453 5743 530 5811 (ι)
559 5743 938 5817 Deagnomine
966 5744 1213 5811 Mansur,
1251 5746 1492 5818 itemque
1522 5748 1591 5805 de
1641 5750 1749 5807 alio
1800 5750 2231 5822 inl‘ra'legendo.
2264 5755 2451 5821 Arata,
2480 5756 2715 5817 Allatius
2751 5757 2873 5817 loco
2907 5758 3190 5822 praedicto.
