3968 6244
415 338 514 405 hil

1119 336 1541 402 EUSTATHI]
1571 337 1982 399 THESSALO]

2085 337 2327 401 iENSIS
2367 336 2419 399 Μ
2430 340 2632 402 ΕΤΒο
2642 339 2930 403 ΡΟΙᾹῙΔΕ

3541 348 3644 413 512

406 460 627 528 quidem
660 459 926 528 poematis
953 458 1115 514 istius
1149 458 1454 514 sententias
1501 457 1770 513 referebat
1791 456 1976 512 laudis

2085 459 2140 513 ἓν
2169 459 2300 523 ἔπος
2327 460 2657 528 ὑπερπαίειν
2683 460 2745 512 τὸ
2777 460 3063 542 προσεχὲς,
3088 460 3211 514 οὐδὲ
3241 462 3370 530 γοῦν
3399 463 3480 518 ἑνὶ
3510 457 3649 518 στοιὲ

403 553 592 620 plenas
622 551 1001 620 imperatoriae.
1028 549 1130 615 Qui
1173 565 1302 605 vero
1329 550 1558 622 legendo
1583 550 1976 620 percurrebant

405 645 543 699 duos
571 659 826 700 versuum
859 643 1142 710 terminos,
1179 643 1416 698 litteram
1467 645 1663 698 litterae
1703 641 1977 709 addendo,

406 737 754 792 inveniebant
779 750 808 790 a
827 735 1036 791 dextris
1082 735 1407 806 completum
1434 735 1713 792 heroicum
1736 749 1976 800 versum,

402 835 459 882 et
489 843 518 880 a
557 827 799 882 sinistris
842 826 1096 883 similiter
1149 826 1422 890 alterum;
1463 833 1519 880 et
1562 833 1718 881 erant
1775 824 1978 880 sacrati

404 918 822 982 acrostichides,
856 926 909 972 et
936 916 1317 988 unusquisque
1341 917 1571 972 seorsim
1590 917 1659 971 ab
1683 916 1811 982 alio,
1840 914 1978 970 nihil

406 1010 576 1064 fundo
607 1009 875 1079 poematis
897 1009 1276 1072 adhaarentes;
1327 1013 1384 1061 et
1437 1006 1705 1077 scriptum
1755 1014 1874 1061 erat
1915 1006 1972 1061 in

405 1111 688 1172 tetragono
720 1102 1014 1171 diligenter
1038 1101 1142 1155 hoc
1194 1113 1383 1169 poema
1437 1099 1703 1155 lateribus
1740 1099 1980 1155 circum.

409 1193 630 1249 ductum
660 1207 768 1247 non
798 1192 1094 1267 linearibus
1113 1192 1207 1247 sed
1226 1193 1592 1260 grammaticis
1615 1209 1632 1259 ;
1652 1199 1706 1246 et
1728 1190 1978 1247 diametri

405 1283 537 1354 ipsa:
568 1285 839 1354 insignitae
853 1291 1008 1338 erant
1031 1284 1290 1353 praeclare
1311 1283 1505 1338 litteris
1523 1283 1704 1338 rubris
1729 1283 1976 1337 :nomina

407 1377 553 1430 enim
577 1375 916 1430 venerabilia
946 1385 1188 1445 quatuor
1219 1376 1445 1444 parihus
1477 1374 1680 1429 litteris
1714 1374 1787 1427 ita
1812 1373 1981 1428 dedu-

405 1475 494 1520 (δια
524 1475 582 1520 ut
614 1468 918 1532 composite
941 1471 1305 1535 :ponerentur
1361 1464 1727 1520 ostendebant
1759 1463 1976 1530 singula

406 1557 658 1611 diametri
698 1558 1003 1627 principia;
1038 1567 1091 1614 et
1111 1555 1398 1628 aspicienti
1455 1557 1571 1610 haec
1623 1555 1680 1608 in
1737 1565 1974 1608 utentem

407 1647 555 1698 venit
592 1647 670 1699 nit
701 1646 1052 1716 impedivisse
1080 1646 1340 1700 artificem
1373 1643 1644 1714 tetragoni
1668 1643 1832 1711 hujus
1857 1658 1983 1710 poe-

408 1738 590 1801 matis,
644 1747 698 1791 et
765 1739 1010 1806 potuisse
1069 1738 1302 1793 summis
1358 1736 1638 1792 diametris
1693 1737 1979 1790 materiam

405 1827 711 1880 cancellare
741 1828 784 1882 si
840 1827 1142 1893 voluisset;
1195 1827 1381 1883 noluit
1414 1837 1594 1881 autem
1623 1843 1640 1894 ;
1699 1825 1793 1882 sed
1853 1841 1975 1880 cum

409 1928 792 1970 meusurasset
821 1919 1019 1988 primo,
1051 1927 1107 1972 et
1135 1918 1288 1972 initia
1321 1917 1663 1987 reliquisset
1691 1915 1798 1972 sibi
1835 1916 1978 1970 invi-

405 2023 522 2062 cem
563 2009 926 2075 adversantia,
961 2009 1039 2064 ita
1071 2017 1130 2063 ut
1157 2010 1326 2062 menti
1371 2016 1728 2063 occurrerent
1770 2007 1982 2062 diame-

408 2097 475 2150 tri
499 2097 605 2151 illte
624 2098 689 2152 ad
714 2097 1124 2167 perfectionem,
1156 2099 1424 2154 laboravit
1453 2099 1508 2154 in
1539 2099 1720 2154 medio
1741 2113 1981 2168 epopoeae

407 2199 543 2249 suae,
575 2188 873 2256 ettiguram
905 2188 1332 2244 rhomboidalem
1361 2203 1428 2243 ex
1482 2200 1718 2257 quatuor
1775 2189 1976 2245 litteris

407 2275 698 2343 descripsit
724 2292 741 2339 ;
766 2286 821 2330 et
852 2277 1072 2343 elegans
1098 2287 1214 2331 erat
1263 2279 1365 2332 ltoc
1391 2292 1547 2346 opus,
1585 2287 1640 2332 et
1669 2279 1828 2333 aliter
1856 2279 1981 2349 qui-

405 2366 554 2430 dem,
589 2368 684 2421 sed
733 2375 790 2422 et
840 2368 1110 2422 setibendi
1161 2368 1385 2436 peritia;
1429 2381 1482 2422 et
1535 2369 1699 2422 latera
1741 2367 1980 2425 universi

409 2461 681 2527 tetragoni
716 2467 772 2513 et
811 2459 1210 2514 diametrorum
1241 2460 1392 2514 initia
1451 2463 1506 2516 in
1560 2462 1877 2517 nominibus
1925 2469 1981 2517 et

409 2549 676 2605 rhombus
714 2552 896 2607 rubris
952 2551 1194 2624 fulgebat
1237 2564 1427 2609 ornata
1461 2554 1700 2620 litteris;
1752 2561 1806 2607 et
1840 2553 1980 2608 resi-

408 2641 579 2696 duum
601 2645 782 2712 operis
800 2647 1078 2700 consuetis
1107 2646 1372 2714 scriptum
1403 2652 1520 2700 erat
1540 2645 1970 2709 characteribus,

407 2744 464 2791 et
493 2745 612 2792 erat
633 2753 756 2794 vere
797 2741 1084 2794 oculorum
1131 2740 1604 2796 oblectamentum
1664 2747 1720 2794 et
1776 2739 1975 2795 scitum

407 2828 608 2885 mentis
648 2843 1028 2886 ornamentum
1062 2868 1079 2884 .

2079 551 2211 622 χείῳ
2248 567 2264 585 ο
2301 551 2398 605 καὶ
2431 550 2641 605 ἔκειντο
2675 551 2742 606 τὰ
2779 554 3016 622 στοιχεῖα
3045 552 3221 608 πάντα
3268 555 3392 609 καθ’
3433 557 3645 626 εἱρμὸν,

2076 644 2152 707 ὡς
2181 639 2320 698 εἶναι
2350 644 2518 715 δήλην
2539 644 2641 715 τὴν
2669 647 2726 698 ὲν
2765 645 2948 709 αὐτοῖς
2978 645 3231 712 ὲξίσωσιν
3258 664 3274 679 ο
3318 649 3414 702 καὶ
3445 651 3506 704 es
3549 652 3647 721 μὲν

2077 735 2274 800 πλάτος
2328 736 2426 804 τῆς
2471 738 2761 800 ὲποποιῖας
2831 736 3044 808 ἐκείνης
3112 741 3388 811 περιεῖχεν
3440 742 3646 806 ἐννοίας

2075 826 2558 892 ἀποσεμνυνοῦσας
2583 827 2672 879 τδν
2707 826 3112 896 αὐτοκράτορα.
3143 828 3208 880 Οῑ
3241 828 3294 881 δὲ
3314 827 3384 881 τὰ
3404 829 3513 882 τῶν
3537 829 3646 880 στί-

2077 935 2188 990 χων
2218 917 2312 971 δύο
2335 917 2480 986 ἄκρα
2513 903 2924 988 περιερχόμενοι
2956 918 3323 986 ἀναγνῶτται,
3360 920 3460 973 καὶ
3507 937 3645 973 στοι-

2078 1010 2225 1078 χεῖον
2258 1009 2509 1078 στοιχεέῳ
2537 1007 3032 1075 ἑπιστοιϐάζοντες,
3059 1009 3317 1079 εὕρισκον
3356 1013 3421 1062 ἐκ
3455 1010 3646 1076 δεξιῶν

2078 1099 2206 1161 ἔπος
2228 1096 2655 1165 ἀποτελούμενον
2681 1098 2916 1168 ἡρωϊκὸν
2938 1099 3100 1166 nisi
3125 1099 3435 1169 ἀριστερῶν
3464 1101 3648 1170 ὅμοιον

2077 1191 2292 1259 ἕτερον’
2327 1188 2423 1242 καὶ
2457 1185 2600 1260 ἦσαν
2646 1190 2946 1254 ἰδιάζουσαι
2992 1193 3393 1264 ἀκροστιχίδες,
3445 1192 3651 1261 κυρίως

2077 1279 2247 1334 ταῦτα
2278 1280 2402 1334 καθ’
2448 1279 2620 1334 ἑαυτὰ
2673 1281 2929 1352 ἑκάτερα,
2967 1281 3120 1336 οὐδέν
3169 1301 3220 1336 τι
3270 1282 3365 1338 τοῦ
3430 1283 3648 1350 ἑδαφίου

2081 1371 2572 1442 προσαπτόμεναι·
2617 1372 2712 1424 καὶ
2741 1372 3120 1441 κατεγράφετο
3167 1373 3248 1438 είς
3300 1375 3650 1442 τετράγωνον

2077 1459 2308 1528 ἀκριϐὲς
2339 1462 2512 1514 έκεῖνο
2531 1461 2592 1514 τὸ
2622 1462 2838 1532 ποίημα
2873 1462 3134 1530 πλευραῖς
3160 1465 3558 1532 περιεχόμενον
3586 1462 3648 1516 οὐ

2080 1555 2432 1620 γραμμικατς
2457 1552 2592 1606 ἀλλά
2627 1555 3042 1623 γραμματικαίς
3079 1571 3094 1586 ο
3130 1555 3226 1606 καὶ
3257 1556 3312 1607 αἱ
3361 1555 3648 1623 διάμετροι

2081 1645 2217 1699 ἀλλὰ
2248 1647 2338 1698 καὶ
2365 1646 2526 1698 αὐταὶ
2553 1645 2884 1714 θαυμαστῶς
2917 1647 3276 1714 ὲσημειοῧντο
3323 1648 3650 1716 γράμμασιν

2084 1734 2354 1803 ὲρυθροῖς.
2398 1732 2680 1802 Ὀνόματα
2711 1735 2821 1806 γὰρ
2863 1737 3036 1807 σεμνά
3090 1737 3329 1807 τέσσαρα
3381 1740 3649 1809 ίσογράμ-

2086 1841 2231 1893 ματα
2283 1828 2704 1895 κατασυρόμενα
2763 1829 2821 1880 ὲν
2878 1829 2958 1898 τῷ
3004 1828 3286 1892 εὐτάκτως
3346 1829 3647 1893 τεθεῖσθαι,

2084 1917 2422 1986 παρέφαινον
2451 1921 2626 1988 ἀρχὰς
2653 1921 2945 1990 διαμέτρου
2974 1921 3246 1988 ἑκατέρας
3283 1938 3298 1952 ⁸
3355 1924 3448 1975 καὶ
3510 1921 3652 1993 εἶχεν

2084 2008 2335 2076 ἐνθύμιον
2369 2012 2396 2061 ὀ
2415 2009 2637 2078 βλέπων
2671 2011 2836 2080 μηδέν
2862 2029 2913 2065 τι
2941 2011 3247 2065 κωλύεσθαι
3273 2013 3365 2065 τὸν
3396 2015 3652 2084 τεχνίτην

2086 2100 2182 2154 τοῦ
2217 2101 2506 2170 ποιητικοῦ
2560 2103 2908 2172 τετραγώνου
2959 2103 3196 2166 ἐκείνου,
3253 2104 3346 2155 καὶ
3405 2104 3652 2171 ἁκραίοις

2088 2191 2406 2260 διαμέτροις
2435 2193 2622 2260 χιάσαι
2678 2193 2738 2243 τὸ
2774 2187 3004 2261 ἐμϐαδον
3068 2194 3228 2264 εἰπερ
3262 2194 3454 2264 ἧθελεν
3483 2209 3496 2224 ·
3557 2195 3653 2244 οὐκ

2084 2281 2275 2349 ἤθελεν
2306 2283 2364 2336 δὲ
2394 2283 2505 2353 ἄρα
2537 2284 2764 2347 ἐκεῖνος,
2797 2284 2935 2336 ἀλλὰ
2963 2285 3340 2354 διαμετρήσας
3386 2282 3649 2352 ἀρχικῶςς

2085 2374 2178 2428 καὶ
2201 2375 2363 2443 ἀφεὶς
2390 2375 2491 2436 τὰς
2522 2375 2703 2446 ἀρχὰς
2741 2375 3154 2445 άντιμετὼπους
3211 2373 3424 2428 κεῖσθαι
3488 2373 3654 2442 sua-

2081 2465 2214 2530 λοις,
2251 2465 2326 2528 ὼς
2353 2465 2588 2518 ὲννοεῖσθ
2601 2483 2656 2519 αι
2686 2465 3014 2534 διαμέτρους
3047 2465 3290 2526 ἐκείνους
3317 2462 3456 2533 πρὸς
3511 2462 3656 2516 ἐντέ-

2079 2559 2252 2624 λειαν,
2298 2556 2621 2626 έσεχνάσατο
2658 2557 2715 2608 ὲν
2746 2554 2824 2623 τῷ
2861 2555 3174 2624 μεσαιτάτῳ
3223 2553 3326 2622 τῆς
3368 2551 3655 2613 ὲποποιῒας

2083 2649 2276 2713 αὐτοῦ,
2323 2653 2417 2702 καὶ
2473 2647 2662 2720 σχῆμά
2717 2665 2770 2700 τι
2835 2645 3190 2717 ῥομϐοειδὲς,
3248 2647 3312 2697 ὲκ
3370 2643 3655 2710 τεσσάρων

2083 2740 2431 2811 γραμμάτων
2461 2742 2591 2793 αὐτὸ
2616 2723 2945 2811 διαγράψας.
2986 2737 3093 2788 Καὶ
3121 2731 3188 2805 ἦν
3219 2735 3437 2786 ἀστεῖον
3483 2734 3655 2784 ἐκεῖνο

2081 2833 2143 2886 τὸ
2173 2834 2418 2902 πόνημα,
2449 2835 2543 2888 καλ⁸
2572 2833 2747 2896 ἄλλως
2778 2834 2897 2902 μὲν,
2932 2828 3026 2886 καὶ
3085 2826 3175 2886 διὰ
3229 2825 3323 2880 τοῦ
3362 2824 3558 2888 δεξιῶς
3601 2822 3656 2874 δὲ

407 2920 539 2972 αὐτὸ
569 2922 974 2992 διαγραφῆναι’
1011 2924 1082 2976 τὰ
1114 2923 1213 2992 μὲν
1231 2922 1444 2992 πλευρὰ
1475 2922 1572 2976 τοῦ
1607 2923 1730 2976 ὅλου
1775 2922 2121 2993 τετραγώνου
2152 2925 2246 2978 καὶ
2303 2925 2359 2977 αἱ
2416 2925 2527 2978 τῶν
2587 2923 2900 2994 διαμέτρων
2954 2928 3013 2980 έν
3083 2926 3308 2995 ὀνόμασι
3358 2916 3654 2987 καταρχαὶ»

409 3016 506 3067 καὶ
555 3017 583 3067 ὁ
640 3014 842 3085 ῥόμϐος
887 3015 1138 3084 ἑρυθροῖς
1185 3014 1478 3083 ἔγανοῦντο
1529 3015 1958 3085 παραυγάζοντα
2022 3016 2350 3086 γράμμασιν
2385 3033 2400 3049 ο
2432 3018 2539 3070 66s
2571 3017 2760 3082 λοιπὸς
2793 3018 2951 3082 ὁλκὸς
2981 3020 3010 3071 ό
3077 3019 3220 3072 κατά
3267 3019 3329 3070 τὸ
3397 3011 3654 3086 ἐμϐαδονο

415 3107 663 3176 συνήθως
690 3105 802 3178 εἶχε
830 3109 926 3178 τῆς
958 3109 1177 3179 γραφῆς
1201 3126 1216 3142 ο
1253 3111 1346 3161 καὶ
1371 3105 1439 3179 ἦν
1468 3110 1600 3161 αὐτὸ
1659 3109 1976 3178 πανήγυρις
2015 3124 2074 3160 τε
2108 3110 2288 3179 ὕψεως
2319 3113 2412 3164 καὶ
2447 3111 2662 3182 σῶφρον
2691 3112 2914 3181 ἄγαλμα
2941 3112 3142 3182 ψυχῆς.

489 3201 556 3254 Et
621 3201 793 3256 solers
812 3204 972 3258 nobis
995 3205 1147 3258 visus
1177 3213 1260 3258 est
1282 3205 1366 3259 vir
1397 3205 1522 3270 ille;
1582 3218 1681 3259 nec
1707 3205 1982 3259 solertiam

2165 3196 2272 3260 και
2301 3208 2470 3278 ὲτράνη
2495 3209 2524 3259 ό
2565 3207 2854 3276 ἄνθρωπος
2892 3208 3104 3270 ἐκεῖνος
3140 3207 3278 3277 ἡμῖν
3314 3206 3487 3273 δεξιός
3511 3224 3526 3238 ·
3566 3209 3652 3260 ναὶ

413 3291 681 3346 mentitus
722 3301 865 3357 erat,
896 3293 952 3348 in
986 3296 1216 3349 veritate
1236 3295 1360 3349 dico
1397 3312 1412 3361 ;
1443 3296 1593 3350 visus
1645 3302 1740 3349 est
1803 3304 1983 3348 autem

413 3400 524 3438 non
551 3399 618 3439 ex
651 3385 832 3452 seipso
863 3393 974 3440 tam
1003 3386 1292 3455 pulchrum
1322 3387 1612 3441 inchoasse
1649 3402 1812 3456 Opus,
1888 3373 1984 3441 sed

414 3475 691 3544 accepisse
717 3475 849 3529 illud
883 3491 948 3531 ex
987 3478 1207 3546 antiqua
1237 3478 1567 3533 inventione.
1595 3484 1765 3532 Antea
1833 3479 1984 3532 enim

413 3565 848 3620 eastabatsimile
869 3566 1118 3621 Graecum
1136 3582 1346 3636 poema,
1363 3568 1538 3635 quoad
1560 3569 1854 3623 sententias
1869 3569 1988 3636 quis

413 3657 537 3711 dent
579 3658 804 3711 omnino
829 3657 1150 3726 diversum;
1201 3661 1502 3715 secundum
1556 3659 1701 3714 enim
1747 3662 1813 3715 ad
1865 3661 1989 3714 imi-

416 3747 702 3815 tationem,
724 3750 903 3820 regias
934 3750 1120 3806 laudes
1151 3751 1379 3806 habebat
1406 3753 1788 3824 ;archetypum
1807 3763 1986 3807 autem

417 3841 722 3913 peregrinis
768 3844 1051 3898 constabat
1083 3845 1456 3912 substantiis;
1495 3847 1744 3916 quaedam
1802 3854 1985 3900 autem

419 3934 674 4002 fugerunt
705 3949 829 4001 me;
861 3934 992 3990 abiit
1024 3937 1168 3990 enim
1199 3937 1455 3992 volumen
1511 3938 1694 4005 aliquo
1719 3940 1859 3992 inter
1884 3938 1988 3992 La-

417 4026 599 4092 tinos;
635 4027 739 4081 heu
771 4029 905 4081 mihi
933 4029 1075 4098 quod
1100 4029 1445 4084 meminerim
1507 4041 1716 4101 quanta
1767 4046 1987 4100 perpes-

414 4130 512 4171 sus
545 4116 740 4170 luerim
768 4128 961 4187 captus
979 4125 1035 4172 et
1069 4118 1121 4170 in
1163 4119 1478 4172 servitutem
1523 4121 1812 4175 redactust
1849 4120 1990 4176 Feli-

414 4221 533 4259 crm
563 4215 742 4261 autem
773 4222 858 4262 me
882 4209 1026 4277 quod
1063 4222 1091 4260 a
1125 4207 1230 4263 Deo
1257 4222 1386 4263 vere
1426 4208 1706 4265 Salvatore
1732 4211 1988 4268 liberatus

417 4294 658 4348 fuerim!
698 4294 972 4350 Modicum
1006 4303 1186 4352 autem
1227 4299 1568 4363 recordatus,
1623 4300 1829 4356 referre
1858 4318 1985 4372 pos-

418 4400 540 4440 sum
581 4386 854 4455 quomodo
919 4387 1204 4442 exordium
1271 4403 1442 4443 unum
1493 4391 1635 4446 male
1687 4391 1988 4450 deducebat

2087 3300 2165 3363 δὲ,
2208 3300 2328 3352 οὐδὲ
2365 3300 2620 3368 ἐψεύδετο
2677 3300 2776 3368 τὴν
2836 3299 3121 3370 δεξιότητα
3155 3301 3295 3370 πρὸς
3357 3299 3648 3368 ἀλήθειαν·

2088 3392 2346 3462 ἐφωράθη
2395 3391 2450 3443 δὲ
2494 3393 2554 3444 οὐ
2624 3391 2902 3461 κατάρξας
2960 3391 3123 3454 αὐτός
3179 3391 3274 3444 τοῦ
3309 3391 3475 3445 καλοῦ
3505 3390 3652 3444 τοῦδε

2090 3488 2421 3554 πονήματος,
2455 3482 2594 3536 ἀλλὰ
2617 3481 2954 3550 παραλαϐὼν
2990 3482 3120 3535 αὐτὸ
3151 3481 3208 3548 ἐξ
3240 3481 3513 3550 εὑρέσεως
3547 3499 3652 3533 πα-

2087 3576 2244 3638 λαιᾶς
2281 3592 2295 3608 ο
2353 3577 2641 3645 προέκειτο
2689 3576 2797 3644 γὰρ
2858 3575 3068 3628 ἐκείνου
3133 3573 3416 3644 ἑλληνικδν
3445 3573 3654 3626 τοιοῦτο

2088 3667 2320 3736 ποίημα,
2359 3668 2416 3728 ἐς
2445 3665 2505 3718 τὸ
2531 3667 2643 3718 πᾶν
2662 3663 3089 3735 ἀπαράλλακτον
3141 3663 3264 3731 δίχα
3323 3679 3386 3730 γε
3407 3663 3521 3715 τῶν
3572 3663 3656 3714 ὲν-

2087 3757 2247 3809 νοιῶν
2276 3773 2295 3790 ο
2326 3756 2386 3809 τὸ
2417 3755 2515 3824 μὲν
2547 3757 2655 3824 γάρ
2682 3756 2826 3827 ’πρὸς
2869 3754 3102 3824 μίμησιν
3139 3752 3504 3822 δευτερεῦσαν
3557 3753 3654 3823 βα-

2090 3847 2282 3909 σιλέως
2307 3845 2563 3909 εὐσεϐοῦς
2598 3846 2775 3917 εἴχετο
2809 3861 2823 3876 ·
2853 3845 2914 3898 τὸ
2957 3845 3014 3898 δὲ
3048 3845 3357 3914 ἀρχέτυπον
3397 3844 3655 3911 ἐξωτερι-

2087 3939 2202 3992 κῶν
2230 3937 2453 3990 ἐννοιῶν
2475 3936 2672 4007 ἧρτετο
2699 3953 2715 3971 ο
2755 3937 2846 3989 καὶ
2868 3937 2936 3988 τά
2968 3935 3069 4004 μὲν
3100 3935 3235 3988 ἀλλα
3274 3937 3486 3988 ικεινου
3515 3949 3654 4003 παρ-

2087 4031 2222 4100 ῆλθέ
2252 4049 2320 4102 με
2356 4049 2372 4064 ο
2420 4030 2594 4102 ᾤχετο
2623 4031 2729 4100 γάρ
2763 4045 2854 4098 μοι
2882 4028 2945 4082 τδ
2975 4027 3178 4097 βιϐλίον
3205 4027 3262 4090 ες
3295 4043 3398 4079 που
3415 4027 3516 4095 τὴν
3539 4025 3651 4078 Δα-

2089 4125 2267 4194 τίνην.
2299 4121 2460 4192 Οίμοι
2496 4122 2553 4175 δὲ
2581 4122 2664 4175 ὅτι
2690 4120 3040 4190 ἀνεμνήσθην
3087 4112 3176 4172 οἷα
3209 4118 3412 4171 ἔπαθον
3445 4119 3651 4186 αἰχμα-

2090 4214 2393 4278 λωτισθεὶς,
2427 4215 2524 4267 καὶ
2553 4211 2693 4266 οὕτω
2723 4211 3008 4274 δουλωθείς
3039 4227 3054 4243 ·
3085 4209 3143 4262 εὖ
3178 4225 3268 4278 μοι
3293 4208 3371 4269 δὲ,
3403 4209 3486 4259 ὅτι
3514 4205 3650 4274 πρὸς

2093 4307 2188 4361 τοῦ
2222 4305 2590 4374 ἐλευθερωτυῦ
2635 4305 2713 4373 τῷ
2732 4305 2846 4357 ὄντι
2867 4303 3000 4357 Θεοῦ
3028 4303 3280 4371 λέλυμαι.
3310 4301 3494 4369 Βραχὺ
3517 4300 3573 4352 δέ
3599 4313 3650 4350 τι

2096 4399 2446 4470 μεμνημένος
2474 4398 2584 4467 ἔχω
2611 4399 2905 4468 ἀναφέρειν
2928 4395 3004 4459 ὡς
3049 4397 3177 4463 μίαν
3211 4395 3308 4461 μὲν
3333 4394 3512 4464 ἀρχὴν
3540 4392 3652 4444 δια-

419 4478 648 4547 Sarapis
672 4519 688 4544 ,
715 4479 978 4534 daemonis
1004 4480 1106 4534 hoc
1141 4493 1378 4548 nomen;
1417 4480 1631 4550 reliqua
1666 4492 1846 4538 autem
1879 4487 1982 4540 tria

2096 4491 2296 4558 μέτρου
2329 4488 2651 4558 παρέσυρεν
2677 4488 2706 4539 ὁ
2747 4487 3022 4556 Σάραπιςο
3051 4485 3332 4553 δαιμόνιον
3384 4484 3516 4537 αὐτὸ
3538 4483 3653 4535 δνο-

420 4570 720 4635 sitnilia,et
750 4571 867 4641 ipsa
902 4571 1097 4627 litteris
1129 4574 1317 4641 paria;
1355 4575 1644 4628 rhombum
1677 4575 1727 4628 in
1753 4579 1982 4647 quadra-

2096 4555 2322 4652 μα.Τάς
2346 4580 2405 4631 δὲ
2429 4555 2626 4641 λοιπάς
2653 4580 2797 4648 τρεῖς
2830 4555 2997 4647 ἕτερα
3046 4577 3210 4643 ὃμοια
3268 4575 3655 4644 ἰσογράμματα

421 4673 536 4717 tum
573 4664 852 4733 redigebat
873 4662 1008 4726 Ζεὺς
1041 4665 1094 4717 in
1119 4665 1211 4718 tali
1232 4667 1398 4736 ﬁgura
1428 4683 1444 4720 :
1477 4665 1514 4719 Ζ
1536 4667 1754 4737 quidem
1811 4679 1990 4724 stante

420 4756 476 4808 in
507 4754 687 4808 medio
721 4769 912 4808 versus
941 4757 1192 4819 seorsim,
1225 4773 1258 4808 σ
1306 4769 1492 4815 autem
1529 4759 1836 4830 subjectum
1866 4773 1991 4831 pou

419 4860 643 4902 versum
669 4862 857 4912 unum,
881 4848 1036 4916 quasi
1066 4848 1169 4902 sub
1195 4850 1397 4905 vertice
1427 4851 1662 4920 positum
1685 4867 1700 4918 ;
1731 4853 1785 4906 in
1808 4855 1989 4908 medio

418 4946 603 4993 autem
634 4938 913 4992 ambarum
947 4938 1253 4994 litterarum
1305 4943 1531 4997 istarum
1596 4953 1756 4998 erant
1784 4962 1809 4997 ε
1839 4954 1892 5001 et
1927 4963 1982 5010 υ,

418 5030 474 5084 in
499 5031 680 5085 medio
705 5039 830 5100 apte
857 5045 939 5084 vet
955 5031 1007 5083 bi
1062 5033 1145 5086 vel
1182 5033 1507 5100 litterarum,
1555 5035 1627 5089 ita
1684 5044 1740 5090 ut
1799 5035 1989 5091 tierent

419 5121 664 5190 subjecta
692 5124 1008 5190 coniunctio
1037 5122 1272 5178 duorum
1330 5127 1722 5197 triangulorum
1769 5128 1986 5184 rhombi

419 5230 658 5283 congrue
684 5216 944 5286 descripti
968 5232 985 5282 ;
1027 5219 1283 5287 quoniam
1312 5233 1507 5274 versus
1530 5220 1604 5273 illi
1639 5235 1748 5275 non
1770 5220 1840 5275 ad
1859 5221 1989 5275 den-

415 5306 630 5360 sitatem
663 5322 757 5375 per
793 5309 1000 5363 litteras
1045 5311 1528 5375 coaeervabantur,
1559 5313 1677 5366 sed
1723 5311 1990 5368 concinne

416 5397 483 5450 ad
537 5397 977 5465 perspicuitatem
1029 5399 1465 5453 resolvebantur.
1505 5397 1572 5453 Et
1627 5400 1984 5469 haec‘quid‘em

414 5490 526 5545 duo
557 5490 610 5543 in
640 5476 847 5559 poesim
877 5505 1032 5546 versa
1070 5506 1100 5545 a
1131 5493 1261 5547 viris
1288 5494 1488 5562 quibus
1521 5494 1690 5548 otium
1739 5496 1984 5553 studium

413 5597 502 5638 era
511 5596 548 5639 ι.

2092 4679 2186 4728 καὶ
2213 4674 2354 4728 αὑτά
2387 4691 2402 4706 ·
2433 4674 2526 4726 τὸν
2555 4672 2611 4725 δὲ
2651 4671 2852 4742 ῥόμϐον
2898 4668 3322 4739 ἔτετραγώνιςεν
3355 4668 3385 4718 ό
3435 4668 3572 4727 Ζεὺς
3600 4667 3656 4718 ὲν

2093 4768 2275 4836 τοιᾷδε
2319 4766 2642 4838 καταγραφῇ
2787 4763 2819 4827 ζ
2959 4758 3042 4815 οἵα
3061 4759 3154 4813 τοῦ
3205 4761 3304 4830 μὲν
3346 4759 3378 4823 ζ
3405 4759 3655 4828 κειμένου

2095 4864 2256 4931 μέσον
2303 4860 2486 4928 στίχου
2534 4858 2638 4928 ἰδίᾳ
2675 4919 2700 4948 ε
2775 4887 2821 4948 Α
2895 4914 2923 4948 υ
2963 4850 3086 4905 καθ’
3106 4849 3392 4948 έαυτόοτρῡ
3409 4849 3659 4948 ﬁscum-

2092 4919 2426 5021 ϐεϐλημένου
2503 4919 2639 5018 μετά
2675 4919 2700 4954 ε
2895 4919 2923 4948 υ
2966 4945 3089 5006 ἔπος
3105 4942 3182 5007 ἓν,
3205 4941 3280 5006 ὡς
3295 4935 3408 4994 οἷον
3425 4941 3564 4994 κατά
3583 4957 3662 4992 τι-

2099 5063 2163 5096 να
2192 5045 2418 5097 κάθετον
2437 5058 2450 5073 ⁶
2494 5045 2553 5093 ὲν
2587 5040 2644 5092 δὲ
2788 5052 2820 5088 σ
2959 5028 3036 5100 τῷ
3059 5033 3210 5103 μέσῳ
3233 5031 3435 5084 τούτων
3457 5033 3662 5101 ἀμφοῖν

2099 5136 2294 5200 στίχων
2331 5129 2751 5202 παρακειμένων
2772 5125 2866 5180 τοῦ
2905 5120 2931 5178 ἐ
2959 5125 3052 5179 καὶ
3083 5141 3134 5190 υ,
3161 5121 3459 5190 συμμέτρῳ
3498 5137 3662 5188 μεσο-

2090 5225 2317 5295 λαϐήσει
2350 5223 2676 5293 στοιχείουῆ
2704 5220 3003 5289 στοιχείων,
3037 5216 3112 5278 ὡς
3145 5215 3211 5268 ἂν
3235 5215 3492 5281 γίνωνται
3523 5213 3664 5266 αὐτὰ

2092 5318 2455 5372 ὑποτείνουσα
2496 5317 2650 5384 κοινὴ
2679 5317 2792 5377 τοῖς
2814 5311 2935 5364 δυσὶ
2965 5308 3249 5383 τριγώνοις
3303 5306 3396 5359 τοῦ
3455 5305 3661 5374 ῥόμϐου

2089 5411 2479 5479 διαγραφέντος
2515 5409 2658 5480 μάλα
2691 5406 2958 5476 εὑκρινῶς
2993 5417 3008 5434 ·
3037 5401 3225 5469 ἐπειδὴ
3273 5401 3341 5452 τὰ
3386 5399 3493 5467 ἔπη
3522 5400 3661 5450 έκεῖ-

2091 5519 2156 5559 να
2194 5504 2254 5556 οὐ
2281 5503 2416 5572 πρλλς
2449 5503 2728 5555 πύκνωσιν
2777 5501 2889 5559 τοῖς
2939 5495 3263 5565 γράμμασιν
3309 5491 3656 5554 moveam.

2091 5608 2172 5658 το,
2213 5592 2346 5644 ἀλλὰ
2387 5591 2678 5664 εὐρύθμως
2729 5587 3028 5659 ὴραιοῦντο
3060 5584 3192 5652 πρὸς
3216 5581 3615 5654 εὑδιάρθρωτον
3637 5593 3651 5609 ⁶

414 5681 507 5735 καὶ
539 5683 763 5736 τοιαῦτα
795 5684 894 5750 μὲν
921 5683 1104 5735 ἐκεῖνα
1135 5680 1203 5733 τὰ
1234 5679 1326 5757 δύο
1358 5681 1499 5733 κατὰ
1531 5681 1818 5736 ἐποποιῖαν
1846 5683 2050 5741 πλατέα
2102 5687 2478 5760 ’τετραμμένα
2541 5688 2692 5759 παρά
2728 5683 2987 5755 ἀνδράσιν
3013 5673 3094 5744 οἷς
3120 5673 3189 5750 ἦν
3235 5677 3328 5735 καὶ
3401 5680 3432 5751 ἦ
3497 5673 3660 5750 σχολὴ

419 5773 641 5842 σπουδή.
