3968 6244
292 317 398 386 5ιέ

1095 326 1194 410 lN.
1217 329 1558 396 nmmum
1616 335 2266 424 PENTECOSTALEM
2286 301 2755 422 Damascum.
2797 373 2804 420 :

3429 368 3532 431 5M

370 440 519 546 :06}
576 444 1054 546 pstpﬁqaf‘ﬁudg
1109 450 1322 546 χρόνος,
1351 453 1521 526 ἔφηνε
1573 461 1668 514 καὶ
1697 461 1859 527 αὐτὸς

2038 463 2145 522 Sed
2167 469 2312 536 quod
2341 484 2624 528 mensurat
2672 492 2774 532 nos
2795 487 3033 546 tempus,
3059 479 3430 536 manifestavit
3487 495 3546 542 et

289 529 458 625 ἄνδρα
481 531 707 604 λευΐτην
758 535 929 601 δεξιὸν
964 537 1213 600 ἐξανύειν
1247 542 1470 613 λογικὰς
1491 551 1862 625 ἐγχειρήσεις,

291 617 378 689 αἷς
404 623 473 678 ἃν
500 627 749 682 ἐπιϐάλοι
775 672 790 694 ,
839 630 1164 702 Ὀλυντηνδν
1189 633 1261 702 τις
1279 638 1510 712 ἐπίκλην
1534 617 1588 672 tot?
1610 617 1714 697 κᾷνί
1735 617 1872 700 εεδδξ

293 733 394 785 μεν
443 717 593 773 ἱστὸν
632 719 692 774 ὃν
718 722 924 790 ἐκεῖνος
961 725 1214 796 έξύφανε
1261 733 1557 800 μετρικῶς,
1588 736 1680 788 καὶ
1709 737 1872 792 ἐθαυ-

295 806 550 876 μάσαμεν
570 811 859 878 ἀκούοντες
883 814 984 896 μὲν
1007 817 1066 870 τδ
1096 820 1347 891 τέχνημα
1382 825 1478 878 καὶ
1515 825 1579 878 ἐκ
1609 825 1868 895 παλαιοῦ,

293 899 442 954 οὔπω
483 901 542 954 δὲ
598 910 1100 978 περιτετυχηκότες,
1149 914 1378 986 τοιούτῳ
1437 917 1598 987 μέχρι
1661 918 1756 974 καὶ
1813 924 1869 985 ές

294 989 453 1045 αὐτόν
479 1008 496 1026 ο
523 989 593 1062 ἧν
632 994 688 1048 δὲ
723 996 783 1049 τὸ
821 998 1168 1073 ἱστούργημα
1204 1004 1380 1060 ἐκεῖνο
1427 1009 1672 1062 τοιοῦτον
1699 1024 1726 1082 ,ο
1757 1027 1872 1064 στι-

293 1085 447 1156 χιδίῳ
474 1087 678 1158 πρώτῳ
697 1090 953 1149 ὑπέκειτο
973 1095 1161 1166 ἕτερον
1184 1099 1390 1167 ὅμοιον,
1415 1104 1702 1173 στοιχείοις
1734 1123 1874 1174 γρα-

296 1183 473 1247 φικοῖς
501 1184 558 1243 ἐς
586 1185 998 1256 ἀπαράλειπτον
1027 1193 1146 1248 κατ’
1173 1196 1349 1250 ἐκεῖνο
1370 1198 1706 1268 ποσούμενον
1733 1215 1748 1231 ⁸
1775 1201 1872 1256 καὶ

294 1270 369 1340 τῷ
419 1273 664 1346 δευτέρῳ
712 1278 893 1345 τρίτον
925 1281 1241 1352 ὑπέστρωτο
1275 1287 1510 1356 ἐμφερὲς
1564 1291 1630 1344 τά
1681 1307 1746 1358 γε
1792 1295 1871 1356 εἰς

296 1364 530 1434 ἀριθμὺν
597 1369 944 1438 γραμμάτιον
970 1389 984 1403 ο
1014 1375 1108 1426 καὶ
1141 1373 1218 1444 τῷ
1246 1378 1418 1446 τρίτῳ
1455 1380 1736 1450 τέταρτον,
1774 1382 1869 1435 καὶ

294 1455 450 1510 τοῦτο
481 1459 778 1529 ἐχομένως,
813 1462 918 1524 ἓως
957 1458 1018 1516 οὗ
1070 1467 1279 1531 ἐκεῖνος
1330 1471 1441 1523 εἴτε
1510 1471 1704 1540 ἢθελεν
1761 1475 1872 1529 εἴτε

295 1548 527 1618 ἠδύνατο
554 1567 568 1582 ·
606 1553 704 1606 καὶ
737 1555 806 1609 τὰ
830 1557 1135 1627 γράμματα
1181 1562 1426 1630 κιονηδον
1453 1559 1566 1618 οἷον
1590 1566 1875 1634 διατεταγ-

300 1642 436 1706 μένα
466 1643 593 1695 κατ’
617 1645 930 1716 εὖκρίνειαν
968 1651 1025 1703 ὲν
1047 1651 1122 1715 τῷ
1152 1650 1384 1706 ἕκαστον
1432 1655 1616 1726 στίχον
1655 1657 1873 1726 ἑκάστῳ

298 1732 612 1788 ἐπικεῖσθαι
633 1738 1014 1808 ἀνακείμενον,
1043 1741 1117 1804 ὡς
1141 1743 1190 1795 εἰ
1223 1744 1318 1798 καὶ
1339 1747 1586 1817 ἀλλήλων
1619 1752 1687 1801 τὰ
1729 1767 1874 1806 στοι-

297 1826 418 1894 χεῖα
444 1825 748 1896 ἐξήρτηντο
774 1845 787 1860 ·
820 1831 1119 1900 ὲφάνταζον
1143 1834 1461 1900 στυλίσκους
1489 1839 1613 1902 τοὺς
1640 1839 1742 1908 μὲν
1771 1860 1872 1898 κα-

298 1912 368 1967 τὰ
391 1914 615 1983 πλάτος,
645 1919 772 1982 τοὺς
797 1919 854 1973 δὲ
885 1926 1028 1977 κατὰ
1051 1922 1214 1993 βάθος
1240 1926 1435 1995 ὀρθοὺς
1457 1929 1726 1999 ἅπαντας,
1777 1935 1873 1989 καὶ

301 2007 798 2080 συμϐιϐαζομένων
832 2013 942 2068 τῶν
968 2016 1027 2068 έν
1057 2017 1342 2088 ἑκατέροις
1381 2022 1604 2076 ἐννοιῶν
1628 2025 1874 2094 ἀναγνω-

302 2103 502 2166 στικῶς
537 2103 931 2182 ἀκροστιχίδων
977 2109 1132 2180 δίκην
1161 2130 1176 2145 ο
1233 2114 1564 2184 ἐκληροῦντο
1603 2119 1740 2181 ίδίας
1773 2121 1875 2189 μὲν

300 2192 512 2257 ἐννοίας
543 2195 758 2251 οἱκατὰ
785 2199 985 2264 πλάτος
1013 2201 1214 2271 όρδινοι
1247 2207 1323 2276 (Ι)
1355 2207 1450 2260 ἀπ’
1499 2212 1675 2280 ἀρχῆς
1711 2213 1874 2280 μέχρι

301 2283 394 2337 τοῦ
429 2284 744 2342 τελευταίου
778 2306 792 2320 ο
822 2291 956 2354 ἰδίας
995 2293 1053 2348 δὲ
1079 2296 1339 2362 ὡσαύτως
1375 2301 1425 2353 οί
1462 2305 1605 2354 κατὰ
1663 2303 1825 2373 βάθος
1856 2323 1872 2341 ο

302 2377 397 2430 ml.
427 2375 492 2448 ἦν
516 2379 577 2431 οὑ
609 2381 927 2456 Πηνελόπης
958 2387 1102 2443 ἱστὸς
1126 2389 1335 2454 ἐκεῖνος
1391 2395 1484 2446 καὶ
1523 2398 1872 2467 ,ἱστορούμε-

302 2488 391 2534 νος
420 2474 517 2526 καὶ
546 2474 906 2543 ἀναγόμενος,
941 2480 973 2550 ἢ
1014 2482 1231 2548 Ἑλένης
1264 2487 1470 2550 πέπλος
1546 2489 1874 2560 Ἑλληνικοῖς

302 2561 634 2652 αεθλεὺμασι
693 2569 1080 2639 κατάπαστος,
1143 2577 1279 2630 ἀλλὰ
1343 2580 1587 2649 ὲμπλοκὴ
1643 2585 1871 2652 σοφίας,

302 2649 371 2719 ἧς
409 2656 571 2727 ἔργον
626 2660 792 2714 καλὸν
841 2664 940 2718 καὶ
973 2665 1034 2719 τὸ
1086 2668 1364 2739 πάρεργον
1392 2687 1407 2703 ·
1449 2673 1598 2726 ἱστοῦ
1651 2649 1875 2729 δὲ’τού-

303 2767 397 2805 του
447 2753 715 2821 στήμονες
755 2757 876 2824 μὲν,
906 2752 1019 2814 οἷον
1043 2761 1111 2815 τὰ
1145 2763 1285 2816 κατὰ
1320 2763 1485 2833 βάθος
1537 2768 1646 2836 επη
1676 2783 1691 2798 ·
1743 2771 1876 2838 κρό-

304 2860 374 2912 κη
423 2845 503 2908 δὲ,
533 2847 602 2901 τὰ
636 2849 730 2902 τοῦ
747 2851 981 2916 πλάτους
1007 2869 1021 2883 ·
1073 2857 1166 2916 καὶ
1198 2856 1471 2924 λογίζεται
1504 2860 1536 2930 ἡ
1597 2861 1694 2931 μὲν
1751 2864 1874 2916 τού-

305 2954 398 2992 του
427 2941 647 3010 ποίησις
683 2942 934 3013 ὕφανσις,
963 2946 1038 3010 ὡς
1061 2943 1173 3002 οἷον
1199 2950 1256 3002 δὲ
1294 2952 1573 3018 ἀνάλυσις,
1621 2958 1654 3024 ἡ
1709 2959 1881 3026 ἀνάγ-

305 3049 488 3099 νωσις,
543 3035 638 3089 καὶ
684 3039 713 3091 ό
759 3039 963 3108 στήσας
1015 3045 1223 3096 ἐκεῖνον
1255 3047 1553 3113 προσφυῶς
1585 3049 1652 3102 ἂν
1684 3049 1874 3120 ῥηθείη

1975 556 2151 626 ipsum
2196 559 2415 618 levitam
2446 564 2720 621 hominem
2750 568 2986 635 peritum
3037 571 3354 639 perﬁciendi
3379 575 3551 630 ratio-

1973 649 2114 714 ualia
2137 650 2352 720 incepta
2380 655 2578 718 quibus
2628 659 2873 720 animum
2911 661 3246 728 intendebat,
3298 663 3550 733 Olynttc-

1973 754 2099 792 num
2131 741 2350 810 nomine
2383 757 2398 796 :
2435 754 2490 798 et
2520 745 2753 802 vidimus
2776 749 2936 803 telam
2997 765 3160 818 quam
3219 756 3445 809 tnetrice
3467 767 3548 810 te-

1972 831 2110 896 xuit,
2143 841 2198 885 et
2226 834 2407 889 mirati
2430 850 2622 893 sumus
2654 839 2944 895 audientes
2993 852 3168 897 artem
3225 845 3367 899 hanc
3408 848 3552 900 anti-

1972 938 2136 992 quam
2167 939 2316 991 esse,
2354 934 2410 980 et
2435 928 2677 983 nondum
2719 931 2999 1001 hucusque
3039 935 3147 991 tale
3187 937 3314 1005 quid
3343 939 3570 993 videra-'

1971 1029 2113 1069 mus.
2152 1016 2279 1070 Erat
2301 1027 2484 1073 autem
2506 1027 2718 1074 textura
2747 1021 2908 1076 talis:
2936 1023 3125 1080 Versui
3147 1027 3328 1094 primo
3360 1028 3553 1096 subia-

1972 1108 2133 1163 cebat
2160 1111 2301 1164 alter
2321 1111 2539 1178 similis,
2600 1113 2887 1169 elementis
2917 1117 3192 1185 graphicis
3217 1118 3336 1174 sine
3384 1121 3556 1175 inter-

1976 1201 2242 1256 missione
2281 1203 2582 1258 secundum
2609 1204 2762 1260 illum
2789 1207 3218 1264 conformatus:
3260 1222 3315 1266 et
3356 1227 3553 1267 secun-

1971 1289 2043 1344 do
2073 1292 2274 1346 tertius
2305 1292 2624 1351 substratus
2657 1307 2777 1352 erat
2799 1299 2943 1365 quod
2987 1299 3294 1353 litterarum
3365 1317 3557 1355 nume-

1974 1397 2091 1435 rum
2119 1398 2342 1452 compar
2390 1392 2446 1437 et
2507 1388 2666 1440 tertio
2724 1397 2974 1456 quartus,
3044 1397 3101 1441 ct
3163 1388 3242 1443 sic
3301 1389 3558 1456 deinceps

1978 1474 2339 1544 quoadusque
2377 1483 2565 1532 textus
2587 1479 2762 1532 voluit
2790 1489 2884 1533 aut
2911 1480 3089 1548 potuit
3117 1496 3132 1534 :
3162 1490 3216 1533 et
3241 1480 3436 1533 litterae
3463 1494 3557 1533 co-

1974 1564 2174 1620 lumna:
2238 1568 2408 1622 instar
2490 1569 2756 1624 ordinata:
2811 1571 2878 1625 ad
2966 1571 3308 1640 perspicuam
3364 1571 3562 1626 distin-

1975 1651 2238 1715 ctionem,
2266 1651 2397 1708 dum
2428 1655 2659 1722 singulis
2685 1657 2927 1714 versibus
2970 1660 3171 1728 singuli
3205 1659 3559 1728 subiacentes

1978 1753 2350 1806 versarentur,
2389 1746 2458 1800 ita
2501 1758 2560 1801 ut
2590 1746 2822 1802 invicem
2850 1750 3196 1804 cohaererent
3237 1751 3510 1804 elementa
3541 1765 3560 1818 ;-

1977 1833 2338 1890 ostendebant
2368 1838 2659 1894 columnas
2685 1847 2740 1892 et
2765 1840 2817 1894 in
2843 1840 3134 1895 latitudine
3166 1851 3222 1896 et
3253 1843 3305 1895 in
3335 1844 3562 1911 profun-

1971 1923 2159 1991 ditate,
2190 1937 2368 1983 rectas
2410 1943 2623 1993 onmes,
2651 1947 2773 1986 cum
2809 1942 3319 2002 coagmentarentur
3359 1934 3414 1987 in
3441 1934 3560 1988 siu-

1971 2015 2111 2086 gulis
2125 2020 2409 2076 sententiaa
2440 2035 2683 2092 congrue
2704 2026 2768 2078 ad
2800 2025 3108 2094 legendum,
3131 2025 3558 2081 acrosticbidum

1972 2105 2181 2172 instar;
2216 2110 2466 2178 proprias
2495 2113 2868 2170 sortiebantur
2910 2117 3212 2170 sententias
3259 2131 3454 2172 versus
3497 2118 3558 2170 in

1975 2197 2258 2256 latitudine
2292 2203 2555 2268 ordinati,
2583 2205 2652 2260 ab
2673 2207 2847 2269 initio
2884 2222 3066 2277 usque
3087 2208 3156 2262 ad
3191 2208 3357 2262 tinent
3387 2225 3401 2274 ;
3437 2223 3562 2275 pro-

1973 2291 2123 2360 prias
2151 2292 2410 2348 similiter
2434 2297 2534 2364 qui
2564 2296 2617 2349 in
2648 2297 2942 2352 altitudine
2964 2306 3020 2354 et
3039 2311 3162 2354 erat
3229 2313 3337 2353 non
3385 2300 3562 2354 Pene—

1975 2381 2115 2451 lopis
2145 2383 2250 2438 tela
2277 2385 2414 2450 hanc,
2445 2387 2515 2440 ab
2539 2386 2788 2442 historiis
2811 2392 3030 2461 cognita
3050 2401 3105 2446 et
3123 2391 3397 2446 celebrata
3425 2406 3441 2454 ;
3465 2405 3565 2445 nec

1977 2471 2192 2530 Helena:
2230 2477 2404 2532 velum
2433 2479 2757 2549 Argivorum
2798 2497 3114 2552 camporum
3145 2481 3563 2548 certaminibus,

1976 2567 2069 2620 sed
2092 2569 2376 2636 sapientiae
2402 2574 2742 2640 complexus,
2775 2574 2935 2642 cujus
2978 2574 3266 2642 pulchrum
3289 2589 3428 2644 opus
3448 2573 3564 2642 pri-

1978 2661 2212 2714 marium
2240 2672 2293 2716 et
2321 2663 2734 2726 secundarium,
2755 2666 2877 2719 telae
2910 2676 3090 2720 autem
3115 2665 3276 2733 huius
3328 2667 3564 2722 stamina

1977 2753 2118 2808 sicut
2143 2765 2198 2809 et
2235 2769 2444 2821 versus,
2496 2755 2550 2808 in
2620 2754 2890 2824 profundo
2911 2757 3324 2823 posita;trama
3377 2764 3562 2810 autem

1979 2844 2034 2908 in
2068 2845 2377 2908 latitudine,
2407 2855 2459 2900 et
2481 2849 2784 2901 aestimatur
2820 2856 3034 2901 textura
3066 2847 3249 2914 poesis
3294 2847 3403 2913 illa,
3441 2847 3563 2914 sed,

1977 2947 2037 2992 ut
2059 2954 2274 3008 aequum
2317 2949 2418 3004 est,
2455 2940 2754 3009 explicatio
2785 2941 2865 2994 vel
2881 2941 3187 3008 expositio;
3221 2950 3275 2994 et
3302 2943 3393 3010 qui
3414 2955 3565 2994 con-

1979 3031 2157 3084 stituit
2187 3046 2334 3095 eam,
2367 3045 2732 3102 congruenter
2753 3031 3036 3086 diceretur
3069 3033 3232 3086 docta
3286 3033 3558 3087 tenuisse

305 3124 460 3194 λόγον
485 3126 746 3198 ἐξυφάναι
779 3133 946 3200 σοφόν
976 3150 990 3165 ·
1025 3134 1101 3197 ὡς
1129 3137 1189 3189 δὲ
1223 3137 1492 3206 δύσεργον
1525 3140 1588 3191 τὸ
1633 3142 1878 3194 τοιοῦτον

1986 3122 2147 3177 verba
2181 3137 2342 3191 quam
2369 3122 2605 3178 dillicilis
2628 3123 2701 3177 sit
2780 3124 2908 3177 talis
2969 3133 3208 3187 textura,
3272 3124 3414 3178 sciet
3467 3125 3561 3191 qui

305 3219 630 3292 ἐξύφασμα.-
653 3221 927 3288 γνώσεται
960 3229 988 3280 ό
1016 3231 1411 3297 πειρασόμενος
1452 3233 1584 3284 αὐτὸ
1617 3233 1880 3303 διαχειρί-

309 3310 500 3368 σασθαι
532 3328 550 3345 ⁶
597 3313 763 3383 σοφὸς
795 3316 894 3384 μὲν
923 3319 1184 3387 ἐσόμενος
1216 3320 1377 3390 εἴπερ
1399 3322 1532 3374 αὐτὸ
1575 3324 1882 3391 ἀκρισώσε-

307 3423 396 3458 ται
432 3419 450 3435 ⁶
503 3407 569 3459 οὐ
593 3451 596 3453 .
621 3407 982 3478 δυνησόμενος
1043 3410 1100 3462 δὲ
1146 3411 1236 3465 διὰ
1278 3413 1464 3476 τέλους
1497 3415 1609 3468 οὐδ’
1633 3418 1798 3480 αὐτὸς
1825 3421 1884 3470 ἐν

309 3498 523 3560 πολλοῖς
547 3495 687 3551 εἶναι
719 3499 866 3554 κατὰ
896 3501 1198 3566 τὸνέοῦτως
1227 3507 1453 3559 εἰπόντα
1506 3508 1691 3575 σοφόν.
1743 3513 1882 3564 Πτέ-

311 3611 483 3662 ρυγας
509 3594 566 3649 δέ
585 3611 648 3660 γε
681 3596 774 3648 καὶ
795 3595 984 3660 ἀξίνας
1010 3597 1108 3650 καὶ
1129 3599 1214 3652 ὼά
1263 3601 1355 3654 καὶ
1419 3601 1659 3672 βωμοὺς,
1716 3606 1886 3673 ἀθύρ-

313 3702 459 3753 ματα
485 3688 580 3740 καὶ
611 3685 750 3740 αὐτὰ
783 3688 1006 3757 μουσῶν
1038 3692 1376 3760 σεμνότερον¹
1400 3694 1456 3746 δὲ
1493 3696 1656 3760 φάναι
1711 3697 1886 3763 ἀγάλ-

317 3794 480 3845 ματα,
503 3777 795 3846 θεόκριτος
825 3781 1239 3850 παραδεικνύτω
1259 3785 1354 3838 καὶ
1384 3787 1436 3838 εἴ
1459 3803 1545 3849 τις
1583 3787 1744 3850 ἄλλος
1774 3805 1886 3840 τοι·

315 3871 440 3924 οὖτο
463 3871 784 3940 ὲκφαίνεται
817 3889 832 3903 ·
865 3873 924 3926 οὐ
955 3875 1266 3935 σπουδαίοις
1295 3879 1501 3941 ἐκεῖνος
1541 3878 1743 3946 λογίοις
1791 3881 1886 3932 ἐκ·

309 3960 486 4025 διδοὺς
548 3962 740 4028 ἑαυτὸν
791 3967 932 4018 κατὰ
974 3967 1103 4028 τοὺς
1161 3967 1516 4037 ἀδιακρέτους
1563 3969 1884 4036 ἐξεταστὰς,

313 4054 449 4106 ἀλλὰ
499 4055 638 4122 πρὸς
693 4056 751 4108 οὐ
809 4056 1022 4126 φαύλην
1075 4059 1312 4128 σπουδὴν
1341 4061 1756 4128 ἁστεῖζόμενος.
1797 4063 1886 4116 Ἐν

314 4141 394 4208 οἷς
422 4145 572 4198 ἐστιν
601 4149 779 4201 εἰπεῖν
807 4147 882 4211 ὡς
911 4145 980 4219 ἦν
1011 4149 1192 4213 αὐτοῖς
1253 4153 1286 4220 ἡ
1335 4153 1562 4222 τοιαύτη
1621 4155 1884 4224 ὲργῳδία,

317 4238 482 4301 κόπος
511 4239 730 4302 ἄπονος.
767 4241 964 4309 μόχ’.ος
988 4241 1213 4308 γλυκὺς,
1247 4243 1408 4305 πόνος
1437 4244 1759 4316 ἀνάλγητος,
1791 4245 1889 4313 ἔμ-

323 4346 520 4398 μουσος
543 4330 791 4399 ἀσχολία,
822 4331 984 4394 ᾶῡλος
1009 4332 1194 4401 ἡδονὴ,
1244 4334 1414 4402 ἀργία
1446 4334 1686 4402 ὲλλόγως
1717 4339 1886 4406 ὲργα-
1905 4349 1917 4363 ‘

297 4421 467 4489 Δτικὴ,
491 4419 650 4487 θῆξις
674 4421 854 4491 ψυχῆς
883 4425 960 4485 εἰς
984 4423 1241 4491 ὀξύτητα,
1270 4424 1496 4493 ἐθισμὸς
1557 4427 1888 4497 καινοτέρων

323 4513 593 4577 ἐπινοιῶν,
627 4513 950 4583 καινοτομία
977 4514 1138 4582 λόγου
1172 4516 1463 4586 ἐπαινετὴ,
1505 4517 1729 4585 μέθοδος
1793 4518 1889 4572 τοῦ

327 4603 399 4673 μὴ
433 4603 638 4672 βαίνειν
670 4606 791 4656 κατ’
825 4607 947 4675 ἴχνη
994 4605 1226 4673 πολλῶν,
1281 4607 1310 4661 ὃ
1363 4608 1428 4676 δὴ
1486 4608 1835 4677 Καλλίμαχος
1864 4609 1893 4660 ό

325 4697 484 4765 σοφδς
507 4697 891 4766 ἐπετήδευσεν,
927 4696 1114 4765 ἔφοδος
1177 4683 1510 4770 ὲφευρττικὴ
1571 4701 1895 4770 καινοτέρας

327 4788 618 4859 ποιήσεως,
653 4788 860 4854 ἔνδοξος
892 4790 1151 4860 ἀποφυγὴ
1198 4791 1631 4860 ταυτογραφίας,
1665 4792 1899 4861 εὐφυΐας
1933 4834 1938 4841 .

327 4879 573 4945 ἔνδειξις,
596 4879 858 4946 ἐπίδειξις
885 4882 1148 4952 εὐπορίας
1169 4885 1385 4950 νοερᾶς,
1432 4883 1745 4950 φιλόκαινος
1802 4886 1900 4940 καὶ

329 4972 607 5039 φιλότιμος
650 4973 1026 5042 μεταχείρισις
1075 4972 1258 5040 λόγου,
1303 4973 1682 5044 ἐξηλλαγμένη
1739 4975 1900 5046 στολὴ

321 5064 541 5132 σοφίας,
583 5064 789 5133 ἀγαθὸν
824 5063 1136 5131 ἀλλόκοτον,
1173 5066 1406 5120 πλούτου
1435 5064 1624 5134 νοεροῦ
1680 5067 1900 5137 προχεί-

335 5171 496 5226 ρισις,
536 5155 782 5226 ιμφασις
803 5157 1088 5228 δυνάμεως
1111 5158 1372 5229 ψυχικῆς,
1403 5158 1667 5226 έκφανσις
1715 5158 1902 5228 ἰσχύος

333 5248 632 5318 redemi:-
1295 5301 1297 5305 ι
1460 5305 1462 5308 -

410 5339 551 5394 Ἀλλ’
581 5341 720 5411 ὅπερ
757 5341 952 5397 ἀνόπιν
975 5341 1136 5410 λόγου
1163 5339 1473 5412 φθάσαντες
1499 5334 1921 5411 ὲσκεπτόμεθα,’

334 5431 488 5500 εῑπερ
519 5433 706 5487 πολλοί
728 5451 875 5498 τινες
901 5436 996 5488 καὶ
1030 5434 1140 5506 τῶν
1164 5437 1223 5488 ὲν
1253 5437 1384 5506 ημῖν
1433 5436 1780 5505 παλαιτέρων
1812 5434 1908 5487 καὶ

337 5526 439 5577 τῶν
465 5525 797 5597 προσφάτων
828 5528 920 5581 καὶ
945 5530 1074 5597 περὶ
1103 5527 1280 5599 μέτρα
1323 5529 1680 5596 ἂπονήσαντο,
1731 5527 1762 5595 ἢ
1820 5525 1908 5579 διὰ

342 5616 621 5687 ῥᾳστώνην
645 5617 918 5689 ἔμφρονα,
948 5620 980 5691 ἢ
1006 5621 1140 5690 πρὸς
1170 5621 1328 5693 χάριν
1356 5620 1668 5686 ὁποιανοῦν,
1701 5619 1794 5671 καὶ
1813 5617 1907 5685 γέ·

412 5803 489 5872 (l)
526 5801 602 5855 lta
629 5803 756 5856 cod.

1988 3212 2145 3267 talem
2182 3213 2490 3278 instituere.
2522 3213 2779 3277 tentabit,
2835 3215 3013 3269 solers
3063 3214 3304 3268 futurum
3351 3214 3398 3269 si
3441 3229 3563 3269 eam

1985 3314 2107 3375 apte
2165 3306 2453 3376 perfecerit
2481 3322 2500 3374 ;
2539 3323 2647 3362 non
2679 3308 2879 3382 poterit
2910 3319 3091 3362 autem
3119 3323 3291 3377 usque
3315 3309 3370 3362 in
3401 3307 3561 3362 ﬁnem

1985 3399 2176 3469 etipse
2199 3399 2251 3452 in
2281 3399 2468 3455 multis
2519 3415 2641 3455 esse
2691 3401 2838 3456 sicut
2882 3400 3178 3470 praedictus
3237 3401 3563 3469 ingeniosus

1988 3493 2086 3548 vir.
2115 3494 2245 3548 Alas
2273 3502 2477 3556 autem,
2503 3503 2558 3548 et
2585 3509 2806 3550 secures
2832 3502 2887 3547 et
2922 3509 3048 3553 ova,
3073 3503 3126 3548 et
3158 3493 3375 3557 altaria,
3405 3493 3561 3563 signa

1986 3594 2040 3640 et
2067 3601 2344 3640 musarum
2410 3596 2729 3640 ornamenta
2775 3598 2830 3641 ut
2872 3585 3171 3641 decentius
3231 3594 3557 3654 appareant,

1987 3677 2318 3732 ’l'beocritus
2347 3688 2526 3739 canat,
2547 3677 2630 3732 vel
2664 3678 2711 3734 si
2765 3679 2889 3746 quis
2942 3678 3088 3733 alius
3137 3677 3412 3745 reperit-ur
3459 3677 3548 3730 in-

1988 3769 2220 3836 comptis
2239 3769 2380 3822 dans
2412 3769 2650 3837 seipsum
2684 3778 2873 3822 auctor
2911 3769 3219 3832 sententiis,
3239 3763 3403 3836 .juxta
3465 3768 3556 3822 itt-

1988 3862 2178 3913 doctos
2201 3859 2555 3926 inquisitores
2576 3875 2591 3925 ;
2611 3860 2708 3913 sed
2740 3859 2922 3928 potius
2948 3859 3310 3914 urbanitatem
3333 3858 3563 3928 diligen-

1990 3951 2199 4006 tissime
2227 3959 2492 4005 sectatur.
2527 3951 2600 4005 De
2663 3951 2862 4018 quibus
2879 3951 3172 4006 dicendum
3217 3958 3302 4005 est
3329 3951 3436 4005 tale
3462 3967 3551 4004 ar-

1988 4041 2155 4097 duum
2187 4043 2467 4113 opusipsis
2507 4042 2676 4099 fuisse
2699 4043 2937 4098 laborem
2965 4043 3178 4098 facilem
3202 4084 3216 4106 ,
3248 4043 3558 4099 molestiam

1989 4138 2223 4200 dulcem,
2265 4138 2637 4207 fatigationem
2693 4137 2882 4192 dolore
2940 4149 3238 4203 carentem,
3297 4139 3564 4193 concinna

1991 4248 2148 4300 cura,
2191 4231 2571 4288 immaterialis
2598 4233 2872 4300 voluptas,
2931 4236 3103 4287 otium
3165 4233 3442 4301 sapienter
3487 4232 3570 4284 la-

1992 4325 2258 4390 borans,i
2295 4325 2477 4394 ngenii
2534 4325 2804 4385 acuminis
2825 4325 3026 4390 cultus,
3097 4339 3360 4379 novarum
3421 4325 3572 4392 cogi-

1995 4420 2261 4474 tationum
2296 4417 2637 4472 consuetudo
2662 4455 2678 4480 ,
2708 4416 3000 4472 laudabilis
3056 4416 3205 4470 verbi
3262 4416 3569 4480 innovatio,

2000 4510 2194 4565 modus
2215 4493 2330 4562 non
2365 4509 2627 4576 sequendi
2661 4509 2804 4562 viam
2835 4508 3165 4572 multorum;
3197 4506 3569 4562 Cailimacltus

2001 4599 2360 4672 philosophus
2419 4599 2703 4664 instituitr
2734 4599 2822 4652 via
2881 4597 3155 4652 inventrix
3249 4597 3572 4660 recetttioris

2004 4703 2248 4758 poeseos,
2279 4686 2570 4741 laudabilis
2606 4685 2732 4754 fuga
2771 4685 3208 4755 tautograpltias,
3245 4686 3447 4755 ingenii
3482 4699 3574 4740 os-

2007 4777 2202 4843 tensio,
2241 4774 2608 4830 tt‘tanil‘estatis
2646 4774 2830 4830 uberis
2857 4775 3052 4840 animi,
3083 4787 3222 4829 nova
3285 4783 3340 4830 et
3408 4789 3575 4844 gene-

2005 4882 2129 4923 rosa
2166 4865 2316 4922 verbi
2347 4863 2620 4928 tractatio,
2684 4863 3000 4919 divitiarum
3069 4865 3430 4935 spiritualium
3487 4880 3578 4920 ac-

2007 4958 2260 5030 quisitio,
2281 4957 2486 5028 vigoris
2518 4955 2724 5028 ingenii
2761 4967 3167 5029 argumentum,
3195 4959 3277 5012 vis
3304 4957 3574 5028 graphietn

2007 5051 2292 5110 cxltibitio.

2087 5334 2192 5390 Sed
2225 5333 2368 5404 quod
2403 5339 2562 5387 antea
2595 5327 3085 5385 considerabamus
3108 5336 3288 5384 utrum
3324 5331 3482 5384 multt
3515 5321 3597 5384 ex.

2011 5427 2416 5496 antiquioribus
2439 5433 2492 5479 et
2515 5439 2586 5478 ex
2613 5422 2922 5476 recentibus
2957 5421 3111 5491 poesi
3146 5435 3364 5491 operam
3400 5420 3580 5474 dedis-

2010 5528 2153 5584 sent,
2185 5517 2264 5571 νει
2293 5507 2514 5585 propter
2546 5513 2770 5568 inditam
2827 5512 3169 5578 facilitatem,
3225 5511 3305 5564 vel
3362 5521 3582 5578 propter

2012 5623 2232 5664 causam
2265 5605 2720 5686 qualemcunque,
2745 5600 2931 5657 ethoc
2979 5601 3182 5656 accidit
3229 5599 3431 5654 volenti
3481 5593 3582 5653 Da-
