3968 6244
398 335 499 399 ειν

1097 327 1518 393 EUSTATHII
1551 322 2300 388 THESSALONICENSIS
2321 321 2878 386 METROPOLI'I‘IE

3529 325 3634 390 520

383 451 674 504 Solllmcm
708 459 901 500 rursus
923 444 1178 509 alterum,
1200 441 1502 497 secundum
1523 439 1781 495 videlicet
1801 436 1954 492 illum

2071 437 2277 504 Ξιδὸιξει,
2320 436 2545 504 Πνεῦμα
2607 436 2958 507 παράκλητον
3019 437 3181 490 πᾶλιν
3228 438 3410 504 ἄλλον,
3465 443 3638 510 ἤγουν

383 545 672 606 postquam
703 546 757 589 tu
789 535 844 588 in
884 532 1084 588 coelum
1157 528 1495 593 ascendisti;
1553 535 1613 580 ut
1659 532 1954 594 postquam

380 629 696 683 consolator
721 627 867 680 venit
903 638 1068 691 super
1113 637 1214 676 nos
1244 618 1422 674 Filius
1458 629 1608 681 tuus,
1647 614 1960 671 consolator

381 720 578 773 iterum
609 719 816 771 veniret
845 732 874 769 e
901 717 1025 768 sinu
1060 713 1263 774 Patris,
1289 713 1492 766 missus
1533 708 1778 778 Spiritus
1833 722 1961 762 san-

381 819 525 872 ctus,
557 807 788 862 aﬂerens
811 805 1186 859 laudatoribus
1210 811 1413 857 sanctae
1439 800 1722 867 Trinitatis
1745 801 1958 868 signum

384 899 758 952 immaterialis
776 907 878 950 tute
899 895 1220 956 divinitatis,
1239 894 1289 947 id
1309 902 1391 947 cst
1409 901 1614 946 natura
1631 904 1697 944 ac
1711 890 1960 944 nativita-

382 993 452 1046 tis
485 1001 612 1051 tuae,
643 1001 694 1044 et
727 989 1088 1060 psallenlibtts
1117 987 1343 1055 gratiam
1369 999 1464 1050 pro
1487 984 1720 1054 hymnis.
1740 983 1958 1039 Interim

383 1084 602 1137 verbum
625 1082 905 1152 Defgenum
929 1080 1074 1148 quod
1095 1079 1162 1131 ab
1187 1078 1339 1132 initio
1357 1077 1580 1137 dicitur,
1601 1076 1833 1129 ostendit
1849 1077 1962 1128 vio-

380 1174 586 1228 lentum
611 1187 880 1226 mensurae
904 1171 956 1224 in
975 1167 1312 1223 carminibus
1335 1166 1801 1234 impedimentum;
1822 1166 1964 1216 unde

382 1263 632 1332 θειογενῆ
655 1263 786 1317 dicit
817 1259 1076 1321 Verbum,
1112 1274 1234 1311 cum
1273 1256 1606 1326 impossibile
1637 1257 1729 1316 sit,
1756 1263 1816 1308 ut
1852 1270 1960 1308 non

383 1355 696 1424 proferatur
717 1369 841 1405 cum
879 1351 1236 1420 diphthongo,
1279 1349 1372 1404 sed
1412 1364 1534 1402 cum
1555 1349 1668 1402 sola
1695 1347 1873 1400 littera
1912 1363 1960 1410 ε,

383 1449 631 1516 θεογενῆ.
667 1445 1010 1499 Manifestum
1037 1443 1180 1496 enim
1203 1443 1346 1511 quod
1373 1441 1516 1496 aliud
1550 1451 1632 1494 est
1652 1440 1794 1504 θεός,
1815 1438 1962 1493 aliud

384 1541 529 1593 θεῖον
557 1557 570 1591 :
596 1537 774 1590 anima
807 1534 1009 1589 scilicet
1039 1546 1160 1602 quae
1206 1531 1344 1586 Deus
1374 1545 1478 1584 non
1505 1539 1610 1594 est,
1630 1530 1811 1584 divina
1847 1540 1961 1596 est;

383 1633 528 1686 unde
560 1639 613 1684 et
638 1628 785 1683 aliud
821 1630 892 1681 sit
925 1625 1180 1696 θεογενὴς
1214 1633 1269 1679 et
1297 1624 1444 1678 aliud
1476 1623 1797 1692 θειογενήςι
1856 1621 1963 1676 for-

379 1739 478 1779 san
509 1731 713 1784 autem,
741 1736 849 1774 non
876 1735 972 1788 per
1003 1718 1419 1788 generationem
1458 1715 1602 1770 inter
1649 1713 1787 1768 duas
1846 1712 1949 1768 im-

381 1814 666 1870 mutabiles
701 1827 966 1882 personas
989 1809 1232 1864 Verbum
1261 1809 1543 1864 inventum
1602 1815 1688 1862 est
1739 1807 1951 1875 θειογεο

380 1908 492 1972 νές,
536 1905 632 1961 sed
666 1905 797 1976 quia
831 1901 1202 1958 communiter
1244 1901 1449 1956 dicitur
1481 1901 1744 1971 genitum,
1809 1913 1952 1969 quo-

381 1999 524 2052 niam
555 2011 650 2067 per
679 1997 883 2066 ipsum,
913 1994 1124 2050 scilicet
1172 1992 1422 2048 divinum
1464 1991 1724 2056 Verbum,
1778 1990 1950 2045 divini

380 2101 434 2145 et
462 2104 564 2142 nos
593 2098 646 2142 et
682 2087 791 2140 Dco
821 2086 1029 2141 similes
1049 2083 1331 2139 efﬁcimur.
1359 2083 1416 2138 Si
1441 2084 1568 2153 quis
1585 2091 1768 2136 autem
1807 2081 1953 2136 θεῖον
1983 2137 1988 2141 _

385 2175 806 2231 nonderivatire
841 2186 1046 2228 natura:
1071 2173 1343 2242 particeps
1365 2170 1618 2240 accipiat,
1651 2171 1743 2226 sed
1777 2169 1946 2225 Deum

385 2269 563 2336 ipsum
587 2269 665 2322 sic
680 2267 950 2336 cogitans,
972 2263 1216 2317 divinum
1241 2263 1386 2316 dicat
1407 2260 1643 2315 Verbum
1663 2276 1727 2314 ex
1743 2261 1952 2326 divino,

383 2360 494 2414 Deo
516 2359 742 2421 scilicet,
767 2359 924 2412 Patre
947 2368 1150 2417 ortum,
1177 2357 1368 2410 nescio
1390 2370 1456 2409 an
1482 2354 1724 2409 inveniat
1749 2353 1840 2424 qui
1877 2353 1958 2407 fa-

383 2451 558 2505 ciliter
593 2451 695 2504 hoc
712 2449 964 2502 admittat
996 2465 1010 2500 :
1041 2448 1171 2501 mihi
1199 2447 1421 2517 quidem
1474 2450 1547 2503 ita
1594 2448 1800 2503 sentire
1842 2462 1951 2501 non

385 2542 605 2609 placet;
638 2538 706 2594 de
745 2535 1028 2590 Paraclcto
1071 2547 1250 2590 autem
1303 2536 1531 2591 dicenda
1562 2536 1703 2591 infra
1757 2537 1949 2590 dicen-

387 2641 496 2687 ιιιτ.

461 2831 653 2884 Ἀλλον
697 2842 875 2886 autem
917 2833 1001 2888 vel
1029 2832 1350 2903 simpliciter
1387 2831 1588 2886 dicitur
1619 2845 1714 2900 pro
1745 2830 1958 2897 ἕτερον,

394 2924 476 2976 vel
512 2924 579 2977 ad
605 2925 964 2992 dogmatiram
1000 2925 1423 2978 exactitudinem
1473 2939 1636 2992 quam
1669 2923 1820 2977 novit
1861 2921 1960 2991 qui

394 3015 677 3082 distinguit
726 3016 890 3077 ἄλλας
947 3024 1002 3070 et
1056 3016 1313 3082 ἀλλοίας;
1363 3015 1455 3068 cui
1511 3015 1820 3083 obsequens
1849 3054 1864 3080 ,
1913 3024 1967 3068 et

2059 529 2316 598 δεύτερον
2347 527 2540 581 τοῦτον
2572 530 2667 581 νῦν
2704 529 2840 597 μετὰ
2876 529 2935 582 σὲ
2982 529 3367 598 ἀναληφθέντα
3420 534 3500 595 είς
3547 535 3640 586 οὗ·

2065 623 2227 690 ρανόν
2266 638 2279 652 ⁶
2307 621 2394 676 ἵνα
2430 621 2786 691 Παρακλήτου
2853 622 2952 692 ἤδη
2999 622 3095 676 σοῦ
3127 624 3234 686 Ῑτοῦ
3298 625 3430 678 Υίοῦ
3463 645 3640 680 κατα-

2061 715 2257 777 ϐάντος
2296 715 2376 776 είς
2407 715 2440 785 ἠ
2451 715 2578 784 μᾶς,
2623 713 2981 782 παράκλητος
3010 714 3176 767 πάλιν
3206 716 3335 788 ἔλθῃ
3364 717 3638 786 δευτερώ-

2067 825 2232 875 ματος
2258 808 2417 877 Λόγῳ
2463 809 2527 860 ὲκ
2574 808 2684 862 τῶν
2734 807 2948 860 κόλπων
2978 806 3072 859 τοῦ
3118 809 3350 878 Πατρὸς,
3394 811 3456 862 τὸ
3504 813 3640 863 ἀπεο

2067 896 2365 963 σταλμένον
2392 897 2546 962 ἅγιον
2577 894 2803 966 Πνεῦμα
2828 910 2841 924 ·
2867 896 3030 965 φέρον
3070 897 3203 948 αὐτὸ
3238 902 3349 962 τοῖς
3372 900 3640 970 ὑμνηταῐς

2063 990 2162 1057 τῆς
2191 989 2351 1055 ἁγίας
2381 989 2629 1058 Τριάδθς,
2661 992 2758 1044 καὶ
2781 990 3009 1061 σημεῖον
3032 989 3197 1042 ἀθλου
3233 990 3484 1061 θεότητος
3511 995 3642 1059 τεῆς

2067 1080 2294 1149 φύτλης,
2322 1082 2489 1150 ἠγουν
2521 1083 2622 1149 τῆς
2657 1082 2758 1150 σῆς
2785 1082 3006 1152 φύσεως
3066 1080 3099 1150 ἢ
3148 1085 3480 1151 γεννήσεως,
3543 1088 3639 1140 καὶ

2063 1173 2176 1233 τοῖς
2203 1171 2476 1240 ὕμνηταῖς
2496 1173 2660 1242 χάριν
2693 1173 2791 1243 τὴν
2829 1172 2922 1225 ἐπὶ
2945 1175 3053 1234 τοῖς
3081 1170 3274 1244 ὕμνοις
3305 1189 3318 1202 ·
3345 1175 3402 1224 ἐν
3425 1175 3639 1236 τούτοις

2063 1263 2116 1314 δὲ
2144 1263 2203 1314 τὸ
2233 1263 2332 1331 μὲν
2355 1263 2646 1330 θειογενὲς,
2677 1266 2741 1316 ὲκ
2773 1264 3082 1335 προθύρων,
3119 1267 3148 1320 δ
3186 1281 3347 1336 φασι,
3379 1265 3637 1334 διεκφαί-

2063 1369 2143 1404 νει
2178 1353 2277 1422 τὴν
2311 1354 2579 1422 μετρικὴν
2611 1355 2668 1406 ὲν
2695 1351 3002 1418 ὲποποιῖαις
3029 1356 3212 1426 βιαίαν
3229 1356 3545 1428 περιολκὴν,
3569 1357 3636 1409 δι’

2063 1442 2130 1514 ἢν
2157 1443 2401 1514 Θειογενῆ
2434 1443 2582 1510 λέγει
2617 1444 2708 1497 τὸν
2738 1447 2934 1514 Λόγον,
2963 1449 3085 1501 δέον
3128 1449 3409 1512 ἀδυνάτως
3455 1447 3639 1504 είπεῖν

2065 1531 2141 1602 μή
2165 1535 2224 1586 ὲν
2253 1534 2552 1604 διφθόγγῳ,
2584 1535 2700 1588 ἀλλ’
2725 1537 2781 1589 ιν
2812 1538 2961 1609 μόνῳ
2982 1539 3059 1609 τῷ
3088 1557 3114 1592 ε
3161 1543 3416 1614 στοιχείῳ
3445 1544 3636 1612 θεογει·

2065 1623 2153 1689 νῆ.
2194 1625 2466 1696 Πρόδηλον
2509 1629 2614 1696 γὰρ
2632 1628 2704 1690 ὡς
2734 1629 2862 1682 ἄλλο
2894 1631 2994 1700 μὲν
3025 1631 3181 1696 Θεδς,
3211 1633 3342 1688 ἀλλο
3387 1636 3442 1690 δὲ
3466 1637 3631 1694 θεῖον.

2077 1717 2140 1769 Ἡ
2170 1716 2302 1784 γοῦν
2329 1719 2478 1789 ψυχὴ
2502 1720 2634 1784 Θεὸς
2669 1721 2744 1793 μὴ
2772 1718 2930 1786 οὖσα,
2965 1722 3109 1777 θεῖόν
3129 1726 3280 1780 ἐστιν
3314 1743 3328 1758 ·
3365 1728 3509 1781 ὥστε
3538 1732 3632 1783 καὶ

2060 1807 2188 1863 ἄλλο
2225 1809 2324 1878 μὲν
2383 1813 2410 1863 ὁ
2455 1811 2710 1882 θεογενὴς
2749 1815 2944 1882 Λόγος,
2976 1816 3107 1869 ἄλλο
3135 1817 3191 1869 δὲ
3241 1820 3268 1872 ὁ
3307 1819 3586 1888 θειογενής
3613 1836 3628 1850 ⁸

2063 1898 2192 1959 ἴσως
2221 1898 2277 1950 δὲ
2309 1898 2370 1951 οὐ
2408 1900 2557 1968 παρὰ
2591 1901 2845 1973 γέννησιν
2875 1907 2974 1972 τὴν
3001 1907 3061 1957 ὲν
3109 1905 3310 1979 [δυ]σὶν
3360 1911 3633 1979 ἀμεταδό-

2059 1987 2194 2050 λοις,
2258 1989 2433 2058 Λόγος
2483 1990 2578 2044 νῦν
2640 1993 2838 2064 εὖρέθη
2870 1994 3170 2068 θειογενὴς,
3218 1999 3355 2054 ἀλλὰ
3390 2002 3540 2072 παρὰ
3569 2003 3630 2055 τὺ

2061 2083 2254 2148 κοινῶς
2282 2084 2570 2156 λεγόμενον
2599 2091 2875 2157 γενέσθαι,
2909 2094 3028 2144 ἐπεὶ
3059 2094 3128 2148 δι’
3143 2094 3307 2149 αὐτοῦ
3335 2097 3506 2166 ἤγουν
3534 2097 3627 2152 τοῦ

2062 2173 2208 2227 θείου
2245 2175 2418 2242 Λόγον
2443 2179 2600 2247 ἡμεῖς
2620 2180 2753 2234 θεῖοι
2784 2181 2880 2234 καὶ
2904 2181 3156 2246 θεοειδεῖς
3177 2186 3459 2254 γινόμεθα.
3485 2189 3547 2240 Εἰ
3572 2188 3626 2240 δέ

2063 2280 2147 2326 τις
2165 2267 2224 2316 τδ
2243 2266 2386 2319 θεῖον
2401 2271 2460 2320 οὗ
2482 2272 2822 2340 παραγώγως
2846 2278 3289 2343 μετουσιαστικδν
3309 2278 3624 2347 λαμϐάνων,

2063 2361 2197 2414 ἀλλὰ
2213 2361 2302 2412 τὸν
2323 2362 2454 2414 Θεὸν
2475 2364 2638 2416 αὐτὸν
2668 2363 2812 2418 οὕτω
2836 2367 2992 2430 νοῶν,
3017 2368 3264 2441 θειογενῆ
3283 2370 3432 2438 λέγει
3456 2373 3547 2426 τὸν
3568 2377 3629 2429 ἐκ

2066 2455 2213 2508 θείου
2267 2456 2433 2524 ἧγουν
2466 2459 2526 2510 ἐκ
2551 2459 2687 2510 Θεοῦ
2715 2461 2921 2531 Πατρδς
2955 2461 3148 2530 Λόγον,
3179 2464 3279 2516 οὐκ
3308 2464 3423 2518 θ’δα
3472 2468 3630 2535 εἴπερ

2071 2548 2292 2617 εὑρήσει
2323 2549 2413 2601 τὸν
2443 2549 2808 2618 ἀπραγμόνως
2837 2552 3232 2623 ἀποδεχόμενον
3279 2558 3460 2611 τοῦτο.
3501 2559 3632 2625 Ἐμὲ

2073 2642 2203 2707 γοῦν
2231 2640 2426 2693 οῦκουν
2463 2644 2684 2710 ἀρέσκει
2709 2643 2850 2696 οὕτω
2882 2644 3023 2697 νοεῖν
3054 2658 3069 2674 ⁶
3102 2646 3229 2717 περὶ
3253 2646 3309 2699 δὲ
3336 2647 3624 2717 Παρακλή-

2073 2750 2166 2785 του
2216 2735 2495 2802 εἰρήσεται
2519 2734 2582 2786 τὸ
2602 2735 2719 2786 δέον
2741 2736 2799 2786 ὲν
2824 2737 2936 2797 τοῖς
2975 2737 3126 2807 ἑξῆς.

2143 2823 2216 2874 Τὸ
2239 2822 2296 2874 δὲ
2333 2822 2490 2876 ἄλλον
2527 2824 2559 2893 ἢ
2603 2824 2876 2888 ἁπλοϊκῶς
2935 2827 3064 2890 ἴσως
3101 2829 3319 2899 εἴρηται
3366 2831 3490 2884 ἀντὶ
3538 2832 3631 2884 τοῦ

2071 2914 2338 2984 ἓτερον,ἢ
2378 2915 2516 2985 πρὸς
2571 2917 2857 2985 ἀκρίϐειαν
2900 2918 3262 2989 δογματικὴν,
3317 2921 3387 2992 ἢν
3436 2918 3574 2976 οἶδεν
3605 2925 3633 2976 ό

2072 3006 2518 3075 ἀκριϐωσάμενος
2558 3008 2618 3060 τὸ
2639 3009 2824 3074 ἄλλας,
2857 3009 2972 3062 ἀλλ’
3004 3011 3105 3063 οὐκ
3137 3011 3352 3077 ἀλλοίας
3378 3031 3392 3044 ’
3419 3009 3574 3083 ᾧπερ
3606 3014 3634 3066 ό

387 3106 542 3174 quasi
586 3107 637 3158 in
675 3107 795 3158 lucc
817 3105 1244 3172 ambulans,non
1277 3105 1506 3158 dixisset
1529 3106 1804 3159 diversum
1833 3107 1964 3161 ruis-

2071 3097 2378 3152 ἀκολουθῶν
2411 3100 2502 3152 καὶ
2533 3099 2608 3162 ὼς
2646 3101 2704 3151 ἐν
2747 3101 2888 3168 φωτὶ
2929 3101 3071 3155 οὕτω
3127 3106 3468 3174 περιπατῶν,
3537 3107 3636 3160 οὐκ

392 3211 514 3248 sum
553 3196 720 3249 fuisse
749 3197 1108 3260 Paracletum,
1134 3196 1231 3250 sed
1257 3195 1681 3264 alterum,juxta
1719 3210 1955 3265 praesen-

388 3296 499 3342 tem
527 3288 856 3358 scripturam
882 3305 898 3354 ;
932 3287 1176 3356 genitum
1199 3298 1382 3342 autem
1417 3289 1485 3341 de
1517 3302 1626 3356 quo
1647 3287 1736 3341 bic
1764 3286 1966 3342 dicitur

388 3391 443 3436 et
480 3383 778 3450 genitorem
809 3392 863 3435 et
894 3391 1134 3435 satorem
1165 3389 1220 3435 et
1259 3379 1511 3444 Patrem,
1570 3379 1753 3433 divina
1799 3394 1964 3450 syno-

392 3485 552 3540 nyma
580 3472 739 3525 simul
771 3470 1154 3525 venerabunda
1180 3470 1388 3540 colligit
1411 3487 1426 3534 ;
1459 3469 1799 3541 φυτοσπόρος
1819 3470 1964 3522 enim

393 3562 739 3616 communior
764 3570 845 3616 est
883 3579 897 3616 :
939 3561 1085 3632 quod
1139 3569 1320 3616 autem
1349 3577 1414 3616 ex
1445 3564 1567 3616 sinu
1614 3560 1792 3616 Patris
1833 3564 1967 3616 mis-

393 3669 490 3710 sus
538 3655 706 3708 fuerit
773 3654 1011 3724 Spiritus
1068 3663 1316 3720 sanctus,
1399 3653 1742 3708 manifestius
1809 3654 1971 3709 docet

393 3761 596 3811 canon,
626 3749 678 3800 in
702 3763 812 3817 quo
835 3749 1138 3800 invenietur
1161 3762 1379 3801 rursum
1406 3763 1504 3799 vox
1525 3747 1826 3817 γλώσσῃσι,
1850 3761 1970 3816 poe-

398 3840 503 3893 tica
534 3839 719 3893 lonum
762 3838 1034 3904 dialecto;
1065 3849 1123 3890 ut
1159 3849 1313 3907 poeta
1347 3837 1512 3902 enim,
1544 3837 1846 3890 molestiam
1873 3853 1970 3906 pa-

399 3934 532 3986 titur
553 3947 617 3986 eo
642 3931 784 3997 quod
817 3939 1004 3982 utatur
1039 3929 1215 3983 verbis
1254 3930 1457 3998 quibus
1498 3929 1700 3998 gaudet
1752 3930 1966 3997 poesis;

397 4024 661 4079 iudicium
697 4031 878 4075 autem
913 4028 1122 4073 natura:
1149 4017 1269 4071 Filii
1303 4019 1409 4072 fert
1440 4017 1684 4088 Spiritus
1741 4028 1971 4073 sanctus

403 4131 510 4167 non
551 4129 740 4178 unum,
765 4114 1064 4167 secundum
1095 4113 1308 4164 unicam
1341 4111 1735 4166 acrosticbidis
1769 4112 1973 4179 dictip-

410 4223 556 4268 nem,
592 4206 685 4259 sed
721 4208 893 4269 varia,
949 4207 1094 4258 sicut
1140 4206 1420 4256 veritatem
1463 4203 1654 4267 decet;
1691 4203 1970 4256 veritatem

401 4297 547 4350 enim
577 4295 714 4348 dixit
746 4294 1000 4363 magister
1044 4295 1289 4346 veritatis
1327 4291 1588 4359 Verbum,
1640 4293 1972 4363 promittens

403 4404 463 4442 se
525 4389 824 4440 missurum
880 4385 1146 4454 Spiritum
1202 4394 1451 4440 sanctum
1508 4387 1776 4452 veritatis,
1828 4401 1970 4438 amo-

405 4495 518 4534 rem
553 4495 715 4549 quem
747 4479 956 4547 prinius
981 4477 1172 4530 habuit
1203 4477 1252 4528 in
1284 4475 1585 4545 discipulos
1636 4493 1795 4540 suos,
1831 4493 1968 4547 quos

403 4571 593 4626 dilexit
659 4581 714 4623 et
794 4567 1033 4636 Spiritus
1091 4575 1338 4628 sanctus,
1423 4567 1594 4635 quiet
1649 4566 1839 4621 docuit
1878 4583 1973 4623 cos

404 4674 465 4718 ut
488 4663 724 4733 Spiritus
783 4660 1086 4730 sapientiae,
1124 4659 1284 4729 cujus
1341 4659 1505 4712 etiam
1561 4659 1820 4713 indicium
1873 4659 1974 4714 fuit

402 4753 937 4810 consubstantialitas
959 4752 1135 4806 Patris
1156 4765 1209 4806 et
1231 4737 1489 4822 Spiritus,
1515 4761 1570 4806 et
1596 4753 1816 4808 luminis
1841 4769 1970 4824 par-

409 4845 648 4913 ticipatio
681 4855 733 4899 et
759 4844 1086 4908 sanctitatis,
1147 4850 1202 4896 et.
1269 4844 1572 4906 cliaritatis,
1611 4860 1772 4914 quam
1837 4846 1970 4899 inde

407 4937 630 4991 veniens
660 4936 839 4989 attulit
869 4934 1107 5003 Spiritus
1129 4944 1377 5000 sanctus,
1406 4937 1547 4990 sicut
1573 4944 1702 4988 tunc
1728 4945 1779 4989 et
1801 4935 1972 4989 disci-

409 5029 571 5096 pulis,
592 5036 645 5081 et.
674 5044 796 5080 mox
821 5027 1188 5081 initiatoribus
1226 5028 1569 5097 populorum,
1625 5027 1698 5080 ita
1723 5035 1776 5081 et
1825 5042 1972 5080 nunc

409 5119 568 5172 nobis
589 5119 964 5188 spiritualibus
997 5118 1388 5180 laudatoribus,
1427 5120 1478 5173 id
1505 5127 1586 5174 est
1638 5121 1785 5173 circa
1819 5118 1974 5188 bym-

409 5225 508 5263 nos
544 5213 823 5280 occupatis
848 5227 864 5276 ;
897 5209 1041 5280 quod
1069 5212 1268 5264 bonum
1297 5220 1353 5264 et
1379 5214 1431 5264 in
1461 5226 1653 5264 otnues
1671 5209 1974 5265 effunditur

409 5300 504 5355 Dei
544 5301 878 5366 laudatores,
911 5301 1107 5371 quibus
1136 5311 1293 5372 poeta
1345 5303 1631 5355 connnoile
1663 5315 1721 5355 se
1762 5302 1968 5354 immis-

405 5393 519 5448 cuit
551 5407 647 5463 pro
674 5393 1083 5463 participatione
1114 5394 1420 5449 cbaritatis.
1461 5393 1754 5448 Videndum
1787 5400 1968 5446 autem

407 5492 588 5538 utrum
631 5487 731 5541 hoc
760 5488 846 5556 qui
889 5488 983 5556 fert
1024 5488 1251 5557 formam
1285 5486 1699 5556 incorruptibilis
1758 5487 1970 5540 deitam

407 5577 577 5645 possit
612 5587 666 5632 et
721 5579 884 5634 verbo
937 5580 1342 5633 accommodari
1419 5593 1514 5647 per
1588 5579 1972 5631 rectitudinem

407 5669 720 5724 masculina.-
789 5669 1343 5732 connuunicatioois,
1398 5680 1459 5722 ut
1525 5669 1736 5722 dicatur
1803 5667 1974 5721 Filius

405 5759 534 5813 dare
567 5761 721 5815 nobis
754 5777 848 5830 per
877 5762 1139 5829 Spiritum
1175 5769 1424 5815 sanctum
1477 5760 1706 5814 formam
1764 5773 1970 5816 natura:

405 5863 537 5904 ουκ.

2071 3187 2138 3242 ἂν
2163 3190 2306 3242 είποι
2347 3189 2663 3260 πεμφθῆναι
2695 3173 2904 3245 ἀλλοῖον
2943 3194 3317 3263 παράκλητον,
3372 3197 3509 3250 ἀλλὰ
3545 3197 3635 3252 ἀλ-

2065 3281 2156 3332 λον
2211 3281 2354 3334 κατὰ
2386 3282 2482 3352 τὴν
2507 3283 2742 3336 ἐνταῦθα
2765 3286 2985 3355 γραφήν
3016 3303 3031 3316 ·
3081 3289 3308 3358 γενέτην
3341 3289 3399 3341 δὲ
3421 3288 3511 3342 τὸν
3557 3290 3636 3340 ἰν-

2066 3374 2240 3428 ταῦθα
2269 3375 2504 3446 ρηθέντα
2535 3375 2630 3430 καὶ
2646 3379 2906 3444 γενέτορα
2943 3379 3038 3431 καὶ
3066 3380 3316 3447 φύσαντα
3371 3383 3470 3435 καὶ
3533 3399 3637 3436 πα·

2065 3469 2199 3537 τέρα
2221 3469 2254 3538 ἡ
2277 3469 2395 3520 θεία
2429 3469 2745 3537 συνωνυμία
2771 3473 2848 3532 είς
2884 3471 2942 3522 ἓν
2971 3472 3094 3536 ἀγει
3128 3474 3359 3540 σεμνῶς.
3400 3473 3458 3526 ’0
3515 3476 3638 3540 μὲν·-

2065 3574 2148 3610 τοι
2175 3560 2521 3628 φυτοσπόρος
2556 3561 2882 3630 κοινότερος.
2918 3561 2980 3613 τὸ
3027 3562 3086 3614 δὲ
3127 3565 3190 3615 ἐκ
3251 3565 3470 3617 κόλπων
3531 3567 3637 3618 Πα-

2068 3651 2195 3721 τρὸς
2227 3652 2545 3722 πεμφθῆναι
2577 3651 2636 3704 τὸ
2667 3653 2820 3720 ἅγιον
2852 3651 3094 3722 Πνεῦμα,
3142 3656 3170 3707 ό
3207 3657 3387 3709 κανὼν
3434 3657 3638 3724 διδάξει

2069 3744 2494 3813 ἐμφανέστερον,
2521 3749 2575 3795 ὲν
2605 3738 2649 3812 ᾧ
2680 3746 3037 3815 εὑρεθήσεται
3071 3747 3236 3799 πάλιν
3263 3748 3514 3816 κείμενον
3545 3748 3639 3800 καὶ

2071 3837 2130 3886 τὸ
2154 3834 2432 3904 γλώσσῃσι
2468 3837 2765 3906 ποιητικῶς
2795 3835 2991 3890 Ἰώνων
3035 3837 3323 3907 διαλέκτῳ.
3378 3834 3484 3892 Οἷα
3532 3843 3638 3906 γὰρ

2070 3927 2348 3990 ἐποποιὸς,
2381 3929 2623 3996 όχλεῖται
2653 3931 2750 3981 καὶ
2778 3928 2956 3995 λέξεσι
2995 3929 3230 3999 χρῆσθαι
3273 3930 3466 3991 ὁποίας
3527 3927 3635 3983 οἶδε

2072 4016 2301 4085 φιλείνή
2353 4021 2568 4086 ποίησις
2597 4034 2610 4048 ⁸
2646 4021 2870 4088 σημεῖον
2905 4021 2961 4072 δὲ
3017 4020 3172 4087 φέρει
3209 4020 3308 4090 τῆς
3361 4020 3456 4073 τοῦ
3511 4020 3640 4073 Υἱοῦ

2074 4107 2280 4176 φύτλης
2309 4107 2368 4159 τὸ
2401 4106 2556 4174 ἅγιον
2585 4109 2827 4176 Πνεῦμα,
2861 4111 2960 4176 οὐχ
2991 4109 3049 4161 ἓν
3087 4110 3230 4162 κατὰ
3295 4109 3394 4179 τὴν
3454 4109 3641 4177 ἑνικὴν

2076 4200 2364 4267 προφορὰν
2395 4199 2494 4267 τῆς
2523 4201 2920 4270 ἀκροστιχίδος,
2951 4201 3091 4252 ἀλλὰ
3123 4200 3381 4270 διάφορα,
3404 4197 3521 4253 οἷον
3548 4203 3642 4267 τὴν

2075 4291 2358 4356 ἀλήθειέν.
2400 4289 2699 4359 Ἠλήθευσε
2735 4291 2844 4359 γὰρ
2872 4294 2899 4344 ό
2932 4291 3032 4361 τῆς
3094 4293 3354 4362 ἀληθείας
3405 4295 3641 4362 χορηγὸς

2079 4383 2254 4450 Λόγος
2287 4384 2655 4453 ὑποσχόμενος
2687 4385 2899 4454 πέμψαι
2955 4385 3016 4437 τὸ
3038 4387 3136 4454 τῆς
3169 4384 3428 4453 ἀληθείας
3488 4387 3644 4453 ἇγιον

2083 4477 2325 4546 Πνεῦμα,
2357 4477 2449 4546 τὴν
2481 4477 2665 4543 φιλίαν
2697 4480 2762 4546 ἣν
2792 4478 3002 4546 ἔφθασε
3044 4479 3190 4546 σχεῖν
3230 4478 3326 4529 ἐπὶ
3365 4479 3477 4540 τοῖς
3539 4497 3639 4548 μαο

2081 4571 2295 4641 θηταῖς,
2334 4569 2426 4633 οὓς
2457 4573 2548 4623 καὶ
2580 4570 2641 4622 τὸ
2677 4571 2831 4637 ἅγιον
2889 4570 3113 4639 Πνεῦμα
3173 4571 3524 4639 συνεφίλησε,
3583 4571 3643 4623 τὸ

2079 4665 2174 4716 καὶ
2209 4663 2434 4730 σοφίσαν
2464 4663 2704 4724 ἐκείνους
2731 4662 2804 4724 ὡς
2844 4662 3067 4730 Πνεῦμα
3113 4662 3322 4730 σοφίας.
3368 4663 3492 4714 Ἔτι
3546 4679 3641 4729 cq-

2083 4755 2234 4822 μεῖον
2261 4747 2323 4805 οὗ
2357 4752 2553 4820 ἔφανεν
2591 4753 2766 4806 καὶτὸ
2795 4753 3039 4822 συμφυὲς
3101 4743 3278 4828 Πατρὶ
3326 4754 3423 4806 καὶ
3481 4753 3645 4806 Πνεῦ-

2083 4862 2235 4914 ματε,
2264 4846 2321 4897 :b
2358 4846 2820 4915 συμφωτιστικὸν,
2874 4847 2933 4898 τὸ
2957 4846 3402 4913 συναγιαστικὸν,
3453 4847 3516 4898 τὸ
3546 4847 3641 4914 τῆς

2079 4939 2299 5007 χάριτος
2336 4940 2830 5007 συμμεταδοτικὸν,
2860 4939 2928 5009 ἢν
2958 4939 3169 4992 ἐκεῖθεν
3204 4940 3327 5008 ἣκει
3389 4941 3553 5008 φέρον
3585 4941 3644 4988 τὸ

2081 5035 2237 5099 ἅγιον
2270 5031 2492 5101 Πνεῦμα
2521 5030 2710 5100 ῶσπερ
2731 5031 2851 5082 τότε
2883 5031 2992 5091 τοῖς
3017 5029 3112 5081 καὶ
3141 5029 3394 5096 μύσταις,
3434 5034 3527 5078 καὶ
3551 5029 3642 5078 αὐ-

2074 5125 2202 5178 τίκα
2234 5125 2599 5194 μυστηπόλοις
2621 5124 2729 5176 τῶν
2752 5123 2941 5185 ἐθνῶν,
2965 5120 3108 5175 οὕτω
3137 5122 3228 5174 καί
3260 5120 3355 5174 νῦν
3375 5125 3508 5191 ἡμῖν
3536 5124 3642 5180 τοῖς

2074 5218 2463 5284 πν;υματικοῑς
2491 5214 2834 5284 ὑμνοπόλοις,
2874 5215 2902 5266 ὃ
2951 5215 3100 5266 ἐστιν
3150 5213 3644 5282 ἀναστρεφομένοις

2073 5311 2200 5377 περὶ
2230 5306 2429 5374 ὕμνους
2457 5323 2471 5336 ·
2494 5307 2650 5359 τοῦτο
2672 5306 2726 5357 δὲ
2751 5305 2812 5357 τὸ
2833 5304 3035 5372 ἀγαθὸν
3063 5305 3156 5357 καὶ
3180 5305 3262 5366 είς
3297 5306 3506 5366 πάντας
3536 5304 3644 5354 δια-

2076 5398 2248 5450 δαίνει
2274 5399 2396 5460 τοὺς
2429 5397 2524 5448 τοῦ
2547 5398 2680 5450 Θεοῦ
2709 5397 2955 5467 ὑμνητάς
2975 5411 2990 5426 ·
3025 5395 3106 5458 οἷς
3135 5397 3163 5446 ό
3189 5395 3431 5465 μελῳδός
3465 5395 3645 5458 δεξιῶς

2079 5487 2272 5539 ἑαυτὸν
2310 5487 2418 5538 ίδοῦ
2451 5485 2872 5556 συμπαρέμιξεν
2919 5487 3013 5539 ἐπὶ
3049 5482 3380 5554 συμμεθέξει
3423 5486 3517 5554 τῆς
3560 5485 3647 5551 χά-

2080 5593 2246 5646 ριτοςο
2268 5579 2568 5646 σκοπητέον
2594 5577 2649 5629 δὲ
2693 5579 2850 5645 εἰπερ
2896 5577 2954 5628 τὸ
2981 5575 3143 5645 φέρον
3203 5573 3454 5642 θεότητος
3488 5573 3648 5626 ἁδλου

2081 5670 2253 5738 σῆμα,
2283 5669 2574 5741 δυνήσεται
2607 5669 2702 5720 καὶ
2717 5668 2796 5736 τῷ
2825 5669 2968 5737 λόγῳ
2989 5659 3370 5738 προσαρμόσαι
3405 5671 3543 5716 κατὰ
3567 5665 3648 5717 εὑ-

2077 5761 2226 5813 θείαν
2239 5759 2464 5828 ἄρσενος
2494 5761 2749 5829 μετοχῆς,
2776 5761 2864 5811 ίνα
2891 5759 3117 5828 λέγηται
3145 5763 3172 5810 ὁ
3202 5756 3327 5818 Υἱὸς
3375 5756 3530 5824 ἄγειν
3567 5756 3648 5805 Gul

2089 5853 2179 5905 τοῦ
2220 5854 2374 5920 ἁγίου
2401 5854 2716 5922 Πνεῦματος
2740 5854 2870 5921 ἡμῖν
2904 5853 3051 5919 σῆμα
3074 5851 3170 5919 τῆς
3199 5847 3393 5903 ἑαυτοῦ
3415 5849 3649 5918 φύσεως.
