3804 6238
410 364 519 428 523

1136 352 1560 419 EUSTATHII
1599 352 2359 416 THESSALONICENSIS
2396 354 2961 418 METROPOLITJi
3525 366 3605 432 ξεί

412 473 698 538 invisibili,
738 472 969 529 formam
1047 484 1156 525 non
1226 468 1459 524 habente
1512 475 1567 522 et
1626 464 1989 521 inacccssihill

2121 466 2235 537 λεῷ,
2277 465 2337 520 οῦ
2374 466 2440 536 δὴ
2472 467 2660 530 ἁπλῶς
2691 468 2978 538 ἀνθρώπου
3018 472 3128 532 τοῖς
3165 473 3298 526 κατᾶ
3326 475 3437 528 νοῦν
3465 477 3612 548 lippa.

418 569 549 631 Deo,
586 568 807 637 quando
849 561 1224 634 spiritualibus
1284 559 1526 627 hominis
1580 558 1758 615 oculis
1789 572 1899 612 non
1934 557 1996 611 li-

415 673 607 728 gnum,
645 657 722 710 vel
778 654 949 717 trabs,
983 652 1067 707 vel
1102 652 1209 705 tale
1263 649 1410 706 aliud
1440 651 1546 705 vile
1605 649 1995 720 corpusculum

418 750 633 818 obiacet
654 752 720 803 ad
744 747 1083 816 eripiendam
1109 744 1353 799 divinam
1381 744 1685 809 visionem;
1720 744 1813 799 sed
1835 758 1999 797 mun-

420 846 623 900 danum
683 841 859 895 lutum
915 838 1043 893 vitae
1100 838 1323 892 humori
1386 836 1700 891 immistum
1781 835 2000 906 inungit

420 936 536 993 timi
567 936 741 989 instar
781 932 978 986 animae
1007 929 1365 996 intellectum,
1404 928 1475 981 ila
1508 938 1561 982 ut
1623 928 1850 982 omnino
1890 941 1999 981 non

422 1026 597 1095 possit
651 1038 744 1094 per
786 1036 845 1077 se
893 1021 1066 1090 ipsam
1123 1020 1405 1089 pervenire
1453 1019 1518 1073 ad
1556 1006 1823 1074 visionem
1882 1018 1997 1074 Dei.

347 1138 350 1143 θ
425 1117 483 1171 Si
517 1117 681 1186 igitur
729 1129 837 1168 non
896 1114 1094 1167 mirum
1150 1112 1396 1166 videatur
1429 1110 1782 1182 quibusdam,
1826 1111 2003 1165 sciant

424 1224 534 1263 non
590 1202 871 1277 vulgarem
942 1205 1215 1259 hominem
1264 1204 1437 1258 fuisse
1492 1204 1711 1276 Moysen
1758 1204 1999 1273 quandwo,

430 1309 490 1354 ut
521 1299 743 1371 quidam
764 1298 862 1364 ait,
897 1311 1019 1352 cum
1051 1295 1158 1350 Deo
1178 1296 1506 1382 loquebatur
1526 1298 1690 1352 amici
1728 1296 1903 1351 instar
1926 1296 2005 1350 {ac

427 1387 811 1452 miliarissimi,
849 1401 947 1441 nec
978 1381 1232 1441 humanis
1266 1386 1526 1439 utebatur
1543 1383 1740 1450 oculis,
1769 1384 1864 1438 sed
1889 1381 2005 1437 fere

430 1483 733 1553 angelicis;
767 1481 876 1534 imo
925 1481 1148 1534 omnino
1194 1477 1481 1548 angelicis.
1507 1476 1620 1531 Non
1641 1479 1784 1531 enim
1807 1476 2006 1545 depra‘

430 1576 597 1632 vabat
616 1575 883 1631 visionem
917 1573 1038 1642 ejus
1065 1571 1295 1626 materia
1318 1572 1514 1636 aliena,
1549 1587 1650 1624 nec
1674 1571 1834 1624 limus
1869 1584 2006 1640 qua-

431 1676 536 1724 lem
568 1668 831 1734 diximus,
887 1666 980 1735 qui
1031 1666 1279 1722 oblinere
1322 1664 1524 1735 gaudet
1581 1671 1636 1717 et
1671 1662 2005 1718 obtenebra-

2103 575 2187 613 σιν
2240 559 2302 612 οὐ
2363 558 2647 629 ξυλήφιον,
2678 560 2710 629 ἢ
2744 560 3017 630 δοκάριον,
3072 561 3106 632 ἢ
3165 563 3285 617 ἄλλο
3316 583 3362 618 τι
3407 570 3607 627 τοιοῦτον

2100 650 2307 720 φαῦλον
2347 652 2626 722 σωμάτιον
2665 653 2945 707 ἐπίκειται
2993 657 3076 717 εἱς
3113 654 3259 709 θείαν
3286 657 3399 728 ὅψιν
3427 664 3615 734 ἐπιπρο-

2103 742 2304 797 σθοῦν⁶
2335 745 2473 799 ἀλλά
2523 743 2654 816 χοῦς
2687 747 2933 818 κοσμικὴ
2991 747 3107 819 βίου
3156 749 3406 820 ὑγρότητι
3456 756 3615 811 ἀνακεο

2102 835 2403 905 κραμμὲνη
2458 835 2762 905 ἐμπλάττει
2814 835 2974 907 δίκην
3032 837 3179 900 ἰλύος
3224 841 3282 891 τὸ
3333 842 3499 911 νοερδν
3539 847 3616 915 τῆς

2101 926 2307 997 ψυχῆς.
2343 926 2418 990 ὡς
2450 928 2524 997 μὴ
2555 926 2889 994 ἐξικνεῖσθαι
2925 928 3065 993 ὅλως
3094 928 3157 982 τὸ
3182 930 3300 983 κατ’
3321 932 3475 1004 αὐτὴν
3496 936 3617 989 ὀπτι-

2105 1020 2201 1072 κὺν
2224 1021 2308 1084 εἰς
2333 1020 2463 1075 θέαν
2495 1022 2655 1077 Θεοῦ.
2711 1024 2771 1076 Ei
2807 1022 2991 1078 τοίνυν
3020 1023 3179 1077 τοῦτο
3209 1024 3402 1090 ξενίζον
3444 1027 3540 1097 ἔχει
3560 1048 3618 1083 τι·

2103 1113 2222 1178 νὰς,
2257 1113 2371 1167 ἀλλ’
2413 1113 2652 1168 ἴστωσαν
2694 1117 2914 1179 ἐκεῖνοι,
2956 1118 3038 1170 ὅτι
3072 1116 3266 1172 οὔκουν
3308 1121 3335 1172 ὁ
3368 1120 3523 1190 τυχὼν
3546 1122 3621 1176 ἄν·

2105 1204 2325 1275 θρωπος
2356 1202 2425 1276 ἦν
2451 1207 2479 1258 ὀ
2514 1207 2778 1276 Μωΰσῆς,
2818 1209 2907 1260 ὅτε
2946 1209 3087 1261 κατά
3123 1209 3210 1262 τὸν
3252 1209 3414 1275 οὕτως
3441 1214 3621 1265 εἰπόντα

2105 1297 2316 1368 ὡάριζε
2372 1298 2446 1368 τῷ
2489 1298 2611 1370 Θεῷ
2650 1298 2806 1371 δίκην
2839 1302 3174 1355 οἰκειοτάτου
3232 1303 3494 1372 ὀμιλητοῦ,
3531 1303 3624 1357 οὐδὲ

2106 1389 2411 1459 ὀφθαλμοῖς
2448 1390 2705 1459 διῳκεῖτο
2737 1391 3137 1464 ἀνθρωπικοῖς,
3185 1395 3316 1448 ἀλλά
3337 1395 3623 1463 ἀγγελοειξέ-

2111 1495 2218 1545 σιν,
2266 1483 2441 1535 εἰπεῖν
2471 1482 2529 1535 δὲ
2575 1482 2753 1553 ὀρθῶς
2787 1485 2880 1537 καὶ
2922 1487 3259 1554 ἁγγελικοῖς.
3289 1484 3362 1541 Οὐ
3392 1487 3489 1556 γὰρ
3522 1488 3625 1539 ἑκα-

2109 1573 2335 1644 κούργει
2366 1575 2464 1645 τὴν
2508 1574 2632 1645 ὄψιν
2664 1577 2813 1648 αὐτῷ
2859 1578 2984 1630 olive
3033 1578 3134 1650 ὕλη
3174 1596 3259 1643 τις
3307 1580 3496 1645 ἀλλοία,
3532 1580 3624 1632 οὐδὲ

2113 1666 2218 1737 μὴν
2254 1668 2391 1729 ἰλὺς.
2424 1669 2623 1722 ὁποίαν
2655 1670 2908 1742 εἴπομεν,
2944 1670 3251 1742 φιληδοῦσα
3283 1671 3629 1725 καταπλάττειν

431 1777 491 1815 re
552 1759 750 1816 animze
790 1759 996 1825 lumen,
1026 1765 1082 1813 et
1103 1758 1207 1814 sic
1237 1758 1481 1812 inutilem
1517 1755 1696 1810 facere
1720 1754 2004 1810 hominum

2121 1760 2205 1813 καὶ
2223 1760 2509 1832 ἀμαυροῦν
2527 1763 2586 1816 τὸ
2611 1763 2751 1817 κατά
2766 1763 2945 1835 ψυχὴν
2962 1764 3099 1833 φῶς,
3121 1765 3217 1818 καὶ
3238 1762 3402 1827 οὕτως
3423 1762 3631 1835 ἁχρειοῦν

406 1852 810 1922 .prudcntiam;
842 1849 938 1905 sed
969 1865 1093 1904 cum
1116 1850 1475 1918 expunxisset
1490 1855 1701 1902 euturet
1738 1847 2005 1902 removis-

2121 1853 2171 1905 τὸ
2218 1854 2275 1906 ὲν
2325 1856 2636 1927 ἀνθρώποις
2664 1857 2929 1929 νηφάλιον
2952 1874 2964 1887 ·
3000 1858 3136 1912 ἀλλά
3196 1856 3471 1929 ἐξαλείψας
3502 1858 3632 1926 “WE?

433 1954 536 2008 set,
573 1954 631 1997 ut
693 1942 873 2011 aptius
924 1941 1138 2010 loquar,
1192 1955 1316 1995 cum
1363 1940 1699 1995 excussisset
1727 1938 1794 1993 de
1848 1939 2009 1995 oculo

402 2037 636 2092 ementis
656 2037 1067 2106 impedimenta,
1098 2034 1237 2088 vidit
1266 2034 1579 2099 Dominum,
1614 2041 1668 2087 et
1697 2033 1884 2086 statim
1910 2032 2010 2086 ini-

433 2130 734 2195 tiatus-est,
769 2128 884 2182 sive
941 2126 1153 2196 accepit
1213 2124 1461 2180 nentiam
1525 2125 1644 2190 ejus
1700 2124 1791 2194 qui
1849 2122 2012 2179 hodie

436 2220 746 2276 celebratur
799 2218 1057 2288 Spiritus,
1094 2219 1184 2287 qui
1231 2231 1354 2272 cum
1394 2215 1506 2271 Deo
1555 2229 1770 2284 semper
1821 2225 1905 2270 est
1956 2221 2011 2269 et

437 2315 787 2384 cognoscitur
817 2321 875 2366 et
906 2311 1187 2375 cernitur;
1218 2323 1380 2380 quem
1410 2307 1595 2361 statim
1628 2316 1684 2361 et
1721 2316 2013 2361 veneratus

437 2416 541 2470 est,
585 2413 645 2457 ut
678 2404 910 2469 videtur,
935 2402 1188 2456 cantibus
1222 2414 1332 2454 non
1366 2399 1703 2469 vulgaribus,
1760 2399 1856 2454 sed
1886 2413 2013 2453 vere

441 2497 938 2565 divinisﬁsupernt:
960 2492 1176 2547 amatus
1198 2493 1339 2547 sicut
1369 2500 1422 2545 ct
1455 2493 1505 2544 in
1536 2491 1813 2545 celebrato
1838 2491 2010 2545 exitu.

436 2589 555 2643 Non
613 2586 762 2641 enim
812 2584 1013 2641 accidit
1057 2585 1107 2638 ei
1146 2586 1290 2638 sicut
1317 2581 1513 2636 Manoc
1569 2583 1797 2636 dicere:
1840 2580 2014 2635 Perii-

441 2696 585 2745 mus,
617 2677 785 2733 Deum
812 2678 1092 2733 vidimus:
1125 2678 1240 2741 sed,
1289 2673 1560 2735 Viximus.
1592 2685 1647 2730 ct
1679 2673 1841 2728 vitam
1883 2689 2006 2744 pro-

424 2771 717 2836 duximus,
757 2778 812 2823 et
850 2767 1154 2845 continuati
1203 2781 1425 2833 sumus;
1464 2765 1575 2819 Deo
1613 2767 2017 2836 appropinqua.

436 2863 639 2927 vimus,
694 2858 806 2914 Deo
862 2858 1120 2913 collocuti
1173 2871 1367 2911 sumus
1420 2866 1478 2910 ut
1534 2856 1826 2924 discipuli;
1868 2856 2013 2911 unde

436 2953 602 3008 lzetari
633 2959 849 3022 oportet
902 2957 960 3005 et
1012 2947 1235 3001 laudare
1283 2945 1476 3013 Deum,
1532 2954 1589 3000 et
1634 2947 1754 3002 laeta
1789 2961 2010 3011 canere.

439 3062 547 3100 non
587 3044 907 3113 simpliciter
936 3043 1077 3096 sicut
1129 3054 1252 3110 qua;
1293 3040 1459 3109 vulgo
1515 3038 1812 3095 laudabilia
1863 3047 2013 3107 sunt,

439 3137 533 3192 sed
565 3144 711 3191 certe
741 3133 948 3197 divina,
968 3147 1064 3202 per
1090 3146 1212 3202 quae
1231 3137 1284 3184 ct
1311 3129 1507 3184 animae
1524 3130 2015 3188 bonitasdemous—

442 3233 639 3289 tratur,
669 3236 721 3278 ct
746 3221 1003 3293 gaudium
1031 3220 1099 3276 de
1119 3222 1300 3285 bono;
1327 3219 1496 3274 Deum
1548 3222 1693 3276 enim
1722 3222 1803 3277 vel
1829 3221 2014 3277 divina

424 3316 688 3382 laudare,
743 3314 938 3368 animae
977 3310 1151 3365 virtus
1206 3320 1333 3378 est;
1389 3312 1664 3369 cantando
1716 3322 1901 3368 autem
1954 3329 2017 3370 ea

438 3408 706 3479 proferre,
739 3406 936 3460 lautitia:
969 3406 1270 3468 indicium'
1308 3421 1431 3460 cum
1466 3406 1675 3460 nullum
1703 3406 1778 3475 sit
1814 3407 2021 3463 animal

437 3503 620 3567 triste,
682 3507 903 3554 cantare
946 3497 1232 3551 voluimus.
1960 3502 1973 3510 '

515 3711 569 3764 5.
608 3706 746 3764 Vide
778 3709 830 3761 in
869 3706 1207 3776 supracitato
1238 3704 1462 3775 hymno,
1514 3703 1618 3758 hoc
1649 3718 1667 3759 :
1697 3705 1878 3759 divina
1911 3715 2019 3759 tec-

447 3812 530 3857 tus
594 3801 807 3865 nebula,
882 3798 1089 3854 dictum
1146 3796 1215 3851 ad
1283 3792 1693 3850 distinctionem
1746 3795 2016 3851 naturalis

445 3895 727 3952 nubecula
765 3892 1098 3950 densam-in
1130 3899 1509 3961 tempestatem
1552 3889 1757 3944 aeriam
1792 3888 2020 3943 rutilan-

449 4007 577 4057 tem,
610 4005 706 4058 per
733 4003 894 4058 quam
930 3988 1204 4042 laeduntur
1230 3986 1529 4054 aliquando
1568 3997 1690 4054 quae
1727 3983 1784 4036 in
1811 3980 2020 4036 mundo

446 4098 613 4149 sunt;
662 4084 846 4137 adhuc
880 4091 932 4135 et
971 4081 1202 4134 aliarum
1256 4078 1483 4132 nubium
1522 4077 1714 4145 quales
1752 4075 2024 4130 violenter

448 4180 661 4249 spirare
729 4178 940 4231 laetatur
986 4173 1258 4244 pessimus
1325 4171 1540 4225 daemon
1591 4170 1661 4225 ad
1719 4170 2018 4240 perniciem

449 4268 726 4333 Ecclesiae,
748 4274 805 4321 et
826 4266 1011 4320 dicere
1041 4277 1259 4332 possem
1287 4260 1732 4316 Christianitatis.
1766 4260 1843 4313 Ex
1875 4259 2019 4312 mul-

452 4362 527 4416 tis
583 4361 734 4415 hisce
789 4356 1027 4412 nubibus
1054 4354 1297 4424 repletur
1347 4352 1578 4408 historia
1629 4365 1812 4413 sacra,
1855 4365 2018 4422 quam

451 4455 704 4525 princeps
757 4450 1109 4505 tenebrarum
1172 4444 1494 4511 condensat,
1548 4443 1775 4499 nebulas
1804 4445 1860 4497 in
1926 4459 2023 4499 eos

2113 1946 2207 1998 καὶ
2233 1946 2563 2016 ἀπαγαγὼν,
2589 1949 2948 2019 καιριώτερον
2970 1951 3025 2004 δὲ
3059 1952 3253 2019 φάναι,
3286 1949 3547 2013 ἐκτινάξας
3562 1948 3632 2001 τοῦ

2112 2041 2254 2093 κατὰ
2283 2039 2406 2093 νοῦν
2458 2040 2762 2113 ὀφθαλμοῦ,
2798 2043 2902 2113 όρᾷ
2930 2060 2988 2095 τε
3038 2043 3131 2095 τὸν
3185 2043 3473 2115 κυριότητα
3514 2041 3637 2106 ὄντα,

2113 2134 2209 2186 καὶ
2238 2133 2439 2187 αὐτίκα
2472 2137 2692 2205 μυεῖται
2727 2134 2906 2188 εῖτουν
2940 2133 3501 2207 μυσταγωγεῖταιτὴν
3526 2135 3635 2203 γνῶ-

2117 2244 2202 2279 σιν
2237 2227 2331 2280 τοῦ
2364 2229 2607 2300 σήμερον
2653 2229 3048 2299 ἐορταζομένου
3097 2229 3432 2300 Πνεῦματος,
3452 2227 3535 2281 τοῦ
3575 2227 3640 2279 ἀεὶ

2117 2321 2213 2374 σὺν
2238 2320 2432 2392 ἐκείνῳ
2470 2323 2564 2376 καὶ
2593 2322 2745 2376 ὄντος
2777 2331 2870 2376 κα·⁴
2907 2324 3322 2393 γινωσκομένου
3354 2323 3442 2376 καὶ
3469 2322 3636 2391 ὁρωμέ·

2115 2429 2241 2466 νου·
2272 2414 2408 2485 ὅπερ
2441 2414 2601 2479 εὐθὺς
2640 2416 2737 2467 καὶ
2777 2416 3084 2487 ἐγέραιρεν,
3133 2414 3214 2480 ὡς
3239 2415 3403 2478 είκδς,
3449 2414 3646 2487 ᾄσμασιν

2122 2506 2183 2560 οὗ
2214 2509 2328 2570 τοῖς
2354 2506 2635 2578 τυχοῦσιν,
2667 2508 2801 2563 ἀλλὰ
2823 2508 3023 2580 δηλαδὴ
3057 2509 3285 2574 ἐνθέοις,
3330 2507 3571 2573 ἐνθεάζων
3594 2505 3641 2571 δή

2117 2616 2222 2652 που
2277 2598 2420 2653 κατά
2470 2600 2538 2654 τά
2586 2602 2641 2654 ἐν
2694 2605 2758 2672 τῇ
2817 2605 3184 2674 περιυμνήτῳ
3240 2603 3418 2675 ἐξόδῳ.
3464 2601 3528 2655 Οῦ
3564 2600 3649 2667 γὰρ

2118 2692 2320 2762 ἐπῆλθε
2352 2694 2447 2747 καὶ
2481 2692 2633 2764 αὐτῷ
2658 2696 2802 2750 κατά
2831 2697 2922 2749 τὸν
2954 2697 3156 2751 Μανωὲ
3200 2697 3397 2767 λέγων,
3422 2699 3489 2759 ὠς
3515 2695 3646 2748 Ἀπο-

2116 2784 2391 2857 λώλαμεν,
2419 2787 2550 2841 Θεὸν
2578 2790 2926 2861 ἑωράκαμεν·
2952 2791 3087 2845 ἀλλὰ
3106 2788 3650 2864 Ἐζήσαμεν,διεγενό-

2104 2877 2285 2947 μεθα,
2334 2881 2696 2951 συνέστημεν,
2730 2881 2849 2953 Θεῷ
2881 2885 3223 2956 ὴγγξσαμεν,
3262 2883 3509 2957 ὁμιληταὶ
3542 2879 3651 2934 Θεοῦ

2119 2973 2562 3044 χρηματίζομεν.
2597 2977 2689 3028 Διὸ
2726 2978 2817 3030 καὶ
2849 2976 3186 3046 ἀγάλλεσθαι
3224 2980 3358 3049 χρὴ,
3392 2978 3482 3030 καὶ
3506 2972 3655 3045 γεραί-

2120 3082 2237 3137 ρειν
2261 3066 2351 3119 τὸν
2372 3069 2525 3134 Θεὺν,
2548 3071 2644 3123 καὶ
2669 3069 2816 3142 ᾄδειν
2840 3073 3187 3141 χαρμόσυνα,
3212 3072 3315 3142 οὐχ
3336 3069 3512 3130 ἀπλῶς
3526 3066 3653 3120 ὁποῖα

2119 3156 2189 3210 τά
2231 3158 2527 3223 πολιτικῶς
2582 3160 2863 3226 ἐπαινετὰ,
2896 3160 3056 3216 ἔνθεα
3097 3164 3204 3230 μέν
3236 3179 3342 3230 τοι,
3376 3160 3445 3214 δι’
3471 3151 3537 3213 ὧν
3576 3154 3654 3209 καὶ

2121 3248 2427 3319 χρηστότης
2459 3249 2638 3321 ψυχῆς
2686 3253 3010 3320 ἐκφαίνεται
3055 3253 3152 3307 καὶ
3206 3253 3457 3325 χαρμονὴ
3491 3249 3570 3302 ἐπὶ
3597 3244 3655 3313 τῷ

2122 3336 2313 3408 ἀταθῷ
2333 3353 2347 3368 ⁸
2382 3338 2444 3391 τὸ
2473 3341 2573 3409 μὲν
2600 3340 2706 3411 γὰρ
2739 3341 2932 3412 ὑμνεῖν
2966 3345 3057 3396 τὸν
3092 3343 3232 3396 Θεὸν
3264 3342 3297 3413 ἢ
3329 3340 3394 3393 τὰ
3421 3340 3550 3401 θεῖα,
3574 3337 3657 3407 ψυ-

2122 3431 2226 3499 χῆς
2255 3430 2421 3501 ἀρετή
2449 3446 2464 3462 ·
2499 3431 2559 3484 το
2603 3432 2661 3485 δὲ
2706 3436 2802 3486 καὶ
2848 3435 3179 3505 ᾀσματικῶς
3230 3436 3375 3490 αὐτὰ
3415 3433 3659 3506 προάγειν,

2125 3520 2395 3590 σύμδολον
2448 3514 2681 3593 ἡδονῆς·
2739 3525 2863 3578 ἐπεὶ
2919 3527 3088 3595 μηδὲν
3133 3526 3283 3591 ζῶον
3336 3523 3661 3593 λυπούμενον.

2124 3612 2270 3684 ᾄδειν
2302 3630 2376 3665 πα
2384 3614 2709 3686 ρελάσομεν.

2190 3704 2260 3775 γ’.
2293 3706 2436 3777 Ὅρα
2461 3708 2515 3761 δὲ
2535 3709 2592 3761 ὲν
2621 3711 2688 3779 τῇ
2722 3710 2951 3782 ῥηθείσῃ
2978 3711 3088 3784 ᾠδῇ
3112 3713 3177 3767 τὸ
3213 3716 3357 3782 θείῳ
3378 3710 3665 3781 καλυφθείς

2127 3800 2354 3866 γνόφῳ,
2383 3798 2549 3870 ῥηθὲν
2578 3801 2675 3854 καὶ
2708 3801 2802 3855 ἐπὶ
2830 3802 3085 3876 διαστολῇ
3118 3806 3367 3875 φυσικοῦ
3400 3823 3538 3870 τινος
3573 3803 3669 3872 γνό-

2124 3904 2228 3954 φου
2259 3888 2638 3953 πυκνωθέντος
2660 3891 2741 3954 εἰς
2770 3891 2995 3963 ἔκρηξιν
3034 3895 3236 3962 ἀερίαν
3272 3896 3592 3964 πυρόεσσαν,
3615 3888 3669 3941 δι’

2123 3977 2189 4052 ἧς
2240 3981 2571 4049 βλάπτονται
2603 3999 2736 4036 ποτε
2785 3985 2853 4040 τὰ
2904 3987 3046 4041 κατά
3082 3989 3323 4059 κόσμον.
3351 3989 3473 4043 Ἔτι
3504 3985 3555 4040 δὲ
3599 3984 3672 4036 καὶ

2126 4073 2261 4141 πρὸς
2297 4072 2566 4140 ὲτεροίους
2597 4074 2855 4146 γνόφους,
2899 4079 3117 4144 ὁποίους
3150 4083 3472 4150 ἐπαιγιζειν
3507 4074 3672 4147 φιλείὁ

2129 4165 2438 4233 ἀρχέκακος
2483 4164 2698 4237 δαίμων
2746 4169 2835 4223 ἐπὶ
2869 4169 3043 4243 βλάσῃ
3074 4173 3536 4245 ὲκκλησιαστικῇ,
3585 4171 3676 4239 £16-

2131 4274 2268 4327 μενα
2311 4258 2365 4312 δὲ
2419 4260 2617 4327 εἰπεῖν,
2671 4270 3047 4339 χριστιανικῇ.
3096 4269 3209 4322 Καὶ
3267 4271 3435 4340 γέμει
3496 4265 3672 4321 πολλῶν

2126 4350 2385 4406 τοιούτων
2413 4354 2627 4421 γνόφων
2653 4357 2684 4426 ἡ
2717 4358 2847 4424 ἁγία
2882 4357 3139 4430 Ἰστορία,
3165 4361 3268 4428 οὓς
3290 4365 3320 4418 ό
3348 4363 3446 4418 τοῦ
3486 4360 3678 4420 σκότους

2125 4443 2310 4513 ἄρχων
2347 4449 2561 4514 πυκνοῖ,
2600 4449 2831 4517 νεφέλας
2862 4452 3101 4524 ἀγείρων
3135 4456 3289 4510 κατά
3328 4457 3440 4511 τῶν
3485 4450 3678 4524 μισούνο

450 4559 793 4617 congregans
822 4541 919 4612 qui
952 4546 1333 4605 contemnunt,
1367 4537 1638 4593 insidians
1693 4536 2014 4607 quandoque

2130 4551 2238 4588 των
2264 4536 2435 4608 αὐτῷ,
2472 4541 2941 4613 συσκευαζόμενος
2985 4545 3085 4615 μέν
3122 4564 3262 4602 ποτε
3300 4552 3399 4603 καὶ
3445 4546 3683 4619 τεχνώμεσ

448 4653 506 4694 et
545 4637 868 4693 maclttnans
901 4642 958 4687 ut
1002 4631 1058 4687 in
1106 4632 1282 4686 lucem
1342 4637 1492 4684 tonet
1519 4636 1576 4684 et
1604 4626 1869 4697 fulguret,
1915 4642 2024 4682 non

449 4730 637 4785 valens
673 4738 856 4782 autem
895 4724 997 4780 hoc
1028 4721 1209 4778 facere
1249 4735 1422 4790 usque
1457 4720 1511 4773 in
1549 4722 1736 4785 tinent,
1770 4729 1825 4774 ct
1873 4730 2028 4775 tene-

450 4827 646 4879 brosus
691 4821 841 4876 brevi
874 4818 1136 4877 evadens,
1168 4816 1307 4871 sicut
1366 4814 1548 4869 lumen
1583 4813 1813 4883 fulguris
1857 4814 2025 4868 simul

454 4930 517 4968 ac
542 4915 745 4967 emicat
771 4910 1074 4966 evanescit.
1102 4907 1220 4963 Non
1242 4907 1365 4963 talis
1392 4920 1523 4977 ergo
1579 4905 1779 4960 nebula
1805 4904 2024 4960 beatum

454 5003 673 5075 operuit
702 5002 965 5072 Moysem,
998 4999 1092 5054 sed
1117 5013 1174 5052 re
1228 5000 1342 5068 ipsa
1375 4997 1591 5062 divina;
1661 5012 1693 5051 a
1741 4996 1851 5052 Deo
1878 4997 2025 5052 enim

466 5104 788 5165 congregata
830 5093 884 5148 in
906 5101 1085 5145 atrum
1122 5092 1455 5144 condensata
1483 5100 1589 5157 est,
1627 5100 1684 5145 et
1710 5089 1892 5144 virum
1925 5087 2025 5144 Dei

456 5189 834 5251 circumfudit,
867 5197 923 5241 et
955 5186 1116 5241 modo
1144 5184 1304 5254 quasi
1340 5184 1393 5237 in
1431 5187 1635 5256 templo
1681 5184 1873 5240 divino
1908 5185 2029 5255 ipso

458 5284 546 5337 vel
605 5281 790 5337 schola
827 5278 971 5334 Deus
1004 5278 1328 5348 loquebatur
1358 5287 1419 5332 ut
1468 5279 1745 5348 magister,
1779 5289 1836 5333 et
1888 5281 2034 5333 scri-

460 5376 668 5440 bebat;
703 5371 916 5443 Moyses
965 5382 1146 5425 autem
1178 5370 1293 5424 lucc
1348 5370 1544 5424 exinde
1601 5371 1864 5426 hauriens
1904 5383 2033 5441 pro-

458 5468 745 5541 mulgavit.

526 5567 580 5620 4.
609 5561 746 5618 Vide
779 5572 941 5618 tectus
993 5563 1522 5633 opportunissimum
1564 5562 1809 5626 verbum,
1848 5569 1901 5614 et
1932 5559 2030 5615 ad-

452 5656 761 5726 iacentibus
817 5670 1127 5726 congruens
1173 5672 1189 5721 ;
1242 5670 1349 5710 non
1401 5655 1547 5709 enim
1609 5660 1885 5720 coopertus
1946 5650 2028 5705 vel

456 5749 603 5803 aliud
624 5747 802 5804 simile
825 5747 1022 5804 fuisset
1047 5747 1227 5816 aptius
1260 5746 1348 5801 hic
1399 5745 1569 5817 Moysi
1607 5759 1769 5813 quam
1821 5752 2027 5808 tectus;

370 5875 377 5882 -
455 5851 509 5894 et
540 5840 749 5895 videtur
799 5841 1032 5911 prodire
1066 5840 1288 5894 verbum
1343 5838 1446 5893 hoc
1476 5850 1564 5891 ‘cx
1602 5834 1812 5903 aulicis,
1866 5834 2030 5890 otiis

2132 4643 2241 4693 νος,
2300 4630 2392 4682 κοιλ⁴
2430 4631 2510 4695 εἰς
2543 4632 2661 4702 φῶς
2697 4634 3114 4705 ὲξαστράπτειν,
3148 4641 3252 4694 καὶ
3286 4640 3468 4703 οὕτως
3516 4640 3684 4703 ἐκλάε-

2130 4732 2256 4770 πειν
2281 4734 2294 4747 ’
2331 4718 2431 4773 οὐκ
2486 4720 2625 4791 ἔχων
2658 4720 2715 4777 δὲ
2770 4725 3071 4795 κατορθοῦν
3113 4729 3251 4782 αὐτὸ
3286 4732 3388 4784 καὶ
3427 4733 3507 4795 εἰς
3538 4729 3687 4789 τέλος.

2129 4806 2266 4859 ἀλλά
2312 4812 2584 4876 σκοτιαῖος
2615 4815 2751 4885 ταχὺ
2807 4816 3142 4884 ἀποϐαίνων,
3168 4820 3253 4883 ὡς
3306 4823 3409 4876 καὶ
3441 4822 3593 4881 σέλας
3613 4820 3690 4869 ἀσ-

2128 4903 2398 4968 τραπαῖον
2429 4903 2721 4975 ὲκλάμψαν
2748 4910 2968 4981 ἀπέσϐη
2995 4927 3009 4940 ·
3043 4912 3103 4964 οὐ
3135 4914 3330 4966 τοίνυν
3362 4912 3594 4972 τοιοῦτος
3622 4909 3691 4960 τοι

2133 4997 2404 5065 μακάριον
2450 4998 2693 5070 Μωῦσῆν
2724 5002 3088 5074 ἀμφεκάλυψε
3142 5005 3383 5074 γνόφος,
3442 5003 3575 5058 ἀλλὰ
3632 5000 3691 5066 τῷ

2130 5087 2244 5142 ὄντι
2283 5088 2459 5154 θεῖοςο
2499 5092 2602 5145 ὑπὸ
2630 5093 2765 5148 Θεοῦ
2797 5112 2857 5148 τε
2900 5096 3009 5166 γὰρ
3039 5101 3401 5169 συνηγμένος
3437 5099 3515 5162 εἰς
3553 5092 3694 5166 μέλαν

2131 5182 2486 5251 ἑστεγάνωτο,
2523 5187 2616 5239 καὶ
2637 5186 2775 5241 Θεοῦ
2811 5189 3255 5260 περιελάμϐανεν
3277 5191 3598 5262 ἀνθρωπονι
3623 5187 3699 5237 καὶ

2132 5274 2230 5327 ὅσα
2266 5276 2359 5330 καὶ
2407 5279 2534 5347 περὶ
2582 5282 2837 5347 μουσεῖον
2870 5280 3011 5336 θεῖον
3052 5282 3223 5337 αὐτὸν
3258 5284 3293 5356 ἢ
3344 5280 3697 5339 διδασκαλεῖον

2132 5366 2265 5431 Θεὸς
2291 5369 2390 5437 μὲν
2438 5369 2618 5424 ἐλάλει
2644 5372 2893 5443 ἐξάρχων
2920 5375 3014 5429 καὶ
3041 5375 3280 5445 ἔγραφε,
3312 5376 3549 5446 Μωῦςης
3576 5374 3626 5427 δὲ
3649 5373 3703 5422 τὰ

2133 5461 2344 5514 ἐκεῖθεν
2373 5463 2812 5535 μεταλαμϐάνων
2843 5468 3276 5539 ὲῤῥητόρευσεν.

2204 5554 2267 5609 δ’.
2296 5555 2440 5628 Ὅρα
2478 5557 2535 5612 δὲ
2589 5559 2649 5613 τὸ
2701 5561 3050 5630 καλυφθεὶς,
3089 5563 3489 5631 καιριωτάτην
3522 5561 3705 5625 ταύτην

2131 5645 2277 5711 λέξιν
2311 5654 2406 5705 καὶ
2451 5655 2564 5717 τοῖς
2599 5656 2984 5723 προκειμένοις
3030 5652 3412 5724 εὐάρμοστον.
3452 5650 3591 5705 Οῦτε
3618 5650 3709 5718 τᾶρ

2133 5742 2194 5792 τὸ
2224 5745 2576 5806 σκεπασθεὶς.
2607 5745 2730 5798 οὗτε
2768 5747 2896 5800 ἄλλο
2944 5765 2993 5799 τι
3031 5744 3280 5800 τοιοῦτον
3323 5746 3628 5816 προφύοιτο
3654 5738 3711 5793 ἂν

2135 5836 2208 5905 τῷ
2227 5837 2433 5908 Μωῦςῇ
2455 5839 2683 5893 ἐνταῦθα
2721 5840 2945 5911 μᾶλλον,
2972 5841 3114 5910 ἢπερ
3138 5836 3198 5889 τὸ
3224 5832 3593 5909 καλυφθείς.
3621 5832 3711 5886 Καὶ
