3968 6244
295 371 402 434 525

1112 375 1194 436 IN
1232 350 1573 440 HYtt'NUM
1611 378 2267 455 PENTECUSTALEM
2300 383 2750 446 DAMASCENI.

3433 377 3540 441 5'26

289 483 439 540 δοτεῖ
481 482 779 553 ὡρμῆσθαι
805 484 841 554 ἡ
876 483 1020 550 λέξις
1067 486 1131 539 ἐκ
1160 487 1269 541 τῶν
1301 490 1610 561 ουρατικῶν
1659 493 1868 562 καλυμο
1902 543 1909 558 ι

1994 495 2213 552 naxime
2266 512 2388 567 qtue
2437 497 2641 553 similia
2682 498 2766 555 sic
2819 497 3025 553 vocatis
3073 495 3310 561 nebulis,
3346 497 3550 552 retium

293 577 505 647 μάτων,
539 577 637 629 καὶ
668 577 875 646 μᾶλλον
915 578 1025 632 τῶν
1054 581 1196 635 κατὰ
1223 583 1321 646 τάς
1351 584 1494 638 οὓτω
1528 586 1872 657 καλουμένας

288 663 521 732 νεφέλας
551 704 569 729 ,
617 665 817 719 ὁπόσαι
880 667 1216 737 πλεκόμεναι
1273 671 1582 741 δικτυωδῶς
1630 694 1875 733 καταπε-

289 758 589 815 τὰννυνται
609 760 907 826 πετεινῶν,
931 763 1028 816 καὶ
1073 765 1487 837 περιειληφυται
1519 769 1708 841 κύκλῳ
1731 772 1872 826 αὐτὰ

291 847 624 918 κατέχουσιν
655 850 787 917 ἔσω,
817 852 913 906 καὶ
935 851 1038 904 οὐκ
1082 854 1317 922 ἀφιᾶσιν
1348 856 1776 914 ὲκδιδύσκεσθαι
1811 861 1875 915 τὸ

294 937 732 1012 ἀμφίϐληστρον.
784 941 943 995 Οὕτω
997 943 1105 1014 γάρ
1138 963 1278 1013 πως,
1321 949 1754 1019 κυριολεκτικῶς
1801 954 1879 1005 εξ-

294 1032 441 1097 πεῖν,
478 1033 710 1102 κάτοχος
746 1033 824 1103 τῷ
855 1033 977 1104 θεῷ
1002 1036 1297 1105 γενόμενος
1324 1039 1352 1089 6
1379 1038 1680 1108 καλυφθεις
1710 1042 1877 1095 Μωῦ-

297 1123 421 1193 σῆς,
450 1125 570 1187 ὅλος
612 1120 683 1195 ἦν
720 1125 960 1193 ἐκείνου,
992 1128 1087 1180 καὶ⁵
1119 1128 1256 1199 πρὸς
1291 1129 1490 1201 ἐκείνῳ
1524 1133 1620 1186 καὶ
1647 1132 1715 1186 δι’
1736 1134 1880 1187 ὲκεί-

295 1233 388 1271 vou
433 1217 656 1288 ἐνήργει
689 1220 755 1271 τά
804 1220 1175 1290 κελευόμενα’
1220 1222 1465 1279 τοιούτου
1515 1225 1572 1279 δὲ
1604 1226 1875 1297 νοήματος

296 1310 535 1381 ἤρτηται
563 1311 659 1364 καὶ
687 1310 746 1364 τὸ
776 1312 1117 1382 κεκαλύφθαι
1147 1314 1247 1385 μὲν
1271 1314 1371 1385 τὴν
1402 1315 1674 1386 Ἐρυθρὰν
1699 1316 1879 1386 ὕδατι,

300 1399 750 1471 ἀνακαλυφθῆναι
794 1402 852 1455 δὲ
879 1403 948 1456 τὰ,
977 1403 1193 1474 ἐκείνης
1227 1402 1457 1476 θεμέλια
1495 1407 1551 1458 ὲν
1589 1409 1655 1477 τῇ
1687 1405 1879 1461 διαδά-

304 1508 387 1545 σει
430 1492 523 1545 τοῦ
565 1494 803 1571 Ἰσραήλ.
848 1493 1008 1549 Οὕτω
1038 1495 1132 1549 καὶ
1166 1496 1360 1561 πόντος
1404 1499 1611 1562 ἐκεῖνος
1640 1498 1734 1551 τὸν
1760 1499 1870 1553 Φα-

1980 587 2153 665 instar
2180 588 2475 659 implicata,
2510 592 2705 646 avibus
2735 590 3148 660 expenduntur,
3176 598 3235 644 et
3265 590 3318 643 in
3354 603 3551 659 gyrum
3640 592 3657 673 ς’
3758 592 3765 599 ’

1980 675 2316 735 circumacta
2388 696 2484 736 eas
2530 681 2681 736 intus
2703 681 2971 747 detinent,
3000 697 3103 737 nec
3125 680 3269 736 elabi
3304 681 3493 736 sinunt
3523 696 3556 735 e

1980 768 2232 826 reticulo.
2264 770 2361 826 Sic»
2386 785 2538 842 ergo.
2582 782 2642 826 ut
2675 773 2896 842 proprie
2929 772 3130 836 dicam,
3178 788 3206 824 a
3239 771 3350 827 Deo
3382 785 3557 827 occu-

1981 871 2144 931 palus
2175 869 2352 921 tectus
2383 863 2615 936 Moyses,
2643 873 2792 921 totus
2826 876 2943 920 erat
2970 866 3112 934 cjus,
3156 874 3211 920 et
3251 880 3351 935 pro
3398 879 3466 921 eo
3500 874 3559 919 et

1983 967 2079 1022 per
2103 968 2228 1008 eum
2249 955 2403 1025 iussa
2436 955 2755 1026 perficiebat
2779 957 2895 1026 (tali
2914 957 3082 1012 menti
3108 956 3268 1011 aliine
3297 966 3379 1013 est
3409 960 3557 1027 quod

1985 1058 2136 1097 mare
2183 1043 2435 1101 Rubrum
2469 1049 2618 1102 unda
2666 1057 2984 1118 coepertum
3039 1058 3138 1116 est,
3176 1057 3231 1103 ct
3285 1049 3556 1118 profunda

1982 1133 2103 1204 ejus
2130 1134 2345 1190 detecta
2377 1146 2506 1191 sunt
2543 1138 2598 1191 in
2645 1139 2883 1194 transitu
2932 1138 3172 1193 ﬁliorum
3229 1138 3433 1204 lsrael;
3476 1141 3559 1196 sic

1981 1233 2036 1281 et
2069 1242 2219 1283 mare
2243 1227 2377 1284 illud
2405 1227 2752 1286 Pharaonem
2782 1245 2907 1287 cum
2944 1231 3242 1287 comitibus
3276 1235 3393 1288 suis
3418 1248 3557 1288 coo-

1988 1319 2229 1389 pcruit),
2267 1328 2325 1375 et
2351 1323 2586 1378 revelata
2642 1323 2784 1380 facie
2822 1325 2915 1379 tali
2943 1326 3399 1396 contemplatione
3427 1340 3559 1395 pro.
3612 1326 3617 1330 ’

1984 1409 2147 1478 spicit
2171 1425 2186 1475 ;
2214 1418 2267 1465 et
2291 1409 2496 1467 detecti
2547 1414 2707 1484 plane
2744 1415 2916 1484 oculi,
2957 1417 3054 1473 tali
3085 1418 3352 1472 velamine
3381 1420 3558 1484 exuti,

1983 1501 2154 1570 aperti
2184 1512 2313 1558 sunt
2343 1514 2402 1559 ut
2430 1507 2539 1562 late
2581 1509 2850 1565 viderent.

308 1588 421 1657 ραὼ
451 1587 550 1641 σὺν
576 1589 688 1649 τοῖς
711 1578 1040 1656 ἀμφ’ἀὺτὸν
1072 1589 1309 1661 ἐκάλυψε
1329 1608 1341 1620 ·
1378 1592 1558 1644 καὶτὸ
1608 1591 2134 1662 ἀνακεκαλυμμένον
2160 1595 2217 1649 δὲ
2280 1599 2597 1668 πρόσωπον,
2655 1603 2912 1674 τοιαύτης
2979 1603 3215 1673 θεωρίας
3274 1606 3564 1661 ἐκκύπτειο

307 1679 403 1732 καλ⁵
448 1679 497 1730 οἱ
563 1677 1089 1751 ἀποκεκαλυμμένοι
1151 1679 1447 1746 δαυιτικῶς
1516 1681 1813 1753 ὀφθαλμοὶ,
1886 1684 2146 1771 τοιαύτην
2195 1690 2573 1760 κατακαλυψιν
2627 1694 2903 1759 ἐκδύντες,
2951 1697 3260 1769 ἀνεῴγασιν
3345 1697 3567 1768 βλέπειν

306 1769 506 1824 πλατύ.

376 1862 440 1921 ε’.
473 1864 620 1935 Ὅρα
649 1864 704 1918 δὲ
738 1863 814 1927 ὡς
846 1863 1034 1936 γνόφῳ
1059 1863 1360 1933 καλυφθεὶς
1392 1868 1420 1920 6
1447 1867 1712 1940 Μωῦσης,
1740 1870 1892 1940 ὅμως

2068 1870 2121 1924 5.
2158 1869 2290 1927 Vide
2320 1888 2488 1942 porro
2520 1876 2799 1943 quomodo
2829 1878 2973 1933 nube
3001 1888 3181 1936 tectus
3214 1882 3426 1955 Moyses
3454 1901 3561 1941 non

306 1961 406 2014 οὐκ
436 1961 737 2014 ἐσκότωται
788 1959 1061 2029 ζοφωθεῖς
1107 1960 1313 2029 ὁμοίως
1363 1961 1444 2032 τῷ
1487 1965 1884 2019 καταπεπλασο

1994 1971 2169 2018 tamen
2202 1965 2559 2034 tenebrescit,
2594 1969 2833 2039 caligine
2855 1970 3228 2048 circumfusus
3262 1981 3425 2047 quasi
3446 1980 3561 2034 illi-

308 2053 456 2124 μένῳ
488 2052 596 2105 ne:
620 2051 680 2104 τὸ
714 2050 945 2106 όπτικδν
966 2054 1064 2121 τῆς
1104 2051 1309 2125 ψυχῆς,
1334 2054 1410 2118 ὡς
1452 2055 1480 2107 6
1513 2056 1751 2127 μελφδός
1780 2075 1884 2129 φη..

1994 2053 2057 2110 tis
2088 2054 2225 2110 limo
2244 2058 2423 2115 oculis
2461 2062 2679 2130 mentis,
2717 2071 2775 2117 ut
2804 2066 2880 2119 ait
2907 2076 3104 2136 poeta;
3132 2071 3225 2124 sed
3261 2073 3314 2126 in
3344 2083 3558 2130 tantum

308 2162 413 2211 σιν,
440 2144 558 2198 ἀλλ’
587 2143 670 2209 εἰς
716 2142 876 2197 τοῦτο
924 2146 1017 2197 καὶ
1057 2144 1219 2213 μόνον
1260 2145 1559 2217 περιεχύθη
1603 2146 1776 2213 ἔνδον,
1809 2151 1886 2214 ὡς

1994 2152 2042 2200 et
2061 2144 2414 2203 solummodo
2445 2150 2501 2204 in
2553 2151 2804 2208 interiori
2845 2154 3054 2213 eﬁttsus
3093 2168 3199 2226 est,
3243 2172 3302 2215 ut
3331 2165 3566 2218 abscon.

307 2235 580 2308 κρυϐῆναι
626 2236 717 2290 τὸν
749 2236 957 2306 κόσμον
990 2236 1104 2293 καὶ,
1133 2236 1412 2309 θεωρῆσαι
1469 2238 1592 2293 καθ’
1645 2242 1883 2311 ἡσυχίαν

1994 2234 2212 2292 daretur
2234 2240 2497 2308 mundus,
2529 2242 2657 2301 etin
2692 2258 2825 2314 pace
2852 2247 3057 2303 videret
3088 2248 3282 2318 Deum,
3310 2262 3367 2308 et
3398 2254 3566 2311 verbo

308 2330 399 2383 τὸν
428 2329 587 2396 Θεὸν,
611 2329 708 2383 καὶ
736 2327 1076 2397 ὲξαστράψαι
1103 2326 1248 2398 λόγῳ
1267 2345 1326 2383 τε
1358 2331 1453 2382 καὶ
1482 2330 1703 2400 πράξει,
1728 2333 1887 2396 ἐκδὺς

1994 2324 2222 2399 fulgeret
2271 2341 2321 2385 et
2371 2340 2521 2400 actu,
2558 2335 2706 2390 nube
2741 2346 2945 2395 exutus
2976 2338 3192 2410 fulgura
3232 2357 3560 2411 coruscans,

310 2425 400 2478 τὸν
431 2423 635 2492 γνόφον
670 2420 1094 2493 ἀστραπησόλος
1128 2422 1223 2475 καὶ
1252 2421 1672 2494 ἀπηλλαγμένος
1694 2423 1885 2489 αὑτοῦ,

1994 2428 2042 2474 et
2074 2420 2385 2490 expeditus,
2415 2423 2561 2480 sicut
2592 2427 2797 2482 coelum
2831 2428 3041 2500 absque
3078 2434 3351 2490 velamine
3383 2437 3564 2494 nebu-

310 2514 453 2570 an‘z
501 2516 598 2568 xei.
629 2513 856 2582 οὐρανὸς
887 2512 1174 2583 καλύψεως
1220 2512 1320 2580 τῆς
1357 2512 1421 2566 ἐκ
1477 2514 1674 2583 νεφῶν.
1708 2514 1889 2581 Ὅλως

1994 2509 2194 2578 larum;
2224 2515 2449 2573 omnino
2479 2519 2626 2575 enim
2664 2524 2988 2590 mysterium
3018 2533 3138 2580 erat
3165 2526 3364 2584 nebula
3396 2539 3451 2585 et
3491 2533 3566 2587 sl-

308 2608 414 2679 γάρ
449 2605 686 2677 αἴνιγμα
711 2603 779 2679 ἦν
808 2609 835 2661 6
862 2608 1058 2676 γνόφος
1089 2604 1183 2659 τοῦ
1213 2608 1306 2659 καὶ
1331 2606 1526 2677 σχολῆς
1553 2606 1764 2661 δεῖσθαι
1795 2608 1885 2662 τὸν

1994 2603 2279 2673 gniﬁcabat
2337 2609 2452 2665 otio
2512 2610 2758 2681 indigere
2787 2615 3127 2685 prephctam,
3177 2626 3236 2672 ut
3269 2619 3351 2676 sic
3375 2633 3566 2692 aperte

309 2701 619 2772 προφήτην,
648 2700 739 2754 ⁴ἶνα
773 2698 916 2754 οὕτω
936 2699 1051 2771 γνῷ
1075 2698 1396 2763 δαυιτικῶς,
1431 2699 1528 2753 καὶ
1562 2697 1656 2754 τοῦ
1681 2700 1888 2771 ἀστρά-

1994 2708 2359 2768 cognosceret,
2418 2708 2475 2756 et
2540 2701 2669 2758 inde
2713 2704 3073 2774 spiritualiter
3121 2709 3563 2771 illuminaturum

312 2793 436 2862 ψειν
468 2793 679 2847 ἐκεῖθεν
731 2791 1124 2862 πνευματικῶς
1146 2807 1160 2823 ⁸
1188 2790 1225 2846 ἃ
1261 2791 1324 2859 δὴ
1382 2790 1642 2861 σύστοιχα
1675 2794 1742 2863 τῇ
1793 2791 1887 2847 νῦν

1994 2800 2141 2855 esse;
2186 2804 2308 2860 qua
2360 2795 2613 2861 praesenti
2673 2807 2986 2866 congruunt
3051 2801 3188 2858 festo
3238 2806 3293 2861 in
3334 2820 3445 2876 quo
3493 2809 3568 2863 il-

309 2883 555 2957 ἀγομένη
610 2886 790 2956 ἑορτῇ.
831 2886 891 2938 ὲν
936 2878 972 2959 ᾖ
1024 2885 1284 2955 φώτισμα
1330 2883 1486 2953 ἁγίου
1542 2883 1885 2956 Πνεύματος,

1994 2878 2277 2940 luminatio
2327 2882 2564 2956 Spiritus
2608 2892 2785 2946 sancti
2836 2903 2892 2949 et
2933 2894 3152 2951 ﬂamma
3207 2912 3330 2954 cum
3367 2901 3569 2959 niluse

308 2979 403 3028 xei.
435 2976 782 3046 φωτοχυσίας
824 2975 958 3046 φλὸξ
982 2975 1076 3031 καὶ
1104 2975 1403 3045 ὑγρότητος
1434 2975 1760 3046 ἁγιαστικῆς
1787 2977 1886 3046 τῆς

1994 2971 2194 3030 lumine
2250 2985 2303 3031 et
2377 2980 2561 3048 pluvia
2622 2984 3001 3043 sanctiﬁcante
3056 2989 3510 3050 subministratur
3544 3040 3560 3063 ,

310 3068 454 3121 κατὰ
485 3067 578 3120 τὸν
605 3069 761 3136 ἆγιον
789 3066 943 3138 Ὶωηλ
967 3067 1287 3141 χορηγεῖται
1310 3081 1327 3098 ο
1360 3067 1426 3138 ῆν
1455 3066 1729 3139 ὑγρότητα
1763 3086 1890 3123 σκο-

1994 3064 2137 3134 quta
2181 3076 2429 3125 sanctum
2466 3070 2624 3141 Joel;
2659 3090 2820 3146 quam
2879 3078 3119 3149 pluviam
3158 3083 3317 3140 aliter
3367 3085 3436 3141 ad
3463 3104 3566 3143 un-

314 3158 487 3212 τεινὸν
536 3157 637 3228 μὲν
690 3157 837 3229 ὕδωρ
882 3157 1059 3221 ἄλλως
1112 3159 1169 3215 ιν
1208 3155 1459 3227 νεφέλαις
1488 3162 1888 3228 πνευματικαῖς

1994 3157 2119 3214 dam
2144 3164 2487 3219 tenebrosam
2510 3165 2563 3221 in
2596 3168 2841 3227 nubibus
2862 3171 3242 3241 Spiritualibus
3295 3172 3568 3238 intellexit

313 3252 612 3324 κατενόησε
640 3250 728 3305 διὰ
756 3252 818 3305 τὸ
854 3250 1022 3322 βάθος
1044 3248 1136 3304 τοῦ
1168 3249 1472 3321 μυστηρίου
1504 3249 1532 3303 6
1558 3251 1722 3306 Δαϐίδ
1745 3269 1759 3283 ο
1789 3254 1889 3309 aint

1994 3246 2196 3314 David;
2223 3266 2332 3307 non
2367 3261 2550 3308 autem
2590 3255 2950 3316 intellexisset
2981 3262 3385 3323 lucidissimnm
3440 3285 3566 3328 esse

311 3344 377 3398 ἂν
415 3343 473 3397 δδ
511 3343 589 3415 μὴ
624 3343 953 3398 κατελάϐετο
995 3343 1090 3397 κα)⁵
1121 3342 1427 3411 πάμφωτον
1456 3336 1599 3395 εῖναι
1642 3343 1703 3397 τὸ
1735 3345 1887 3411 αὐτὸ,

1996 3338 2100 3395 boc
2155 3355 2251 3409 per
2290 3352 2542 3401 sanctum
2578 3347 2872 3419 baptisma,
2896 3353 2953 3409 in
2999 3370 3108 3425 quo
3159 3359 3451 3416 sicveram
3479 3364 3569 3419 in-

314 3434 403 3487 διά
430 3433 495 3486 τὸ
529 3435 688 3503 ἆγιον
735 3434 1021 3506 βάπτισμα
1050 3433 1145 3488 καὶ
1175 3431 1272 3504 τὴν
1322 3430 1498 3494 οὕτως
1548 3431 1758 3488 ἔνδυσιν
1795 3434 1889 3488 τοῦ

312 3526 567 3595 ἀληθινοῦ
590 3525 766 3595 φωτὸς
795 3525 971 3596 Ἰησοῦ
1007 3524 1273 3595 Χριστοῦ.

385 3617 461 3684 ς’.
503 3619 563 3670 Ὀ
599 3618 656 3671 δὲ
688 3616 1110 3691 βραδύγλωσσος
1140 3617 1453 3672 ἀντίκειται
1479 3618 1580 3690 μὲν
1617 3618 1700 3689 τῷ
1728 3634 1891 3688 ταχυ-

313 3708 566 3780 γλώσσῳ,
596 3708 656 3762 οὐ
680 3711 821 3764 πάνυ
844 3708 900 3760 δὲ
922 3707 1094 3762 πλείω
1117 3707 1286 3778 ψόγον
1315 3706 1472 3771 οὗτος
1511 3708 1723 3762 ἐκείνου
1751 3709 1888 3778 ἔχει.

324 3801 383 3857 '0
404 3802 501 3872 μὲν
531 3803 639 3874 γὰρ
663 3801 1072 3872 βραδύγλωσσος
1097 3799 1209 3871 ἔχοι
1231 3799 1298 3855 ἂν
1323 3801 1523 3870 ἀγαθόν
1548 3819 1601 3854 τι
1634 3800 1786 3867 ποτὲ,
1810 3796 1889 3863 οἷς

314 3890 609 3966 διατρίϐων
658 3894 757 3965 τὴν
801 3895 1002 3967 φράσιν
1045 3893 1139 3947 καὶ
1179 3891 1355 3957 οὕτως
1388 3893 1537 3949 ἔστιν
1567 3893 1594 3946 ὅ
1619 3910 1680 3947 τε
1712 3893 1895 3947 ἀναδι-

317 3989 467 4044 πλῶν
498 3987 671 4058 αὐτὴν
721 3988 817 4041 καὶ
858 3981 973 4040 οἷον
1022 3987 1411 4057 ἐπαναφέρων,
1446 3983 1727 4054 ὲγκαθίζει
1769 3988 1891 4050 ταῖς

314 4081 425 4134 τῶν
456 4079 738 4150 ἀκροατῶν
767 4078 966 4150 ψυχαῖς
993 4080 1071 4142 εἰς
1106 4077 1514 4149 ἀκριϐεστέραν
1546 4080 1771 4148 μνήμην
1795 4077 1892 4130 καὶ

317 4173 518 4241 γνῶσιν
561 4173 623 4226 τὸ
673 4172 989 4242 λεγόμενον,
1033 4168 1201 4241 βάδην
1243 4170 1321 4237 τῷ
1350 4167 1494 4237 λόγῳ
1546 4167 1750 4240 προῖὼν
1795 4168 1892 4222 καὶ

319 4263 919 4336 παρακολουθούμενος.
973 4259 1036 4315 Ὀ
1073 4261 1131 4314 δὲ
1187 4258 1491 4330 ταχυλάλος
1549 4260 1646 4312 καὶ⁵
1702 4258 1893 4327 φύρων

318 4357 461 4413 οὕτω
509 4358 637 4420 τοὺς
667 4356 860 4425 λόγους
894 4355 973 4417 εἰς
1023 4351 1419 4423 ἀδιάρθρωτον,
1470 4344 1557 4402 οἷα
1601 4350 1890 4419 ἐπίτροχον

318 4449 567 4515 γλῶσσαν
600 4450 715 4511 τοῖς
745 4447 927 4515 λόγοις
975 4442 1176 4515 ἐφιεὶς,
1233 4443 1331 4496 καὶ
1370 4440 1893 4512 δυσπαρακολούθηο

1992 3428 2211 3490 (luimus
2240 3432 2440 3503 lucem,
2465 3434 2655 3495 Iesum
2692 3440 2994 3500 Christum.

2063 3616 2118 3671 ϐ.
2156 3615 2522 3692 Tardilinguis
2571 3627 2869 3695 opponitur
2888 3630 3149 3688 celeriter
3169 3634 3435 3708 loquenti,
3465 3646 3567 3698 nec

1991 3707 2121 3778 plus
2142 3725 2306 3779 quam
2330 3712 2436 3769 iste
2458 3715 2862 3786 vituperandus
2885 3732 2992 3778 est.
3012 3722 3382 3796 Tardiloquus
3416 3733 3564 3787 enim

1992 3799 2095 3856 hoc
2141 3802 2274 3858 boni
2321 3805 2487 3862 habet
2521 3810 2670 3876 quod
2722 3811 2964 3878 phrasim
3004 3817 3331 3884 protrahens
3376 3831 3435 3877 et
3481 3824 3566 3880 sic

1992 3892 2351 3965 locupletans,
2379 3909 2432 3953 et
2455 3900 2614 3969 quasi
2644 3910 2921 3972 repetens,
2972 3908 3315 3965 audientium
3367 3916 3566 3973 animis

1994 3985 2050 4039 in
2107 3987 2529 4059 diligentissima
2567 3995 2832 4050 memoria
2886 4006 2945 4052 et
3008 4002 3327 4070 eognltione
3370 4006 3567 4064 inserit

1992 4078 2161 4148 dicta,
2197 4081 2327 4137 dum
2385 4098 2640 4141 sermone
2680 4090 2787 4167 _vir
2823 4091 3159 4159 pedetentim
3218 4098 3466 4167 graditur
3508 4115 3567 4158 et

1992 4170 2324 4243 comitatur;
2370 4175 2467 4245 qui
2502 4162 2685 4236 autem
2748 4179 3007 4239 celeriter
3045 4162 3290 4255 loquitur
3330 4195 3384 4244 et
3417 4190 3567 4249 dicta

1992 4261 2074 4317 sic
2120 4263 2509 4327 inarticulatim
2548 4268 2767 4337 miscet,
2827 4272 3053 4329 citatam
3093 4274 3338 4347 linguam
3385 4282 3566 4339 verbis

1993 4355 2300 4427 impellens,
2327 4367 2489 4431 captu
2528 4359 2765 4417 diﬂlcilis
2785 4373 2894 4429 est,
2934 4373 2991 4421 ct
3020 4368 3209 4424 acrius
3240 4371 3295 4426 in
3332 4371 3568 4430 dicendo

1993 4463 2224 4507 currens
2274 4459 2336 4506 ut
2395 4462 2614 4510 torrens
2662 4457 2716 4511 in
2777 4472 3024 4530 pt'aiceps
3066 4473 3279 4533 raptus,
3313 4467 3422 4522 cito
3461 4485 3566 4524 au-

316 4559 404 4604 τος
428 4542 696 4612 ἑντρέχων
722 4534 804 4604 οἷς
825 4538 974 4606 λέγει
1001 4534 1331 4607 γοργότερον
1355 4535 1430 4598 ὡς
1460 4535 1509 4587 εἰ
1532 4533 1627 4588 καὶ
1651 4532 1889 4626 ῥεύματι

1995 4539 2208 4598 dientes
2238 4545 2555 4613 praeveniet,
2588 4546 2768 4602 inutili
2796 4547 2943 4605 facto
2966 4532 3219 4621 strepitu,
3245 4564 3301 4609 et
3322 4570 3562 4626 pectore,

317 4632 455 4686 κατὰ
508 4631 751 4703 πρανοῦς
802 4631 1011 4703 ὲχέετο,
1060 4629 1206 4700 τάχα
1254 4627 1321 4683 ἂν
1358 4626 1713 4699 παραδράμοι
1758 4624 1887 4693 τοὺς

319 4724 727 4795 ἀκροωμένους,
763 4724 894 4776 κενὰ
937 4721 1213 4792 ψοφήσας,
1251 4717 1349 4773 καὶ
1386 4718 1731 4788 πνευμόνων,
1762 4716 1791 4769 ὃ
1822 4717 1888 4788 δὴ

318 4816 535 4886 λέγεται
567 4816 732 4868 πόνον
765 4812 954 4867 παθών
978 4819 992 4832 ⁸
1019 4812 1239 4875 ὁποίους
1273 4809 1504 4874 πολλοὺς
1535 4809 1760 4880 οἴδαμεν
1795 4825 1891 4861 πε·-

320 4909 640 4979 πειραμένοι
679 4903 1101 4973 ὠκυγλὼσσους,
1132 4903 1298 4974 χύδην
1324 4903 1451 4975 τοὺς
1490 4902 1683 4970 λόγους
1729 4901 1895 4970 ἐκφέ-

323 5015 512 5068 ροντας
540 5013 557 5029 ·
610 4997 714 5069 ἐμὲ
766 4996 899 5067 γοῦν
947 4997 1266 5062 διδάσκαλος
1319 4996 1477 5067 λάχοι
1522 4994 1742 5064 πλήρης
1768 4994 1888 5064 τὴν

321 5088 571 5159 γλῶσσαν
593 5089 735 5143 κατά
766 5093 854 5143 τὸν
883 5088 1145 5158 Μωῦσῆν,
1168 5089 1263 5142 καὶ
1297 5085 1374 5159 μὴ
1399 5087 1731 5155 πτερόεντας
1754 5100 1891 5155 προ-

323 5183 501 5253 φέρων
546 5182 765 5250 λόγους,
793 5181 890 5234 καὶ
934 5179 1079 5234 οὕτω
1134 5181 1547 5247 κενόγλωσσος’
1581 5177 1632 5230 ει
1681 5176 1782 5247 μέν
1808 5194 1892 5230 τοι

1996 4640 2057 4697 ut
2083 4633 2260 4700 aiunt,
2286 4632 2515 4700 dolens;
2553 4647 2611 4691 ut
2636 4637 2822 4707 plures
2846 4641 3098 4696 novimus
3122 4642 3565 4715 breviloquentes

1995 4723 2090 4793 qui
2116 4724 2347 4780 confuse
2368 4727 2529 4783 verba
2559 4727 2881 4795 proferunt;
2917 4730 3052 4784 mihi
3078 4741 3263 4789 autem
3304 4740 3567 4808 magister

1995 4815 2249 4871 obveniat
2292 4817 2477 4888 lingua
2511 4819 2796 4889 perfectus
2845 4823 2991 4878 sicut
3023 4822 3258 4895 Moyses,
3313 4843 3422 4885 non
3469 4835 3566 4902 qui

1995 4907 2170 4964 elatas
2217 4906 2464 4977 proferat
2529 4925 2715 4977 voces,
2769 4921 2826 4967 et
2854 4913 2936 4969 sic
2966 4914 3152 4973 inania
3185 4919 3476 4990 loquatur;
3517 4926 3567 4982 si
3624 4988 3627 4991 _

1996 5008 2178 5063 autem
2214 5001 2491 5069 pernicem
2519 5002 2653 5059 talis
2666 5002 3308 5080 locupleteturlinguam,
3345 5015 3566 5074 beatum

1998 5090 2151 5148 illum
2177 5092 2321 5159 dico,
2369 5093 2515 5148 sicut
2544 5101 2599 5148 et
2640 5094 2911 5151 colamum
2967 5100 3162 5157 scribas
3202 5104 3385 5161 divina
3421 5110 3568 5165 velo-

1998 5181 2135 5238 citer
2169 5182 2486 5237 scribentis.

320 5273 569 5344 γλῶσσαν
596 5276 625 5328 ὁ
648 5272 886 5336 τοιοῦτος
916 5273 1138 5328 πλουτεί
1164 5272 1552 5342 ὶντρέχουσαν,
1581 5266 1656 5330 ὡς
1683 5261 1889 5330 clamat
1926 5272 2174 5357 κάλαμον
2203 5274 2581 5353 γραμματέως
2613 5275 2924 5348 ὀξυγράφου
2990 5281 3060 5335 τὰ
3088 5283 3206 5338 θεῖα
3271 5291 3564 5361 μακαρίζω

319 5371 496 5426 αὐτόν.

386 5466 454 5533 ζ’.
494 5463 761 5519 Ἐνταῦθα
820 5462 878 5515 δὲ
940 5462 1295 5534 σημειωτέον,
1350 5462 1426 5526 ὡς
1474 5462 1525 5519 εἰ
1574 5462 1689 5527 καὶ,
1740 5459 1886 5516 καθά

321 5559 596 5629 ίστορήθη,
621 5552 1044 5621 ὲξὲπικαύσεως
1077 5553 1280 5624 ἐπῆλθε
1309 5552 1387 5625 τῷ
1420 5553 1642 5625 μεγάλῳ
1673 5554 1882 5624 Μωῦσῇ

319 5652 377 5705 τδ
403 5650 848 5724 βραδύγλωσσον,
893 5647 1009 5701 ἀλλ’
1048 5648 1148 5719 οὐχ
1194 5645 1337 5701 οὕτω
1387 5647 1483 5701 καὶ
1527 5646 1590 5699 τὸ
1625 5645 1884 5717 δύσηχον,

320 5742 450 5813 ὅπερ
482 5744 510 5795 6
540 5740 847 5810 ἀγιὼτατος
897 5739 1125 5811 ποιητὴς
1180 5739 1406 5809 Κοσμᾶς
1462 5737 1706 5806 ἱπιλέγει
1736 5736 1885 5807 αύτῷ

322 5834 371 5888 ἐν
398 5834 495 5906 τῷ,
530 5833 606 5899 τῷ
631 5830 1095 5901 βραδυγλώσσῳ
1127 5830 1228 5884 καὶ
1259 5829 1511 5900 δυσήχῳ
1540 5828 1763 5886 Μωσεῐ.
1792 5829 1882 5899 Τῷ

2067 5460 2119 5516 7.
2159 5458 2470 5517 Notandum
2497 5459 2585 5514 hic
2616 5461 2761 5530 quod
2798 5461 2869 5526 si,
2914 5472 2976 5519 ut
3025 5478 3308 5523 narratum
3357 5479 3459 5537 est,
3493 5487 3563 5527 ex

1991 5552 2279 5609 adustionc
2307 5552 2569 5608 acciderit
2597 5551 2768 5622 Moysi
2792 5553 3244 5626 tardiloquentia,
3269 5574 3374 5614 non
3402 5574 3561 5630 teque

1990 5645 2239 5714 ingratus
2275 5645 2431 5699 vocis
2458 5660 2630 5700 sonus
2668 5659 2834 5715 quem
2890 5647 2996 5715 ipsi
3035 5650 3285 5704 attribuit
3313 5655 3555 5708 sanctis-

1990 5736 2164 5793 simus
2188 5736 2414 5793 Cosmas
2440 5747 2596 5808 poeta
2626 5737 2815 5793 dicens
2856 5754 2872 5798 ξ
2911 5737 3233 5809 Tardiloquo
3270 5751 3319 5795 et
3342 5742 3562 5801 dissono

1990 5827 2191 5898 Moysi;
2236 5829 2290 5885 in
2346 5844 2439 5888 ore
2486 5831 2629 5890 enim
2669 5831 2914 5887 restricta
2953 5831 3154 5898 lingua,
3191 5846 3384 5890 eorum
3441 5846 3558 5891 tan-
