3968 6244
339 292 435 356 5'll

1046 288 1467 355 EUSTATHII
1506 288 1961 354 THESSALON
1975 292 2273 354 lCENSlS
2311 290 2470 353 MET
2482 288 2881 353 ΒΟΡΟΙᾼΙἹΕΕ

3496 287 3605 352 533

336 409 533 480 nifma
565 408 771 465 locutus
804 415 898 475 est,
933 418 1095 480 prout
1124 400 1333 464 faciunt
1357 408 1646 479 diligenter
1672 420 1728 464 et
1749 423 1905 480 geneu

2043 410 2392 478 5ητόρευσεν
2415 408 2513 462 οὐκ
2546 409 2605 475 ἐξ
2654 411 2903 481 ἀνάγκης
2923 406 3268 478 λαμϐάνεται
3311 404 3432 459 ἀντὶ
3483 404 3600 472 τοῦ,

339 504 450 557 rosl
505 512 777 571 oratores,
823 503 1004 573 qualis
1032 502 1244 557 exstitit
1280 500 1493 573 Moyses
1528 518 1636 557 non
1670 518 1700 557 a
1734 502 1919 572 seipse

338 597 593 665 loquens,
630 611 732 651 nec
762 595 987 665 propria
1026 593 1330 662 proferens,
1363 595 1457 650 scd
1494 593 1764 650 divinitus
1795 608 1920 665 quae

339 689 429 742 Dei
464 697 661 752 erant;
692 688 838 743 unde
870 687 1217 743 invinciliiles
1243 696 1369 743 sunt
1415 696 1469 742 et
1503 687 1608 757 ipsi
1650 703 1679 741 a
1713 685 1919 757 Spiritu

334 790 531 834 sancto
562 781 727 835 alllati
758 789 1009 836 oratores
1044 780 1160 851 qni,
1203 789 1261 835 ut
1290 789 1481 851 postea
1518 788 1678 836 canet
1730 789 1915 849 poeta,

333 872 601 927 illitterati
652 887 775 927 cum
832 882 1042 934 essent,
1095 872 1414 927 Graecorum
1460 872 1918 942 philosophorum

335 980 433 1020 ora
475 966 815 1032 clauserunt,
856 980 964 1019 non
1003 964 1163 1019 aliter
1211 979 1375 1034 quam
1424 964 1630 1031 verbo;
1686 971 1740 1018 et
1776 961 1916 1017 tales

333 1069 457 1109 esse
483 1053 575 1109 Dei
612 1055 1002 1125 praedicatores
1026 1054 1251 1108 omnino
1282 1055 1597 1124 oportebat.

2023 502 2273 572 διάτορον
2310 502 2881 574 ἔκαλλιρῤημόνησεν,
2916 500 3054 555 ἀλλὰ
3076 497 3271 571 δηλοῦν
3298 496 3476 550 ἐθέλει
3509 495 3605 549 καὶ

2022 594 2105 661 eo,
2153 592 2416 648 σπουδαῖα
2448 595 2544 647 καὶ
2577 593 2963 665 ἀναντίρῤητα
2998 591 3230 661 ἐλάλησε
3282 589 3445 654 κατὰ,
3480 588 3606 651 τοὺς

2025 688 2120 741 καὶ
2155 687 2490 755 ἐναγωνίους
2520 690 2617 742 καὶ
2656 686 2940 756 γενναξους
2994 685 3252 754 ῥήτορας,
3298 681 3483 741 ὁποῖος
3513 679 3609 731 πέ-

2028 797 2164 848 φηνε
2200 781 2292 834 καὶ
2320 781 2347 833 ό
2381 781 2648 850 Μωῦσῆς,
2682 779 2781 832 οὐκ
2819 776 2914 846 ἀφ’
2939 774 3137 830 ἑαυτοῦ
3164 773 3365 841 λαλῶν,
3395 771 3516 826 οὐδὲ
3540 771 3606 826 si

2027 872 2245 940 ἑαυτοῦ,
2279 873 2465 927 θεόθεν
2496 873 2551 927 δὲ
2601 872 2673 926 τὰ
2699 872 2793 926 τοῦ
2826 870 2964 925 Θεοῦ
2991 886 3007 899 ⁸
3041 868 3110 923 δι’
3150 860 3212 921 οῦ
3247 864 3608 934 ἀκαταμάχη-

2023 982 2108 1019 τοι
2142 967 2234 1019 καὶ
2266 966 2315 1018 οἰ
2344 966 2486 1020 κατὰ
2532 965 2596 1018 τὸ
2626 964 2785 1035 ἆγιον
2814 963 3042 1033 Πνεῦμα
3074 962 3322 1032 ῥήτορες,
3371 959 3420 1012 οἳ
3446 957 3521 1019 ὡς
3551 957 3607 1009 ἐν

2023 1057 2139 1119 τοῖς
2192 1057 2318 1126 ἑξῆς
2352 1056 2544 1127 μέλψει
2593 1057 2623 1109 ὁ
2682 1054 2941 1127 μελῳδὸς,
2997 1050 3387 1123 ἀγράμματοιῖ
3428 1047 3604 1117 ὄντες,

332 1146 462 1209 τοὺς
489 1146 885 1215 τῶνἙλλήνων
913 1148 1179 1215 σοφιστὰς
1199 1147 1580 1217 ὲπεστόμιζον,
1608 1145 1707 1215 οὐκ
1734 1144 1910 1209 ἄλλως
1949 1145 2087 1200 ἀλλὰ
2117 1147 2260 1220 λόγῳ
2282 1164 2296 1180 ο
2329 1150 2423 1204 καὶ
2469 1148 2640 1221 ἐχρῆν
2675 1149 2896 1211 πάντως
2931 1145 3208 1207 τοιούτους
3273 1138 3416 1197 εἶναι
3481 1138 3608 1202 τοὺς

335 1240 727 1311 θεορῤήτορας.

406 1332 495 1386 ll.
539 1332 729 1386 Divina
772 1341 953 1387 autem
1005 1333 1092 1387 lea:
1146 1347 1311 1403 quam
1367 1332 1514 1390 Deus
1571 1335 1691 1405 ipse
1739 1333 1914 1402 digito

2099 1338 2190 1386 ια’.
2223 1332 2559 1401 Θεόγραξοος
2586 1329 2644 1383 δὲ
2669 1330 2876 1400 νόμος,
2927 1327 2985 1382 ὃν
3028 1326 3163 1390 Θεὸς
3208 1323 3370 1387 αὐτὸς
3399 1321 3606 1393 ἔγραψε

335 1421 580 1491 scripsit,
613 1436 711 1491 per
745 1437 907 1491 quam
940 1421 1221 1478 dzemones
1256 1423 1431 1494 pellit,
1464 1432 1519 1479 et
1545 1437 1717 1478 onera
1744 1422 1915 1477 volvit

2043 1426 2299 1497 Ξακτύλῳ,
2334 1424 2402 1479 δι’
2433 1418 2494 1477 οῦ
2527 1424 2623 1478 καὶ
2664 1423 2919 1494 δαιμόνια
2960 1419 3212 1476 ἐκϐάλλει
3261 1420 3356 1472 καὶ
3406 1413 3602 1486 φορτία

336 1529 461 1583 quae
487 1529 645 1569 nemo
676 1513 814 1570 feret
865 1528 1135 1583 unquam,
1159 1524 1214 1571 et
1245 1517 1539 1572 innumera
1571 1516 1677 1571 alia
1702 1514 1921 1589 peragit

2043 1523 2329 1594 μετακινεῖ,
2371 1520 2517 1589 ἆπερ
2545 1520 2646 1572 οὐκ
2689 1516 2756 1572 ἂν
2813 1516 2972 1587 φέροι
3019 1532 3125 1577 τις,
3185 1512 3279 1565 καὶ
3322 1510 3488 1565 λοιπὰ
3546 1507 3604 1562 δὲ

337 1608 644 1676 miracula;
676 1608 1041 1680 :excogitaret
1090 1619 1271 1665 autem
1318 1609 1408 1666 hic
1462 1608 1651 1666 forsan
1711 1610 1917 1681 aliquis

2043 1607 2206 1680 μυρία
2232 1604 2445 1662 ὲκτελετ
2469 1606 2755 1674 τεράστια.
2786 1604 3093 1673 Πορίσηται
3124 1601 3172 1655 δ’
3197 1600 3264 1656 ἄν
3286 1617 3373 1662 τις
3420 1596 3606 1653 ἐντεῦ-

337 1702 509 1770 quod,
545 1702 694 1757 inter
721 1711 939 1769 emtera,
978 1701 1120 1757 alius
1147 1701 1220 1757 sit
1270 1703 1409 1774 legis
1462 1702 1645 1771 dator,
1692 1713 1747 1759 et
1777 1704 1920 1759 alius

2043 1702 2140 1765 lev,
2172 1702 2219 1755 εἰ
2247 1701 2344 1754 καὶ
2378 1700 2466 1754 ἐπ’
2494 1699 2670 1755 ἄλλων
2697 1698 2994 1769 διαφόρους
3023 1696 3165 1749 εἶναι
3196 1695 3348 1749 δοκεῖ
3374 1693 3518 1747 κατά
3551 1707 3602 1745 τι

339 1791 665 1863 legislator;
694 1792 790 1849 sed
820 1794 982 1848 ambo
1013 1793 1068 1848 in
1100 1793 1270 1849 Deum
1305 1794 1599 1860 recidunt;
1629 1795 1747 1867 ipse
1769 1795 1917 1851 enim

2043 1794 2119 1848 τόν
2150 1812 2208 1848 τε
2254 1793 2553 1861 νομοδότην
2586 1792 2683 1845 τόν
2713 1806 2770 1845 τε
2821 1788 3148 1860 νομοθέτην,
3181 1787 3298 1843 ἀλλ’
3330 1787 3425 1839 ἐπὶ
3468 1781 3603 1838 Θεοῦ

338 1885 517 1955 legem
555 1886 648 1939 dat
676 1886 1065 1958 praecipiendo,
1109 1893 1164 1942 et
1195 1888 1303 1943 fert
1335 1888 1585 1945 scribens
1621 1889 1674 1943 in
1722 1903 1920 1958 corpo-

2029 1886 2352 1958 συμδαίνειν
2382 1886 2692 1957 ἀμφότερα.
2733 1882 2792 1937 '0
2819 1883 2928 1954 γὰρ
2951 1881 3113 1945 αὐτὸς
3143 1881 3237 1934 καὶ
3267 1875 3608 1948 νόμονῖδίδω-

339 1978 524 2044 ribus;
561 1977 700 2032 idem
726 1978 898 2047 legem
927 1987 980 2033 et
1009 1978 1179 2049 dedit,
1209 1988 1263 2035 et
1288 1980 1446 2046 tulit;
1482 1977 1771 2034 manifeste
1824 1995 1922 2034 au-

2043 1997 2115 2033 rw
2147 1979 2592 2049 ἐπιτελλόμενος,
2629 1978 2725 2031 καὶ
2758 1976 2938 2047 τίθησι
2970 1975 3203 2043 γράφων
3230 1972 3289 2024 ἐν
3317 1970 3605 2040 σώμασινο

342 2077 451 2124 tem
481 2084 508 2123 a
539 2068 650 2123 Deo
680 2069 887 2138 scripta
925 2069 1151 2125 inventa
1180 2078 1266 2125 est
1295 2069 1382 2125 lex
1412 2085 1507 2140 per
1535 2068 1758 2141 Moysen
1785 2069 1924 2125 divi-

347 2160 499 2214 nitus
536 2158 795 2214 lsraelitls
847 2161 1036 2228 missa,
1082 2160 1150 2214 ad
1184 2162 1684 2231 supereminentem
1735 2161 1929 2215 distin-

352 2253 590 2308 etionem
624 2262 947 2307 eteterarum
977 2252 1161 2325 legum
1192 2253 1455 2323 physicas,
1496 2254 1768 2323 gentium,
1800 2252 1925 2308 etsi

351 2359 476 2415 qua
515 2344 619 2400 alia
657 2344 807 2416 justa
839 2344 1201 2416 distinguitur
1230 2346 1455 2400 omnino
1506 2346 1576 2401 ab
1625 2345 1715 2400 illa
1765 2345 1924 2415 lege;

347 2438 733 2509 incompositae
771 2438 918 2492 enim
947 2447 1000 2494 et
1023 2440 1339 2507 incongrua
1370 2439 1536 2507 leges,
1564 2449 1618 2494 et
1653 2437 1927 2503 crudeles,

348 2531 542 2600 quales
566 2537 725 2585 erant
747 2530 1042 2601 Cyclopum
1077 2538 1131 2583 et
1163 2528 1569 2601 Laestrygonum
1621 2528 1788 2599 leges,
1822 2544 1929 2583 non

350 2629 483 2676 sunt
514 2622 604 2676 hic
650 2622 876 2676 omnino
926 2625 1442 2689 commemoranda,
1482 2620 1705 2692 quando
1749 2635 1933 2677 sermo

350 2722 435 2769 est
493 2714 560 2770 de
605 2715 723 2785 lege
783 2728 813 2768 a
858 2708 966 2769 Deo
1010 2713 1113 2769 rite
1145 2714 1385 2783 scripta;
1440 2713 1584 2769 sicut
1631 2728 1733 2768 nec
1786 2714 1932 2783 leges

352 2818 549 2859 eorum
581 2804 671 2874 qui
699 2805 926 2861 statutis
972 2812 1251 2875 reguntur
1284 2805 1545 2875 propriis,
1595 2803 1681 2859 vel
1732 2805 1932 2859 mulie-

350 2908 502 2963 rum,
555 2894 640 2949 vel
675 2894 1007 2962 tabularum,
1051 2894 1135 2950 vel
1162 2909 1480 2966 puerorum,
1514 2902 1569 2950 et
1616 2896 1663 2951 si
1712 2896 1804 2966 qui
1837 2895 1932 2950 alii

354 2987 494 3043 tales
530 2995 696 3053 sunt;
750 3002 849 3042 nec
883 2986 987 3055 ipsi
1033 2986 1181 3041 enim
1232 2988 1302 3041 ob
1356 2986 1622 3063 vilitatem
1661 2987 1931 3043 memoria

355 3078 507 3148 digni
540 3087 688 3134 sunt.
718 3077 774 3133 Si
801 3087 982 3134 autem
1005 3079 1189 3134 omnis
1217 3079 1299 3133 lex
1328 3078 1551 3145 politica
1578 3079 1674 3134 Dei
1703 3078 1934 3144 donum,

357 3179 415 3228 et
453 3171 784 3243 sapientium
810 3171 1098 3227 hominum
1128 3171 1373 3228 inventio
1404 3187 1528 3228 esse
1565 3173 1932 3243 dignoscitur,

358 3263 492 3319 talis
541 3271 689 3319 certe
729 3263 869 3319 bona
897 3272 1001 3331 est,
1039 3272 1092 3319 et
1137 3278 1267 3319 vere
1316 3263 1588 3318 accipitur
1629 3274 1687 3318 ut
1742 3280 1773 3319 a
1825 3265 1935 3320 Deo

360 3355 489 3410 data
529 3365 585 3411 et
622 3356 748 3411 lata.

437 3624 529 3680 12.
560 3624 750 3679 Limus
781 3632 962 3680 autem
998 3624 1144 3695 quod
1185 3625 1257 3681 sit
1284 3639 1508 3681 caenosa
1556 3625 1856 3682 humiditas
1885 3638 1937 3684 et

359 3733 461 3791 per
489 3719 596 3773 hoc
622 3717 689 3773 ad
714 3718 1034 3774 illinendum
1060 3728 1214 3790 apta,
1243 3727 1298 3774 et
1325 3719 1473 3774 aliud
1506 3714 1672 3790 quam
1708 3721 1941 3775 materia

362 3811 722 3883 simpliciter,
775 3812 887 3881 jam
942 3811 1280 3868 declaratum
1331 3820 1414 3869 est
1463 3813 1690 3884 pulchre
1741 3828 1940 3883 reprte-

364 3911 593 3960 sentans
613 3919 679 3959 ex
713 3904 1033 3972 conjectura
1064 3905 1331 3961 naturalis
1373 3904 1520 3960 inter
1552 3905 1721 3974 legem
1770 3905 1942 3962 colla-

359 3996 534 4050 tionis
563 4004 617 4050 et
642 4011 867 4051 carnem
902 3996 954 4050 in
983 3996 1141 4052 nobis
1174 4012 1239 4051 ex
1286 3997 1417 4050 limo
1451 3997 1715 4060 conditis.
1760 3996 1941 4053 ideam

362 4096 421 4142 et
472 4089 782 4153 notionem;
833 4087 978 4142 unde
1044 4087 1403 4142 obtenebrata
1480 4098 1670 4143 nostra
1717 4089 1943 4144 mentali

362 4179 593 4235 lucerna
650 4178 810 4250 quasi
870 4180 941 4234 ab
992 4194 1060 4234 eo
1111 4179 1369 4235 liniretur
1427 4179 1574 4235 velut
1625 4195 1688 4236 ex
1731 4179 1945 4238 limosis

362 4273 584 4328 tabellis
603 4314 618 4339 ,
644 4281 708 4327 ut
744 4280 932 4341 aperte
960 4272 1166 4337 dicam,
1191 4272 1470 4342 susceptio
1499 4274 1708 4328 deletur
1751 4281 1805 4330 et
1826 4284 1945 4329 ma-

364 4365 655 4423 nifestatio
686 4364 915 4420 luminis
950 4363 1007 4418 in
1036 4364 1313 4421 mentibus
1365 4365 1609 4433 nostris;
1642 4380 1743 4421 nec
1788 4366 1945 4436 prius

366 4458 709 4532 permittitur
743 4457 1066 4513 illuminans
1095 4471 1217 4513 esse
1244 4467 1299 4512 et
1328 4457 1560 4513 lucifera
1583 4459 1808 4514 lucerna
1830 4460 1946 4514 haec

362 4570 395 4610 a
427 4553 590 4610 Patre
617 4552 888 4608 luminum
932 4565 1187 4619 accensa,
1224 4565 1388 4621 quam
1441 4553 1613 4619 primo
1665 4564 1943 4607 cmunsam

366 4645 790 4702 absterserimus
829 4643 1151 4698 interiorem
1208 4641 1682 4707 mansiunculam;
1718 4643 1940 4711 quando
1973 4639 2019 4697 ο

364 4739 666 4811 et_videre
708 4737 797 4793 vel
860 4736 1103 4807 cogitare
1152 4735 1460 4805 poterimus
1517 4732 1944 4790 illuminatorem

363 4830 556 4897 Deum,
590 4829 823 4886 cadente
877 4830 1097 4884 madido
1145 4842 1327 4894 coeno,
1372 4837 1425 4882 et
1483 4829 1696 4882 munita
1752 4837 1946 4885 contra

366 4923 758 4992 impedimenta
786 4921 1031 4976 immissa
1056 4922 1211 4987 luce;
1237 4930 1298 4975 ut
1330 4921 1529 4977 exinde
1552 4921 1707 4977 locus
1738 4921 1831 4988 qui
1861 4931 1946 4976 est

367 5016 426 5071 in
463 5017 645 5070 anima
701 5021 886 5070 nostra
940 5013 1281 5083 illuminans,
1323 5023 1378 5069 ct
1429 5015 1669 5085 excipiat
1714 5014 1945 5069 hilarem

368 5108 549 5162 lucem
577 5121 608 5160 a
640 5106 772 5172 Deo,
804 5112 858 5161 et
905 5106 1142 5173 emittat,
1174 5104 1308 5161 adeo
1329 5116 1385 5162 ut
1412 5107 1692 5177 quomodo
1718 5106 1943 5178 quidam

369 5199 466 5267 ait,
505 5213 630 5254 eum
672 5197 987 5253 certissime
1038 5210 1228 5255 cernat
1272 5200 1366 5268 qui
1422 5208 1506 5255 est
1544 5200 1686 5253 ultra
1724 5214 1943 5255 omnem

372 5306 661 5347 wsnonem.

438 5385 529 5441 15.
567 5382 809 5439 Verbum
843 5387 1109 5439 excutiens
1140 5382 1518 5440 fortitudinem
1574 5383 1940 5452 demonstrat,

372 5488 420 5533 et
462 5477 704 5533 nobilem
740 5477 1056 5531 facilitatem
1089 5477 1157 5532 ob
1185 5479 1564 5534 liberationem
1598 5494 1624 5531 a
1657 5479 1837 5545 malo;
1867 5476 1949 5533 sic
2014 5474 2017 5475 ⁷

374 5573 502 5627 salvi
534 5571 790 5627 Israelita:
833 5571 960 5627 facti
994 5578 1124 5624 sunt
1154 5571 1412 5641 projectis
1439 5570 1711 5643 Egyptiis
1744 5571 1799 5625 in
1830 5585 1946 5626 ma-

374 5679 460 5731 re;
515 5664 596 5719 sic
658 5663 861 5718 Paulus
926 5666 1268 5720 mordentem
1319 5663 1565 5732 viperam
1625 5662 1865 5717 excussit
1915 5677 1945 5716 a

376 5771 554 5812 manu.
593 5756 867 5815 Usitatum
902 5768 1084 5815 autem
1116 5756 1223 5813 hoc
1250 5759 1502 5826 verbum,
1540 5766 1593 5813 et
1632 5757 1684 5813 in
1718 5757 1945 5829 psalmis

2027 2073 2054 2124 ὁ
2093 2069 2255 2133 αῦτδς
2286 2069 2394 2139 ἄρα
2432 2069 2526 2121 καὶ
2554 2066 2855 2137 νομοδοτεῖ.
2892 2065 3063 2134 Δῆλον
3094 2063 3152 2117 δὲ
3182 2064 3267 2116 ὅτι
3301 2061 3604 2131 θεόγραφος

2027 2162 2223 2236 εὑρέθη
2249 2164 2414 2232 νόμος
2460 2163 2487 2215 ό
2515 2162 2604 2216 διὰ
2633 2160 2916 2223 Μωῦσέως
2958 2157 3146 2211 θεόθεν
3184 2157 3300 2218 τοῖς
3339 2153 3603 2222 Ἰσραηλί-

2029 2274 2149 2320 ταις
2179 2256 2453 2327 πεμφθεὶς
2497 2257 2633 2327 πρὸς
2680 2255 3028 2327 ὑπέρσεμνον
3073 2249 3363 2320 διαστολὴν
3408 2247 3604 2317 ἐτέρων

2030 2355 2232 2423 νόμων,
2260 2350 2354 2404 τοῦ
2397 2349 2652 2419 φυσικοῦ,
2691 2348 2786 2401 τοῦ
2840 2343 3077 2407 ἐθνικοῦ,
3113 2343 3209 2397 καὶ
3245 2340 3411 2404 εἴτις
3457 2340 3606 2406 ἄξιος

2031 2443 2527 2502 ἀντιδιαστέλλεται
2574 2442 2711 2504 ὅλως
2753 2440 2903 2510 νόμῳ
2949 2436 3200 2506 τοιούτῳ.
3234 2435 3299 2488 Ol
3348 2433 3459 2505 γὰρ
3489 2431 3607 2486 ἀλό-

2031 2558 2206 2612 γιστοι
2234 2538 2329 2593 καὶ
2360 2537 2632 2606 ἀπρεπεῖς
2658 2534 2836 2601 νόμοι,
2862 2531 2944 2584 ἐτι
2976 2529 3031 2582 δὲ
3079 2529 3178 2581 καὶ
3208 2526 3258 2580 οἰ
3295 2523 3605 2595 θηριώδεις,

2033 2634 2208 2685 ὁποῖοι
2238 2629 2333 2683 καὶ
2360 2628 2410 2680 οἰ
2445 2625 2797 2683 κυκλώπειοι,
2828 2622 2919 2675 καὶ
2946 2619 2995 2673 οἰ
3014 2617 3154 2673 κατὰ
3180 2617 3607 2683 Λαιστρυγόνας,

2036 2723 2158 2777 οῦδὲ
2198 2717 2594 2794 μνημονευτέοι
2615 2719 2753 2779 ὅλως
2785 2713 3042 2777 ἐνταῦθα,
3078 2710 3211 2764 ἔνθα
3239 2711 3269 2762 ό
3296 2706 3456 2774 λόγος
3480 2707 3607 2776 περὶ

2037 2816 2205 2884 νόμου
2240 2811 2475 2873 εὐθέτως
2500 2808 2749 2881 γραπτοῦ
2775 2805 2853 2874 τῷ
2893 2804 3009 2875 Θεῷ
3034 2820 3049 2835 ο
3087 2803 3232 2858 καθὰ
3268 2801 3391 2854 οὐδὲ
3419 2801 3471 2854 οἰ
3503 2798 3611 2852 τῶν

2035 2907 2378 2976 αὐτονόμων,
2414 2902 2591 2965 ἄλλως
2643 2901 2700 2955 δὲ
2749 2898 2871 2954 οὐδὲ
2914 2896 2963 2951 οἰ
3014 2896 3125 2950 τῶν
3168 2893 3606 2963 γυναικονόμων,

2035 3002 2131 3056 καὶ
2172 2998 2283 3053 τῶν
2323 2996 2774 3068 τραπεζονόμων,
2824 2991 3064 3048 καὶτῶν
3110 2988 3474 3057 παιδονόμων,
3516 2985 3611 3040 καί

2036 3093 2093 3147 οἵ
2116 3109 2263 3155 τινες
2290 3090 2440 3145 ἄλλοι
2464 3086 2722 3142 τοιοῦτοι.
2773 3085 2897 3140 Οὐδ’
2931 3082 3085 3138 αὐτοὶ
3120 3081 3231 3150 γὰρ
3262 3080 3319 3133 ἐν
3342 3081 3455 3142 τοῖς
3486 3078 3609 3149 ἄρτι

2041 3187 2265 3257 μνήμης
2307 3182 2545 3249 ἐπάξιοι,
2581 3178 2671 3233 διὰ
2697 3176 2759 3232 τὸ
2807 3174 3045 3239 εὐτελές.
3074 3174 3137 3228 Εἰ
3163 3172 3218 3227 δὲ
3256 3175 3353 3229 καὶ
3391 3172 3502 3236 πᾶς
3526 3170 3609 3224 νό-

2042 3295 2143 3347 μος
2178 3275 2459 3337 πολιτικὸς
2487 3273 2718 3343 δώρημα
2767 3268 2866 3340 μὲν
2894 3265 3058 3331 Θεοῦ,
3093 3264 3316 3335 εὕρημα
3343 3264 3402 3318 δὲ
3428 3262 3610 3332 σοφῶν

1991 3348 2007 3369 ⁸
2039 3367 2251 3439 ἀνδρῶν
2277 3365 2709 3435 ὲγνωμάτευται,
2740 3360 2877 3415 ἀλλὰ
2913 3356 3158 3412 τοιοῦτον
3207 3355 3414 3424 ἀγαθὸν
3450 3355 3610 3424 μάλι-

2041 3478 2142 3514 στα
2171 3461 2265 3514 καί
2287 3460 2492 3530 κυρίως
2510 3458 2544 3528 ἡ
2563 3452 2928 3524 διειλημμένη
2954 3451 3017 3503 ἐκ
3040 3447 3179 3504 Θεοῦ
3203 3448 3496 3517 νομοδοσία
3518 3448 3610 3499 καὶ

2039 3552 2348 3619 νομοθεσία.

2114 3647 2202 3720 ιβ’.
2247 3647 2316 3701 Ἦ
2337 3645 2394 3701 δὲ
2431 3645 2543 3708 ἰλὺς
2571 3644 2652 3698 ὅτι
2682 3637 2936 3709 πηλώδης
2964 3636 3199 3707 ὑγρότης
3233 3632 3371 3691 ἐστὶ,
3403 3628 3499 3684 καὶ
3545 3626 3610 3682 δι’

2040 3742 2173 3797 αὐτὸ
2200 3737 2575 3807 έμπλαστικὴ,
2607 3734 2702 3789 καὶ
2720 3732 2849 3787 ἄλλο
2871 3748 2925 3785 τι
2957 3728 3107 3797 παρὰ
3136 3727 3237 3797 τὴν
3251 3724 3443 3787 ἁπλῶς
3460 3723 3610 3793 ὕλην,

2040 3831 2342 3902 δεδήλωται
2391 3829 2526 3901 ἤδη·
2581 3825 2771 3894 σαφῶς
2817 3820 3200 3892 ἑρμηνεύουσα
3252 3818 3310 3886 ἐξ
3366 3816 3614 3879 εἰκασίας

2042 3922 2359 3995 προσφυοῦς
2404 3918 2728 3990 παραϐολῆς
2752 3915 2904 3987 νόμῳ
2931 3916 2992 3968 τὸ
3022 3915 3079 3968 ὲν
3106 3914 3245 3985 ἡμῖν
3270 3915 3382 3974 τοῖς
3415 3912 3481 3964 ἐκ
3511 3927 3614 3981 πη-

2041 4021 2134 4077 λοῦ
2169 4019 2431 4090 σαρκικδν
2472 4017 2732 4088 φρόνημα
2778 4015 2874 4068 καὶ
2928 4015 3145 4083 νόημαο
3183 4012 3251 4065 δι’
3281 4011 3341 4066 οῦ
3384 4012 3617 4079 ἐπιπρο-

2045 4115 2344 4185 σθούμενον
2375 4110 2435 4167 τδ
2457 4110 2641 4181 νοερὸν
2670 4110 2800 4181 ἡμῖν
2827 4106 3017 4179 φανίον
3052 4105 3127 4170 ὡς
3160 4105 3208 4158 εἰ
3235 4106 3328 4159 καὶ
3360 4103 3619 4157 ὲνεπλάτο

2041 4221 2166 4258 τετο
2189 4203 2281 4257 ὑπ’
2318 4199 2486 4256 αὐτοῦ
2526 4195 2616 4252 οἷα
2650 4200 2744 4252 καὶ
2790 4196 2969 4263 πηλοῦ
3004 4195 3279 4250 πλατειῶν
3324 4193 3616 4254 δαυιτικῶς

2045 4297 2257 4360 εἰπεῖνμ
2287 4294 2518 4363 ἀφαντοί
2550 4291 2649 4365 τὴν
2701 4289 2795 4345 τοῦ
2847 4291 2990 4345 κατὰ
3019 4286 3251 4358 Πνεῦμα
3313 4286 3493 4356 φωτὸς
3524 4284 3618 4337 καὶ

2046 4385 2294 4459 εἰσδοχὴν
2340 4386 2432 4440 καὶ
2470 4385 2778 4455 ἔκφανσιν·
2829 4382 2925 4436 καὶ
2969 4381 3029 4436 οὗ
3080 4380 3348 4452 πρότερον
3398 4377 3621 4446 ἀφίεται

2049 4477 2325 4550 φεραυγὲς
2381 4473 2523 4530 εἶναι
2577 4474 2672 4529 καὶ
2729 4474 3021 4545 φωσφόρον
3051 4469 3509 4542 ἐμπυρευόμενον
3556 4467 3618 4519 ὲκ

2050 4568 2145 4624 τοῦ
2170 4568 2280 4623 τῶν
2313 4567 2506 4638 φώτων
2541 4565 2777 4637 Πατρδς,
2809 4564 2857 4618 εἰ
2895 4563 2971 4635 μὴ
2998 4562 3264 4632 πρότερον
3294 4558 3393 4629 τὴν
3424 4555 3623 4624 ἰλυώδη

2050 4659 2426 4730 ἁπαλείψομεν
2458 4655 2826 4727 μεσολάδησιν
2849 4670 2864 4686 ⁸
2893 4656 2981 4709 ὅτε
3012 4655 3108 4708 καί
3133 4653 3264 4724 όρᾷν
3293 4652 3461 4722 ἤγουν
3483 4646 3623 4703 νοεῖν

2050 4749 2394 4824 δυνησόμεθα
2450 4749 2543 4804 τὸν
2607 4749 2921 4820 φωτοδότην
2973 4746 3128 4808 Θεὸν,
3179 4745 3279 4815 τῆς
3331 4742 3624 4812 πλαδὼσης

2052 4846 2198 4910 ἰλύος
2227 4844 2326 4899 καὶ
2352 4843 2759 4914 ὲπιπιπτούσης
2780 4841 2874 4897 καὶ
2896 4838 3259 4909 στεγανούσης
3292 4836 3432 4907 πρὸς
3452 4833 3625 4888 κωλύο

2055 4955 2163 5009 μην
2195 4938 2375 5007 φωτὸς
2407 4936 2856 5006 ἅπενηνεγμένης
2877 4950 2891 4964 ’
2926 4935 3001 4995 ὡς
3032 4929 3289 4987 ἐντεῦθεν
3317 4929 3379 4983 τὸ
3409 4927 3469 4982 ἐν
3493 4928 3624 4998 ἡμίν

2052 5024 2390 5097 φωταγωγὲς
2420 5025 2623 5097 χωρίον
2657 5026 2718 5078 τὸ
2749 5024 2893 5079 κατὰ
2919 5022 3120 5095 ψυχὴν,
3154 5021 3248 5075 καὶ
3284 5017 3625 5089 εἰσδέχεσθαι

2052 5120 2170 5189 φῶς
2204 5119 2391 5191 ἱλαρὸν
2440 5116 2649 5180 θεόθεν,
2686 5115 2783 5170 καὶ
2832 5114 3212 5186 προπέμπειν,
3264 5111 3341 5177 ὡς
3366 5110 3625 5177 ὀξύτατα,

2049 5213 2193 5267 κατὰ
2224 5206 2319 5265 τὸν
2360 5208 2505 5263 οὕτω
2551 5209 2818 5279 φάμενον,
2866 5205 3224 5279 ἐκδέρκεσθαι
3277 5204 3371 5258 τὸν
3406 5202 3628 5275 ἀπάσης

2051 5305 2179 5369 θέας
2211 5304 2495 5358 ἐπέκεινα.
2772 5296 2775 5297 ν

2133 5403 2221 5467 ιγ’.
2255 5397 2329 5450 Τὸ
2374 5397 2431 5450 δὲ
2464 5395 2785 5462 ἐκτινάξας
2815 5394 3170 5465 γενναιότητα
3216 5392 3480 5460 ἐμφαίνει
3532 5389 3625 5445 καὶ

2055 5486 2254 5555 εὐγενῆ
2282 5484 2566 5557 ῥᾳστώνην
2595 5484 2652 5551 ἐξ
2682 5485 3004 5555 ἀπαλλαγῆς
3033 5483 3207 5539 κακοῦ
3229 5499 3244 5515 ⁸
3276 5482 3457 5546 οὕτως
3481 5483 3630 5548 ἐξάνο

2054 5593 2167 5640 τεις
2202 5572 2533 5646 Ἰσραηλῖται
2579 5573 2690 5627 τῶν
2741 5573 3058 5642 Αἰγυπτίων
3108 5573 3358 5641 ἐγένοντο
3414 5573 3629 5625 ἐκτινα-

2058 5666 2296 5738 χθέντων
2327 5666 2408 5730 εἰς
2462 5663 2769 5719 θάλασσαν’
2803 5663 2948 5718 οὕτω
2976 5663 3189 5728 Παῦλος
3217 5664 3319 5736 τὴν
3362 5662 3624 5718 ὲνδακοῦ-

2056 5776 2156 5813 σαν
2183 5755 2398 5829 ἔχιδναν
2431 5757 2718 5823 ἐκτινάξας
2752 5757 2951 5828 ἀπάγει
2978 5757 3078 5829 τῆς
3101 5758 3282 5830 χειρός
3305 5774 3319 5789 ·
3356 5757 3628 5830 χρήσιμον
