3968 6244
300 300 405 364 533

1141 303 1222 364 IN
1274 303 1613 366 IIYMNUM
1653 302 2307 368 PENTECOSTALEM
2350 305 2807 366 DAMASCENI'.

3451 296 3564 366 535

294 423 349 474 δέ
378 437 434 475 τι
486 419 724 476 ἐνταῦθα
757 421 852 476 καὶ
878 419 1155 491 ψαλμικὸν
1183 422 1242 475 16
1277 441 1295 476 ι
1335 423 1720 496 Ἑξετινάχθην
1742 426 1875 481 ὡσεὶ
1903 448 1922 502 j

2033 433 2204 481 Itum:
2235 423 2546 480 «Excussus
2560 440 2678 479 sum
2695 425 2834 480 sicut
2855 424 3129 479 locustae.»
3153 421 3384 478 Oculum
3407 436 3560 476 men-

297 513 520 583 ἀκρίδες
541 530 554 544 ’
572 532 592 564 ι
620 513 780 584 ὄμμα
811 516 867 570 δὲ
890 515 1035 582 νόου,
1066 515 1142 579 ὡς
1171 517 1236 570 ὲκ
1269 519 1468 588 μέρους
1487 517 1678 575 τούτου
1695 519 1787 572 16v
1815 519 1877 572 16

2033 541 2053 580 5
2083 521 2149 580 e‘x
2183 523 2282 578 hac
2316 533 2470 594 parte
2505 522 2776 592 duplicem
2809 530 2980 576 totum
3016 521 3290 576 hominem
3347 520 3558 584 innuit;

299 608 479 660 πάντα
525 606 749 662 διπλοῦν
791 607 1092 664 αἰνίττεται
1137 608 1449 680 ἄνθρωπον.
1501 611 1588 674 Ὧς
1630 610 1740 682 γὰρ
1777 611 1881 682 μιᾷ

301 699 480 770 θυρίδι
510 699 606 752 τοῦ
637 699 760 753 κατ’
791 700 1082 770 ἄνθρωπον
1125 701 1298 768 οἴκου,
1344 705 1412 774 τῇ
1446 704 1565 757 κατ’
1599 703 1769 774 ἀκοὴν
1797 704 1883 758 αἱ-

301 791 570 862 σθητικὴν
614 793 1024 863 ἀντανέῳγενή
1061 795 1204 847 κατὰ
1242 792 1392 857 νοῦν,
1427 795 1604 858 οὕτως
1634 796 1733 851 καὶ
1760 796 1883 860 ταῖς

301 886 521 948 λοιπαῖς
547 885 808 953 τέτρασιν
847 888 908 940 αἱ
936 887 1213 955 ἀνάλογοι.
1244 888 1304 940 Ei
1338 887 1396 941 δὲ
1432 890 1528 943 καὶ
1555 889 1715 960 χερσὶ
1756 891 1872 960 χεῖ-

309 995 421 1046 ρες,
448 978 543 1031 καὶ
571 979 733 1043 πόδες
760 981 912 1046 ποσὶ,
941 981 1034 1034 καὶ
1084 983 1225 1052 μέσα
1263 984 1454 1052 μέσοις
1493 985 1883 1056 παράκεινται,

308 1068 652 1138 συνδυασμοῦ
679 1070 844 1140 λόγῳ,
895 1072 988 1126 τοῦ
1026 1073 1148 1126 κατ’
1191 1075 1444 1145 αἴσθησιν
1476 1076 1570 1130 καὶ
1617 1077 1715 1130 τοῦ
1745 1079 1887 1133 κατὰ

307 1159 456 1226 νοῦν,
497 1161 597 1214 οὐκ
628 1162 693 1216 ἂν
729 1164 816 1233 εἰη
865 1165 1160 1230 ἀναγκαῖον
1205 1170 1285 1229 εἰς
1331 1167 1494 1222 πλέον
1526 1169 1890 1240 ἐπισημαίνε-

312 1253 436 1306 σθαι
481 1255 633 1323 παρά
676 1272 742 1324 γε
781 1256 1092 1325 ἀνθρώποις
1135 1258 1198 1311 οὐ
1239 1259 1707 1327 παραϐλέπουσιν,
1756 1261 1891 1322 ἀλλὰ

312 1343 488 1407 ὀρθῶς
509 1346 860 1418 μεμαθηκόσι
905 1348 1137 1418 θεωρεῖν
1168 1349 1396 1418 διπλόην
1440 1353 1648 1422 ταύτην
1673 1355 1894 1408 ἐπαινε-

314 1434 412 1502 τὴν
440 1435 542 1505 τὴν
575 1439 718 1492 κατά
748 1438 1058 1507 ἄνθρωπον.

389 1524 470 1583 ιδ’.
501 1528 575 1581 T6
606 1533 735 1602 γὰρ,
770 1529 882 1599 όρᾷ
923 1532 1028 1588 τὸν
1053 1532 1222 1598 ὄντα,
1253 1534 1469 1605 δίδωσιν
1499 1537 1632 1607 ἡμῖν
1679 1537 1896 1608 θαυμά-

318 1619 456 1682 ζειν,
484 1621 568 1674 ὅτι
591 1621 650 1674 ἐν
680 1625 868 1693 γνόφῳ
897 1624 1108 1697 καθορᾷ
1130 1627 1157 1678 6
1188 1626 1628 1692 θεοπτικώτατος
1655 1630 1898 1700 Μωῢσῆς

320 1713 541 1769 κάλλιον
571 1715 716 1787 ἤπερ
743 1719 792 1771 οἱ
841 1719 1122 1790 ἄνθρωποι
1159 1722 1228 1776 τὰ
1261 1722 1496 1788 αἰσθητά
1538 1724 1598 1776 ὲν
1629 1725 1770 1791 φωτὶ
1799 1741 1897 1778 κα-

1985 625 2045 672 υι
2077 617 2223 673 enim
2254 616 2348 671 uni
2371 624 2538 686 portte
2564 616 2760 671 domus
2789 614 3021 684 alicujus
3043 613 3222 684 quoad
3252 612 3562 681 intelligen-

1991 707 2119 762 tiam
2146 722 2430 772 sensuum,
2457 708 2707 778 opposita
2739 716 2890 775 patet
2931 708 3033 759 alia
3066 707 3119 759 in
3159 715 3363 766 mente,
3396 705 3476 759 sic
3507 703 3559 756 in

1989 798 2113 853 aliis
2143 805 2380 867 quatuor
2413 799 2684 853 sensibus.
2732 796 2790 852 Si
2828 807 3011 851 autem
3051 796 3308 850 manibus
3341 809 3570 861 manus,

1991 900 2046 946 et
2087 889 2255 960 pedes
2308 889 2560 960 pedibus,
2625 905 2690 945 ex
2727 891 2901 943 media
2957 890 3151 945 mediis
3203 890 3475 960 adjacent,
3513 893 3567 946 in

1991 983 2216 1038 modum
2243 983 2520 1038 'dualismi
2567 982 2712 1037 inter
2762 997 2956 1037 sensus
2987 989 3042 1037 et
3069 993 3330 1051 mentem,
3371 985 3449 1037 nil
3479 999 3569 1039 nes

1993 1093 2146 1134 cesse
2175 1080 2312 1134 foret
2345 1078 2478 1133 illud
2504 1077 2884 1134 demonstrare
2915 1079 3227 1134 hominibus
3259 1096 3362 1135 non
3391 1079 3568 1148 negli-

1992 1169 2286 1237 gentibus.
2333 1170 2506 1240 probe
2561 1179 2743 1224 autem
2808 1170 3112 1226 scientibus
3154 1172 3340 1226 videre
3391 1170 3598 1241 dupli-v

1995 1275 2113 1317 cem
2146 1261 2374 1333 gloriam
2411 1263 2554 1318 hanc
2586 1262 2642 1318 in
2666 1262 2912 1317 homine.

2077 1513 2161 1568 14.
2197 1511 2399 1579 Verba,
2435 1515 2573 1568 videt
2616 1531 2734 1569 eum
2765 1518 2855 1586 qui
2882 1525 2979 1581 est,
3039 1517 3350 1572 admirandi
3398 1518 3574 1572 locum

2000 1605 2246 1674 prmbent
2293 1607 2439 1675 quod
2499 1607 2713 1678 Moyses
2772 1609 2857 1661 vir
2920 1609 3159 1662 maxime
3226 1611 3574 1677 perspicuus,

2004 1698 2202 1753 melius
2235 1696 2402 1752 Deutu
2451 1697 2647 1753 viderit
2693 1700 2745 1752 in
2796 1699 2962 1765 nube,
3019 1714 3186 1769 quam
3232 1699 3480 1753 homines
3525 1699 3578 1752 in

321 1807 497 1879 θαρῷ.
546 1811 714 1864 Αὐτοὶ
745 1813 851 1884 γὰρ
895 1814 1368 1883 παραδλέποντες,
1399 1816 1496 1870 καὶ
1540 1819 1609 1870 τὰ
1645 1817 1721 1888 μὴ
1771 1817 1900 1870 ὅντα

2033 1805 2138 1843 utra
2165 1790 2290 1845 luce
2323 1791 2628 1846 scnsibilia.
2678 1791 2784 1861 Ipsi
2831 1791 2976 1847 enim
3013 1803 3169 1847 torva
3199 1800 3434 1854 tuentes,
3463 1805 3584 1860 qua!

325 1902 471 1955 ἔστιν
496 1903 556 1956 οὗ
598 1906 675 1970 ὡς
703 1904 830 1960 ὄντα
866 1909 1266 1976 φαντάζονται·
1303 1910 1633 1984 θεορρήμων
1661 1915 1766 1980 ἄρα
1801 1931 1901 1966 κυ-

326 1995 458 2065 ρίως
486 1999 515 2051 6
540 1999 781 2070 Μωῡσῆς
831 2001 908 2062 ὡς
937 2002 1070 2056 Θεὸν
1100 2003 1192 2055 16v
1229 2003 1402 2068 ὅντως
1441 2004 1572 2058 ὄντα
1613 2006 1758 2076 δρῶν
1807 2007 1904 2059 καὶ¹

325 2089 539 2160 ἀληθῶς
588 2091 1022 2162 θεωρικώτατος.
1056 2097 1256 2150 ’ἰστέον
1305 2099 1363 2152 δὲ
1416 2101 1498 2152 ὅτι
1540 2101 1622 2164 16,
1655 2101 1766 2168 ὁρᾷ
1795 2100 1904 2154 τὸν

327 2181 496 2245 ὄντα,
521 2182 674 2254 δηλοί
705 2186 780 2254 μὴ
807 2187 1121 2257 ἰνδαλθῆναι
1149 2189 1182 2259 ἢ
1204 2189 1381 2253 ἄλλως
1406 2191 1594 2252 ἁπλῶς
1611 2191 1754 2244 οὕτω
1772 2207 1906 2262 φαν-

326 2279 662 2349 τασιωθῆναι
695 2281 787 2335 16v
819 2282 1062 2353 Μωῦσῆν
1094 2285 1402 2353 τηνικαῦτα
1433 2303 1446 2318 ·
1483 2287 1648 2339 αύτδν
1675 2286 1732 2339 δὲ
1767 2287 1908 2338 πάν-

327 2388 434 2432 τως
476 2373 574 2426 τὸν
621 2373 756 2426 Θεὸν
805 2374 935 2428 ἰδεῖν
983 2375 1060 2438 ὡς
1105 2375 1382 2447 ἀνθρώπῳ
1437 2379 1696 2446 ἐφικτόνο
1755 2380 1911 2430 ποῖον

328 2463 493 2530 Θεόν;
527 2463 588 2517 οὗ
620 2464 812 2534 κύριον
832 2463 1022 2536 ὥσπερ
1053 2467 1228 2535 ὕνομα
1256 2468 1312 2522 '0
1336 2467 1454 2522 ὢν*
1491 2468 1635 2523 κατά
1672 2468 1734 2521 16
1772 2467 1912 2538 Ἐγώ

329 2555 446 2622 ειμι
478 2557 514 2608 ὀ
543 2553 630 2607 ὧν
649 2572 663 2584 ο
687 2557 714 2608 6
745 2558 866 2610 κατ’
905 2556 1098 2628 ἐξοχὴν
1116 2558 1348 2629 δηλαδή.
1381 2559 1445 2611 Ei
1468 2559 1523 2612 δὲ
1552 2559 1649 2612 καλ⁸
1689 2561 1756 2612 τὰ
1779 2558 1911 2612 ὄντα

331 2643 472 2701 εἶδεν
509 2646 700 2702 ἄλλοτε
730 2648 820 2703 διὰ
846 2650 940 2703 τοῦ
970 2651 1129 2718 Θεοῦ,
1165 2652 1259 2706 καὶ
1300 2651 1472 2714 οὕτως
1502 2646 1644 2704 εἶδεν
1669 2650 1737 2704 τὰ
1770 2652 1914 2705 κατὰ

330 2740 429 2810 τὴν
457 2743 854 2811 κοσμογένειαν
886 2747 914 2799 6
967 2747 1227 2812 Μωῦσῆς,
1280 2745 1377 2815 οὐχ
1430 2747 1640 2813 ἁπλῶς,
1680 2745 1824 2815 λόγῳ
1857 2744 1915 2797 δὲ

338 2837 660 2904 φιλοσοφίας
691 2837 829 2891 καθὸ
857 2837 1061 2908 δηλαδὴ
1105 2839 1237 2891 ὄντα
1259 2856 1273 2870 ’
1311 2838 1449 2891 ἀλλὰ
1494 2837 1590 2891 νῦν
1623 2837 1789 2890 αὐτὸν
1819 2837 1914 2891 16v

337 2929 464 2984 ὄντα
494 2929 705 2999 βλέπει,
752 2931 845 2986 τὸν
878 2932 946 2986 δι’
992 2932 1052 2986 ού
1082 2932 1151 2986 τὰ
1179 2932 1309 2986 δντα
1345 2932 1546 2995 πάντα,
1595 2932 1690 2984 καὶ
1735 2930 1795 2984 οὗ
1845 2932 1914 3001 τῇ

340 3025 630 3097 δεσποτεία
660 3026 729 3079 τὰ
753 3025 882 3080 ὄντα
905 3027 1081 3081 πάντα
1113 3026 1422 3082 ὑπόκειται.
1453 3027 1543 3079 Ἐν
1566 3026 1624 3079 δὲ
1649 3024 1727 3094 τῷ
1749 3021 1919 3094 μυεῖ-

302 3131 303 3135 ‘
341 3132 435 3171 fat
468 3119 780 3190 σημείωσαι
807 3121 888 3173 ὅτι
931 3119 1050 3189 ἅμα
1083 3114 1192 3173 εἶδε
1236 3120 1477 3188 Μωῦσῆς
1520 3119 1612 3173 τὸν
1643 3117 1792 3182 ὄντα,
1824 3117 1922 3170 καὶ

346 3212 544 3267 αὐτίκα
586 3216 806 3282 μυεῖται
837 3215 904 3266 τά
939 3213 1037 3267 τοῦ
1069 3212 1412 3282 Πνεύματος,
1444 3212 1502 3264 ἐν
1524 3206 1606 3274 οἷς
1635 3212 1663 3264 6
1696 3210 1924 3280 θεόγρα-

348 3323 445 3376 φος
470 3307 661 3376 νόμος,
695 3305 784 3360 ἵνα
815 3307 890 3370 ὡς
921 3309 948 3359 6
993 3304 1255 3375 ἑωρακὼς
1291 3303 1384 3356 τὸν
1413 3303 1545 3356 Υἱὸν
1574 3303 1788 3373 ἑώρακε
1830 3307 1924 3356 καὶ

348 3400 438 3452 16v
488 3398 735 3468 Πατέρα,
763 3395 938 3460 οὕτως
968 3397 998 3450 6
1050 3393 1315 3466 ἑωρακὼς
1344 3394 1374 3448 δ
1406 3395 1526 3448 ἐστὶ
1577 3394 1800 3465 νοήσας,
1831 3391 1929 3445 καὶ

350 3492 492 3547 οὕτω
520 3493 689 3562 γνοὺς
719 3493 812 3545 16v
857 3491 1010 3558 ὅντα,
1059 3491 1174 3560 εχοι
1220 3488 1424 3558 γνῶσιν
1462 3487 1662 3541 αὐτίκα
1707 3483 1930 3542 καὶτοῦ

353 3584 692 3652 Πνεύματος.
736 3581 970 3652 ’Δγαθὸν
997 3581 1158 3634 τοῦτο
1203 3580 1369 3650 μέγα,
1401 3579 1461 3630 16
1507 3577 1603 3631 καὶ
1639 3577 1754 3642 τοῖς
1797 3576 1934 3630 ἀπο-

357 3677 561 3742 στόλοις
587 3676 998 3747 κεχαρισμένον
1019 3673 1126 3728 ἀπὺ
1155 3672 1253 3740 τῆς
1286 3672 1533 3741 σήμερον
1565 3669 1788 3740 ἑορτῆς.

427 3869 511 3919 ιε’.
542 3859 652 3915 Τοῦ
677 3859 734 3913 δὲ
752 3857 991 3928 μυεῖται
1015 3855 1163 3920 λέξιν
1191 3851 1555 3925 καιριωτέραν
1583 3852 1696 3912 τοῖς
1727 3848 1797 3901 τὰ
1819 3845 1941 3900 θεῖα

362 3953 711 4024 τελουμένοις
761 3952 862 4004 οὐκ
912 3949 1062 4002 ἔστιν
1107 3944 1387 4016 εὑρέσθαι.
1433 3942 1522 4008 Ἐξ
1582 3941 1756 4009 αὐτῆς
1809 3937 1940 4006 γοῦν

366 4048 493 4119 παρ’
519 4047 754 4118 Ἕλλησι
793 4043 994 4115 μύσται
1025 4041 1088 4094 16
1117 4039 1340 4111 πρῶτον
1369 4037 1420 4090 0i
1445 4036 1515 4090 τὰ
1539 4035 1694 4104 σφίσι
1722 4030 1940 4085 δοκοῦν-

366 4161 433 4197 τα
462 4142 715 4197 θειότατα
740 4131 1226 4208 κρυφιομυστικῶς
1254 4127 1778 4199 παραλαμϐάνοντες
1809 4121 1946 4194 πρὸς

370 4237 476 4290 τῶν
523 4233 776 4305 ἱερᾶσθαι
829 4229 1125 4299 λαχόντων,
1157 4225 1254 4278 καὶ
1289 4221 1434 4276 οὕτω
1468 4219 1814 4288 τελούμενοι,
1854 4217 1946 4268 καὶ

372 4322 769 4394 τελεταρχικῶς
822 4318 1239 4384 παιδευόμενοι·
1276 4312 1436 4365 όποία
1477 4310 1573 4364 καὶ
1605 4309 1676 4362 τὰ
1711 4305 1948 4360 Ἀττικὰ

378 4418 585 4490 μεγάλα
623 4419 718 4469 καὶ
749 4412 924 4483 μικρὰ
967 4408 1244 4480 μυστήρια
1287 4404 1492 4463 καὶ,τά
1535 4404 1595 4454 ὲν
1625 4397 1947 4468 Τροφωνίου

375 4462 468 4567 ζαί
488 4462 785 4580 Ἀμμωνοὲ
813 4462 1438 4570 καλλοψῷἶιαρῆκται
1458 4497 1515 4550 δὲ
1541 4498 1574 4564 ἡ
1607 4462 1808 4563 λέξιςἿῆ
1839 4494 1922 4545 ἀπι

2057 4474 2202 4527 citur
2235 4477 2416 4524 autem
2443 4465 2667 4520 verbum
2696 4479 2723 4516 a
2755 4462 2930 4533 μύειν,

377 4609 469 4661 τοῦ
497 4605 676 4677 μύειν,
710 4603 738 4655 ὃ
767 4603 884 4653 ἐστι
921 4596 1218 4666 συγκλύειν
1264 4594 1333 4646 τὰ
1370 4591 1524 4662 χείλη
1547 4605 1562 4619 ·
1596 4590 1808 4656 ἀνάγκη
1843 4587 1950 4655 γὰρ

377 4696 447 4770 ἦν
471 4699 630 4768 σιγᾷν
657 4696 836 4762 πάντη
866 4690 962 4744 καὶ
1011 4687 1235 4750 πάντως
1263 4684 1390 4746 τοὺς
1435 4681 1780 4752 μυουμένους
1808 4677 1952 4747 ἆπερ

381 4792 759 4860 ὲτελέσθησαν,
802 4788 878 4850 ὡς
920 4783 1017 4838 καὶ
1067 4782 1118 4834 οἱ
1161 4775 1529 4845 Πυθαγορικοὶ
1580 4771 1818 4843 μάλιστα
1862 4773 1954 4840 δη-

382 4886 555 4952 λοῦσι,
594 4882 693 4937 καὶ
723 4878 942 4946 θανάτῳ
962 4873 1236 4943 ἐτιμῶντο
1269 4870 1319 4922 οἱ
1349 4869 1420 4920 τὰ
1456 4865 1736 4936 μυστήρια
1769 4860 1956 4914 ποιού-

389 4996 536 5050 μενοι
565 4977 780 5044 ἐκφορα
799 4987 813 5001 ·
846 4968 881 5040 ἢ
916 4967 1024 5022 ἀπὺ
1050 4964 1145 5018 τοῦ
1176 4960 1356 5034 μύειν,
1385 4957 1414 5012 ὅ
1439 4955 1503 5026 δὴ
1554 4956 1649 5008 καὶ
1678 4952 1958 5022 καμμύειν

387 5046 588 5141 ξραμὲν,
620 5069 708 5122 διὰ
731 5065 793 5120 16
824 5064 936 5117 δεῖν
961 5056 1104 5115 εἶναι
1125 5058 1218 5112 τὸν
1242 5052 1386 5108 οὕτω
1421 5046 1957 5141 μυστηριαζόμενον,

397 5325 714 5418 ρέμδεσθαι,
772 5340 896 5412 μηδ’
948 5337 1082 5393 αὐτὸ
1122 5335 1182 5390 16
1225 5333 1326 5402 τῆς
1373 5331 1549 5398 ὅψεως
1599 5325 1956 5418 ἐξαλλόμενον

395 5413 640 5500 όπτικδν,
672 5433 888 5506 μήποτέ
912 5449 966 5484 τι
987 5428 1098 5482 τῶν
1131 5422 1473 5495 ἐξωτερικῶν
1505 5417 1764 5480 εἰδώλων,
1797 5419 1822 5467 6
1862 5413 1966 5486 μύ-

401 5547 530 5601 στης
559 5525 1118 5592 ἐπεισσπασάμενοις,
1154 5512 1590 5582 ἀποκαταστήσῃ
1635 5510 1733 5578 τὴν
1767 5506 1970 5576 μύησιν

400 5596 573 5683 ὼςψεξς
593 5615 1022 5684 ὀνειροπόλησινο
1042 5611 1104 5666 οὐ
1125 5608 1232 5679 μὴν
1262 5605 1380 5659 οὐδὲ
1393 5601 1536 5657 οὕτω
1559 5596 1836 5668 καμμύειν
1861 5596 1973 5658 τοῖς

405 5713 698 5780 ὀφθαλμοῖς
751 5709 840 5762 16v
897 5706 1201 5775 μυούμενον
1233 5698 1309 5760 ὡς
1351 5690 1634 5764 ἀφυπνοῦν
1687 5687 1782 5742 καὶ

410 5802 675 5876 νεκρὲζειν
695 5818 709 5833 °
735 5799 940 5862 ἀλλ’ὡς
961 5799 1058 5861 τὰς
1087 5793 1260 5856 πύλας
1288 5789 1355 5844 τὰ
1389 5786 1637 5856 βλέφαρα
1671 5779 1974 5848 συγκλείειν

2007 1898 2112 1937 non
2149 1891 2277 1937 sunt
2327 1883 2431 1938 sibi
2472 1882 2937 1953 eﬂ‘ormantquasi
2973 1884 3122 1948 sint;
3153 1883 3366 1953 Moyses
3395 1893 3579 1938 autem

2008 1989 2037 2027 a
2091 1972 2202 2028 Deo
2251 1973 2492 2041 amatus,
2537 1977 2696 2044 quasi
2750 1977 2941 2043 Deum,
2993 1992 3117 2031 eum
3167 1975 3263 2045 qui
3319 1991 3449 2029 vere
3497 1984 3584 2028 est

2009 2072 2166 2137 vidit,
2194 2087 2325 2125 vero
2355 2070 2538 2126 oculo.
2569 2069 2868 2125 Sciendum
2902 2081 3084 2125 autem
3112 2068 3255 2139 quod
3288 2069 3419 2122 uidit
3467 2083 3586 2121 eum

2009 2165 2101 2234 qui
2129 2175 2227 2228 est,
2266 2164 2522 2220 ostendat
2571 2179 2676 2217 non
2735 2165 2911 2217 visum
2945 2177 3092 2225 esse,
3139 2162 3226 2216 vel
3260 2162 3442 2226 aliter,
3477 2173 3587 2212 non

2010 2255 2335 2326 simpliciter
2363 2255 2594 2323 effigiem
2645 2256 2948 2323 respexisse
2971 2253 3227 2322 Moysen;
3263 2253 3440 2322 ipsum
3495 2266 3592 2304 au-

2012 2358 2117 2403 tem
2157 2348 2390 2402 omnino
2443 2346 2615 2402 Deum
2663 2347 2870 2402 vidisse
2929 2348 3072 2401 sicut
3108 2345 3313 2400 homini
3350 2344 3432 2398 fas
3469 2351 3590 2407 est;

2015 2443 2236 2510 qualem
2275 2440 2490 2495 Deum?
2541 2438 2714 2494 Suum
2779 2437 3094 2503 Dominum,
3151 2436 3316 2506 cujus
3348 2449 3590 2489 nomen:

2017 2534 2123 2600 Qui
2157 2541 2280 2598 est;
2319 2532 2475 2599 juxta
2508 2532 2624 2585 lucc
2657 2549 2670 2585 :
2720 2530 2834 2598 Ego
2869 2545 2989 2584 sum
3039 2531 3130 2599 qui
3174 2541 3317 2589 sum,
3341 2526 3596 2580 vileliCCt

2013 2625 2299 2681 excellenti
2332 2623 2512 2678 modo.
2552 2621 2610 2677 Si
2637 2629 2816 2676 autem
2850 2636 2913 2675 ea
2941 2636 3063 2690 qua:
3095 2626 3223 2674 sunt
3252 2617 3487 2671 intuitus
3517 2624 3600 2670 est

2015 2717 2144 2774 olim
2180 2732 2275 2786 per
2307 2715 2500 2780 Deum,
2535 2724 2587 2769 et
2620 2715 2700 2770 sic
2750 2711 2884 2767 vidit
2935 2727 2998 2766 ea
3054 2725 3176 2779 quae
3215 2711 3280 2763 ad
3311 2721 3602 2776 cosmogo—

2016 2811 2164 2866 niam
2206 2819 2457 2881 spectant
2517 2807 2748 2878 Moyses,
2787 2819 2895 2859 non
2935 2803 3280 2873 simpliciter,
3345 2800 3441 2855 sed
3505 2812 3602 2868 per

2017 2903 2237 2960 modum
2262 2901 2700 2972 philosophicum
2730 2899 2940 2951 ratione
2961 2908 3156 2963 nempe
3187 2907 3377 2949 eorum
3419 2892 3604 2946 exsis~

2021 2997 2241 3052 lentim:
2305 3008 2451 3049 nunc
2510 3001 2692 3048 autem
2759 3001 2814 3045 et
2866 2991 3046 3059 ipsum
3102 2996 3282 3041 entem
3311 2985 3478 3046 videt,
3506 2997 3605 3052 per

2019 3104 2180 3159 quem
2213 3096 2338 3142 sunt
2364 3086 2572 3151 omnia,
2599 3085 2756 3154 cujus
2790 3081 3042 3152 potestati
3099 3078 3280 3132 omnia
3341 3076 3602 3131 subsunt;

1950 3163 1994 3221 ο
2030 3181 2084 3236 In
2132 3181 2298 3236 verbo
2338 3187 2518 3234 autem
2557 3177 2824 3238 initialur,
2876 3171 3172 3228 notandum
3234 3169 3378 3239 quod
3413 3168 3605 3249 simul

2028 3281 2208 3329 entem
2240 3271 2376 3328 vidit
2396 3270 2630 3341 Moyses,
2677 3278 2728 3322 et
2760 3267 2942 3322 statim
2975 3265 3124 3318 novit
3145 3277 3262 3333 qum
3309 3261 3377 3316 de
3405 3260 3611 3329 Spiritu

2030 3372 2179 3428 sunt,
2232 3363 2284 3417 in
2315 3361 2518 3431 quibus
2551 3359 2734 3414 divina
2784 3358 2901 3424 lex;
2933 3357 3098 3418 unde,
3136 3355 3280 3408 sicut
3328 3353 3422 3422 qui
3476 3350 3613 3404 vidit

2031 3451 2252 3518 Filium,
2281 3451 2412 3504 vidit
2457 3458 2509 3504 et
2535 3448 2751 3502 Patrem
2786 3464 2801 3503 :
2831 3447 2907 3501 ita
2947 3446 3040 3515 qui
3084 3445 3236 3511 vidit,
3266 3443 3318 3498 id
3364 3450 3469 3509 est,
3517 3442 3613 3510 qui

2033 3544 2298 3615 cogitavit
2338 3552 2392 3598 et
2439 3543 2521 3597 sic
2561 3541 2713 3596 novit
2755 3549 2962 3606 cntem,
2999 3537 3238 3608 Spiritus
3293 3535 3480 3590 statim
3531 3519 3616 3588 co.-

2036 3637 2333 3706 gnitionem
2387 3636 2580 3700 habet;
2630 3641 2686 3688 et
2727 3646 2981 3702 maguum
3015 3629 3150 3685 illud
3212 3629 3415 3684 bonum
3471 3625 3616 3696 quod

2037 3738 2093 3784 et
2134 3729 2402 3797 apostolis
2422 3741 2751 3782 concessum
2805 3733 2888 3779 est
2916 3724 2973 3778 in
3006 3722 3276 3778 hodierno
3307 3720 3472 3776 l'esm.

2115 3823 2204 3876 i5.
2240 3820 2614 3890 Opportunius
2641 3826 2823 3872 autem
2852 3832 3012 3886 quam
3049 3817 3272 3884 μυεῖται
3301 3813 3528 3867 verbum
3551 3812 3620 3866 iis

2044 3916 2137 3986 qui
2164 3915 2348 3971 divina
2381 3921 2650 3981 peragunt
2681 3910 2928 3966 invenire
2975 3906 3321 3976 impossibile
3362 3914 3448 3960 est
3488 3922 3502 3958 :
3551 3919 3621 3959 ex

2047 4011 2152 4065 hoc
2185 4008 2333 4063 enim
2373 4005 2518 4074 apud
2557 4003 2782 4059 Graecos
2805 4010 2995 4072 mystae
3045 3999 3242 4068 primo,
3271 3997 3366 4066 qui
3397 4011 3461 4052 ca
3499 4010 3625 4065 quae

2052 4101 2160 4157 sibi
2193 4099 2536 4155 divinissitna
2566 4095 2911 4159 videbantur,
2944 4090 3291 4160 accipiebant
3319 4088 3387 4142 ab
3423 4087 3508 4141 his
3529 4088 3625 4157 qui

2051 4193 2432 4249 sacerdotium
2503 4188 2684 4246 sortiti
2731 4196 2910 4253 erant,
2970 4185 3053 4241 sic
3112 4183 3311 4239 initiati
3355 4189 3410 4236 et
3468 4193 3625 4235 sacra

2052 4286 2271 4350 edocti;
2328 4280 2512 4353 qualia
2549 4281 2694 4334 inter
2723 4278 2936 4332 Atticos
2977 4291 3145 4346 parva
3174 4283 3228 4331 et
3254 4289 3448 4343 magpa
3477 4272 3628 4342 [tny-

2054 4378 2253 4446 steria,
2299 4385 2354 4432 et
2399 4373 2795 4444 Trophonii,et
2827 4369 3138 4432 Ammonis,
3186 4377 3241 4422 et
3285 4366 3428 4428 alia;
3461 4365 3632 4418 dedu-

2962 4461 3013 4514 id
3043 4469 3129 4516 est
3162 4459 3304 4514 labia
3344 4455 3630 4511 claudere:

2055 4577 2283 4619 necesse
2320 4560 2467 4615 enim
2502 4565 2618 4612 erat
2653 4564 2712 4610 ut
2738 4554 2920 4609 omnia
2968 4551 3194 4605 omnino
3219 4565 3341 4619 quze
3383 4546 3628 4617 perfecta

2059 4662 2222 4710 erant
2273 4652 2504 4707 silerent
2555 4645 2779 4711 initiati,
2824 4645 2966 4698 sicut
3022 4641 3264 4694 maxime
3327 4636 3631 4692 ostendunt

2066 4742 2454 4815 Pythagorici;
2483 4749 2538 4794 et
2565 4746 2742 4793 morte
2786 4731 3194 4788 mulctabantur
3243 4729 3333 4798 qui
3370 4727 3636 4798 mysteria

2061 4837 2424 4907 evulgabant;
2475 4831 2624 4886 vela
2678 4829 2844 4883 verbo
2904 4825 3065 4896 μύειν
3113 4823 3260 4894 quod
3319 4817 3633 4888 καμμύειν;

2063 4931 2191 5000 quia
2235 4927 2535 4989 initiatum,
2575 4924 2630 4978 in
2669 4921 2852 4992 seipso
2884 4918 3232 4975 recollectum
3263 4927 3388 4970 esse
3433 4926 3638 4967 secun-

2062 5026 2193 5080 dum
2239 5031 2412 5078 totum
2470 5017 2768 5080 hominem,
2799 5027 2904 5068 nec
2952 5011 3136 5067 sinere
3199 5004 3410 5076 aliquid
3471 5003 3526 5058 in
3581 5017 3640 5057 se

2066 5116 2306 5174 exterius
2326 5111 2567 5181 evulgari
2587 5108 2772 5173 debet,
2807 5119 2876 5160 ne
2897 5103 3074 5174 ipsum
3108 5099 3331 5170 quidem
3363 5095 3509 5151 oculi
3559 5095 3640 5150 ic-

2070 5220 2206 5276 tum,
2234 5224 2302 5263 ne
2328 5204 2510 5271 aliqua
2529 5197 2788 5256 exteriori
2820 5194 3056 5263 imagine
3086 5191 3395 5246 abstractus
3422 5185 3516 5256 qui
3538 5185 3644 5239 ini-

2071 5305 2261 5369 tiatur,
2288 5296 2653 5354 initiationem
2688 5285 3035 5358 faciatquasi
3080 5281 3393 5347 sonmium;
3437 5293 3538 5332 nec
3561 5276 3644 5332 sic

2072 5396 2268 5451 oculos
2297 5389 2554 5446 claudere
2586 5384 2748 5440 debet
2775 5383 2906 5437 dum
2939 5378 3192 5432 initiatur
3239 5374 3324 5429 ita.
3359 5380 3418 5426 ut
3447 5368 3646 5424 obdor-

2073 5489 2228 5551 miat,
2265 5494 2319 5540 et
2348 5483 2430 5538 sic
2467 5479 2774 5541 moriatur;
2812 5473 2910 5529 sed
2941 5471 3100 5541 quasi
3141 5477 3326 5540 portas
3355 5463 3646 5534 palpebras

2077 5579 2336 5637 claudere
2358 5575 2405 5632 si
2437 5569 2762 5643 oportuerit,
2797 5573 2851 5620 et
2878 5567 3054 5620 lucem
3090 5573 3310 5616 omnem
3346 5556 3401 5610 in
3443 5560 3652 5621 mystea

1832 5643 1976 5740 061i;
2082 5676 2223 5732 rium
2246 5680 2565 5731 reservare;
2604 5662 2768 5732 hujus
2792 5655 3120 5731 symbolum,
3146 5643 3470 5705 initiationis
3510 5652 3651 5696 tem-

2082 5782 2185 5839 pus
2220 5761 2363 5836 apud
2379 5758 2612 5824 Atticos,
2643 5761 2698 5811 ct
2725 5752 2843 5824 ejus
2871 5745 3178 5807 ordinatio;
3208 5754 3317 5795 nox
3346 5735 3514 5803 enim,
3535 5741 3657 5788 erat
