3968 6244
482 289 585 346 539

1184 294 1611 357 EUSTATHII
1649 293 2417 360 THESSALONICENSIS
2471 297 3043 361 METROPOLIT£

3604 295 3705 361 540

475 410 655 458 autem
679 403 856 459 oritur
880 407 1075 460 στπτὺν
1114 417 1168 462 et
1207 410 1503 480 σεϐάσμον,
1550 412 1691 467 sicut
1728 420 1783 466 et
1817 412 2038 483 σεμνόν.

2166 414 2298 484 ιαρά
2327 432 2391 482 γε
2425 416 2539 478 τοῖς
2572 414 2952 478 παλαιτάτοις·
2983 410 3045 467 οὗ
3073 411 3138 483 δὴ
3187 411 3370 466 σέϐειν
3395 411 3706 482 ἐξώρμηται

474 495 601 551 Ideo
628 497 678 551 ei
732 500 824 568 qui
897 500 1037 571 apud
1076 500 1353 557 Romanos
1394 503 1691 559 vocabatur
1720 503 1862 560 Deus
1913 520 2039 561 suc-

475 589 676 644 cedens
701 589 891 659 Filius,
920 592 1125 647 veritus
1147 608 1213 648 ne
1232 597 1522 652 orbaretur
1546 596 1650 654 hoc
1676 598 1834 653 titulo
1860 597 1913 652 in
1937 599 2045 653 eis—

473 682 595 736 dem
630 683 878 738 terminis
906 684 1170 749 adhibito,
1195 687 1351 742 aliter
1371 688 1523 743 illttm
1557 689 1786 745 adulans
1804 689 2041 756 induxit,

477 786 769 846 augustum
827 777 1067 846 seipsum
1117 781 1533 849 cognominans,
1568 790 1628 836 ut
1677 796 1785 837 una
1817 797 2046 839 venera—

476 861 603 921 bilis
629 867 748 923 idea
789 867 1152 937 divinissima,
1205 872 1363 940 quasi
1413 873 1798 929 vestimentum
1842 873 2041 942 duplex

475 967 685 1028 Optata,
736 960 833 1016 Dei
876 962 1088 1017 scilicet
1131 964 1392 1033 cogitatio
1432 972 1487 1018 et
1514 966 1764 1034 augusti,
1811 972 1864 1021 et
1893 965 2041 1021 Patri

476 1054 793 1109 conveniret
824 1053 1047 1118 viventi,
1067 1062 1122 1109 et
1150 1072 1270 1110 cum
1288 1056 1428 1112 Filio
1451 1060 1742 1131 exsisteret
1796 1075 1890 1130 per
1928 1073 2048 1113 om-

474 1163 599 1201 nem
629 1149 820 1213 vitam,
845 1150 914 1204 ob
946 1149 1084 1205 ideae
1114 1150 1430 1221 dignitatem
1455 1169 1470 1221 ;
1503 1153 1596 1222 qui
1625 1153 1772 1208 enim
1804 1153 1859 1208 in
1896 1152 2043 1208 veri-

478 1249 589 1294 tate
668 1249 931 1310 angustus
981 1252 1086 1306 est,
1146 1244 1289 1300 Deus
1332 1254 1438 1311 est,
1498 1246 1760 1315 quoniam
1804 1243 1946 1301 Deus
1989 1244 2043 1298 in

475 1332 709 1387 veritate
764 1342 1054 1404 angustus.
1089 1334 1190 1389 Per
1225 1336 1375 1392 hunc
1404 1336 1591 1407 itaque
1621 1319 1857 1392 titulum\
1879 1351 2047 1391 orna-

479 1424 679 1477 mentis
706 1427 951 1493 gaudens
977 1426 1313 1498 dignissimis
1337 1429 1429 1499 qui
1453 1430 2043 1501 intersauctosfreges,

479 1516 746 1587 apostolis
777 1533 906 1586 par,
941 1527 1023 1573 est
1062 1534 1188 1574 vere
1251 1520 1442 1575 ﬁrmus
1471 1520 1892 1587 Constantinus,
1924 1522 2046 1577 lou-

478 1626 605 1681 gum
639 1609 742 1665 sibi
791 1611 1018 1666 honoris
1059 1612 1278 1667 titulum
1314 1613 1617 1670 attribucre
1668 1614 1869 1680 noluit,
1905 1614 2048 1671 sicut

479 1709 534 1754 et
585 1710 879 1772 sequentes
936 1704 1247 1774 principes;
1300 1705 1396 1761 sed
1452 1705 1560 1761 hoc
1592 1707 1766 1762 solum
1814 1707 2046 1778 Augusti

479 1808 780 1864 cognomen
825 1810 1107 1852 assumere
1152 1796 1375 1868 dignum
1410 1807 1696 1869 reputans,
1730 1803 1811 1855 sic
1851 1801 2051 1856 inscri-

479 1887 642 1945 bebat
695 1888 977 1958 epistolam
1031 1904 1185 1944 suam
1252 1908 1265 1943 :
1320 1889 1713 1946 Constantinus
1752 1892 2052 1961 Augustus,

483 1980 736 2036 salutem.
762 1981 817 2036 Si
844 1989 1023 2035 autem
1052 1982 1467 2053 multiplicatum
1492 1992 1578 2037 est
1604 1998 1746 2039 nunc
1765 1984 2052 2052 pulchrum

484 2075 587 2130 hoc
615 2091 833 2141 nomen,
877 2076 1007 2131 deos
1056 2091 1203 2142 esse,
1264 2091 1469 2147 eosque
1502 2077 1716 2146 plures,
1762 2076 1895 2146 quid
1938 2092 2055 2130 ma-

488 2169 598 2224 lum
623 2185 744 2226 esse
776 2170 914 2226 filios
932 2168 1144 2225 Excelsi
1170 2185 1383 2235 omnes,
1409 2186 1474 2225 ac
1502 2169 2060 2241 prninde'augustos?

2145 506 2243 559 καὶ
2269 505 2330 560 τὺ
2361 505 2560 559 σεπτὸν
2586 507 2680 559 καὶ
2703 504 2765 559 τὺ
2814 506 3135 571 σεϐάσμιον,
3168 504 3312 558 καθᾶ
3361 505 3456 558 καὶ
3488 505 3548 557 τὸ
3579 520 3706 572 σεμρ

2144 596 2257 651 νόν·
2283 597 2366 650 διὸ
2419 597 2515 651 καὶ
2548 595 2641 650 τὸν
2665 598 2723 651 ἐν
2774 596 3070 665 Ῥωμαίοις
3119 595 3485 667 ἐπικληθέντα
3509 594 3641 650 Θεὸν
3678 595 3705 649 6

2145 688 2529 759 διαδεξαμενος
2551 689 2676 752 Υἱὸς
2714 690 2955 753 ὀκνήσας
3000 688 3378 759 ἀποστερῆσαι
3432 686 3530 742 τοῦ
3576 689 3707 742 κατὰ

2144 780 2244 853 τὴν
2279 784 2534 857 τοιαύτην
2559 783 2711 853 -λέειν
2754 783 3033 848 ἐπιθέτου,
3060 783 3237 847 ἄλλως
3258 781 3421 836 αὐτὸν
3452 781 3706 835 κολακεύ-

2147 890 2250 936 σας
2276 873 2617 943 ὑπηγάγετο,
2644 872 2908 929 σεδαστδν
2962 872 3155 929 ἑαυτὸν
3208 872 3577 941 ἐπονομάσας,
3624 872 3706 925 ἶνα

2149 952 2246 1038 μία
2275 966 2446 1034 σεμνὴ
2479 964 2654 1020 ἔννοια
2685 962 2942 1033 θειοτάτη
2969 962 3228 1033 ἑκατέρα.
3272 963 3347 1025 ὡς
3375 955 3463 1015 οἷα
3521 960 3616 1015 καὶ
3640 960 3707 1014 διο

2147 1062 2287 1130 πλόη
2335 1059 2495 1130 στολή
2528 1062 2949 1129 ἐφαρμόττουσα
2982 1059 3016 1128 ἡ
3047 1056 3141 1111 τοῦ
3196 1058 3367 1124 Θεός,
3402 1057 3499 1110 καὶ
3530 1056 3565 1123 ὴ
3616 1054 3704 1110 τοῦ

2146 1155 2469 1220 σεϐαστός.
2516 1152 2789 1221 συνδιάγοι
2820 1153 2916 1207 καὶ
2941 1152 3020 1222 τῷ
3046 1152 3224 1218 ῙῘατρλ⁵
3273 1152 3457 1216 ζῶντι,
3496 1152 3591 1204 καὶ
3635 1147 3706 1217 τῷ

2146 1246 2264 1315 Υίῷ
2306 1246 2362 1300 δὲ
2398 1245 2749 1314 συμϐιοτεὺοι
2784 1243 2916 1317 παρ’
2954 1246 3082 1315 ὅλην
3107 1244 3251 1313 ζωὴν
3273 1244 3364 1298 διὰ
3391 1244 3453 1296 τὸ
3501 1246 3600 1313 τῆς
3632 1245 3709 1295 ἐν-

2148 1337 2296 1400 νοίας
2320 1320 2560 1403 Ἀξίωμα.
2591 1337 2655 1391 Εί
2695 1337 2805 1408 γάρ
2839 1353 2923 1400 τις
2947 1336 3083 1404 πρὸς
3122 1335 3386 1406 ἀλήθειαν
3435 1334 3709 1398 σεϐαστός,

2150 1429 2246 1483 καὶ
2271 1428 2404 1491 Θεός
2430 1429 2600 1494 ἐστιν,
2627 1428 2749 1481 ἐπεὶ
2801 1429 2898 1484 καὶ
2941 1429 2971 1481 ὁ
3012 1428 3144 1491 Θεὸς
3175 1427 3438 1491 σεϐαστὸς
3480 1426 3556 1496 τῷ
3587 1426 3709 1480 δντιο

2148 1520 2346 1592 ἐκείνῳ
2374 1519 2432 1574 δέ
2478 1519 2560 1590 τῷ
2593 1518 2780 1589 σεπτῷ
2824 1520 3161 1590 σεμνώματα
3210 1520 3399 1590 χαρεὶς
3444 1517 3713 1585 ἀξιώτατα

2147 1614 2247 1669 καὶ
2272 1615 2298 1667 ό
2319 1615 2376 1667 ἐν
2401 1612 2714 1684 βασιλεῦσιν
2745 1613 2922 1683 ἁγίοις
2951 1613 3303 1678 ίσαπόστολος
3332 1616 3359 1667 ό
3386 1611 3715 1684 φερωνῦμως

2154 1705 2425 1775 εὐσταθὴς
2460 1706 2889 1770 Κωνσταντίνος,
2947 1707 3282 1777 σχοινοτενὲς
3332 1708 3432 1773 μέν
3476 1724 3561 1758 τοι
3591 1700 3723 1773 σεμέ

2155 1798 2435 1867 νολόγημα
2466 1797 2646 1868 ἐαυτῷ
2679 1797 3006 1867 ἐπιγράφειν
3039 1797 3255 1864 ὤκνησε
3284 1797 3425 1852 κατὰ
3455 1800 3583 1858 τοὺς
3612 1794 3718 1859 μετ’

2157 1893 2321 1949 αὐτὸν
2351 1891 2665 1963 περιττούς.
2685 1889 2956 1945 Σεϐαστὸν
2975 1891 3034 1945 δέ
3054 1890 3338 1945 τοῦτο-καὶ
3371 1892 3533 1956 μόνον
3572 1888 3721 1957 ἠξίου

2159 1983 2594 2057 προσονομάζειν
2622 1985 2838 2049 ἑαυτὸν,
2867 1983 3209 2054 προσγράφων
3239 1983 3346 2036 τῶν
3368 1982 3587 2036 οίκείων
3610 1982 3725 2034 ἐπι-

2161 2080 2368 2135 στολῶν
2392 2080 2572 2133 ἐκεῖνο
2598 2078 2665 2148 δὴ
2692 2078 2788 2130 καὶ
2838 2077 2998 2147 μόνον
3019 2108 3087 2119 -
3120 2077 3532 2138 Κωνσταντίνος
3572 2074 3731 2128 σεσα-

2162 2172 2286 2235 στδς
2314 2172 2393 2242 τῷ
2415 2172 2552 2224 δεῖνι
2574 2171 2810 2241 χαίρειν.
2840 2200 2912 2212 --
2940 2170 3000 2222 Ei
3034 2168 3093 2222 δὲ
3126 2168 3222 2224 νῦν
3268 2167 3647 2237 πεπλήθυνται
3671 2166 3728 2218 τὸ

485 2262 650 2321 καλὸν
673 2265 842 2330 ὄνομα
871 2261 1050 2329 τοῦτο,
1082 2262 1169 2325 τίς
1222 2263 1416 2331 φθόνος
1459 2263 1616 2327 θεοὺς
1661 2262 1808 2322 εἶναι
1876 2267 1972 2319 καὶ
2013 2265 2096 2320 ἐτι
2145 2265 2438 2335 πλείονας,
2472 2266 2565 2321 καὶ
2613 2266 2767 2331 υἱοὺς
2808 2265 3065 2336 Ὑψίστου
3109 2263 3339 2328 πάντας,
3387 2263 3486 2316 καὶ
3537 2260 3741 2316 αὐτίκα

485 2357 781 2422 σεϐαστούς
805 2375 819 2424 ;

553 2459 646 2513 21.
674 2458 819 2513 Dixit
842 2475 996 2529 ergo,
1028 2460 1220 2532 inquit,
1239 2464 1609 2518 venerandum
1634 2475 1699 2517 os
1731 2458 1946 2515 Domini
1994 2472 2058 2512 ae

494 2549 549 2602 ινε
574 2551 652 2607 rbi
680 2551 1203 2624 int-arnati,quando
1225 2556 1369 2611 inter
1392 2572 1491 2612 nos
1512 2565 1849 2620 versaretur;
1867 2555 2057 2611 dicens

486 2647 633 2698 enim
664 2647 922 2714 propheta
947 2660 1008 2703 os
1032 2645 1240 2702 Domini
1272 2649 1386 2703 haec
1411 2650 1650 2703 locutum
1676 2664 1818 2713 esse,
1842 2661 2060 2717 semper

487 2734 668 2789 innuit
702 2750 763 2790 os
802 2734 919 2790 Dei.
950 2737 1039 2791 Ait
1068 2750 1234 2807 ergo:
1268 2735 1313 2792 Ο
1340 2737 1519 2793 dilecti
1548 2738 1825 2806 discipuli,
1859 2737 2058 2792 divisio

489 2829 656 2883 vestri
694 2843 802 2884 non
862 2829 971 2894 iiet,
1030 2830 1084 2884 id
1135 2840 1218 2887 cst
1275 2848 1383 2886 non
1436 2832 1740 2901 relinquam
1791 2847 1911 2893 vos,
1949 2847 2058 2886 non

487 2922 776 2991 elnttgabo,
826 2938 935 2976 non
980 2924 1171 2992 procul
1208 2937 1264 2979 et
1309 2934 1598 2994 separatus
1639 2940 1671 2978 a
1722 2924 1880 2979 vobis
1922 2939 2057 2989 ero;

488 3013 763 3076 quomodo
792 3022 973 3067 autem
1002 3015 1114 3068 hinc
1137 3014 1446 3084 perﬁciam,
1477 3015 1569 3085 qui
1606 3030 1731 3071 mox
1787 3016 2065 3072 tollendus

492 3118 616 3156 sum
661 3118 691 3157 ιι
729 3103 927 3160 vobis?
958 3104 1271 3160 Secundum
1311 3107 1551 3176 speciem
1611 3108 1833 3177 quidem
1866 3122 2063 3176 corpo-

492 3208 645 3249 ream
699 3208 804 3248 non
840 3196 1073 3266 amplius
1137 3198 1513 3253 conversabor
1549 3198 1831 3254 vobiscum
1860 3216 1876 3265 ;
1911 3198 2062 3254 brevi

491 3285 548 3340 in
573 3286 742 3341 altum
791 3287 1187 3354 conscendens,
1240 3297 1297 3345 et
1344 3298 1552 3345 aeterno
1586 3289 1735 3345 Patri
1786 3292 2060 3360 assidens,

494 3395 603 3432 non
634 3378 864 3434 cessabo
891 3395 1014 3437 esse
1056 3381 1260 3452 ubique
1308 3382 1593 3439 vobiscum
1623 3400 1639 3450 ;
1693 3384 1787 3439 sed
1819 3382 2060 3455 Spiritus

496 3472 601 3528 mei
621 3473 850 3540 gratiam
871 3473 1028 3529 vobis
1048 3474 1559 3533 immarcesctbilem
1583 3475 1881 3542 eﬂ'uudam,
1898 3491 2061 3544 quam

494 3565 696 3635 cupitis
725 3579 916 3621 omnes
945 3568 1124 3623 lucere
1150 3568 1304 3624 vobis
1328 3585 1343 3636 ;
1379 3584 1488 3624 non
1529 3569 1673 3640 quod
1703 3584 1805 3641 ego
1834 3570 1928 3638 qui
1972 3569 2063 3624 lux

493 3659 617 3712 v:-ni
654 3657 710 3712 in
741 3661 1006 3714 mundum
1040 3660 1472 3732 exstingueudus
1493 3661 1622 3726 situ,
1652 3660 1874 3732 quando
1905 3660 2065 3716 tollar

493 3764 522 3802 a
548 3750 844 3814 v_obis,uec
872 3753 1107 3822 amplius
1137 3753 1346 3809 luceam
1373 3755 1573 3821 vobis;
1604 3756 1699 3811 sed
1722 3769 1846 3810 cum
1874 3764 2065 3810 sancto

495 3841 701 3910 Spiritu
738 3853 793 3899 et
837 3859 937 3915 ego
985 3845 1305 3901 illuminabo
1358 3862 1627 3916 generans
1680 3862 1801 3915 vos,
1835 3847 1978 3903 sicut
2010 3856 2066 3902 et

492 3933 692 4003 Pater;
746 3942 801 3991 et
862 3938 1133 4006 prOmissa
1189 3937 1394 4008 fulgida
1449 3938 1779 3994 illuminatio
1837 3953 1946 3993 non
2007 3938 2062 3992 in

494 4036 677 4083 mente
704 4029 902 4094 solum,
926 4036 981 4084 et
1007 4029 1309 4085 secundum
1346 4030 1721 4099 operationem
1749 4038 2063 4086 secuturam

495 4133 559 4173 ex
611 4119 763 4173 vobis
800 4121 854 4173 in
892 4121 1098 4175 ultimis
1135 4123 1472 4187 temporibus
1523 4121 1866 4189 coneipietur
1890 4159 1906 4184 ,
1969 4120 2065 4177 sed

497 4213 681 4266 statim
721 4221 1032 4282 opportuno
1061 4221 1325 4282 tempore,
1361 4213 1531 4278 clare,
1567 4213 1873 4281 evidenter,
1914 4227 2066 4268 com-

496 4308 755 4373 muniter,
788 4314 843 4362 et
871 4314 931 4359 ut
957 4306 1029 4360 ita
1057 4307 1236 4361 dicam
1270 4306 1653 4363 universaliter
1679 4315 2066 4377 cognoscetur,

496 4415 606 4455 non
648 4413 833 4454 coram
867 4398 1085 4453 duobus
1115 4398 1351 4453 testibus
1379 4397 1466 4452 vel
1502 4398 1702 4464 tribus,
1731 4398 1813 4454 vel
1838 4398 2068 4469 quibus-

496 4495 619 4547 dam
651 4493 779 4547 aliis
827 4506 966 4562 quos
1008 4491 1165 4547 facile
1202 4492 1512 4546 numerabit
1537 4490 1682 4559 quis,
1722 4491 1818 4547 sed
1873 4505 2066 4548 coram

494 4585 847 4642 multitudine
873 4599 1067 4657 magna
1098 4583 1271 4639 oculis
1305 4592 1607 4650 spectante,
1645 4592 1701 4638 et
1762 4585 1843 4639 sic
1887 4582 2070 4637 admi-

2236 2456 2328 2510 91.
2362 2454 2507 2520 Ἔφη
2543 2452 2743 2514 τοίνυν,
2791 2450 2949 2519 φησὶ,
2999 2449 3059 2503 τὸ
3112 2450 3421 2503 πάνσεπτον
3473 2448 3733 2516 κυριακὸν

2170 2549 2347 2617 στόμα
2396 2544 2489 2597 τοῦ
2515 2540 2867 2611 Θεανορὼπου
2899 2541 3097 2607 Λόγου,
3148 2543 3278 2595 ὅταν
3310 2542 3438 2610 περὶ
3461 2541 3611 2609 ἡμᾶς
3654 2539 3731 2592 ἔτι

2167 2640 2496 2711 ἐστρέφετοσ
2536 2640 2564 2690 ὁ
2606 2637 2718 2707 γὰρ
2750 2636 2922 2689 είπὼν
2978 2636 3291 2705 προφήτης,
3335 2635 3418 2687 ὅτι
3453 2634 3529 2687 Τὸ
3562 2634 3729 2701 στόμα

2167 2732 2376 2801 Κυρίου
2408 2730 2638 2798 ἐλάλησε
2669 2728 2865 2793 ταῦτα,
2898 2726 3456 2797 μυστηριάζειᾶλλως
3475 2727 3536 2778 τὸ
3565 2725 3733 2792 στόμα

2167 2826 2260 2880 τοῦ
2289 2825 2451 2880 Θεοῦ.
2481 2823 2624 2892 Ἔφη
2659 2816 2752 2876 οὖν
2781 2822 2886 2888 ἔτι,
2916 2815 2987 2873 Ὦ
3007 2819 3150 2889 φίλοι
3177 2817 3437 2887 μαθηταὶ,
3467 2816 3735 2886 νόσφισμα

2165 2920 2296 2989 ὑμῖν
2324 2918 2386 2971 οὐ
2418 2918 2740 2988 γενήσεται·
2768 2915 3036 2975 τοὺτέστι,
3059 2913 3172 2966 υύκ
3205 2912 3402 2980 ἀφήσω
3437 2911 3607 2979 ὑμᾶς,
3638 2911 3734 2964 οὐκ

2164 3012 2575 3080 ἀποστήσομαι,
2604 3010 2666 3063 οὗ
2692 3008 2850 3076 νόσφι
2889 3006 2984 3060 καὶ
3013 3007 3183 3075 χωρὶς
3213 3006 3363 3075 ἡμᾶς
3412 3004 3735 3074 γενήσομαιο

2166 3107 2283 3168 πῶς
2313 3106 2371 3160 δέ
2398 3105 2558 3158 τοῦτο
2586 3101 2834 3167 ἐξανύσω
2859 3103 2884 3154 ὁ
2917 3100 3113 3170 μικρὸν
3138 3100 3265 3154 ὅσον
3288 3097 3740 3168 ἀναληφθησόμε-

2168 3214 2262 3261 νος
2297 3198 2393 3268 ἀφ’
2423 3196 2581 3265 ὑμῶν
2606 3212 2622 3263 ;
2647 3195 2789 3250 κατὰ
2807 3193 2931 3263 θψιν
2967 3193 3064 3262 μέν
3092 3192 3192 3260 τὴν
3222 3194 3281 3245 ἐν
3314 3193 3535 3260 σώματι
3560 3189 3740 3244 οὐκέτι

2170 3287 2770 3358 συναναστραφήσομαι
2804 3285 2954 3354 ὑμῖν·
2988 3283 3185 3355 μικρὸν
3208 3283 3266 3337 δὲ
3295 3283 3423 3337 ὅσον
3451 3281 3594 3353 ὑψοῦ
3616 3282 3743 3335 ἁνα-

2165 3380 2287 3444 6ὰς,
2324 3380 2417 3433 καὶ
2442 3379 2520 3448 τῷ
2556 3380 2879 3449 συνανάρχῳ
2902 3378 3081 3447 ﬂat-pi.
3111 3375 3488 3447 ωνεδριάσας,
3516 3375 3578 3428 οὒ
3608 3374 3745 3428 παύ-

2173 3490 2338 3543 σομαι
2367 3473 2444 3526 ὢν
2476 3471 2710 3526 πάντοτε
2741 3469 2863 3541 μεθ’
2883 3467 3059 3540 ὑμῶν·
3089 3468 3227 3521 ἀλλὰ
3250 3466 3465 3522 καὶτοῦ
3494 3464 3747 3535 Πνεΰμα-

2168 3566 2261 3628 τός
2296 3581 2398 3634 μου
2422 3564 2599 3635 ἐκχεῶ
2628 3565 2760 3633 ὑμῖν
2787 3564 2950 3634 χάριν
2977 3562 3230 3630 ἄφθονον,
3259 3563 3327 3633 ἢν
3352 3560 3572 3615 ποθεῖτε
3608 3560 3744 3613 πᾶν·

2166 3674 2276 3720 τως
2298 3656 2608 3727 ἐπιλάμψαι
2632 3658 2786 3727 ὐμϊνο
2821 3656 2920 3726 οὐχ
2957 3656 3040 3710 ὅτι
3068 3656 3179 3723 ἐγὼ
3206 3654 3325 3723 φῶς
3357 3651 3635 3722 ἐληλυθὼς
3666 3652 3746 3714 eis:

2167 3749 2263 3802 τὸν
2287 3749 2496 3819 κόσμον
2520 3747 2853 3817 ἀπεσόηκὼς
2896 3747 3121 3818 ἔσομαι,
3173 3747 3264 3801 ὅτε
3303 3744 3626 3816 ἁναληφθῶ,
3655 3744 3748 3797 καὶ

2168 3841 2355 3894 οὐκέτι
2384 3840 2731 3911 καταλάμψω
2784 3840 2952 3909 ὑμᾶς,
3007 3839 3123 3893 ἀλλ’
3184 3840 3268 3893 δτι
3326 3839 3422 3893 σὺν
3472 3838 3555 3909 τῷ
3606 3835 3746 3905 ἁγίῳ

2169 3933 2453 4002 Πνεύματι
2506 3933 2602 3987 καὶ
2660 3931 2772 4001 ἐγὼ
2818 3931 3193 4003 καταστρόιψω
3243 3929 3535 3997 ζωογονῶν
3580 3929 3744 3997 ὑμᾶς,

2170 4025 2315 4081 καθὰ
2343 4027 2442 4081 καὶ
2467 4026 2496 4078 ό
2524 4025 2737 4095 Πατήρ
2799 4025 2897 4079 καὶ
2937 4024 2972 4095 ἡ
3029 4023 3385 4095 ὑπεσχημένη
3435 4018 3747 4091 ἀστραπαία

2169 4117 2380 4188 λάμψις
2405 4116 2548 4188 αὕτη
2572 4119 2633 4171 οὐ
2668 4116 2810 4172 κατὰ
2838 4115 2966 4170 νοῦν
2997 4117 3179 4186 μόνον,
3212 4114 3310 4168 καὶ
3339 4113 3442 4184 τὴν
3472 4111 3749 4182 ἑπομένην

2174 4211 2234 4276 ἐξ
2273 4210 2428 4281 ὑμῶν
2456 4210 2516 4263 ἐν
2545 4209 2796 4279 ὑστέροις
2842 4207 3058 4280 χρόνοις
3085 4206 3371 4276 ἐνέργειαν
3403 4203 3750 4275 καταληφθή-

2176 4321 2355 4370 σεται,
2385 4302 2523 4357 ἀλλὰ
2546 4301 2644 4355 καὶ
2675 4301 2878 4354 αὐτίκα
2903 4299 3052 4370 ὥρας
3107 4298 3379 4369 ἐναργῶς,
3427 4297 3526 4352 καὶ
3578 4296 3749 4365 ἐμφα⁴

2170 4395 2298 4460 νῶς.
2330 4393 2424 4449 καὶ
2463 4392 2683 4459 κοινῶς,
2706 4394 2802 4446 καὶ
2826 4391 2903 4455 ὡς
2927 4393 3126 4455 εἰπεῖν,
3172 4390 3470 4461 πανδημεὶ,
3502 4386 3746 4458 γνωσθή-

2172 4505 2345 4542 σεται·
2375 4486 2477 4540 οὐκ
2500 4486 2595 4539 ἐπὶ
2626 4483 2925 4556 μαρτύρων
2940 4483 3035 4536 δύο
3055 4484 3088 4554 ἢ
3114 4483 3284 4553 τριῶν
3301 4483 3335 4553 ἦ
3361 4499 3528 4538 τινων
3551 4481 3742 4538 ἄλλων,

2173 4580 2267 4643 οὒς
2305 4581 2436 4651 ῥᾷον
2472 4578 2737 4649 μετρήσει
2787 4593 2896 4642 τις,
2937 4575 3076 4630 ἀλλὰ
3099 4576 3258 4646 όχλου
3316 4574 3515 4644 μορίου
3550 4571 3745 4638 ὀφθαλ-

495 4688 673 4747 raute,
703 4689 759 4735 et
782 4692 879 4735 ore
919 4677 1260 4733 acclamante
1303 4689 1426 4748 quas
1473 4675 1656 4731 divina
1688 4675 1849 4731 docet
1884 4672 2058 4744 Scrip-

2181 4674 2305 4743 μοῖς
2339 4689 2400 4727 τε
2432 4671 2746 4743 βλέποντος,
2780 4669 2877 4724 καὶ⁴
2897 4668 3043 4722 οὕτω
3076 4668 3475 4740 θαυμάζοντος,
3503 4665 3598 4720 καὶ
3626 4661 3742 4718 στό-

497 4786 639 4832 tura.

565 4952 658 5008 2‘2.
699 4951 1009 5007 Notandum
1050 4948 1251 5006 deinde
1298 4949 1443 5020 quod
1494 4951 1549 5004 in
1583 4950 1668 5006 bis
1697 4968 1712 5006 :
1746 4949 1935 5005 divisio
1970 4965 2072 5005 non

500 5048 590 5117 ﬁet
613 5046 758 5100 vobis
790 5044 1000 5108 amicis,
1032 5044 1243 5098 amicos
1266 5053 1458 5113 postea
1497 5042 1644 5099 solos
1672 5043 1807 5099 dicit
1833 5043 2075 5099 sanctis-

499 5138 667 5192 simos
706 5134 1023 5205 apostolos;
1064 5144 1320 5190 ceterum
1366 5151 1556 5191 eorum
1600 5152 1790 5209 opera,
1835 5137 2075 5194 salutare

500 5226 759 5282 mmtium
802 5226 858 5280 in
905 5240 1002 5281 eos
1052 5228 1224 5292 venit,
1279 5240 1379 5282 nec
1432 5231 1618 5285 venire
1672 5229 1930 5294 cessabit,
1980 5230 2072 5300 qtti

499 5319 759 5374 nimirum
817 5318 1113 5388 apostolice
1163 5318 1376 5383 vident,
1441 5330 1501 5376 ut
1558 5322 1702 5377 idem
1757 5324 1961 5385 dicam.
2015 5331 2070 5378 et

498 5411 651 5482 digni
706 5410 838 5467 Deo.
881 5410 992 5467 Hoc
1031 5421 1214 5467 autem
1265 5414 1489 5469 verbum
1536 5415 1840 5487 νοσφισμδς
1878 5414 2071 5471 stricte

499 5506 590 5561 hic.
623 5513 925 5574 sumptum,
969 5505 1023 5560 id
1071 5514 1156 5562 est
1199 5506 1525 5574 simpliciter
1565 5513 1620 5562 et
1676 5507 1894 5574 leniter,
1943 5509 2073 5567 licet

497 5597 661 5651 aliter
687 5603 882 5651 contra
915 5597 1223 5652 communis
1253 5597 1550 5653 locutionis
1582 5598 2072 5655 consuetudinem:

497 5688 655 5743 multi
685 5689 830 5743 enim
858 5703 1007 5744 nunc
1039 5689 1183 5745 inter
1225 5704 1324 5746 nos
1364 5690 1718 5759 νοσφίζεσθαι
1760 5690 2073 5760 intelligunt

500 5795 794 5854 usurpare,
816 5790 873 5838 et
888 5782 1108 5855 propria
1128 5781 1233 5841 sibi
1264 5781 1445 5841 facere
1465 5782 1668 5849 aliena,-
1687 5792 1743 5840 et
1772 5782 2073 5849 νοσφισμὸν

2182 4776 2348 4839 μασιν
2411 4765 2819 4835 ἀνακράζοντος
2877 4764 3023 4834 ἅπερ
3072 4765 3109 4834 ἠ
3168 4763 3289 4817 θεία
3333 4762 3574 4817 διδάσκει
3617 4774 3746 4828 συγ-

2175 4861 2386 4933 γραφή.

2244 4958 2352 5026 κβ’.
2377 4956 2718 5027 Σημειωτὲον
2742 4956 2799 5011 δὲ
2827 4956 2910 5011 δτι
2933 4959 2992 5011 ἐν
3034 4955 3133 5026 τῷ,
3168 4956 3490 5020 νόσφισμσ
3514 4948 3655 5018 ὑμῖν
3675 4941 3747 4998 οὐ

2176 5047 2502 5120 γενήσεται
2529 5050 2754 5118 φίλοις,
2784 5049 2973 5117 φίλους
3005 5046 3289 5119 προσεχῶς
3330 5045 3430 5116 μὲν
3460 5046 3519 5097 ἐν
3545 5043 3619 5110 τῷ
3645 5054 3750 5091 πα-

2181 5140 2441 5212 ρασχεδὸν
2467 5142 2661 5209 μόνους
2698 5140 2803 5212 ἔφη
2834 5145 2963 5204 τοὺς
3009 5139 3355 5208 ἁγιωτάταις
3383 5134 3744 5190 ἁποστόλους”

2178 5231 2357 5294 ἄλλως
2387 5231 2447 5285 δέ
2481 5230 2568 5284 διὰ
2601 5231 2784 5302 μέσων
2829 5232 3054 5285 ἐκείνων
3085 5230 3120 5299 ἡ
3154 5228 3425 5299 σωτήριος
3453 5217 3748 5292 ἐπαγγελία

2179 5324 2277 5377 καὶ
2305 5325 2386 5387 είς
2406 5324 2536 5387 τοὺς
2571 5325 2693 5393 μετ’
2721 5323 2892 5377 αὐτοῦ
2920 5323 3211 5383 διαὸαίνει,
3249 5321 3346 5374 καὶ
3377 5319 3500 5372 οὐδὲ
3548 5313 3749 5369 παύσε-

2177 5433 2266 5470 ται
2295 5415 2723 5480 καταῦαίνουσα,
2760 5414 2973 5479 ζῶντας
3004 5411 3206 5483 δηλαδὴ
3243 5406 3641 5469 ἁποστολικῶς,
3668 5400 3749 5454 ει·

2181 5512 2307 5562 πεῖν
2332 5502 2388 5562 δέ
2415 5508 2634 5573 ταύτὸν,
2671 5508 2766 5561 καὶ
2789 5504 3131 5576 θεοπρεπῶς.
3153 5504 3298 5572 Ὅρα
3338 5501 3397 5555 δέ
3428 5500 3511 5562 τὸ,
3535 5506 3752 5560 νοσφισ-

2184 5600 2308 5668 μδς,
2355 5598 2596 5668 δριμέως
2644 5596 2881 5653 ἐνταῦθα
2936 5596 3144 5668 δεχθέν,
3177 5596 3205 5648 ὅ
3238 5595 3386 5646 ἐστιν
3413 5589 3626 5658 ἀφελῶς
3657 5580 3754 5636 καὶ

2177 5689 2452 5758 γλυκέως,
2481 5691 2531 5742 εἰ
2581 5689 2678 5743 καὶ
2724 5689 2885 5744 ἄλλον
2938 5689 3142 5758 τρόπον
3174 5682 3460 5753 ἀσυνήθως
3496 5683 3562 5751 τῇ
3598 5671 3752 5737 κοινῇ
3810 5711 3816 5714 έ

2179 5780 2390 5845 ὁμιλία·
2423 5780 2472 5833 οἱ
2500 5779 2610 5845 γὰρ
2638 5781 2823 5836 πολλοὶ
2858 5780 2917 5836 ἐν
2949 5781 3057 5845 τοῖς
3089 5777 3187 5833 νῦν
3222 5775 3347 5831 καθ’
3384 5774 3531 5842 ἡμᾶς
3568 5764 3752 5832 νοσφι-
