3968 6244
231 315 329 375 Hi
1025 325 1110 384 IN
1149 327 1488 390 HYMNUM
1533 334 2190 420 PENTECOSTALEM
2236 344 2690 409 DAMASCENI.

144 465 155 482 .
229 437 420 500 ζεσθαί
452 455 510 489 τε
537 441 671 506 φασὶ
703 441 761 492 τδ
793 445 1218 512 σφετερίζεσθαι
1283 453 1374 502 καὶ
1437 451 1812 509 ἰδιοποιεῖσθαι

1934 462 2082 516 talem
2126 465 2290 518 alieni
2340 468 2755 534 usurpationem
2809 464 2991 533 boni;

227 530 298 582 τὰ
323 531 610 600 ἀλλότρια·
643 537 737 585 καὶ
784 538 1080 603 νοσφισμὸν
1132 539 1230 609 τὴν
1257 543 1513 614 τοιαύτην
1548 547 1814 618 ίδιοποίη-

129 665 135 668 .
232 640 342 675 σιν·
366 624 512 678 οὕτω
557 625 790 696 γὰρκαὶ
848 629 1198 696 νοσφίζεσθαι
1231 650 1316 704 τις
1368 635 1438 688 τὰ
1489 637 1596 690 τῶν
1649 639 1818 702 πέλας

229 715 480 782 λέγεται,
511 719 606 771 καὶ
640 722 944 787 νοσφισμὸν
969 723 1245 778 ποιεῖσθαι
1288 726 1397 780 τῶν
1429 731 1557 800 παρ’
1613 732 1817 802 ἑτέροις

231 809 431 862 ὄντων’
464 811 558 863 καὶ
592 810 710 865 ἔστι
737 813 981 869 τοιοῦτον
1017 817 1394 885 νοσφίζεσθαι,
1436 823 1496 874 τὸ
1541 824 1817 893 νόσφι.καὶ

234 899 410 967 χωρὶς
439 899 532 951 τοῦ
559 900 776 968 ἔχοντος
804 905 1044 974 πρᾶγμά
1077 924 1128 959 τι
1163 912 1340 965 ποιεῖν
1373 911 1458 965 διὰ
1477 915 1818 984 emus-ﬁam};

237 989 346 1040 οὐκ
404 988 718 1062 ὲπαινετῆς.
801 995 956 1049 Ἀλλὰ
1015 997 1174 1052 τοῦτο
1236 1003 1335 1072 μὲν
1387 1005 1444 1057 ἐν
1496 1009 1608 1070 τοῖς
1661 1007 1792 1063 ὕστε

241 1095 357 1147 ρον.

316 1171 425 1235 κγ’.
467 1174 526 1228 Ὀ
547 1175 604 1228 δὲ
630 1176 740 1228 τῶν
776 1179 907 1248 παρ’
936 1181 1102 1251 Ἕλλη
1114 1202 1165 1236 σι
1216 1189 1456 1257 ποιητῶν
1485 1189 1812 1259 πρώτιστος,

237 1263 303 1315 τὸ
329 1267 682 1332 νοσφίζεσθαι
707 1271 926 1341 τίθησιν
957 1275 1049 1328 ἐπὶ
1078 1277 1284 1332 ἔννοιαν
1315 1282 1509 1335 ὁποίαν
1531 1297 1545 1310 ⁶
1579 1279 1687 1336 οἶδε
1721 1286 1816 1338 καὶ

242 1355 274 1406 6
309 1354 452 1424 ἱερὸς
508 1350 662 1422 οὗτος
717 1361 974 1433 μελῳδός.
1026 1366 1400 1437 Νοσφίζεοθαι
1453 1374 1590 1444 γὰρ,
1649 1378 1817 1445 φησιν

244 1447 480 1510 ἐκεῖνος,
508 1451 702 1524 ἀνδρὸς
732 1449 969 1522 γυναῖκα
1011 1461 1106 1512 καὶ
1138 1459 1435 1534 θυγατέρα,
1472 1467 1502 1519 ὅ
1535 1467 1688 1521 ἐστιν
1709 1470 1816 1542 ίδίᾳ

243 1543 620 1614 καθεσθῆναι·
658 1549 752 1602 καὶ
821 1554 1057 1616 γυναῖκα
1120 1558 1464 1622 φονεύσασαν
1519 1560 1691 1630 ἄνδρα
1723 1563 1816 1617 τὸν

242 1632 451 1702 ἑαυτῆς
478 1638 834 1704 νοσφίσασθαι
865 1643 1076 1698 ἐκείνου
1106 1647 1358 1716 κειμένου
1386 1650 1482 1704 καὶ
1507 1651 1588 1705 ἔτι
1613 1653 1816 1706 ἀσπαί-

242 1740 458 1796 ροντος·
482 1730 716 1794 ἐκείναις
741 1732 794 1786 δὲ
831 1736 952 1799 ταῖς
978 1737 1240 1806 χρήσεσιν
1265 1741 1635 1814 ἀκολουθήσας
1657 1746 1816 1816 ἀκρι-

241 1817 360 1881 ϐῶς
390 1818 419 1870 6
459 1819 680 1889 ἱερῳδὺς
708 1817 883 1888 οὗτος,
923 1829 1224 1897 νοσφισμὸν
1259 1829 1362 1900 ἔφη
1403 1832 1501 1904 τὴν
1530 1834 1820 1905 ἀναχώρη-

244 1927 356 1977 σιν,
391 1912 419 1966 ὅ
450 1915 566 1967 ἐστι
593 1916 686 1969 τὸν
724 1921 1023 1990 χωρισμὸν,
1055 1923 1116 1976 τὸ
1142 1923 1301 1994 νόσφι
1330 1927 1533 1998 δηλαδὴ
1563 1930 1820 1999 γενέσθαι

239 2005 353 2056 τῶν
384 2007 678 2078 ὁμιλητῶνε
711 2012 768 2063 τὸ
797 2013 852 2065 δὲ
881 2014 1024 2084 ὑμῖν
1074 2017 1328 2086 ἀσφαλῶς
1354 2020 1466 2091 ἔχοι
1521 2023 1586 2076 ἂν
1612 2025 1703 2078 καὶ
1733 2026 1820 2078 διὰ

237 2098 397 2168 τοῦη
452 2103 820 2173 γραφόμενον,
879 2107 967 2160 ῖνα
1032 2112 1372 2179 συνεισάγων
1429 2115 1523 2167 καὶ
1575 2116 1822 2171 ἑαυτδνὸ

238 2192 460 2263 Σωτὴρ,
491 2194 625 2267 λέγῃ
655 2196 729 2258 ὡς
776 2197 914 2250 Οὔτε
950 2199 1058 2267 ἐγὼ
1107 2203 1263 2271 ὑμῶν
1289 2205 1530 2272 ἐμαυτὸν
1578 2207 1819 2276 χωρίσω,

238 2281 369 2335 οὔτε
405 2283 565 2353 ὑμεῖς
600 2287 736 2354 ἐμοῦ
797 2290 1126 2359 χωρίσεσθε.
1185 2292 1248 2344 El
1296 2293 1402 2364 γὰρ
1436 2296 1580 2351 κατὰ
1629 2296 1722 2348 τὸν
1745 2298 1821 2349 εί-

239 2375 422 2428 πόντα
453 2375 513 2430 τὸ
546 2377 870 2448 διαζευγνὺν
909 2382 1003 2435 τοῦ
1058 2384 1446 2454 διεζευγμένου
1492 2387 1820 2455 διέζευκται,

232 2467 349 2520 οὐκ
381 2467 449 2521 ἂν
477 2471 627 2532 είκὺς
655 2473 740 2539 εἴη
774 2473 893 2526 οὐδὲ
926 2475 1175 2539 δυνατὸν,
1215 2478 1348 2547 ὶμοῦ
1398 2478 1516 2548 μεθ’
1553 2479 1706 2550 ὑμῶν
1731 2481 1823 2532 ὅνο-

241 2577 364 2624 τος,
401 2562 476 2631 μὴ
514 2565 610 2616 καὶ
641 2564 787 2632 ὑμᾶς
833 2568 951 2635 μετ’
995 2569 1127 2638 ἐμοῦ
1179 2566 1342 2634 εἶναι,
1376 2573 1468 2624 καὶ
1518 2573 1578 2626 τὸ
1609 2575 1821 2628 ἀνάπα-

237 2652 348 2708 λιν.
405 2655 588 2710 Αἴτιον
611 2659 668 2710 δὲ
698 2659 788 2712 τοῦ
821 2659 1067 2714 τοιούτου
1104 2662 1178 2732 μὴ
1207 2663 1516 2733 νοσφισμοῦ
1554 2667 1588 2736 ἡ
1619 2666 1774 2734 φιλία
1801 2683 1817 2698 ο

239 2748 370 2799 ἐπεὶ
429 2748 537 2818 γὰρ
586 2751 846 2822 διἀὐτὴν
881 2753 1035 2823 ὑμῶν
1063 2771 1124 2807 τε
1175 2755 1408 2820 ἕκαστος
1466 2757 1626 2820 ἄλλος
1679 2758 1827 2811 ἔστιν

241 2838 381 2905 ἐγὼ,
414 2844 506 2895 καὶ
537 2843 646 2911 ἐγὼ
687 2844 742 2897 δὲ
796 2845 934 2915 ὅπερ
967 2846 1126 2911 ἄλλος
1176 2849 1203 2900 6
1233 2849 1355 2902 καθ’
1396 2849 1490 2902 ἕνα
1523 2849 1700 2919 ὑμῶν’
1729 2849 1904 2904 οὐδεὶς

241 2937 547 3004 νοσφισμὺς
584 2937 651 2990 δι’
684 2940 899 3002 αἰῶνος.

317 3027 419 3082 κδ’.
466 3027 527 3081 '0
553 3028 611 3081 δὲ
660 3030 884 3100 ὕψιστος
943 3033 1133 3103 θρόνος
1166 3034 1370 3106 πολλὴν
1395 3035 1494 3106 μὲν
1526 3035 1639 3105 ἔχει
1689 3053 1828 3106 γρα-

240 3121 418 3190 φικὴν
454 3124 841 3194 συγκρότησιν,
875 3128 949 3190 ὡς
985 3124 1076 3182 οἷα
1108 3129 1204 3182 καί
1226 3146 1350 3182 τινα
1377 3130 1643 3200 λαμπρὰν
1670 3131 1828 3202 ἀρχι-

3392 348 3496 411 542

3046 465 3125 520 sic
3173 467 3317 520 enim
3371 469 3495 537 quis

1923 559 2123 611 dicitur
2161 559 2513 628 νοσφίζεσθαι
2553 561 2881 616 subtrahere
2913 561 3216 615 vicinorum
3252 564 3410 620 bona.
3447 571 3498 614 et

1925 647 2128 702 furtum
2187 651 2368 704 facere
2400 666 2590 705 corum
2621 667 2741 721 quite
2774 661 3095 706 cacterorum
3139 661 3303 716 sunt;
3343 661 3393 704 et
3422 651 3500 706 sic

1925 739 2274 809 νοσφίζεσθαι
2299 743 2568 812 significat
2603 743 2805 812 aliquid
2850 758 3130 812 separare,
3164 753 3218 795 et
3248 745 3436 813 procul
3466 758 3494 794 a

1923 851 2242 904 possessore
2278 836 2558 890 removere
2593 853 2688 906 per
2719 837 3140 904 arquisitioncm
3177 853 3281 890 non
3320 837 3498 890 lauda-

1923 931 2106 986 bilem.
2139 929 2241 984 Sed
2279 931 2380 983 hoc
2431 931 2483 984 in
2517 932 2895 1000 sequentibus.

1991 1199 2081 1252 23.
2124 1196 2384 1263 Princeps
2416 1196 2730 1252 Grmcorum
2777 1206 3056 1265 poetarum
3093 1197 3233 1250 idem
3271 1197 3498 1250 verbum

1923 1291 2027 1344 hac
2085 1300 2264 1343 monte
2315 1289 2539 1359 accipit,
2600 1293 2743 1342 sicut
2813 1291 2964 1342 novit
3026 1296 3253 1342 sanctus
3312 1297 3499 1341 noster

1921 1389 2154 1446 auctor;
2214 1380 2592 1447 νοσφίζεσθαι,
2634 1381 2711 1434 ait
2749 1381 2861 1448 ille,
2926 1396 2955 1434 a
3007 1381 3124 1433 viro
3170 1394 3400 1433 uxorem
3448 1387 3498 1432 et

1921 1473 2110 1534 ﬁliam,
2170 1472 2221 1526 id
2274 1480 2359 1526 est
2415 1487 2661 1526 seorsum
2708 1487 2912 1541 ponere
2947 1490 2960 1526 :
2996 1481 3049 1525 et
3073 1470 3356 1525 mulierem
3386 1485 3502 1539 quae

1918 1566 2095 1618 virum
2151 1581 2308 1620 suum
2356 1565 2707 1619 interfecerat
2747 1563 3112 1632 ιοσφίζεσθαι,
3159 1561 3352 1632 procul
3413 1577 3502 1616 re-

1918 1673 2138 1712 movere
2162 1659 2231 1712 ab
2291 1657 2385 1710 illo
2414 1657 2633 1726 jacente
2688 1665 2742 1711 et
2796 1657 2975 1709 adhuc
3011 1657 3277 1724 spirante.
3324 1653 3505 1720 Quem

1922 1764 2142 1804 sensum
2184 1758 2311 1815 apte
2341 1763 2577 1817 sequens
2611 1756 2806 1802 auctor
2833 1757 3044 1808 noster,
3087 1747 3388 1815 νοσφισμὸν
3431 1735 3503 1798 ai'

1928 1855 2225 1903 secessum,
2272 1839 2324 1893 id
2356 1847 2438 1893 est
2459 1838 2884 1906 separationem,
2915 1837 3106 1904 procul
3140 1851 3169 1890 a
3204 1835 3501 1890 contuber-

1928 1931 2144 1985 nalibus
2169 1930 2383 1986 abesse.
2418 1929 2654 1984 Verbum
2681 1939 2859 1982 autem
2888 1927 3019 1997 ὑμῖν
3052 1936 3202 1982 recte
3233 1927 3509 1980 diceretur

1929 2038 2026 2094 per
2053 2023 2288 2078 litteram
2329 2020 2531 2092 (ἡμῖν),
2559 2030 2616 2076 ιιι
2658 2021 2934 2076 inducens
2984 2022 3222 2088 seipsnm
3256 2019 3508 2075 Salvator

1929 2117 2118 2171 dicat:
2154 2113 2271 2168 Non
2331 2112 2601 2179 mcipsum
2633 2128 2662 2167 a
2711 2113 2866 2168 vobis
2922 2127 3174 2174 secerno,
3213 2127 3310 2167 nec
3350 2127 3446 2164 vos
3476 2125 3506 2164 a

1926 2224 2014 2264 me
2040 2207 2454 2278 separabimini.
2484 2204 2539 2260 Si
2578 2205 2744 2270 enim,
2777 2213 2836 2259 ut
2870 2207 3088 2273 quidam
3136 2204 3234 2268 ait,
3259 2203 3506 2258 dividens
3567 2252 3570 2256 .

1927 2314 1957 2354 a
1992 2299 2165 2354 diviso
2227 2298 2506 2364 dividitur,
2550 2312 2659 2351 non
2697 2297 2996 2352 verisimile
3047 2303 3195 2352 esset
3235 2309 3339 2350 nec
3381 2309 3506 2361 pos-

1927 2389 2105 2453 sibile,
2141 2404 2226 2444 me
2253 2398 2509 2443 manente
2540 2388 2847 2454 vobiscum,
2880 2403 2978 2444 vos
3007 2401 3221 2442 mecum
3245 2400 3356 2441 non
3387 2399 3509 2440 esse

1932 2492 1986 2537 et
2017 2483 2137 2538 vice
2166 2498 2345 2539 versa.
2384 2469 2561 2537 Causa
2585 2490 2767 2536 autem
2804 2481 2971 2551 hujus
2999 2479 3342 2535 indivisionis
3370 2478 3508 2531 ami-

1928 2576 2090 2641 citia;
2129 2576 2387 2645 quoniam
2437 2575 2582 2628 enim
2633 2589 2730 2644 per
2785 2589 2904 2628 eam
2959 2572 3338 2641 unusquisque
3383 2585 3508 2623 ves-

1934 2676 2102 2731 trum,
2158 2674 2211 2721 et
2266 2680 2424 2720 nemo
2484 2681 2511 2718 a
2574 2666 2756 2735 seipso
2811 2663 3075 2719 dividitur
3115 2664 3328 2726 vivens,
3395 2676 3504 2716 non

1935 2757 2166 2827 proinde
2210 2756 2483 2824 separatio
2517 2755 2671 2809 vobis
2706 2758 2812 2810 erit
2847 2756 2896 2808 in
2931 2763 3220 2808 teternum.

1939 2849 1991 2900 δὲ
2025 2848 2221 2902 ἑαυτοῦ
2261 2847 2576 2916 νοσφίζεται
2611 2845 2740 2909 ςῶνο
2809 2847 2920 2900 οὐδ’
2980 2847 3088 2915 ἄρα
3156 2847 3284 2914 ὑμῖν
3354 2843 3506 2898 ἔσται

2011 3036 2102 3090 24.
2147 3033 2407 3089 Excelsa:
2438 3047 2564 3087 vero
2596 3031 2816 3086 thronus
2859 3047 3114 3102 magnum
3149 3031 3310 3084 habet
3340 3045 3508 3099 appa-

1930 3135 2106 3182 ratum
2163 3124 2590 3194 descriptionis,
2649 3125 2804 3194 quasi
2850 3125 2920 3179 sit
2959 3124 3203 3179 formosa
3259 3110 3508 3194 quaadam

239 3217 570 3286 τεκτόνησιν
592 3232 607 3249 ο
647 3219 874 3290 ἀρκέσει
903 3221 961 3273 δι
1005 3223 1168 3291 μόνον
1197 3222 1525 3290 παραδεῖξαι
1553 3224 1616 3277 τὸ
1657 3223 1823 3279 αὐτοῦ

1934 3218 2216 3274 aedificatio
2245 3235 2261 3286 ;
2294 3217 2528 3274 suﬂiciet
2553 3225 2741 3272 autem
2776 3215 2895 3286 ejus
2935 3215 3276 3270 altitudinem
3327 3225 3511 3270 osten-

244 3308 382 3377 ὕψος
411 3310 478 3362 ὲκ
502 3308 620 3372 τοῦ,
657 3311 685 3364 6
715 3313 773 3364 ὲν
807 3312 1038 3383 ὑψηλοῖς
1079 3315 1350 3370 κατοικῶν
1379 3317 1473 3370 καὶ
1496 3317 1564 3370 τὰ
1589 3318 1822 3371 ταπεινὰ

244 3400 487 3471 ἐφορῶν.
539 3401 629 3472 Τῷ
685 3403 793 3473 γὰρ
841 3402 985 3457 οὕτω
1035 3405 1417 3477 παντεπόπτῃ,
1471 3407 1568 3461 καὶ
1602 3407 1826 3478 ὕψιστος

243 3493 468 3554 πάντως
496 3493 526 3545 6
555 3494 855 3554 ὲποπτικὺς
892 3496 1085 3566 θρόνος
1129 3497 1340 3570 θρόνος’
1365 3498 1486 3552 είδὲ
1512 3499 1607 3552 καὶ
1637 3499 1699 3552 τὸ
1728 3500 1828 3552 αὑ-

243 3583 343 3636 τοῦ
364 3580 508 3638 εἶναι
545 3585 609 3637 τὰ
659 3585 843 3654 ὑψηλὰ
898 3587 1008 3640 τῶν
1060 3586 1234 3657 ὀρέων
1269 3588 1472 3657 σεμνόν
1494 3591 1658 3656 ξέστι,
1707 3591 1826 3645 ἀλλ’

246 3676 570 3746 ὕπέρσεμνα
604 3676 672 3730 τὰ
695 3679 840 3734 κατὰ
884 3679 977 3733 τδν
1010 3679 1263 3749 οὐρανὸν,
1301 3676 1364 3737 06
1400 3683 1456 3736 αἱ
1485 3681 1653 3736 πύλαι
1683 3685 1827 3738 κατὰ

245 3769 343 3821 τὸν
373 3768 648 3837 ψάλλοντα
669 3769 920 3838 αἴρονται
949 3772 1475 3843 ἀναλαμϐανομένου
1516 3775 1611 3826 τοῦ
1643 3776 1831 3843 Σωτῆ-

251 3875 345 3928 ρος
373 3859 636 3926 Χριστοῦ.
655 3861 797 3931 Ὅρα
819 3860 878 3913 δὲ
901 3861 1140 3916 ἐνταῦθα
1151 3864 1234 3927 τὸ,
1252 3864 1502 3934 πατρῷον
1533 3865 1741 3935 θρόνονο
1763 3866 1825 3920 οὐ

252 3949 366 4018 γὰρ
399 3945 558 4002 εἶπεν
591 3951 672 4014 είς
707 3951 904 4006 οίκεῖον
931 3950 1159 4021 ὕψιστον
1199 3952 1412 4023 θρόνον,
1445 3955 1694 4007 τοὺτέστι
1736 3956 1828 4009 τὸν

251 4042 408 4112 ἐμὸν,
442 4042 530 4096 ῖνα
561 4043 636 4110 μή
667 4061 752 4106 τις
775 4044 1042 4114 διαίρεσις
1075 4046 1348 4116 ὲμφανείη
1377 4047 1544 4100 αὐτοῦ
1571 4048 1710 4116 πρὸς
1739 4047 1830 4100 τὸν

253 4132 472 4203 Πατέρα
529 4132 962 4186 ὑποσκιασθείσα
1021 4133 1101 4204 τῷ
1159 4134 1255 4188 τοῦ
1326 4135 1519 4208 θρόνου
1580 4137 1828 4207 δυασμῷ.

263 4223 558 4296 Ἐπέκρινε
589 4225 646 4277 δὲ
671 4225 922 4294 πατρῷον
949 4226 1140 4294 θρόνον
1166 4228 1365 4292 εἰπεῖν,
1396 4229 1481 4282 ἵνα
1509 4229 1698 4299 ὥσπερ
1731 4231 1830 4300 μία

253 4315 630 4386 προσκύνησις
658 4315 757 4384 τῆς
786 4316 948 4384 ἁγίας
973 4318 1202 4385 Τριάδος
1233 4322 1830 4392 συμπροσκυνουμένης

255 4407 315 4458 ὲν
343 4409 446 4478 μιᾷ
470 4411 862 4476 προσκυνήσει,
908 4408 1054 4462 οὕτω
1102 4411 1199 4464 καὶ¹
1226 4410 1399 4474 θῶκος
1421 4408 1501 4476 εἷς
1531 4414 1626 4466 καὶ
1679 4431 1833 4468 συνε-

254 4501 549 4570 δραισμός⁸
579 4495 655 4555 ὧν
685 4505 712 4556 6
739 4502 840 4573 μὲν
873 4501 1063 4572 θρόνος
1102 4503 1163 4555 τὸ
1193 4504 1251 4556 ἐν
1290 4505 1588 4576 ἀγαθὸτητι
1620 4506 1830 4575 βασιλι-

1928 3311 2057 3366 dere
2089 3326 2155 3365 ex
2191 3311 2291 3366 hoc
2320 3317 2512 3365 textu:
2547 3307 2651 3374 Qui
2685 3309 2738 3362 in
2771 3309 2898 3362 altis
2932 3307 3164 3370 habitat,
3213 3317 3263 3361 et
3286 3306 3511 3359 humilia

1928 3402 2166 3472 respicit.
2200 3402 2333 3471 Ejus
2358 3402 2451 3472 qui
2482 3402 2560 3456 sic
2593 3400 2778 3456 omnia
2810 3399 2980 3464 videt,
3008 3399 3257 3454 excelsus
3286 3397 3511 3452 omnino

1927 3493 2163 3550 visibilis
2193 3493 2446 3559 thronus.
2490 3489 2547 3546 Si
2595 3500 2777 3546 autem
2820 3509 2941 3562 qua:
2985 3491 3076 3546 hic
3115 3495 3246 3546 sunt
3289 3489 3507 3545 excelsa

1930 3586 2197 3640 montium
2245 3592 2540 3655 augustum
2579 3585 2709 3654 quid
2772 3593 2921 3648 sunt,
2983 3583 3154 3636 multo
3194 3580 3509 3651 augustiora

1929 3695 2048 3748 quae
2077 3688 2207 3734 sunt
2238 3678 2292 3732 in
2338 3678 2504 3744 coelo,
2538 3677 2696 3746 cujus
2740 3686 2930 3746 portae,
2956 3675 3109 3743 juxta
3138 3675 3508 3736 Psahnistam,

1930 3772 2214 3825 elevantur
2238 3773 2570 3826 ascendente
2597 3770 2880 3824 Salvatore
2905 3769 3150 3823 Christo.
3195 3767 3331 3821 Vide
3356 3780 3508 3819 nunc

1929 3850 2209 3932 paternum
2243 3863 2525 3927 thronum;
2567 3877 2676 3916 non
2708 3862 2853 3916 enim
2902 3861 3039 3913 dixit
3074 3875 3088 3912 :
3125 3859 3178 3911 in
3227 3856 3502 3925 proprium

1931 3952 2207 4006 excelsum
2250 3952 2532 4012 thronum,
2566 3949 2617 4003 id
2643 3957 2728 4003 est
2760 3965 2967 4013 meum,
3000 3963 3068 4001 ne
3100 3947 3281 4015 aliqua
3310 3945 3509 3999 divisio

1931 4054 2219 4116 appareret
2273 4044 2419 4098 inter
2460 4042 2615 4095 illum
2656 4052 2712 4096 et
2771 4040 3011 4106 Patrem,
3064 4038 3267 4107 duplici
3318 4037 3510 4090 adum-

1933 4137 2089 4190 brata
2144 4136 2366 4190 throno.
2430 4133 2620 4189 Maluit
2693 4134 2836 4187 enim
2905 4138 3192 4201 paternum
3250 4132 3507 4182 thronum

1933 4225 2136 4288 dicere,
2162 4236 2221 4280 ut
2256 4225 2398 4281 sicut
2427 4241 2534 4279 una
2559 4235 2646 4281 est
2673 4223 2922 4278 adoratio
2970 4230 3172 4277 sanctae
3221 4219 3511 4273 Trinitatis

1934 4311 2206 4372 venerata;
2239 4317 2402 4372 simul
2454 4317 2506 4369 in
2559 4331 2668 4370 una
2703 4315 3043 4378 adoratione,
3076 4313 3153 4368 sic
3183 4321 3236 4367 et
3269 4328 3411 4365 unus
3438 4312 3512 4364 sit

1935 4411 2189 4474 thronus,
2217 4426 2323 4464 una
2369 4409 2571 4472 sedes;
2606 4408 2892 4463 manifeste
2934 4415 3115 4460 autem
3149 4407 3382 4458 thronus
3428 4411 3512 4458 est

1935 4500 2092 4556 sedes
2132 4509 2334 4556 sancta:
2370 4499 2661 4554 Trinitatis
2691 4499 2746 4554 in
2779 4499 3066 4554 bonitate:
3104 4496 3390 4550 consessio
3417 4509 3514 4548 au-

254 4595 371 4658 κῶς
397 4595 613 4665 ἑδραῖον
643 4595 741 4666 τῆς
797 4595 962 4665 ἁγίας
1013 4595 1246 4666 Τριάδος
1299 4597 1484 4667 δηλοῖ·
1517 4601 1546 4652 6
1593 4599 1649 4653 δὲ
1680 4617 1824 4653 συνε·

1936 4602 2041 4646 tem
2071 4593 2373 4663 symbolum
2395 4602 2481 4647 est
2512 4591 2858 4646 indivisionis
2885 4589 3028 4658 ejus.
3062 4587 3301 4643 Verbum
3326 4596 3508 4641 autem

245 4683 517 4755 δριασμὸς
547 4683 641 4738 τοῦ
663 4685 782 4739 κατ’
812 4685 981 4755 αὐτὴν
1015 4686 1322 4757 ἀχωρίστου
1373 4688 1645 4758 σύμϐολόν
1687 4692 1824 4743 ἑστι·

248 4777 316 4830 τὸ
369 4776 427 4828 δὲ
483 4774 845 4845 συνεδριάζων
896 4779 960 4830 ἐκ
1007 4777 1102 4829 τοῦ
1160 4777 1484 4845 κοινὼτερον
1531 4780 1851 4849 λεγομένου,

252 4867 539 4936 συνεδρίου
576 4866 997 4938 παρείλκυσται.
1060 4865 1124 4920 Ἢ
1184 4870 1293 4938 γὰρ
1349 4869 1484 4938 ἔδρα
1518 4870 1654 4938 ὅπερ
1712 4872 1830 4924 ἐστὶ

249 4960 501 5028 καθέδρα
530 4959 889 5028 τρισύλλαϐον
920 4960 1074 5029 ῥῆμα
1100 4959 1339 5029 παράγει
1376 4961 1437 5013 τὸ
1467 4961 1734 5031 ἐδράζειν,
1766 4962 1826 5015 οὐ

253 5053 371 5121 μὴν
405 5053 702 5124 ἑδριάζειν·
751 5052 1043 5123 δικαστικὴ
1076 5052 1132 5105 δὲ
1166 5052 1316 5118 λέξις
1343 5053 1404 5106 τὸ
1453 5053 1829 5125 συνεδριάζειν

249 5145 547 5212 πρέπουσα
570 5144 688 5214 Υίῷ
717 5145 795 5212 τῷ
826 5144 923 5198 καὶ
953 5145 1198 5215 κρίνοντι
1219 5146 1313 5200 καὶ
1353 5147 1696 5215 συγκρίνοντι
1717 5149 1830 5212 τοῖς

252 5236 400 5299 [σοις
426 5236 504 5305 τῷ
538 5237 715 5305 ΙῙσιτρλ⁸
746 5237 840 5290 καὶ
879 5235 959 5306 τῷ
1007 5236 1310 5308 Πνεῦματι,
1344 5237 1440 5291 καὶ
1486 5239 1830 5309 ὲλευσομένῳ

249 5330 444 5399 κρῖναι
476 5327 688 5392 ζῶντας
717 5328 812 5381 καὶ
847 5327 1096 5398 νεκρούς.
1670 5390 1673 5391 ,

328 5416 423 5474 κε’.
458 5421 529 5473 Τὸ
555 5420 607 5473 δὲ
637 5419 849 5488 ἐκχεῶ,
875 5419 1187 5492 προφητικὴ
1208 5420 1350 5487 λέξις
1379 5421 1516 5485 ἐστὶ,
1549 5420 1640 5474 τοῦ
1678 5421 1833 5492 ’ἰωὴλ

245 5510 520 5578 δηλονότι,
546 5514 642 5564 καὶ
670 5511 858 5580 ἔχεται
895 5512 1205 5581 ἱερωτάτων
1227 5512 1470 5574 ἐννοιῶν,
1503 5506 1578 5566 ὧν
1611 5514 1708 5582 μία
1741 5515 1834 5566 καὶ

244 5605 289 5673 ἡ
327 5605 470 5658 κατὰ
508 5605 568 5676 τὸ
596 5604 755 5672 ἆγιον
792 5603 1093 5674 βάπτισμα,
1135 5606 1213 5667 εἰς
1258 5604 1285 5658 ὃ
1316 5604 1664 5670 καταδύντες,
1691 5605 1834 5659 οὕτω

247 5694 351 5746 καὶ
368 5695 807 5755 συναναστάντες
832 5695 1102 5765 σωτηρίου
1122 5695 1338 5764 ἱμάτιον
1358 5695 1732 5766 ἡμφιέσμεθα,
1753 5713 1834 5766 χι-

247 5786 399 5844 τῶνα
432 5787 622 5844 τοῦτον
658 5785 922 5858 φωτεινὺν
945 5786 1369 5860 περικέχυμενον
1388 5789 1555 5860 ἡμᾶς,
1578 5790 1669 5844 καὶ
1688 5788 1763 5843 διε
1773 5807 1839 5858 μ-

1940 4682 2304 4752 συνεδριάζων
2326 4699 2390 4738 ex
2420 4699 2551 4738 voce
2575 4683 2938 4738 communiter
2961 4680 3237 4752 συνέδριον
3257 4679 3510 4746 trahitur;

1937 4779 2068 4850 ἔδρα
2121 4775 2288 4839 enim,
2329 4776 2379 4828 id
2439 4783 2523 4829 cst
2577 4774 2856 4840 cathedra,
2895 4773 3119 4827 verbum
3168 4771 3509 4842 trisyllabum

1939 4869 2191 4938 producit
2222 4863 2471 4934 ἐδράζειν
2512 4872 2566 4917 ut
2599 4871 2652 4917 et
2685 4862 2958 4931 ὲδριάζειν
2987 4879 3002 4927 ;
3034 4861 3294 4932 judiciale
3325 4870 3510 4916 autem

1938 4963 2170 5015 verbum
2201 4955 2575 5026 συνεδριᾶζειν
2611 4953 2868 5008 convenit
2906 4951 3046 5008 Filio
3080 4953 3172 5022 qui
3205 4961 3258 5007 et
3280 4951 3510 5020 iudicat,

1939 5061 1996 5107 et
2033 5049 2345 5121 conjudicat
2403 5063 2530 5102 cum
2581 5047 2884 5117 aequalibus
2937 5047 3184 5115 personis
3233 5047 3396 5099 Patre
3458 5053 3516 5100 ct

1940 5142 2148 5213 Spiritu
2181 5147 2396 5208 sancto,
2424 5139 2519 5208 qui
2547 5147 2815 5193 venturus
2853 5147 2938 5194 est
2967 5137 3220 5208 judicare
3259 5136 3414 5192 vivos
3457 5144 3514 5193 et

1941 5244 2213 5292 mortuos.

2007 5423 2098 5476 25.
2132 5418 2366 5475 Verbum
2394 5415 2590 5472 deinde
2606 5418 2872 5486 effundam
2901 5417 3279 5487 prOpheticum
3311 5426 3413 5481 est,
3446 5429 3515 5470 ex

1934 5512 2049 5568 Joel
2077 5512 2328 5565 videlicet
2385 5519 2684 5578 sumptum,
2743 5517 2796 5563 et
2853 5510 3094 5564 abundat
3153 5509 3516 5566 sanctissimis

1934 5603 2354 5672 cogitationibus
2387 5618 2404 5669 ;
2433 5615 2660 5670 quorum
2697 5617 2801 5654 una
2843 5601 2907 5654 ad
2940 5610 3186 5656 sanctum
3224 5601 3512 5653 lavacrum

1939 5696 2193 5758 refertur,
2230 5695 2285 5748 in
2318 5695 2461 5764 quod
2484 5692 2883 5747 descendentes
2913 5699 2966 5746 et
2994 5708 3116 5744 mox
3139 5700 3510 5756 assurgentes,

1940 5787 2131 5845 salutis
2160 5795 2362 5847 vestem
2386 5786 2560 5844 induti
2580 5802 2793 5854 sumus,
2821 5785 3156 5852 splendidam
3187 5783 3324 5835 hanc
3374 5783 3513 5835 tuui-
