  <div class='ocr_page' id='page_1' title='image "/cluster/home/n/w/nwhite01/storage/ocr_20150623/136/mdp.39015038093210/279.png"; bbox 0 0 3968 6244; ppageno 0'>
   <div class='ocr_carea' id='block_1_1' title="bbox 510 293 618 354">
    <p class='ocr_par' dir='ltr' id='par_1_1' title="bbox 510 293 618 354">
     <span class='ocr_line' id='line_1_1' title="bbox 510 293 618 354; baseline 0 0"><span class='ocrx_word' id='word_1_1' title='bbox 510 293 618 354; x_wconf 70' lang='grc'><strong>543</strong></span> 
     </span>
    </p>
   </div>
   <div class='ocr_carea' id='block_1_2' title="bbox 502 405 2100 497">
    <p class='ocr_par' dir='ltr' id='par_1_2' title="bbox 502 405 2093 484">
     <span class='ocr_line' id='line_1_2' title="bbox 502 405 2093 484; baseline 0.013 -30"><span class='ocrx_word' id='word_1_2' title='bbox 502 417 624 455; x_wconf 84' lang='lat' dir='ltr'><strong>eam</strong></span> <span class='ocrx_word' id='word_1_3' title='bbox 662 405 1049 462; x_wconf 74' lang='lat' dir='ltr'><strong>circumfusam</strong></span> <span class='ocrx_word' id='word_1_4' title='bbox 1080 419 1131 464; x_wconf 90' lang='lat' dir='ltr'><strong>ct</strong></span> <span class='ocrx_word' id='word_1_5' title='bbox 1186 414 1566 468; x_wconf 81' lang='lat' dir='ltr'><strong>ostendentem</strong></span> <span class='ocrx_word' id='word_1_6' title='bbox 1639 415 1904 484; x_wconf 73' lang='lat' dir='ltr'><strong>Spiritum</strong></span> <span class='ocrx_word' id='word_1_7' title='bbox 1967 435 2093 475; x_wconf 85' lang='lat' dir='ltr'><strong>san-</strong></span> 
     </span>
    </p>
   </div>
   <div class='ocr_carea' id='block_1_3' title="bbox 2211 405 2778 497">
    <p class='ocr_par' dir='ltr' id='par_1_3' title="bbox 2211 430 2778 497">
     <span class='ocr_line' id='line_1_3' title="bbox 2211 430 2778 497; baseline 0.009 -16"><span class='ocrx_word' id='word_1_8' title='bbox 2211 430 2459 497; x_wconf 74' lang='grc' dir='ltr'>ραίνοντα</span> <span class='ocrx_word' id='word_1_9' title='bbox 2505 434 2585 486; x_wconf 87' lang='grc' dir='ltr'><strong>ὄτι</strong></span> <span class='ocrx_word' id='word_1_10' title='bbox 2636 434 2778 488; x_wconf 81' lang='grc' dir='ltr'>θετον</span> 
     </span>
    </p>
   </div>
   <div class='ocr_carea' id='block_1_4' title="bbox 501 495 2090 578">
    <p class='ocr_par' dir='ltr' id='par_1_4' title="bbox 501 495 2090 578">
     <span class='ocr_line' id='line_1_4' title="bbox 501 495 2090 578; baseline 0.012 -32"><span class='ocrx_word' id='word_1_11' title='bbox 501 501 648 547; x_wconf 79' lang='lat' dir='ltr'><strong>ctum</strong></span> <span class='ocrx_word' id='word_1_12' title='bbox 672 495 1024 554; x_wconf 68' lang='lat' dir='ltr'><strong>descendisse.</strong></span> <span class='ocrx_word' id='word_1_13' title='bbox 1051 503 1194 555; x_wconf 83' lang='lat' dir='ltr'><strong>sicut</strong></span> <span class='ocrx_word' id='word_1_14' title='bbox 1225 503 1276 556; x_wconf 88' lang='lat' dir='ltr'><strong>in</strong></span> <span class='ocrx_word' id='word_1_15' title='bbox 1308 514 1530 559; x_wconf 87' lang='lat' dir='ltr'><strong>sanctos</strong></span> <span class='ocrx_word' id='word_1_16' title='bbox 1572 507 1718 562; x_wconf 87' lang='lat' dir='ltr'><strong>illius</strong></span> <span class='ocrx_word' id='word_1_17' title='bbox 1771 511 1970 578; x_wconf 75' lang='lat' dir='ltr'><strong>aetatis,</strong></span> <span class='ocrx_word' id='word_1_18' title='bbox 2020 512 2090 565; x_wconf 86' lang='lat' dir='ltr'><strong>ita</strong></span> 
     </span>
    </p>
   </div>
   <div class='ocr_carea' id='block_1_5' title="bbox 500 588 2089 667">
    <p class='ocr_par' dir='ltr' id='par_1_5' title="bbox 500 588 2089 667">
     <span class='ocr_line' id='line_1_5' title="bbox 500 588 2089 667; baseline 0.013 -29"><span class='ocrx_word' id='word_1_19' title='bbox 500 595 553 639; x_wconf 86' lang='lat' dir='ltr'><strong>et</strong></span> <span class='ocrx_word' id='word_1_20' title='bbox 591 588 643 638; x_wconf 89' lang='lat' dir='ltr'><strong>iu</strong></span> <span class='ocrx_word' id='word_1_21' title='bbox 677 602 769 640; x_wconf 86' lang='lat' dir='ltr'><strong>eos</strong></span> <span class='ocrx_word' id='word_1_22' title='bbox 792 589 882 654; x_wconf 85' lang='lat' dir='ltr'><strong>qui</strong></span> <span class='ocrx_word' id='word_1_23' title='bbox 913 601 1096 658; x_wconf 86' lang='lat' dir='ltr'><strong>postea</strong></span> <span class='ocrx_word' id='word_1_24' title='bbox 1124 591 1361 661; x_wconf 77' lang='lat' dir='ltr'><strong>fuerunt,</strong></span> <span class='ocrx_word' id='word_1_25' title='bbox 1434 604 1486 650; x_wconf 85' lang='lat' dir='ltr'><strong>et</strong></span> <span class='ocrx_word' id='word_1_26' title='bbox 1537 613 1711 667; x_wconf 90' lang='lat' dir='ltr'><strong>usque</strong></span> <span class='ocrx_word' id='word_1_27' title='bbox 1754 601 1819 654; x_wconf 85' lang='lat' dir='ltr'><strong>ad</strong></span> <span class='ocrx_word' id='word_1_28' title='bbox 1875 618 1992 656; x_wconf 85' lang='lat' dir='ltr'><strong>nos.</strong></span> <span class='ocrx_word' id='word_1_29' title='bbox 2033 603 2089 658; x_wconf 89' lang='lat' dir='ltr'><strong>Si</strong></span> 
     </span>
    </p>
   </div>
   <div class='ocr_carea' id='block_1_6' title="bbox 502 679 2082 764">
    <p class='ocr_par' dir='ltr' id='par_1_6' title="bbox 502 679 2082 764">
     <span class='ocr_line' id='line_1_6' title="bbox 502 679 2082 764; baseline 0.013 -36"><span class='ocrx_word' id='word_1_30' title='bbox 502 685 683 730; x_wconf 84' lang='lat' dir='ltr'><strong>autem</strong></span> <span class='ocrx_word' id='word_1_31' title='bbox 714 690 765 731; x_wconf 87' lang='lat' dir='ltr'><strong>et</strong></span> <span class='ocrx_word' id='word_1_32' title='bbox 794 679 1032 736; x_wconf 86' lang='lat' dir='ltr'><strong>ﬂuminis</strong></span> <span class='ocrx_word' id='word_1_33' title='bbox 1083 685 1284 738; x_wconf 81' lang='lat' dir='ltr'><strong>undam</strong></span> <span class='ocrx_word' id='word_1_34' title='bbox 1340 686 1473 742; x_wconf 89' lang='lat' dir='ltr'><strong>libet</strong></span> <span class='ocrx_word' id='word_1_35' title='bbox 1505 689 1689 746; x_wconf 83' lang='lat' dir='ltr'><strong>dicere</strong></span> <span class='ocrx_word' id='word_1_36' title='bbox 1741 703 2082 764; x_wconf 75' lang='lat' dir='ltr'><strong>argenteam,</strong></span> 
     </span>
    </p>
   </div>
   <div class='ocr_carea' id='block_1_7' title="bbox 505 768 2090 852">
    <p class='ocr_par' dir='ltr' id='par_1_7' title="bbox 505 768 2090 852">
     <span class='ocr_line' id='line_1_7' title="bbox 505 768 2090 852; baseline 0.014 -33"><span class='ocrx_word' id='word_1_37' title='bbox 505 768 667 821; x_wconf 88' lang='lat' dir='ltr'><strong>simul</strong></span> <span class='ocrx_word' id='word_1_38' title='bbox 697 777 747 823; x_wconf 91' lang='lat' dir='ltr'><strong>et</strong></span> <span class='ocrx_word' id='word_1_39' title='bbox 775 770 1078 838; x_wconf 87' lang='lat' dir='ltr'><strong>pulchram,</strong></span> <span class='ocrx_word' id='word_1_40' title='bbox 1141 785 1194 829; x_wconf 91' lang='lat' dir='ltr'><strong>et</strong></span> <span class='ocrx_word' id='word_1_41' title='bbox 1251 776 1558 844; x_wconf 78' lang='lat' dir='ltr'><strong>candidam,</strong></span> <span class='ocrx_word' id='word_1_42' title='bbox 1617 786 1837 852; x_wconf 78' lang='lat' dir='ltr'><strong>quando</strong></span> <span class='ocrx_word' id='word_1_43' title='bbox 1896 787 2090 844; x_wconf 91' lang='lat' dir='ltr'><strong>leniter</strong></span> 
     </span>
    </p>
   </div>
   <div class='ocr_carea' id='block_1_8' title="bbox 505 858 2090 948">
    <p class='ocr_par' dir='ltr' id='par_1_8' title="bbox 505 858 2090 948">
     <span class='ocr_line' id='line_1_8' title="bbox 505 858 2090 948; baseline 0.016 -37"><span class='ocrx_word' id='word_1_44' title='bbox 505 858 621 912; x_wconf 83' lang='lat' dir='ltr'><strong>ﬂuit</strong></span> <span class='ocrx_word' id='word_1_45' title='bbox 645 863 786 929; x_wconf 83' lang='lat' dir='ltr'><strong>quod</strong></span> <span class='ocrx_word' id='word_1_46' title='bbox 815 863 1145 932; x_wconf 87' lang='lat' dir='ltr'><strong>adjectivum</strong></span> <span class='ocrx_word' id='word_1_47' title='bbox 1186 879 1310 938; x_wconf 89' lang='lat' dir='ltr'><strong>apte</strong></span> <span class='ocrx_word' id='word_1_48' title='bbox 1364 887 1701 941; x_wconf 83' lang='lat' dir='ltr'><strong>appunemus</strong></span> <span class='ocrx_word' id='word_1_49' title='bbox 1757 881 2090 948; x_wconf 59' lang='lat' dir='ltr'><strong>prophetica!</strong></span> 
     </span>
    </p>
   </div>
   <div class='ocr_carea' id='block_1_9' title="bbox 504 951 2091 1041">
    <p class='ocr_par' dir='ltr' id='par_1_9' title="bbox 504 951 2091 1041">
     <span class='ocr_line' id='line_1_9' title="bbox 504 951 2091 1041; baseline 0.014 -38"><span class='ocrx_word' id='word_1_50' title='bbox 504 951 631 1005; x_wconf 91' lang='lat' dir='ltr'><strong>huic</strong></span> <span class='ocrx_word' id='word_1_51' title='bbox 652 951 906 1008; x_wconf 77' lang='lat' dir='ltr'><strong>elIusioni</strong></span> <span class='ocrx_word' id='word_1_52' title='bbox 941 971 969 1008; x_wconf 92' lang='lat' dir='ltr'><strong>a</strong></span> <span class='ocrx_word' id='word_1_53' title='bbox 1001 959 1203 1013; x_wconf 75' lang='lat' dir='ltr'><strong>sanctis</strong></span> <span class='ocrx_word' id='word_1_54' title='bbox 1237 963 1876 1034; x_wconf 64' lang='lat' dir='ltr'><strong>apostolisffdesideratm,</strong></span> <span class='ocrx_word' id='word_1_55' title='bbox 1937 971 2091 1041; x_wconf 82' lang='lat' dir='ltr'><strong>juxta</strong></span> 
     </span>
    </p>
   </div>
   <div class='ocr_carea' id='block_1_10' title="bbox 504 1046 2096 1126">
    <p class='ocr_par' dir='ltr' id='par_1_10' title="bbox 504 1046 2096 1126">
     <span class='ocr_line' id='line_1_10' title="bbox 504 1046 2096 1126; baseline 0.014 -29"><span class='ocrx_word' id='word_1_56' title='bbox 504 1056 720 1098; x_wconf 78' lang='lat' dir='ltr'><strong>sacrum</strong></span> <span class='ocrx_word' id='word_1_57' title='bbox 746 1046 1026 1116; x_wconf 85' lang='lat' dir='ltr'><strong>hymnum,</strong></span> <span class='ocrx_word' id='word_1_58' title='bbox 1048 1051 1172 1104; x_wconf 87' lang='lat' dir='ltr'><strong>huic</strong></span> <span class='ocrx_word' id='word_1_59' title='bbox 1201 1052 1644 1126; x_wconf 72' lang='lat' dir='ltr'><strong>iguietﬂammaa,</strong></span> <span class='ocrx_word' id='word_1_60' title='bbox 1670 1069 1726 1115; x_wconf 91' lang='lat' dir='ltr'><strong>et</strong></span> <span class='ocrx_word' id='word_1_61' title='bbox 1749 1061 1941 1117; x_wconf 87' lang='lat' dir='ltr'><strong>lumini</strong></span> <span class='ocrx_word' id='word_1_62' title='bbox 1970 1063 2096 1119; x_wconf 84' lang='lat' dir='ltr'><strong>illu-</strong></span> 
     </span>
    </p>
   </div>
   <div class='ocr_carea' id='block_1_11' title="bbox 509 1134 1581 1202">
    <p class='ocr_par' dir='ltr' id='par_1_11' title="bbox 509 1134 1581 1202">
     <span class='ocr_line' id='line_1_11' title="bbox 509 1134 1581 1202; baseline 0.015 -16"><span class='ocrx_word' id='word_1_63' title='bbox 509 1134 782 1190; x_wconf 86' lang='lat' dir='ltr'><strong>minaturo</strong></span> <span class='ocrx_word' id='word_1_64' title='bbox 807 1154 900 1192; x_wconf 89' lang='lat' dir='ltr'><strong>eos</strong></span> <span class='ocrx_word' id='word_1_65' title='bbox 934 1141 989 1194; x_wconf 89' lang='lat' dir='ltr'><strong>in</strong></span> <span class='ocrx_word' id='word_1_66' title='bbox 1010 1157 1303 1200; x_wconf 82' lang='lat' dir='ltr'><strong>commune</strong></span> <span class='ocrx_word' id='word_1_67' title='bbox 1329 1146 1526 1202; x_wconf 90' lang='lat' dir='ltr'><strong>bonum</strong></span> <span class='ocrx_word' id='word_1_68' title='bbox 1550 1148 1581 1202; x_wconf 77' lang='lat'><strong>?‘</strong></span> 
     </span>
    </p>
   </div>
   <div class='ocr_carea' id='block_1_12' title="bbox 577 1227 2093 1313">
    <p class='ocr_par' dir='ltr' id='par_1_12' title="bbox 577 1227 2093 1313">
     <span class='ocr_line' id='line_1_12' title="bbox 577 1227 2093 1313; baseline 0.014 -32"><span class='ocrx_word' id='word_1_69' title='bbox 577 1227 666 1282; x_wconf 68' lang='lat'><strong>26.</strong></span> <span class='ocrx_word' id='word_1_70' title='bbox 701 1227 1011 1284; x_wconf 81' lang='lat' dir='ltr'><strong>Notandum</strong></span> <span class='ocrx_word' id='word_1_71' title='bbox 1043 1249 1207 1303; x_wconf 85' lang='lat' dir='ltr'><strong>porro</strong></span> <span class='ocrx_word' id='word_1_72' title='bbox 1239 1237 1410 1308; x_wconf 87' lang='lat' dir='ltr'><strong>quod,</strong></span> <span class='ocrx_word' id='word_1_73' title='bbox 1454 1240 1598 1295; x_wconf 86' lang='lat' dir='ltr'><strong>sicut</strong></span> <span class='ocrx_word' id='word_1_74' title='bbox 1632 1242 1685 1296; x_wconf 93' lang='lat' dir='ltr'><strong>in</strong></span> <span class='ocrx_word' id='word_1_75' title='bbox 1737 1244 2093 1313; x_wconf 83' lang='lat' dir='ltr'><strong>sequentibus</strong></span> 
     </span>
    </p>
   </div>
   <div class='ocr_carea' id='block_1_13' title="bbox 507 1323 2094 1406">
    <p class='ocr_par' dir='ltr' id='par_1_13' title="bbox 507 1323 2094 1406">
     <span class='ocr_line' id='line_1_13' title="bbox 507 1323 2094 1406; baseline 0.013 -35"><span class='ocrx_word' id='word_1_76' title='bbox 507 1327 676 1390; x_wconf 85' lang='lat' dir='ltr'><strong>patet,</strong></span> <span class='ocrx_word' id='word_1_77' title='bbox 707 1331 853 1376; x_wconf 86' lang='lat' dir='ltr'><strong>amat</strong></span> <span class='ocrx_word' id='word_1_78' title='bbox 883 1323 1184 1393; x_wconf 82' lang='lat' dir='ltr'><strong>inspiratus</strong></span> <span class='ocrx_word' id='word_1_79' title='bbox 1218 1337 1407 1383; x_wconf 86' lang='lat' dir='ltr'><strong>noster</strong></span> <span class='ocrx_word' id='word_1_80' title='bbox 1430 1331 1670 1389; x_wconf 84' lang='lat' dir='ltr'><strong>Joannes</strong></span> <span class='ocrx_word' id='word_1_81' title='bbox 1726 1335 1984 1406; x_wconf 84' lang='lat' dir='ltr'><strong>liquidus,</strong></span> <span class='ocrx_word' id='word_1_82' title='bbox 2038 1348 2094 1392; x_wconf 91' lang='lat' dir='ltr'><strong>ut</strong></span> 
     </span>
    </p>
   </div>
   <div class='ocr_carea' id='block_1_14' title="bbox 509 1413 2092 1488">
    <p class='ocr_par' dir='ltr' id='par_1_14' title="bbox 509 1413 2092 1488">
     <span class='ocr_line' id='line_1_14' title="bbox 509 1413 2092 1488; baseline 0.012 -25"><span class='ocrx_word' id='word_1_83' title='bbox 509 1413 731 1479; x_wconf 84' lang='lat' dir='ltr'><strong>quidam</strong></span> <span class='ocrx_word' id='word_1_84' title='bbox 785 1415 883 1480; x_wconf 88' lang='lat' dir='ltr'><strong>ait,</strong></span> <span class='ocrx_word' id='word_1_85' title='bbox 947 1423 1064 1470; x_wconf 87' lang='lat' dir='ltr'><strong>arte</strong></span> <span class='ocrx_word' id='word_1_86' title='bbox 1120 1415 1298 1472; x_wconf 82' lang='lat' dir='ltr'><strong>facere</strong></span> <span class='ocrx_word' id='word_1_87' title='bbox 1348 1435 1479 1477; x_wconf 87' lang='lat' dir='ltr'><strong>suos</strong></span> <span class='ocrx_word' id='word_1_88' title='bbox 1530 1438 1742 1488; x_wconf 85' lang='lat' dir='ltr'><strong>versus,</strong></span> <span class='ocrx_word' id='word_1_89' title='bbox 1792 1441 1855 1482; x_wconf 80' lang='lat' dir='ltr'><strong>ex</strong></span> <span class='ocrx_word' id='word_1_90' title='bbox 1913 1429 2092 1482; x_wconf 89' lang='lat' dir='ltr'><strong>sacris</strong></span> 
     </span>
    </p>
   </div>
   <div class='ocr_carea' id='block_1_15' title="bbox 510 1507 2090 1584">
    <p class='ocr_par' dir='ltr' id='par_1_15' title="bbox 510 1507 2090 1584">
     <span class='ocr_line' id='line_1_15' title="bbox 510 1507 2090 1584; baseline 0.011 -29"><span class='ocrx_word' id='word_1_91' title='bbox 510 1507 712 1562; x_wconf 80' lang='lat' dir='ltr'><strong>talibus</strong></span> <span class='ocrx_word' id='word_1_92' title='bbox 740 1509 980 1564; x_wconf 65' lang='lat' dir='ltr'><strong>testibus</strong></span> <span class='ocrx_word' id='word_1_93' title='bbox 1011 1527 1026 1575; x_wconf 93' lang='lat'><strong>;</strong></span> <span class='ocrx_word' id='word_1_94' title='bbox 1060 1511 1261 1580; x_wconf 71' lang='lat' dir='ltr'><strong>gaudet</strong></span> <span class='ocrx_word' id='word_1_95' title='bbox 1317 1528 1602 1584; x_wconf 80' lang='lat' dir='ltr'><strong>aspergere</strong></span> <span class='ocrx_word' id='word_1_96' title='bbox 1659 1518 1762 1573; x_wconf 91' lang='lat' dir='ltr'><strong>hoc</strong></span> <span class='ocrx_word' id='word_1_97' title='bbox 1817 1520 2090 1577; x_wconf 74' lang='lat' dir='ltr'><strong>scribendi</strong></span> 
     </span>
    </p>
   </div>
   <div class='ocr_carea' id='block_1_16' title="bbox 511 1599 2090 1675">
    <p class='ocr_par' dir='ltr' id='par_1_16' title="bbox 511 1599 2090 1675">
     <span class='ocr_line' id='line_1_16' title="bbox 511 1599 2090 1675; baseline 0.011 -26"><span class='ocrx_word' id='word_1_98' title='bbox 511 1612 685 1666; x_wconf 73' lang='lat' dir='ltr'><strong>genus</strong></span> <span class='ocrx_word' id='word_1_99' title='bbox 715 1613 781 1654; x_wconf 81' lang='lat' dir='ltr'><strong>ex</strong></span> <span class='ocrx_word' id='word_1_100' title='bbox 810 1602 986 1655; x_wconf 76' lang='lat' dir='ltr'><strong>sacris</strong></span> <span class='ocrx_word' id='word_1_101' title='bbox 1051 1599 1373 1670; x_wconf 86' lang='lat' dir='ltr'><strong>Scripturis,</strong></span> <span class='ocrx_word' id='word_1_102' title='bbox 1440 1619 1506 1659; x_wconf 76' lang='lat' dir='ltr'><strong>ex</strong></span> <span class='ocrx_word' id='word_1_103' title='bbox 1544 1607 1746 1675; x_wconf 82' lang='lat' dir='ltr'><strong>quibus</strong></span> <span class='ocrx_word' id='word_1_104' title='bbox 1802 1607 2090 1672; x_wconf 84' lang='lat' dir='ltr'><strong>habemus,</strong></span> 
     </span>
    </p>
   </div>
   <div class='ocr_carea' id='block_1_17' title="bbox 514 1688 2090 1768">
    <p class='ocr_par' dir='ltr' id='par_1_17' title="bbox 514 1688 2090 1768">
     <span class='ocr_line' id='line_1_17' title="bbox 514 1688 2090 1768; baseline 0.007 -26"><span class='ocrx_word' id='word_1_105' title='bbox 514 1688 561 1742; x_wconf 86' lang='lat' dir='ltr'><strong>si</strong></span> <span class='ocrx_word' id='word_1_106' title='bbox 600 1690 757 1745; x_wconf 91' lang='lat' dir='ltr'><strong>nobis</strong></span> <span class='ocrx_word' id='word_1_107' title='bbox 783 1706 918 1760; x_wconf 81' lang='lat' dir='ltr'><strong>Opus</strong></span> <span class='ocrx_word' id='word_1_108' title='bbox 946 1693 1040 1755; x_wconf 88' lang='lat' dir='ltr'><strong>sit,</strong></span> <span class='ocrx_word' id='word_1_109' title='bbox 1069 1694 1328 1751; x_wconf 75' lang='lat' dir='ltr'><strong>snlientes</strong></span> <span class='ocrx_word' id='word_1_110' title='bbox 1357 1696 1556 1763; x_wconf 86' lang='lat' dir='ltr'><strong>undas,</strong></span> <span class='ocrx_word' id='word_1_111' title='bbox 1605 1700 1795 1768; x_wconf 89' lang='lat' dir='ltr'><strong>quales</strong></span> <span class='ocrx_word' id='word_1_112' title='bbox 1849 1699 2090 1755; x_wconf 86' lang='lat' dir='ltr'><strong>Samari-</strong></span> 
     </span>
    </p>
   </div>
   <div class='ocr_carea' id='block_1_18' title="bbox 515 1787 2101 1857">
    <p class='ocr_par' dir='ltr' id='par_1_18' title="bbox 515 1787 2101 1857">
     <span class='ocr_line' id='line_1_18' title="bbox 515 1787 2101 1857; baseline 0.008 -25"><span class='ocrx_word' id='word_1_113' title='bbox 515 1787 696 1832; x_wconf 86' lang='lat' dir='ltr'><strong>tanam</strong></span> <span class='ocrx_word' id='word_1_114' title='bbox 730 1791 1074 1852; x_wconf 75' lang='lat' dir='ltr'><strong>genuerunt;</strong></span> <span class='ocrx_word' id='word_1_115' title='bbox 1102 1791 1156 1837; x_wconf 88' lang='lat' dir='ltr'><strong>et</strong></span> <span class='ocrx_word' id='word_1_116' title='bbox 1181 1793 1465 1854; x_wconf 89' lang='lat' dir='ltr'><strong>puteorum</strong></span> <span class='ocrx_word' id='word_1_117' title='bbox 1500 1803 1696 1857; x_wconf 85' lang='lat' dir='ltr'><strong>aquam</strong></span> <span class='ocrx_word' id='word_1_118' title='bbox 1726 1790 1922 1857; x_wconf 77' lang='lat' dir='ltr'><strong>quibus</strong></span> <span class='ocrx_word' id='word_1_119' title='bbox 1961 1791 2101 1844; x_wconf 82' lang='lat' dir='ltr'><strong>anti-</strong></span> 
     </span>
    </p>
   </div>
   <div class='ocr_carea' id='block_1_19' title="bbox 513 1871 2103 1945">
    <p class='ocr_par' dir='ltr' id='par_1_19' title="bbox 513 1871 2103 1945">
     <span class='ocr_line' id='line_1_19' title="bbox 513 1871 2103 1945; baseline 0.007 -20"><span class='ocrx_word' id='word_1_120' title='bbox 513 1886 620 1940; x_wconf 83' lang='lat' dir='ltr'><strong>qua</strong></span> <span class='ocrx_word' id='word_1_121' title='bbox 654 1885 810 1926; x_wconf 88' lang='lat' dir='ltr'><strong>sacra</strong></span> <span class='ocrx_word' id='word_1_122' title='bbox 877 1871 1158 1942; x_wconf 85' lang='lat' dir='ltr'><strong>Scriptura</strong></span> <span class='ocrx_word' id='word_1_123' title='bbox 1217 1875 1582 1945; x_wconf 79' lang='lat' dir='ltr'><strong>relertur;et</strong></span> <span class='ocrx_word' id='word_1_124' title='bbox 1640 1879 1867 1936; x_wconf 78' lang='lat' dir='ltr'><strong>ﬂumina</strong></span> <span class='ocrx_word' id='word_1_125' title='bbox 1931 1896 2103 1936; x_wconf 83' lang='lat' dir='ltr'><strong>evan-</strong></span> 
     </span>
    </p>
   </div>
   <div class='ocr_carea' id='block_1_20' title="bbox 513 1961 2102 2040">
    <p class='ocr_par' dir='ltr' id='par_1_20' title="bbox 513 1961 2102 2040">
     <span class='ocr_line' id='line_1_20' title="bbox 513 1961 2102 2040; baseline 0.009 -27"><span class='ocrx_word' id='word_1_126' title='bbox 513 1961 684 2031; x_wconf 75' lang='lat' dir='ltr'><strong>gelica</strong></span> <span class='ocrx_word' id='word_1_127' title='bbox 706 1978 772 2018; x_wconf 83' lang='lat' dir='ltr'><strong>ex</strong></span> <span class='ocrx_word' id='word_1_128' title='bbox 806 1965 1002 2032; x_wconf 81' lang='lat' dir='ltr'><strong>abysso</strong></span> <span class='ocrx_word' id='word_1_129' title='bbox 1058 1967 1334 2035; x_wconf 74' lang='lat' dir='ltr'><strong>sapientiae</strong></span> <span class='ocrx_word' id='word_1_130' title='bbox 1361 1969 1626 2026; x_wconf 82' lang='lat' dir='ltr'><strong>divinitus</strong></span> <span class='ocrx_word' id='word_1_131' title='bbox 1674 1971 1968 2028; x_wconf 82' lang='lat' dir='ltr'><strong>deﬂuentia</strong></span> <span class='ocrx_word' id='word_1_132' title='bbox 2007 1981 2102 2040; x_wconf 75' lang='lat' dir='ltr'><strong>;el</strong></span> 
     </span>
    </p>
   </div>
   <div class='ocr_carea' id='block_1_21' title="bbox 515 2055 2100 2133">
    <p class='ocr_par' dir='ltr' id='par_1_21' title="bbox 515 2055 2100 2133">
     <span class='ocr_line' id='line_1_21' title="bbox 515 2055 2100 2133; baseline 0.008 -29"><span class='ocrx_word' id='word_1_133' title='bbox 515 2068 667 2108; x_wconf 81' lang='lat' dir='ltr'><strong>rores</strong></span> <span class='ocrx_word' id='word_1_134' title='bbox 689 2062 745 2109; x_wconf 87' lang='lat' dir='ltr'><strong>et</strong></span> <span class='ocrx_word' id='word_1_135' title='bbox 774 2055 984 2125; x_wconf 88' lang='lat' dir='ltr'><strong>pluvias</strong></span> <span class='ocrx_word' id='word_1_136' title='bbox 1013 2059 1347 2116; x_wconf 79' lang='lat' dir='ltr'><strong>voluntarias</strong></span> <span class='ocrx_word' id='word_1_137' title='bbox 1376 2076 1392 2126; x_wconf 88' lang='lat'><strong>;</strong></span> <span class='ocrx_word' id='word_1_138' title='bbox 1418 2063 1596 2128; x_wconf 82' lang='lat' dir='ltr'><strong>qualis</strong></span> <span class='ocrx_word' id='word_1_139' title='bbox 1621 2072 1676 2118; x_wconf 85' lang='lat' dir='ltr'><strong>et</strong></span> <span class='ocrx_word' id='word_1_140' title='bbox 1725 2080 1938 2120; x_wconf 76' lang='lat' dir='ltr'><strong>manuue</strong></span> <span class='ocrx_word' id='word_1_141' title='bbox 1980 2065 2100 2133; x_wconf 89' lang='lat' dir='ltr'><strong>plu-</strong></span> 
     </span>
    </p>
   </div>
   <div class='ocr_carea' id='block_1_22' title="bbox 514 2148 2101 2222">
    <p class='ocr_par' dir='ltr' id='par_1_22' title="bbox 514 2148 2101 2222">
     <span class='ocr_line' id='line_1_22' title="bbox 514 2148 2101 2222; baseline 0.006 -24"><span class='ocrx_word' id='word_1_142' title='bbox 514 2148 623 2212; x_wconf 76' lang='lat' dir='ltr'><strong>via,</strong></span> <span class='ocrx_word' id='word_1_143' title='bbox 649 2156 704 2202; x_wconf 89' lang='lat' dir='ltr'><strong>et</strong></span> <span class='ocrx_word' id='word_1_144' title='bbox 735 2150 982 2218; x_wconf 48' lang='lat' dir='ltr'><strong>procellae</strong></span> <span class='ocrx_word' id='word_1_145' title='bbox 1001 2152 1162 2219; x_wconf 79' lang='lat' dir='ltr'><strong>quasi</strong></span> <span class='ocrx_word' id='word_1_146' title='bbox 1191 2167 1404 2220; x_wconf 77' lang='lat' dir='ltr'><strong>semper</strong></span> <span class='ocrx_word' id='word_1_147' title='bbox 1434 2153 1696 2221; x_wconf 67' lang='lat' dir='ltr'><strong>p-aeiticaa,</strong></span> <span class='ocrx_word' id='word_1_148' title='bbox 1733 2170 1869 2222; x_wconf 86' lang='lat' dir='ltr'><strong>quas</strong></span> <span class='ocrx_word' id='word_1_149' title='bbox 1897 2154 1963 2207; x_wconf 87' lang='lat' dir='ltr'><strong>ad</strong></span> <span class='ocrx_word' id='word_1_150' title='bbox 2013 2170 2101 2210; x_wconf 83' lang='lat' dir='ltr'><strong>sa-</strong></span> 
     </span>
    </p>
   </div>
   <div class='ocr_carea' id='block_1_23' title="bbox 519 2237 2100 2316">
    <p class='ocr_par' dir='ltr' id='par_1_23' title="bbox 519 2237 2100 2316">
     <span class='ocr_line' id='line_1_23' title="bbox 519 2237 2100 2316; baseline 0.008 -26"><span class='ocrx_word' id='word_1_151' title='bbox 519 2237 685 2293; x_wconf 87' lang='lat' dir='ltr'><strong>lutem</strong></span> <span class='ocrx_word' id='word_1_152' title='bbox 719 2239 878 2309; x_wconf 76' lang='lat' dir='ltr'><strong>vulgo</strong></span> <span class='ocrx_word' id='word_1_153' title='bbox 910 2241 1099 2303; x_wconf 85' lang='lat' dir='ltr'><strong>stillat.</strong></span> <span class='ocrx_word' id='word_1_154' title='bbox 1144 2249 1198 2298; x_wconf 91' lang='lat' dir='ltr'><strong>et</strong></span> <span class='ocrx_word' id='word_1_155' title='bbox 1229 2243 1386 2308; x_wconf 86' lang='lat' dir='ltr'><strong>pluit,</strong></span> <span class='ocrx_word' id='word_1_156' title='bbox 1443 2254 1497 2298; x_wconf 83' lang='lat' dir='ltr'><strong>et</strong></span> <span class='ocrx_word' id='word_1_157' title='bbox 1538 2243 1808 2311; x_wconf 75' lang='lat' dir='ltr'><strong>ell‘uudit;</strong></span> <span class='ocrx_word' id='word_1_158' title='bbox 1838 2256 1893 2300; x_wconf 89' lang='lat' dir='ltr'><strong>et</strong></span> <span class='ocrx_word' id='word_1_159' title='bbox 1943 2249 2100 2316; x_wconf 85' lang='lat' dir='ltr'><strong>quasi</strong></span> 
     </span>
    </p>
   </div>
   <div class='ocr_carea' id='block_1_24' title="bbox 518 2325 2100 2406">
    <p class='ocr_par' dir='ltr' id='par_1_24' title="bbox 518 2325 2100 2406">
     <span class='ocr_line' id='line_1_24' title="bbox 518 2325 2100 2406; baseline 0.008 -25"><span class='ocrx_word' id='word_1_160' title='bbox 518 2325 691 2382; x_wconf 82' lang='lat' dir='ltr'><strong>imber</strong></span> <span class='ocrx_word' id='word_1_161' title='bbox 750 2329 1088 2385; x_wconf 80' lang='lat' dir='ltr'><strong>descendens</strong></span> <span class='ocrx_word' id='word_1_162' title='bbox 1134 2332 1186 2386; x_wconf 83' lang='lat' dir='ltr'><strong>iu</strong></span> <span class='ocrx_word' id='word_1_163' title='bbox 1236 2333 1432 2398; x_wconf 81' lang='lat' dir='ltr'><strong>vellus,</strong></span> <span class='ocrx_word' id='word_1_164' title='bbox 1515 2343 1568 2389; x_wconf 89' lang='lat' dir='ltr'><strong>et</strong></span> <span class='ocrx_word' id='word_1_165' title='bbox 1629 2337 1784 2406; x_wconf 88' lang='lat' dir='ltr'><strong>quasi</strong></span> <span class='ocrx_word' id='word_1_166' title='bbox 1881 2339 2100 2393; x_wconf 84' lang='lat' dir='ltr'><strong>stillans</strong></span> 
     </span>
    </p>
   </div>
   <div class='ocr_carea' id='block_1_25' title="bbox 518 2422 2095 2494">
    <p class='ocr_par' dir='ltr' id='par_1_25' title="bbox 518 2422 2095 2494">
     <span class='ocr_line' id='line_1_25' title="bbox 518 2422 2095 2494; baseline 0.006 -22"><span class='ocrx_word' id='word_1_167' title='bbox 518 2431 680 2487; x_wconf 89' lang='lat' dir='ltr'><strong>super</strong></span> <span class='ocrx_word' id='word_1_168' title='bbox 705 2427 924 2483; x_wconf 87' lang='lat' dir='ltr'><strong>terram,</strong></span> <span class='ocrx_word' id='word_1_169' title='bbox 981 2422 1138 2492; x_wconf 87' lang='lat' dir='ltr'><strong>cujus</strong></span> <span class='ocrx_word' id='word_1_170' title='bbox 1191 2438 1391 2478; x_wconf 86' lang='lat' dir='ltr'><strong>nomen</strong></span> <span class='ocrx_word' id='word_1_171' title='bbox 1439 2435 1773 2494; x_wconf 84' lang='lat' dir='ltr'><strong>unguentum</strong></span> <span class='ocrx_word' id='word_1_172' title='bbox 1840 2427 2095 2494; x_wconf 80' lang='lat' dir='ltr'><strong>effusmu,</strong></span> 
     </span>
    </p>
   </div>
   <div class='ocr_carea' id='block_1_26' title="bbox 518 2508 2096 2582">
    <p class='ocr_par' dir='ltr' id='par_1_26' title="bbox 518 2508 2096 2582">
     <span class='ocr_line' id='line_1_26' title="bbox 518 2508 2096 2582; baseline 0.007 -21"><span class='ocrx_word' id='word_1_173' title='bbox 518 2508 660 2563; x_wconf 80' lang='lat' dir='ltr'><strong>sicut</strong></span> <span class='ocrx_word' id='word_1_174' title='bbox 691 2511 998 2581; x_wconf 82' lang='lat' dir='ltr'><strong>accepimus</strong></span> <span class='ocrx_word' id='word_1_175' title='bbox 1017 2514 1448 2580; x_wconf 78' lang='lat' dir='ltr'><strong>perJaudabilem</strong></span> <span class='ocrx_word' id='word_1_176' title='bbox 1473 2533 1625 2570; x_wconf 83' lang='lat' dir='ltr'><strong>suam</strong></span> <span class='ocrx_word' id='word_1_177' title='bbox 1652 2521 2058 2574; x_wconf 79' lang='lat' dir='ltr'><strong>evacuatiom&#39;m</strong></span> <span class='ocrx_word' id='word_1_178' title='bbox 2083 2538 2096 2582; x_wconf 84' lang='lat'><strong>;</strong></span> 
     </span>
    </p>
   </div>
   <div class='ocr_carea' id='block_1_27' title="bbox 520 2599 2100 2673">
    <p class='ocr_par' dir='ltr' id='par_1_27' title="bbox 520 2599 2100 2673">
     <span class='ocr_line' id='line_1_27' title="bbox 520 2599 2100 2673; baseline 0.009 -21"><span class='ocrx_word' id='word_1_179' title='bbox 520 2599 858 2667; x_wconf 79' lang='lat' dir='ltr'><strong>Superfertur</strong></span> <span class='ocrx_word' id='word_1_180' title='bbox 897 2612 1075 2657; x_wconf 85' lang='lat' dir='ltr'><strong>autem</strong></span> <span class='ocrx_word' id='word_1_181' title='bbox 1107 2607 1263 2660; x_wconf 86' lang='lat' dir='ltr'><strong>nobis</strong></span> <span class='ocrx_word' id='word_1_182' title='bbox 1313 2606 1512 2662; x_wconf 89' lang='lat' dir='ltr'><strong>nebula</strong></span> <span class='ocrx_word' id='word_1_183' title='bbox 1573 2609 1856 2673; x_wconf 87' lang='lat' dir='ltr'><strong>salutaris,</strong></span> <span class='ocrx_word' id='word_1_184' title='bbox 1921 2611 2100 2668; x_wconf 87' lang='lat' dir='ltr'><strong>lucida</strong></span> 
     </span>
    </p>
   </div>
   <div class='ocr_carea' id='block_1_28' title="bbox 519 2684 2093 2771">
    <p class='ocr_par' dir='ltr' id='par_1_28' title="bbox 519 2684 2093 2771">
     <span class='ocr_line' id='line_1_28' title="bbox 519 2684 2093 2771; baseline 0.007 -27"><span class='ocrx_word' id='word_1_185' title='bbox 519 2690 660 2759; x_wconf 84' lang='lat' dir='ltr'><strong>ipsa,</strong></span> <span class='ocrx_word' id='word_1_186' title='bbox 689 2701 876 2762; x_wconf 85' lang='lat' dir='ltr'><strong>utpote</strong></span> <span class='ocrx_word' id='word_1_187' title='bbox 939 2711 1058 2766; x_wconf 84' lang='lat' dir='ltr'><strong>quae</strong></span> <span class='ocrx_word' id='word_1_188' title='bbox 1083 2697 1251 2753; x_wconf 90' lang='lat' dir='ltr'><strong>solem</strong></span> <span class='ocrx_word' id='word_1_189' title='bbox 1281 2696 1420 2751; x_wconf 86' lang='lat' dir='ltr'><strong>intra</strong></span> <span class='ocrx_word' id='word_1_190' title='bbox 1451 2713 1507 2752; x_wconf 90' lang='lat' dir='ltr'><strong>se</strong></span> <span class='ocrx_word' id='word_1_191' title='bbox 1538 2684 1779 2764; x_wconf 86' lang='lat' dir='ltr'><strong>inclusit,</strong></span> <span class='ocrx_word' id='word_1_192' title='bbox 1814 2709 1868 2756; x_wconf 92' lang='lat' dir='ltr'><strong>et</strong></span> <span class='ocrx_word' id='word_1_193' title='bbox 1913 2701 2093 2771; x_wconf 88' lang='lat' dir='ltr'><strong>pluvia</strong></span> 
     </span>
    </p>
   </div>
   <div class='ocr_carea' id='block_1_29' title="bbox 520 2785 2094 2860">
    <p class='ocr_par' dir='ltr' id='par_1_29' title="bbox 520 2785 2094 2860">
     <span class='ocr_line' id='line_1_29' title="bbox 520 2785 2094 2860; baseline 0.007 -23"><span class='ocrx_word' id='word_1_194' title='bbox 520 2785 735 2840; x_wconf 88' lang='lat' dir='ltr'><strong>nutrice</strong></span> <span class='ocrx_word' id='word_1_195' title='bbox 761 2786 948 2842; x_wconf 89' lang='lat' dir='ltr'><strong>mundi</strong></span> <span class='ocrx_word' id='word_1_196' title='bbox 998 2787 1148 2856; x_wconf 66' lang='lat' dir='ltr'><strong>(tnta,</strong></span> <span class='ocrx_word' id='word_1_197' title='bbox 1176 2805 1297 2859; x_wconf 75' lang='lat' dir='ltr'><strong>quae</strong></span> <span class='ocrx_word' id='word_1_198' title='bbox 1339 2791 1538 2846; x_wconf 81' lang='lat' dir='ltr'><strong>exinde</strong></span> <span class='ocrx_word' id='word_1_199' title='bbox 1583 2792 1767 2846; x_wconf 86' lang='lat' dir='ltr'><strong>subito</strong></span> <span class='ocrx_word' id='word_1_200' title='bbox 1809 2793 2094 2860; x_wconf 80' lang='lat' dir='ltr'><strong>inclinata,</strong></span> 
     </span>
    </p>
   </div>
   <div class='ocr_carea' id='block_1_30' title="bbox 521 2873 2088 2949">
    <p class='ocr_par' dir='ltr' id='par_1_30' title="bbox 521 2873 2088 2949">
     <span class='ocr_line' id='line_1_30' title="bbox 521 2873 2088 2949; baseline 0.009 -25"><span class='ocrx_word' id='word_1_201' title='bbox 521 2873 673 2926; x_wconf 90' lang='lat' dir='ltr'><strong>nullo</strong></span> <span class='ocrx_word' id='word_1_202' title='bbox 707 2876 866 2929; x_wconf 88' lang='lat' dir='ltr'><strong>modo</strong></span> <span class='ocrx_word' id='word_1_203' title='bbox 895 2885 1072 2932; x_wconf 76' lang='lat' dir='ltr'><strong>ceSSat</strong></span> <span class='ocrx_word' id='word_1_204' title='bbox 1102 2880 1360 2934; x_wconf 89' lang='lat' dir='ltr'><strong>mundum</strong></span> <span class='ocrx_word' id='word_1_205' title='bbox 1393 2895 1580 2934; x_wconf 89' lang='lat' dir='ltr'><strong>verum</strong></span> <span class='ocrx_word' id='word_1_206' title='bbox 1623 2881 1962 2949; x_wconf 80' lang='lat' dir='ltr'><strong>spiritualem</strong></span> <span class='ocrx_word' id='word_1_207' title='bbox 1992 2887 2088 2939; x_wconf 86' lang='lat' dir='ltr'><strong>ho—</strong></span> 
     </span>
    </p>
   </div>
   <div class='ocr_carea' id='block_1_31' title="bbox 522 2965 1402 3035">
    <p class='ocr_par' dir='ltr' id='par_1_31' title="bbox 522 2965 1402 3035">
     <span class='ocr_line' id='line_1_31' title="bbox 522 2965 1402 3035; baseline 0.007 -17"><span class='ocrx_word' id='word_1_208' title='bbox 522 2965 720 3019; x_wconf 89' lang='lat' dir='ltr'><strong>minem</strong></span> <span class='ocrx_word' id='word_1_209' title='bbox 758 2968 999 3035; x_wconf 81' lang='lat' dir='ltr'><strong>Opimare</strong></span> <span class='ocrx_word' id='word_1_210' title='bbox 1027 2979 1076 3022; x_wconf 86' lang='lat' dir='ltr'><strong>et</strong></span> <span class='ocrx_word' id='word_1_211' title='bbox 1103 2969 1402 3024; x_wconf 76' lang='lat' dir='ltr'><strong>viviticare.</strong></span> 
     </span>
    </p>
   </div>
   <div class='ocr_carea' id='block_1_32' title="bbox 590 3142 2102 3221">
    <p class='ocr_par' dir='ltr' id='par_1_32' title="bbox 590 3142 2102 3221">
     <span class='ocr_line' id='line_1_32' title="bbox 590 3142 2102 3221; baseline 0.007 -25"><span class='ocrx_word' id='word_1_212' title='bbox 590 3142 910 3199; x_wconf 72' lang='lat' dir='ltr'><strong>27.1’alihus</strong></span> <span class='ocrx_word' id='word_1_213' title='bbox 926 3144 1104 3201; x_wconf 85' lang='lat' dir='ltr'><strong>verbis</strong></span> <span class='ocrx_word' id='word_1_214' title='bbox 1117 3146 1355 3205; x_wconf 68' lang='lat' dir='ltr'><strong>densata:</strong></span> <span class='ocrx_word' id='word_1_215' title='bbox 1375 3163 1542 3204; x_wconf 70' lang='lat' dir='ltr'><strong>sacra:</strong></span> <span class='ocrx_word' id='word_1_216' title='bbox 1564 3150 1860 3221; x_wconf 74' lang='lat' dir='ltr'><strong>Scripturae</strong></span> <span class='ocrx_word' id='word_1_217' title='bbox 1877 3151 2102 3209; x_wconf 80' lang='lat' dir='ltr'><strong>fulcitur</strong></span> 
     </span>
    </p>
   </div>
   <div class='ocr_carea' id='block_1_33' title="bbox 520 3234 2104 3313">
    <p class='ocr_par' dir='ltr' id='par_1_33' title="bbox 520 3234 2104 3313">
     <span class='ocr_line' id='line_1_33' title="bbox 520 3234 2104 3313; baseline 0.007 -25"><span class='ocrx_word' id='word_1_218' title='bbox 520 3234 754 3306; x_wconf 86' lang='lat' dir='ltr'><strong>quodam</strong></span> <span class='ocrx_word' id='word_1_219' title='bbox 819 3235 980 3290; x_wconf 86' lang='lat' dir='ltr'><strong>modo</strong></span> <span class='ocrx_word' id='word_1_220' title='bbox 1028 3237 1346 3308; x_wconf 70' lang='lat' dir='ltr'><strong>praedictum</strong></span> <span class='ocrx_word' id='word_1_221' title='bbox 1373 3242 1598 3300; x_wconf 82' lang='lat' dir='ltr'><strong>verbum</strong></span> <span class='ocrx_word' id='word_1_222' title='bbox 1624 3244 1857 3313; x_wconf 74' lang='lat' dir='ltr'><strong>effunde.</strong></span> <span class='ocrx_word' id='word_1_223' title='bbox 1911 3244 2011 3299; x_wconf 84' lang='lat' dir='ltr'><strong>Hic</strong></span> <span class='ocrx_word' id='word_1_224' title='bbox 2051 3245 2104 3299; x_wconf 91' lang='lat' dir='ltr'><strong>in</strong></span> 
     </span>
    </p>
   </div>
   <div class='ocr_carea' id='block_1_34' title="bbox 520 3327 2108 3405">
    <p class='ocr_par' dir='ltr' id='par_1_34' title="bbox 520 3327 2108 3405">
     <span class='ocr_line' id='line_1_34' title="bbox 520 3327 2108 3405; baseline 0.006 -21"><span class='ocrx_word' id='word_1_225' title='bbox 520 3335 702 3384; x_wconf 87' lang='lat' dir='ltr'><strong>mente</strong></span> <span class='ocrx_word' id='word_1_226' title='bbox 718 3327 1026 3383; x_wconf 83' lang='lat' dir='ltr'><strong>habendum</strong></span> <span class='ocrx_word' id='word_1_227' title='bbox 1060 3329 1204 3400; x_wconf 85' lang='lat' dir='ltr'><strong>quod</strong></span> <span class='ocrx_word' id='word_1_228' title='bbox 1243 3333 1464 3388; x_wconf 82' lang='lat' dir='ltr'><strong>verbum</strong></span> <span class='ocrx_word' id='word_1_229' title='bbox 1496 3334 1598 3389; x_wconf 90' lang='lat' dir='ltr'><strong>hoc</strong></span> <span class='ocrx_word' id='word_1_230' title='bbox 1627 3350 1726 3405; x_wconf 90' lang='lat' dir='ltr'><strong>pro</strong></span> <span class='ocrx_word' id='word_1_231' title='bbox 1745 3335 1954 3392; x_wconf 73' lang='lat' dir='ltr'><strong>cmlesti</strong></span> <span class='ocrx_word' id='word_1_232' title='bbox 1988 3352 2108 3393; x_wconf 85' lang='lat' dir='ltr'><strong>rure</strong></span> 
     </span>
    </p>
   </div>
   <div class='ocr_carea' id='block_1_35' title="bbox 521 3422 2107 3498">
    <p class='ocr_par' dir='ltr' id='par_1_35' title="bbox 521 3422 2107 3498">
     <span class='ocr_line' id='line_1_35' title="bbox 521 3422 2107 3498; baseline 0.005 -23"><span class='ocrx_word' id='word_1_233' title='bbox 521 3422 784 3490; x_wconf 82' lang='lat' dir='ltr'><strong>scriptum</strong></span> <span class='ocrx_word' id='word_1_234' title='bbox 803 3429 910 3487; x_wconf 89' lang='lat' dir='ltr'><strong>est,</strong></span> <span class='ocrx_word' id='word_1_235' title='bbox 939 3431 995 3475; x_wconf 92' lang='lat' dir='ltr'><strong>ut</strong></span> <span class='ocrx_word' id='word_1_236' title='bbox 1015 3438 1118 3476; x_wconf 90' lang='lat' dir='ltr'><strong>non</strong></span> <span class='ocrx_word' id='word_1_237' title='bbox 1148 3423 1324 3478; x_wconf 91' lang='lat' dir='ltr'><strong>solum</strong></span> <span class='ocrx_word' id='word_1_238' title='bbox 1357 3422 1525 3482; x_wconf 82' lang='lat' dir='ltr'><strong>Filius</strong></span> <span class='ocrx_word' id='word_1_239' title='bbox 1541 3425 1792 3482; x_wconf 86' lang='lat' dir='ltr'><strong>credatur</strong></span> <span class='ocrx_word' id='word_1_240' title='bbox 1814 3429 1994 3498; x_wconf 87' lang='lat' dir='ltr'><strong>pluvia</strong></span> <span class='ocrx_word' id='word_1_241' title='bbox 2021 3428 2107 3483; x_wconf 81' lang='lat' dir='ltr'><strong>ef-</strong></span> 
     </span>
    </p>
   </div>
   <div class='ocr_carea' id='block_1_36' title="bbox 525 3513 2106 3590">
    <p class='ocr_par' dir='ltr' id='par_1_36' title="bbox 525 3513 2106 3590">
     <span class='ocr_line' id='line_1_36' title="bbox 525 3513 2106 3590; baseline 0.005 -24"><span class='ocrx_word' id='word_1_242' title='bbox 525 3513 648 3567; x_wconf 79' lang='lat' dir='ltr'><strong>fusa</strong></span> <span class='ocrx_word' id='word_1_243' title='bbox 706 3529 873 3584; x_wconf 84' lang='lat' dir='ltr'><strong>super</strong></span> <span class='ocrx_word' id='word_1_244' title='bbox 949 3515 1118 3569; x_wconf 57' lang='lat' dir='ltr'><strong>&#39;ellus</strong></span> <span class='ocrx_word' id='word_1_245' title='bbox 1183 3516 1284 3572; x_wconf 93' lang='lat' dir='ltr'><strong>hoc</strong></span> <span class='ocrx_word' id='word_1_246' title='bbox 1334 3517 1738 3587; x_wconf 87' lang='lat' dir='ltr'><strong>purissimum,’</strong></span> <span class='ocrx_word' id='word_1_247' title='bbox 1776 3520 1874 3576; x_wconf 90' lang='lat' dir='ltr'><strong>sed</strong></span> <span class='ocrx_word' id='word_1_248' title='bbox 1923 3521 2106 3590; x_wconf 84' lang='lat' dir='ltr'><strong>pluvia</strong></span> 
     </span>
    </p>
   </div>
   <div class='ocr_carea' id='block_1_37' title="bbox 525 3605 2107 3684">
    <p class='ocr_par' dir='ltr' id='par_1_37' title="bbox 525 3605 2107 3684">
     <span class='ocr_line' id='line_1_37' title="bbox 525 3605 2107 3684; baseline 0.005 -27"><span class='ocrx_word' id='word_1_249' title='bbox 525 3605 826 3663; x_wconf 81' lang='lat' dir='ltr'><strong>voluntaria</strong></span> <span class='ocrx_word' id='word_1_250' title='bbox 852 3614 906 3660; x_wconf 88' lang='lat' dir='ltr'><strong>et</strong></span> <span class='ocrx_word' id='word_1_251' title='bbox 929 3615 1112 3676; x_wconf 85' lang='lat' dir='ltr'><strong>optata</strong></span> <span class='ocrx_word' id='word_1_252' title='bbox 1163 3607 1306 3663; x_wconf 87' lang='lat' dir='ltr'><strong>silet</strong></span> <span class='ocrx_word' id='word_1_253' title='bbox 1346 3608 1607 3684; x_wconf 54' lang='lat' dir='ltr'><strong>Spiritus;</strong></span> <span class='ocrx_word' id='word_1_254' title='bbox 1631 3621 1854 3667; x_wconf 84' lang='lat' dir='ltr'><strong>sanctus</strong></span> <span class='ocrx_word' id='word_1_255' title='bbox 1878 3621 1937 3666; x_wconf 90' lang='lat' dir='ltr'><strong>ut</strong></span> <span class='ocrx_word' id='word_1_256' title='bbox 1977 3612 2107 3666; x_wconf 87' lang='lat' dir='ltr'><strong>olim</strong></span> 
     </span>
    </p>
   </div>
   <div class='ocr_carea' id='block_1_38' title="bbox 527 3697 2107 3769">
    <p class='ocr_par' dir='ltr' id='par_1_38' title="bbox 527 3697 2107 3769">
     <span class='ocr_line' id='line_1_38' title="bbox 527 3697 2107 3769; baseline 0.005 -19"><span class='ocrx_word' id='word_1_257' title='bbox 527 3707 580 3750; x_wconf 86' lang='lat' dir='ltr'><strong>et</strong></span> <span class='ocrx_word' id='word_1_258' title='bbox 605 3705 800 3768; x_wconf 74' lang='lat' dir='ltr'><strong>postea</strong></span> <span class='ocrx_word' id='word_1_259' title='bbox 820 3697 874 3752; x_wconf 90' lang='lat' dir='ltr'><strong>in</strong></span> <span class='ocrx_word' id='word_1_260' title='bbox 899 3711 1118 3755; x_wconf 86' lang='lat' dir='ltr'><strong>sanctos</strong></span> <span class='ocrx_word' id='word_1_261' title='bbox 1143 3700 1441 3769; x_wconf 80' lang='lat' dir='ltr'><strong>apostolos,</strong></span> <span class='ocrx_word' id='word_1_262' title='bbox 1463 3702 1536 3756; x_wconf 91' lang='lat' dir='ltr'><strong>ita</strong></span> <span class='ocrx_word' id='word_1_263' title='bbox 1558 3709 1613 3757; x_wconf 92' lang='lat' dir='ltr'><strong>et</strong></span> <span class='ocrx_word' id='word_1_264' title='bbox 1635 3718 1780 3758; x_wconf 91' lang='lat' dir='ltr'><strong>nunc</strong></span> <span class='ocrx_word' id='word_1_265' title='bbox 1809 3703 1864 3758; x_wconf 91' lang='lat' dir='ltr'><strong>in</strong></span> <span class='ocrx_word' id='word_1_266' title='bbox 1890 3718 2107 3759; x_wconf 76' lang='lat' dir='ltr'><strong>omnem</strong></span> 
     </span>
    </p>
   </div>
   <div class='ocr_carea' id='block_1_39' title="bbox 525 3786 2100 3849">
    <p class='ocr_par' dir='ltr' id='par_1_39' title="bbox 525 3786 2100 3849">
     <span class='ocr_line' id='line_1_39' title="bbox 525 3786 2100 3849; baseline 0.004 -7"><span class='ocrx_word' id='word_1_267' title='bbox 525 3786 894 3844; x_wconf 86' lang='lat' dir='ltr'><strong>Christianam</strong></span> <span class='ocrx_word' id='word_1_268' title='bbox 950 3799 1257 3845; x_wconf 88' lang='lat' dir='ltr'><strong>creaturam</strong></span> <span class='ocrx_word' id='word_1_269' title='bbox 1285 3789 1517 3847; x_wconf 77' lang='lat' dir='ltr'><strong>effusus.</strong></span> <span class='ocrx_word' id='word_1_270' title='bbox 1581 3792 1656 3848; x_wconf 84' lang='lat' dir='ltr'><strong>Ex</strong></span> <span class='ocrx_word' id='word_1_271' title='bbox 1721 3795 1891 3849; x_wconf 85' lang='lat' dir='ltr'><strong>verbo</strong></span> <span class='ocrx_word' id='word_1_272' title='bbox 1917 3801 2100 3849; x_wconf 87' lang='lat' dir='ltr'><strong>autem</strong></span> 
     </span>
    </p>
   </div>
   <div class='ocr_carea' id='block_1_40' title="bbox 523 3880 2110 3958">
    <p class='ocr_par' dir='ltr' id='par_1_40' title="bbox 523 3880 2110 3958">
     <span class='ocr_line' id='line_1_40' title="bbox 523 3880 2110 3958; baseline 0.006 -26"><span class='ocrx_word' id='word_1_273' title='bbox 523 3880 758 3950; x_wconf 53' lang='lat' dir='ltr'><strong>agundo,</strong></span> <span class='ocrx_word' id='word_1_274' title='bbox 781 3887 840 3936; x_wconf 91' lang='lat' dir='ltr'><strong>ut</strong></span> <span class='ocrx_word' id='word_1_275' title='bbox 866 3881 1072 3938; x_wconf 88' lang='lat' dir='ltr'><strong>dictum</strong></span> <span class='ocrx_word' id='word_1_276' title='bbox 1100 3891 1205 3948; x_wconf 74' lang='grc' dir='ltr'>εει,</span> <span class='ocrx_word' id='word_1_277' title='bbox 1224 3890 1280 3938; x_wconf 90' lang='lat' dir='ltr'><strong>et</strong></span> <span class='ocrx_word' id='word_1_278' title='bbox 1310 3883 1505 3940; x_wconf 79' lang='lat' dir='ltr'><strong>etIusio</strong></span> <span class='ocrx_word' id='word_1_279' title='bbox 1530 3885 1816 3956; x_wconf 83' lang='lat' dir='ltr'><strong>sapientiae</strong></span> <span class='ocrx_word' id='word_1_280' title='bbox 1840 3886 1894 3941; x_wconf 93' lang='lat' dir='ltr'><strong>in</strong></span> <span class='ocrx_word' id='word_1_281' title='bbox 1916 3887 2110 3958; x_wconf 75' lang='lat' dir='ltr'><strong>dignos</strong></span> 
     </span>
    </p>
   </div>
   <div class='ocr_carea' id='block_1_41' title="bbox 524 3973 2111 4047">
    <p class='ocr_par' dir='ltr' id='par_1_41' title="bbox 524 3973 2111 4047">
     <span class='ocr_line' id='line_1_41' title="bbox 524 3973 2111 4047; baseline 0.003 -20"><span class='ocrx_word' id='word_1_282' title='bbox 524 3973 692 4028; x_wconf 87' lang='lat' dir='ltr'><strong>missa</strong></span> <span class='ocrx_word' id='word_1_283' title='bbox 713 3980 817 4038; x_wconf 88' lang='lat' dir='ltr'><strong>est,</strong></span> <span class='ocrx_word' id='word_1_284' title='bbox 850 3973 1094 4030; x_wconf 73' lang='lat' dir='ltr'><strong>etomnis</strong></span> <span class='ocrx_word' id='word_1_285' title='bbox 1131 3973 1430 4043; x_wconf 88' lang='lat' dir='ltr'><strong>spirituaiis</strong></span> <span class='ocrx_word' id='word_1_286' title='bbox 1454 3975 1639 4031; x_wconf 85' lang='lat' dir='ltr'><strong>laetitia</strong></span> <span class='ocrx_word' id='word_1_287' title='bbox 1671 3986 1725 4031; x_wconf 90' lang='lat' dir='ltr'><strong>et</strong></span> <span class='ocrx_word' id='word_1_288' title='bbox 1769 3977 1943 4047; x_wconf 70' lang='lat' dir='ltr'><strong>gratia</strong></span> <span class='ocrx_word' id='word_1_289' title='bbox 1988 3977 2111 4032; x_wconf 91' lang='lat' dir='ltr'><strong>inde</strong></span> 
     </span>
    </p>
   </div>
   <div class='ocr_carea' id='block_1_42' title="bbox 527 4063 2112 4124">
    <p class='ocr_par' dir='ltr' id='par_1_42' title="bbox 527 4063 2112 4124">
     <span class='ocr_line' id='line_1_42' title="bbox 527 4063 2112 4124; baseline 0.004 -8"><span class='ocrx_word' id='word_1_290' title='bbox 527 4064 580 4116; x_wconf 93' lang='lat' dir='ltr'><strong>in</strong></span> <span class='ocrx_word' id='word_1_291' title='bbox 613 4064 773 4119; x_wconf 88' lang='lat' dir='ltr'><strong>labiis</strong></span> <span class='ocrx_word' id='word_1_292' title='bbox 796 4065 1000 4120; x_wconf 88' lang='lat' dir='ltr'><strong>sanctis</strong></span> <span class='ocrx_word' id='word_1_293' title='bbox 1023 4063 1208 4119; x_wconf 72' lang='lat' dir='ltr'><strong>etiusae</strong></span> <span class='ocrx_word' id='word_1_294' title='bbox 1237 4076 1387 4120; x_wconf 86' lang='lat' dir='ltr'><strong>sunt.</strong></span> <span class='ocrx_word' id='word_1_295' title='bbox 1422 4067 1479 4121; x_wconf 90' lang='lat' dir='ltr'><strong>Si</strong></span> <span class='ocrx_word' id='word_1_296' title='bbox 1508 4075 1687 4122; x_wconf 89' lang='lat' dir='ltr'><strong>autem</strong></span> <span class='ocrx_word' id='word_1_297' title='bbox 1729 4067 2112 4124; x_wconf 87' lang='lat' dir='ltr'><strong>intermiscen—</strong></span> 
     </span>
    </p>
   </div>
   <div class='ocr_carea' id='block_1_43' title="bbox 525 4155 2110 4230">
    <p class='ocr_par' dir='ltr' id='par_1_43' title="bbox 525 4155 2110 4230">
     <span class='ocr_line' id='line_1_43' title="bbox 525 4155 2110 4230; baseline 0.003 -19"><span class='ocrx_word' id='word_1_298' title='bbox 525 4157 653 4211; x_wconf 90' lang='lat' dir='ltr'><strong>dum</strong></span> <span class='ocrx_word' id='word_1_299' title='bbox 688 4157 758 4210; x_wconf 91' lang='lat' dir='ltr'><strong>sit</strong></span> <span class='ocrx_word' id='word_1_300' title='bbox 780 4156 984 4224; x_wconf 86' lang='lat' dir='ltr'><strong>aliquid</strong></span> <span class='ocrx_word' id='word_1_301' title='bbox 1015 4155 1324 4220; x_wconf 90' lang='lat' dir='ltr'><strong>aliud,inde</strong></span> <span class='ocrx_word' id='word_1_302' title='bbox 1348 4159 1523 4212; x_wconf 90' lang='lat' dir='ltr'><strong>oritur</strong></span> <span class='ocrx_word' id='word_1_303' title='bbox 1549 4158 1883 4215; x_wconf 80' lang='lat' dir='ltr'><strong>lsraeliticus</strong></span> <span class='ocrx_word' id='word_1_304' title='bbox 1913 4161 2110 4230; x_wconf 72' lang='lat' dir='ltr'><strong>vulgus</strong></span> 
     </span>
    </p>
   </div>
   <div class='ocr_carea' id='block_1_44' title="bbox 524 4245 2107 4318">
    <p class='ocr_par' dir='ltr' id='par_1_44' title="bbox 524 4245 2107 4318">
     <span class='ocr_line' id='line_1_44' title="bbox 524 4245 2107 4318; baseline 0.003 -18"><span class='ocrx_word' id='word_1_305' title='bbox 524 4246 743 4317; x_wconf 80' lang='lat' dir='ltr'><strong>quando</strong></span> <span class='ocrx_word' id='word_1_306' title='bbox 770 4246 1114 4315; x_wconf 88' lang='lat' dir='ltr'><strong>multiplicati</strong></span> <span class='ocrx_word' id='word_1_307' title='bbox 1153 4247 1208 4299; x_wconf 93' lang='lat' dir='ltr'><strong>in</strong></span> <span class='ocrx_word' id='word_1_308' title='bbox 1247 4245 1482 4318; x_wconf 75' lang='lat' dir='ltr'><strong>ASgypto</strong></span> <span class='ocrx_word' id='word_1_309' title='bbox 1540 4250 1684 4304; x_wconf 85' lang='lat' dir='ltr'><strong>sicut</strong></span> <span class='ocrx_word' id='word_1_310' title='bbox 1734 4264 1899 4304; x_wconf 84' lang='lat' dir='ltr'><strong>arena</strong></span> <span class='ocrx_word' id='word_1_311' title='bbox 1939 4252 2107 4305; x_wconf 89' lang='lat' dir='ltr'><strong>maris</strong></span> 
     </span>
    </p>
   </div>
   <div class='ocr_carea' id='block_1_45' title="bbox 527 4339 2106 4407">
    <p class='ocr_par' dir='ltr' id='par_1_45' title="bbox 527 4339 2106 4407">
     <span class='ocr_line' id='line_1_45' title="bbox 527 4339 2106 4407; baseline 0.004 -16"><span class='ocrx_word' id='word_1_312' title='bbox 527 4347 728 4391; x_wconf 89' lang='lat' dir='ltr'><strong>terram</strong></span> <span class='ocrx_word' id='word_1_313' title='bbox 765 4345 931 4393; x_wconf 88' lang='lat' dir='ltr'><strong>totam</strong></span> <span class='ocrx_word' id='word_1_314' title='bbox 963 4339 1330 4407; x_wconf 87' lang='lat' dir='ltr'><strong>repleverunt.</strong></span> <span class='ocrx_word' id='word_1_315' title='bbox 1362 4340 1544 4394; x_wconf 84' lang='lat' dir='ltr'><strong>Talem</strong></span> <span class='ocrx_word' id='word_1_316' title='bbox 1580 4351 1763 4395; x_wconf 89' lang='lat' dir='ltr'><strong>autem</strong></span> <span class='ocrx_word' id='word_1_317' title='bbox 1823 4343 2106 4398; x_wconf 78' lang='lat' dir='ltr'><strong>caelestem</strong></span> 
     </span>
    </p>
   </div>
   <div class='ocr_carea' id='block_1_46' title="bbox 526 4428 2108 4498">
    <p class='ocr_par' dir='ltr' id='par_1_46' title="bbox 526 4428 2108 4498">
     <span class='ocr_line' id='line_1_46' title="bbox 526 4428 2108 4498; baseline 0.002 -15"><span class='ocrx_word' id='word_1_318' title='bbox 526 4429 842 4484; x_wconf 77' lang='lat' dir='ltr'><strong>etfusionem</strong></span> <span class='ocrx_word' id='word_1_319' title='bbox 865 4428 1073 4483; x_wconf 86' lang='lat' dir='ltr'><strong>dulcem</strong></span> <span class='ocrx_word' id='word_1_320' title='bbox 1107 4437 1162 4484; x_wconf 93' lang='lat' dir='ltr'><strong>et</strong></span> <span class='ocrx_word' id='word_1_321' title='bbox 1215 4431 1390 4486; x_wconf 66' lang='lat' dir='ltr'><strong>laetam</strong></span> <span class='ocrx_word' id='word_1_322' title='bbox 1439 4431 1949 4498; x_wconf 68' lang='lat' dir='ltr'><strong>etgconsolatricem</strong></span> <span class='ocrx_word' id='word_1_323' title='bbox 2011 4433 2108 4486; x_wconf 87' lang='lat' dir='ltr'><strong>ha-</strong></span> 
     </span>
    </p>
   </div>
   <div class='ocr_carea' id='block_1_47' title="bbox 1220 301 3765 394">
    <p class='ocr_par' dir='ltr' id='par_1_47' title="bbox 1220 301 3765 394">
     <span class='ocr_line' id='line_1_47' title="bbox 1220 301 3765 394; baseline 0.013 -34"><span class='ocrx_word' id='word_1_324' title='bbox 1220 301 1633 362; x_wconf 74' lang='lat' dir='ltr'><strong>EUSTATHII</strong></span> <span class='ocrx_word' id='word_1_325' title='bbox 1673 304 2431 376; x_wconf 77' lang='lat' dir='ltr'><strong>THESSALONICENSIS</strong></span> <span class='ocrx_word' id='word_1_326' title='bbox 2483 317 3056 384; x_wconf 75' lang='lat' dir='ltr'><strong>METROPOLlT/E</strong></span> <span class='ocrx_word' id='word_1_327' title='bbox 3658 329 3765 394; x_wconf 68' lang='lat' dir='ltr'><strong>5H</strong></span> 
     </span>
    </p>
   </div>
   <div class='ocr_carea' id='block_1_48' title="bbox 3658 359 3687 389">
    <p class='ocr_par' dir='ltr' id='par_1_48' title="bbox 3658 359 3687 389">
     <span class='ocr_line' id='line_1_48' title="bbox 3658 359 3687 389; baseline 0.034 -1"><span class='ocrx_word' id='word_1_328' title='bbox 3658 359 3687 389; x_wconf 68' lang='grc' dir='ltr'><strong>ὅ)</strong></span> 
     </span>
    </p>
   </div>
   <div class='ocr_carea' id='block_1_49' title="bbox 2837 436 3778 511">
    <p class='ocr_par' dir='ltr' id='par_1_49' title="bbox 2837 436 3778 511">
     <span class='ocr_line' id='line_1_49' title="bbox 2837 436 3778 511; baseline 0.01 -23"><span class='ocrx_word' id='word_1_329' title='bbox 2837 436 3062 507; x_wconf 82' lang='grc' dir='ltr'><strong>Πνεῦμα</strong></span> <span class='ocrx_word' id='word_1_330' title='bbox 3119 438 3414 507; x_wconf 70' lang='grc' dir='ltr'><strong>ἐκκέχυται</strong></span> <span class='ocrx_word' id='word_1_331' title='bbox 3459 440 3647 511; x_wconf 69' lang='grc' dir='ltr'>ὥσπερ</span> <span class='ocrx_word' id='word_1_332' title='bbox 3697 448 3778 508; x_wconf 73' lang='grc' dir='ltr'><strong>είς</strong></span> 
     </span>
    </p>
   </div>
   <div class='ocr_carea' id='block_1_50' title="bbox 2201 523 3779 601">
    <p class='ocr_par' dir='ltr' id='par_1_50' title="bbox 2201 523 3779 601">
     <span class='ocr_line' id='line_1_50' title="bbox 2201 523 3779 601; baseline 0.009 -27"><span class='ocrx_word' id='word_1_333' title='bbox 2201 523 2330 586; x_wconf 87' lang='grc' dir='ltr'>τοὺς</span> <span class='ocrx_word' id='word_1_334' title='bbox 2351 524 2473 578; x_wconf 83' lang='grc' dir='ltr'>τότε</span> <span class='ocrx_word' id='word_1_335' title='bbox 2516 526 2727 594; x_wconf 77' lang='grc' dir='ltr'><strong>ἁγίους,</strong></span> <span class='ocrx_word' id='word_1_336' title='bbox 2772 529 2948 593; x_wconf 77' lang='grc' dir='ltr'>οὕτως</span> <span class='ocrx_word' id='word_1_337' title='bbox 2983 531 3077 583; x_wconf 74' lang='grc' dir='ltr'><strong>καὶ</strong></span> <span class='ocrx_word' id='word_1_338' title='bbox 3106 531 3186 592; x_wconf 82' lang='grc' dir='ltr'><strong>είς</strong></span> <span class='ocrx_word' id='word_1_339' title='bbox 3221 533 3347 593; x_wconf 81' lang='grc' dir='ltr'>τοὺς</span> <span class='ocrx_word' id='word_1_340' title='bbox 3388 534 3503 601; x_wconf 84' lang='grc' dir='ltr'>μετ’</span> <span class='ocrx_word' id='word_1_341' title='bbox 3536 535 3779 599; x_wconf 79' lang='grc' dir='ltr'><strong>ἐκείνους</strong></span> 
     </span>
    </p>
   </div>
   <div class='ocr_carea' id='block_1_51' title="bbox 2201 616 3781 696">
    <p class='ocr_par' dir='ltr' id='par_1_51' title="bbox 2201 616 3781 696">
     <span class='ocr_line' id='line_1_51' title="bbox 2201 616 3781 696; baseline 0.008 -27"><span class='ocrx_word' id='word_1_342' title='bbox 2201 616 2296 670; x_wconf 77' lang='grc' dir='ltr'>καὶ</span> <span class='ocrx_word' id='word_1_343' title='bbox 2327 616 2433 681; x_wconf 77' lang='grc' dir='ltr'>ἕως</span> <span class='ocrx_word' id='word_1_344' title='bbox 2460 621 2555 672; x_wconf 82' lang='grc' dir='ltr'>καὶ</span> <span class='ocrx_word' id='word_1_345' title='bbox 2598 622 2678 684; x_wconf 89' lang='grc' dir='ltr'><strong>είς</strong></span> <span class='ocrx_word' id='word_1_346' title='bbox 2708 621 2854 691; x_wconf 76' lang='grc' dir='ltr'>ἡμᾶς</span> <span class='ocrx_word' id='word_1_347' title='bbox 2875 638 2892 652; x_wconf 75' lang='grc' dir='ltr'>ο</span> <span class='ocrx_word' id='word_1_348' title='bbox 2939 623 2985 675; x_wconf 86' lang='grc' dir='ltr'>εἰ</span> <span class='ocrx_word' id='word_1_349' title='bbox 3019 623 3076 676; x_wconf 71' lang='grc' dir='ltr'><strong>δὲ</strong></span> <span class='ocrx_word' id='word_1_350' title='bbox 3117 623 3562 696; x_wconf 75' lang='grc' dir='ltr'>ποτάμιον’χύμα</span> <span class='ocrx_word' id='word_1_351' title='bbox 3599 630 3781 695; x_wconf 65' lang='grc' dir='ltr'>φιλοῦ-</span> 
     </span>
    </p>
   </div>
   <div class='ocr_carea' id='block_1_52' title="bbox 2205 710 3778 782">
    <p class='ocr_par' dir='ltr' id='par_1_52' title="bbox 2205 710 3778 782">
     <span class='ocr_line' id='line_1_52' title="bbox 2205 710 3778 782; baseline 0.008 -21"><span class='ocrx_word' id='word_1_352' title='bbox 2205 726 2304 777; x_wconf 88' lang='grc' dir='ltr'><strong>μεν</strong></span> <span class='ocrx_word' id='word_1_353' title='bbox 2336 710 2605 782; x_wconf 74' lang='grc' dir='ltr'><strong>ἀργύρεον</strong></span> <span class='ocrx_word' id='word_1_354' title='bbox 2645 713 2845 781; x_wconf 76' lang='grc' dir='ltr'>λέγειν,</span> <span class='ocrx_word' id='word_1_355' title='bbox 2893 713 2976 767; x_wconf 77' lang='grc' dir='ltr'><strong>ἔτι</strong></span> <span class='ocrx_word' id='word_1_356' title='bbox 3009 714 3066 768; x_wconf 76' lang='grc' dir='ltr'><strong>δὲ</strong></span> <span class='ocrx_word' id='word_1_357' title='bbox 3107 717 3203 768; x_wconf 74' lang='grc' dir='ltr'>καὶ</span> <span class='ocrx_word' id='word_1_358' title='bbox 3246 716 3414 772; x_wconf 81' lang='grc' dir='ltr'>καλὸν</span> <span class='ocrx_word' id='word_1_359' title='bbox 3451 720 3545 773; x_wconf 80' lang='grc' dir='ltr'>καὶ</span> <span class='ocrx_word' id='word_1_360' title='bbox 3591 722 3778 774; x_wconf 77' lang='grc' dir='ltr'>λευκὸν</span> 
     </span>
    </p>
   </div>
   <div class='ocr_carea' id='block_1_53' title="bbox 2201 804 3778 882">
    <p class='ocr_par' dir='ltr' id='par_1_53' title="bbox 2201 804 3778 882">
     <span class='ocr_line' id='line_1_53' title="bbox 2201 804 3778 882; baseline 0.006 -26"><span class='ocrx_word' id='word_1_361' title='bbox 2201 804 2289 856; x_wconf 83' lang='grc' dir='ltr'>ὅτε</span> <span class='ocrx_word' id='word_1_362' title='bbox 2313 805 2413 873; x_wconf 72' lang='grc' dir='ltr'><strong>ἡδὺ</strong></span> <span class='ocrx_word' id='word_1_363' title='bbox 2443 805 2725 876; x_wconf 73' lang='grc' dir='ltr'>προρρἐι,</span> <span class='ocrx_word' id='word_1_364' title='bbox 2757 809 2910 860; x_wconf 77' lang='grc' dir='ltr'>ποῖον</span> <span class='ocrx_word' id='word_1_365' title='bbox 2934 807 3000 861; x_wconf 75' lang='grc' dir='ltr'>ἂν</span> <span class='ocrx_word' id='word_1_366' title='bbox 3023 807 3272 862; x_wconf 75' lang='grc' dir='ltr'>ἐπίθετον</span> <span class='ocrx_word' id='word_1_367' title='bbox 3302 815 3778 882; x_wconf 84' lang='grc' dir='ltr'>προσαρμόσωμεν</span> 
     </span>
    </p>
   </div>
   <div class='ocr_carea' id='block_1_54' title="bbox 2202 898 3778 980">
    <p class='ocr_par' dir='ltr' id='par_1_54' title="bbox 2202 898 3778 980">
     <span class='ocr_line' id='line_1_54' title="bbox 2202 898 3778 980; baseline 0.008 -30"><span class='ocrx_word' id='word_1_368' title='bbox 2202 898 2426 959; x_wconf 82' lang='grc' dir='ltr'>είκαίως</span> <span class='ocrx_word' id='word_1_369' title='bbox 2476 899 2555 968; x_wconf 82' lang='grc' dir='ltr'>τῷ</span> <span class='ocrx_word' id='word_1_370' title='bbox 2607 901 2884 972; x_wconf 76' lang='grc' dir='ltr'><strong>εἰρημένῳ</strong></span> <span class='ocrx_word' id='word_1_371' title='bbox 2926 904 3251 974; x_wconf 77' lang='grc' dir='ltr'><strong>προφητικῷ</strong></span> <span class='ocrx_word' id='word_1_372' title='bbox 3296 908 3531 976; x_wconf 85' lang='grc' dir='ltr'>χεύματι</span> <span class='ocrx_word' id='word_1_373' title='bbox 3563 911 3638 980; x_wconf 86' lang='grc' dir='ltr'>τῷ</span> <span class='ocrx_word' id='word_1_374' title='bbox 3667 913 3778 974; x_wconf 83' lang='grc' dir='ltr'>τοῖς</span> 
     </span>
    </p>
   </div>
   <div class='ocr_carea' id='block_1_55' title="bbox 2207 989 3778 1072">
    <p class='ocr_par' dir='ltr' id='par_1_55' title="bbox 2207 989 3778 1072">
     <span class='ocr_line' id='line_1_55' title="bbox 2207 989 3778 1072; baseline 0.008 -30"><span class='ocrx_word' id='word_1_375' title='bbox 2207 989 2383 1056; x_wconf 70' lang='grc' dir='ltr'>ἁγίοις</span> <span class='ocrx_word' id='word_1_376' title='bbox 2409 991 2727 1056; x_wconf 78' lang='grc' dir='ltr'><strong>ἀποστόλοις</strong></span> <span class='ocrx_word' id='word_1_377' title='bbox 2757 995 2980 1065; x_wconf 80' lang='grc' dir='ltr'>ποθητῷ</span> <span class='ocrx_word' id='word_1_378' title='bbox 3006 998 3147 1051; x_wconf 83' lang='grc' dir='ltr'>κατὰ</span> <span class='ocrx_word' id='word_1_379' title='bbox 3177 999 3276 1067; x_wconf 83' lang='grc' dir='ltr'>τὴν</span> <span class='ocrx_word' id='word_1_380' title='bbox 3310 1000 3464 1069; x_wconf 75' lang='grc' dir='ltr'>ἱερὰν</span> <span class='ocrx_word' id='word_1_381' title='bbox 3493 1001 3778 1072; x_wconf 76' lang='grc' dir='ltr'>μελῳδίαν,</span> 
     </span>
    </p>
   </div>
   <div class='ocr_carea' id='block_1_56' title="bbox 2201 1083 3782 1169">
    <p class='ocr_par' dir='ltr' id='par_1_56' title="bbox 2201 1083 3782 1169">
     <span class='ocr_line' id='line_1_56' title="bbox 2201 1083 3782 1169; baseline 0.011 -36"><span class='ocrx_word' id='word_1_382' title='bbox 2201 1083 2280 1152; x_wconf 85' lang='grc' dir='ltr'>τῷ</span> <span class='ocrx_word' id='word_1_383' title='bbox 2335 1083 2428 1134; x_wconf 75' lang='lat' dir='ltr'><strong>xui.</strong></span> <span class='ocrx_word' id='word_1_384' title='bbox 2469 1085 2625 1154; x_wconf 72' lang='grc' dir='ltr'>πυρὶ,</span> <span class='ocrx_word' id='word_1_385' title='bbox 2675 1085 2770 1138; x_wconf 75' lang='grc' dir='ltr'>καὶ</span> <span class='ocrx_word' id='word_1_386' title='bbox 2819 1086 3002 1156; x_wconf 71' lang='grc' dir='ltr'>φλογὶ,</span> <span class='ocrx_word' id='word_1_387' title='bbox 3058 1090 3153 1143; x_wconf 81' lang='grc' dir='ltr'>καὶ</span> <span class='ocrx_word' id='word_1_388' title='bbox 3199 1092 3338 1159; x_wconf 80' lang='grc' dir='ltr'>φωτὶ</span> <span class='ocrx_word' id='word_1_389' title='bbox 3384 1094 3782 1169; x_wconf 61' lang='grc' dir='ltr'>περιλάμψοντι</span> 
     </span>
    </p>
   </div>
   <div class='ocr_carea' id='block_1_57' title="bbox 2201 1174 2982 1247">
    <p class='ocr_par' dir='ltr' id='par_1_57' title="bbox 2201 1174 2982 1247">
     <span class='ocr_line' id='line_1_57' title="bbox 2201 1174 2982 1247; baseline 0.005 -19"><span class='ocrx_word' id='word_1_390' title='bbox 2201 1174 2400 1237; x_wconf 80' lang='grc' dir='ltr'>αὐτοὺς</span> <span class='ocrx_word' id='word_1_391' title='bbox 2429 1176 2511 1238; x_wconf 83' lang='grc' dir='ltr'><strong>είς</strong></span> <span class='ocrx_word' id='word_1_392' title='bbox 2539 1177 2722 1230; x_wconf 78' lang='grc' dir='ltr'>κοινὸν</span> <span class='ocrx_word' id='word_1_393' title='bbox 2744 1179 2982 1247; x_wconf 81' lang='grc' dir='ltr'>ἀγαθόν;</span> 
     </span>
    </p>
   </div>
   <div class='ocr_carea' id='block_1_58' title="bbox 2274 1265 3780 1348">
    <p class='ocr_par' dir='ltr' id='par_1_58' title="bbox 2274 1265 3780 1348">
     <span class='ocr_line' id='line_1_58' title="bbox 2274 1265 3780 1348; baseline 0.011 -30"><span class='ocrx_word' id='word_1_394' title='bbox 2274 1265 2387 1332; x_wconf 79' lang='grc' dir='ltr'>κς’.</span> <span class='ocrx_word' id='word_1_395' title='bbox 2432 1267 2630 1322; x_wconf 77' lang='grc' dir='ltr'>’ἰστέον</span> <span class='ocrx_word' id='word_1_396' title='bbox 2655 1271 2714 1324; x_wconf 79' lang='grc' dir='ltr'><strong>δὲ</strong></span> <span class='ocrx_word' id='word_1_397' title='bbox 2740 1271 2821 1324; x_wconf 79' lang='grc' dir='ltr'>ὅτι</span> <span class='ocrx_word' id='word_1_398' title='bbox 2849 1272 2988 1325; x_wconf 82' lang='grc' dir='ltr'>καθὰ</span> <span class='ocrx_word' id='word_1_399' title='bbox 3013 1275 3108 1327; x_wconf 62' lang='grc' dir='ltr'>καὶ</span> <span class='ocrx_word' id='word_1_400' title='bbox 3131 1277 3188 1327; x_wconf 83' lang='grc' dir='ltr'>ἐν</span> <span class='ocrx_word' id='word_1_401' title='bbox 3211 1279 3323 1339; x_wconf 83' lang='grc' dir='ltr'>τοῖς</span> <span class='ocrx_word' id='word_1_402' title='bbox 3355 1278 3483 1348; x_wconf 74' lang='grc' dir='ltr'><strong>ἑξῆς</strong></span> <span class='ocrx_word' id='word_1_403' title='bbox 3507 1283 3780 1348; x_wconf 74' lang='grc' dir='ltr'>φανεῖται,</span> 
     </span>
    </p>
   </div>
   <div class='ocr_carea' id='block_1_59' title="bbox 2199 1358 3780 1440">
    <p class='ocr_par' dir='ltr' id='par_1_59' title="bbox 2199 1358 3780 1440">
     <span class='ocr_line' id='line_1_59' title="bbox 2199 1358 3780 1440; baseline 0.009 -28"><span class='ocrx_word' id='word_1_404' title='bbox 2199 1362 2381 1431; x_wconf 80' lang='grc' dir='ltr'>χαίρει</span> <span class='ocrx_word' id='word_1_405' title='bbox 2407 1362 2436 1414; x_wconf 88' lang='grc' dir='ltr'><strong>ό</strong></span> <span class='ocrx_word' id='word_1_406' title='bbox 2455 1363 2843 1433; x_wconf 79' lang='grc' dir='ltr'>πνευματῳδὸς</span> <span class='ocrx_word' id='word_1_407' title='bbox 2874 1358 3029 1428; x_wconf 69' lang='grc' dir='ltr'>οὗτος</span> <span class='ocrx_word' id='word_1_408' title='bbox 3068 1367 3325 1435; x_wconf 82' lang='grc' dir='ltr'>Ἰωάννης</span> <span class='ocrx_word' id='word_1_409' title='bbox 3356 1371 3499 1440; x_wconf 82' lang='grc' dir='ltr'>ὑγρὰ</span> <span class='ocrx_word' id='word_1_410' title='bbox 3522 1373 3662 1425; x_wconf 83' lang='grc' dir='ltr'>κατὰ</span> <span class='ocrx_word' id='word_1_411' title='bbox 3689 1374 3780 1426; x_wconf 67' lang='grc' dir='ltr'><strong>τὸν</strong></span> 
     </span>
    </p>
   </div>
   <div class='ocr_carea' id='block_1_60' title="bbox 2200 1449 3777 1535">
    <p class='ocr_par' dir='ltr' id='par_1_60' title="bbox 2200 1449 3777 1535">
     <span class='ocr_line' id='line_1_60' title="bbox 2200 1449 3777 1535; baseline 0.008 -31"><span class='ocrx_word' id='word_1_412' title='bbox 2200 1449 2374 1516; x_wconf 76' lang='grc' dir='ltr'>οὕτως</span> <span class='ocrx_word' id='word_1_413' title='bbox 2413 1454 2640 1508; x_wconf 74' lang='grc' dir='ltr'>εἰπόντα</span> <span class='ocrx_word' id='word_1_414' title='bbox 2679 1456 2851 1510; x_wconf 83' lang='grc' dir='ltr'>ποιῶν</span> <span class='ocrx_word' id='word_1_415' title='bbox 2895 1458 3151 1527; x_wconf 74' lang='grc' dir='ltr'>ἐπίτηδες</span> <span class='ocrx_word' id='word_1_416' title='bbox 3190 1461 3259 1514; x_wconf 77' lang='grc' dir='ltr'>τὰ</span> <span class='ocrx_word' id='word_1_417' title='bbox 3289 1463 3432 1514; x_wconf 84' lang='grc' dir='ltr'>κατὰ</span> <span class='ocrx_word' id='word_1_418' title='bbox 3464 1464 3626 1516; x_wconf 71' lang='grc' dir='ltr'>αὐτὸν</span> <span class='ocrx_word' id='word_1_419' title='bbox 3655 1465 3777 1535; x_wconf 76' lang='grc' dir='ltr'>ἔπη,</span> 
     </span>
    </p>
   </div>
   <div class='ocr_carea' id='block_1_61' title="bbox 2202 1545 3783 1622">
    <p class='ocr_par' dir='ltr' id='par_1_61' title="bbox 2202 1545 3783 1622">
     <span class='ocr_line' id='line_1_61' title="bbox 2202 1545 3783 1622; baseline 0.009 -25"><span class='ocrx_word' id='word_1_420' title='bbox 2202 1547 2265 1599; x_wconf 76' lang='grc' dir='ltr'>ὲκ</span> <span class='ocrx_word' id='word_1_421' title='bbox 2302 1545 2561 1600; x_wconf 74' lang='grc' dir='ltr'><strong>τοιούτων</strong></span> <span class='ocrx_word' id='word_1_422' title='bbox 2599 1548 2761 1616; x_wconf 77' lang='grc' dir='ltr'>ιερῶν</span> <span class='ocrx_word' id='word_1_423' title='bbox 2795 1548 2997 1614; x_wconf 80' lang='grc' dir='ltr'><strong>λέξεων</strong></span> <span class='ocrx_word' id='word_1_424' title='bbox 3019 1567 3036 1583; x_wconf 76' lang='grc' dir='ltr'><strong>ο</strong></span> <span class='ocrx_word' id='word_1_425' title='bbox 3069 1552 3259 1621; x_wconf 74' lang='grc' dir='ltr'>χαρεὶς</span> <span class='ocrx_word' id='word_1_426' title='bbox 3287 1553 3651 1622; x_wconf 77' lang='grc' dir='ltr'><strong>ὑδρεύσασθαι</strong></span> <span class='ocrx_word' id='word_1_427' title='bbox 3691 1558 3783 1610; x_wconf 72' lang='grc' dir='ltr'><strong>τὸν</strong></span> 
     </span>
    </p>
   </div>
   <div class='ocr_carea' id='block_1_62' title="bbox 2199 1635 3782 1716">
    <p class='ocr_par' dir='ltr' id='par_1_62' title="bbox 2199 1635 3782 1716">
     <span class='ocr_line' id='line_1_62' title="bbox 2199 1635 3782 1716; baseline 0.007 -28"><span class='ocrx_word' id='word_1_428' title='bbox 2199 1635 2444 1689; x_wconf 86' lang='grc' dir='ltr'>τοιοῦτον</span> <span class='ocrx_word' id='word_1_429' title='bbox 2482 1637 2754 1706; x_wconf 75' lang='grc' dir='ltr'>τραφικδν</span> <span class='ocrx_word' id='word_1_430' title='bbox 2804 1640 3008 1709; x_wconf 82' lang='grc' dir='ltr'>τρόπον</span> <span class='ocrx_word' id='word_1_431' title='bbox 3061 1641 3125 1694; x_wconf 65' lang='grc' dir='ltr'>ἐκ</span> <span class='ocrx_word' id='word_1_432' title='bbox 3169 1641 3278 1694; x_wconf 84' lang='grc' dir='ltr'>τῶν</span> <span class='ocrx_word' id='word_1_433' title='bbox 3323 1644 3612 1698; x_wconf 69' lang='grc' dir='ltr'>θειοτάτων</span> <span class='ocrx_word' id='word_1_434' title='bbox 3645 1647 3782 1716; x_wconf 83' lang='grc' dir='ltr'><strong>Γρα-</strong></span> 
     </span>
    </p>
   </div>
   <div class='ocr_carea' id='block_1_63' title="bbox 2137 1723 3780 1804">
    <p class='ocr_par' dir='ltr' id='par_1_63' title="bbox 2137 1723 3780 1804">
     <span class='ocr_line' id='line_1_63' title="bbox 2137 1723 3780 1804; baseline 0.007 -25"><span class='ocrx_word' id='word_1_435' title='bbox 2137 1748 2180 1802; x_wconf 73' lang='lat' dir='ltr'><strong>B</strong></span> <span class='ocrx_word' id='word_1_436' title='bbox 2205 1728 2340 1796; x_wconf 79' lang='grc' dir='ltr'>φῶν,</span> <span class='ocrx_word' id='word_1_437' title='bbox 2373 1729 2432 1794; x_wconf 71' lang='grc' dir='ltr'><strong>ἐξ</strong></span> <span class='ocrx_word' id='word_1_438' title='bbox 2457 1723 2530 1782; x_wconf 82' lang='grc' dir='ltr'>ὧν</span> <span class='ocrx_word' id='word_1_439' title='bbox 2557 1729 2752 1801; x_wconf 68' lang='grc' dir='ltr'>ἔχομεν</span> <span class='ocrx_word' id='word_1_440' title='bbox 2790 1731 2840 1784; x_wconf 80' lang='grc' dir='ltr'><strong>οἱ</strong></span> <span class='ocrx_word' id='word_1_441' title='bbox 2868 1732 3163 1804; x_wconf 70' lang='grc' dir='ltr'><strong>χρῄζοντες</strong></span> <span class='ocrx_word' id='word_1_442' title='bbox 3195 1738 3474 1804; x_wconf 81' lang='grc' dir='ltr'>πηγιμαίἀ</span> <span class='ocrx_word' id='word_1_443' title='bbox 3503 1754 3564 1789; x_wconf 88' lang='grc' dir='ltr'><strong>τε</strong></span> <span class='ocrx_word' id='word_1_444' title='bbox 3590 1737 3780 1803; x_wconf 78' lang='grc' dir='ltr'>ὕδατα,</span> 
     </span>
    </p>
   </div>
   <div class='ocr_carea' id='block_1_64' title="bbox 2209 1822 3783 1901">
    <p class='ocr_par' dir='ltr' id='par_1_64' title="bbox 2209 1822 3783 1901">
     <span class='ocr_line' id='line_1_64' title="bbox 2209 1822 3783 1901; baseline 0.007 -29"><span class='ocrx_word' id='word_1_445' title='bbox 2209 1822 2368 1873; x_wconf 79' lang='grc' dir='ltr'>ὁποῖα</span> <span class='ocrx_word' id='word_1_446' title='bbox 2407 1823 2653 1892; x_wconf 80' lang='grc' dir='ltr'>καὶ.τὴν</span> <span class='ocrx_word' id='word_1_447' title='bbox 2705 1824 3039 1892; x_wconf 75' lang='grc' dir='ltr'><strong>Σαμαρεῖτιν</strong></span> <span class='ocrx_word' id='word_1_448' title='bbox 3077 1824 3441 1899; x_wconf 78' lang='grc' dir='ltr'>ὲζωογόνησε,</span> <span class='ocrx_word' id='word_1_449' title='bbox 3481 1831 3578 1882; x_wconf 69' lang='grc' dir='ltr'>καὶ</span> <span class='ocrx_word' id='word_1_450' title='bbox 3618 1846 3783 1901; x_wconf 55' lang='lat' dir='ltr'><strong>opsa-</strong></span> 
     </span>
    </p>
   </div>
   <div class='ocr_carea' id='block_1_65' title="bbox 2206 1906 3780 1990">
    <p class='ocr_par' dir='ltr' id='par_1_65' title="bbox 2206 1906 3780 1990">
     <span class='ocr_line' id='line_1_65' title="bbox 2206 1906 3780 1990; baseline 0.008 -27"><span class='ocrx_word' id='word_1_451' title='bbox 2206 1915 2380 1975; x_wconf 79' lang='grc' dir='ltr'>τισῖα,</span> <span class='ocrx_word' id='word_1_452' title='bbox 2429 1906 2504 1968; x_wconf 80' lang='grc' dir='ltr'><strong>ὧν</strong></span> <span class='ocrx_word' id='word_1_453' title='bbox 2539 1915 2573 1985; x_wconf 77' lang='grc' dir='ltr'><strong>ἡ</strong></span> <span class='ocrx_word' id='word_1_454' title='bbox 2622 1914 2826 1968; x_wconf 79' lang='grc' dir='ltr'>παλαιὰ</span> <span class='ocrx_word' id='word_1_455' title='bbox 2875 1915 3126 1987; x_wconf 74' lang='grc' dir='ltr'><strong>θειοτάτη</strong></span> <span class='ocrx_word' id='word_1_456' title='bbox 3189 1919 3381 1989; x_wconf 77' lang='grc' dir='ltr'>Γραφὴ</span> <span class='ocrx_word' id='word_1_457' title='bbox 3433 1921 3635 1990; x_wconf 73' lang='grc' dir='ltr'>γέμει·</span> <span class='ocrx_word' id='word_1_458' title='bbox 3691 1923 3780 1975; x_wconf 74' lang='grc' dir='ltr'>καὶ</span> 
     </span>
    </p>
   </div>
   <div class='ocr_carea' id='block_1_66' title="bbox 2209 2006 3779 2084">
    <p class='ocr_par' dir='ltr' id='par_1_66' title="bbox 2209 2006 3779 2084">
     <span class='ocr_line' id='line_1_66' title="bbox 2209 2006 3779 2084; baseline 0.005 -25"><span class='ocrx_word' id='word_1_459' title='bbox 2209 2006 2456 2074; x_wconf 65' lang='grc' dir='ltr'><strong>⁴ιοοττιίιμιια</strong></span> <span class='ocrx_word' id='word_1_460' title='bbox 2505 2007 2842 2076; x_wconf 78' lang='grc' dir='ltr'>εύαγγελικὰ</span> <span class='ocrx_word' id='word_1_461' title='bbox 2893 2013 2994 2079; x_wconf 85' lang='grc' dir='ltr'>τῆς</span> <span class='ocrx_word' id='word_1_462' title='bbox 3051 2010 3234 2065; x_wconf 79' lang='grc' dir='ltr'>θεόθεν</span> <span class='ocrx_word' id='word_1_463' title='bbox 3287 2013 3528 2066; x_wconf 85' lang='grc' dir='ltr'>ἀϐύσσου</span> <span class='ocrx_word' id='word_1_464' title='bbox 3594 2013 3779 2084; x_wconf 82' lang='grc' dir='ltr'>σοφίας</span> 
     </span>
    </p>
   </div>
   <div class='ocr_carea' id='block_1_67' title="bbox 2209 2099 3777 2175">
    <p class='ocr_par' dir='ltr' id='par_1_67' title="bbox 2209 2099 3777 2175">
     <span class='ocr_line' id='line_1_67' title="bbox 2209 2099 3777 2175; baseline 0.004 -23"><span class='ocrx_word' id='word_1_465' title='bbox 2209 2099 2593 2164; x_wconf 69' lang='grc' dir='ltr'>ἀναπιδύοντα,</span> <span class='ocrx_word' id='word_1_466' title='bbox 2642 2102 2738 2154; x_wconf 70' lang='grc' dir='ltr'>καὶ</span> <span class='ocrx_word' id='word_1_467' title='bbox 2781 2100 3006 2170; x_wconf 78' lang='grc' dir='ltr'>δρόσους</span> <span class='ocrx_word' id='word_1_468' title='bbox 3062 2102 3161 2155; x_wconf 79' lang='grc' dir='ltr'>καὶ</span> <span class='ocrx_word' id='word_1_469' title='bbox 3205 2103 3409 2175; x_wconf 83' lang='grc' dir='ltr'>βροχὰς</span> <span class='ocrx_word' id='word_1_470' title='bbox 3460 2107 3777 2168; x_wconf 73' lang='grc' dir='ltr'>ἑκουσίους·</span> 
     </span>
    </p>
   </div>
   <div class='ocr_carea' id='block_1_68' title="bbox 2209 2191 3781 2267">
    <p class='ocr_par' dir='ltr' id='par_1_68' title="bbox 2209 2191 3781 2267">
     <span class='ocr_line' id='line_1_68' title="bbox 2209 2191 3781 2267; baseline 0.006 -25"><span class='ocrx_word' id='word_1_471' title='bbox 2209 2191 2370 2244; x_wconf 78' lang='grc' dir='ltr'>ὁποία</span> <span class='ocrx_word' id='word_1_472' title='bbox 2399 2191 2491 2244; x_wconf 80' lang='grc' dir='ltr'>καὶ</span> <span class='ocrx_word' id='word_1_473' title='bbox 2519 2193 2550 2261; x_wconf 85' lang='grc' dir='ltr'><strong>ή</strong></span> <span class='ocrx_word' id='word_1_474' title='bbox 2583 2192 2678 2246; x_wconf 86' lang='grc' dir='ltr'>τοῦ</span> <span class='ocrx_word' id='word_1_475' title='bbox 2713 2193 2909 2263; x_wconf 80' lang='grc' dir='ltr'><strong>μάννα,</strong></span> <span class='ocrx_word' id='word_1_476' title='bbox 2937 2195 3034 2248; x_wconf 77' lang='grc' dir='ltr'>καὶ</span> <span class='ocrx_word' id='word_1_477' title='bbox 3062 2195 3112 2248; x_wconf 79' lang='grc' dir='ltr'><strong>οἱ</strong></span> <span class='ocrx_word' id='word_1_478' title='bbox 3141 2195 3215 2259; x_wconf 84' lang='grc' dir='ltr'>ὡς</span> <span class='ocrx_word' id='word_1_479' title='bbox 3237 2197 3495 2250; x_wconf 81' lang='grc' dir='ltr'>ἑκάστοτε</span> <span class='ocrx_word' id='word_1_480' title='bbox 3520 2200 3781 2267; x_wconf 75' lang='grc' dir='ltr'>είρηνικοὶ</span> 
     </span>
    </p>
   </div>
   <div class='ocr_carea' id='block_1_69' title="bbox 2207 2283 3779 2359">
    <p class='ocr_par' dir='ltr' id='par_1_69' title="bbox 2207 2283 3779 2359">
     <span class='ocr_line' id='line_1_69' title="bbox 2207 2283 3779 2359; baseline 0.003 -25"><span class='ocrx_word' id='word_1_481' title='bbox 2207 2283 2427 2353; x_wconf 69' lang='grc' dir='ltr'>ὄμϐροι,</span> <span class='ocrx_word' id='word_1_482' title='bbox 2467 2283 2560 2348; x_wconf 78' lang='grc' dir='ltr'><strong>οὓς</strong></span> <span class='ocrx_word' id='word_1_483' title='bbox 2596 2285 2690 2340; x_wconf 73' lang='grc' dir='ltr'><strong>ἐπὶ</strong></span> <span class='ocrx_word' id='word_1_484' title='bbox 2737 2286 3014 2354; x_wconf 79' lang='grc' dir='ltr'><strong>σωτηρίαν</strong></span> <span class='ocrx_word' id='word_1_485' title='bbox 3060 2290 3213 2358; x_wconf 80' lang='grc' dir='ltr'>κοινῇ</span> <span class='ocrx_word' id='word_1_486' title='bbox 3259 2291 3352 2341; x_wconf 77' lang='grc' dir='ltr'>καὶ</span> <span class='ocrx_word' id='word_1_487' title='bbox 3388 2289 3642 2359; x_wconf 73' lang='grc' dir='ltr'>ψεκάζει,</span> <span class='ocrx_word' id='word_1_488' title='bbox 3693 2291 3779 2343; x_wconf 79' lang='grc' dir='ltr'>καὶ</span> 
     </span>
    </p>
   </div>
   <div class='ocr_carea' id='block_1_70' title="bbox 2209 2369 3782 2442">
    <p class='ocr_par' dir='ltr' id='par_1_70' title="bbox 2209 2369 3782 2442">
     <span class='ocr_line' id='line_1_70' title="bbox 2209 2369 3782 2442; baseline 0.003 -18"><span class='ocrx_word' id='word_1_489' title='bbox 2209 2369 2315 2436; x_wconf 74' lang='grc' dir='ltr'>ὕει,</span> <span class='ocrx_word' id='word_1_490' title='bbox 2355 2374 2452 2442; x_wconf 74' lang='grc' dir='ltr'>καὶ</span> <span class='ocrx_word' id='word_1_491' title='bbox 2497 2372 2908 2442; x_wconf 80' lang='grc' dir='ltr'>καταδράσσει·</span> <span class='ocrx_word' id='word_1_492' title='bbox 2944 2377 2972 2428; x_wconf 90' lang='grc' dir='ltr'><em>ὁ</em></span> <span class='ocrx_word' id='word_1_493' title='bbox 3017 2375 3109 2427; x_wconf 81' lang='grc' dir='ltr'>καὶ</span> <span class='ocrx_word' id='word_1_494' title='bbox 3159 2375 3234 2437; x_wconf 80' lang='grc' dir='ltr'>ὡς</span> <span class='ocrx_word' id='word_1_495' title='bbox 3276 2376 3430 2438; x_wconf 82' lang='grc' dir='ltr'>ὑετὸς</span> <span class='ocrx_word' id='word_1_496' title='bbox 3469 2376 3564 2427; x_wconf 75' lang='grc' dir='ltr'><strong>ἐπὶ</strong></span> <span class='ocrx_word' id='word_1_497' title='bbox 3619 2376 3782 2429; x_wconf 80' lang='grc' dir='ltr'>πόκον</span> 
     </span>
    </p>
   </div>
   <div class='ocr_carea' id='block_1_71' title="bbox 2206 2461 3781 2536">
    <p class='ocr_par' dir='ltr' id='par_1_71' title="bbox 2206 2461 3781 2536">
     <span class='ocr_line' id='line_1_71' title="bbox 2206 2461 3781 2536; baseline -0.004 -16"><span class='ocrx_word' id='word_1_498' title='bbox 2206 2466 2476 2532; x_wconf 73' lang='grc' dir='ltr'>καταϐὰς,</span> <span class='ocrx_word' id='word_1_499' title='bbox 2507 2467 2600 2520; x_wconf 80' lang='grc' dir='ltr'>καὶ</span> <span class='ocrx_word' id='word_1_500' title='bbox 2632 2465 2708 2529; x_wconf 87' lang='grc' dir='ltr'><strong>ὡς</strong></span> <span class='ocrx_word' id='word_1_501' title='bbox 2736 2461 2824 2519; x_wconf 80' lang='grc' dir='ltr'><strong>οἷα</strong></span> <span class='ocrx_word' id='word_1_502' title='bbox 2855 2464 3074 2533; x_wconf 86' lang='grc' dir='ltr'>σταγὼν</span> <span class='ocrx_word' id='word_1_503' title='bbox 3107 2465 3374 2530; x_wconf 77' lang='grc' dir='ltr'>στάζουσα</span> <span class='ocrx_word' id='word_1_504' title='bbox 3414 2467 3506 2519; x_wconf 81' lang='grc' dir='ltr'><strong>ἐπὶ</strong></span> <span class='ocrx_word' id='word_1_505' title='bbox 3536 2465 3636 2536; x_wconf 69' lang='grc' dir='ltr'>τὴν</span> <span class='ocrx_word' id='word_1_506' title='bbox 3661 2465 3781 2533; x_wconf 81' lang='grc' dir='ltr'>γῆν,</span> 
     </span>
    </p>
   </div>
   <div class='ocr_carea' id='block_1_72' title="bbox 2206 2555 3780 2629">
    <p class='ocr_par' dir='ltr' id='par_1_72' title="bbox 2206 2555 3780 2629">
     <span class='ocr_line' id='line_1_72' title="bbox 2206 2555 3780 2629; baseline -0.001 -16"><span class='ocrx_word' id='word_1_507' title='bbox 2206 2555 2267 2614; x_wconf 78' lang='grc' dir='ltr'><strong>οὗ</strong></span> <span class='ocrx_word' id='word_1_508' title='bbox 2305 2560 2479 2627; x_wconf 73' lang='grc' dir='ltr'>ὄνομα</span> <span class='ocrx_word' id='word_1_509' title='bbox 2522 2559 2714 2628; x_wconf 86' lang='grc' dir='ltr'>μύρον,</span> <span class='ocrx_word' id='word_1_510' title='bbox 2761 2559 3063 2612; x_wconf 76' lang='grc' dir='ltr'>ἐκκενωθὲν</span> <span class='ocrx_word' id='word_1_511' title='bbox 3107 2560 3252 2614; x_wconf 82' lang='grc' dir='ltr'>καθὰ</span> <span class='ocrx_word' id='word_1_512' title='bbox 3284 2560 3672 2629; x_wconf 81' lang='grc' dir='ltr'>παρελάϐομεν</span> <span class='ocrx_word' id='word_1_513' title='bbox 3698 2560 3780 2611; x_wconf 70' lang='grc' dir='ltr'>διὰ</span> 
     </span>
    </p>
   </div>
   <div class='ocr_carea' id='block_1_73' title="bbox 2206 2649 3780 2722">
    <p class='ocr_par' dir='ltr' id='par_1_73' title="bbox 2206 2649 3780 2722">
     <span class='ocr_line' id='line_1_73' title="bbox 2206 2649 3780 2722; baseline 0 -20"><span class='ocrx_word' id='word_1_514' title='bbox 2206 2651 2305 2721; x_wconf 81' lang='grc' dir='ltr'>τὴν</span> <span class='ocrx_word' id='word_1_515' title='bbox 2347 2649 2513 2706; x_wconf 86' lang='grc' dir='ltr'>αὐτοῦ</span> <span class='ocrx_word' id='word_1_516' title='bbox 2555 2649 2766 2715; x_wconf 75' lang='grc' dir='ltr'>ἔνδοξον</span> <span class='ocrx_word' id='word_1_517' title='bbox 2800 2652 3032 2704; x_wconf 79' lang='grc' dir='ltr'>κένωσιν</span> <span class='ocrx_word' id='word_1_518' title='bbox 3058 2667 3073 2682; x_wconf 82' lang='grc'><em>’</em></span> <span class='ocrx_word' id='word_1_519' title='bbox 3124 2651 3497 2722; x_wconf 79' lang='grc' dir='ltr'>ύπερφέρεται</span> <span class='ocrx_word' id='word_1_520' title='bbox 3528 2651 3588 2705; x_wconf 73' lang='grc' dir='ltr'><strong>δὲ</strong></span> <span class='ocrx_word' id='word_1_521' title='bbox 3629 2651 3780 2721; x_wconf 79' lang='grc' dir='ltr'>ἡμῶν</span> 
     </span>
    </p>
   </div>
   <div class='ocr_carea' id='block_1_74' title="bbox 2207 2743 3780 2815">
    <p class='ocr_par' dir='ltr' id='par_1_74' title="bbox 2207 2743 3780 2815">
     <span class='ocr_line' id='line_1_74' title="bbox 2207 2743 3780 2815; baseline -0.001 -19"><span class='ocrx_word' id='word_1_522' title='bbox 2207 2745 2302 2797; x_wconf 80' lang='grc' dir='ltr'>καὶ</span> <span class='ocrx_word' id='word_1_523' title='bbox 2330 2743 2526 2813; x_wconf 77' lang='grc' dir='ltr'>νεφέλη</span> <span class='ocrx_word' id='word_1_524' title='bbox 2558 2743 2844 2813; x_wconf 83' lang='grc' dir='ltr'>σωτήριος,</span> <span class='ocrx_word' id='word_1_525' title='bbox 2897 2745 3134 2812; x_wconf 81' lang='grc' dir='ltr'>φωτεινή</span> <span class='ocrx_word' id='word_1_526' title='bbox 3171 2759 3231 2796; x_wconf 81' lang='grc' dir='ltr'><strong>τε</strong></span> <span class='ocrx_word' id='word_1_527' title='bbox 3272 2745 3458 2812; x_wconf 73' lang='grc' dir='ltr'>ἐκείνη</span> <span class='ocrx_word' id='word_1_528' title='bbox 3510 2744 3586 2806; x_wconf 83' lang='grc' dir='ltr'>ὡς</span> <span class='ocrx_word' id='word_1_529' title='bbox 3633 2743 3780 2815; x_wconf 73' lang='grc' dir='ltr'>ἥλιον</span> 
     </span>
    </p>
   </div>
   <div class='ocr_carea' id='block_1_75' title="bbox 2210 2833 3781 2904">
    <p class='ocr_par' dir='ltr' id='par_1_75' title="bbox 2210 2833 3781 2904">
     <span class='ocr_line' id='line_1_75' title="bbox 2210 2833 3781 2904; baseline 0 -16"><span class='ocrx_word' id='word_1_530' title='bbox 2210 2834 2444 2902; x_wconf 81' lang='grc' dir='ltr'>στέξασα</span> <span class='ocrx_word' id='word_1_531' title='bbox 2497 2833 2665 2898; x_wconf 75' lang='grc' dir='ltr'>ἔνδον,</span> <span class='ocrx_word' id='word_1_532' title='bbox 2707 2836 2803 2888; x_wconf 80' lang='grc' dir='ltr'>καὶ</span> <span class='ocrx_word' id='word_1_533' title='bbox 2847 2834 3056 2904; x_wconf 74' lang='grc' dir='ltr'>δμϐρου</span> <span class='ocrx_word' id='word_1_534' title='bbox 3085 2835 3141 2888; x_wconf 80' lang='grc' dir='ltr'><strong>δὲ</strong></span> <span class='ocrx_word' id='word_1_535' title='bbox 3194 2835 3574 2904; x_wconf 73' lang='grc' dir='ltr'>κοσμοτρόφου</span> <span class='ocrx_word' id='word_1_536' title='bbox 3627 2835 3781 2902; x_wconf 76' lang='grc' dir='ltr'>ἐγκύ-</span> 
     </span>
    </p>
   </div>
   <div class='ocr_carea' id='block_1_76' title="bbox 2210 2928 3777 3000">
    <p class='ocr_par' dir='ltr' id='par_1_76' title="bbox 2210 2928 3777 3000">
     <span class='ocr_line' id='line_1_76' title="bbox 2210 2928 3777 3000; baseline 0 -19"><span class='ocrx_word' id='word_1_537' title='bbox 2210 2947 2346 2996; x_wconf 87' lang='grc' dir='ltr'>μων,</span> <span class='ocrx_word' id='word_1_538' title='bbox 2377 2929 2436 2991; x_wconf 81' lang='grc' dir='ltr'>ὃς</span> <span class='ocrx_word' id='word_1_539' title='bbox 2467 2929 2675 2981; x_wconf 77' lang='grc' dir='ltr'>ἐκεῖθεν</span> <span class='ocrx_word' id='word_1_540' title='bbox 2704 2928 2959 2995; x_wconf 79' lang='grc' dir='ltr'>καθάπαξ</span> <span class='ocrx_word' id='word_1_541' title='bbox 2991 2929 3235 2998; x_wconf 78' lang='grc' dir='ltr'>ἐκκύψας</span> <span class='ocrx_word' id='word_1_542' title='bbox 3267 2930 3390 2983; x_wconf 80' lang='grc' dir='ltr'>ούδέ</span> <span class='ocrx_word' id='word_1_543' title='bbox 3425 2947 3556 2982; x_wconf 85' lang='grc' dir='ltr'>ποτε</span> <span class='ocrx_word' id='word_1_544' title='bbox 3601 2930 3777 3000; x_wconf 80' lang='grc' dir='ltr'>ἀνίησι</span> 
     </span>
    </p>
   </div>
   <div class='ocr_carea' id='block_1_77' title="bbox 2207 3019 3780 3092">
    <p class='ocr_par' dir='ltr' id='par_1_77' title="bbox 2207 3019 3780 3092">
     <span class='ocr_line' id='line_1_77' title="bbox 2207 3019 3780 3092; baseline 0 -18"><span class='ocrx_word' id='word_1_545' title='bbox 2207 3021 2300 3074; x_wconf 85' lang='grc' dir='ltr'>τὸν</span> <span class='ocrx_word' id='word_1_546' title='bbox 2326 3021 2532 3091; x_wconf 84' lang='grc' dir='ltr'>κυρίως</span> <span class='ocrx_word' id='word_1_547' title='bbox 2565 3019 2778 3088; x_wconf 88' lang='grc' dir='ltr'>κόσμον</span> <span class='ocrx_word' id='word_1_548' title='bbox 2808 3021 2900 3072; x_wconf 65' lang='grc' dir='ltr'>τὶν</span> <span class='ocrx_word' id='word_1_549' title='bbox 2924 3023 3292 3092; x_wconf 81' lang='grc' dir='ltr'>πνευματικὸν</span> <span class='ocrx_word' id='word_1_550' title='bbox 3318 3021 3612 3092; x_wconf 75' lang='grc' dir='ltr'>ἄνθρωπον</span> <span class='ocrx_word' id='word_1_551' title='bbox 3637 3022 3780 3076; x_wconf 72' lang='lat' dir='ltr'><strong>mai-</strong></span> 
     </span>
    </p>
   </div>
   <div class='ocr_carea' id='block_1_78' title="bbox 2129 3106 2772 3180">
    <p class='ocr_par' dir='ltr' id='par_1_78' title="bbox 2129 3106 2772 3180">
     <span class='ocr_line' id='line_1_78' title="bbox 2129 3106 2772 3180; baseline 0.005 -15"><span class='ocrx_word' id='word_1_552' title='bbox 2129 3106 2174 3165; x_wconf 72' lang='grc' dir='ltr'><strong>ο</strong></span> <span class='ocrx_word' id='word_1_553' title='bbox 2208 3130 2314 3168; x_wconf 87' lang='grc' dir='ltr'><strong>νων</strong></span> <span class='ocrx_word' id='word_1_554' title='bbox 2345 3114 2440 3166; x_wconf 65' lang='grc' dir='ltr'>καὶ</span> <span class='ocrx_word' id='word_1_555' title='bbox 2465 3111 2772 3180; x_wconf 81' lang='grc' dir='ltr'>ζωογονῶν.</span> 
     </span>
    </p>
   </div>
   <div class='ocr_carea' id='block_1_79' title="bbox 2280 3203 3781 3280">
    <p class='ocr_par' dir='ltr' id='par_1_79' title="bbox 2280 3203 3781 3280">
     <span class='ocr_line' id='line_1_79' title="bbox 2280 3203 3781 3280; baseline 0.003 -22"><span class='ocrx_word' id='word_1_556' title='bbox 2280 3204 2384 3270; x_wconf 79' lang='grc' dir='ltr'><strong>κζ’.</strong></span> <span class='ocrx_word' id='word_1_557' title='bbox 2417 3205 2706 3271; x_wconf 81' lang='grc' dir='ltr'>Τοιαύταις</span> <span class='ocrx_word' id='word_1_558' title='bbox 2743 3203 2840 3260; x_wconf 85' lang='grc' dir='ltr'>οὖν</span> <span class='ocrx_word' id='word_1_559' title='bbox 2872 3207 3049 3272; x_wconf 72' lang='grc' dir='ltr'>λέξεσι</span> <span class='ocrx_word' id='word_1_560' title='bbox 3107 3207 3208 3276; x_wconf 79' lang='grc' dir='ltr'>τῆς</span> <span class='ocrx_word' id='word_1_561' title='bbox 3254 3209 3571 3280; x_wconf 76' lang='grc' dir='ltr'>ἁγιωτάτης</span> <span class='ocrx_word' id='word_1_562' title='bbox 3613 3226 3781 3262; x_wconf 57' lang='lat' dir='ltr'><strong>«rem.</strong></span> 
     </span>
    </p>
   </div>
   <div class='ocr_carea' id='block_1_80' title="bbox 2210 3298 3780 3370">
    <p class='ocr_par' dir='ltr' id='par_1_80' title="bbox 2210 3298 3780 3370">
     <span class='ocr_line' id='line_1_80' title="bbox 2210 3298 3780 3370; baseline 0.003 -19"><span class='ocrx_word' id='word_1_563' title='bbox 2210 3298 2494 3368; x_wconf 74' lang='grc' dir='ltr'>κνωμινης</span> <span class='ocrx_word' id='word_1_564' title='bbox 2514 3301 2753 3370; x_wconf 75' lang='grc' dir='ltr'>γραφῆς,</span> <span class='ocrx_word' id='word_1_565' title='bbox 2782 3302 3056 3368; x_wconf 85' lang='grc' dir='ltr'>συστοιχεῖ</span> <span class='ocrx_word' id='word_1_566' title='bbox 3081 3299 3197 3364; x_wconf 84' lang='grc' dir='ltr'>πῶς</span> <span class='ocrx_word' id='word_1_567' title='bbox 3223 3301 3481 3365; x_wconf 70' lang='grc' dir='ltr'>ἐκείναις,</span> <span class='ocrx_word' id='word_1_568' title='bbox 3511 3303 3607 3355; x_wconf 74' lang='grc' dir='ltr'>καὶ</span> <span class='ocrx_word' id='word_1_569' title='bbox 3629 3302 3690 3355; x_wconf 83' lang='grc' dir='ltr'>τὸ</span> <span class='ocrx_word' id='word_1_570' title='bbox 3710 3301 3780 3363; x_wconf 80' lang='grc' dir='ltr'><strong>ὡς</strong></span> 
     </span>
    </p>
   </div>
   <div class='ocr_carea' id='block_1_81' title="bbox 2210 3389 3780 3465">
    <p class='ocr_par' dir='ltr' id='par_1_81' title="bbox 2210 3389 3780 3465">
     <span class='ocr_line' id='line_1_81' title="bbox 2210 3389 3780 3465; baseline 0.003 -23"><span class='ocrx_word' id='word_1_571' title='bbox 2210 3389 2430 3460; x_wconf 70' lang='grc' dir='ltr'>εἴρηται</span> <span class='ocrx_word' id='word_1_572' title='bbox 2467 3393 2668 3461; x_wconf 77' lang='grc' dir='ltr'>ὲκχεῶ’</span> <span class='ocrx_word' id='word_1_573' title='bbox 2707 3392 2839 3446; x_wconf 72' lang='grc' dir='ltr'>ἔνθα</span> <span class='ocrx_word' id='word_1_574' title='bbox 2878 3393 3111 3463; x_wconf 81' lang='grc' dir='ltr'>ληπτέον</span> <span class='ocrx_word' id='word_1_575' title='bbox 3146 3397 3228 3458; x_wconf 80' lang='grc' dir='ltr'><strong>εἰς</strong></span> <span class='ocrx_word' id='word_1_576' title='bbox 3257 3395 3406 3461; x_wconf 91' lang='grc' dir='ltr'>νοῦν,</span> <span class='ocrx_word' id='word_1_577' title='bbox 3445 3397 3531 3449; x_wconf 83' lang='grc' dir='ltr'>ὅτι</span> <span class='ocrx_word' id='word_1_578' title='bbox 3569 3397 3602 3465; x_wconf 78' lang='grc' dir='ltr'><strong>ἡ</strong></span> <span class='ocrx_word' id='word_1_579' title='bbox 3642 3394 3780 3461; x_wconf 72' lang='grc' dir='ltr'>λέξις</span> 
     </span>
    </p>
   </div>
   <div class='ocr_carea' id='block_1_82' title="bbox 2211 3480 3781 3558">
    <p class='ocr_par' dir='ltr' id='par_1_82' title="bbox 2211 3480 3781 3558">
     <span class='ocr_line' id='line_1_82' title="bbox 2211 3480 3781 3558; baseline 0.002 -23"><span class='ocrx_word' id='word_1_580' title='bbox 2211 3480 2350 3552; x_wconf 75' lang='grc' dir='ltr'>αὓτη</span> <span class='ocrx_word' id='word_1_581' title='bbox 2381 3481 2456 3546; x_wconf 85' lang='grc' dir='ltr'>ὡς</span> <span class='ocrx_word' id='word_1_582' title='bbox 2480 3485 2575 3536; x_wconf 72' lang='grc' dir='ltr'><strong>ἐπὶ</strong></span> <span class='ocrx_word' id='word_1_583' title='bbox 2605 3483 2861 3553; x_wconf 78' lang='grc' dir='ltr'>οὐρανίου</span> <span class='ocrx_word' id='word_1_584' title='bbox 2889 3485 3100 3556; x_wconf 75' lang='grc' dir='ltr'>ὄμϐρου</span> <span class='ocrx_word' id='word_1_585' title='bbox 3127 3486 3367 3557; x_wconf 71' lang='grc' dir='ltr'>ἐγράφη,</span> <span class='ocrx_word' id='word_1_586' title='bbox 3400 3487 3488 3540; x_wconf 80' lang='grc' dir='ltr'><strong>ἴνα</strong></span> <span class='ocrx_word' id='word_1_587' title='bbox 3516 3490 3594 3558; x_wconf 80' lang='grc' dir='ltr'>μὴ</span> <span class='ocrx_word' id='word_1_588' title='bbox 3629 3487 3781 3556; x_wconf 80' lang='grc' dir='ltr'>μόνον</span> 
     </span>
    </p>
   </div>
   <div class='ocr_carea' id='block_1_83' title="bbox 2209 3574 3782 3645">
    <p class='ocr_par' dir='ltr' id='par_1_83' title="bbox 2209 3574 3782 3645">
     <span class='ocr_line' id='line_1_83' title="bbox 2209 3574 3782 3645; baseline 0.002 -18"><span class='ocrx_word' id='word_1_589' title='bbox 2209 3576 2238 3627; x_wconf 83' lang='grc' dir='ltr'>ὁ</span> <span class='ocrx_word' id='word_1_590' title='bbox 2264 3574 2390 3638; x_wconf 74' lang='grc' dir='ltr'>Υἱὸς</span> <span class='ocrx_word' id='word_1_591' title='bbox 2410 3574 2566 3638; x_wconf 72' lang='grc' dir='ltr'>ὑετὸς</span> <span class='ocrx_word' id='word_1_592' title='bbox 2587 3577 2764 3628; x_wconf 75' lang='grc' dir='ltr'>νοοῖτο</span> <span class='ocrx_word' id='word_1_593' title='bbox 2789 3575 3043 3645; x_wconf 79' lang='grc' dir='ltr'><strong>βρεχθεὶς</strong></span> <span class='ocrx_word' id='word_1_594' title='bbox 3067 3577 3162 3629; x_wconf 74' lang='grc' dir='ltr'><strong>ἐπὶ</strong></span> <span class='ocrx_word' id='word_1_595' title='bbox 3186 3577 3355 3632; x_wconf 83' lang='grc' dir='ltr'>πόκον</span> <span class='ocrx_word' id='word_1_596' title='bbox 3380 3577 3593 3632; x_wconf 66' lang='grc' dir='ltr'>ἐκεῖνον</span> <span class='ocrx_word' id='word_1_597' title='bbox 3618 3576 3782 3630; x_wconf 83' lang='grc' dir='ltr'>καθα-</span> 
     </span>
    </p>
   </div>
   <div class='ocr_carea' id='block_1_84' title="bbox 2215 3663 3779 3738">
    <p class='ocr_par' dir='ltr' id='par_1_84' title="bbox 2215 3663 3779 3738">
     <span class='ocr_line' id='line_1_84' title="bbox 2215 3663 3779 3738; baseline 0.003 -20"><span class='ocrx_word' id='word_1_598' title='bbox 2215 3663 2477 3736; x_wconf 75' lang='grc' dir='ltr'>ρώτατον,</span> <span class='ocrx_word' id='word_1_599' title='bbox 2511 3666 2646 3720; x_wconf 77' lang='grc' dir='ltr'>ἀλλὰ</span> <span class='ocrx_word' id='word_1_600' title='bbox 2684 3666 2851 3737; x_wconf 83' lang='grc' dir='ltr'>βροχή</span> <span class='ocrx_word' id='word_1_601' title='bbox 2895 3683 2981 3731; x_wconf 70' lang='grc' dir='ltr'><strong>⁶τις</strong></span> <span class='ocrx_word' id='word_1_602' title='bbox 3017 3669 3106 3738; x_wconf 79' lang='grc' dir='ltr'><strong>είη</strong></span> <span class='ocrx_word' id='word_1_603' title='bbox 3139 3669 3362 3723; x_wconf 68' lang='grc' dir='ltr'>ἑκουσία</span> <span class='ocrx_word' id='word_1_604' title='bbox 3397 3671 3493 3722; x_wconf 76' lang='grc' dir='ltr'>καὶ</span> <span class='ocrx_word' id='word_1_605' title='bbox 3533 3669 3779 3732; x_wconf 80' lang='grc' dir='ltr'>εὐκταία,</span> 
     </span>
    </p>
   </div>
   <div class='ocr_carea' id='block_1_85' title="bbox 2212 3757 3782 3833">
    <p class='ocr_par' dir='ltr' id='par_1_85' title="bbox 2212 3757 3782 3833">
     <span class='ocr_line' id='line_1_85' title="bbox 2212 3757 3782 3833; baseline 0.003 -23"><span class='ocrx_word' id='word_1_606' title='bbox 2212 3759 2307 3812; x_wconf 75' lang='grc' dir='ltr'>καὶ</span> <span class='ocrx_word' id='word_1_607' title='bbox 2327 3759 2390 3811; x_wconf 84' lang='grc' dir='ltr'><strong>τδ</strong></span> <span class='ocrx_word' id='word_1_608' title='bbox 2426 3759 2582 3826; x_wconf 67' lang='grc' dir='ltr'>ἅγιον</span> <span class='ocrx_word' id='word_1_609' title='bbox 2623 3757 2851 3830; x_wconf 82' lang='grc' dir='ltr'>Πνεῦμα</span> <span class='ocrx_word' id='word_1_610' title='bbox 2880 3760 3072 3832; x_wconf 81' lang='grc' dir='ltr'>ὥσπερ</span> <span class='ocrx_word' id='word_1_611' title='bbox 3104 3762 3273 3820; x_wconf 76' lang='grc' dir='ltr'>παλαι</span> <span class='ocrx_word' id='word_1_612' title='bbox 3298 3763 3448 3830; x_wconf 77' lang='grc' dir='ltr'>ποτὲ,</span> <span class='ocrx_word' id='word_1_613' title='bbox 3481 3763 3708 3833; x_wconf 78' lang='grc' dir='ltr'>ὕστερον</span> <span class='ocrx_word' id='word_1_614' title='bbox 3728 3763 3782 3815; x_wconf 71' lang='grc' dir='ltr'><strong>δὲ</strong></span> 
     </span>
    </p>
   </div>
   <div class='ocr_carea' id='block_1_86' title="bbox 2211 3850 3780 3919">
    <p class='ocr_par' dir='ltr' id='par_1_86' title="bbox 2211 3850 3780 3919">
     <span class='ocr_line' id='line_1_86' title="bbox 2211 3850 3780 3919; baseline 0.001 -16"><span class='ocrx_word' id='word_1_615' title='bbox 2211 3850 2309 3904; x_wconf 68' lang='grc' dir='ltr'>καὶ</span> <span class='ocrx_word' id='word_1_616' title='bbox 2337 3850 2434 3904; x_wconf 65' lang='grc' dir='ltr'><strong>ἐπὶ</strong></span> <span class='ocrx_word' id='word_1_617' title='bbox 2477 3852 2608 3913; x_wconf 81' lang='grc' dir='ltr'>τοὺς</span> <span class='ocrx_word' id='word_1_618' title='bbox 2645 3850 2839 3918; x_wconf 80' lang='grc' dir='ltr'>ἁγίους</span> <span class='ocrx_word' id='word_1_619' title='bbox 2871 3852 3225 3919; x_wconf 77' lang='grc' dir='ltr'>ἀποστόλους,</span> <span class='ocrx_word' id='word_1_620' title='bbox 3255 3853 3399 3906; x_wconf 81' lang='grc' dir='ltr'>οὕτω</span> <span class='ocrx_word' id='word_1_621' title='bbox 3432 3854 3528 3908; x_wconf 77' lang='grc' dir='ltr'>καὶ</span> <span class='ocrx_word' id='word_1_622' title='bbox 3561 3853 3657 3907; x_wconf 86' lang='grc' dir='ltr'><strong>νῦν</strong></span> <span class='ocrx_word' id='word_1_623' title='bbox 3694 3853 3780 3906; x_wconf 71' lang='grc' dir='ltr'><strong>ἐπὶ</strong></span> 
     </span>
    </p>
   </div>
   <div class='ocr_carea' id='block_1_87' title="bbox 2214 3941 3780 4016">
    <p class='ocr_par' dir='ltr' id='par_1_87' title="bbox 2214 3941 3780 4016">
     <span class='ocr_line' id='line_1_87' title="bbox 2214 3941 3780 4016; baseline 0.001 -20"><span class='ocrx_word' id='word_1_624' title='bbox 2214 3944 2399 3996; x_wconf 77' lang='grc' dir='ltr'>πᾶσαν</span> <span class='ocrx_word' id='word_1_625' title='bbox 2458 3941 2640 4013; x_wconf 78' lang='grc' dir='ltr'>σάρκα</span> <span class='ocrx_word' id='word_1_626' title='bbox 2696 3943 3116 4014; x_wconf 76' lang='grc' dir='ltr'>χριστιανικήν·</span> <span class='ocrx_word' id='word_1_627' title='bbox 3185 3943 3280 3997; x_wconf 86' lang='grc' dir='ltr'>τοῦ</span> <span class='ocrx_word' id='word_1_628' title='bbox 3344 3944 3403 3997; x_wconf 67' lang='grc' dir='ltr'><strong>δὲ</strong></span> <span class='ocrx_word' id='word_1_629' title='bbox 3450 3944 3528 4008; x_wconf 85' lang='grc' dir='ltr'><strong>ὡς</strong></span> <span class='ocrx_word' id='word_1_630' title='bbox 3585 3945 3780 4016; x_wconf 82' lang='grc' dir='ltr'>ὲρῤέθη</span> 
     </span>
    </p>
   </div>
   <div class='ocr_carea' id='block_1_88' title="bbox 2213 4035 3784 4107">
    <p class='ocr_par' dir='ltr' id='par_1_88' title="bbox 2213 4035 3784 4107">
     <span class='ocr_line' id='line_1_88' title="bbox 2213 4035 3784 4107; baseline 0.003 -19"><span class='ocrx_word' id='word_1_631' title='bbox 2213 4035 2410 4106; x_wconf 65' lang='grc' dir='ltr'>ἐκχεῶ,</span> <span class='ocrx_word' id='word_1_632' title='bbox 2462 4036 2559 4089; x_wconf 75' lang='grc' dir='ltr'>καὶ</span> <span class='ocrx_word' id='word_1_633' title='bbox 2597 4037 2747 4107; x_wconf 84' lang='grc' dir='ltr'>χύμα</span> <span class='ocrx_word' id='word_1_634' title='bbox 2779 4037 2972 4106; x_wconf 80' lang='grc' dir='ltr'>σοφίας</span> <span class='ocrx_word' id='word_1_635' title='bbox 3005 4038 3099 4090; x_wconf 73' lang='grc' dir='ltr'><strong>ἐπὶ</strong></span> <span class='ocrx_word' id='word_1_636' title='bbox 3144 4038 3270 4099; x_wconf 77' lang='grc' dir='ltr'>τοὺς</span> <span class='ocrx_word' id='word_1_637' title='bbox 3322 4039 3507 4102; x_wconf 81' lang='grc' dir='ltr'>ἀξίους</span> <span class='ocrx_word' id='word_1_638' title='bbox 3552 4039 3784 4094; x_wconf 75' lang='grc' dir='ltr'>ἀπεστά-</span> 
     </span>
    </p>
   </div>
   <div class='ocr_carea' id='block_1_89' title="bbox 2213 4130 3784 4202">
    <p class='ocr_par' dir='ltr' id='par_1_89' title="bbox 2213 4130 3784 4202">
     <span class='ocr_line' id='line_1_89' title="bbox 2213 4130 3784 4202; baseline -0.001 -20"><span class='ocrx_word' id='word_1_639' title='bbox 2213 4131 2434 4196; x_wconf 87' lang='grc' dir='ltr'>λακται,</span> <span class='ocrx_word' id='word_1_640' title='bbox 2490 4130 2587 4183; x_wconf 82' lang='grc' dir='ltr'>καὶ</span> <span class='ocrx_word' id='word_1_641' title='bbox 2636 4132 2789 4182; x_wconf 80' lang='grc' dir='ltr'>πᾶσα</span> <span class='ocrx_word' id='word_1_642' title='bbox 2833 4130 2891 4182; x_wconf 82' lang='grc' dir='ltr'><strong>δὲ</strong></span> <span class='ocrx_word' id='word_1_643' title='bbox 2943 4130 3292 4202; x_wconf 73' lang='grc' dir='ltr'>πνευματικὴ</span> <span class='ocrx_word' id='word_1_644' title='bbox 3330 4132 3474 4201; x_wconf 81' lang='grc' dir='ltr'>χαρὰ</span> <span class='ocrx_word' id='word_1_645' title='bbox 3510 4131 3603 4186; x_wconf 72' lang='grc' dir='ltr'>καὶ</span> <span class='ocrx_word' id='word_1_646' title='bbox 3628 4132 3784 4202; x_wconf 81' lang='grc' dir='ltr'>χάρις</span> 
     </span>
    </p>
   </div>
   <div class='ocr_carea' id='block_1_90' title="bbox 2216 4221 3785 4292">
    <p class='ocr_par' dir='ltr' id='par_1_90' title="bbox 2216 4221 3785 4292">
     <span class='ocr_line' id='line_1_90' title="bbox 2216 4221 3785 4292; baseline -0.002 -15"><span class='ocrx_word' id='word_1_647' title='bbox 2216 4221 2428 4277; x_wconf 63' lang='grc' dir='ltr'>ἐκεῖθεν</span> <span class='ocrx_word' id='word_1_648' title='bbox 2454 4224 2514 4275; x_wconf 70' lang='grc' dir='ltr'>ὲν</span> <span class='ocrx_word' id='word_1_649' title='bbox 2546 4221 2781 4292; x_wconf 87' lang='grc' dir='ltr'>χείλεσιν</span> <span class='ocrx_word' id='word_1_650' title='bbox 2816 4222 2992 4290; x_wconf 86' lang='grc' dir='ltr'>ἁγίοις</span> <span class='ocrx_word' id='word_1_651' title='bbox 3028 4222 3383 4292; x_wconf 74' lang='grc' dir='ltr'>ἐξεχύθησαν.</span> <span class='ocrx_word' id='word_1_652' title='bbox 3428 4225 3490 4276; x_wconf 79' lang='lat' dir='ltr'><strong>EE</strong></span> <span class='ocrx_word' id='word_1_653' title='bbox 3525 4225 3578 4278; x_wconf 68' lang='grc' dir='ltr'><strong>δέ</strong></span> <span class='ocrx_word' id='word_1_654' title='bbox 3601 4241 3650 4277; x_wconf 87' lang='grc' dir='ltr'><strong>τι</strong></span> <span class='ocrx_word' id='word_1_655' title='bbox 3682 4241 3785 4275; x_wconf 83' lang='grc' dir='ltr'><strong>πα-</strong></span> 
     </span>
    </p>
   </div>
   <div class='ocr_carea' id='block_1_91' title="bbox 2217 4312 3786 4388">
    <p class='ocr_par' dir='ltr' id='par_1_91' title="bbox 2217 4312 3786 4388">
     <span class='ocr_line' id='line_1_91' title="bbox 2217 4312 3786 4388; baseline -0.001 -20"><span class='ocrx_word' id='word_1_656' title='bbox 2217 4314 2486 4386; x_wconf 78' lang='grc' dir='ltr'>ρενθεῐναι</span> <span class='ocrx_word' id='word_1_657' title='bbox 2534 4315 2640 4385; x_wconf 76' lang='grc' dir='ltr'>χρὴ</span> <span class='ocrx_word' id='word_1_658' title='bbox 2694 4315 2790 4367; x_wconf 75' lang='grc' dir='ltr'>καὶ</span> <span class='ocrx_word' id='word_1_659' title='bbox 2843 4312 3050 4380; x_wconf 77' lang='grc' dir='ltr'>ξενίζον</span> <span class='ocrx_word' id='word_1_660' title='bbox 3098 4316 3305 4388; x_wconf 77' lang='grc' dir='ltr'>ἡρέμα,</span> <span class='ocrx_word' id='word_1_661' title='bbox 3350 4317 3564 4370; x_wconf 69' lang='grc' dir='ltr'>ἐκεῖθεν</span> <span class='ocrx_word' id='word_1_662' title='bbox 3601 4314 3786 4369; x_wconf 79' lang='grc' dir='ltr'>καὶτὸ</span> 
     </span>
    </p>
   </div>
   <div class='ocr_carea' id='block_1_92' title="bbox 2228 4405 3786 4480">
    <p class='ocr_par' dir='ltr' id='par_1_92' title="bbox 2228 4405 3786 4480">
     <span class='ocr_line' id='line_1_92' title="bbox 2228 4405 3786 4480; baseline -0.003 -18"><span class='ocrx_word' id='word_1_663' title='bbox 2228 4406 2627 4479; x_wconf 82' lang='grc' dir='ltr'>Ὶσραηλιτικδν</span> <span class='ocrx_word' id='word_1_664' title='bbox 2661 4405 2922 4478; x_wconf 81' lang='grc' dir='ltr'>ὥρμηται</span> <span class='ocrx_word' id='word_1_665' title='bbox 2953 4409 3195 4479; x_wconf 78' lang='grc' dir='ltr'>χυδαῖον,</span> <span class='ocrx_word' id='word_1_666' title='bbox 3231 4410 3320 4463; x_wconf 81' lang='grc' dir='ltr'><strong>ὅτε</strong></span> <span class='ocrx_word' id='word_1_667' title='bbox 3351 4409 3555 4480; x_wconf 78' lang='grc' dir='ltr'>δηλαδὴ</span> <span class='ocrx_word' id='word_1_668' title='bbox 3585 4406 3786 4473; x_wconf 62' lang='lat' dir='ltr'><strong>uin-,0»-</strong></span> 
     </span>
    </p>
   </div>
   <div class='ocr_carea' id='block_1_93' title="bbox 525 4498 2100 4589">
    <p class='ocr_par' dir='ltr' id='par_1_93' title="bbox 525 4520 2100 4589">
     <span class='ocr_line' id='line_1_93' title="bbox 525 4520 2100 4589; baseline 0.001 -14"><span class='ocrx_word' id='word_1_669' title='bbox 525 4523 717 4575; x_wconf 86' lang='lat' dir='ltr'><strong>bentcs</strong></span> <span class='ocrx_word' id='word_1_670' title='bbox 749 4530 802 4573; x_wconf 93' lang='lat' dir='ltr'><strong>et</strong></span> <span class='ocrx_word' id='word_1_671' title='bbox 833 4534 954 4582; x_wconf 88' lang='lat' dir='ltr'><strong>nos,</strong></span> <span class='ocrx_word' id='word_1_672' title='bbox 993 4530 1045 4575; x_wconf 92' lang='lat' dir='ltr'><strong>et</strong></span> <span class='ocrx_word' id='word_1_673' title='bbox 1074 4520 1369 4576; x_wconf 79' lang='lat' dir='ltr'><strong>hetabundi</strong></span> <span class='ocrx_word' id='word_1_674' title='bbox 1409 4521 1474 4577; x_wconf 91' lang='lat' dir='ltr'><strong>de</strong></span> <span class='ocrx_word' id='word_1_675' title='bbox 1494 4535 1731 4589; x_wconf 86' lang='lat' dir='ltr'><strong>superna</strong></span> <span class='ocrx_word' id='word_1_676' title='bbox 1792 4522 1915 4577; x_wconf 87' lang='lat' dir='ltr'><strong>boni</strong></span> <span class='ocrx_word' id='word_1_677' title='bbox 1979 4539 2100 4577; x_wconf 88' lang='lat' dir='ltr'><strong>con-</strong></span> 
     </span>
    </p>
   </div>
   <div class='ocr_carea' id='block_1_94' title="bbox 2211 4498 3785 4589">
    <p class='ocr_par' dir='ltr' id='par_1_94' title="bbox 2211 4498 3785 4589">
     <span class='ocr_line' id='line_1_94' title="bbox 2211 4498 3785 4589; baseline -0.004 -33"><span class='ocrx_word' id='word_1_678' title='bbox 2211 4502 2430 4573; x_wconf 79' lang='grc' dir='ltr'>νόμενοι</span> <span class='ocrx_word' id='word_1_679' title='bbox 2459 4504 2518 4557; x_wconf 77' lang='grc' dir='ltr'>ἐν</span> <span class='ocrx_word' id='word_1_680' title='bbox 2548 4501 2810 4571; x_wconf 74' lang='grc' dir='ltr'>Αἰγύπτῳ</span> <span class='ocrx_word' id='word_1_681' title='bbox 2835 4503 3032 4555; x_wconf 81' lang='grc' dir='ltr'>ἐκεῖνοι</span> <span class='ocrx_word' id='word_1_682' title='bbox 3061 4503 3205 4556; x_wconf 72' lang='grc' dir='ltr'>καθὰ</span> <span class='ocrx_word' id='word_1_683' title='bbox 3233 4503 3327 4556; x_wconf 79' lang='grc' dir='ltr'>καὶ</span> <span class='ocrx_word' id='word_1_684' title='bbox 3359 4501 3551 4571; x_wconf 74' lang='grc' dir='ltr'>ἄμμου</span> <span class='ocrx_word' id='word_1_685' title='bbox 3579 4498 3785 4589; x_wconf 29' lang='grc' dir='ltr'>χύμαᾼῇ</span> 
     </span>
    </p>
   </div>
   <div class='ocr_carea' id='block_1_95' title="bbox 526 4609 2103 4677">
    <p class='ocr_par' dir='ltr' id='par_1_95' title="bbox 526 4609 2103 4677">
     <span class='ocr_line' id='line_1_95' title="bbox 526 4609 2103 4677; baseline 0.002 -12"><span class='ocrx_word' id='word_1_686' title='bbox 526 4609 792 4674; x_wconf 86' lang='lat' dir='ltr'><strong>cessione,</strong></span> <span class='ocrx_word' id='word_1_687' title='bbox 834 4610 992 4666; x_wconf 91' lang='lat' dir='ltr'><strong>simul</strong></span> <span class='ocrx_word' id='word_1_688' title='bbox 1025 4613 1300 4666; x_wconf 74' lang='lat' dir='ltr'><strong>contrario</strong></span> <span class='ocrx_word' id='word_1_689' title='bbox 1322 4615 1508 4666; x_wconf 92' lang='lat' dir='ltr'><strong>animo</strong></span> <span class='ocrx_word' id='word_1_690' title='bbox 1549 4628 1853 4677; x_wconf 84' lang='lat' dir='ltr'><strong>versemur,</strong></span> <span class='ocrx_word' id='word_1_691' title='bbox 1907 4623 1960 4668; x_wconf 90' lang='lat' dir='ltr'><strong>et</strong></span> <span class='ocrx_word' id='word_1_692' title='bbox 2011 4628 2103 4668; x_wconf 88' lang='lat' dir='ltr'><strong>ca-</strong></span> 
     </span>
    </p>
   </div>
   <div class='ocr_carea' id='block_1_96' title="bbox 527 4702 2105 4773">
    <p class='ocr_par' dir='ltr' id='par_1_96' title="bbox 527 4702 2105 4773">
     <span class='ocr_line' id='line_1_96' title="bbox 527 4702 2105 4773; baseline -0.001 -15"><span class='ocrx_word' id='word_1_693' title='bbox 527 4718 772 4766; x_wconf 81' lang='lat' dir='ltr'><strong>veamus,</strong></span> <span class='ocrx_word' id='word_1_694' title='bbox 802 4709 855 4757; x_wconf 91' lang='lat' dir='ltr'><strong>et</strong></span> <span class='ocrx_word' id='word_1_695' title='bbox 891 4702 1264 4768; x_wconf 89' lang='lat' dir='ltr'><strong>humiliemur,</strong></span> <span class='ocrx_word' id='word_1_696' title='bbox 1322 4705 1557 4759; x_wconf 76' lang='lat' dir='ltr'><strong>maxime</strong></span> <span class='ocrx_word' id='word_1_697' title='bbox 1611 4704 1837 4773; x_wconf 83' lang='lat' dir='ltr'><strong>quando</strong></span> <span class='ocrx_word' id='word_1_698' title='bbox 1867 4703 2105 4758; x_wconf 88' lang='lat' dir='ltr'><strong>audieri-</strong></span> 
     </span>
    </p>
   </div>
   <div class='ocr_carea' id='block_1_97' title="bbox 528 4792 2107 4866">
    <p class='ocr_par' dir='ltr' id='par_1_97' title="bbox 528 4792 2107 4866">
     <span class='ocr_line' id='line_1_97' title="bbox 528 4792 2107 4866; baseline 0.001 -19"><span class='ocrx_word' id='word_1_699' title='bbox 528 4809 694 4850; x_wconf 87' lang='lat' dir='ltr'><strong>mus:</strong></span> <span class='ocrx_word' id='word_1_700' title='bbox 728 4792 958 4850; x_wconf 79' lang='lat' dir='ltr'><strong>EtIunde</strong></span> <span class='ocrx_word' id='word_1_701' title='bbox 987 4809 1152 4865; x_wconf 84' lang='lat' dir='ltr'><strong>super</strong></span> <span class='ocrx_word' id='word_1_702' title='bbox 1173 4809 1269 4854; x_wconf 89' lang='lat' dir='ltr'><strong>eos</strong></span> <span class='ocrx_word' id='word_1_703' title='bbox 1301 4795 1433 4848; x_wconf 84' lang='lat' dir='ltr'><strong>iram</strong></span> <span class='ocrx_word' id='word_1_704' title='bbox 1466 4807 1639 4861; x_wconf 85' lang='lat' dir='ltr'><strong>tuam,</strong></span> <span class='ocrx_word' id='word_1_705' title='bbox 1668 4811 1832 4866; x_wconf 92' lang='lat' dir='ltr'><strong>quam</strong></span> <span class='ocrx_word' id='word_1_706' title='bbox 1887 4796 1939 4848; x_wconf 93' lang='lat' dir='ltr'><strong>hi</strong></span> <span class='ocrx_word' id='word_1_707' title='bbox 2001 4795 2107 4849; x_wconf 89' lang='lat' dir='ltr'><strong>soli</strong></span> 
     </span>
    </p>
   </div>
   <div class='ocr_carea' id='block_1_98' title="bbox 535 4885 2092 4958">
    <p class='ocr_par' dir='ltr' id='par_1_98' title="bbox 535 4885 2092 4958">
     <span class='ocr_line' id='line_1_98' title="bbox 535 4885 2092 4958; baseline 0.001 -19"><span class='ocrx_word' id='word_1_708' title='bbox 535 4885 745 4956; x_wconf 77' lang='lat' dir='ltr'><strong>fugient</strong></span> <span class='ocrx_word' id='word_1_709' title='bbox 775 4886 867 4955; x_wconf 90' lang='lat' dir='ltr'><strong>qui</strong></span> <span class='ocrx_word' id='word_1_710' title='bbox 896 4885 1184 4944; x_wconf 75' lang='lat' dir='ltr'><strong>eliundunt</strong></span> <span class='ocrx_word' id='word_1_711' title='bbox 1234 4901 1416 4942; x_wconf 83' lang='lat' dir='ltr'><strong>coram</strong></span> <span class='ocrx_word' id='word_1_712' title='bbox 1479 4885 1591 4944; x_wconf 91' lang='lat' dir='ltr'><strong>Deo</strong></span> <span class='ocrx_word' id='word_1_713' title='bbox 1652 4886 2092 4958; x_wconf 83' lang='lat' dir='ltr'><strong>deprecationem</strong></span> 
     </span>
    </p>
   </div>
   <div class='ocr_carea' id='block_1_99' title="bbox 535 4991 710 5032">
    <p class='ocr_par' dir='ltr' id='par_1_99' title="bbox 535 4991 710 5032">
     <span class='ocr_line' id='line_1_99' title="bbox 535 4991 710 5032; baseline 0.011 -2"><span class='ocrx_word' id='word_1_714' title='bbox 535 4991 710 5032; x_wconf 88' lang='lat' dir='ltr'><strong>suam.</strong></span> 
     </span>
    </p>
   </div>
   <div class='ocr_carea' id='block_1_100' title="bbox 600 5243 2104 5315">
    <p class='ocr_par' dir='ltr' id='par_1_100' title="bbox 600 5243 2104 5315">
     <span class='ocr_line' id='line_1_100' title="bbox 600 5243 2104 5315; baseline 0.001 -16"><span class='ocrx_word' id='word_1_715' title='bbox 600 5244 696 5301; x_wconf 74' lang='lat'><strong>28.</strong></span> <span class='ocrx_word' id='word_1_716' title='bbox 719 5243 780 5300; x_wconf 85' lang='lat' dir='ltr'><strong>In</strong></span> <span class='ocrx_word' id='word_1_717' title='bbox 809 5244 962 5300; x_wconf 86' lang='lat' dir='ltr'><strong>hisce</strong></span> <span class='ocrx_word' id='word_1_718' title='bbox 988 5246 1282 5299; x_wconf 87' lang='lat' dir='ltr'><strong>notandum</strong></span> <span class='ocrx_word' id='word_1_719' title='bbox 1318 5253 1402 5301; x_wconf 90' lang='lat' dir='ltr'><strong>est</strong></span> <span class='ocrx_word' id='word_1_720' title='bbox 1437 5248 1661 5301; x_wconf 84' lang='lat' dir='ltr'><strong>verbum</strong></span> <span class='ocrx_word' id='word_1_721' title='bbox 1687 5247 1978 5315; x_wconf 72' lang='lat' dir='ltr'><strong>effundam,</strong></span> <span class='ocrx_word' id='word_1_722' title='bbox 2010 5262 2104 5301; x_wconf 89' lang='lat' dir='ltr'><strong>ne-</strong></span> 
     </span>
    </p>
   </div>
   <div class='ocr_carea' id='block_1_101' title="bbox 533 5337 2102 5412">
    <p class='ocr_par' dir='ltr' id='par_1_101' title="bbox 533 5337 2102 5412">
     <span class='ocr_line' id='line_1_101' title="bbox 533 5337 2102 5412; baseline 0 -20"><span class='ocrx_word' id='word_1_723' title='bbox 533 5353 661 5392; x_wconf 80' lang='lat' dir='ltr'><strong>xum</strong></span> <span class='ocrx_word' id='word_1_724' title='bbox 695 5352 818 5392; x_wconf 85' lang='lat' dir='ltr'><strong>esse</strong></span> <span class='ocrx_word' id='word_1_725' title='bbox 842 5345 896 5392; x_wconf 91' lang='lat' dir='ltr'><strong>et</strong></span> <span class='ocrx_word' id='word_1_726' title='bbox 925 5339 1198 5392; x_wconf 79' lang='lat' dir='ltr'><strong>vinculum</strong></span> <span class='ocrx_word' id='word_1_727' title='bbox 1229 5337 1532 5394; x_wconf 84' lang='lat' dir='ltr'><strong>Salvatoris</strong></span> <span class='ocrx_word' id='word_1_728' title='bbox 1556 5339 1783 5402; x_wconf 87' lang='lat' dir='ltr'><strong>Christi,</strong></span> <span class='ocrx_word' id='word_1_729' title='bbox 1812 5354 1909 5412; x_wconf 87' lang='lat' dir='ltr'><strong>per</strong></span> <span class='ocrx_word' id='word_1_730' title='bbox 1957 5339 2102 5406; x_wconf 89' lang='lat' dir='ltr'><strong>quod</strong></span> 
     </span>
    </p>
   </div>
   <div class='ocr_carea' id='block_1_102' title="bbox 532 5428 2111 5499">
    <p class='ocr_par' dir='ltr' id='par_1_102' title="bbox 532 5428 2111 5499">
     <span class='ocr_line' id='line_1_102' title="bbox 532 5428 2111 5499; baseline -0.001 -15"><span class='ocrx_word' id='word_1_731' title='bbox 532 5445 639 5484; x_wconf 88' lang='lat' dir='ltr'><strong>non</strong></span> <span class='ocrx_word' id='word_1_732' title='bbox 671 5437 954 5499; x_wconf 87' lang='lat' dir='ltr'><strong>separatur</strong></span> <span class='ocrx_word' id='word_1_733' title='bbox 987 5429 1054 5482; x_wconf 88' lang='lat' dir='ltr'><strong>ab</strong></span> <span class='ocrx_word' id='word_1_734' title='bbox 1087 5428 1276 5484; x_wconf 85' lang='lat' dir='ltr'><strong>amicis</strong></span> <span class='ocrx_word' id='word_1_735' title='bbox 1311 5432 1467 5484; x_wconf 90' lang='lat' dir='ltr'><strong>suis:</strong></span> <span class='ocrx_word' id='word_1_736' title='bbox 1504 5431 1632 5482; x_wconf 89' lang='lat' dir='ltr'><strong>dum</strong></span> <span class='ocrx_word' id='word_1_737' title='bbox 1684 5431 1828 5482; x_wconf 85' lang='lat' dir='ltr'><strong>enim</strong></span> <span class='ocrx_word' id='word_1_738' title='bbox 1883 5428 2111 5482; x_wconf 69' lang='lat' dir='ltr'><strong>effundit</strong></span> 
     </span>
    </p>
   </div>
   <div class='ocr_carea' id='block_1_103' title="bbox 531 5521 2110 5591">
    <p class='ocr_par' dir='ltr' id='par_1_103' title="bbox 531 5521 2110 5591">
     <span class='ocr_line' id='line_1_103' title="bbox 531 5521 2110 5591; baseline -0.001 -13"><span class='ocrx_word' id='word_1_739' title='bbox 531 5521 772 5591; x_wconf 86' lang='lat' dir='ltr'><strong>Spiritus</strong></span> <span class='ocrx_word' id='word_1_740' title='bbox 798 5522 1025 5590; x_wconf 65' lang='lat' dir='ltr'><strong>gratiam</strong></span> <span class='ocrx_word' id='word_1_741' title='bbox 1052 5522 1106 5576; x_wconf 93' lang='lat' dir='ltr'><strong>in</strong></span> <span class='ocrx_word' id='word_1_742' title='bbox 1128 5537 1244 5588; x_wconf 89' lang='lat' dir='ltr'><strong>eos,</strong></span> <span class='ocrx_word' id='word_1_743' title='bbox 1279 5523 1358 5576; x_wconf 89' lang='lat' dir='ltr'><strong>sic</strong></span> <span class='ocrx_word' id='word_1_744' title='bbox 1387 5537 1604 5591; x_wconf 81' lang='lat' dir='ltr'><strong>semper</strong></span> <span class='ocrx_word' id='word_1_745' title='bbox 1639 5521 1778 5575; x_wconf 84' lang='lat' dir='ltr'><strong>inest</strong></span> <span class='ocrx_word' id='word_1_746' title='bbox 1815 5521 1932 5577; x_wconf 88' lang='lat' dir='ltr'><strong>eis:</strong></span> <span class='ocrx_word' id='word_1_747' title='bbox 1967 5522 2110 5590; x_wconf 88' lang='lat' dir='ltr'><strong>quod</strong></span> 
     </span>
    </p>
   </div>
   <div class='ocr_carea' id='block_1_104' title="bbox 532 5611 2112 5684">
    <p class='ocr_par' dir='ltr' id='par_1_104' title="bbox 532 5611 2112 5684">
     <span class='ocr_line' id='line_1_104' title="bbox 532 5611 2112 5684; baseline -0.002 -15"><span class='ocrx_word' id='word_1_748' title='bbox 532 5613 791 5684; x_wconf 84' lang='lat' dir='ltr'><strong>Spiritum</strong></span> <span class='ocrx_word' id='word_1_749' title='bbox 823 5623 1002 5669; x_wconf 86' lang='lat' dir='ltr'><strong>autem</strong></span> <span class='ocrx_word' id='word_1_750' title='bbox 1044 5613 1255 5678; x_wconf 90' lang='lat' dir='ltr'><strong>attinet,</strong></span> <span class='ocrx_word' id='word_1_751' title='bbox 1289 5611 1660 5666; x_wconf 79' lang='lat' dir='ltr'><strong>continebitur</strong></span> <span class='ocrx_word' id='word_1_752' title='bbox 1684 5613 1738 5665; x_wconf 92' lang='lat' dir='ltr'><strong>in</strong></span> <span class='ocrx_word' id='word_1_753' title='bbox 1771 5627 1904 5666; x_wconf 87' lang='lat' dir='ltr'><strong>voce</strong></span> <span class='ocrx_word' id='word_1_754' title='bbox 1935 5616 2112 5680; x_wconf 72' lang='lat' dir='ltr'><strong>effun-</strong></span> 
     </span>
    </p>
   </div>
   <div class='ocr_carea' id='block_1_105' title="bbox 533 5705 2112 5776">
    <p class='ocr_par' dir='ltr' id='par_1_105' title="bbox 533 5705 2112 5776">
     <span class='ocr_line' id='line_1_105' title="bbox 533 5705 2112 5776; baseline 0 -13"><span class='ocrx_word' id='word_1_755' title='bbox 533 5712 678 5772; x_wconf 81' lang='lat' dir='ltr'><strong>dam,</strong></span> <span class='ocrx_word' id='word_1_756' title='bbox 706 5718 764 5762; x_wconf 89' lang='lat' dir='ltr'><strong>ut</strong></span> <span class='ocrx_word' id='word_1_757' title='bbox 799 5707 1012 5762; x_wconf 87' lang='lat' dir='ltr'><strong>dicatur</strong></span> <span class='ocrx_word' id='word_1_758' title='bbox 1039 5724 1052 5762; x_wconf 89' lang='lat'>:</span> <span class='ocrx_word' id='word_1_759' title='bbox 1090 5707 1164 5762; x_wconf 87' lang='lat' dir='ltr'><strong>De</strong></span> <span class='ocrx_word' id='word_1_760' title='bbox 1194 5705 1394 5774; x_wconf 83' lang='lat' dir='ltr'><strong>Spiritu</strong></span> <span class='ocrx_word' id='word_1_761' title='bbox 1421 5722 1531 5759; x_wconf 81' lang='lat' dir='ltr'><strong>mea</strong></span> <span class='ocrx_word' id='word_1_762' title='bbox 1583 5706 1868 5776; x_wconf 73' lang='lat' dir='ltr'><strong>eﬂundam.</strong></span> <span class='ocrx_word' id='word_1_763' title='bbox 1930 5707 2112 5763; x_wconf 82' lang='lat' dir='ltr'><strong>Facile</strong></span> 
     </span>
    </p>
   </div>
   <div class='ocr_carea' id='block_1_106' title="bbox 543 5797 2104 5869">
    <p class='ocr_par' dir='ltr' id='par_1_106' title="bbox 543 5797 2104 5869">
     <span class='ocr_line' id='line_1_106' title="bbox 543 5797 2104 5869; baseline 0.003 -17"><span class='ocrx_word' id='word_1_764' title='bbox 543 5811 719 5856; x_wconf 82' lang='lat' dir='ltr'><strong>autem</strong></span> <span class='ocrx_word' id='word_1_765' title='bbox 744 5801 1062 5869; x_wconf 72' lang='lat' dir='ltr'><strong>intelligitur</strong></span> <span class='ocrx_word' id='word_1_766' title='bbox 1081 5799 1183 5852; x_wconf 89' lang='lat' dir='ltr'><strong>hoc</strong></span> <span class='ocrx_word' id='word_1_767' title='bbox 1205 5816 1217 5851; x_wconf 85' lang='lat'><strong>:</strong></span> <span class='ocrx_word' id='word_1_768' title='bbox 1240 5797 1523 5852; x_wconf 66' lang='lat' dir='ltr'><strong>Edundam</strong></span> <span class='ocrx_word' id='word_1_769' title='bbox 1548 5799 1772 5868; x_wconf 72' lang='lat' dir='ltr'><strong>gratiam</strong></span> <span class='ocrx_word' id='word_1_770' title='bbox 1791 5797 2031 5868; x_wconf 83' lang='lat' dir='ltr'><strong>Spiritus</strong></span> <span class='ocrx_word' id='word_1_771' title='bbox 2051 5802 2104 5856; x_wconf 87' lang='lat' dir='ltr'><strong>in</strong></span> 
     </span>
    </p>
   </div>
   <div class='ocr_carea' id='block_1_107' title="bbox 2212 4583 3786 4660">
    <p class='ocr_par' dir='ltr' id='par_1_107' title="bbox 2212 4583 3786 4660">
     <span class='ocr_line' id='line_1_107' title="bbox 2212 4583 3786 4660; baseline -0.004 -18"><span class='ocrx_word' id='word_1_772' title='bbox 2212 4591 2505 4660; x_wconf 79' lang='grc' dir='ltr'>θαλάσσηςέ</span> <span class='ocrx_word' id='word_1_773' title='bbox 2525 4591 2732 4660; x_wconf 82' lang='grc' dir='ltr'>χυδαῑοι</span> <span class='ocrx_word' id='word_1_774' title='bbox 2771 4589 3012 4658; x_wconf 77' lang='grc' dir='ltr'>ἐγίνοντο</span> <span class='ocrx_word' id='word_1_775' title='bbox 3038 4591 3130 4643; x_wconf 70' lang='grc' dir='ltr'><strong>ἐπὶ</strong></span> <span class='ocrx_word' id='word_1_776' title='bbox 3154 4590 3253 4658; x_wconf 77' lang='grc' dir='ltr'>τῆς</span> <span class='ocrx_word' id='word_1_777' title='bbox 3282 4591 3385 4658; x_wconf 73' lang='grc' dir='ltr'>γῆς</span> <span class='ocrx_word' id='word_1_778' title='bbox 3408 4604 3425 4620; x_wconf 68' lang='grc' dir='ltr'><strong>θ</strong></span> <span class='ocrx_word' id='word_1_779' title='bbox 3458 4588 3692 4642; x_wconf 87' lang='grc' dir='ltr'>τοιοῦτον</span> <span class='ocrx_word' id='word_1_780' title='bbox 3726 4583 3786 4636; x_wconf 76' lang='grc' dir='ltr'><strong>δὲ</strong></span> 
     </span>
    </p>
   </div>
   <div class='ocr_carea' id='block_1_108' title="bbox 2211 4679 3787 4754">
    <p class='ocr_par' dir='ltr' id='par_1_108' title="bbox 2211 4679 3787 4754">
     <span class='ocr_line' id='line_1_108' title="bbox 2211 4679 3787 4754; baseline -0.006 -19"><span class='ocrx_word' id='word_1_781' title='bbox 2211 4683 2466 4754; x_wconf 74' lang='grc' dir='ltr'>οὐράνιον</span> <span class='ocrx_word' id='word_1_782' title='bbox 2495 4682 2678 4752; x_wconf 85' lang='grc' dir='ltr'>χεῦμα</span> <span class='ocrx_word' id='word_1_783' title='bbox 2711 4682 2884 4750; x_wconf 84' lang='grc' dir='ltr'>γλυκὺ</span> <span class='ocrx_word' id='word_1_784' title='bbox 2928 4683 3023 4734; x_wconf 70' lang='grc' dir='ltr'>καὶ</span> <span class='ocrx_word' id='word_1_785' title='bbox 3059 4681 3318 4751; x_wconf 85' lang='grc' dir='ltr'>ἱλαρίνον,</span> <span class='ocrx_word' id='word_1_786' title='bbox 3349 4681 3446 4733; x_wconf 72' lang='grc' dir='ltr'>καὶ</span> <span class='ocrx_word' id='word_1_787' title='bbox 3478 4679 3787 4749; x_wconf 75' lang='grc' dir='ltr'>παρήγορον</span> 
     </span>
    </p>
   </div>
   <div class='ocr_carea' id='block_1_109' title="bbox 2209 4771 3788 4846">
    <p class='ocr_par' dir='ltr' id='par_1_109' title="bbox 2209 4771 3788 4846">
     <span class='ocr_line' id='line_1_109' title="bbox 2209 4771 3788 4846; baseline -0.004 -19"><span class='ocrx_word' id='word_1_788' title='bbox 2209 4775 2428 4844; x_wconf 67' lang='grc' dir='ltr'>ἔχοντες</span> <span class='ocrx_word' id='word_1_789' title='bbox 2449 4776 2544 4829; x_wconf 79' lang='grc' dir='ltr'>καὶ</span> <span class='ocrx_word' id='word_1_790' title='bbox 2570 4777 2753 4846; x_wconf 76' lang='grc' dir='ltr'>ἡμεῖς,</span> <span class='ocrx_word' id='word_1_791' title='bbox 2780 4776 2875 4828; x_wconf 80' lang='grc' dir='ltr'>καὶ</span> <span class='ocrx_word' id='word_1_792' title='bbox 2898 4774 3178 4844; x_wconf 89' lang='grc' dir='ltr'>χαίροντες</span> <span class='ocrx_word' id='word_1_793' title='bbox 3201 4777 3264 4845; x_wconf 83' lang='grc' dir='ltr'><strong>τῇ</strong></span> <span class='ocrx_word' id='word_1_794' title='bbox 3294 4773 3504 4827; x_wconf 80' lang='grc' dir='ltr'>ἄνωθεν</span> <span class='ocrx_word' id='word_1_795' title='bbox 3523 4771 3788 4840; x_wconf 80' lang='grc' dir='ltr'>ἀγαθοχυ-</span> 
     </span>
    </p>
   </div>
   <div class='ocr_carea' id='block_1_110' title="bbox 2211 4863 3789 4940">
    <p class='ocr_par' dir='ltr' id='par_1_110' title="bbox 2211 4863 3789 4940">
     <span class='ocr_line' id='line_1_110' title="bbox 2211 4863 3789 4940; baseline -0.006 -19"><span class='ocrx_word' id='word_1_796' title='bbox 2211 4869 2322 4940; x_wconf 77' lang='grc' dir='ltr'>σία,</span> <span class='ocrx_word' id='word_1_797' title='bbox 2345 4869 2496 4939; x_wconf 81' lang='grc' dir='ltr'>ὅμως</span> <span class='ocrx_word' id='word_1_798' title='bbox 2517 4867 2890 4938; x_wconf 79' lang='grc' dir='ltr'>ὲνθυμοίμεθα</span> <span class='ocrx_word' id='word_1_799' title='bbox 2913 4868 3007 4920; x_wconf 74' lang='grc' dir='ltr'>καὶ</span> <span class='ocrx_word' id='word_1_800' title='bbox 3049 4867 3287 4937; x_wconf 77' lang='grc' dir='ltr'>ἑτεροῖα,</span> <span class='ocrx_word' id='word_1_801' title='bbox 3309 4868 3404 4920; x_wconf 65' lang='grc' dir='ltr'><strong>καλ⁵</strong></span> <span class='ocrx_word' id='word_1_802' title='bbox 3420 4867 3612 4920; x_wconf 78' lang='grc' dir='ltr'>αὐτίκα</span> <span class='ocrx_word' id='word_1_803' title='bbox 3632 4863 3789 4916; x_wconf 83' lang='grc' dir='ltr'>εὐλα-</span> 
     </span>
    </p>
   </div>
   <div class='ocr_carea' id='block_1_111' title="bbox 2212 4955 3790 5030">
    <p class='ocr_par' dir='ltr' id='par_1_111' title="bbox 2212 4955 3790 5030">
     <span class='ocr_line' id='line_1_111' title="bbox 2212 4955 3790 5030; baseline -0.005 -19"><span class='ocrx_word' id='word_1_804' title='bbox 2212 4960 2461 5030; x_wconf 82' lang='grc' dir='ltr'>ϐοίμεθα,</span> <span class='ocrx_word' id='word_1_805' title='bbox 2485 4961 2580 5013; x_wconf 73' lang='grc' dir='ltr'>καὶ</span> <span class='ocrx_word' id='word_1_806' title='bbox 2599 4959 3044 5029; x_wconf 86' lang='grc' dir='ltr'>συστελλοίμεθα,</span> <span class='ocrx_word' id='word_1_807' title='bbox 3064 4959 3159 5012; x_wconf 73' lang='grc' dir='ltr'>καὶ</span> <span class='ocrx_word' id='word_1_808' title='bbox 3189 4959 3392 5028; x_wconf 80' lang='grc' dir='ltr'>μᾶλλον</span> <span class='ocrx_word' id='word_1_809' title='bbox 3418 4959 3506 5011; x_wconf 76' lang='grc' dir='ltr'>ὅτε</span> <span class='ocrx_word' id='word_1_810' title='bbox 3527 4955 3790 5021; x_wconf 83' lang='grc' dir='ltr'>ἀκούομεν</span> 
     </span>
    </p>
   </div>
   <div class='ocr_carea' id='block_1_112' title="bbox 2211 5044 3789 5122">
    <p class='ocr_par' dir='ltr' id='par_1_112' title="bbox 2211 5044 3789 5122">
     <span class='ocr_line' id='line_1_112' title="bbox 2211 5044 3789 5122; baseline -0.006 -17"><span class='ocrx_word' id='word_1_811' title='bbox 2211 5051 2532 5122; x_wconf 75' lang='grc' dir='ltr'>τὸ,Ἔκχεον</span> <span class='ocrx_word' id='word_1_812' title='bbox 2546 5052 2837 5114; x_wconf 81' lang='grc' dir='ltr'>ὲπ⁹αὐτούς</span> <span class='ocrx_word' id='word_1_813' title='bbox 2853 5054 2952 5120; x_wconf 73' lang='grc' dir='ltr'>τὴν</span> <span class='ocrx_word' id='word_1_814' title='bbox 2965 5051 3137 5120; x_wconf 79' lang='grc' dir='ltr'>ὀργήν</span> <span class='ocrx_word' id='word_1_815' title='bbox 3154 5066 3269 5113; x_wconf 83' lang='grc' dir='ltr'>σου,</span> <span class='ocrx_word' id='word_1_816' title='bbox 3283 5051 3350 5121; x_wconf 78' lang='grc' dir='ltr'>ἢν</span> <span class='ocrx_word' id='word_1_817' title='bbox 3371 5052 3520 5120; x_wconf 87' lang='grc' dir='ltr'>μόνοι</span> <span class='ocrx_word' id='word_1_818' title='bbox 3541 5044 3789 5117; x_wconf 69' lang='grc' dir='ltr'>φευξοῦνο</span> 
     </span>
    </p>
   </div>
   <div class='ocr_carea' id='block_1_113' title="bbox 2211 5138 3785 5214">
    <p class='ocr_par' dir='ltr' id='par_1_113' title="bbox 2211 5138 3785 5214">
     <span class='ocr_line' id='line_1_113' title="bbox 2211 5138 3785 5214; baseline -0.005 -18"><span class='ocrx_word' id='word_1_819' title='bbox 2211 5159 2302 5197; x_wconf 83' lang='grc' dir='ltr'><strong>ται</strong></span> <span class='ocrx_word' id='word_1_820' title='bbox 2319 5145 2372 5196; x_wconf 83' lang='lat' dir='ltr'><strong>oi</strong></span> <span class='ocrx_word' id='word_1_821' title='bbox 2397 5144 2679 5214; x_wconf 68' lang='grc' dir='ltr'>ἐκχέοντες</span> <span class='ocrx_word' id='word_1_822' title='bbox 2706 5141 2936 5196; x_wconf 74' lang='grc' dir='ltr'>ἐνώπιον</span> <span class='ocrx_word' id='word_1_823' title='bbox 2959 5143 3052 5196; x_wconf 85' lang='grc' dir='ltr'><strong>τοῦ</strong></span> <span class='ocrx_word' id='word_1_824' title='bbox 3077 5141 3216 5194; x_wconf 83' lang='grc' dir='ltr'>Θεοῦ</span> <span class='ocrx_word' id='word_1_825' title='bbox 3242 5142 3343 5209; x_wconf 80' lang='grc' dir='ltr'>τὴν</span> <span class='ocrx_word' id='word_1_826' title='bbox 3369 5142 3552 5208; x_wconf 82' lang='grc' dir='ltr'>δέησιν</span> <span class='ocrx_word' id='word_1_827' title='bbox 3587 5138 3785 5191; x_wconf 72' lang='grc' dir='ltr'>αὐτῶν.</span> 
     </span>
    </p>
   </div>
   <div class='ocr_carea' id='block_1_114' title="bbox 2285 5222 3789 5305">
    <p class='ocr_par' dir='ltr' id='par_1_114' title="bbox 2285 5222 3789 5305">
     <span class='ocr_line' id='line_1_114' title="bbox 2285 5222 3789 5305; baseline -0.009 -15"><span class='ocrx_word' id='word_1_828' title='bbox 2285 5234 2393 5304; x_wconf 87' lang='grc' dir='ltr'>κη’.</span> <span class='ocrx_word' id='word_1_829' title='bbox 2426 5235 2666 5305; x_wconf 84' lang='grc' dir='ltr'>Νοητέον</span> <span class='ocrx_word' id='word_1_830' title='bbox 2723 5233 2768 5286; x_wconf 84' lang='grc' dir='ltr'><strong>δ’</strong></span> <span class='ocrx_word' id='word_1_831' title='bbox 2798 5236 2854 5288; x_wconf 78' lang='grc' dir='ltr'>ἐν</span> <span class='ocrx_word' id='word_1_832' title='bbox 2887 5233 3098 5296; x_wconf 77' lang='grc' dir='ltr'>τούτοις</span> <span class='ocrx_word' id='word_1_833' title='bbox 3145 5234 3207 5285; x_wconf 75' lang='grc' dir='ltr'>τὸ</span> <span class='ocrx_word' id='word_1_834' title='bbox 3237 5231 3446 5301; x_wconf 75' lang='grc' dir='ltr'>ἐκχεῶ,</span> <span class='ocrx_word' id='word_1_835' title='bbox 3501 5232 3622 5302; x_wconf 65' lang='grc' dir='ltr'>ἄψιν</span> <span class='ocrx_word' id='word_1_836' title='bbox 3673 5222 3789 5278; x_wconf 75' lang='grc' dir='ltr'>οἷόν</span> 
     </span>
    </p>
   </div>
   <div class='ocr_carea' id='block_1_115' title="bbox 2210 5318 3788 5398">
    <p class='ocr_par' dir='ltr' id='par_1_115' title="bbox 2210 5318 3788 5398">
     <span class='ocr_line' id='line_1_115' title="bbox 2210 5318 3788 5398; baseline -0.006 -18"><span class='ocrx_word' id='word_1_837' title='bbox 2210 5344 2334 5380; x_wconf 86' lang='grc' dir='ltr'>τινα</span> <span class='ocrx_word' id='word_1_838' title='bbox 2361 5331 2454 5380; x_wconf 58' lang='grc' dir='ltr'><strong>καὶ⁸</strong></span> <span class='ocrx_word' id='word_1_839' title='bbox 2483 5326 2630 5398; x_wconf 76' lang='grc' dir='ltr'><strong>ἁφὴν</strong></span> <span class='ocrx_word' id='word_1_840' title='bbox 2651 5326 2744 5379; x_wconf 87' lang='grc' dir='ltr'>τοῦ</span> <span class='ocrx_word' id='word_1_841' title='bbox 2773 5326 3024 5395; x_wconf 78' lang='grc' dir='ltr'>Σωτῆρος</span> <span class='ocrx_word' id='word_1_842' title='bbox 3052 5324 3314 5396; x_wconf 78' lang='grc' dir='ltr'>Χριστοῦ,</span> <span class='ocrx_word' id='word_1_843' title='bbox 3344 5325 3410 5377; x_wconf 80' lang='grc' dir='ltr'><strong>δι’</strong></span> <span class='ocrx_word' id='word_1_844' title='bbox 3437 5320 3503 5396; x_wconf 80' lang='grc' dir='ltr'>ἧς</span> <span class='ocrx_word' id='word_1_845' title='bbox 3523 5324 3580 5375; x_wconf 80' lang='grc' dir='ltr'><strong>οὐ</strong></span> <span class='ocrx_word' id='word_1_846' title='bbox 3600 5318 3788 5385; x_wconf 66' lang='grc' dir='ltr'>νοσφί-</span> 
     </span>
    </p>
   </div>
   <div class='ocr_carea' id='block_1_116' title="bbox 2213 5409 3788 5488">
    <p class='ocr_par' dir='ltr' id='par_1_116' title="bbox 2213 5409 3788 5488">
     <span class='ocr_line' id='line_1_116' title="bbox 2213 5409 3788 5488; baseline -0.008 -18"><span class='ocrx_word' id='word_1_847' title='bbox 2213 5419 2368 5482; x_wconf 79' lang='grc' dir='ltr'>ζεται</span> <span class='ocrx_word' id='word_1_848' title='bbox 2396 5419 2508 5471; x_wconf 85' lang='grc' dir='ltr'><strong>τῶν</strong></span> <span class='ocrx_word' id='word_1_849' title='bbox 2537 5418 2704 5471; x_wconf 80' lang='grc' dir='ltr'>αὑτοῦ</span> <span class='ocrx_word' id='word_1_850' title='bbox 2731 5418 2926 5488; x_wconf 81' lang='grc' dir='ltr'>φίλων.</span> <span class='ocrx_word' id='word_1_851' title='bbox 2969 5418 3198 5488; x_wconf 78' lang='grc' dir='ltr'>Ἐκχέας</span> <span class='ocrx_word' id='word_1_852' title='bbox 3224 5418 3336 5487; x_wconf 82' lang='grc' dir='ltr'>γὰρ</span> <span class='ocrx_word' id='word_1_853' title='bbox 3363 5416 3461 5485; x_wconf 76' lang='grc' dir='ltr'>τὴν</span> <span class='ocrx_word' id='word_1_854' title='bbox 3493 5414 3584 5468; x_wconf 87' lang='grc' dir='ltr'>τοῦ</span> <span class='ocrx_word' id='word_1_855' title='bbox 3612 5409 3788 5466; x_wconf 64' lang='grc' dir='ltr'>Πνεῦ-</span> 
     </span>
    </p>
   </div>
   <div class='ocr_carea' id='block_1_117' title="bbox 2216 5502 3788 5580">
    <p class='ocr_par' dir='ltr' id='par_1_117' title="bbox 2216 5502 3788 5580">
     <span class='ocr_line' id='line_1_117' title="bbox 2216 5502 3788 5580; baseline -0.001 -17"><span class='ocrx_word' id='word_1_856' title='bbox 2216 5528 2386 5580; x_wconf 85' lang='grc' dir='ltr'>ματος</span> <span class='ocrx_word' id='word_1_857' title='bbox 2413 5512 2575 5580; x_wconf 86' lang='grc' dir='ltr'>χάριν</span> <span class='ocrx_word' id='word_1_858' title='bbox 2611 5511 2701 5562; x_wconf 77' lang='grc' dir='ltr'><strong>ἐπ’</strong></span> <span class='ocrx_word' id='word_1_859' title='bbox 2747 5510 2951 5572; x_wconf 81' lang='grc' dir='ltr'>αὐτῶν,</span> <span class='ocrx_word' id='word_1_860' title='bbox 2989 5513 3083 5563; x_wconf 80' lang='grc' dir='ltr'>καὶ</span> <span class='ocrx_word' id='word_1_861' title='bbox 3113 5512 3364 5564; x_wconf 87' lang='grc' dir='ltr'>σύνεστιν</span> <span class='ocrx_word' id='word_1_862' title='bbox 3415 5508 3583 5569; x_wconf 80' lang='grc' dir='ltr'>οὕτως</span> <span class='ocrx_word' id='word_1_863' title='bbox 3606 5502 3788 5561; x_wconf 75' lang='grc' dir='ltr'>αὐτοῖς</span> 
     </span>
    </p>
   </div>
   <div class='ocr_carea' id='block_1_118' title="bbox 2214 5600 3786 5672">
    <p class='ocr_par' dir='ltr' id='par_1_118' title="bbox 2214 5600 3786 5672">
     <span class='ocr_line' id='line_1_118' title="bbox 2214 5600 3786 5672; baseline -0.007 -15"><span class='ocrx_word' id='word_1_864' title='bbox 2214 5605 2422 5658; x_wconf 83' lang='grc' dir='ltr'>εἰσαεί’</span> <span class='ocrx_word' id='word_1_865' title='bbox 2471 5604 2532 5655; x_wconf 85' lang='grc' dir='ltr'>τὸ</span> <span class='ocrx_word' id='word_1_866' title='bbox 2583 5603 2640 5656; x_wconf 78' lang='grc' dir='ltr'><strong>δὲ</strong></span> <span class='ocrx_word' id='word_1_867' title='bbox 2672 5604 2780 5658; x_wconf 85' lang='grc' dir='ltr'>τοῦ</span> <span class='ocrx_word' id='word_1_868' title='bbox 2810 5604 3176 5671; x_wconf 78' lang='grc' dir='ltr'>[1νεύματος,</span> <span class='ocrx_word' id='word_1_869' title='bbox 3231 5600 3624 5672; x_wconf 72' lang='grc' dir='ltr'>κολληθήσεται</span> <span class='ocrx_word' id='word_1_870' title='bbox 3676 5609 3786 5663; x_wconf 73' lang='grc' dir='ltr'><strong>μεν</strong></span> 
     </span>
    </p>
   </div>
   <div class='ocr_carea' id='block_1_119' title="bbox 2213 5682 3787 5765">
    <p class='ocr_par' dir='ltr' id='par_1_119' title="bbox 2213 5682 3787 5765">
     <span class='ocr_line' id='line_1_119' title="bbox 2213 5682 3787 5765; baseline -0.006 -15"><span class='ocrx_word' id='word_1_871' title='bbox 2213 5694 2476 5763; x_wconf 75' lang='grc' dir='ltr'>ἀσφαλῶς</span> <span class='ocrx_word' id='word_1_872' title='bbox 2506 5693 2602 5748; x_wconf 80' lang='grc' dir='ltr'>καὶ</span> <span class='ocrx_word' id='word_1_873' title='bbox 2629 5697 2708 5759; x_wconf 81' lang='grc' dir='ltr'><strong>εἰς</strong></span> <span class='ocrx_word' id='word_1_874' title='bbox 2746 5699 2807 5748; x_wconf 81' lang='grc' dir='ltr'>τὸ</span> <span class='ocrx_word' id='word_1_875' title='bbox 2842 5691 3054 5763; x_wconf 77' lang='grc' dir='ltr'>ἐκχεῶ,</span> <span class='ocrx_word' id='word_1_876' title='bbox 3099 5695 3184 5746; x_wconf 74' lang='grc' dir='ltr'>ἵνα</span> <span class='ocrx_word' id='word_1_877' title='bbox 3233 5695 3366 5765; x_wconf 77' lang='grc' dir='ltr'>λέγῃ</span> <span class='ocrx_word' id='word_1_878' title='bbox 3419 5695 3501 5746; x_wconf 79' lang='grc' dir='ltr'>ὅτι</span> <span class='ocrx_word' id='word_1_879' title='bbox 3525 5691 3621 5744; x_wconf 68' lang='grc' dir='ltr'>Ἐκ</span> <span class='ocrx_word' id='word_1_880' title='bbox 3671 5682 3787 5737; x_wconf 74' lang='grc' dir='ltr'>τοῦ</span> 
     </span>
    </p>
   </div>
   <div class='ocr_carea' id='block_1_120' title="bbox 2216 5775 3783 5858">
    <p class='ocr_par' dir='ltr' id='par_1_120' title="bbox 2216 5775 3783 5858">
     <span class='ocr_line' id='line_1_120' title="bbox 2216 5775 3783 5858; baseline -0.006 -15"><span class='ocrx_word' id='word_1_881' title='bbox 2216 5788 2561 5858; x_wconf 74' lang='grc' dir='ltr'>Πνεύματός</span> <span class='ocrx_word' id='word_1_882' title='bbox 2588 5806 2706 5857; x_wconf 79' lang='grc' dir='ltr'><strong>μου</strong></span> <span class='ocrx_word' id='word_1_883' title='bbox 2737 5788 2926 5858; x_wconf 76' lang='grc' dir='ltr'>ἐκχεῶ</span> <span class='ocrx_word' id='word_1_884' title='bbox 2945 5800 2960 5819; x_wconf 78' lang='grc'><strong><em>⁸</em></strong></span> <span class='ocrx_word' id='word_1_885' title='bbox 2995 5787 3272 5842; x_wconf 75' lang='grc' dir='ltr'>εύοδοῦται</span> <span class='ocrx_word' id='word_1_886' title='bbox 3299 5786 3356 5840; x_wconf 66' lang='grc' dir='ltr'><strong>δὲ</strong></span> <span class='ocrx_word' id='word_1_887' title='bbox 3385 5785 3550 5842; x_wconf 75' lang='grc' dir='ltr'>καὶτὸ</span> <span class='ocrx_word' id='word_1_888' title='bbox 3575 5775 3783 5849; x_wconf 65' lang='grc' dir='ltr'>ἐκχεῶ,</span> 
     </span>
    </p>
   </div>
  </div>
