3968 6244
434 297 538 362 54Ἱ
1143 283 1562 349 EUSTATHII
1599 280 1890 342 THESSA
1901 277 2042 337 [ΟΝ
2057 271 2352 336 [CENSIS
2388 263 2952 330 METROPOLITE
3585 251 3691 317 5&8

425 413 701 470 verat-itas
738 408 975 480 ;dcinde
1029 402 1388 461 discutiendae
1426 399 1656 456 veniunt
1716 410 1813 467 pro
1869 393 2039 458 luci-,

2150 390 2202 442 αἱ
2227 387 2319 441 τδν
2347 385 2502 452 λόγον
2541 383 2811 453 βεϐηκότα
2836 395 2849 407 '
2894 379 3042 448 ὅμως
3074 375 3206 446 πρὶς
3238 373 3530 444 ἀκρίϐειαν
3564 375 3693 444 ὅρου

427 508 596 562 ditute
614 505 842 574 singulae
866 499 1100 570 stropha:
1122 505 1326 567 partes.

2151 483 2206 534 ὲν
2231 478 2623 548 κατηγορεῖται
2653 474 2710 525 τὸ
2738 469 2993 542 βεϐηκὸς,
3035 469 3196 537 λόγου
3227 469 3285 522 δὲ
3319 467 3377 521 τὸ
3411 468 3646 537 ἀτρεκές
3677 482 3690 497 ’

2101 569 2222 627 εἶτα
2249 571 2304 624 δὲ
2339 566 2660 637 διαληπτέον
2695 566 2789 617 ἐπὶ
2816 560 3087 632 σαφηνείᾳ
3114 561 3208 614 καὶ
3247 559 3314 614 τὰ
3351 559 3498 614 κατὰ
3532 559 3699 629 μέρος

505 775 592 828 51.
619 770 889 841 Duplicem
915 767 1114 840 praebet
1143 778 1364 821 sensum
1390 760 1614 815 verbum
1645 759 1802 828 ὅρος
1838 769 2005 809 enun-

435 865 598 917 tiatur
630 861 772 916 enim
799 860 926 929 ὅρος
958 856 1263 912 masculino
1294 868 1511 924 genere,
1548 850 1710 919 vulgo
1740 856 1791 902 et
1827 849 1995 899 usita-

431 954 694 1008 tisissime
725 963 938 1005 terrena
997 946 1460 1014 circumscriptio,
1517 943 1569 996 id
1607 950 1688 994 est
1732 935 2001 1010 (ὁρισμός)

431 1044 576 1113 quod
613 1047 680 1097 ab
710 1044 841 1115 ὁρᾷν
873 1041 1158 1095 deducitur
1192 1054 1207 1104 ;
1241 1038 1363 1090 talis
1397 1036 1539 1089 enim
1574 1033 1843 1085 terminus
1875 1027 2010 1082 visi—

433 1135 540 1187 bile
568 1142 620 1187 et
649 1132 822 1186 oculis
877 1127 1175 1199 spectabile
1225 1126 1354 1180 facit
1389 1121 1820 1190 uniuscujusque
1875 1132 2014 1186 pne-

435 1228 604 1290 dium,
630 1225 711 1278 vel
729 1223 1008 1284 vitem,vel
1033 1221 1276 1282 hortum,
1298 1217 1380 1272 vel
1397 1227 1781 1285 quemcunque
1804 1212 2008 1275 locum;

436 1318 607 1371 locale
633 1316 777 1370 enim
810 1315 1035 1368 verbum
1065 1319 1150 1364 est
1177 1312 1268 1364 hic
1288 1311 1432 1378 ὅρος,
1461 1319 1515 1362 et
1546 1316 1669 1376 apte
1692 1306 1894 1359 dicitur
1928 1301 2018 1353 lir-

443 1423 621 1474 muin;
654 1409 794 1459 unde
827 1404 1186 1474 proverbialis
1218 1399 1512 1463 sententia,
1543 1404 1795 1466 oportere
1826 1403 1883 1446 ut
1909 1406 2020 1444 ma-

442 1509 567 1553 neat
587 1499 818 1567 quisque
837 1497 976 1548 intra
1003 1495 1296 1547 terminum
1325 1506 1508 1550 suum,
1541 1487 1592 1540 id
1610 1498 1820 1542 estnon
1848 1493 2024 1537 trans-

439 1591 716 1660 grcdiatur
757 1586 898 1657 quod
927 1588 1135 1654 justum
1181 1593 1234 1637 et
1260 1590 1508 1636 sanctum
1565 1589 1646 1632 est
1678 1595 1694 1645 ;
1728 1577 1868 1630 idem
1925 1592 2022 1624 an-

442 1689 546 1734 teut
579 1668 778 1732 dicitur
813 1678 959 1748 ὃριον
989 1687 1182 1728 neutro
1213 1686 1409 1742 genere
1443 1686 1459 1736 ;
1494 1671 1635 1722 unde
1679 1668 2025 1737 proverbium

2102 663 2198 716 τοῦ
2233 663 2558 733 τροπαρίου.

2175 761 2284 807 κα’.
2326 752 2656 821 Ὀμὼνυμος
2697 750 2842 814 λέξις
2879 751 2906 802 ὁ
2942 749 3068 818 ὅρος
3094 766 3108 778 ’
3169 748 3296 815 ὅρος
3331 746 3442 815 γὰρ
3471 744 3696 811 λέγεται

2105 845 2436 916 ἀρρενικῶς,
2467 843 2663 902 κοινῶς
2695 841 2796 912 μὲν
2829 841 2924 894 καὶ
2954 839 3333 910 συνηθέστατα
3356 840 3390 908 ἡ
3420 839 3566 891 κατὰ
3595 836 3700 904 γῆν
3795 866 3810 886 .

2117 938 2462 1009 περιγραφὴ,
2512 939 2648 1005 ὅπερ
2694 935 2846 986 ἐστὶν
2881 932 3138 1002 ὁρισμὸς,
3173 931 3325 999 παρὰ
3358 931 3491 1001 ὁρᾷν
3540 925 3701 992 αὐτὸς

2113 1030 2402 1098 γενόμενος
2429 1045 2444 1058 ·
2464 1027 2724 1095 εὐορατον
2753 1028 2861 1096 γάρ
2891 1027 2917 1078 ὀ
2948 1024 3191 1085 τοιοῦτος
3223 1023 3348 1092 ὄρος
3381 1024 3473 1074 καὶ
3500 1021 3702 1073 εὐσύν-

2121 1139 2286 1175 οπτον
2356 1122 2503 1174 ποιεῖ
2547 1120 2604 1172 τὸ
2645 1121 2903 1184 ἑκάστου,
2933 1116 2965 1187 ἢ
2997 1117 3298 1186 χωράφιον,
3332 1114 3364 1184 ἢ
3405 1114 3701 1182 ἁμπέλιον,
3757 1166 3762 1169 _

2114 1215 2147 1283 ἢ
2171 1213 2430 1282 γήπεδον,
2481 1213 2513 1281 ἢ
2548 1213 2702 1277 ιὄὶως
2733 1213 2910 1262 εἰπεῖν
2949 1211 3172 1260 τόπιον·
3213 1209 3412 1275 τοπικὴ
3460 1207 3572 1276 γάρ
3623 1223 3705 1268 τις

2115 1304 2256 1369 λέξις
2280 1306 2306 1356 ὁ
2327 1303 2563 1366 τοιοῦτος
2589 1304 2736 1374 ὅρος,
2761 1303 2854 1354 καὶ
2878 1301 3081 1370 κυρίως
3107 1298 3396 1366 λεγόμενος
3423 1297 3702 1368 βεῦηκώς·

2120 1396 2177 1460 ἐξ
2226 1390 2288 1448 οὗ
2335 1394 2716 1465 παροιμιώδης
2769 1391 3114 1462 παραγγελία
3161 1392 3223 1441 τὸ
3269 1389 3468 1459 χρῆναι
3519 1391 3709 1458 μένειν

2122 1486 2350 1538 ’ἑκαστον
2398 1487 2548 1548 ἐντὸς
2588 1485 2682 1538 τοῦ
2718 1484 2923 1536 οἰκείου
2974 1483 3126 1552 ὅρου,
3170 1481 3339 1551 ἤγουν
3378 1479 3454 1550 μὴ
3491 1497 3704 1551 παρεκ-

2127 1579 2330 1631 ϐαίνειν
2354 1582 2413 1630 τὸ
2524 1578 2671 1630 ὅσιον
2701 1578 2732 1647 ἢ
2759 1579 2989 1630 δίκαιον.
3023 1575 3082 1627 Ὀ
3113 1574 3156 1627 δ’
3207 1575 3367 1637 αὐτὸς
3414 1575 3511 1626 καὶ
3562 1576 3708 1645 ὃριον

2127 1670 2344 1737 λέγεται
2392 1669 2659 1738 οὐδετέρῳ
2688 1671 2869 1736 γένει·
2899 1666 2993 1736 ἀφ’
3027 1665 3086 1719 οὗ
3122 1667 3602 1736 πεπαροιμίασται
3629 1668 3708 1734 τὸ,

440 1773 590 1839 exiit,
617 1773 690 1824 Ne
713 1771 869 1824 tollas
895 1767 1153 1822 terminos
1171 1776 1425 1818 retentos.
1458 1761 1533 1814 Ex
1567 1761 1648 1814 liis
1673 1768 1852 1812 autem
1879 1758 2026 1810 erui-

2150 1765 2220 1833 ιΙὴ
2273 1764 2497 1832 μέταιρε
2553 1764 2677 1831 ὅρια
2711 1762 2908 1815 αἰώνια
2935 1777 2948 1790 ’
2983 1762 3046 1812 ἐκ
3085 1759 3142 1811 δὲ
3184 1758 3293 1811 τῶν
3334 1759 3597 1812 τοιούτων
3620 1759 3712 1811 καὶ

441 1873 531 1917 tur
563 1863 750 1934 ὁρίζω,
779 1859 1168 1915 circumscribe
1229 1868 1555 1908 meusurans
1580 1863 1802 1916 terram,
1826 1846 2018 1902 etinde

441 1956 662 2010 verbum
682 1952 943 2023 ἀφορίζω,
963 1950 1119 2019 cujus
1136 1949 1332 2018 duplex
1351 1943 1699 2016 signiﬁcatio,
1716 1953 2019 2005 sacratius,

444 2046 744 2116 utquaudo
783 2045 1017 2097 dicimus
1049 2043 1287 2110 pluviam
1324 2037 1695 2090 voluntariam
1735 2044 2022 2101 segregare

450 2133 614 2191 Deum
648 2135 822 2189 seri-is
851 2135 1006 2196 suis;
1041 2139 1094 2185 et
1120 2127 1394 2198 segregari
1447 2124 1682 2191 aliquem
1731 2136 1799 2174 ex
1853 2119 2024 2171 servis

450 2228 564 2294 Dei,
589 2234 643 2280 et
671 2225 956 2293 Separavit
982 2225 1118 2277 Deus
1149 2223 1380 2290 aliquem
1413 2218 1480 2271 ad
1504 2214 1847 2270 serviendum
1876 2211 1978 2265 sibi
2010 2227 2024 2270 ;

449 2319 533 2373 vel
569 2317 789 2386 quando
840 2315 1123 2384 Separavit
1151 2328 1244 2382 per
1271 2311 1593 2366 electionem
1626 2323 1640 2372 ;
1679 2305 1821 2359 iJeni
1848 2314 2026 2356 autem

451 2411 742 2467 estdicere
789 2409 972 2479 ὥρισε,
1007 2409 1094 2461 hic
1139 2390 1281 2459 enim
1345 2403 1550 2457 inutilis
1605 2410 1687 2454 est
1723 2398 2030 2468 praepositio

455 2505 584 2571 άπὸ,
609 2505 749 2559 sicut
766 2511 819 2556 et
851 2501 904 2553 in
935 2497 1421 2570 ἀπεμνημόνευσεν
1466 2509 1564 2564 pro
1591 2491 1859 2562 ἐμνήσθη.
1909 2489 2028 2541 Alia

457 2604 638 2651 autem
678 2592 1002 2664 signiﬁcatio
1030 2591 1176 2644 verbi
1212 2587 1493 2658 ἀφορίζειν
1527 2585 1901 2639 exclusionem
1934 2597 2026 2637 os-

459 2686 628 2742 tendit
657 2693 710 2740 et
735 2685 1056 2754 ejectioncm
1088 2681 1319 2749 procula
1342 2679 1625 2732 consuetis
1646 2676 1863 2742 finibus,
1880 2675 2034 2744 juxta

457 2791 618 2849 quam
651 2787 884 2830 mentem
910 2785 963 2827 et
1001 2776 1067 2826 ab
1098 2771 1338 2827 Ecclesia
1365 2770 1672 2824 excluditur
1733 2769 1857 2838 quis
1916 2777 1967 2821 et
2007 2784 2036 2820 a

460 2869 656 2940 patria,
689 2865 878 2938 procul
905 2867 1112 2921 scilicet
1161 2879 1193 2917 a
1250 2864 1448 2917 limbus
1499 2863 1622 2930 ejus
1683 2862 1938 2926 mittitur,
1986 2869 2040 2913 et

461 2960 702 3015 ostendit
764 2958 854 3010 hic
918 2955 1228 3027 praepositio
1273 2957 1628 3010 semotionem
1687 2954 2036 3021 privativam,

462 3049 604 3106 sicut
635 3049 687 3101 in
722 3047 887 3102 verbo
925 3048 1265 3118 ἀπεμήνισεν
1290 3085 1305 3114 ,
1364 3045 1416 3100 id
1474 3053 1579 3112 est,
1617 3044 1752 3102 iram
1789 3042 2042 3113 deposuit

462 3156 594 3213 pace
614 3143 765 3195 inita.

537 3237 625 3290 52.
664 3234 872 3288 Dicitur
897 3234 1056 3288 etiam
1099 3231 1437 3302 philosophis
1492 3231 1639 3302 ὅρος,
1698 3232 1837 3285 ratio
1863 3231 2040 3286 exsis-

467 3330 644 3388 tentize
677 3327 970 3396 cujuslibet
1015 3340 1260 3397 personae
1311 3327 1367 3379 e't
1419 3335 1575 3381 actus
1611 3341 1627 3392 ;
1660 3340 1767 3380 non
1821 3325 2048 3394 proinde

471 3423 647 3476 latiori
674 3436 839 3474 sensu
896 3421 1000 3474 hoc
1058 3417 1513 3485 suniiturgsicut
1583 3419 1674 3487 qui
1723 3418 1797 3470 ait
1849 3417 2046 3470 animal

469 3527 590 3566 esse
617 3525 712 3565 ens
741 3511 1032 3564 animatum
1055 3508 1332 3576 sensibile,
1361 3511 1650 3563 termimnn
1673 3517 2046 3564 antrationem

472 3603 877 3658 terminativam
952 3602 1027 3656 ait
1087 3603 1359 3667 animalis,
1418 3611 1472 3656 et
1545 3601 2043 3656 mauifestationem

477 3696 729 3750 essentiae
762 3695 880 3764 ejus
911 3712 925 3762 ;
970 3695 1128 3766 plane
1156 3697 1303 3750 euitu
1335 3705 1388 3748 et
1410 3695 1555 3749 clare
1586 3704 1640 3749 et
1669 3697 1959 3764 perspicue
1990 3703 2046 3749 et

476 3805 604 3844 vere
632 3789 836 3842 indicat
863 3791 990 3858 quid
1014 3789 1084 3844 sit
1107 3789 1330 3844 animal.
1358 3786 1449 3843 Sic
1481 3790 1574 3859 qui
1594 3788 1728 3842 dicit
1773 3788 2044 3842 hominem

475 3895 595 3937 esse
624 3882 825 3934 animal
853 3879 1138 3944 rationale,
1167 3880 1412 3946 mortale,
1440 3883 1637 3935 mentis
1661 3890 1715 3934 et
1747 3878 2048 3948 intelligen-

477 3974 565 4028 tiae
580 3974 1075 4043 capax,essentiam
1089 3952 1327 4026 hominis
1351 3971 1482 4026 dicit
1502 3988 1623 4027 esse
1649 3973 1702 4024 in
1725 3972 1824 4025 hoc
1845 3972 2045 4034 verbo;

479 4066 584 4120 hoc
613 4075 696 4120 est
719 4066 864 4119 enim
879 4065 1042 4118 homo
1073 4065 1219 4133 quod
1250 4064 1327 4117 ait
1347 4065 1490 4118 dicta
1513 4061 1761 4117 deﬁnitio
1788 4077 1804 4129 ;
1831 4073 1884 4115 et
1906 4063 2047 4115 idem

482 4157 730 4211 similiter
800 4156 867 4209 de
919 4155 1133 4210 caeteris
1177 4155 1412 4218 cunctis,
1481 4157 1549 4208 de
1581 4156 1781 4224 quibus
1839 4166 2045 4208 sermo.

484 4247 694 4300 Dicitur
750 4241 930 4299 adhuc
984 4245 1358 4314 philosophice
1412 4245 1558 4316 ὅρος,
1588 4260 1745 4312 ,pars
1803 4246 2051 4315 pr0posi-

486 4339 674 4401 tionis,
703 4338 786 4390 vel
815 4336 970 4404 quasi
994 4337 1227 4402 simplex
1247 4349 1348 4387 vox
1378 4349 1394 4399 ;
1426 4343 1476 4388 et
1513 4335 1826 4403 utapertius
1847 4336 2045 4400 dicam,

2122 1856 2308 1926 ὁρίζω,
2340 1854 2667 1924 περιγράφω
2717 1851 3044 1922 ἀναμετρῶν
3077 1850 3216 1920 γῆν⁴
3252 1851 3345 1904 καὶ
3383 1851 3481 1903 ἀπ’
3530 1850 3710 1903 αὐτῶν

2127 1949 2377 2000 σύνθετον
2418 1947 2479 1998 τὸ
2535 1946 2802 2016 άφορίζω.
2874 1943 3043 2013 Διπλῆ
3099 1942 3158 1994 δὲ
3209 1941 3374 1994 αὑτοῦ
3425 1941 3708 2012 σημασία·

2128 2038 2304 2108 ίερὰὴ
2337 2037 2455 2106 μία,
2488 2035 2562 2099 ὡς
2609 2037 2959 2104 ὅτεσλέγομεν
2998 2035 3199 2106 βροχὴν
3228 2032 3479 2086 ἑκούσιον
3509 2033 3705 2101 ἀφορί-

2128 2132 2240 2196 ζειν
2291 2131 2378 2182 τὸν
2411 2130 2546 2182 Θεὸν
2587 2131 2697 2191 τοῖς
2731 2127 2932 2179 αὐτοῦ’
2988 2127 3086 2180 καὶ
3122 2125 3430 2194 άφωρίσθη
3477 2124 3603 2178 τινὰ
3651 2128 3713 2177 ἐκ

2113 2221 2332 2274 παίδων
2360 2221 2435 2290 τῷ
2495 2221 2615 2291 Θεῷ
2639 2237 2654 2252 ο
2712 2221 2830 2287 καὶ,
2867 2218 3168 2288 ’Λφώρισεν
3197 2220 3227 2270 ὁ
3255 2217 3388 2278 Θεὸς
3435 2216 3528 2269 τὸν
3574 2217 3716 2270 δεῖνα

2132 2313 2422 2382 ὑπηρετεῖν
2469 2313 2657 2383 αὐτῷ·
2711 2313 2853 2384 ἢὼς
2902 2314 3202 2383 περιώρισε
3253 2312 3378 2366 κατ’
3415 2312 3716 2380 ἐπιλογήν·

2129 2406 2325 2457 ταύτὸν
2367 2405 2412 2457 δ’
2457 2409 2632 2457 εἰπεῖν
2668 2405 2858 2475 ὥρισε,
2896 2402 3329 2476 περιττευούσης
3359 2403 3597 2457 ἐνταῦθα
3624 2405 3719 2472 τῆς

2133 2495 2254 2548 ἀπό
2287 2495 2613 2564 προθέσεως,
2648 2499 2723 2558 ὡς
2760 2495 2856 2548 καὶ⁸
2890 2497 2949 2547 ὲν
2981 2495 3058 2565 τῷ
3086 2496 3575 2567 ἀπεμνημόνευσεν
3606 2492 3723 2547 ἀντὶ

2135 2588 2230 2641 τοῦ
2275 2588 2519 2657 ἐμνήσθη
2545 2604 2558 2616 ·
2614 2589 2648 2658 ἡ
2679 2589 2735 2641 δὲ
2764 2590 2928 2658 ἑτέρα
2977 2589 3246 2659 ἑρμηνεία
3275 2589 3370 2641 τοῦ
3414 2589 3721 2659 ἀφορίζειν,

2138 2680 2428 2749 ἐξορισμὸν
2480 2679 2628 2748 δηλοί
2682 2681 2778 2732 καὶ
2838 2680 3129 2747 άποδίωξιν
3193 2683 3256 2733 ὲκ
3306 2682 3416 2734 τῶν
3479 2681 3721 2752 συνήθων

2138 2773 2303 2840 ὁρίων
2329 2789 2342 2802 ο
2376 2774 2498 2825 καθ’
2531 2774 2596 2839 ἦν
2624 2772 2837 2827 ἔννοιαν
2883 2774 2979 2827 καὶ
3029 2774 3129 2844 τῆς
3173 2773 3500 2845 Ἑκκλησίας
3528 2775 3718 2846 ἀφορί-

2141 2862 2294 2927 ζεταί
2325 2881 2405 2926 τις
2439 2866 2533 2918 καὶ
2574 2865 2673 2934 τῆς
2719 2867 3021 2935 πατρίδος,
3062 2867 3230 2934 ἤγουν
3274 2867 3382 2919 ἀπὸ
3423 2868 3532 2919 τῶν
3566 2867 3724 2936 ὁρίων

2142 2955 2386 3022 γίνεται·
2440 2956 2536 3008 καὶ
2590 2956 2742 3026 δηλοῖ
2771 2957 3010 3011 ἐνταῦθα
3053 2961 3087 3028 ὴ
3145 2958 3407 3029 πρόθεσις
3458 2959 3722 3011 άπέλασίν

2146 3062 2269 3096 τινα
2302 3047 2630 3114 στερητικήν
2653 3063 2667 3078 ο
2717 3047 2792 3108 ὡς
2835 3048 2927 3099 καὶ
2959 3050 3018 3100 ὲν
3057 3045 3137 3117 τῷ
3169 3048 3531 3117 άπεμηνισεν,
3565 3048 3724 3118 ἡγουν

2157 3136 2388 3192 ἀπέθετο
2419 3138 2514 3208 τὴν
2545 3139 2701 3209 μῆνιν
2741 3141 3130 3209 σπεισάμενος.

2226 3229 2325 3298 λβ¹.
2377 3229 2495 3282 “Est
2546 3231 2669 3300 ὅρος
2715 3231 2931 3300 λέγεται
2978 3235 3072 3285 καὶ
3112 3235 3140 3287 ὁ
3193 3235 3351 3303 λόγος
3393 3234 3495 3303 τῆς
3547 3233 3728 3296 οὐσίας

2155 3323 2390 3376 ἑκάστου
2443 3324 2738 3392 προσώπου
2792 3326 2888 3377 καὶ
2920 3327 3248 3396 πράγματος
3284 3325 3624 3395 φιλοσόφως·
3671 3325 3728 3378 οὐ

2157 3417 2256 3484 μέν
2290 3433 2371 3468 τοι
2403 3417 2708 3484 κοινότερον
2734 3420 2828 3470 καὶ
2861 3419 3050 3485 αὐτὸς,
3081 3413 3195 3471 οἷον
3229 3420 3258 3471 ὁ
3289 3419 3462 3472 εἰπὼν
3493 3421 3577 3472 ὅτι
3601 3419 3729 3484 ζῶον

2153 3508 2300 3561 ἐστὶν
2353 3508 2508 3561 οὐσία
2547 3509 2787 3578 ἔμψυχος
2826 3509 3142 3582 αἰσθητικὴ,
3187 3512 3311 3580 ὅρον
3362 3511 3532 3581 ἤγουν
3576 3512 3726 3578 λόγον

2153 3600 2430 3670 ὁριστικὸν
2483 3598 2602 3653 εἷπε
2639 3602 2734 3656 τοῦ
2783 3601 2945 3670 (dion,
2989 3604 3085 3656 καὶ
3135 3603 3369 3674 δήλωσιν
3402 3605 3501 3674 τῆς
3553 3607 3732 3665 οὐσίας

2155 3688 2361 3742 αὐτοῦ’
2419 3691 2659 3760 ἐδήλωσε
2720 3694 2829 3762 γὰρ
2884 3694 3096 3761 σαφῶς,
3155 3695 3251 3747 καὶ
3315 3694 3583 3764 άκριῦῶς,
3644 3712 3732 3768 και

2157 3781 2408 3852 βεϐαίως,
2453 3786 2546 3835 καὶ
2579 3783 2653 3846 ὡς
2693 3787 2867 3836 εἰπεῖν
2900 3784 3232 3855 εὺδιοράτως
3268 3787 3410 3856 πρὸς
3454 3788 3726 3857 ἀληθειαν,

2155 3874 2206 3926 τί
2236 3874 2352 3926 ἐστι
2378 3873 2438 3926 τὸ
2467 3873 2606 3937 ζῶον
2631 3888 2646 3904 ο
2683 3873 2830 3928 οὕτω
2862 3873 2920 3928 δὲ
2950 3875 3048 3928 καὶ
3079 3881 3108 3928 ὁ
3141 3875 3312 3929 εἰπὼν
3344 3876 3428 3929 ὅτι
3456 3877 3731 3949 ἄνθρωπός

2156 3968 2272 4019 ἐστι
2301 3965 2439 4030 ζῶον
2471 3965 2712 4035 λογικὸν,
2747 3967 2961 4038 θνητὸν,
3016 3967 3112 4021 νοῦ
3142 3971 3237 4021 καὶ
3268 3969 3584 4040 ἐπιστήμης
3614 3971 3730 4024 δεκ-

2155 4060 2327 4125 τικὸν,
2356 4060 2550 4114 οὐσίαν
2574 4062 2678 4131 ἐφη
2700 4059 2795 4114 τοῦ
2819 4063 3110 4134 ἀνθρώπου
3137 4065 3196 4117 ὲν
3211 4064 3290 4134 τῷ
3311 4066 3543 4136 τοιούτῳ
3563 4067 3697 4135 λόγῳ
3713 4099 3728 4116 .

2154 4151 2313 4204 τοῦτο
2359 4149 2466 4221 γάρ
2501 4152 2653 4204 ἐστιν
2702 4151 3015 4224 ἄνθρωπος,
3069 4155 3208 4226 ὅπερ
3254 4151 3410 4210 εἶπεν
3463 4159 3493 4210 ὁ
3547 4159 3727 4228 ῥηθεὶς

2154 4243 2380 4313 ὁρισμός
2406 4259 2419 4273 ·
2453 4242 2514 4295 τὸ
2541 4243 2596 4295 δὲ
2619 4244 2748 4297 αὑτὸ
2773 4245 2975 4313 ὁμοίως
3009 4247 3104 4298 καὶ
3129 4247 3221 4297 ἐπὶ
3246 4249 3354 4301 τῶν
3373 4248 3551 4302 ἄλλων
3571 4252 3730 4303 ἁπάν-

2158 4352 2290 4400 των,
2329 4329 2406 4388 ὧν
2441 4335 2509 4387 ἂν
2543 4335 2690 4387 είποι
2721 4351 2804 4399 τις
2829 4352 2842 4365 ·
2896 4337 2978 4389 ἑτι
3022 4339 3149 4406 ὅρος
3183 4339 3401 4406 λέγεται
3440 4343 3732 4411 φιλοσόφω,

488 4431 713 4484 verbum
747 4444 910 4482 unum
951 4427 1216 4496 deﬁniens
1247 4434 1300 4479 et
1354 4426 1812 4480 circumscribens
1853 4435 1908 4480 et
1969 4427 2039 4482 sic

2161 4430 2254 4478 καὶ
2291 4426 2456 4496 μέρος
2513 4428 2853 4496 προτάσεως,
2899 4429 2933 4498 ἢ
2972 4429 3047 4491 ὠς
3085 4431 3230 4500 ἁπλῆ
3266 4448 3351 4494 τις
3400 4435 3552 4502 φωνή
3581 4449 3594 4462 -
3649 4432 3734 4484 ml

489 4523 635 4574 clare
671 4534 733 4573 ac
777 4517 1014 4589 perfecte
1049 4516 1407 4572 titanil‘estans
1437 4519 1730 4587 cegitatum
1764 4520 2058 4588 quoddam,

494 4610 546 4664 id
569 4621 648 4663 est
677 4625 835 4663 unam
869 4607 1173 4676 simplicem
1204 4607 1583 4677 coéitationcm
1613 4625 1632 4676 ς
1664 4609 1742 4663 sic
1767 4610 2062 4679 propositio

492 4713 573 4759 est
599 4704 825 4772 simplex
879 4703 1126 4771 apprime
1161 4710 1214 4755 et
1259 4701 1488 4772 integra,
1545 4716 1655 4754 non
1709 4704 1983 4771 exquisita
2012 4713 2064 4759 ct

495 4803 660 4860 captu
737 4792 911 4846 facilis
940 4807 957 4858 ς
1017 4789 1271 4846 Socrates
1305 4816 1317 4859 ι
1349 4791 1756 4860 philosophatur
1793 4807 1808 4857 ;
1847 4792 2064 4846 termini

498 4899 677 4937 autem
708 4899 774 4938 ex
807 4883 1004 4952 quibus
1036 4891 1249 4936 constat
1286 4889 1412 4936 sunt
1439 4879 1682 4936 Socrates
1735 4890 1788 4938 et
1837 4881 2066 4950 philoso-

499 4978 710 5043 phatur,
772 4989 1002 5044 quorum
1073 4974 1449 5045 unusquisque
1488 4977 1651 5043 φάσις
1686 4975 1887 5029 dicitur
1923 4975 2067 5043 apud

503 5069 695 5120 doctos
735 5082 751 5131 ;
785 5067 1008 5134 exponit
1045 5067 1190 5120 enim
1239 5067 1654 5135 cOgitationem,
1709 5081 1817 5136 qua
1884 5067 2068 5121 termi-

508 5168 669 5211 natur
697 5155 937 5227 pert‘ecta
955 5165 1008 5212 et
1063 5161 1288 5224 veritas,
1320 5153 1643 5227 simplicem,
1676 5158 1737 5211 τὸ
1794 5157 2066 5224 Socrates,

505 5257 559 5302 et
613 5249 674 5300 τὸ
731 5247 1186 5318 philosophatur;
1245 5249 1373 5302 hinc
1443 5248 1668 5319 quidem
1755 5249 2066 5302 essentiam

512 5340 777 5406 hominis,
818 5340 943 5393 inde
964 5350 1148 5394 autem
1191 5341 1488 5396 actionem.

572 5428 663 5484 55.
698 5429 916 5484 Talibus
950 5439 1125 5484 autem
1157 5432 1402 5486 terminis
1425 5432 1676 5502 superior
1700 5437 1785 5487 est
1829 5431 2074 5500 apprime

504 5523 799 5593 syllogismi
828 5524 1038 5578 medius
1075 5525 1364 5590 terminus,
1421 5525 1516 5595 qui
1583 5525 1724 5580 inter
1783 5524 1917 5581 duos
1980 5541 2074 5580 cx-

505 5627 710 5672 tremos
745 5619 953 5674 medius
975 5619 1248 5675 exsistens
1279 5634 1404 5672 cum
1446 5617 1591 5673 cadit
1621 5618 1677 5672 in
1739 5617 1918 5673 medio
1981 5633 2076 5672 co-

506 5727 648 5780 rum,
671 5714 811 5766 sicut
837 5713 1058 5767 tradunt
1104 5712 1436 5781 philosophi,
1493 5710 1656 5768 facile
1684 5711 1899 5781 colligat
1933 5719 2074 5781 eos;

2172 4519 2503 4586 σαφέστερον
2535 4519 2733 4588 εἰπεῖν,
2771 4519 2914 4584 λέξις
2948 4521 3046 4590 μία
3077 4523 3336 4592 ὁρίζουσα
3359 4526 3457 4577 καὶ
3482 4525 3735 4595 περιγρά·

2171 4627 2346 4680 φουσα
2367 4612 2458 4664 καὶ
2483 4609 2626 4664 οὕτω
2648 4613 2834 4680 σαφῶς
2858 4613 2952 4666 καὶ
2974 4612 3282 4683 βεϐηκότως
3305 4613 3544 4682 δηλοῦσα
3571 4614 3736 4682 νόημά

2169 4721 2222 4756 τι
2260 4703 2340 4771 ἓν,
2372 4704 2490 4773 ἦτοι
2522 4703 2652 4774 μίαν
2689 4705 2867 4774 ἁπλῆν
2895 4720 3018 4757 τινα
3053 4705 3264 4759 ἔννοιαν
3286 4722 3300 4736 ο
3336 4701 3452 4758 οἷον
3486 4707 3734 4775 πρότασις

2175 4795 2273 4865 μέν
2319 4798 2437 4849 ὲστι
2470 4795 2822 4866 ἁπλουστάτη
2859 4799 2954 4848 καὶ
2988 4797 3214 4865 ἀφελὴς,
3253 4798 3348 4849 καὶ
3392 4798 3733 4868 ἀπερίεργος,

2173 4887 2270 4940 καὶ
2293 4885 2583 4955 εῠληπτος,
2612 4888 2675 4940 τὸ
2697 4888 2993 4958 Σωκράτης
3019 4890 3301 4958 φιλοσοφεῖ
3323 4906 3334 4919 ·
3365 4890 3482 4961 ὅροι
3507 4891 3562 4944 δὲ
3581 4887 3738 4956 αὐτῆς

2176 4978 2234 5042 ἐξ
2263 4973 2337 5033 ὧν
2373 4978 2680 5047 σύγκειται,
2732 4980 2794 5031 τὸ
2835 4981 3156 5049 Σωκράτης,
3197 4984 3293 5035 καὶ
3327 4981 3388 5032 τὸ
3436 4982 3735 5049 φιλοσοφεῖ·

2173 5064 2249 5124 ὦν
2297 5070 2537 5141 ἑκατέρα
2577 5073 2673 5122 καὶ
2709 5070 2873 5137 φάσις
2915 5070 3132 5137 λέγεται
3171 5072 3324 5141 παρὰ
3368 5075 3484 5134 τοῖς
3532 5073 3738 5140 σοφοῖςο

2177 5163 2379 5232 φάσκει
2405 5162 2514 5232 γάρ
2562 5178 2618 5215 τι
2669 5163 2851 5232 νόημα
2903 5162 3313 5233 προόεὸηκυίαν
3345 5164 3597 5234 ἀλήθειαν
3625 5163 3741 5230 ὡρι-

2180 5258 2379 5326 σμένον
2407 5256 2498 5309 κα¹ι
2527 5255 2734 5309 ἁπλοῦν
2763 5255 2822 5307 τὸ
2854 5254 3174 5325 Σωκράτης,
3213 5258 3308 5308 καί
3333 5263 3392 5323 τῇ
3435 5257 3700 5324 φιλοσοφεί
3727 5267 3740 5281 ⁸

2178 5349 2240 5402 τὸ
2266 5348 2364 5418 μὲν
2392 5347 2584 5401 οὐσίαν
2611 5347 2932 5418 ἀνθρώπου,
2961 5348 3022 5400 τὸ
3048 5347 3105 5400 δὲ
3134 5349 3442 5419 ἐνέργειαν.

2254 5439 2356 5508 λγ’.
2407 5439 2529 5493 Τῶν
2558 5438 2614 5490 δὲ
2660 5438 2922 5492 τοιούτων
2949 5440 3091 5509 ὅρων
3134 5440 3427 5509 ὑπερτερεί
3465 5441 3694 5510 μάλιστα
3720 5438 3745 5488 ὁ

2187 5530 2590 5598 συλλογιστικὸς
2636 5534 2801 5601 μέσος
2854 5532 3002 5602 ὄρος,
3057 5531 3117 5594 ὃς
3179 5533 3434 5600 μεσάζων
3493 5537 3618 5596 τοὺς
3664 5532 3745 5582 δύο

2183 5620 2408 5690 ἄκρους,
2441 5622 2498 5673 ἐν
2520 5621 2598 5691 τῷ
2621 5623 2844 5677 πίπτειν
2869 5623 3031 5692 μέσος
3067 5623 3264 5690 αὐτῶν,
3296 5624 3441 5678 καθά
3479 5626 3528 5678 οἰ
3551 5625 3746 5693 φιλοσο-

2184 5709 2411 5780 φοῦντες
2466 5713 2844 5782 παραδιδόασι,
2897 5714 3121 5784 συνάγει
3165 5718 3363 5778 αὐτοὺς
3415 5717 3742 5788 εὐμεθόδωςν
