3968 6244
309 376 413 441 553

1082 371 1166 432 ΙΝ
1201 366 1545 433 HYMNUM
1577 372 2232 435 PENTECOSTALEM
2273 376 2732 442 DAMASCENI.

3451 390 3559 456 εει

311 493 471 561 μόσαι
493 486 632 558 Υἱῷ,
664 485 725 540 ού
759 484 977 558 μακρὰν
995 484 1295 557 πονήσεταί
1321 501 1430 551 τις,
1473 486 1566 540 τόν
1592 487 1691 540 καὶ
1723 485 1878 557 ίερώ-

1984 493 2099 542 tum
2129 484 2427 545 terminum
2454 492 2603 564 regio
2660 493 2884 565 adoptet
2919 492 3060 551 Filio
3115 494 3555 554 sacratissimum

305 600 464 637 τατον
495 581 593 636 καί¹
623 580 904 633 θειότατον
927 578 1023 633 καὶ
1046 577 1305 649 βασιλείῳ
1331 577 1708 646 ἐπιπρέποντα
1738 578 1887 648 ἱερα-

303 674 561 743 τεύματι·
580 672 712 743 ὄρος
736 669 845 740 γάρ
866 666 1092 722 ἐστιτοῦ
1124 669 1340 739 [ἰατρὸς
1364 669 1392 721 ὁ
1415 667 1566 731 Υἱὸς,
1596 666 1695 719 καὶ
1718 665 1796 729 ὠς
1822 665 1885 718 τὸ

306 766 413 839 πρὸ
460 762 676 818 αίώνων
726 762 1160 834 βεϐουλευμένον
1209 761 1307 815 καὶ
1357 761 1742 830 τετυπωμένον
1793 758 1885 813 καὶ

302 858 634 928 ὡρισμένον,
671 852 1286 925 αὑτοκρατορικὼτατον
1319 853 1411 906 καί¹
1440 850 1748 920 ἁγιώτατον
1790 851 1884 906 θέο

302 952 453 1017 λημα
474 948 638 1010 αὐτὸς
662 946 983 1017 πληρώσας·
1005 946 1103 998 καὶ
1122 945 1577 1016 πρωταπόστολος
1603 946 1699 1014 τῆς
1721 944 1882 1015 ἡμῶν

304 1040 580 1112 σωτηρίας
631 1040 942 1110 γινόμενος,
999 1041 1096 1092 καὶ
1144 1037 1399 1108 δακτύλῳ
1452 1040 1699 1109 Πατρὶς,
1755 1040 1882 1108 ὅρου

301 1133 458 1202 δίκην
483 1133 580 1186 καὶ
612 1133 802 1201 λόγου,
857 1133 1010 1203 τόμῳ
1065 1133 1368 1201 ἐγγραφεὶς
1407 1130 1579 1199 ἁγίοις
1628 1131 1885 1202 καθαρω-

300 1227 449 1297 τάτῳ
475 1224 816 1295 παρθενικῷ,
847 1227 946 1278 καὶ
970 1223 1143 1286 οὕτως
1180 1226 1262 1286 εἰς
1283 1223 1407 1292 ὅρον
1442 1222 1586 1276 θεῖον
1619 1224 1882 1277 ἀποτελε-

264 1315 469 1386 ⁸ἐσθεὶς,
526 1317 625 1368 καὶ
669 1317 783 1376 τοῖς
829 1314 1146 1384 ἀνθρώποις
1174 1313 1482 1377 ἀποδοθιὶς,
1536 1315 1629 1366 ἐπὶ
1692 1312 1883 1383 ἀγαθῷ

281 1388 551 1478 ὲμεγίστῳ
577 1408 672 1461 καὶ
706 1407 985 1478 βεϐηκότι,
1020 1408 1115 1461 καὶ
1137 1407 1525 1477 ἁτρεκεστάτῳ
1552 1406 1688 1476 πρὸς
1713 1406 1882 1476 αὐτὴν

301 1501 614 1569 ἀκρίϐειαν·
648 1501 738 1551 και)⁵
764 1496 908 1551 οὕτω
948 1498 1048 1567 μὲν
1085 1498 1219 1568 ἡμῖν
1270 1500 1297 1551 ό
1328 1496 1581 1568 βεῦηκὼς
1623 1499 1769 1567 ὄρος,
1803 1497 1882 1561 ὡς

228 1628 231 1631 ι
300 1593 454 1662 ἐξῆν,
500 1593 907 1655 ἐπελευστικῶς
952 1591 1325 1661 τεθεώρηταιο
1384 1591 1883 1660 συνεπιδραμοῦσιν

302 1685 419 1753 ἅμα
456 1683 555 1737 καὶ
604 1684 698 1737 τὸν
739 1683 1040 1754 μελῳδικδν
1083 1683 1484 1754 ἀτρεκέστατον
1513 1683 1671 1751 λόγον
1699 1698 1712 1711 ·
1752 1682 1882 1751 περὶ

301 1771 361 1829 οὗ
394 1776 736 1846 σαφέστερον
768 1775 915 1828 ἐστιν
942 1777 1137 1838 εἰπεῖν,
1171 1776 1267 1828 καὶ
1298 1776 1381 1828 ὅτι
1410 1775 1688 1845 σημασίας
1713 1772 1880 1845 οὔσης

1986 589 2042 635 et
2070 580 2497 652 divinissimum,
2526 594 2580 640 et
2610 584 2757 656 regio
2787 598 3178 659 congruentem
3221 591 3557 648 sacerdotio.
3583 588 3602 625 ’

1986 671 2279 730 Terminus
2315 685 2397 731 est
2426 678 2571 732 enim
2602 677 2782 736 Patris
2812 666 3003 744 Filius,
3035 690 3090 737 et
3138 698 3411 754 quntenus
3433 695 3560 743 ante

1985 764 2181 819 smcitla
2206 768 2429 822 volitant
2454 777 2500 822 et
2536 785 2848 838 expressam
2884 776 2939 826 et
2962 774 3405 842 determinatam,
3436 792 3559 831 om.

1986 856 2319 926 nipoteutem
2356 869 2411 913 et
2442 861 2853 917 sanctissimam
2884 863 3117 934 perfecit
3144 867 3265 936 ejus
3294 868 3559 923 volunta-

1986 955 2130 1013 tem;
2163 963 2215 1004 et
2247 953 2457 1019 primus
2519 968 2697 1022 praeco
2735 966 2934 1010 nostrae
2997 959 3190 1014 salutis
3254 959 3450 1027 factus,
3504 966 3560 1017 ct

1984 1039 2155 1110 digito
2185 1039 2388 1106 Patris,
2450 1045 2677 1098 termini
2709 1047 2886 1101 instar
2949 1058 3003 1104 et
3052 1049 3232 1114 verbi,
3294 1050 3558 1109 volumini

1985 1135 2287 1206 inscriptus
2315 1140 2612 1206 purissimo
2646 1137 2907 1211 Virginis,
2949 1150 3003 1197 et
3030 1144 3113 1199 sic
3160 1146 3213 1199 in
3263 1148 3556 1202 terminum

1984 1227 2229 1281 divinum
2263 1216 2706 1295 consummatus,
2741 1241 2795 1287 ct
2858 1235 3176 1292 hominibus
3237 1239 3399 1294 datus
3458 1254 3559 1311 pro

1982 1318 2129 1372 bono
2181 1322 2423 1376 maximo
2486 1330 2541 1376 et
2600 1324 2841 1392 perfecto
2878 1335 2932 1381 et
2982 1328 3306 1397 verissimo;
3364 1340 3418 1386 et
3479 1332 3559 1387 sic

1984 1409 2261 1481 perfectus
2290 1414 2554 1471 terminus
2598 1419 2952 1481 transeundo,
3009 1429 3065 1473 ut
3116 1421 3363 1489 decebat,
3407 1426 3564 1480 visus

1982 1512 2066 1560 est
2089 1505 2249 1560 nobis
2275 1507 2368 1575 qui
2404 1509 2567 1563 simul
2606 1514 2918 1565 conversati
2975 1526 3174 1567 smnus
3207 1528 3330 1568 cum
3379 1532 3562 1570 saera-

1985 1596 2201 1653 tissimo
2225 1600 2516 1655 verissimo
2545 1599 2761 1669 Verbo;
2794 1604 2859 1658 de
2899 1605 3027 1674 quo'
3057 1607 3301 1675 apertius
3365 1608 3567 1663 dicent

1981 1688 2112 1741 dum
2138 1699 2221 1743 est
2243 1693 2389 1759 quod
2413 1692 2812 1762 signiﬁcatione
2840 1696 2935 1748 τοῦ
2960 1697 3112 1751 verba
3148 1714 3256 1753 non
3320 1698 3557 1775 simplici

1982 1779 2297 1846 exsistente,
2354 1782 2447 1838 sed
2505 1783 2801 1855 decuplici,
2857 1791 3001 1843 sicut
3065 1790 3261 1845 docent
3320 1773 3555 1865 antiqui,

300 1870 395 1924 καὶ
423 1869 502 1941 τῷ
552 1870 698 1940 λόγῳ
727 1870 826 1940 οὐχ
876 1870 1077 1943 ἁπλῆς,
1110 1870 1248 1924 ἀλλὰ
1310 1872 1415 1924 ὑπὸ
1473 1871 1692 1936 δεκάδα,
1731 1870 1876 1924 καθὰ

1987 1874 2252 1929 altissima
2285 1875 2447 1945 hujus
2474 1877 2901 1949 signiticatioest
2927 1882 3021 1937 Dei
3045 1880 3276 1938 Verbum
3301 1856 3556 1947 substan-

300 1964 606 2018 ἐκτίθενται
657 1966 706 2016 οί
753 1963 993 2028 παλαιοὶ,
1045 1963 1106 2017 τὺ
1158 1963 1384 2034 ὕψιστον
1421 1964 1480 2015 ἐν
1522 1965 1589 2033 τῇ
1657 1961 1880 2032 τοιαύτῃ

299 2053 442 2120 λέξει
495 2056 896 2126 σημαινόμενον
923 2057 951 2109 ὁ
985 2055 1077 2110 τοῦ
1110 2055 1246 2109 θεοῦ
1278 2056 1452 2123 Λόγος
1496 2056 1642 2108 ἐστὶν
1668 2057 1697 2109 ό
1739 2055 1886 2108 tvo-3-

302 2165 434 2213 σιος,
483 2147 512 2199 ό
566 2148 673 2218 πρὸ
720 2149 901 2218 πάσης
941 2148 1142 2213 οὐσίαςι
1176 2150 1423 2219 κτίστης,
1491 2152 1520 2203 ό
1569 2151 1739 2213 αἴτιος
1790 2150 1884 2203 καὶ

300 2221 469 2294 αὐτοῦ
508 2239 604 2292 τοῦ
643 2240 788 2293 κατὰ
836 2238 1130 2310 ἄνθρωπον
1180 2239 1346 2308 λόγου
1394 2240 1517 2297 καθ’
1576 2242 1635 2295 ὃν
1681 2242 1884 2306 ἐκεῖνος

299 2332 519 2398 λογικὸς
542 2331 872 2401 ὀνομάζεται
897 2347 910 2360 ·
988 2333 1050 2384 οὐ
1117 2333 1278 2401 μόνον
1334 2331 1537 2403 δηλαδὴ
1588 2332 1682 2386 τοῦ
1748 2351 1884 2402 προ-

304 2424 535 2493 φορικοῦ
562 2425 659 2494 τῆς
688 2425 987 2496 ίδιαιτὰτης
1033 2423 1130 2477 τοῦ
1172 2424 1463 2497 ἀνθρώπου
1499 2426 1706 2498 φωνῆς,
1751 2427 1884 2481 ἀλλὰ

300 2519 392 2571 καὶ
433 2516 531 2571 τοῦ
559 2518 890 2584 ἐνδιαθέτου,
937 2517 1032 2571 τοῦ
1082 2516 1476 2582 είδοποιοῦντος
1523 2521 1617 2573 τὸν
1668 2519 1726 2571 ἐν
1770 2520 1884 2574 τοῖς

298 2608 419 2663 καθ’
441 2610 596 2678 ἡμᾶς
642 2608 930 2678 ἄνθρωπον
960 2624 974 2641 ο
1007 2603 1068 2664 οῦ
1106 2608 1170 2680 δὴ
1217 2608 1376 2678 λόγου
1433 2611 1563 2663 ποτὲ
1622 2611 1722 2681 μὲν
1749 2609 1885 2679 ψεῦ-

295 2702 385 2765 δος
412 2702 850 2772 ὑπαγορεύοντος
881 2701 1310 2773 ῆίέφαμάρτως
1341 2704 1375 2773 ἢ
1405 2705 1545 2757 κατά
1584 2719 1636 2755 τι
1695 2704 1870 2765 ἄλλως

300 2793 641 2865 παρατυχόν,
679 2795 811 2847 ποτὲ
857 2793 915 2846 δὲ
960 2788 1098 2863 πρὸς
1147 2796 1212 2864 τῇ
1260 2793 1492 2867 ἀληθείᾳ
1553 2793 1727 2858 ὄντος,
1779 2793 1885 2847 διέ-

300 2885 526 2939 σταλται
580 2886 609 2938 ὁ
638 2888 695 2939 ἐν
750 2887 890 2957 ἀρχῇ
946 2885 1119 2953 Λόγος
1151 2886 1239 2939 διὰ
1269 2885 1360 2938 τοῦ
1399 2885 1472 2955 μὴ
1502 2885 1689 2949 ἅπλῶς
1724 2887 1885 2957 ἀτρεα

298 2978 397 3046 κὴς
427 2973 597 3041 εἶναι,
625 2977 762 3031 ἀλλὰ
795 2978 1224 3048 ἁτρεκέστατος,
1251 2978 1280 3032 ὅ
1312 2978 1463 3032 ἐστιν
1493 2977 1881 3046 ἀληθέστατος,

296 3065 434 3135 ὅπερ
462 3067 513 3117 οί
551 3067 651 3135 μὲν
684 3066 832 3135 παρᾶ
857 3067 919 3120 τὸ
941 3067 1267 3140 στερητικὸν
1291 3084 1325 3121 α
1349 3069 1445 3121 καὶ
1475 3067 1536 3120 τὸ
1563 3066 1761 3135 τορὸν,
1790 3069 1884 3120 καὶ

1986 1966 2135 2032 tiale,
2201 1975 2329 2022 ante
2377 1984 2594 2039 omnem
2651 1973 3018 2027 substantiam
3068 1985 3302 2037 creator,
3365 1987 3559 2032 auctor

1984 2057 2151 2128 hujus
2180 2061 2273 2129 qui
2307 2060 2359 2114 in
2400 2060 2621 2116 homine
2667 2073 2754 2118 est
2784 2064 2930 2119 verbi
2964 2066 3263 2121 secundum
3323 2070 3469 2139 quod
3503 2079 3559 2126 et

1984 2150 2329 2207 rationabilis
2359 2164 2635 2221 vocatur;
2670 2170 2776 2208 nun
2815 2156 2993 2211 solum
3056 2160 3383 2229 prolationis
3434 2175 3561 2233 pro-

1984 2244 2116 2314 pria:
2149 2244 2357 2299 homini
2386 2246 2560 2314 vocis,
2589 2247 2684 2302 sed
2742 2248 2920 2303 intimi
2960 2264 3181 2317 sensus,
3214 2253 3357 2310 unde
3414 2255 3468 2310 in
3500 2271 3560 2313 se

1984 2335 2340 2391 conStituitur
2372 2336 2534 2392 homo
2549 2354 2566 2405 ;
2618 2353 2728 2393 non
2761 2340 2911 2395 verbi
2951 2341 3096 2411 quod
3141 2359 3382 2401 errorem
3428 2363 3560 2419 pro-

1983 2424 2089 2481 fert
2123 2426 2207 2480 vel
2238 2426 2609 2498 culpaliiliter,
2641 2431 2722 2484 vel
2770 2430 2841 2486 ob
2900 2433 3137 2504 aliquam
3189 2436 3559 2497 circumstan-

1985 2520 2139 2584 tiam,
2174 2519 2472 2589 aliquando
2498 2532 2679 2577 autem
2718 2534 2914 2594 praeter
2940 2527 3224 2583 veritatem
3270 2541 3394 2600 est;
3449 2549 3558 2589 non

1985 2610 2183 2666 adhoc
2213 2613 2550 2681 assignatum
2605 2616 2771 2670 estin
2832 2617 3105 2690 principio
3169 2620 3431 2690 Verbum,
3493 2624 3559 2680 eo

1985 2701 2128 2769 quod
2158 2701 2230 2754 sit
2257 2716 2364 2755 non
2399 2702 2721 2771 simpliciter
2753 2720 2966 2771 verum,
2997 2709 3091 2763 sed
3133 2710 3555 2777 ἀτρέκεστατον,

1984 2789 2129 2858 quod
2169 2790 2261 2843 alii
2290 2792 2412 2845 aba
2440 2793 2730 2861 privativo,
2755 2801 2809 2849 et
2830 2797 3009 2866 τορὸν,
3039 2806 3094 2851 et
3119 2799 3250 2865 ἑκὰς
3283 2801 3555 2869 derivaut,

1986 2881 2058 2935 ita
2091 2889 2148 2936 ut
2195 2883 2264 2937 sit
2292 2883 2521 2951 ἀτρεκὲς
2553 2884 2615 2937 τὸ
2652 2884 2729 2957 μὴ
2769 2885 2864 2939 τοῦ
2920 2888 3082 2959 τοροῦ
3149 2891 3304 2959 ἑκὰς,
3354 2894 3409 2950 id
3434 2907 3556 2967 est,

1987 2984 2091 3027 non
2127 2973 2315 3043 procul
2351 2989 2381 3028 a
2413 2987 2566 3029 recto
2599 2986 2652 3029 et
2679 2992 2876 3033 securo
2902 2994 2999 3048 per
3016 2982 3332 3053 veritatem;
3368 2984 3456 3045 alii
3488 2986 3557 3041 ali

1985 3060 2307 3129 aprivativa
2364 3065 2653 3134 particula,
2706 3074 2760 3121 et
2783 3068 2964 3139 τρέω;
2997 3073 3090 3143 qui
3135 3073 3279 3128 enim
3330 3077 3557 3135 veritate

295 3159 353 3211 τὸ
383 3158 533 3224 ἑκὰς
554 3154 708 3243 εἷπον
732 3155 892 3212 εἶναι·
919 3158 1004 3213 ἵνα
1030 3159 1115 3230 εἴη
1146 3158 1374 3228 ἀτρεκὲς
1401 3157 1463 3210 τὸ
1494 3158 1571 3228 μὴ
1601 3155 1692 3210 τοῦ
1721 3154 1878 3228 τοροῦ

1984 3153 2202 3221 gaudet,
2240 3170 2347 3209 non
2374 3156 2549 3210 solum
2584 3172 2691 3212 non
2732 3160 3009 3215 erubescit
3046 3164 3316 3234 loquendo
3368 3183 3551 3243 coram

294 3250 447 3316 ἐκᾶς,
479 3235 650 3320 ἤγουν
687 3252 747 3304 τὸ
803 3250 880 3322 μὴ
925 3250 1116 3323 πόρρω
1160 3250 1256 3304 τοῦ
1316 3249 1524 3320 σαφοῦς
1555 3248 1651 3303 καὶ
1683 3248 1878 3321 τεθαρ-

1984 3243 2342 3314 quibuslibet,
2367 3247 2461 3303 sed
2500 3264 2598 3331 nec
2632 3250 2848 3307 metuit.

298 3342 540 3411 ῥημένου
570 3342 657 3395 διὰ
683 3342 782 3413 τὴν
809 3342 1088 3413 ἀλήθειανο
1113 3342 1165 3396 οί
1194 3344 1250 3396 δὲ
1278 3343 1430 3412 παρὰ
1458 3341 1520 3396 τὸ
1546 3359 1582 3396 α
1608 3339 1933 3413 στερητικὸν
1960 3338 2148 3409 μόριον
2182 3337 2274 3397 καὶ
2331 3339 2391 3391 τὸ
2444 3336 2590 3410 τρέω
2650 3341 2712 3395 τὸ
2773 3342 3070 3419 φοϐοῦμαι.
3107 3348 3167 3402 '0
3189 3350 3295 3421 γὰρ
3325 3353 3393 3423 τῇ
3428 3351 3557 3426 ἀλη-

296 3435 414 3507 θεία
440 3437 654 3506 χαίρων
715 3437 780 3487 οὗ
817 3436 977 3505 μόνον
1021 3435 1121 3489 οὐκ
1153 3434 1476 3505 αἰσχύνεται
1523 3434 1702 3493 λαλῶν
1730 3433 1979 3490 ἐναντίον
1999 3426 2074 3489 ὧν
2105 3432 2171 3488 ἂν
2207 3432 2379 3501 λέγοι,
2411 3435 2530 3490 ἀλλ’
2557 3436 2679 3491 οὐδὲ
2715 3441 2989 3509 φοϐεῖται.

365 3527 465 3599 λη’.
520 3529 888 3599 Ἐνθυμητέον
919 3527 965 3580 δ’
992 3527 1232 3582 ἐνταῦθα
1260 3529 1343 3581 ὅτι
1373 3530 1517 3581 καθὰ
1559 3528 1701 3596 ὑπὲρ
1735 3528 1877 3582 ᾶπα-

295 3637 393 3675 σαν
421 3620 619 3675 οὐσίαν
642 3622 676 3691 ἡ
711 3619 868 3673 οὐσία
897 3620 1015 3673 ἐστὶ
1062 3617 1155 3673 τοῦ
1189 3618 1351 3685 Θεοῦ,
1384 3620 1481 3674 καὶ
1518 3623 1697 3676 πάντα
1721 3621 1778 3674 δὲ
1807 3620 1879 3675 τὰ

291 3714 414 3768 κατ’
445 3711 613 3766 αὐτὸν
655 3711 796 3784 ὑπὲρ
830 3711 1048 3766 ἅπαντα
1087 3712 1156 3766 τὰ
1197 3711 1495 3783 ἐγκόσμια,
1525 3711 1670 3767 οὕτω
1716 3714 1811 3767 καὶ
1842 3713 1877 3784 ἡ

290 3804 456 3859 αὐτοῦ
488 3802 723 3874 ἀλήθεια
751 3804 892 3873 ὑπὲρ
922 3802 1145 3856 ἃπασαν
1178 3800 1467 3875 ἀλήθειαν.
1522 3804 1583 3857 '0
1632 3807 1732 3876 μὲν
1770 3806 1876 3879 γὰρ

291 3899 346 3952 ἐν
375 3900 512 3969 ἡμῖν
540 3897 701 3965 λόγος
728 3897 990 3967 ἑκάτερος
1023 3898 1113 3951 ὅτε
1149 3897 1246 3951 καὶ
1297 3898 1613 3967 ἀληθεύσει,
1643 3901 1744 3953 ούοι
1778 3901 1875 3953 αύο

288 3992 378 4056 τὺς
399 3991 666 4060 ἐποίησεν
697 3989 729 4061 ἢ
756 3994 901 4043 ποιεῖ
928 3991 991 4045 τὸ
1017 3992 1256 4063 πρᾶγμα
1283 3992 1465 4046 ἐκεῖνο
1494 3992 1625 4062 περὶ
1655 3990 1713 4045 οῦ
1741 3992 1873 4065 ἀλη-

291 4083 460 4148 θεύει,
491 4083 632 4138 ἀλλὰ
661 4080 1107 4152 καταλαϐόμενος
1141 4084 1394 4153 ἐκφαίνει
1424 4083 1523 4154 τὴν
1550 4083 1638 4135 ἐπ’
1680 4083 1873 4156 ἐκείνῳ

288 4175 571 4247 ἀλήθειαν·
597 4178 627 4230 ὁ
657 4176 717 4231 δὲ
744 4177 1011 4245 πανάγιος
1037 4178 1208 4248 Λόγος
1239 4176 1479 4249 καὶὸρος
1506 4175 1600 4230 τοῦ
1631 4176 1867 4248 Πατρός,

285 4268 320 4339 ἡ
349 4267 738 4334 αὐτοαλήθεια,
770 4270 865 4320 καὶ
900 4269 1013 4330 τοῖς
1039 4267 1223 4338 ἔργοις
1251 4267 1606 4339 ἐπαληθεύει,
1640 4286 1719 4324 ων
1747 4270 1865 4325 ἐστι

2052 3525 2142 3581 58.
2175 3528 2228 3581 in
2285 3538 2467 3584 mente
2502 3545 2669 3600 porro
2738 3510 3150 3596 recondendum
3220 3545 3365 3613 quod
3409 3546 3556 3609 sicut

1981 3633 2146 3688 super
2168 3633 2384 3676 omnem
2406 3625 2703 3681 essentiam
2733 3635 2818 3682 est
2840 3630 3083 3689 essentia
3129 3632 3257 3699 Dei.-
3276 3643 3331 3705 et
3354 3649 3552 3699 cuncta

1977 3723 2101 3780 qua
2131 3710 2200 3765 ad
2230 3726 2353 3768 eum
2381 3715 2659 3784 pertinent
2688 3732 2856 3788 super
2884 3724 3075 3781 onmia
3104 3729 3414 3794 mundana,
3472 3733 3555 3799 sic

1979 3809 2033 3854 et
2064 3802 2265 3857 veritas
2291 3805 2411 3877 ejus
2445 3820 2611 3876 super
2633 3823 2850 3864 omnem
2888 3816 3199 3872 veritatem.
3225 3816 3382 3886 Quod
3408 3823 3550 3879 enim

1982 3901 2065 3946 est
2097 3894 2151 3947 in
2176 3896 2334 3951 nobis
2368 3898 2619 3967 verbum,
2656 3904 2877 3983 quando
2901 3922 3065 3961 verax
3098 3920 3200 3976 est,
3234 3925 3343 3965 non
3375 3911 3550 3982 ipsum

1982 3981 2111 4040 fecit
2160 3985 2245 4041 vel
2292 3985 2424 4042 facit
2467 4004 2581 4044 rem
2617 3991 2764 4046 illam
2791 3981 2973 4065 deque
2994 4011 3120 4052 vera
3140 3998 3294 4065 dicit.
3322 3981 3419 4059 sed
3462 4020 3552 4071 ac:

1980 4086 2193 4148 ceptam
2224 4080 2537 4136 manifestat
2568 4082 2637 4139 de
2682 4100 2745 4141 ea
2784 4101 2842 4144 re
2900 4089 3187 4149 veritatem
3215 4109 3231 4149 :
3261 4098 3554 4154 sanctissi-

1982 4184 2130 4223 mum
2157 4179 2340 4226 autem
2373 4169 2615 4228 Verbum
2638 4183 2695 4231 et
2726 4179 2993 4235 terminus
3023 4180 3226 4252 Patris,
3254 4185 3370 4259 ipsa
3408 4189 3550 4243 veri-

1975 4270 2078 4328 tas,
2109 4263 2272 4318 etiam
2311 4264 2366 4319 in
2399 4265 2657 4335 operibus
2684 4284 2848 4326 verax
2875 4281 3212 4346 estquorum
3240 4288 3326 4334 est
3351 4289 3547 4339 auctor

288 4358 519 4432 ποιητὴς
556 4363 654 4414 καὶ
702 4356 1023 4430 προὸολεύς·
1054 4359 1117 4412 οὐ
1165 4359 1514 4432 ψευσάμενος
1545 4360 1645 4432 τὴν
1688 4360 1870 4414 αὐτῶν

1984 4357 2403 4426 atproductor;
2462 4375 2573 4416 non
2628 4366 2897 4431 mentitur
2943 4383 3132 4425 eorum
3188 4376 3546 4433 creationem.

288 4449 632 4519 παραγωγὴν
663 4448 740 4510 ὡς
769 4443 857 4502 οἷα
885 4448 1214 4518 παραποιῶν
1243 4449 1511 4519 ἀτέχνως,
1546 4449 1662 4503 ἀλλ’
1695 4451 1755 4505 ἐν
1784 4452 1872 4502 σοέ

288 4541 385 4615 cpia
416 4540 843 4602 κατασκευάσας
866 4541 1115 4611 ἀρρήτῳ.
1145 4541 1236 4593 Διὸ
1260 4544 1352 4593 καὶ
1388 4541 1568 4605 καλῶς
1594 4542 1873 4612 ψάλλομεν

1971 4450 2128 4519 quasi
2158 4453 2411 4524 imperite
2439 4454 2807 4528 assimulans,
2835 4463 2927 4517 sed
2956 4462 3014 4516 in
3047 4465 3317 4534 sapientia
3365 4467 3551 4537 dispo-

1973 4556 2112 4597 nens
2174 4542 2474 4614 ineii‘abili;
2521 4547 2667 4604 unde
2724 4563 2871 4606 reete
2936 4551 3220 4622 psallimus
3276 4570 3407 4609 vera
3427 4571 3551 4631 esse

289 4632 524 4701 ἀληθινὰ
556 4626 702 4686 εἶναι
733 4632 912 4684 πάντα
938 4633 1005 4685 τὰ
1048 4631 1188 4701 ἔργα
1243 4632 1434 4697 αὐτοῦ,
1467 4635 1562 4688 καὶ
1596 4634 1776 4686 πάντα
1810 4633 1868 4688 ἐν

1984 4631 2158 4686 omnia
2182 4647 2347 4702 opera
2377 4636 2519 4704 ejus,
2546 4647 2602 4691 et
2627 4655 2751 4693 eum
2787 4651 2986 4695 cuncta
3024 4643 3078 4696 in
3116 4644 3344 4699 veritate
3384 4626 3549 4702 fecis~

288 4725 523 4794 ἀληθείᾳ
563 4725 789 4793 ποιῆσαι
820 4725 1014 4778 αὐτόν·
1057 4717 1118 4778 οὗ
1155 4726 1274 4778 κατ’
1303 4724 1471 4795 ἄλλην
1511 4725 1695 4793 ἔφοδον
1725 4725 1819 4778 καὶ
1846 4725 1874 4780 ὁ

287 4817 459 4882 Λόγος
509 4814 740 4886 ἁλήθειά
764 4817 915 4868 ἐστιν
936 4857 950 4875 .
994 4817 1407 4884 ’Λσφαλέστατα
1434 4814 1564 4885 γοῦν
1592 4817 1685 4869 καὶ
1728 4815 1870 4886 ὑψη-

286 4909 493 4964 λότατα
526 4910 618 4961 τὸν
646 4907 741 4961 τοῦ
778 4908 990 4979 Πατρδς
1022 4909 1197 4976 Λόγον
1226 4907 1625 4977 ἀτρεκέστατον
1654 4907 1691 4965 ὁ,
1710 4906 1873 4975 σοφὸς

297 5002 556 5071 Ἰωάννης
593 4998 957 5070 ἐμελῴδησεν.

358 5094 461 5146 λον.
512 5092 782 5146 Ἐνταῦθα
811 5092 867 5144 δὲ
888 5092 1049 5161 λόγου
1077 5090 1251 5144 ἐλθὼν
1275 5094 1369 5145 καὶ
1398 5093 1650 5163 διαγνοὺς
1671 5096 1730 5148 οὐ
1761 5109 1882 5150 κατ’

287 5181 680 5255 ἐ·ρθυμον,ὰλλ’
715 5182 774 5247 ἐξ
796 5182 963 5236 αὐτοῦ
998 5181 1286 5253 ἐργου,ότι
1316 5182 1424 5237 τῶν
1441 5203 1584 5246 τινες
1615 5186 1647 5256 ἢ
1683 5178 1880 5240 ἁπλου-

290 5274 499 5342 στέρων
537 5273 635 5326 καὶ
660 5270 835 5335 οὕτως
869 5271 1258 5342 ἀϐαθεστέρων
1285 5273 1318 5343 ἦ
1346 5275 1440 5327 καὶ
1474 5274 1650 5337 ἄλλως
1682 5295 1876 5349 πειρα-

289 5364 456 5416 τικῶν
478 5364 695 5434 ἀνδρῶν
720 5363 1043 5431 ἐπιφύονται
1078 5365 1157 5435 τῷ
1191 5368 1322 5434 περὶ
1354 5367 1457 5436 γῆν
1508 5368 1639 5437 ὅρῳ,
1673 5369 1767 5422 καὶ
1798 5370 1873 5434 ὡς

286 5451 371 5509 οἷα
403 5458 510 5526 γῆς
542 5456 865 5526 ἀναδασμὸν
912 5456 1327 5528 ἁκριόούμενοι,
1352 5459 1624 5528 ἀπάγουσι
1655 5460 1715 5512 τὸ
1750 5463 1869 5515 κατ’

287 5550 455 5619 αὐτὴν
482 5550 657 5618 ὅριον,
680 5550 771 5602 τοῦ
797 5551 1093 5620 βεϐηκότος
1115 5551 1267 5621 ὅρου,
1289 5552 1384 5606 καὶ
1404 5551 1562 5620 λόγου
1587 5552 1678 5605 τοῦ
1704 5554 1870 5628 ὑπερ-

286 5643 465 5694 ουσίου
502 5641 663 5706 Θεοῦ,
686 5641 771 5704 ὡς
803 5641 879 5711 μὴ
897 5641 1119 5704 ἐπάξιον
1141 5641 1201 5696 ὃν
1235 5642 1313 5713 τῷ
1342 5643 1652 5716 ύπερουσίῳ
1679 5647 1866 5714 γήϊνον

285 5748 336 5783 τι
360 5735 506 5801 παχὺ
541 5735 984 5802 προσαρμόττειν
1011 5733 1205 5803 ὀνομα·
1245 5732 1507 5802 σφαδάζω
1533 5739 1632 5805 μὲν
1674 5736 1865 5789 ἐνθου-

291 5826 414 5878 σιῶν
435 5825 608 5884 πολὶὰ
637 5826 868 5892 λαὶῆσαι
892 5825 1092 5888 αὐτοῖς,
1120 5824 1411 5893 γινώσκων
1444 5826 1499 5879 δὲ
1532 5828 1594 5881 τὸ
1628 5820 1863 5900 πρᾶγμα

605 5922 877 5980 Ριιτῐιοι..
928 5920 1045 5980 Gn.
1100 5921 1444 5983 CXXXVI.

1979 4736 2067 4776 sse
2092 4738 2110 4790 ;
2136 4725 2283 4779 unde
2312 4736 2366 4779 et
2393 4742 2488 4795 per
2526 4727 2688 4781 aliam
2719 4730 3135 4799 expositionem,
3179 4732 3413 4789 Verbum
3464 4746 3551 4790 est

1981 4817 2556 4872 veritas:certissime
2587 4818 2819 4886 proinde
2877 4830 2932 4878 et.
2984 4820 3255 4879 altissime
3313 4824 3549 4883 Verbum

1978 4904 2158 4961 Patris
2182 4908 2527 4963 verissimum
2558 4908 2761 4966 cecinit
2805 4909 3079 4987 Joannes,

2051 5082 2331 5155 59.Atque
2356 5084 2410 5140 in
2447 5084 2551 5141 hoc
2586 5085 2707 5142 loco
2727 5089 3096 5159 conﬁtendum
3124 5096 3285 5163 nobis
3310 5107 3395 5152 est
3440 5113 3552 5177 non
3642 5080 3655 5089 ’

1980 5192 2075 5245 per
2104 5180 2422 5248 cogitatum,
2447 5182 2541 5235 sed
2576 5197 2640 5236 ex
2668 5183 2798 5253 ipsis
2824 5188 3102 5254 operibus,
3152 5191 3419 5260 quosdam
3466 5195 3552 5247 vel

1976 5270 2337 5338 simpliciores
2351 5281 2405 5326 et
2422 5273 2502 5328 sic
2528 5275 2799 5338 rudiores.
2848 5293 2912 5332 ac
2924 5279 3280 5353 praedatorios
3304 5283 3551 5339 homines

1973 5364 2239 5417 exsistere
2269 5364 2319 5418 in
2344 5365 2543 5420 ﬁnibus
2580 5376 2757 5434 terrm,
2772 5376 2826 5423 et
2849 5372 2992 5423 velut
3018 5374 3360 5440 partitiuuem
3397 5362 3551 5433 terra:

1979 5456 2150 5525 probe
2185 5458 2457 5527 cognitam
2524 5460 2811 5526 habentes,
2834 5461 2926 5530 qui
2968 5465 3258 5519 terminum
3279 5466 3396 5533 ejus
3426 5480 3550 5534 pro.
3600 5462 3605 5468 ’

1980 5549 2067 5603 cul
2091 5559 2259 5620 agunt
2281 5569 2309 5605 a
2336 5551 2577 5620 perfecto
2599 5553 2832 5608 termino
2853 5564 2907 5608 et
2926 5552 3107 5610 Verbo
3130 5558 3551 5626 supersubstan-

1984 5642 2131 5698 tialis
2186 5645 2303 5710 Dei,
2340 5647 2499 5715 quasi
2561 5646 2845 5721 indignum
2916 5648 2991 5704 sit
3041 5646 3550 5717 supersubstantiali

1979 5744 2239 5791 terrestre
2269 5737 2547 5807 quoddam
2605 5746 2661 5792 et
2720 5753 2971 5801 crassum
2992 5739 3291 5809 adiungere
3326 5751 3546 5807 nomen,

1974 5828 2240 5898 Tripudio
2275 5830 2501 5901 quidem
2526 5830 2727 5883 ardore
2758 5829 2994 5897 ﬂagrans
3020 5828 3193 5880 multa
3213 5832 3293 5880 eis
3327 5828 3550 5893 l0quen—

3122 5918 3191 5981 18
