  <div class='ocr_page' id='page_1' title='image "/cluster/home/n/w/nwhite01/storage/ocr_20150623/136/mdp.39015038093210/285.png"; bbox 0 0 3968 6244; ppageno 0'>
   <div class='ocr_carea' id='block_1_1' title="bbox 388 318 497 382">
    <p class='ocr_par' dir='ltr' id='par_1_1' title="bbox 388 318 497 382">
     <span class='ocr_line' id='line_1_1' title="bbox 388 318 497 382; baseline 0.009 -1"><span class='ocrx_word' id='word_1_1' title='bbox 388 318 497 382; x_wconf 76' lang='lat'><strong>555</strong></span> 
     </span>
    </p>
   </div>
   <div class='ocr_carea' id='block_1_2' title="bbox 1105 310 2920 378">
    <p class='ocr_par' dir='ltr' id='par_1_2' title="bbox 1105 310 2920 378">
     <span class='ocr_line' id='line_1_2' title="bbox 1105 310 2920 378; baseline -0.004 0"><span class='ocrx_word' id='word_1_2' title='bbox 1105 315 1525 378; x_wconf 81' lang='lat' dir='ltr'><strong>EUSTATlllI</strong></span> <span class='ocrx_word' id='word_1_3' title='bbox 1567 311 2331 374; x_wconf 67' lang='lat' dir='ltr'><strong>TIIESSALONIFENSIS</strong></span> <span class='ocrx_word' id='word_1_4' title='bbox 2357 310 2920 371; x_wconf 73' lang='lat' dir='ltr'><strong>METROPOLlT/E</strong></span> 
     </span>
    </p>
   </div>
   <div class='ocr_carea' id='block_1_3' title="bbox 3540 304 3637 366">
    <p class='ocr_par' dir='ltr' id='par_1_3' title="bbox 3540 304 3637 366">
     <span class='ocr_line' id='line_1_3' title="bbox 3540 304 3637 366; baseline -0.01 0"><span class='ocrx_word' id='word_1_5' title='bbox 3540 304 3637 366; x_wconf 55' lang='lat'><strong>51.6</strong></span> 
     </span>
    </p>
   </div>
   <div class='ocr_carea' id='block_1_4' title="bbox 387 406 1985 499">
    <p class='ocr_par' dir='ltr' id='par_1_4' title="bbox 387 430 1964 499">
     <span class='ocr_line' id='line_1_4' title="bbox 387 430 1964 499; baseline -0.006 -11"><span class='ocrx_word' id='word_1_6' title='bbox 387 432 481 496; x_wconf 89' lang='lat' dir='ltr'><strong>di;</strong></span> <span class='ocrx_word' id='word_1_7' title='bbox 518 430 698 487; x_wconf 82' lang='lat' dir='ltr'><strong>sciens</strong></span> <span class='ocrx_word' id='word_1_8' title='bbox 728 441 908 487; x_wconf 85' lang='lat' dir='ltr'><strong>autem</strong></span> <span class='ocrx_word' id='word_1_9' title='bbox 941 443 1047 486; x_wconf 92' lang='lat' dir='ltr'><strong>non</strong></span> <span class='ocrx_word' id='word_1_10' title='bbox 1097 435 1456 499; x_wconf 73' lang='lat' dir='ltr'><strong>opportunam</strong></span> <span class='ocrx_word' id='word_1_11' title='bbox 1518 442 1629 480; x_wconf 88' lang='lat' dir='ltr'><strong>rem</strong></span> <span class='ocrx_word' id='word_1_12' title='bbox 1665 441 1810 489; x_wconf 88' lang='lat' dir='ltr'><strong>esse,</strong></span> <span class='ocrx_word' id='word_1_13' title='bbox 1844 439 1964 481; x_wconf 86' lang='lat' dir='ltr'><strong>ver-</strong></span> 
     </span>
    </p>
   </div>
   <div class='ocr_carea' id='block_1_5' title="bbox 2092 406 3644 499">
    <p class='ocr_par' dir='ltr' id='par_1_5' title="bbox 2100 418 3644 494">
     <span class='ocr_line' id='line_1_5' title="bbox 2100 418 3644 494; baseline -0.005 -17"><span class='ocrx_word' id='word_1_14' title='bbox 2100 425 2166 478; x_wconf 87' lang='grc' dir='ltr'><strong>ὐκ</strong></span> <span class='ocrx_word' id='word_1_15' title='bbox 2194 421 2473 494; x_wconf 81' lang='grc' dir='ltr'><strong>εὐκαιρον,</strong></span> <span class='ocrx_word' id='word_1_16' title='bbox 2508 425 2765 494; x_wconf 80' lang='grc' dir='ltr'><strong>μετρήσω</strong></span> <span class='ocrx_word' id='word_1_17' title='bbox 2781 425 2880 492; x_wconf 87' lang='grc' dir='ltr'><strong>τὴν</strong></span> <span class='ocrx_word' id='word_1_18' title='bbox 2908 421 3098 476; x_wconf 76' lang='grc' dir='ltr'><strong>λαλιὰν</strong></span> <span class='ocrx_word' id='word_1_19' title='bbox 3129 421 3208 483; x_wconf 83' lang='grc' dir='ltr'><strong>είς</strong></span> <span class='ocrx_word' id='word_1_20' title='bbox 3243 421 3369 474; x_wconf 76' lang='grc' dir='ltr'><strong>ὅσον</strong></span> <span class='ocrx_word' id='word_1_21' title='bbox 3391 419 3467 488; x_wconf 86' lang='grc' dir='ltr'><strong>μὴ</strong></span> <span class='ocrx_word' id='word_1_22' title='bbox 3515 418 3644 470; x_wconf 79' lang='grc' dir='ltr'><strong>πάνυ</strong></span> 
     </span>
    </p>
   </div>
   <div class='ocr_carea' id='block_1_6' title="bbox 388 517 1954 593">
    <p class='ocr_par' dir='ltr' id='par_1_6' title="bbox 388 517 1954 593">
     <span class='ocr_line' id='line_1_6' title="bbox 388 517 1954 593; baseline -0.007 -14"><span class='ocrx_word' id='word_1_23' title='bbox 388 523 458 579; x_wconf 85' lang='lat' dir='ltr'><strong>ha</strong></span> <span class='ocrx_word' id='word_1_24' title='bbox 487 523 560 578; x_wconf 85' lang='lat' dir='ltr'><strong>ita</strong></span> <span class='ocrx_word' id='word_1_25' title='bbox 596 523 908 593; x_wconf 87' lang='lat' dir='ltr'><strong>ponderabo</strong></span> <span class='ocrx_word' id='word_1_26' title='bbox 945 529 1006 576; x_wconf 91' lang='lat' dir='ltr'><strong>ut</strong></span> <span class='ocrx_word' id='word_1_27' title='bbox 1066 534 1245 590; x_wconf 88' lang='lat' dir='ltr'><strong>neque</strong></span> <span class='ocrx_word' id='word_1_28' title='bbox 1297 521 1383 574; x_wconf 90' lang='lat' dir='ltr'><strong>his</strong></span> <span class='ocrx_word' id='word_1_29' title='bbox 1448 517 1954 586; x_wconf 88' lang='lat' dir='ltr'><strong>reprehendendum</strong></span> 
     </span>
    </p>
   </div>
   <div class='ocr_carea' id='block_1_7' title="bbox 390 610 1958 684">
    <p class='ocr_par' dir='ltr' id='par_1_7' title="bbox 390 610 1958 684">
     <span class='ocr_line' id='line_1_7' title="bbox 390 610 1958 684; baseline -0.003 -16"><span class='ocrx_word' id='word_1_30' title='bbox 390 631 480 670; x_wconf 90' lang='lat' dir='ltr'><strong>me</strong></span> <span class='ocrx_word' id='word_1_31' title='bbox 510 616 804 684; x_wconf 65' lang='lat' dir='ltr'><strong>praebeam,</strong></span> <span class='ocrx_word' id='word_1_32' title='bbox 837 629 1014 684; x_wconf 90' lang='lat' dir='ltr'><strong>neque</strong></span> <span class='ocrx_word' id='word_1_33' title='bbox 1037 613 1159 667; x_wconf 89' lang='lat' dir='ltr'><strong>aliis</strong></span> <span class='ocrx_word' id='word_1_34' title='bbox 1189 627 1358 682; x_wconf 85' lang='lat' dir='ltr'><strong>penes</strong></span> <span class='ocrx_word' id='word_1_35' title='bbox 1388 627 1531 681; x_wconf 86' lang='lat' dir='ltr'><strong>quos</strong></span> <span class='ocrx_word' id='word_1_36' title='bbox 1552 619 1635 665; x_wconf 88' lang='lat' dir='ltr'><strong>cst</strong></span> <span class='ocrx_word' id='word_1_37' title='bbox 1667 610 1958 680; x_wconf 87' lang='lat' dir='ltr'><strong>judicium.</strong></span> 
     </span>
    </p>
   </div>
   <div class='ocr_carea' id='block_1_8' title="bbox 393 705 1960 771">
    <p class='ocr_par' dir='ltr' id='par_1_8' title="bbox 393 705 1960 771">
     <span class='ocr_line' id='line_1_8' title="bbox 393 705 1960 771; baseline -0.004 -9"><span class='ocrx_word' id='word_1_38' title='bbox 393 707 459 764; x_wconf 88' lang='lat' dir='ltr'><strong>Et</strong></span> <span class='ocrx_word' id='word_1_39' title='bbox 490 719 616 764; x_wconf 85' lang='lat' dir='ltr'><strong>ante</strong></span> <span class='ocrx_word' id='word_1_40' title='bbox 645 708 849 771; x_wconf 89' lang='lat' dir='ltr'><strong>omnia,</strong></span> <span class='ocrx_word' id='word_1_41' title='bbox 877 705 944 759; x_wconf 90' lang='lat' dir='ltr'><strong>ad</strong></span> <span class='ocrx_word' id='word_1_42' title='bbox 982 705 1076 760; x_wconf 65' lang='lat' dir='ltr'><strong>irae</strong></span> <span class='ocrx_word' id='word_1_43' title='bbox 1129 714 1332 759; x_wconf 75' lang='lat' dir='ltr'><strong>nostra:</strong></span> <span class='ocrx_word' id='word_1_44' title='bbox 1395 706 1662 765; x_wconf 89' lang='lat' dir='ltr'><strong>levamen,</strong></span> <span class='ocrx_word' id='word_1_45' title='bbox 1717 717 1960 758; x_wconf 84' lang='lat' dir='ltr'><strong>mensam</strong></span> 
     </span>
    </p>
   </div>
   <div class='ocr_carea' id='block_1_9' title="bbox 392 794 1964 869">
    <p class='ocr_par' dir='ltr' id='par_1_9' title="bbox 392 794 1964 869">
     <span class='ocr_line' id='line_1_9' title="bbox 392 794 1964 869; baseline -0.005 -17"><span class='ocrx_word' id='word_1_46' title='bbox 392 800 530 869; x_wconf 83' lang='lat' dir='ltr'><strong>ipsis</strong></span> <span class='ocrx_word' id='word_1_47' title='bbox 554 799 902 861; x_wconf 89' lang='lat' dir='ltr'><strong>instructam,</strong></span> <span class='ocrx_word' id='word_1_48' title='bbox 929 796 1142 868; x_wconf 88' lang='lat' dir='ltr'><strong>qualem</strong></span> <span class='ocrx_word' id='word_1_49' title='bbox 1175 796 1486 864; x_wconf 87' lang='lat' dir='ltr'><strong>hospitibus</strong></span> <span class='ocrx_word' id='word_1_50' title='bbox 1543 794 1807 864; x_wconf 76' lang='lat' dir='ltr'><strong>praebent,</strong></span> <span class='ocrx_word' id='word_1_51' title='bbox 1838 809 1964 863; x_wconf 91' lang='lat' dir='ltr'><strong>pro-</strong></span> 
     </span>
    </p>
   </div>
   <div class='ocr_carea' id='block_1_10' title="bbox 394 886 1965 964">
    <p class='ocr_par' dir='ltr' id='par_1_10' title="bbox 394 886 1965 964">
     <span class='ocr_line' id='line_1_10' title="bbox 394 886 1965 964; baseline -0.006 -17"><span class='ocrx_word' id='word_1_52' title='bbox 394 905 615 964; x_wconf 88' lang='lat' dir='ltr'><strong>ponam,</strong></span> <span class='ocrx_word' id='word_1_53' title='bbox 643 905 741 960; x_wconf 91' lang='lat' dir='ltr'><strong>per</strong></span> <span class='ocrx_word' id='word_1_54' title='bbox 791 902 954 960; x_wconf 90' lang='lat' dir='ltr'><strong>quam</strong></span> <span class='ocrx_word' id='word_1_55' title='bbox 1015 887 1301 950; x_wconf 84' lang='lat' dir='ltr'><strong>oblectati,</strong></span> <span class='ocrx_word' id='word_1_56' title='bbox 1362 896 1421 940; x_wconf 91' lang='lat' dir='ltr'><strong>ut</strong></span> <span class='ocrx_word' id='word_1_57' title='bbox 1487 888 1746 951; x_wconf 88' lang='lat' dir='ltr'><strong>arbitror,</strong></span> <span class='ocrx_word' id='word_1_58' title='bbox 1807 886 1965 939; x_wconf 81' lang='lat' dir='ltr'><strong>mites</strong></span> 
     </span>
    </p>
   </div>
   <div class='ocr_carea' id='block_1_11' title="bbox 391 978 1966 1055">
    <p class='ocr_par' dir='ltr' id='par_1_11' title="bbox 391 978 1966 1055">
     <span class='ocr_line' id='line_1_11' title="bbox 391 978 1966 1055; baseline -0.003 -16"><span class='ocrx_word' id='word_1_59' title='bbox 391 983 1055 1055; x_wconf 78' lang='lat' dir='ltr'><strong>eﬂ‘tcientur;apponetur</strong></span> <span class='ocrx_word' id='word_1_60' title='bbox 1094 992 1276 1036; x_wconf 90' lang='lat' dir='ltr'><strong>autem</strong></span> <span class='ocrx_word' id='word_1_61' title='bbox 1302 981 1388 1035; x_wconf 88' lang='lat' dir='ltr'><strong>his</strong></span> <span class='ocrx_word' id='word_1_62' title='bbox 1435 979 1654 1050; x_wconf 92' lang='lat' dir='ltr'><strong>quidem</strong></span> <span class='ocrx_word' id='word_1_63' title='bbox 1708 979 1848 1046; x_wconf 84' lang='lat' dir='ltr'><strong>ovis,</strong></span> <span class='ocrx_word' id='word_1_64' title='bbox 1882 978 1966 1034; x_wconf 85' lang='lat' dir='ltr'><strong>his</strong></span> 
     </span>
    </p>
   </div>
   <div class='ocr_carea' id='block_1_12' title="bbox 394 1068 1966 1144">
    <p class='ocr_par' dir='ltr' id='par_1_12' title="bbox 394 1068 1966 1144">
     <span class='ocr_line' id='line_1_12' title="bbox 394 1068 1966 1144; baseline -0.003 -15"><span class='ocrx_word' id='word_1_65' title='bbox 394 1082 600 1139; x_wconf 87' lang='lat' dir='ltr'><strong>autem,</strong></span> <span class='ocrx_word' id='word_1_66' title='bbox 645 1073 928 1144; x_wconf 84' lang='lat' dir='ltr'><strong>probabile</strong></span> <span class='ocrx_word' id='word_1_67' title='bbox 959 1074 1102 1127; x_wconf 84' lang='lat' dir='ltr'><strong>enim</strong></span> <span class='ocrx_word' id='word_1_68' title='bbox 1139 1081 1224 1126; x_wconf 86' lang='lat' dir='ltr'><strong>est</strong></span> <span class='ocrx_word' id='word_1_69' title='bbox 1259 1075 1523 1142; x_wconf 82' lang='lat' dir='ltr'><strong>quosdam</strong></span> <span class='ocrx_word' id='word_1_70' title='bbox 1557 1068 1667 1122; x_wconf 92' lang='lat' dir='ltr'><strong>Deo</strong></span> <span class='ocrx_word' id='word_1_71' title='bbox 1720 1078 1966 1124; x_wconf 87' lang='lat' dir='ltr'><strong>sacratos</strong></span> 
     </span>
    </p>
   </div>
   <div class='ocr_carea' id='block_1_13' title="bbox 395 1159 1966 1238">
    <p class='ocr_par' dir='ltr' id='par_1_13' title="bbox 395 1159 1966 1238">
     <span class='ocr_line' id='line_1_13' title="bbox 395 1159 1966 1238; baseline -0.006 -17"><span class='ocrx_word' id='word_1_72' title='bbox 395 1171 597 1238; x_wconf 73' lang='lat' dir='ltr'><strong>praesto</strong></span> <span class='ocrx_word' id='word_1_73' title='bbox 613 1162 1039 1233; x_wconf 82' lang='lat' dir='ltr'><strong>l&#39;utnros,piscis</strong></span> <span class='ocrx_word' id='word_1_74' title='bbox 1057 1161 1284 1233; x_wconf 85' lang='grc' dir='ltr'><strong>λάϐραξ;</strong></span> <span class='ocrx_word' id='word_1_75' title='bbox 1321 1170 1375 1216; x_wconf 90' lang='lat' dir='ltr'><strong>et</strong></span> <span class='ocrx_word' id='word_1_76' title='bbox 1405 1161 1450 1215; x_wconf 88' lang='lat' dir='ltr'><strong>si</strong></span> <span class='ocrx_word' id='word_1_77' title='bbox 1486 1159 1778 1230; x_wconf 80' lang='lat' dir='ltr'><strong>quidemin</strong></span> <span class='ocrx_word' id='word_1_78' title='bbox 1817 1174 1966 1214; x_wconf 84' lang='lat' dir='ltr'><strong>men-</strong></span> 
     </span>
    </p>
   </div>
   <div class='ocr_carea' id='block_1_14' title="bbox 399 1253 1971 1325">
    <p class='ocr_par' dir='ltr' id='par_1_14' title="bbox 399 1253 1971 1325">
     <span class='ocr_line' id='line_1_14' title="bbox 399 1253 1971 1325; baseline -0.005 -11"><span class='ocrx_word' id='word_1_79' title='bbox 399 1274 518 1315; x_wconf 86' lang='lat' dir='ltr'><strong>sam</strong></span> <span class='ocrx_word' id='word_1_80' title='bbox 569 1257 683 1312; x_wconf 49' lang='lat' dir='ltr'><strong>hatc</strong></span> <span class='ocrx_word' id='word_1_81' title='bbox 712 1258 890 1312; x_wconf 73' lang='lat' dir='ltr'><strong>aﬂ‘erri</strong></span> <span class='ocrx_word' id='word_1_82' title='bbox 935 1257 1164 1325; x_wconf 82' lang='lat' dir='ltr'><strong>eligant,</strong></span> <span class='ocrx_word' id='word_1_83' title='bbox 1197 1255 1268 1309; x_wconf 89' lang='lat' dir='ltr'><strong>ita</strong></span> <span class='ocrx_word' id='word_1_84' title='bbox 1292 1262 1355 1310; x_wconf 90' lang='lat' dir='ltr'><strong>ut</strong></span> <span class='ocrx_word' id='word_1_85' title='bbox 1381 1271 1534 1309; x_wconf 88' lang='lat' dir='ltr'><strong>ovem</strong></span> <span class='ocrx_word' id='word_1_86' title='bbox 1576 1255 1704 1310; x_wconf 90' lang='lat' dir='ltr'><strong>dum</strong></span> <span class='ocrx_word' id='word_1_87' title='bbox 1763 1253 1971 1306; x_wconf 78' lang='lat' dir='ltr'><strong>viveret</strong></span> 
     </span>
    </p>
   </div>
   <div class='ocr_carea' id='block_1_15' title="bbox 400 1344 1969 1416">
    <p class='ocr_par' dir='ltr' id='par_1_15' title="bbox 400 1344 1969 1416">
     <span class='ocr_line' id='line_1_15' title="bbox 400 1344 1969 1416; baseline -0.003 -13"><span class='ocrx_word' id='word_1_88' title='bbox 400 1349 664 1406; x_wconf 83' lang='lat' dir='ltr'><strong>devorent</strong></span> <span class='ocrx_word' id='word_1_89' title='bbox 686 1363 808 1402; x_wconf 90' lang='lat' dir='ltr'><strong>cum</strong></span> <span class='ocrx_word' id='word_1_90' title='bbox 832 1348 1056 1412; x_wconf 83' lang='lat' dir='ltr'><strong>vellere,</strong></span> <span class='ocrx_word' id='word_1_91' title='bbox 1076 1362 1200 1402; x_wconf 89' lang='lat' dir='ltr'><strong>cum</strong></span> <span class='ocrx_word' id='word_1_92' title='bbox 1223 1347 1380 1416; x_wconf 80' lang='lat' dir='ltr'><strong>pelle,</strong></span> <span class='ocrx_word' id='word_1_93' title='bbox 1405 1345 1666 1400; x_wconf 85' lang='lat' dir='ltr'><strong>carnibus</strong></span> <span class='ocrx_word' id='word_1_94' title='bbox 1679 1353 1730 1399; x_wconf 85' lang='lat' dir='ltr'><strong>et</strong></span> <span class='ocrx_word' id='word_1_95' title='bbox 1754 1344 1969 1414; x_wconf 84' lang='lat' dir='ltr'><strong>ungulis</strong></span> 
     </span>
    </p>
   </div>
   <div class='ocr_carea' id='block_1_16' title="bbox 396 1437 1970 1509">
    <p class='ocr_par' dir='ltr' id='par_1_16' title="bbox 396 1437 1970 1509">
     <span class='ocr_line' id='line_1_16' title="bbox 396 1437 1970 1509; baseline -0.003 -14"><span class='ocrx_word' id='word_1_96' title='bbox 396 1447 450 1495; x_wconf 81' lang='lat' dir='ltr'><strong>et</strong></span> <span class='ocrx_word' id='word_1_97' title='bbox 487 1439 813 1504; x_wconf 80' lang='lat' dir='ltr'><strong>visceribus,</strong></span> <span class='ocrx_word' id='word_1_98' title='bbox 848 1448 902 1493; x_wconf 91' lang='lat' dir='ltr'><strong>et</strong></span> <span class='ocrx_word' id='word_1_99' title='bbox 955 1439 1159 1509; x_wconf 89' lang='lat' dir='ltr'><strong>piscem</strong></span> <span class='ocrx_word' id='word_1_100' title='bbox 1213 1453 1335 1494; x_wconf 91' lang='lat' dir='ltr'><strong>cum</strong></span> <span class='ocrx_word' id='word_1_101' title='bbox 1398 1437 1645 1508; x_wconf 83' lang='lat' dir='ltr'><strong>squamis</strong></span> <span class='ocrx_word' id='word_1_102' title='bbox 1673 1444 1727 1491; x_wconf 88' lang='lat' dir='ltr'><strong>et</strong></span> <span class='ocrx_word' id='word_1_103' title='bbox 1761 1437 1970 1504; x_wconf 89' lang='lat' dir='ltr'><strong>reliquo</strong></span> 
     </span>
    </p>
   </div>
   <div class='ocr_carea' id='block_1_17' title="bbox 397 1511 1970 1603">
    <p class='ocr_par' dir='ltr' id='par_1_17' title="bbox 397 1511 1970 1603">
     <span class='ocr_line' id='line_1_17' title="bbox 397 1511 1970 1603; baseline -0.004 -16"><span class='ocrx_word' id='word_1_104' title='bbox 397 1511 648 1603; x_wconf 58' lang='lat' dir='ltr'><strong>cor&#39;poris</strong></span> <span class='ocrx_word' id='word_1_105' title='bbox 682 1531 869 1586; x_wconf 90' lang='lat' dir='ltr'><strong>habitu</strong></span> <span class='ocrx_word' id='word_1_106' title='bbox 927 1548 940 1585; x_wconf 91' lang='lat'><strong>:</strong></span> <span class='ocrx_word' id='word_1_107' title='bbox 996 1531 1202 1586; x_wconf 81' lang='lat' dir='ltr'><strong>cavebo</strong></span> <span class='ocrx_word' id='word_1_108' title='bbox 1235 1529 1420 1585; x_wconf 79' lang='lat' dir='ltr'><strong>statim</strong></span> <span class='ocrx_word' id='word_1_109' title='bbox 1475 1545 1544 1585; x_wconf 90' lang='lat' dir='ltr'><strong>ne</strong></span> <span class='ocrx_word' id='word_1_110' title='bbox 1614 1528 1970 1600; x_wconf 84' lang='lat' dir='ltr'><strong>respondeam</strong></span> 
     </span>
    </p>
   </div>
   <div class='ocr_carea' id='block_1_18' title="bbox 397 1621 1972 1689">
    <p class='ocr_par' dir='ltr' id='par_1_18' title="bbox 397 1621 1972 1689">
     <span class='ocr_line' id='line_1_18' title="bbox 397 1621 1972 1689; baseline -0.004 -9"><span class='ocrx_word' id='word_1_111' title='bbox 397 1627 499 1689; x_wconf 88' lang='lat' dir='ltr'><strong>eis,</strong></span> <span class='ocrx_word' id='word_1_112' title='bbox 534 1640 640 1681; x_wconf 89' lang='lat' dir='ltr'><strong>non</strong></span> <span class='ocrx_word' id='word_1_113' title='bbox 664 1633 849 1679; x_wconf 84' lang='lat' dir='ltr'><strong>mente</strong></span> <span class='ocrx_word' id='word_1_114' title='bbox 880 1623 1195 1689; x_wconf 86' lang='lat' dir='ltr'><strong>considens,</strong></span> <span class='ocrx_word' id='word_1_115' title='bbox 1239 1622 1338 1679; x_wconf 90' lang='lat' dir='ltr'><strong>sed</strong></span> <span class='ocrx_word' id='word_1_116' title='bbox 1403 1622 1734 1688; x_wconf 86' lang='lat' dir='ltr'><strong>admiratus,</strong></span> <span class='ocrx_word' id='word_1_117' title='bbox 1771 1637 1858 1677; x_wconf 89' lang='lat' dir='ltr'><strong>me</strong></span> <span class='ocrx_word' id='word_1_118' title='bbox 1893 1621 1972 1675; x_wconf 86' lang='lat' dir='ltr'><strong>vi-</strong></span> 
     </span>
    </p>
   </div>
   <div class='ocr_carea' id='block_1_19' title="bbox 2065 508 3646 587">
    <p class='ocr_par' dir='ltr' id='par_1_19' title="bbox 2065 508 3646 587">
     <span class='ocr_line' id='line_1_19' title="bbox 2065 508 3646 587; baseline -0.004 -18"><span class='ocrx_word' id='word_1_119' title='bbox 2065 516 2220 587; x_wconf 78' lang='grc' dir='ltr'><strong>ψόγῳ</strong></span> <span class='ocrx_word' id='word_1_120' title='bbox 2239 517 2479 586; x_wconf 76' lang='grc' dir='ltr'><strong>ἐμαυτὸν</strong></span> <span class='ocrx_word' id='word_1_121' title='bbox 2505 520 2763 586; x_wconf 85' lang='grc' dir='ltr'><strong>ὑποσχεῖν</strong></span> <span class='ocrx_word' id='word_1_122' title='bbox 2792 517 2932 585; x_wconf 87' lang='grc' dir='ltr'><strong>μήτε</strong></span> <span class='ocrx_word' id='word_1_123' title='bbox 2955 514 3090 584; x_wconf 86' lang='grc' dir='ltr'><strong>παρ’</strong></span> <span class='ocrx_word' id='word_1_124' title='bbox 3105 515 3339 576; x_wconf 82' lang='grc' dir='ltr'><strong>ἐκείνοις</strong></span> <span class='ocrx_word' id='word_1_125' title='bbox 3361 513 3500 583; x_wconf 88' lang='grc' dir='ltr'><strong>μήτε</strong></span> <span class='ocrx_word' id='word_1_126' title='bbox 3523 529 3595 564; x_wconf 85' lang='grc' dir='ltr'><strong>πα</strong></span> <span class='ocrx_word' id='word_1_127' title='bbox 3606 508 3646 579; x_wconf 91' lang='grc' dir='ltr'><strong>ρ’</strong></span> 
     </span>
    </p>
   </div>
   <div class='ocr_carea' id='block_1_20' title="bbox 2066 596 3649 673">
    <p class='ocr_par' dir='ltr' id='par_1_20' title="bbox 2066 596 3649 673">
     <span class='ocr_line' id='line_1_20' title="bbox 2066 596 3649 673; baseline -0.003 -19"><span class='ocrx_word' id='word_1_128' title='bbox 2066 601 2269 668; x_wconf 85' lang='grc' dir='ltr'><strong>ἄλλοις,</strong></span> <span class='ocrx_word' id='word_1_129' title='bbox 2287 596 2367 665; x_wconf 75' lang='grc' dir='ltr'><strong>οἷς</strong></span> <span class='ocrx_word' id='word_1_130' title='bbox 2391 603 2508 655; x_wconf 83' lang='grc' dir='ltr'><strong>ἔστι</strong></span> <span class='ocrx_word' id='word_1_131' title='bbox 2533 602 2825 673; x_wconf 78' lang='grc' dir='ltr'><strong>διάκρισιςο</strong></span> <span class='ocrx_word' id='word_1_132' title='bbox 2858 603 2953 656; x_wconf 81' lang='grc' dir='ltr'><strong>καὶ</strong></span> <span class='ocrx_word' id='word_1_133' title='bbox 2981 604 3088 673; x_wconf 83' lang='grc' dir='ltr'><strong>πρό</strong></span> <span class='ocrx_word' id='word_1_134' title='bbox 3106 620 3168 670; x_wconf 86' lang='grc' dir='ltr'><strong>γε</strong></span> <span class='ocrx_word' id='word_1_135' title='bbox 3196 603 3308 655; x_wconf 86' lang='grc' dir='ltr'><strong>τῶν</strong></span> <span class='ocrx_word' id='word_1_136' title='bbox 3341 602 3515 656; x_wconf 79' lang='grc' dir='ltr'><strong>ἄλλων</strong></span> <span class='ocrx_word' id='word_1_137' title='bbox 3540 602 3649 668; x_wconf 84' lang='grc' dir='ltr'><strong>μεί-</strong></span> 
     </span>
    </p>
   </div>
   <div class='ocr_carea' id='block_1_21' title="bbox 2065 693 3649 767">
    <p class='ocr_par' dir='ltr' id='par_1_21' title="bbox 2065 693 3649 767">
     <span class='ocr_line' id='line_1_21' title="bbox 2065 693 3649 767; baseline -0.001 -19"><span class='ocrx_word' id='word_1_138' title='bbox 2065 695 2240 764; x_wconf 86' lang='grc' dir='ltr'><strong>λιγμα</strong></span> <span class='ocrx_word' id='word_1_139' title='bbox 2273 694 2430 762; x_wconf 88' lang='grc' dir='ltr'><strong>χόλου</strong></span> <span class='ocrx_word' id='word_1_140' title='bbox 2459 694 2552 747; x_wconf 91' lang='grc' dir='ltr'><strong>τοῦ</strong></span> <span class='ocrx_word' id='word_1_141' title='bbox 2583 696 2703 750; x_wconf 85' lang='grc' dir='ltr'><strong>καθ’</strong></span> <span class='ocrx_word' id='word_1_142' title='bbox 2734 693 2893 765; x_wconf 77' lang='grc' dir='ltr'><strong>ἡμῶν</strong></span> <span class='ocrx_word' id='word_1_143' title='bbox 2919 696 3198 767; x_wconf 78' lang='grc' dir='ltr'><strong>τράπεζαν</strong></span> <span class='ocrx_word' id='word_1_144' title='bbox 3222 695 3410 757; x_wconf 88' lang='grc' dir='ltr'><strong>αὐτοῖς</strong></span> <span class='ocrx_word' id='word_1_145' title='bbox 3433 695 3533 746; x_wconf 85' lang='grc' dir='ltr'><strong>ὅσα</strong></span> <span class='ocrx_word' id='word_1_146' title='bbox 3563 695 3649 746; x_wconf 74' lang='grc' dir='ltr'><strong>καὶ</strong></span> 
     </span>
    </p>
   </div>
   <div class='ocr_carea' id='block_1_22' title="bbox 2068 779 3650 858">
    <p class='ocr_par' dir='ltr' id='par_1_22' title="bbox 2068 779 3650 858">
     <span class='ocr_line' id='line_1_22' title="bbox 2068 779 3650 858; baseline 0 -20"><span class='ocrx_word' id='word_1_147' title='bbox 2068 785 2450 857; x_wconf 87' lang='grc' dir='ltr'><strong>παραϐαλοῦσι</strong></span> <span class='ocrx_word' id='word_1_148' title='bbox 2487 785 2657 851; x_wconf 79' lang='grc' dir='ltr'><strong>ξένοις</strong></span> <span class='ocrx_word' id='word_1_149' title='bbox 2699 787 2789 854; x_wconf 79' lang='grc' dir='ltr'><strong>ἐξα</strong></span> <span class='ocrx_word' id='word_1_150' title='bbox 2805 787 3016 858; x_wconf 82' lang='grc' dir='ltr'><strong>ρτίσας,</strong></span> <span class='ocrx_word' id='word_1_151' title='bbox 3055 787 3425 856; x_wconf 79' lang='grc' dir='ltr'><strong>ὑποθήσομαι,</strong></span> <span class='ocrx_word' id='word_1_152' title='bbox 3453 785 3521 838; x_wconf 89' lang='grc' dir='ltr'><strong>δι’</strong></span> <span class='ocrx_word' id='word_1_153' title='bbox 3566 779 3650 856; x_wconf 77' lang='grc' dir='ltr'><strong>ἧς,</strong></span> 
     </span>
    </p>
   </div>
   <div class='ocr_carea' id='block_1_23' title="bbox 2067 872 3650 951">
    <p class='ocr_par' dir='ltr' id='par_1_23' title="bbox 2067 872 3650 951">
     <span class='ocr_line' id='line_1_23' title="bbox 2067 872 3650 951; baseline 0 -20"><span class='ocrx_word' id='word_1_154' title='bbox 2067 872 2245 948; x_wconf 74' lang='grc' dir='ltr'><strong>οἶμαι,</strong></span> <span class='ocrx_word' id='word_1_155' title='bbox 2278 879 2604 949; x_wconf 79' lang='grc' dir='ltr'><strong>θελξάμενοι</strong></span> <span class='ocrx_word' id='word_1_156' title='bbox 2636 880 3083 951; x_wconf 84' lang='grc' dir='ltr'><strong>πραῦνθήσονται</strong></span> <span class='ocrx_word' id='word_1_157' title='bbox 3109 896 3125 912; x_wconf 76' lang='grc' dir='ltr'><strong>ο</strong></span> <span class='ocrx_word' id='word_1_158' title='bbox 3149 881 3301 933; x_wconf 72' lang='grc' dir='ltr'><strong>ἔσται</strong></span> <span class='ocrx_word' id='word_1_159' title='bbox 3332 881 3390 932; x_wconf 80' lang='grc' dir='ltr'><strong>δὲ</strong></span> <span class='ocrx_word' id='word_1_160' title='bbox 3430 881 3493 932; x_wconf 82' lang='grc' dir='ltr'><strong>τὸ</strong></span> <span class='ocrx_word' id='word_1_161' title='bbox 3523 880 3650 949; x_wconf 78' lang='grc' dir='ltr'><strong>πρό-</strong></span> 
     </span>
    </p>
   </div>
   <div class='ocr_carea' id='block_1_24' title="bbox 2069 968 3652 1042">
    <p class='ocr_par' dir='ltr' id='par_1_24' title="bbox 2069 968 3652 1042">
     <span class='ocr_line' id='line_1_24' title="bbox 2069 968 3652 1042; baseline 0.004 -21"><span class='ocrx_word' id='word_1_162' title='bbox 2069 968 2232 1039; x_wconf 89' lang='grc' dir='ltr'><strong>Θεμα,</strong></span> <span class='ocrx_word' id='word_1_163' title='bbox 2265 973 2380 1033; x_wconf 80' lang='grc' dir='ltr'><strong>τοῖς</strong></span> <span class='ocrx_word' id='word_1_164' title='bbox 2412 971 2512 1040; x_wconf 74' lang='grc' dir='ltr'><strong>μὲν</strong></span> <span class='ocrx_word' id='word_1_165' title='bbox 2547 972 2844 1042; x_wconf 84' lang='grc' dir='ltr'><strong>πρόϐατον,</strong></span> <span class='ocrx_word' id='word_1_166' title='bbox 2892 973 3102 1041; x_wconf 81' lang='grc' dir='ltr'><strong>ἑτέροις</strong></span> <span class='ocrx_word' id='word_1_167' title='bbox 3128 973 3208 1038; x_wconf 78' lang='grc' dir='ltr'><strong>δὲ,</strong></span> <span class='ocrx_word' id='word_1_168' title='bbox 3237 973 3385 1035; x_wconf 79' lang='grc' dir='ltr'><strong>εἰκὸς</strong></span> <span class='ocrx_word' id='word_1_169' title='bbox 3419 973 3532 1040; x_wconf 76' lang='grc' dir='ltr'><strong>γὰρ</strong></span> <span class='ocrx_word' id='word_1_170' title='bbox 3563 981 3652 1030; x_wconf 74' lang='grc' dir='ltr'><strong>καὶ</strong></span> 
     </span>
    </p>
   </div>
   <div class='ocr_carea' id='block_1_25' title="bbox 2069 1060 3683 1133">
    <p class='ocr_par' dir='ltr' id='par_1_25' title="bbox 2069 1060 3683 1133">
     <span class='ocr_line' id='line_1_25' title="bbox 2069 1060 3683 1133; baseline 0.007 -19"><span class='ocrx_word' id='word_1_171' title='bbox 2069 1060 2446 1132; x_wconf 79' lang='grc' dir='ltr'><strong>Ναζιραῖκούς</strong></span> <span class='ocrx_word' id='word_1_172' title='bbox 2467 1080 2623 1126; x_wconf 89' lang='grc' dir='ltr'><strong>τινας</strong></span> <span class='ocrx_word' id='word_1_173' title='bbox 2654 1067 3015 1133; x_wconf 81' lang='grc' dir='ltr'><strong>παρατυχεῖν,</strong></span> <span class='ocrx_word' id='word_1_174' title='bbox 3053 1064 3206 1131; x_wconf 79' lang='grc' dir='ltr'><strong>ίχθύς</strong></span> <span class='ocrx_word' id='word_1_175' title='bbox 3230 1063 3440 1132; x_wconf 83' lang='grc' dir='ltr'><strong>λάϐραξ</strong></span> <span class='ocrx_word' id='word_1_176' title='bbox 3471 1063 3683 1131; x_wconf 74' lang='grc' dir='ltr'><strong>άδρ6ς⁶.</strong></span> 
     </span>
    </p>
   </div>
   <div class='ocr_carea' id='block_1_26' title="bbox 2069 1153 3716 1225">
    <p class='ocr_par' dir='ltr' id='par_1_26' title="bbox 2069 1153 3716 1225">
     <span class='ocr_line' id='line_1_26' title="bbox 2069 1153 3716 1225; baseline 0.001 -20"><span class='ocrx_word' id='word_1_177' title='bbox 2069 1153 2164 1206; x_wconf 80' lang='grc' dir='ltr'><strong>καὶ</strong></span> <span class='ocrx_word' id='word_1_178' title='bbox 2195 1155 2243 1206; x_wconf 86' lang='grc' dir='ltr'><strong>εί</strong></span> <span class='ocrx_word' id='word_1_179' title='bbox 2276 1155 2378 1224; x_wconf 82' lang='grc' dir='ltr'><strong>μὲν</strong></span> <span class='ocrx_word' id='word_1_180' title='bbox 2403 1155 2600 1208; x_wconf 80' lang='grc' dir='ltr'><strong>ἐκεῖνοι</strong></span> <span class='ocrx_word' id='word_1_181' title='bbox 2626 1154 2858 1208; x_wconf 73' lang='grc' dir='ltr'><strong>ἕλωνται</strong></span> <span class='ocrx_word' id='word_1_182' title='bbox 2890 1153 3367 1225; x_wconf 82' lang='grc' dir='ltr'><strong>προσενέγκασθαι</strong></span> <span class='ocrx_word' id='word_1_183' title='bbox 3399 1156 3482 1218; x_wconf 89' lang='grc' dir='ltr'><strong>εἰς</strong></span> <span class='ocrx_word' id='word_1_184' title='bbox 3521 1171 3652 1223; x_wconf 68' lang='grc' dir='ltr'><strong>τρι·</strong></span> <span class='ocrx_word' id='word_1_185' title='bbox 3708 1211 3716 1220; x_wconf 53' lang='grc'><strong>,</strong></span> 
     </span>
    </p>
   </div>
   <div class='ocr_carea' id='block_1_27' title="bbox 2071 1243 3688 1316">
    <p class='ocr_par' dir='ltr' id='par_1_27' title="bbox 2071 1243 3688 1316">
     <span class='ocr_line' id='line_1_27' title="bbox 2071 1243 3688 1316; baseline -0.008 -7"><span class='ocrx_word' id='word_1_186' title='bbox 2071 1243 2307 1312; x_wconf 73' lang='grc' dir='ltr'><strong>πέξωμα</strong></span> <span class='ocrx_word' id='word_1_187' title='bbox 2338 1245 2408 1299; x_wconf 87' lang='grc' dir='ltr'><strong>τὰ</strong></span> <span class='ocrx_word' id='word_1_188' title='bbox 2458 1245 2708 1311; x_wconf 86' lang='grc' dir='ltr'><strong>τοιαῦτα,</strong></span> <span class='ocrx_word' id='word_1_189' title='bbox 2747 1247 2824 1309; x_wconf 84' lang='grc' dir='ltr'><strong>ὡς</strong></span> <span class='ocrx_word' id='word_1_190' title='bbox 2856 1245 2917 1299; x_wconf 87' lang='grc' dir='ltr'><strong>τὸ</strong></span> <span class='ocrx_word' id='word_1_191' title='bbox 2963 1245 3064 1316; x_wconf 86' lang='grc' dir='ltr'><strong>μὲν</strong></span> <span class='ocrx_word' id='word_1_192' title='bbox 3117 1246 3370 1316; x_wconf 89' lang='grc' dir='ltr'><strong>βόσκημα</strong></span> <span class='ocrx_word' id='word_1_193' title='bbox 3397 1245 3624 1298; x_wconf 74' lang='grc' dir='ltr'><strong>καταθοι</strong></span> <span class='ocrx_word' id='word_1_194' title='bbox 3679 1254 3688 1288; x_wconf 71' lang='grc' dir='ltr'><strong>ῑ</strong></span> 
     </span>
    </p>
   </div>
   <div class='ocr_carea' id='block_1_28' title="bbox 2071 1335 3653 1409">
    <p class='ocr_par' dir='ltr' id='par_1_28' title="bbox 2071 1335 3653 1409">
     <span class='ocr_line' id='line_1_28' title="bbox 2071 1335 3653 1409; baseline -0.001 -19"><span class='ocrx_word' id='word_1_195' title='bbox 2071 1336 2340 1408; x_wconf 87' lang='grc' dir='ltr'><strong>νήσασθαι</strong></span> <span class='ocrx_word' id='word_1_196' title='bbox 2374 1335 2550 1402; x_wconf 77' lang='grc' dir='ltr'><strong>οὕτως</strong></span> <span class='ocrx_word' id='word_1_197' title='bbox 2580 1338 2656 1402; x_wconf 78' lang='grc' dir='ltr'><strong>ὡς</strong></span> <span class='ocrx_word' id='word_1_198' title='bbox 2701 1339 2813 1409; x_wconf 79' lang='grc' dir='ltr'><strong>ἔχει</strong></span> <span class='ocrx_word' id='word_1_199' title='bbox 2849 1338 3017 1406; x_wconf 76' lang='grc' dir='ltr'><strong>ζωῆς,</strong></span> <span class='ocrx_word' id='word_1_200' title='bbox 3050 1338 3200 1409; x_wconf 82' lang='grc' dir='ltr'><strong>αὐτῷ</strong></span> <span class='ocrx_word' id='word_1_201' title='bbox 3255 1338 3469 1408; x_wconf 84' lang='grc' dir='ltr'><strong>μαλλῷ,</strong></span> <span class='ocrx_word' id='word_1_202' title='bbox 3506 1337 3653 1406; x_wconf 82' lang='grc' dir='ltr'><strong>αὐτῷ</strong></span> 
     </span>
    </p>
   </div>
   <div class='ocr_carea' id='block_1_29' title="bbox 2072 1427 3652 1502">
    <p class='ocr_par' dir='ltr' id='par_1_29' title="bbox 2072 1427 3652 1502">
     <span class='ocr_line' id='line_1_29' title="bbox 2072 1427 3652 1502; baseline 0.001 -20"><span class='ocrx_word' id='word_1_203' title='bbox 2072 1427 2330 1499; x_wconf 81' lang='grc' dir='ltr'><strong>δέρματι,</strong></span> <span class='ocrx_word' id='word_1_204' title='bbox 2361 1431 2592 1502; x_wconf 82' lang='grc' dir='ltr'><strong>κέρασιν</strong></span> <span class='ocrx_word' id='word_1_205' title='bbox 2615 1431 2799 1495; x_wconf 82' lang='grc' dir='ltr'><strong>αὐτοῖς</strong></span> <span class='ocrx_word' id='word_1_206' title='bbox 2827 1431 2922 1484; x_wconf 75' lang='grc' dir='ltr'><strong>καὶ</strong></span> <span class='ocrx_word' id='word_1_207' title='bbox 2943 1429 3114 1497; x_wconf 75' lang='grc' dir='ltr'><strong>ὄνυξι,</strong></span> <span class='ocrx_word' id='word_1_208' title='bbox 3138 1434 3232 1484; x_wconf 77' lang='grc' dir='ltr'><strong>καὶ</strong></span> <span class='ocrx_word' id='word_1_209' title='bbox 3251 1433 3319 1500; x_wconf 77' lang='grc' dir='ltr'><strong>τῇ</strong></span> <span class='ocrx_word' id='word_1_210' title='bbox 3348 1430 3458 1484; x_wconf 83' lang='grc' dir='ltr'><strong>τῶν</strong></span> <span class='ocrx_word' id='word_1_211' title='bbox 3488 1431 3652 1500; x_wconf 78' lang='grc' dir='ltr'><strong>ἐγκά-</strong></span> 
     </span>
    </p>
   </div>
   <div class='ocr_carea' id='block_1_30' title="bbox 2072 1520 3652 1594">
    <p class='ocr_par' dir='ltr' id='par_1_30' title="bbox 2072 1520 3652 1594">
     <span class='ocr_line' id='line_1_30' title="bbox 2072 1520 3652 1594; baseline 0.002 -22"><span class='ocrx_word' id='word_1_212' title='bbox 2072 1537 2182 1574; x_wconf 86' lang='grc' dir='ltr'><strong>των</strong></span> <span class='ocrx_word' id='word_1_213' title='bbox 2215 1520 2477 1588; x_wconf 84' lang='grc' dir='ltr'><strong>διαθέσει,</strong></span> <span class='ocrx_word' id='word_1_214' title='bbox 2504 1522 2565 1575; x_wconf 83' lang='grc' dir='ltr'><strong>τὸ</strong></span> <span class='ocrx_word' id='word_1_215' title='bbox 2590 1522 2646 1576; x_wconf 83' lang='grc' dir='ltr'><strong>δὲ</strong></span> <span class='ocrx_word' id='word_1_216' title='bbox 2676 1522 2906 1594; x_wconf 82' lang='grc' dir='ltr'><strong>ὀψάριον</strong></span> <span class='ocrx_word' id='word_1_217' title='bbox 2965 1522 3158 1586; x_wconf 82' lang='grc' dir='ltr'><strong>αὐταῖς</strong></span> <span class='ocrx_word' id='word_1_218' title='bbox 3202 1521 3384 1576; x_wconf 84' lang='grc' dir='ltr'><strong>λεπίσι</strong></span> <span class='ocrx_word' id='word_1_219' title='bbox 3443 1523 3539 1576; x_wconf 79' lang='grc' dir='ltr'><strong>καὶ</strong></span> <span class='ocrx_word' id='word_1_220' title='bbox 3590 1525 3652 1594; x_wconf 67' lang='grc' dir='ltr'><strong>τῇ</strong></span> 
     </span>
    </p>
   </div>
   <div class='ocr_carea' id='block_1_31' title="bbox 2073 1610 3654 1686">
    <p class='ocr_par' dir='ltr' id='par_1_31' title="bbox 2073 1610 3654 1686">
     <span class='ocr_line' id='line_1_31' title="bbox 2073 1610 3654 1686; baseline 0.002 -22"><span class='ocrx_word' id='word_1_221' title='bbox 2073 1610 2235 1682; x_wconf 80' lang='grc' dir='ltr'><strong>λοιπῇ</strong></span> <span class='ocrx_word' id='word_1_222' title='bbox 2269 1614 2412 1666; x_wconf 76' lang='grc' dir='ltr'><strong>κατὰ</strong></span> <span class='ocrx_word' id='word_1_223' title='bbox 2449 1614 2608 1684; x_wconf 86' lang='grc' dir='ltr'><strong>σῶμα</strong></span> <span class='ocrx_word' id='word_1_224' title='bbox 2636 1613 2872 1686; x_wconf 77' lang='grc' dir='ltr'><strong>διαρτίᾳ,</strong></span> <span class='ocrx_word' id='word_1_225' title='bbox 2918 1615 3194 1684; x_wconf 83' lang='grc' dir='ltr'><strong>στήσομαι</strong></span> <span class='ocrx_word' id='word_1_226' title='bbox 3219 1615 3361 1683; x_wconf 83' lang='grc' dir='ltr'><strong>τάχα</strong></span> <span class='ocrx_word' id='word_1_227' title='bbox 3395 1613 3489 1667; x_wconf 89' lang='grc' dir='ltr'><strong>τοῦ</strong></span> <span class='ocrx_word' id='word_1_228' title='bbox 3529 1615 3654 1667; x_wconf 85' lang='grc' dir='ltr'><strong>ἀντ-</strong></span> 
     </span>
    </p>
   </div>
   <div class='ocr_carea' id='block_1_32' title="bbox 398 1705 1985 1778">
    <p class='ocr_par' dir='ltr' id='par_1_32' title="bbox 398 1712 1974 1772">
     <span class='ocr_line' id='line_1_32' title="bbox 398 1712 1974 1772; baseline -0.003 -2"><span class='ocrx_word' id='word_1_229' title='bbox 398 1715 551 1772; x_wconf 90' lang='lat' dir='ltr'><strong>disse</strong></span> <span class='ocrx_word' id='word_1_230' title='bbox 623 1713 874 1769; x_wconf 87' lang='lat' dir='ltr'><strong>homines</strong></span> <span class='ocrx_word' id='word_1_231' title='bbox 929 1729 1194 1770; x_wconf 80' lang='lat' dir='ltr'><strong>voraces.</strong></span> <span class='ocrx_word' id='word_1_232' title='bbox 1254 1713 1313 1767; x_wconf 88' lang='lat' dir='ltr'><strong>Si</strong></span> <span class='ocrx_word' id='word_1_233' title='bbox 1385 1724 1566 1768; x_wconf 88' lang='lat' dir='ltr'><strong>autem</strong></span> <span class='ocrx_word' id='word_1_234' title='bbox 1626 1712 1974 1768; x_wconf 77' lang='lat' dir='ltr'><strong>confecerint</strong></span> 
     </span>
    </p>
   </div>
   <div class='ocr_carea' id='block_1_33' title="bbox 2092 1705 3654 1778">
    <p class='ocr_par' dir='ltr' id='par_1_33' title="bbox 2092 1705 3654 1778">
     <span class='ocr_line' id='line_1_33' title="bbox 2092 1705 3654 1778; baseline 0.004 -22"><span class='ocrx_word' id='word_1_235' title='bbox 2092 1705 2252 1757; x_wconf 76' lang='grc' dir='ltr'><strong>ειπεῑν</strong></span> <span class='ocrx_word' id='word_1_236' title='bbox 2300 1705 2504 1773; x_wconf 74' lang='grc' dir='ltr'><strong>αὐτοῖς,</strong></span> <span class='ocrx_word' id='word_1_237' title='bbox 2546 1707 2647 1760; x_wconf 86' lang='grc' dir='ltr'><strong>οὐκ</strong></span> <span class='ocrx_word' id='word_1_238' title='bbox 2686 1706 3052 1778; x_wconf 76' lang='grc' dir='ltr'><strong>ὲξαπορηθεὶς</strong></span> <span class='ocrx_word' id='word_1_239' title='bbox 3102 1708 3345 1772; x_wconf 89' lang='grc' dir='ltr'><strong>πάντως,</strong></span> <span class='ocrx_word' id='word_1_240' title='bbox 3393 1706 3533 1763; x_wconf 82' lang='grc' dir='ltr'><strong>ἀλλὰ</strong></span> <span class='ocrx_word' id='word_1_241' title='bbox 3565 1726 3654 1762; x_wconf 83' lang='grc' dir='ltr'><strong>τε·</strong></span> 
     </span>
    </p>
   </div>
   <div class='ocr_carea' id='block_1_34' title="bbox 399 1771 1985 1874">
    <p class='ocr_par' dir='ltr' id='par_1_34' title="bbox 399 1803 1968 1874">
     <span class='ocr_line' id='line_1_34' title="bbox 399 1803 1968 1874; baseline -0.003 -13"><span class='ocrx_word' id='word_1_242' title='bbox 399 1807 504 1862; x_wconf 89' lang='lat' dir='ltr'><strong>rite</strong></span> <span class='ocrx_word' id='word_1_243' title='bbox 525 1813 713 1861; x_wconf 90' lang='lat' dir='ltr'><strong>etnon</strong></span> <span class='ocrx_word' id='word_1_244' title='bbox 748 1803 988 1860; x_wconf 78' lang='lat' dir='ltr'><strong>ferarum</strong></span> <span class='ocrx_word' id='word_1_245' title='bbox 1028 1818 1201 1869; x_wconf 90' lang='lat' dir='ltr'><strong>more,</strong></span> <span class='ocrx_word' id='word_1_246' title='bbox 1249 1813 1305 1860; x_wconf 91' lang='lat' dir='ltr'><strong>et</strong></span> <span class='ocrx_word' id='word_1_247' title='bbox 1363 1803 1628 1874; x_wconf 80' lang='lat' dir='ltr'><strong>eligentes</strong></span> <span class='ocrx_word' id='word_1_248' title='bbox 1689 1803 1968 1873; x_wconf 81' lang='lat' dir='ltr'><strong>exquisita</strong></span> 
     </span>
    </p>
   </div>
   <div class='ocr_carea' id='block_1_35' title="bbox 2092 1771 3654 1874">
    <p class='ocr_par' dir='ltr' id='par_1_35' title="bbox 2092 1771 3654 1871">
     <span class='ocr_line' id='line_1_35' title="bbox 2092 1771 3654 1871; baseline 0.004 -24"><span class='ocrx_word' id='word_1_249' title='bbox 2092 1793 2428 1866; x_wconf 72' lang='grc' dir='ltr'><strong>ὶαμϐημένος</strong></span> <span class='ocrx_word' id='word_1_250' title='bbox 2474 1771 2556 1862; x_wconf 75' lang='grc' dir='ltr'><strong>οἷς</strong></span> <span class='ocrx_word' id='word_1_251' title='bbox 2618 1771 2942 1869; x_wconf 73' lang='grc' dir='ltr'><strong>ἀνθρώπους</strong></span> <span class='ocrx_word' id='word_1_252' title='bbox 2965 1795 3105 1852; x_wconf 80' lang='grc' dir='ltr'><strong>εἶδον</strong></span> <span class='ocrx_word' id='word_1_253' title='bbox 3152 1799 3441 1871; x_wconf 85' lang='grc' dir='ltr'><strong>ώμηστάς.</strong></span> <span class='ocrx_word' id='word_1_254' title='bbox 3498 1801 3563 1853; x_wconf 73' lang='lat' dir='ltr'><strong>Et</strong></span> <span class='ocrx_word' id='word_1_255' title='bbox 3602 1800 3654 1854; x_wconf 69' lang='grc' dir='ltr'><strong>δὲ</strong></span> 
     </span>
    </p>
   </div>
   <div class='ocr_carea' id='block_1_36' title="bbox 398 1893 1970 1963">
    <p class='ocr_par' dir='ltr' id='par_1_36' title="bbox 398 1893 1970 1963">
     <span class='ocr_line' id='line_1_36' title="bbox 398 1893 1970 1963; baseline -0.003 -12"><span class='ocrx_word' id='word_1_256' title='bbox 398 1905 452 1951; x_wconf 88' lang='lat' dir='ltr'><strong>et</strong></span> <span class='ocrx_word' id='word_1_257' title='bbox 475 1895 795 1950; x_wconf 91' lang='lat' dir='ltr'><strong>communia</strong></span> <span class='ocrx_word' id='word_1_258' title='bbox 857 1893 1221 1958; x_wconf 85' lang='lat' dir='ltr'><strong>comederint,</strong></span> <span class='ocrx_word' id='word_1_259' title='bbox 1266 1895 1412 1948; x_wconf 88' lang='lat' dir='ltr'><strong>sicut</strong></span> <span class='ocrx_word' id='word_1_260' title='bbox 1461 1903 1702 1963; x_wconf 86' lang='lat' dir='ltr'><strong>oportet,</strong></span> <span class='ocrx_word' id='word_1_261' title='bbox 1758 1893 1970 1962; x_wconf 87' lang='lat' dir='ltr'><strong>reliqua</strong></span> 
     </span>
    </p>
   </div>
   <div class='ocr_carea' id='block_1_37' title="bbox 399 1982 1973 2056">
    <p class='ocr_par' dir='ltr' id='par_1_37' title="bbox 399 1982 1973 2056">
     <span class='ocr_line' id='line_1_37' title="bbox 399 1982 1973 2056; baseline -0.002 -14"><span class='ocrx_word' id='word_1_262' title='bbox 399 1995 582 2043; x_wconf 87' lang='lat' dir='ltr'><strong>autem</strong></span> <span class='ocrx_word' id='word_1_263' title='bbox 609 1986 751 2042; x_wconf 89' lang='lat' dir='ltr'><strong>sicut</strong></span> <span class='ocrx_word' id='word_1_264' title='bbox 774 1992 828 2041; x_wconf 89' lang='lat' dir='ltr'><strong>et</strong></span> <span class='ocrx_word' id='word_1_265' title='bbox 877 1993 1072 2040; x_wconf 73' lang='lat' dir='ltr'><strong>caetera</strong></span> <span class='ocrx_word' id='word_1_266' title='bbox 1122 1985 1359 2052; x_wconf 87' lang='lat' dir='ltr'><strong>inutilia,</strong></span> <span class='ocrx_word' id='word_1_267' title='bbox 1407 1993 1460 2041; x_wconf 92' lang='lat' dir='ltr'><strong>et</strong></span> <span class='ocrx_word' id='word_1_268' title='bbox 1483 1985 1638 2054; x_wconf 88' lang='lat' dir='ltr'><strong>quasi</strong></span> <span class='ocrx_word' id='word_1_269' title='bbox 1695 1982 1973 2056; x_wconf 84' lang='lat' dir='ltr'><strong>superﬂua</strong></span> 
     </span>
    </p>
   </div>
   <div class='ocr_carea' id='block_1_38' title="bbox 400 2074 1971 2151">
    <p class='ocr_par' dir='ltr' id='par_1_38' title="bbox 400 2074 1971 2151">
     <span class='ocr_line' id='line_1_38' title="bbox 400 2074 1971 2151; baseline -0.003 -16"><span class='ocrx_word' id='word_1_270' title='bbox 400 2079 726 2151; x_wconf 83' lang='lat' dir='ltr'><strong>abjeccrint,</strong></span> <span class='ocrx_word' id='word_1_271' title='bbox 756 2085 888 2133; x_wconf 91' lang='lat' dir='ltr'><strong>tunc</strong></span> <span class='ocrx_word' id='word_1_272' title='bbox 913 2074 1222 2143; x_wconf 82' lang='lat' dir='ltr'><strong>conﬁdens,</strong></span> <span class='ocrx_word' id='word_1_273' title='bbox 1259 2076 1631 2132; x_wconf 85' lang='lat' dir='ltr'><strong>conversabor</strong></span> <span class='ocrx_word' id='word_1_274' title='bbox 1687 2090 1814 2132; x_wconf 92' lang='lat' dir='ltr'><strong>cum</strong></span> <span class='ocrx_word' id='word_1_275' title='bbox 1868 2077 1971 2144; x_wconf 91' lang='lat' dir='ltr'><strong>els,</strong></span> 
     </span>
    </p>
   </div>
   <div class='ocr_carea' id='block_1_39' title="bbox 400 2167 1976 2244">
    <p class='ocr_par' dir='ltr' id='par_1_39' title="bbox 400 2167 1976 2244">
     <span class='ocr_line' id='line_1_39' title="bbox 400 2167 1976 2244; baseline -0.001 -17"><span class='ocrx_word' id='word_1_276' title='bbox 400 2180 456 2228; x_wconf 86' lang='lat' dir='ltr'><strong>et</strong></span> <span class='ocrx_word' id='word_1_277' title='bbox 486 2178 776 2244; x_wconf 88' lang='lat' dir='ltr'><strong>postquam</strong></span> <span class='ocrx_word' id='word_1_278' title='bbox 820 2169 971 2239; x_wconf 86' lang='lat' dir='ltr'><strong>ipsos</strong></span> <span class='ocrx_word' id='word_1_279' title='bbox 1031 2167 1428 2238; x_wconf 75' lang='lat' dir='ltr'><strong>superaverint,</strong></span> <span class='ocrx_word' id='word_1_280' title='bbox 1483 2167 1756 2238; x_wconf 75' lang='lat' dir='ltr'><strong>gloriabor</strong></span> <span class='ocrx_word' id='word_1_281' title='bbox 1784 2167 1976 2226; x_wconf 86' lang='lat' dir='ltr'><strong>dicens</strong></span> 
     </span>
    </p>
   </div>
   <div class='ocr_carea' id='block_1_40' title="bbox 405 2261 1111 2320">
    <p class='ocr_par' dir='ltr' id='par_1_40' title="bbox 405 2261 1111 2320">
     <span class='ocr_line' id='line_1_40' title="bbox 405 2261 1111 2320; baseline -0.003 -2"><span class='ocrx_word' id='word_1_282' title='bbox 405 2279 491 2320; x_wconf 80' lang='lat' dir='ltr'><strong>uie</strong></span> <span class='ocrx_word' id='word_1_283' title='bbox 515 2263 801 2320; x_wconf 83' lang='lat' dir='ltr'><strong>victoriam</strong></span> <span class='ocrx_word' id='word_1_284' title='bbox 833 2261 1111 2318; x_wconf 85' lang='lat' dir='ltr'><strong>retulisse.</strong></span> 
     </span>
    </p>
   </div>
   <div class='ocr_carea' id='block_1_41' title="bbox 473 2436 1978 2511">
    <p class='ocr_par' dir='ltr' id='par_1_41' title="bbox 473 2436 1978 2511">
     <span class='ocr_line' id='line_1_41' title="bbox 473 2436 1978 2511; baseline -0.003 -10"><span class='ocrx_word' id='word_1_285' title='bbox 473 2443 563 2501; x_wconf 79' lang='grc'><strong>40.</strong></span> <span class='ocrx_word' id='word_1_286' title='bbox 601 2441 671 2498; x_wconf 83' lang='grc' dir='ltr'><strong>Ει</strong></span> <span class='ocrx_word' id='word_1_287' title='bbox 695 2438 1030 2511; x_wconf 83' lang='lat' dir='ltr'><strong>exprobrans</strong></span> <span class='ocrx_word' id='word_1_288' title='bbox 1057 2437 1229 2508; x_wconf 89' lang='lat' dir='ltr'><strong>primo</strong></span> <span class='ocrx_word' id='word_1_289' title='bbox 1263 2436 1678 2496; x_wconf 82' lang='lat' dir='ltr'><strong>delraudatores</strong></span> <span class='ocrx_word' id='word_1_290' title='bbox 1708 2455 1830 2497; x_wconf 88' lang='lat' dir='ltr'><strong>esse</strong></span> <span class='ocrx_word' id='word_1_291' title='bbox 1880 2454 1978 2498; x_wconf 83' lang='lat' dir='ltr'><strong>su-</strong></span> 
     </span>
    </p>
   </div>
   <div class='ocr_carea' id='block_1_42' title="bbox 407 2533 1978 2613">
    <p class='ocr_par' dir='ltr' id='par_1_42' title="bbox 407 2533 1978 2613">
     <span class='ocr_line' id='line_1_42' title="bbox 407 2533 1978 2613; baseline -0.003 -17"><span class='ocrx_word' id='word_1_292' title='bbox 407 2555 508 2613; x_wconf 87' lang='lat' dir='ltr'><strong>pra</strong></span> <span class='ocrx_word' id='word_1_293' title='bbox 537 2553 702 2611; x_wconf 92' lang='lat' dir='ltr'><strong>quam</strong></span> <span class='ocrx_word' id='word_1_294' title='bbox 737 2541 955 2604; x_wconf 89' lang='lat' dir='ltr'><strong>oportet</strong></span> <span class='ocrx_word' id='word_1_295' title='bbox 981 2549 1110 2605; x_wconf 83' lang='lat' dir='ltr'><strong>erga</strong></span> <span class='ocrx_word' id='word_1_296' title='bbox 1150 2533 1350 2600; x_wconf 89' lang='lat' dir='ltr'><strong>Deum,</strong></span> <span class='ocrx_word' id='word_1_297' title='bbox 1380 2534 1634 2590; x_wconf 87' lang='lat' dir='ltr'><strong>homines</strong></span> <span class='ocrx_word' id='word_1_298' title='bbox 1676 2534 1744 2590; x_wconf 91' lang='lat' dir='ltr'><strong>de</strong></span> <span class='ocrx_word' id='word_1_299' title='bbox 1778 2535 1978 2606; x_wconf 86' lang='lat' dir='ltr'><strong>quibus</strong></span> 
     </span>
    </p>
   </div>
   <div class='ocr_carea' id='block_1_43' title="bbox 409 2621 1982 2702">
    <p class='ocr_par' dir='ltr' id='par_1_43' title="bbox 409 2621 1982 2702">
     <span class='ocr_line' id='line_1_43' title="bbox 409 2621 1982 2702; baseline -0.004 -15"><span class='ocrx_word' id='word_1_300' title='bbox 409 2644 649 2702; x_wconf 64' lang='lat' dir='ltr'><strong>praesens</strong></span> <span class='ocrx_word' id='word_1_301' title='bbox 668 2627 801 2681; x_wconf 92' lang='lat' dir='ltr'><strong>mihi</strong></span> <span class='ocrx_word' id='word_1_302' title='bbox 816 2639 1020 2690; x_wconf 88' lang='lat' dir='ltr'><strong>sermo,</strong></span> <span class='ocrx_word' id='word_1_303' title='bbox 1045 2623 1365 2695; x_wconf 85' lang='lat' dir='ltr'><strong>suppliciter</strong></span> <span class='ocrx_word' id='word_1_304' title='bbox 1385 2621 1690 2695; x_wconf 82' lang='lat' dir='ltr'><strong>etilagitabo</strong></span> <span class='ocrx_word' id='word_1_305' title='bbox 1705 2632 1764 2679; x_wconf 88' lang='lat' dir='ltr'><strong>ut</strong></span> <span class='ocrx_word' id='word_1_306' title='bbox 1782 2626 1982 2681; x_wconf 85' lang='lat' dir='ltr'><strong>dentur</strong></span> 
     </span>
    </p>
   </div>
   <div class='ocr_carea' id='block_1_44' title="bbox 408 2716 1982 2792">
    <p class='ocr_par' dir='ltr' id='par_1_44' title="bbox 408 2716 1982 2792">
     <span class='ocr_line' id='line_1_44' title="bbox 408 2716 1982 2792; baseline -0.003 -14"><span class='ocrx_word' id='word_1_307' title='bbox 408 2723 541 2778; x_wconf 85' lang='lat' dir='ltr'><strong>mihi</strong></span> <span class='ocrx_word' id='word_1_308' title='bbox 576 2720 671 2792; x_wconf 91' lang='lat' dir='ltr'><strong>qui</strong></span> <span class='ocrx_word' id='word_1_309' title='bbox 727 2719 989 2789; x_wconf 83' lang='lat' dir='ltr'><strong>colligant</strong></span> <span class='ocrx_word' id='word_1_310' title='bbox 1047 2716 1270 2772; x_wconf 87' lang='lat' dir='ltr'><strong>nomina</strong></span> <span class='ocrx_word' id='word_1_311' title='bbox 1331 2733 1428 2789; x_wconf 88' lang='lat' dir='ltr'><strong>per</strong></span> <span class='ocrx_word' id='word_1_312' title='bbox 1485 2732 1606 2787; x_wconf 56' lang='lat' dir='ltr'><strong>qua}</strong></span> <span class='ocrx_word' id='word_1_313' title='bbox 1665 2719 1982 2788; x_wconf 79' lang='lat' dir='ltr'><strong>designatur</strong></span> 
     </span>
    </p>
   </div>
   <div class='ocr_carea' id='block_1_45' title="bbox 406 2809 1984 2884">
    <p class='ocr_par' dir='ltr' id='par_1_45' title="bbox 406 2809 1984 2884">
     <span class='ocr_line' id='line_1_45' title="bbox 406 2809 1984 2884; baseline -0.003 -14"><span class='ocrx_word' id='word_1_314' title='bbox 406 2816 570 2883; x_wconf 90' lang='lat' dir='ltr'><strong>Deus,</strong></span> <span class='ocrx_word' id='word_1_315' title='bbox 593 2815 663 2870; x_wconf 90' lang='lat' dir='ltr'><strong>ob</strong></span> <span class='ocrx_word' id='word_1_316' title='bbox 682 2815 920 2884; x_wconf 83' lang='lat' dir='ltr'><strong>aliquam</strong></span> <span class='ocrx_word' id='word_1_317' title='bbox 941 2811 1060 2882; x_wconf 85' lang='lat' dir='ltr'><strong>ejus</strong></span> <span class='ocrx_word' id='word_1_318' title='bbox 1078 2811 1372 2878; x_wconf 89' lang='lat' dir='ltr'><strong>actionem,</strong></span> <span class='ocrx_word' id='word_1_319' title='bbox 1398 2809 1466 2866; x_wconf 88' lang='lat' dir='ltr'><strong>ad</strong></span> <span class='ocrx_word' id='word_1_320' title='bbox 1485 2810 1735 2866; x_wconf 71' lang='lat' dir='ltr'><strong>azmulam</strong></span> <span class='ocrx_word' id='word_1_321' title='bbox 1751 2812 1984 2882; x_wconf 87' lang='lat' dir='ltr'><strong>diligen-</strong></span> 
     </span>
    </p>
   </div>
   <div class='ocr_carea' id='block_1_46' title="bbox 407 2904 1982 2980">
    <p class='ocr_par' dir='ltr' id='par_1_46' title="bbox 407 2904 1982 2980">
     <span class='ocr_line' id='line_1_46' title="bbox 407 2904 1982 2980; baseline -0.004 -15"><span class='ocrx_word' id='word_1_322' title='bbox 407 2911 559 2975; x_wconf 86' lang='lat' dir='ltr'><strong>tiam,</strong></span> <span class='ocrx_word' id='word_1_323' title='bbox 591 2916 646 2964; x_wconf 90' lang='lat' dir='ltr'><strong>et</strong></span> <span class='ocrx_word' id='word_1_324' title='bbox 673 2908 946 2980; x_wconf 85' lang='lat' dir='ltr'><strong>propriam</strong></span> <span class='ocrx_word' id='word_1_325' title='bbox 968 2905 1071 2976; x_wconf 91' lang='lat' dir='ltr'><strong>ipsi</strong></span> <span class='ocrx_word' id='word_1_326' title='bbox 1103 2904 1427 2976; x_wconf 67' lang='lat' dir='ltr'><strong>veritatem};</strong></span> <span class='ocrx_word' id='word_1_327' title='bbox 1455 2908 1566 2960; x_wconf 87' lang='lat' dir='ltr'><strong>etsi</strong></span> <span class='ocrx_word' id='word_1_328' title='bbox 1597 2904 1733 2959; x_wconf 89' lang='lat' dir='ltr'><strong>bene</strong></span> <span class='ocrx_word' id='word_1_329' title='bbox 1754 2905 1982 2960; x_wconf 88' lang='lat' dir='ltr'><strong>cesserit</strong></span> 
     </span>
    </p>
   </div>
   <div class='ocr_carea' id='block_1_47' title="bbox 405 2993 1984 3067">
    <p class='ocr_par' dir='ltr' id='par_1_47' title="bbox 405 2993 1984 3067">
     <span class='ocr_line' id='line_1_47' title="bbox 405 2993 1984 3067; baseline -0.003 -13"><span class='ocrx_word' id='word_1_330' title='bbox 405 2999 584 3054; x_wconf 90' lang='lat' dir='ltr'><strong>oratio</strong></span> <span class='ocrx_word' id='word_1_331' title='bbox 617 3013 760 3065; x_wconf 84' lang='lat' dir='ltr'><strong>mea,</strong></span> <span class='ocrx_word' id='word_1_332' title='bbox 822 2995 1029 3067; x_wconf 79' lang='lat' dir='ltr'><strong>gratias</strong></span> <span class='ocrx_word' id='word_1_333' title='bbox 1075 3009 1230 3065; x_wconf 89' lang='lat' dir='ltr'><strong>agam</strong></span> <span class='ocrx_word' id='word_1_334' title='bbox 1263 2993 1344 3049; x_wconf 89' lang='lat' dir='ltr'><strong>eis</strong></span> <span class='ocrx_word' id='word_1_335' title='bbox 1377 2995 1603 3059; x_wconf 89' lang='lat' dir='ltr'><strong>multas,</strong></span> <span class='ocrx_word' id='word_1_336' title='bbox 1634 3009 1733 3049; x_wconf 91' lang='lat' dir='ltr'><strong>nec</strong></span> <span class='ocrx_word' id='word_1_337' title='bbox 1758 3009 1858 3064; x_wconf 89' lang='lat' dir='ltr'><strong>ego</strong></span> <span class='ocrx_word' id='word_1_338' title='bbox 1891 3008 1984 3050; x_wconf 84' lang='lat' dir='ltr'><strong>so-</strong></span> 
     </span>
    </p>
   </div>
   <div class='ocr_carea' id='block_1_48' title="bbox 2074 1890 3649 1965">
    <p class='ocr_par' dir='ltr' id='par_1_48' title="bbox 2074 1890 3649 1965">
     <span class='ocr_line' id='line_1_48' title="bbox 2074 1890 3649 1965; baseline 0.003 -22"><span class='ocrx_word' id='word_1_339' title='bbox 2074 1890 2513 1960; x_wconf 86' lang='grc' dir='ltr'><strong>κατεργάσονται</strong></span> <span class='ocrx_word' id='word_1_340' title='bbox 2555 1893 2860 1963; x_wconf 73' lang='grc' dir='ltr'><strong>φρονίμως,</strong></span> <span class='ocrx_word' id='word_1_341' title='bbox 2891 1895 2952 1948; x_wconf 95' lang='grc' dir='ltr'><strong>οὐ</strong></span> <span class='ocrx_word' id='word_1_342' title='bbox 2985 1895 3094 1964; x_wconf 78' lang='grc' dir='ltr'><strong>μὴν</strong></span> <span class='ocrx_word' id='word_1_343' title='bbox 3151 1893 3436 1965; x_wconf 79' lang='grc' dir='ltr'><strong>θηριωδῶς</strong></span> <span class='ocrx_word' id='word_1_344' title='bbox 3487 1893 3649 1948; x_wconf 73' lang='grc' dir='ltr'><strong>αὐτάο</strong></span> 
     </span>
    </p>
   </div>
   <div class='ocr_carea' id='block_1_49' title="bbox 2074 1983 3648 2058">
    <p class='ocr_par' dir='ltr' id='par_1_49' title="bbox 2074 1983 3648 2058">
     <span class='ocr_line' id='line_1_49' title="bbox 2074 1983 3648 2058; baseline -0.001 -22"><span class='ocrx_word' id='word_1_345' title='bbox 2074 1983 2169 2036; x_wconf 75' lang='grc' dir='ltr'><strong>καὶ</strong></span> <span class='ocrx_word' id='word_1_346' title='bbox 2200 1984 2597 2056; x_wconf 81' lang='grc' dir='ltr'><strong>ἀπολεξάμενοι</strong></span> <span class='ocrx_word' id='word_1_347' title='bbox 2626 1987 2696 2041; x_wconf 82' lang='grc' dir='ltr'><strong>τὰ</strong></span> <span class='ocrx_word' id='word_1_348' title='bbox 2738 1987 2837 2058; x_wconf 83' lang='grc' dir='ltr'><strong>μὲν</strong></span> <span class='ocrx_word' id='word_1_349' title='bbox 2870 1985 3128 2041; x_wconf 88' lang='grc' dir='ltr'><strong>πολιτικά</strong></span> <span class='ocrx_word' id='word_1_350' title='bbox 3156 1986 3250 2040; x_wconf 75' lang='grc' dir='ltr'><strong>καὶ</strong></span> <span class='ocrx_word' id='word_1_351' title='bbox 3286 1984 3445 2040; x_wconf 87' lang='grc' dir='ltr'><strong>κοινά</strong></span> <span class='ocrx_word' id='word_1_352' title='bbox 3472 1999 3648 2056; x_wconf 57' lang='grc' dir='ltr'><strong>προσ.</strong></span> 
     </span>
    </p>
   </div>
   <div class='ocr_carea' id='block_1_50' title="bbox 2075 2069 3654 2149">
    <p class='ocr_par' dir='ltr' id='par_1_50' title="bbox 2075 2069 3654 2149">
     <span class='ocr_line' id='line_1_50' title="bbox 2075 2069 3654 2149; baseline 0.001 -22"><span class='ocrx_word' id='word_1_353' title='bbox 2075 2073 2334 2139; x_wconf 89' lang='grc' dir='ltr'><strong>οίσονται,</strong></span> <span class='ocrx_word' id='word_1_354' title='bbox 2387 2077 2528 2131; x_wconf 90' lang='grc' dir='ltr'><strong>καθά</strong></span> <span class='ocrx_word' id='word_1_355' title='bbox 2563 2077 2692 2149; x_wconf 80' lang='grc' dir='ltr'><strong>χρὴ,</strong></span> <span class='ocrx_word' id='word_1_356' title='bbox 2742 2079 2811 2132; x_wconf 79' lang='grc' dir='ltr'><strong>τὰ</strong></span> <span class='ocrx_word' id='word_1_357' title='bbox 2832 2069 3084 2132; x_wconf 61' lang='grc' dir='ltr'><strong>δὲ’λοιπὰ</strong></span> <span class='ocrx_word' id='word_1_358' title='bbox 3112 2076 3188 2141; x_wconf 86' lang='grc' dir='ltr'><strong>ώς</strong></span> <span class='ocrx_word' id='word_1_359' title='bbox 3212 2078 3307 2132; x_wconf 81' lang='grc' dir='ltr'><strong>καὶ</strong></span> <span class='ocrx_word' id='word_1_360' title='bbox 3351 2077 3530 2140; x_wconf 78' lang='grc' dir='ltr'><strong>ἄλλως</strong></span> <span class='ocrx_word' id='word_1_361' title='bbox 3556 2093 3654 2130; x_wconf 87' lang='grc' dir='ltr'><strong>πε-</strong></span> 
     </span>
    </p>
   </div>
   <div class='ocr_carea' id='block_1_51' title="bbox 2081 2166 3652 2241">
    <p class='ocr_par' dir='ltr' id='par_1_51' title="bbox 2081 2166 3652 2241">
     <span class='ocr_line' id='line_1_51' title="bbox 2081 2166 3652 2241; baseline 0.002 -22"><span class='ocrx_word' id='word_1_362' title='bbox 2081 2167 2234 2236; x_wconf 88' lang='grc' dir='ltr'><strong>ριττά</strong></span> <span class='ocrx_word' id='word_1_363' title='bbox 2264 2166 2358 2221; x_wconf 84' lang='grc' dir='ltr'><strong>καὶ</strong></span> <span class='ocrx_word' id='word_1_364' title='bbox 2383 2167 2460 2232; x_wconf 87' lang='grc' dir='ltr'><strong>ὡς</strong></span> <span class='ocrx_word' id='word_1_365' title='bbox 2484 2169 2880 2241; x_wconf 78' lang='grc' dir='ltr'><strong>περιττώματα</strong></span> <span class='ocrx_word' id='word_1_366' title='bbox 2923 2171 2980 2225; x_wconf 85' lang='grc' dir='ltr'><strong>δὲ</strong></span> <span class='ocrx_word' id='word_1_367' title='bbox 3033 2171 3614 2241; x_wconf 79' lang='grc' dir='ltr'><strong>ἀποπροσποιήσονται</strong></span> <span class='ocrx_word' id='word_1_368' title='bbox 3636 2185 3652 2203; x_wconf 77' lang='grc' dir='ltr'><strong>ο</strong></span> 
     </span>
    </p>
   </div>
   <div class='ocr_carea' id='block_1_52' title="bbox 2077 2257 3654 2334">
    <p class='ocr_par' dir='ltr' id='par_1_52' title="bbox 2077 2257 3654 2334">
     <span class='ocr_line' id='line_1_52' title="bbox 2077 2257 3654 2334; baseline 0.004 -24"><span class='ocrx_word' id='word_1_369' title='bbox 2077 2257 2199 2310; x_wconf 86' lang='grc' dir='ltr'><strong>τότε</strong></span> <span class='ocrx_word' id='word_1_370' title='bbox 2230 2258 2298 2312; x_wconf 85' lang='grc' dir='ltr'><strong>ἂν</strong></span> <span class='ocrx_word' id='word_1_371' title='bbox 2322 2259 2678 2334; x_wconf 74' lang='grc' dir='ltr'><strong>τεθαρρηκὼς</strong></span> <span class='ocrx_word' id='word_1_372' title='bbox 2721 2262 3060 2333; x_wconf 80' lang='grc' dir='ltr'><strong>ἐμπλέξομαι</strong></span> <span class='ocrx_word' id='word_1_373' title='bbox 3099 2263 3304 2331; x_wconf 82' lang='grc' dir='ltr'><strong>αὐτοῖς,</strong></span> <span class='ocrx_word' id='word_1_374' title='bbox 3347 2263 3443 2316; x_wconf 82' lang='grc' dir='ltr'><strong>καὶ</strong></span> <span class='ocrx_word' id='word_1_375' title='bbox 3490 2279 3654 2316; x_wconf 85' lang='grc' dir='ltr'><strong>κατε-</strong></span> 
     </span>
    </p>
   </div>
   <div class='ocr_carea' id='block_1_53' title="bbox 2078 2351 3142 2427">
    <p class='ocr_par' dir='ltr' id='par_1_53' title="bbox 2078 2351 3142 2427">
     <span class='ocr_line' id='line_1_53' title="bbox 2078 2351 3142 2427; baseline 0.007 -25"><span class='ocrx_word' id='word_1_376' title='bbox 2078 2351 2290 2420; x_wconf 82' lang='grc' dir='ltr'><strong>νεγκὼν</strong></span> <span class='ocrx_word' id='word_1_377' title='bbox 2321 2354 2545 2425; x_wconf 78' lang='grc' dir='ltr'><strong>αὐχὴσω</strong></span> <span class='ocrx_word' id='word_1_378' title='bbox 2569 2357 2746 2411; x_wconf 70' lang='grc' dir='ltr'><strong>εἰπεῖν</strong></span> <span class='ocrx_word' id='word_1_379' title='bbox 2763 2357 2838 2420; x_wconf 90' lang='grc' dir='ltr'><strong>ώς</strong></span> <span class='ocrx_word' id='word_1_380' title='bbox 2861 2356 3142 2427; x_wconf 80' lang='grc' dir='ltr'><strong>νενίκηκα.</strong></span> 
     </span>
    </p>
   </div>
   <div class='ocr_carea' id='block_1_54' title="bbox 2153 2448 3654 2520">
    <p class='ocr_par' dir='ltr' id='par_1_54' title="bbox 2153 2448 3654 2520">
     <span class='ocr_line' id='line_1_54' title="bbox 2153 2448 3654 2520; baseline -0.001 -17"><span class='ocrx_word' id='word_1_381' title='bbox 2153 2455 2229 2520; x_wconf 80' lang='grc' dir='ltr'><strong>μ’.</strong></span> <span class='ocrx_word' id='word_1_382' title='bbox 2253 2449 2364 2503; x_wconf 71' lang='grc' dir='ltr'><strong>Καὶ</strong></span> <span class='ocrx_word' id='word_1_383' title='bbox 2390 2448 2585 2518; x_wconf 88' lang='grc' dir='ltr'><strong>πρῶτα</strong></span> <span class='ocrx_word' id='word_1_384' title='bbox 2631 2449 2769 2510; x_wconf 87' lang='grc' dir='ltr'><strong>τέως</strong></span> <span class='ocrx_word' id='word_1_385' title='bbox 2807 2449 3286 2520; x_wconf 84' lang='grc' dir='ltr'><strong>ἀποστερητικούς</strong></span> <span class='ocrx_word' id='word_1_386' title='bbox 3324 2449 3654 2516; x_wconf 73' lang='grc' dir='ltr'><strong>ὲξονειδῑσας</strong></span> 
     </span>
    </p>
   </div>
   <div class='ocr_carea' id='block_1_55' title="bbox 2081 2533 3658 2613">
    <p class='ocr_par' dir='ltr' id='par_1_55' title="bbox 2081 2533 3658 2613">
     <span class='ocr_line' id='line_1_55' title="bbox 2081 2533 3658 2613; baseline 0 -20"><span class='ocrx_word' id='word_1_387' title='bbox 2081 2533 2220 2594; x_wconf 82' lang='grc' dir='ltr'><strong>εἶναι</strong></span> <span class='ocrx_word' id='word_1_388' title='bbox 2255 2541 2406 2610; x_wconf 83' lang='grc' dir='ltr'><strong>παρὰ</strong></span> <span class='ocrx_word' id='word_1_389' title='bbox 2446 2541 2508 2592; x_wconf 76' lang='grc' dir='ltr'><strong>τὸ</strong></span> <span class='ocrx_word' id='word_1_390' title='bbox 2533 2541 2652 2594; x_wconf 89' lang='grc' dir='ltr'><strong>δέον</strong></span> <span class='ocrx_word' id='word_1_391' title='bbox 2702 2542 2796 2594; x_wconf 72' lang='grc' dir='ltr'><strong>ἐπὶ</strong></span> <span class='ocrx_word' id='word_1_392' title='bbox 2845 2541 2922 2612; x_wconf 84' lang='grc' dir='ltr'><strong>τῷ</strong></span> <span class='ocrx_word' id='word_1_393' title='bbox 2971 2540 3092 2611; x_wconf 89' lang='grc' dir='ltr'><strong>Θεῷ</strong></span> <span class='ocrx_word' id='word_1_394' title='bbox 3150 2541 3278 2605; x_wconf 84' lang='grc' dir='ltr'><strong>τούς</strong></span> <span class='ocrx_word' id='word_1_395' title='bbox 3309 2540 3658 2613; x_wconf 80' lang='grc' dir='ltr'><strong>ἀνθρώπους,</strong></span> 
     </span>
    </p>
   </div>
   <div class='ocr_carea' id='block_1_56' title="bbox 2082 2624 3660 2703">
    <p class='ocr_par' dir='ltr' id='par_1_56' title="bbox 2082 2624 3660 2703">
     <span class='ocr_line' id='line_1_56' title="bbox 2082 2624 3660 2703; baseline 0.001 -21"><span class='ocrx_word' id='word_1_396' title='bbox 2082 2631 2211 2700; x_wconf 73' lang='grc' dir='ltr'><strong>περὶ</strong></span> <span class='ocrx_word' id='word_1_397' title='bbox 2235 2624 2310 2684; x_wconf 82' lang='grc' dir='ltr'><strong>ὧν</strong></span> <span class='ocrx_word' id='word_1_398' title='bbox 2335 2633 2362 2684; x_wconf 98' lang='lat'><strong>6</strong></span> <span class='ocrx_word' id='word_1_399' title='bbox 2394 2631 2586 2701; x_wconf 89' lang='grc' dir='ltr'><strong>παρὼν</strong></span> <span class='ocrx_word' id='word_1_400' title='bbox 2615 2633 2738 2701; x_wconf 77' lang='grc' dir='ltr'><strong>ἐμοὶ</strong></span> <span class='ocrx_word' id='word_1_401' title='bbox 2768 2631 2951 2699; x_wconf 89' lang='grc' dir='ltr'><strong>λόγος,</strong></span> <span class='ocrx_word' id='word_1_402' title='bbox 2999 2631 3306 2701; x_wconf 85' lang='grc' dir='ltr'><strong>ποτνιῶμαι</strong></span> <span class='ocrx_word' id='word_1_403' title='bbox 3344 2648 3660 2703; x_wconf 77' lang='grc' dir='ltr'><strong>προσκυνη-</strong></span> 
     </span>
    </p>
   </div>
   <div class='ocr_carea' id='block_1_57' title="bbox 2081 2721 3660 2794">
    <p class='ocr_par' dir='ltr' id='par_1_57' title="bbox 2081 2721 3660 2794">
     <span class='ocr_line' id='line_1_57' title="bbox 2081 2721 3660 2794; baseline 0.001 -17"><span class='ocrx_word' id='word_1_404' title='bbox 2081 2723 2251 2787; x_wconf 89' lang='grc' dir='ltr'><strong>τικῶς</strong></span> <span class='ocrx_word' id='word_1_405' title='bbox 2273 2723 2614 2793; x_wconf 87' lang='grc' dir='ltr'><strong>παραδοῦναί</strong></span> <span class='ocrx_word' id='word_1_406' title='bbox 2645 2742 2732 2794; x_wconf 90' lang='grc' dir='ltr'><strong>μοι</strong></span> <span class='ocrx_word' id='word_1_407' title='bbox 2760 2725 3163 2788; x_wconf 84' lang='grc' dir='ltr'><strong>ἀπανθίσοντας</strong></span> <span class='ocrx_word' id='word_1_408' title='bbox 3203 2724 3444 2794; x_wconf 87' lang='grc' dir='ltr'><strong>ὀνόματα</strong></span> <span class='ocrx_word' id='word_1_409' title='bbox 3477 2725 3551 2779; x_wconf 79' lang='grc' dir='ltr'><strong>δι’</strong></span> <span class='ocrx_word' id='word_1_410' title='bbox 3587 2721 3660 2778; x_wconf 81' lang='grc' dir='ltr'><strong>ὧν</strong></span> 
     </span>
    </p>
   </div>
   <div class='ocr_carea' id='block_1_58' title="bbox 2083 2817 3659 2888">
    <p class='ocr_par' dir='ltr' id='par_1_58' title="bbox 2083 2817 3659 2888">
     <span class='ocr_line' id='line_1_58' title="bbox 2083 2817 3659 2888; baseline 0.001 -18"><span class='ocrx_word' id='word_1_411' title='bbox 2083 2817 2550 2888; x_wconf 75' lang='grc' dir='ltr'><strong>χαρακτηρίζεται</strong></span> <span class='ocrx_word' id='word_1_412' title='bbox 2587 2818 2616 2870; x_wconf 92' lang='lat'><strong>6</strong></span> <span class='ocrx_word' id='word_1_413' title='bbox 2639 2817 2770 2880; x_wconf 84' lang='grc' dir='ltr'><strong>Θεὸς</strong></span> <span class='ocrx_word' id='word_1_414' title='bbox 2793 2817 2878 2886; x_wconf 77' lang='grc' dir='ltr'><strong>ἐφ’</strong></span> <span class='ocrx_word' id='word_1_415' title='bbox 2925 2817 3218 2873; x_wconf 85' lang='grc' dir='ltr'><strong>ὁποιανοῦν</strong></span> <span class='ocrx_word' id='word_1_416' title='bbox 3248 2818 3535 2888; x_wconf 72' lang='grc' dir='ltr'><strong>ἐνέργειαν</strong></span> <span class='ocrx_word' id='word_1_417' title='bbox 3567 2818 3659 2872; x_wconf 88' lang='grc' dir='ltr'><strong>αὐ-</strong></span> 
     </span>
    </p>
   </div>
   <div class='ocr_carea' id='block_1_59' title="bbox 2083 2907 3662 2980">
    <p class='ocr_par' dir='ltr' id='par_1_59' title="bbox 2083 2907 3662 2980">
     <span class='ocr_line' id='line_1_59' title="bbox 2083 2907 3662 2980; baseline 0.002 -20"><span class='ocrx_word' id='word_1_418' title='bbox 2083 2907 2178 2961; x_wconf 80' lang='grc' dir='ltr'><strong>τοῦ</strong></span> <span class='ocrx_word' id='word_1_419' title='bbox 2210 2907 2348 2977; x_wconf 74' lang='grc' dir='ltr'><strong>πρὸς</strong></span> <span class='ocrx_word' id='word_1_420' title='bbox 2375 2909 2593 2980; x_wconf 78' lang='grc' dir='ltr'><strong>ἐμφερῆ</strong></span> <span class='ocrx_word' id='word_1_421' title='bbox 2630 2908 2942 2980; x_wconf 83' lang='grc' dir='ltr'><strong>ἀκρίϐειαν,</strong></span> <span class='ocrx_word' id='word_1_422' title='bbox 2995 2909 3090 2964; x_wconf 75' lang='grc' dir='ltr'><strong>καὶ</strong></span> <span class='ocrx_word' id='word_1_423' title='bbox 3130 2909 3469 2979; x_wconf 79' lang='grc' dir='ltr'><strong>οἰκειοτάτην</strong></span> <span class='ocrx_word' id='word_1_424' title='bbox 3511 2909 3662 2979; x_wconf 89' lang='grc' dir='ltr'><strong>αὐτῷ</strong></span> 
     </span>
    </p>
   </div>
   <div class='ocr_carea' id='block_1_60' title="bbox 2087 2998 3664 3072">
    <p class='ocr_par' dir='ltr' id='par_1_60' title="bbox 2087 2998 3664 3072">
     <span class='ocr_line' id='line_1_60' title="bbox 2087 2998 3664 3072; baseline 0.003 -21"><span class='ocrx_word' id='word_1_425' title='bbox 2087 2998 2372 3069; x_wconf 82' lang='grc' dir='ltr'><strong>ἀλήθειαν,</strong></span> <span class='ocrx_word' id='word_1_426' title='bbox 2403 3001 2502 3054; x_wconf 80' lang='grc' dir='ltr'><strong>καὶ</strong></span> <span class='ocrx_word' id='word_1_427' title='bbox 2531 2999 2751 3064; x_wconf 90' lang='grc' dir='ltr'><strong>πάντως</strong></span> <span class='ocrx_word' id='word_1_428' title='bbox 2805 3001 2964 3071; x_wconf 84' lang='grc' dir='ltr'><strong>εῐπερ</strong></span> <span class='ocrx_word' id='word_1_429' title='bbox 3015 3001 3331 3072; x_wconf 87' lang='grc' dir='ltr'><strong>εὐστοχήσω</strong></span> <span class='ocrx_word' id='word_1_430' title='bbox 3369 3001 3471 3071; x_wconf 85' lang='grc' dir='ltr'><strong>τῆς</strong></span> <span class='ocrx_word' id='word_1_431' title='bbox 3507 3003 3664 3070; x_wconf 74' lang='grc' dir='ltr'><strong>αἰτή·</strong></span> 
     </span>
    </p>
   </div>
   <div class='ocr_carea' id='block_1_61' title="bbox 409 3085 1985 3164">
    <p class='ocr_par' dir='ltr' id='par_1_61' title="bbox 409 3085 1982 3159">
     <span class='ocr_line' id='line_1_61' title="bbox 409 3085 1982 3159; baseline -0.004 -13"><span class='ocrx_word' id='word_1_432' title='bbox 409 3091 517 3159; x_wconf 80' lang='lat' dir='ltr'><strong>Ius,</strong></span> <span class='ocrx_word' id='word_1_433' title='bbox 558 3089 653 3146; x_wconf 89' lang='lat' dir='ltr'><strong>sed</strong></span> <span class='ocrx_word' id='word_1_434' title='bbox 685 3098 738 3144; x_wconf 91' lang='lat' dir='ltr'><strong>et</strong></span> <span class='ocrx_word' id='word_1_435' title='bbox 763 3102 957 3144; x_wconf 86' lang='lat' dir='ltr'><strong>omnes</strong></span> <span class='ocrx_word' id='word_1_436' title='bbox 988 3085 1308 3157; x_wconf 85' lang='lat' dir='ltr'><strong>quicunque</strong></span> <span class='ocrx_word' id='word_1_437' title='bbox 1329 3087 1585 3140; x_wconf 88' lang='lat' dir='ltr'><strong>tractatui</strong></span> <span class='ocrx_word' id='word_1_438' title='bbox 1617 3085 1691 3140; x_wconf 92' lang='lat' dir='ltr'><strong>illi</strong></span> <span class='ocrx_word' id='word_1_439' title='bbox 1720 3086 1982 3140; x_wconf 75' lang='lat' dir='ltr'><strong>interfue-</strong></span> 
     </span>
    </p>
   </div>
   <div class='ocr_carea' id='block_1_62' title="bbox 2092 3085 3664 3164">
    <p class='ocr_par' dir='ltr' id='par_1_62' title="bbox 2092 3089 3664 3162">
     <span class='ocr_line' id='line_1_62' title="bbox 2092 3089 3664 3162; baseline 0.001 -20"><span class='ocrx_word' id='word_1_440' title='bbox 2092 3106 2252 3152; x_wconf 86' lang='grc' dir='ltr'><strong>σεως,</strong></span> <span class='ocrx_word' id='word_1_441' title='bbox 2288 3089 2518 3160; x_wconf 84' lang='grc' dir='ltr'><strong>ὀφλήσω</strong></span> <span class='ocrx_word' id='word_1_442' title='bbox 2562 3091 2725 3160; x_wconf 83' lang='grc' dir='ltr'><strong>χάριν</strong></span> <span class='ocrx_word' id='word_1_443' title='bbox 2782 3092 2966 3153; x_wconf 84' lang='grc' dir='ltr'><strong>αὐτοῖς</strong></span> <span class='ocrx_word' id='word_1_444' title='bbox 2999 3092 3222 3162; x_wconf 81' lang='grc' dir='ltr'><strong>πολλὴν,</strong></span> <span class='ocrx_word' id='word_1_445' title='bbox 3259 3092 3354 3146; x_wconf 81' lang='grc' dir='ltr'><strong>καὶ</strong></span> <span class='ocrx_word' id='word_1_446' title='bbox 3388 3092 3491 3146; x_wconf 88' lang='grc' dir='ltr'><strong>οὐκ</strong></span> <span class='ocrx_word' id='word_1_447' title='bbox 3554 3089 3664 3161; x_wconf 75' lang='grc' dir='ltr'><strong>ἐγὼ</strong></span> 
     </span>
    </p>
   </div>
   <div class='ocr_carea' id='block_1_63' title="bbox 409 3176 1993 3249">
    <p class='ocr_par' dir='ltr' id='par_1_63' title="bbox 409 3176 1993 3249">
     <span class='ocr_line' id='line_1_63' title="bbox 409 3176 1993 3249; baseline -0.003 -12"><span class='ocrx_word' id='word_1_448' title='bbox 409 3183 542 3238; x_wconf 88' lang='lat' dir='ltr'><strong>rint.</strong></span> <span class='ocrx_word' id='word_1_449' title='bbox 565 3179 696 3247; x_wconf 86' lang='lat' dir='ltr'><strong>Sed,</strong></span> <span class='ocrx_word' id='word_1_450' title='bbox 728 3188 1018 3249; x_wconf 87' lang='lat' dir='ltr'><strong>antequam</strong></span> <span class='ocrx_word' id='word_1_451' title='bbox 1049 3177 1327 3233; x_wconf 77' lang='lat' dir='ltr'><strong>amiserim</strong></span> <span class='ocrx_word' id='word_1_452' title='bbox 1353 3191 1449 3232; x_wconf 90' lang='lat' dir='ltr'><strong>eos</strong></span> <span class='ocrx_word' id='word_1_453' title='bbox 1479 3185 1541 3232; x_wconf 91' lang='lat' dir='ltr'><strong>ut</strong></span> <span class='ocrx_word' id='word_1_454' title='bbox 1573 3176 1832 3247; x_wconf 77' lang='lat' dir='ltr'><strong>colligant</strong></span> <span class='ocrx_word' id='word_1_455' title='bbox 1872 3192 1993 3247; x_wconf 72' lang='lat' dir='ltr'><strong>quae</strong></span> 
     </span>
    </p>
   </div>
   <div class='ocr_carea' id='block_1_64' title="bbox 405 3267 1990 3346">
    <p class='ocr_par' dir='ltr' id='par_1_64' title="bbox 405 3267 1990 3346">
     <span class='ocr_line' id='line_1_64' title="bbox 405 3267 1990 3346; baseline -0.005 -17"><span class='ocrx_word' id='word_1_456' title='bbox 405 3288 513 3346; x_wconf 83' lang='lat' dir='ltr'><strong>ego</strong></span> <span class='ocrx_word' id='word_1_457' title='bbox 541 3274 755 3330; x_wconf 88' lang='lat' dir='ltr'><strong>discere</strong></span> <span class='ocrx_word' id='word_1_458' title='bbox 783 3273 985 3342; x_wconf 90' lang='lat' dir='ltr'><strong>cupio,</strong></span> <span class='ocrx_word' id='word_1_459' title='bbox 1018 3269 1106 3325; x_wconf 86' lang='lat' dir='ltr'><strong>aio</strong></span> <span class='ocrx_word' id='word_1_460' title='bbox 1155 3268 1263 3330; x_wconf 87' lang='lat' dir='ltr'><strong>dici</strong></span> <span class='ocrx_word' id='word_1_461' title='bbox 1321 3267 1519 3323; x_wconf 88' lang='lat' dir='ltr'><strong>Filiunt</strong></span> <span class='ocrx_word' id='word_1_462' title='bbox 1557 3269 1648 3323; x_wconf 89' lang='lat' dir='ltr'><strong>Dei</strong></span> <span class='ocrx_word' id='word_1_463' title='bbox 1698 3269 1990 3332; x_wconf 83' lang='lat' dir='ltr'><strong>terminum</strong></span> 
     </span>
    </p>
   </div>
   <div class='ocr_carea' id='block_1_65' title="bbox 411 3358 1999 3435">
    <p class='ocr_par' dir='ltr' id='par_1_65' title="bbox 411 3358 1999 3435">
     <span class='ocr_line' id='line_1_65' title="bbox 411 3358 1999 3435; baseline -0.003 -16"><span class='ocrx_word' id='word_1_464' title='bbox 411 3365 736 3435; x_wconf 77' lang='lat' dir='ltr'><strong>perfectura,</strong></span> <span class='ocrx_word' id='word_1_465' title='bbox 779 3376 846 3417; x_wconf 81' lang='lat' dir='ltr'><strong>ex</strong></span> <span class='ocrx_word' id='word_1_466' title='bbox 877 3359 1129 3416; x_wconf 89' lang='lat' dir='ltr'><strong>terrestri</strong></span> <span class='ocrx_word' id='word_1_467' title='bbox 1180 3359 1377 3423; x_wconf 89' lang='lat' dir='ltr'><strong>limite,</strong></span> <span class='ocrx_word' id='word_1_468' title='bbox 1447 3373 1554 3414; x_wconf 91' lang='lat' dir='ltr'><strong>non</strong></span> <span class='ocrx_word' id='word_1_469' title='bbox 1615 3358 1762 3426; x_wconf 89' lang='lat' dir='ltr'><strong>quod</strong></span> <span class='ocrx_word' id='word_1_470' title='bbox 1797 3359 1999 3415; x_wconf 86' lang='lat' dir='ltr'><strong>circui-</strong></span> 
     </span>
    </p>
   </div>
   <div class='ocr_carea' id='block_1_66' title="bbox 413 3449 1993 3524">
    <p class='ocr_par' dir='ltr' id='par_1_66' title="bbox 413 3449 1993 3524">
     <span class='ocr_line' id='line_1_66' title="bbox 413 3449 1993 3524; baseline -0.005 -13"><span class='ocrx_word' id='word_1_471' title='bbox 413 3467 527 3511; x_wconf 85' lang='lat' dir='ltr'><strong>tum</strong></span> <span class='ocrx_word' id='word_1_472' title='bbox 582 3453 839 3524; x_wconf 84' lang='lat' dir='ltr'><strong>patiatur,</strong></span> <span class='ocrx_word' id='word_1_473' title='bbox 876 3459 937 3508; x_wconf 87' lang='lat' dir='ltr'><strong>et</strong></span> <span class='ocrx_word' id='word_1_474' title='bbox 965 3451 1372 3521; x_wconf 88' lang='lat' dir='ltr'><strong>circumagatur</strong></span> <span class='ocrx_word' id='word_1_475' title='bbox 1409 3449 1505 3520; x_wconf 92' lang='lat' dir='ltr'><strong>qui</strong></span> <span class='ocrx_word' id='word_1_476' title='bbox 1541 3449 1781 3515; x_wconf 83' lang='lat' dir='ltr'><strong>includit</strong></span> <span class='ocrx_word' id='word_1_477' title='bbox 1801 3465 1993 3524; x_wconf 85' lang='lat' dir='ltr'><strong>gyrum</strong></span> 
     </span>
    </p>
   </div>
   <div class='ocr_carea' id='block_1_67' title="bbox 413 3543 1994 3615">
    <p class='ocr_par' dir='ltr' id='par_1_67' title="bbox 413 3543 1994 3615">
     <span class='ocr_line' id='line_1_67' title="bbox 413 3543 1994 3615; baseline 0.001 -16"><span class='ocrx_word' id='word_1_478' title='bbox 413 3557 590 3610; x_wconf 76' lang='lat' dir='ltr'><strong>teme,</strong></span> <span class='ocrx_word' id='word_1_479' title='bbox 616 3545 711 3615; x_wconf 88' lang='lat' dir='ltr'><strong>qui</strong></span> <span class='ocrx_word' id='word_1_480' title='bbox 760 3543 1107 3614; x_wconf 88' lang='lat' dir='ltr'><strong>omnipotens</strong></span> <span class='ocrx_word' id='word_1_481' title='bbox 1151 3550 1254 3610; x_wconf 88' lang='lat' dir='ltr'><strong>est,</strong></span> <span class='ocrx_word' id='word_1_482' title='bbox 1296 3551 1351 3598; x_wconf 90' lang='lat' dir='ltr'><strong>et</strong></span> <span class='ocrx_word' id='word_1_483' title='bbox 1402 3543 1994 3614; x_wconf 80' lang='lat' dir='ltr'><strong>incomprehensibilis,</strong></span> 
     </span>
    </p>
   </div>
   <div class='ocr_carea' id='block_1_68' title="bbox 415 3634 1999 3708">
    <p class='ocr_par' dir='ltr' id='par_1_68' title="bbox 415 3634 1999 3708">
     <span class='ocr_line' id='line_1_68' title="bbox 415 3634 1999 3708; baseline -0.001 -14"><span class='ocrx_word' id='word_1_484' title='bbox 415 3648 469 3694; x_wconf 90' lang='lat' dir='ltr'><strong>et</strong></span> <span class='ocrx_word' id='word_1_485' title='bbox 503 3638 780 3703; x_wconf 78' lang='lat' dir='ltr'><strong>inﬁnitus;</strong></span> <span class='ocrx_word' id='word_1_486' title='bbox 820 3645 924 3692; x_wconf 82' lang='lat' dir='ltr'><strong>nec</strong></span> <span class='ocrx_word' id='word_1_487' title='bbox 955 3634 1101 3708; x_wconf 92' lang='lat' dir='ltr'><strong>quod</strong></span> <span class='ocrx_word' id='word_1_488' title='bbox 1135 3634 1392 3690; x_wconf 90' lang='lat' dir='ltr'><strong>manibus</strong></span> <span class='ocrx_word' id='word_1_489' title='bbox 1420 3643 1674 3706; x_wconf 87' lang='lat' dir='ltr'><strong>tangatur</strong></span> <span class='ocrx_word' id='word_1_490' title='bbox 1702 3637 1795 3708; x_wconf 93' lang='lat' dir='ltr'><strong>qui</strong></span> <span class='ocrx_word' id='word_1_491' title='bbox 1832 3637 1999 3692; x_wconf 90' lang='lat' dir='ltr'><strong>intra-</strong></span> 
     </span>
    </p>
   </div>
   <div class='ocr_carea' id='block_1_69' title="bbox 415 3725 2000 3796">
    <p class='ocr_par' dir='ltr' id='par_1_69' title="bbox 415 3725 2000 3796">
     <span class='ocr_line' id='line_1_69' title="bbox 415 3725 2000 3796; baseline -0.001 -12"><span class='ocrx_word' id='word_1_492' title='bbox 415 3736 601 3784; x_wconf 82' lang='lat' dir='ltr'><strong>ctatus</strong></span> <span class='ocrx_word' id='word_1_493' title='bbox 632 3733 747 3791; x_wconf 81' lang='lat' dir='ltr'><strong>est;</strong></span> <span class='ocrx_word' id='word_1_494' title='bbox 775 3740 874 3782; x_wconf 90' lang='lat' dir='ltr'><strong>nec</strong></span> <span class='ocrx_word' id='word_1_495' title='bbox 901 3725 1046 3796; x_wconf 85' lang='lat' dir='ltr'><strong>quod</strong></span> <span class='ocrx_word' id='word_1_496' title='bbox 1075 3725 1290 3780; x_wconf 88' lang='lat' dir='ltr'><strong>Patrem</strong></span> <span class='ocrx_word' id='word_1_497' title='bbox 1320 3725 1737 3783; x_wconf 88' lang='lat' dir='ltr'><strong>circumscribat</strong></span> <span class='ocrx_word' id='word_1_498' title='bbox 1767 3737 1822 3782; x_wconf 89' lang='lat' dir='ltr'><strong>et</strong></span> <span class='ocrx_word' id='word_1_499' title='bbox 1844 3743 2000 3784; x_wconf 90' lang='lat' dir='ltr'><strong>coar-</strong></span> 
     </span>
    </p>
   </div>
   <div class='ocr_carea' id='block_1_70' title="bbox 415 3817 1998 3892">
    <p class='ocr_par' dir='ltr' id='par_1_70' title="bbox 415 3817 1998 3892">
     <span class='ocr_line' id='line_1_70' title="bbox 415 3817 1998 3892; baseline 0.001 -16"><span class='ocrx_word' id='word_1_500' title='bbox 415 3829 526 3876; x_wconf 86' lang='lat' dir='ltr'><strong>ctet</strong></span> <span class='ocrx_word' id='word_1_501' title='bbox 563 3822 718 3892; x_wconf 88' lang='lat' dir='ltr'><strong>quasi</strong></span> <span class='ocrx_word' id='word_1_502' title='bbox 772 3819 1110 3886; x_wconf 65' lang='lat' dir='ltr'><strong>lncircuitu,</strong></span> <span class='ocrx_word' id='word_1_503' title='bbox 1152 3833 1255 3874; x_wconf 90' lang='lat' dir='ltr'><strong>nec</strong></span> <span class='ocrx_word' id='word_1_504' title='bbox 1293 3817 1440 3874; x_wconf 88' lang='lat' dir='ltr'><strong>aliud</strong></span> <span class='ocrx_word' id='word_1_505' title='bbox 1471 3820 1598 3888; x_wconf 92' lang='lat' dir='ltr'><strong>quid</strong></span> <span class='ocrx_word' id='word_1_506' title='bbox 1638 3817 1803 3876; x_wconf 81' lang='lat' dir='ltr'><strong>faciat</strong></span> <span class='ocrx_word' id='word_1_507' title='bbox 1842 3821 1998 3890; x_wconf 90' lang='lat' dir='ltr'><strong>quasi</strong></span> 
     </span>
    </p>
   </div>
   <div class='ocr_carea' id='block_1_71' title="bbox 415 3911 1999 3986">
    <p class='ocr_par' dir='ltr' id='par_1_71' title="bbox 415 3911 1999 3986">
     <span class='ocr_line' id='line_1_71' title="bbox 415 3911 1999 3986; baseline 0.002 -16"><span class='ocrx_word' id='word_1_508' title='bbox 415 3913 471 3970; x_wconf 89' lang='lat' dir='ltr'><strong>in</strong></span> <span class='ocrx_word' id='word_1_509' title='bbox 496 3915 792 3986; x_wconf 87' lang='lat' dir='ltr'><strong>patientem</strong></span> <span class='ocrx_word' id='word_1_510' title='bbox 825 3911 1042 3968; x_wconf 89' lang='lat' dir='ltr'><strong>Patrem</strong></span> <span class='ocrx_word' id='word_1_511' title='bbox 1070 3929 1086 3979; x_wconf 91' lang='lat'><strong>;</strong></span> <span class='ocrx_word' id='word_1_512' title='bbox 1113 3914 1205 3967; x_wconf 88' lang='lat' dir='ltr'><strong>sed</strong></span> <span class='ocrx_word' id='word_1_513' title='bbox 1241 3913 1380 3967; x_wconf 89' lang='lat' dir='ltr'><strong>inter</strong></span> <span class='ocrx_word' id='word_1_514' title='bbox 1408 3913 1547 3967; x_wconf 89' lang='lat' dir='ltr'><strong>tales</strong></span> <span class='ocrx_word' id='word_1_515' title='bbox 1572 3927 1765 3970; x_wconf 87' lang='lat' dir='ltr'><strong>omnes</strong></span> <span class='ocrx_word' id='word_1_516' title='bbox 1821 3916 1999 3973; x_wconf 84' lang='lat' dir='ltr'><strong>actio-</strong></span> 
     </span>
    </p>
   </div>
   <div class='ocr_carea' id='block_1_72' title="bbox 417 4002 1999 4068">
    <p class='ocr_par' dir='ltr' id='par_1_72' title="bbox 417 4002 1999 4068">
     <span class='ocr_line' id='line_1_72' title="bbox 417 4002 1999 4068; baseline 0.001 -7"><span class='ocrx_word' id='word_1_517' title='bbox 417 4019 516 4065; x_wconf 81' lang='lat' dir='ltr'><strong>nes</strong></span> <span class='ocrx_word' id='word_1_518' title='bbox 547 4015 602 4059; x_wconf 76' lang='grc' dir='ltr'><strong>ει</strong></span> <span class='ocrx_word' id='word_1_519' title='bbox 632 4019 793 4060; x_wconf 76' lang='grc' dir='ltr'><strong>νοοεε</strong></span> <span class='ocrx_word' id='word_1_520' title='bbox 845 4004 1020 4058; x_wconf 75' lang='grc' dir='ltr'><strong>οιοοιο</strong></span> <span class='ocrx_word' id='word_1_521' title='bbox 1081 4003 1331 4058; x_wconf 87' lang='lat' dir='ltr'><strong>terrestri</strong></span> <span class='ocrx_word' id='word_1_522' title='bbox 1389 4002 1673 4068; x_wconf 88' lang='lat' dir='ltr'><strong>termino,</strong></span> <span class='ocrx_word' id='word_1_523' title='bbox 1728 4005 1999 4062; x_wconf 87' lang='lat' dir='ltr'><strong>terminus</strong></span> 
     </span>
    </p>
   </div>
   <div class='ocr_carea' id='block_1_73' title="bbox 419 4090 1998 4170">
    <p class='ocr_par' dir='ltr' id='par_1_73' title="bbox 419 4090 1998 4170">
     <span class='ocr_line' id='line_1_73' title="bbox 419 4090 1998 4170; baseline 0 -18"><span class='ocrx_word' id='word_1_524' title='bbox 419 4096 694 4170; x_wconf 78' lang='lat' dir='ltr'><strong>perfectus</strong></span> <span class='ocrx_word' id='word_1_525' title='bbox 722 4096 966 4151; x_wconf 88' lang='lat' dir='ltr'><strong>omnium</strong></span> <span class='ocrx_word' id='word_1_526' title='bbox 1005 4093 1180 4151; x_wconf 84' lang='lat' dir='ltr'><strong>Patris</strong></span> <span class='ocrx_word' id='word_1_527' title='bbox 1213 4090 1450 4150; x_wconf 80' lang='lat' dir='ltr'><strong>Verbum</strong></span> <span class='ocrx_word' id='word_1_528' title='bbox 1482 4095 1602 4162; x_wconf 83' lang='lat' dir='ltr'><strong>ejus</strong></span> <span class='ocrx_word' id='word_1_529' title='bbox 1640 4101 1746 4162; x_wconf 80' lang='lat' dir='ltr'><strong>est,</strong></span> <span class='ocrx_word' id='word_1_530' title='bbox 1795 4111 1998 4152; x_wconf 88' lang='lat' dir='ltr'><strong>secun-</strong></span> 
     </span>
    </p>
   </div>
   <div class='ocr_carea' id='block_1_74' title="bbox 422 4186 1998 4260">
    <p class='ocr_par' dir='ltr' id='par_1_74' title="bbox 422 4186 1998 4260">
     <span class='ocr_line' id='line_1_74' title="bbox 422 4186 1998 4260; baseline -0.001 -15"><span class='ocrx_word' id='word_1_531' title='bbox 422 4190 552 4245; x_wconf 91' lang='lat' dir='ltr'><strong>dum</strong></span> <span class='ocrx_word' id='word_1_532' title='bbox 601 4188 914 4260; x_wconf 70' lang='lat' dir='ltr'><strong>praedictam</strong></span> <span class='ocrx_word' id='word_1_533' title='bbox 961 4200 1256 4256; x_wconf 86' lang='lat' dir='ltr'><strong>congruam</strong></span> <span class='ocrx_word' id='word_1_534' title='bbox 1296 4186 1607 4255; x_wconf 86' lang='lat' dir='ltr'><strong>rationem;</strong></span> <span class='ocrx_word' id='word_1_535' title='bbox 1655 4194 1712 4242; x_wconf 90' lang='lat' dir='ltr'><strong>et</strong></span> <span class='ocrx_word' id='word_1_536' title='bbox 1763 4188 1868 4244; x_wconf 91' lang='lat' dir='ltr'><strong>hoc</strong></span> <span class='ocrx_word' id='word_1_537' title='bbox 1898 4203 1998 4259; x_wconf 89' lang='lat' dir='ltr'><strong>pro</strong></span> 
     </span>
    </p>
   </div>
   <div class='ocr_carea' id='block_1_75' title="bbox 425 4275 1997 4348">
    <p class='ocr_par' dir='ltr' id='par_1_75' title="bbox 425 4275 1997 4348">
     <span class='ocr_line' id='line_1_75' title="bbox 425 4275 1997 4348; baseline 0 -14"><span class='ocrx_word' id='word_1_538' title='bbox 425 4279 582 4335; x_wconf 88' lang='lat' dir='ltr'><strong>nobis</strong></span> <span class='ocrx_word' id='word_1_539' title='bbox 614 4287 670 4334; x_wconf 92' lang='lat' dir='ltr'><strong>et</strong></span> <span class='ocrx_word' id='word_1_540' title='bbox 699 4293 796 4348; x_wconf 82' lang='lat' dir='ltr'><strong>per</strong></span> <span class='ocrx_word' id='word_1_541' title='bbox 833 4292 933 4333; x_wconf 91' lang='lat' dir='ltr'><strong>nos</strong></span> <span class='ocrx_word' id='word_1_542' title='bbox 965 4275 1057 4345; x_wconf 90' lang='lat' dir='ltr'><strong>qui</strong></span> <span class='ocrx_word' id='word_1_543' title='bbox 1089 4276 1296 4331; x_wconf 89' lang='lat' dir='ltr'><strong>discere</strong></span> <span class='ocrx_word' id='word_1_544' title='bbox 1341 4290 1483 4346; x_wconf 87' lang='lat' dir='ltr'><strong>opus</strong></span> <span class='ocrx_word' id='word_1_545' title='bbox 1545 4279 1834 4342; x_wconf 87' lang='lat' dir='ltr'><strong>habemus,</strong></span> <span class='ocrx_word' id='word_1_546' title='bbox 1895 4295 1997 4334; x_wconf 87' lang='lat' dir='ltr'><strong>nec</strong></span> 
     </span>
    </p>
   </div>
   <div class='ocr_carea' id='block_1_76' title="bbox 423 4365 1993 4435">
    <p class='ocr_par' dir='ltr' id='par_1_76' title="bbox 423 4365 1993 4435">
     <span class='ocr_line' id='line_1_76' title="bbox 423 4365 1993 4435; baseline -0.001 -12"><span class='ocrx_word' id='word_1_547' title='bbox 423 4369 584 4423; x_wconf 89' lang='lat' dir='ltr'><strong>aliter</strong></span> <span class='ocrx_word' id='word_1_548' title='bbox 617 4366 828 4422; x_wconf 86' lang='lat' dir='ltr'><strong>discere</strong></span> <span class='ocrx_word' id='word_1_549' title='bbox 875 4379 1190 4434; x_wconf 89' lang='lat' dir='ltr'><strong>possumus,</strong></span> <span class='ocrx_word' id='word_1_550' title='bbox 1223 4379 1385 4435; x_wconf 89' lang='lat' dir='ltr'><strong>quam</strong></span> <span class='ocrx_word' id='word_1_551' title='bbox 1422 4380 1517 4434; x_wconf 90' lang='lat' dir='ltr'><strong>per</strong></span> <span class='ocrx_word' id='word_1_552' title='bbox 1552 4365 1703 4422; x_wconf 88' lang='lat' dir='ltr'><strong>solas</strong></span> <span class='ocrx_word' id='word_1_553' title='bbox 1733 4367 1877 4422; x_wconf 77' lang='lat' dir='ltr'><strong>vires</strong></span> <span class='ocrx_word' id='word_1_554' title='bbox 1907 4367 1993 4422; x_wconf 81' lang='lat' dir='ltr'><strong>in-</strong></span> 
     </span>
    </p>
   </div>
   <div class='ocr_carea' id='block_1_77' title="bbox 2101 3183 3664 3256">
    <p class='ocr_par' dir='ltr' id='par_1_77' title="bbox 2101 3183 3664 3256">
     <span class='ocr_line' id='line_1_77' title="bbox 2101 3183 3664 3256; baseline 0.001 -20"><span class='ocrx_word' id='word_1_555' title='bbox 2101 3183 2286 3253; x_wconf 85' lang='grc' dir='ltr'><strong>μόνος,</strong></span> <span class='ocrx_word' id='word_1_556' title='bbox 2319 3183 2456 3237; x_wconf 85' lang='grc' dir='ltr'><strong>ἀλλὰ</strong></span> <span class='ocrx_word' id='word_1_557' title='bbox 2478 3187 2573 3238; x_wconf 75' lang='grc' dir='ltr'><strong>καὶ</strong></span> <span class='ocrx_word' id='word_1_558' title='bbox 2596 3185 2797 3246; x_wconf 85' lang='grc' dir='ltr'><strong>πάντες</strong></span> <span class='ocrx_word' id='word_1_559' title='bbox 2824 3186 3012 3239; x_wconf 86' lang='grc' dir='ltr'><strong>ὀπόσοι</strong></span> <span class='ocrx_word' id='word_1_560' title='bbox 3056 3189 3122 3255; x_wconf 79' lang='grc' dir='ltr'><strong>τῇ</strong></span> <span class='ocrx_word' id='word_1_561' title='bbox 3155 3185 3378 3256; x_wconf 83' lang='grc' dir='ltr'><strong>τοιαύτῃ</strong></span> <span class='ocrx_word' id='word_1_562' title='bbox 3422 3186 3664 3252; x_wconf 81' lang='grc' dir='ltr'><strong>παραδό-</strong></span> 
     </span>
    </p>
   </div>
   <div class='ocr_carea' id='block_1_78' title="bbox 2100 3274 3668 3346">
    <p class='ocr_par' dir='ltr' id='par_1_78' title="bbox 2100 3274 3668 3346">
     <span class='ocr_line' id='line_1_78' title="bbox 2100 3274 3668 3346; baseline 0.001 -21"><span class='ocrx_word' id='word_1_563' title='bbox 2100 3289 2183 3327; x_wconf 89' lang='grc' dir='ltr'><strong>σει</strong></span> <span class='ocrx_word' id='word_1_564' title='bbox 2209 3274 2328 3343; x_wconf 85' lang='grc' dir='ltr'><strong>μεθ’</strong></span> <span class='ocrx_word' id='word_1_565' title='bbox 2359 3276 2506 3346; x_wconf 74' lang='grc' dir='ltr'><strong>ἡμᾶς</strong></span> <span class='ocrx_word' id='word_1_566' title='bbox 2557 3275 2874 3346; x_wconf 65' lang='grc' dir='ltr'><strong>ἐπιτύχωσι.</strong></span> <span class='ocrx_word' id='word_1_567' title='bbox 2930 3276 3042 3330; x_wconf 73' lang='grc' dir='ltr'><strong>Καὶ</strong></span> <span class='ocrx_word' id='word_1_568' title='bbox 3085 3276 3264 3331; x_wconf 87' lang='grc' dir='ltr'><strong>τοίνυν</strong></span> <span class='ocrx_word' id='word_1_569' title='bbox 3309 3277 3440 3344; x_wconf 72' lang='grc' dir='ltr'><strong>πρὶν</strong></span> <span class='ocrx_word' id='word_1_570' title='bbox 3479 3276 3513 3346; x_wconf 78' lang='grc' dir='ltr'>ἢ</span> <span class='ocrx_word' id='word_1_571' title='bbox 3550 3278 3668 3328; x_wconf 83' lang='grc' dir='ltr'><strong>ὲπι-</strong></span> 
     </span>
    </p>
   </div>
   <div class='ocr_carea' id='block_1_79' title="bbox 2099 3362 3668 3437">
    <p class='ocr_par' dir='ltr' id='par_1_79' title="bbox 2099 3362 3668 3437">
     <span class='ocr_line' id='line_1_79' title="bbox 2099 3362 3668 3437; baseline 0.002 -23"><span class='ocrx_word' id='word_1_572' title='bbox 2099 3362 2285 3415; x_wconf 87' lang='grc' dir='ltr'><strong>ϐαλεῖν</strong></span> <span class='ocrx_word' id='word_1_573' title='bbox 2317 3363 2516 3427; x_wconf 81' lang='grc' dir='ltr'><strong>αὐτοὺς</strong></span> <span class='ocrx_word' id='word_1_574' title='bbox 2551 3364 2954 3428; x_wconf 79' lang='grc' dir='ltr'><strong>ἀπανθίζεσθαι</strong></span> <span class='ocrx_word' id='word_1_575' title='bbox 2993 3365 3136 3437; x_wconf 80' lang='grc' dir='ltr'><strong>άπερ</strong></span> <span class='ocrx_word' id='word_1_576' title='bbox 3165 3366 3276 3434; x_wconf 78' lang='grc' dir='ltr'><strong>ἐγὼ</strong></span> <span class='ocrx_word' id='word_1_577' title='bbox 3318 3365 3511 3436; x_wconf 82' lang='grc' dir='ltr'><strong>μαθεῖν</strong></span> <span class='ocrx_word' id='word_1_578' title='bbox 3547 3367 3668 3418; x_wconf 79' lang='grc' dir='ltr'><strong>ἐπι-</strong></span> 
     </span>
    </p>
   </div>
   <div class='ocr_carea' id='block_1_80' title="bbox 2099 3455 3670 3529">
    <p class='ocr_par' dir='ltr' id='par_1_80' title="bbox 2099 3455 3670 3529">
     <span class='ocr_line' id='line_1_80' title="bbox 2099 3455 3670 3529; baseline 0.001 -22"><span class='ocrx_word' id='word_1_579' title='bbox 2099 3455 2272 3521; x_wconf 84' lang='grc' dir='ltr'><strong>ποθῶ,</strong></span> <span class='ocrx_word' id='word_1_580' title='bbox 2316 3455 2460 3524; x_wconf 84' lang='grc' dir='ltr'><strong>λέγω</strong></span> <span class='ocrx_word' id='word_1_581' title='bbox 2523 3457 2753 3527; x_wconf 78' lang='grc' dir='ltr'><strong>ῥηθῆναι</strong></span> <span class='ocrx_word' id='word_1_582' title='bbox 2784 3457 2879 3511; x_wconf 84' lang='grc' dir='ltr'><strong>τδν</strong></span> <span class='ocrx_word' id='word_1_583' title='bbox 2926 3458 3056 3511; x_wconf 80' lang='grc' dir='ltr'><strong>Υίὸν</strong></span> <span class='ocrx_word' id='word_1_584' title='bbox 3087 3456 3182 3526; x_wconf 81' lang='grc' dir='ltr'><strong>τοῦ</strong></span> <span class='ocrx_word' id='word_1_585' title='bbox 3213 3457 3351 3512; x_wconf 87' lang='grc' dir='ltr'><strong>Θεοῦ</strong></span> <span class='ocrx_word' id='word_1_586' title='bbox 3395 3457 3670 3529; x_wconf 87' lang='grc' dir='ltr'><strong>βεϐηκότα</strong></span> 
     </span>
    </p>
   </div>
   <div class='ocr_carea' id='block_1_81' title="bbox 2099 3545 3670 3620">
    <p class='ocr_par' dir='ltr' id='par_1_81' title="bbox 2099 3545 3670 3620">
     <span class='ocr_line' id='line_1_81' title="bbox 2099 3545 3670 3620; baseline -0.001 -19"><span class='ocrx_word' id='word_1_587' title='bbox 2099 3547 2225 3616; x_wconf 86' lang='grc' dir='ltr'><strong>ὅρον</strong></span> <span class='ocrx_word' id='word_1_588' title='bbox 2247 3545 2320 3610; x_wconf 87' lang='grc' dir='ltr'><strong>ώς</strong></span> <span class='ocrx_word' id='word_1_589' title='bbox 2353 3547 2417 3600; x_wconf 80' lang='grc' dir='ltr'><strong>ὲκ</strong></span> <span class='ocrx_word' id='word_1_590' title='bbox 2448 3546 2543 3600; x_wconf 92' lang='grc' dir='ltr'><strong>τοῦ</strong></span> <span class='ocrx_word' id='word_1_591' title='bbox 2575 3548 2716 3600; x_wconf 83' lang='grc' dir='ltr'><strong>κατὰ</strong></span> <span class='ocrx_word' id='word_1_592' title='bbox 2750 3547 2855 3618; x_wconf 79' lang='grc' dir='ltr'><strong>γῆν</strong></span> <span class='ocrx_word' id='word_1_593' title='bbox 2888 3549 3036 3620; x_wconf 85' lang='grc' dir='ltr'><strong>ὅρου,</strong></span> <span class='ocrx_word' id='word_1_594' title='bbox 3070 3549 3170 3620; x_wconf 90' lang='grc' dir='ltr'><strong>οὐχ</strong></span> <span class='ocrx_word' id='word_1_595' title='bbox 3198 3549 3283 3602; x_wconf 80' lang='grc' dir='ltr'><strong>ὅτι</strong></span> <span class='ocrx_word' id='word_1_596' title='bbox 3322 3549 3670 3620; x_wconf 82' lang='grc' dir='ltr'><strong>περιέλευσιν</strong></span> 
     </span>
    </p>
   </div>
   <div class='ocr_carea' id='block_1_82' title="bbox 2100 3638 3672 3712">
    <p class='ocr_par' dir='ltr' id='par_1_82' title="bbox 2100 3638 3672 3712">
     <span class='ocr_line' id='line_1_82' title="bbox 2100 3638 3672 3712; baseline 0.001 -20"><span class='ocrx_word' id='word_1_597' title='bbox 2100 3640 2296 3710; x_wconf 83' lang='grc' dir='ltr'><strong>πάσχει</strong></span> <span class='ocrx_word' id='word_1_598' title='bbox 2322 3638 2418 3692; x_wconf 78' lang='grc' dir='ltr'><strong>καὶ</strong></span> <span class='ocrx_word' id='word_1_599' title='bbox 2452 3639 2916 3709; x_wconf 84' lang='grc' dir='ltr'><strong>περιλαμϐάνεται</strong></span> <span class='ocrx_word' id='word_1_600' title='bbox 2944 3641 2972 3692; x_wconf 91' lang='lat'><strong>6</strong></span> <span class='ocrx_word' id='word_1_601' title='bbox 2996 3640 3241 3710; x_wconf 85' lang='grc' dir='ltr'><strong>κατέχων</strong></span> <span class='ocrx_word' id='word_1_602' title='bbox 3270 3640 3362 3694; x_wconf 81' lang='grc' dir='ltr'><strong>τὸν</strong></span> <span class='ocrx_word' id='word_1_603' title='bbox 3385 3639 3555 3712; x_wconf 89' lang='grc' dir='ltr'><strong>γύρον</strong></span> <span class='ocrx_word' id='word_1_604' title='bbox 3577 3640 3672 3708; x_wconf 77' lang='grc' dir='ltr'><strong>τῆς</strong></span> 
     </span>
    </p>
   </div>
   <div class='ocr_carea' id='block_1_83' title="bbox 2100 3729 3673 3802">
    <p class='ocr_par' dir='ltr' id='par_1_83' title="bbox 2100 3729 3673 3802">
     <span class='ocr_line' id='line_1_83' title="bbox 2100 3729 3673 3802; baseline -0.003 -17"><span class='ocrx_word' id='word_1_605' title='bbox 2100 3732 2203 3802; x_wconf 77' lang='grc' dir='ltr'><strong>γῆς</strong></span> <span class='ocrx_word' id='word_1_606' title='bbox 2249 3731 2346 3783; x_wconf 76' lang='grc' dir='ltr'><strong>καὶ</strong></span> <span class='ocrx_word' id='word_1_607' title='bbox 2387 3729 2823 3802; x_wconf 88' lang='grc' dir='ltr'><strong>ἀπειροδύναμος</strong></span> <span class='ocrx_word' id='word_1_608' title='bbox 2859 3732 2953 3786; x_wconf 74' lang='grc' dir='ltr'><strong>καὶ</strong></span> <span class='ocrx_word' id='word_1_609' title='bbox 2969 3733 3337 3802; x_wconf 79' lang='grc' dir='ltr'><strong>ἀπερίληπτος</strong></span> <span class='ocrx_word' id='word_1_610' title='bbox 3361 3733 3457 3784; x_wconf 80' lang='grc' dir='ltr'><strong>καὶ</strong></span> <span class='ocrx_word' id='word_1_611' title='bbox 3476 3731 3673 3800; x_wconf 86' lang='grc' dir='ltr'><strong>ἀπερί-</strong></span> 
     </span>
    </p>
   </div>
   <div class='ocr_carea' id='block_1_84' title="bbox 2099 3823 3674 3894">
    <p class='ocr_par' dir='ltr' id='par_1_84' title="bbox 2099 3823 3674 3894">
     <span class='ocr_line' id='line_1_84' title="bbox 2099 3823 3674 3894; baseline -0.001 -19"><span class='ocrx_word' id='word_1_612' title='bbox 2099 3839 2363 3892; x_wconf 86' lang='grc' dir='ltr'><strong>γραπτος·</strong></span> <span class='ocrx_word' id='word_1_613' title='bbox 2381 3823 2487 3876; x_wconf 84' lang='grc' dir='ltr'><strong>οὐδ’</strong></span> <span class='ocrx_word' id='word_1_614' title='bbox 2500 3823 2581 3876; x_wconf 86' lang='grc' dir='ltr'><strong>ὅτι</strong></span> <span class='ocrx_word' id='word_1_615' title='bbox 2599 3823 2757 3893; x_wconf 74' lang='grc' dir='ltr'><strong>χερσὶ</strong></span> <span class='ocrx_word' id='word_1_616' title='bbox 2775 3823 3006 3892; x_wconf 80' lang='grc' dir='ltr'><strong>ψαύεται</strong></span> <span class='ocrx_word' id='word_1_617' title='bbox 3035 3825 3062 3876; x_wconf 92' lang='lat'><strong>6</strong></span> <span class='ocrx_word' id='word_1_618' title='bbox 3085 3823 3318 3894; x_wconf 83' lang='grc' dir='ltr'><strong>ἀναφὴς,</strong></span> <span class='ocrx_word' id='word_1_619' title='bbox 3340 3823 3448 3877; x_wconf 79' lang='grc' dir='ltr'><strong>οὐδ’</strong></span> <span class='ocrx_word' id='word_1_620' title='bbox 3470 3824 3549 3876; x_wconf 82' lang='grc' dir='ltr'><strong>ὅτι</strong></span> <span class='ocrx_word' id='word_1_621' title='bbox 3580 3840 3674 3875; x_wconf 87' lang='grc' dir='ltr'><strong>πε-</strong></span> 
     </span>
    </p>
   </div>
   <div class='ocr_carea' id='block_1_85' title="bbox 2103 3914 3671 3985">
    <p class='ocr_par' dir='ltr' id='par_1_85' title="bbox 2103 3914 3671 3985">
     <span class='ocr_line' id='line_1_85' title="bbox 2103 3914 3671 3985; baseline -0.001 -18"><span class='ocrx_word' id='word_1_622' title='bbox 2103 3915 2326 3985; x_wconf 79' lang='grc' dir='ltr'><strong>ριορίζει</strong></span> <span class='ocrx_word' id='word_1_623' title='bbox 2347 3915 2436 3967; x_wconf 84' lang='grc' dir='ltr'><strong>τὸν</strong></span> <span class='ocrx_word' id='word_1_624' title='bbox 2460 3915 2674 3984; x_wconf 85' lang='grc' dir='ltr'><strong>Πατέρα</strong></span> <span class='ocrx_word' id='word_1_625' title='bbox 2695 3914 2786 3968; x_wconf 77' lang='grc' dir='ltr'><strong>καὶ</strong></span> <span class='ocrx_word' id='word_1_626' title='bbox 2814 3915 3226 3985; x_wconf 84' lang='grc' dir='ltr'><strong>στενοχωρεῖὡς</strong></span> <span class='ocrx_word' id='word_1_627' title='bbox 3251 3917 3309 3968; x_wconf 81' lang='grc' dir='ltr'><strong>ἐν</strong></span> <span class='ocrx_word' id='word_1_628' title='bbox 3331 3917 3671 3985; x_wconf 76' lang='grc' dir='ltr'><strong>περιγραφῇ,</strong></span> 
     </span>
    </p>
   </div>
   <div class='ocr_carea' id='block_1_86' title="bbox 2099 4005 3676 4076">
    <p class='ocr_par' dir='ltr' id='par_1_86' title="bbox 2099 4005 3676 4076">
     <span class='ocr_line' id='line_1_86' title="bbox 2099 4005 3676 4076; baseline 0 -18"><span class='ocrx_word' id='word_1_629' title='bbox 2099 4005 2208 4058; x_wconf 79' lang='grc' dir='ltr'><strong>οὐδ’</strong></span> <span class='ocrx_word' id='word_1_630' title='bbox 2237 4005 2364 4059; x_wconf 69' lang='grc' dir='ltr'><strong>ἄλλο</strong></span> <span class='ocrx_word' id='word_1_631' title='bbox 2395 4023 2447 4058; x_wconf 84' lang='grc' dir='ltr'><strong>τι</strong></span> <span class='ocrx_word' id='word_1_632' title='bbox 2489 4008 2633 4059; x_wconf 84' lang='grc' dir='ltr'><strong>ποιεῖ</strong></span> <span class='ocrx_word' id='word_1_633' title='bbox 2654 4007 2728 4069; x_wconf 84' lang='grc' dir='ltr'><strong>ὡς</strong></span> <span class='ocrx_word' id='word_1_634' title='bbox 2780 4007 2870 4058; x_wconf 71' lang='grc' dir='ltr'><strong>ἐπὶ</strong></span> <span class='ocrx_word' id='word_1_635' title='bbox 2901 4007 3161 4076; x_wconf 80' lang='grc' dir='ltr'><strong>πάσχοντι</strong></span> <span class='ocrx_word' id='word_1_636' title='bbox 3189 4006 3269 4076; x_wconf 85' lang='grc' dir='ltr'><strong>τῷ</strong></span> <span class='ocrx_word' id='word_1_637' title='bbox 3319 4007 3517 4074; x_wconf 60' lang='grc' dir='ltr'><strong>Πατρῖ,</strong></span> <span class='ocrx_word' id='word_1_638' title='bbox 3541 4006 3676 4059; x_wconf 76' lang='grc' dir='ltr'><strong>ἀλλὰ</strong></span> 
     </span>
    </p>
   </div>
   <div class='ocr_carea' id='block_1_87' title="bbox 2099 4093 3676 4165">
    <p class='ocr_par' dir='ltr' id='par_1_87' title="bbox 2099 4093 3676 4165">
     <span class='ocr_line' id='line_1_87' title="bbox 2099 4093 3676 4165; baseline -0.002 -18"><span class='ocrx_word' id='word_1_639' title='bbox 2099 4093 2206 4147; x_wconf 85' lang='grc' dir='ltr'><strong>τῶν</strong></span> <span class='ocrx_word' id='word_1_640' title='bbox 2237 4094 2494 4147; x_wconf 85' lang='grc' dir='ltr'><strong>τοιούτων</strong></span> <span class='ocrx_word' id='word_1_641' title='bbox 2541 4095 2758 4149; x_wconf 79' lang='grc' dir='ltr'><strong>πάντων</strong></span> <span class='ocrx_word' id='word_1_642' title='bbox 2789 4095 3179 4165; x_wconf 76' lang='grc' dir='ltr'><strong>ἐνεργημάτων</strong></span> <span class='ocrx_word' id='word_1_643' title='bbox 3222 4097 3316 4148; x_wconf 77' lang='grc' dir='ltr'><strong>καὶ</strong></span> <span class='ocrx_word' id='word_1_644' title='bbox 3365 4095 3676 4164; x_wconf 79' lang='grc' dir='ltr'><strong>ἰδιωμάτων</strong></span> 
     </span>
    </p>
   </div>
   <div class='ocr_carea' id='block_1_88' title="bbox 2098 4184 3675 4257">
    <p class='ocr_par' dir='ltr' id='par_1_88' title="bbox 2098 4184 3675 4257">
     <span class='ocr_line' id='line_1_88' title="bbox 2098 4184 3675 4257; baseline -0.001 -19"><span class='ocrx_word' id='word_1_645' title='bbox 2098 4185 2192 4238; x_wconf 88' lang='grc' dir='ltr'><strong>τοῦ</strong></span> <span class='ocrx_word' id='word_1_646' title='bbox 2225 4186 2411 4255; x_wconf 83' lang='grc' dir='ltr'><strong>γηῖνου</strong></span> <span class='ocrx_word' id='word_1_647' title='bbox 2459 4187 2586 4256; x_wconf 85' lang='grc' dir='ltr'><strong>ὅρου</strong></span> <span class='ocrx_word' id='word_1_648' title='bbox 2627 4185 3113 4257; x_wconf 81' lang='grc' dir='ltr'><strong>ὑπεξαιρουμένου,</strong></span> <span class='ocrx_word' id='word_1_649' title='bbox 3140 4186 3265 4256; x_wconf 71' lang='grc' dir='ltr'><strong>ὅρος</strong></span> <span class='ocrx_word' id='word_1_650' title='bbox 3289 4184 3540 4256; x_wconf 78' lang='grc' dir='ltr'><strong>βεϐηκὼς</strong></span> <span class='ocrx_word' id='word_1_651' title='bbox 3583 4187 3675 4238; x_wconf 80' lang='grc' dir='ltr'><strong>τοῦ</strong></span> 
     </span>
    </p>
   </div>
   <div class='ocr_carea' id='block_1_89' title="bbox 2099 4277 3678 4348">
    <p class='ocr_par' dir='ltr' id='par_1_89' title="bbox 2099 4277 3678 4348">
     <span class='ocr_line' id='line_1_89' title="bbox 2099 4277 3678 4348; baseline -0.001 -20"><span class='ocrx_word' id='word_1_652' title='bbox 2099 4277 2314 4331; x_wconf 85' lang='grc' dir='ltr'><strong>πάντων</strong></span> <span class='ocrx_word' id='word_1_653' title='bbox 2334 4277 2546 4346; x_wconf 77' lang='grc' dir='ltr'><strong>Πατρὸς</strong></span> <span class='ocrx_word' id='word_1_654' title='bbox 2566 4277 2594 4328; x_wconf 91' lang='lat'><strong>6</strong></span> <span class='ocrx_word' id='word_1_655' title='bbox 2623 4277 2757 4348; x_wconf 75' lang='grc' dir='ltr'><strong>πρὸς</strong></span> <span class='ocrx_word' id='word_1_656' title='bbox 2775 4277 2978 4330; x_wconf 77' lang='grc' dir='ltr'><strong>ἐκεῖνον</strong></span> <span class='ocrx_word' id='word_1_657' title='bbox 3004 4279 3160 4344; x_wconf 88' lang='grc' dir='ltr'><strong>λόγος</strong></span> <span class='ocrx_word' id='word_1_658' title='bbox 3191 4277 3331 4341; x_wconf 77' lang='grc' dir='ltr'><strong>ἐστὶ,</strong></span> <span class='ocrx_word' id='word_1_659' title='bbox 3357 4279 3500 4330; x_wconf 86' lang='grc' dir='ltr'><strong>κατά</strong></span> <span class='ocrx_word' id='word_1_660' title='bbox 3520 4279 3678 4347; x_wconf 84' lang='grc' dir='ltr'><strong>μόνον</strong></span> 
     </span>
    </p>
   </div>
   <div class='ocr_carea' id='block_1_90' title="bbox 2097 4368 3676 4441">
    <p class='ocr_par' dir='ltr' id='par_1_90' title="bbox 2097 4368 3676 4441">
     <span class='ocr_line' id='line_1_90' title="bbox 2097 4368 3676 4441; baseline 0.001 -20"><span class='ocrx_word' id='word_1_661' title='bbox 2097 4369 2157 4421; x_wconf 83' lang='grc' dir='ltr'><strong>τὺ</strong></span> <span class='ocrx_word' id='word_1_662' title='bbox 2189 4368 2262 4432; x_wconf 89' lang='grc' dir='ltr'><strong>ώς</strong></span> <span class='ocrx_word' id='word_1_663' title='bbox 2290 4368 2489 4441; x_wconf 79' lang='grc' dir='ltr'><strong>ἐρρέθη</strong></span> <span class='ocrx_word' id='word_1_664' title='bbox 2512 4371 2720 4439; x_wconf 86' lang='grc' dir='ltr'><strong>πρέπον</strong></span> <span class='ocrx_word' id='word_1_665' title='bbox 2741 4369 3050 4440; x_wconf 82' lang='grc' dir='ltr'><strong>γνώρισμα⁶</strong></span> <span class='ocrx_word' id='word_1_666' title='bbox 3070 4371 3162 4422; x_wconf 76' lang='grc' dir='ltr'><strong>καὶ</strong></span> <span class='ocrx_word' id='word_1_667' title='bbox 3184 4369 3314 4425; x_wconf 87' lang='grc' dir='ltr'><strong>αὐτὸ</strong></span> <span class='ocrx_word' id='word_1_668' title='bbox 3341 4369 3478 4438; x_wconf 83' lang='grc' dir='ltr'><strong>πρὸς</strong></span> <span class='ocrx_word' id='word_1_669' title='bbox 3509 4370 3676 4438; x_wconf 80' lang='grc' dir='ltr'><strong>ἡμᾶς,</strong></span> 
     </span>
    </p>
   </div>
   <div class='ocr_carea' id='block_1_91' title="bbox 425 4451 1985 4530">
    <p class='ocr_par' dir='ltr' id='par_1_91' title="bbox 425 4451 1985 4528">
     <span class='ocr_line' id='line_1_91' title="bbox 425 4451 1985 4528; baseline 0 -14"><span class='ocrx_word' id='word_1_670' title='bbox 425 4460 566 4515; x_wconf 87' lang='lat' dir='ltr'><strong>ditas</strong></span> <span class='ocrx_word' id='word_1_671' title='bbox 597 4458 778 4521; x_wconf 91' lang='lat' dir='ltr'><strong>nobis,</strong></span> <span class='ocrx_word' id='word_1_672' title='bbox 819 4457 876 4511; x_wconf 87' lang='lat' dir='ltr'><strong>in</strong></span> <span class='ocrx_word' id='word_1_673' title='bbox 908 4455 1110 4526; x_wconf 87' lang='lat' dir='ltr'><strong>quibus</strong></span> <span class='ocrx_word' id='word_1_674' title='bbox 1143 4453 1287 4510; x_wconf 88' lang='lat' dir='ltr'><strong>Deus</strong></span> <span class='ocrx_word' id='word_1_675' title='bbox 1339 4454 1646 4512; x_wconf 84' lang='lat' dir='ltr'><strong>inhabitare</strong></span> <span class='ocrx_word' id='word_1_676' title='bbox 1693 4451 1985 4528; x_wconf 83' lang='lat' dir='ltr'><strong>diceretur,</strong></span> 
     </span>
    </p>
   </div>
   <div class='ocr_carea' id='block_1_92' title="bbox 2092 4451 3677 4530">
    <p class='ocr_par' dir='ltr' id='par_1_92' title="bbox 2101 4458 3677 4530">
     <span class='ocr_line' id='line_1_92' title="bbox 2101 4458 3677 4530; baseline -0.001 -18"><span class='ocrx_word' id='word_1_677' title='bbox 2101 4461 2194 4512; x_wconf 67' lang='lat' dir='ltr'><strong>xui</strong></span> <span class='ocrx_word' id='word_1_678' title='bbox 2212 4461 2280 4514; x_wconf 88' lang='grc' dir='ltr'><strong>δι’</strong></span> <span class='ocrx_word' id='word_1_679' title='bbox 2313 4461 2464 4530; x_wconf 74' lang='grc' dir='ltr'><strong>ἡμᾶς</strong></span> <span class='ocrx_word' id='word_1_680' title='bbox 2497 4461 2623 4522; x_wconf 83' lang='grc' dir='ltr'><strong>τοὺς</strong></span> <span class='ocrx_word' id='word_1_681' title='bbox 2654 4460 2943 4529; x_wconf 83' lang='grc' dir='ltr'><strong>δεομένους</strong></span> <span class='ocrx_word' id='word_1_682' title='bbox 2975 4458 3290 4529; x_wconf 79' lang='grc' dir='ltr'><strong>μανθάνειν,</strong></span> <span class='ocrx_word' id='word_1_683' title='bbox 3319 4460 3421 4512; x_wconf 87' lang='grc' dir='ltr'><strong>οὐκ</strong></span> <span class='ocrx_word' id='word_1_684' title='bbox 3453 4458 3677 4528; x_wconf 80' lang='grc' dir='ltr'><strong>ἔχοντας</strong></span> 
     </span>
    </p>
   </div>
   <div class='ocr_carea' id='block_1_93' title="bbox 425 4547 1998 4624">
    <p class='ocr_par' dir='ltr' id='par_1_93' title="bbox 425 4547 1998 4624">
     <span class='ocr_line' id='line_1_93' title="bbox 425 4547 1998 4624; baseline -0.002 -15"><span class='ocrx_word' id='word_1_685' title='bbox 425 4567 529 4609; x_wconf 90' lang='lat' dir='ltr'><strong>nec</strong></span> <span class='ocrx_word' id='word_1_686' title='bbox 555 4567 653 4624; x_wconf 89' lang='lat' dir='ltr'><strong>per</strong></span> <span class='ocrx_word' id='word_1_687' title='bbox 685 4549 790 4605; x_wconf 90' lang='lat' dir='ltr'><strong>hoc</strong></span> <span class='ocrx_word' id='word_1_688' title='bbox 854 4548 1032 4605; x_wconf 87' lang='lat' dir='ltr'><strong>solum</strong></span> <span class='ocrx_word' id='word_1_689' title='bbox 1074 4547 1231 4618; x_wconf 90' lang='lat' dir='ltr'><strong>quod</strong></span> <span class='ocrx_word' id='word_1_690' title='bbox 1284 4547 1378 4603; x_wconf 91' lang='lat' dir='ltr'><strong>Dei</strong></span> <span class='ocrx_word' id='word_1_691' title='bbox 1430 4549 1720 4618; x_wconf 87' lang='lat' dir='ltr'><strong>qualitates</strong></span> <span class='ocrx_word' id='word_1_692' title='bbox 1744 4550 1800 4605; x_wconf 91' lang='lat' dir='ltr'><strong>in</strong></span> <span class='ocrx_word' id='word_1_693' title='bbox 1841 4551 1998 4608; x_wconf 89' lang='lat' dir='ltr'><strong>nobis</strong></span> 
     </span>
    </p>
   </div>
   <div class='ocr_carea' id='block_1_94' title="bbox 423 4639 2000 4711">
    <p class='ocr_par' dir='ltr' id='par_1_94' title="bbox 423 4639 2000 4711">
     <span class='ocr_line' id='line_1_94' title="bbox 423 4639 2000 4711; baseline -0.001 -12"><span class='ocrx_word' id='word_1_694' title='bbox 423 4654 478 4700; x_wconf 89' lang='lat' dir='ltr'><strong>et</strong></span> <span class='ocrx_word' id='word_1_695' title='bbox 509 4646 564 4698; x_wconf 91' lang='lat' dir='ltr'><strong>in</strong></span> <span class='ocrx_word' id='word_1_696' title='bbox 593 4639 1087 4698; x_wconf 84' lang='lat' dir='ltr'><strong>circumstantibus</strong></span> <span class='ocrx_word' id='word_1_697' title='bbox 1117 4640 1283 4695; x_wconf 84' lang='lat' dir='ltr'><strong>rebus</strong></span> <span class='ocrx_word' id='word_1_698' title='bbox 1319 4641 1437 4696; x_wconf 67' lang='lat' dir='ltr'><strong>sitae</strong></span> <span class='ocrx_word' id='word_1_699' title='bbox 1486 4650 1612 4694; x_wconf 88' lang='lat' dir='ltr'><strong>sunt</strong></span> <span class='ocrx_word' id='word_1_700' title='bbox 1647 4648 1701 4695; x_wconf 87' lang='lat' dir='ltr'><strong>et</strong></span> <span class='ocrx_word' id='word_1_701' title='bbox 1761 4657 1858 4711; x_wconf 91' lang='lat' dir='ltr'><strong>per</strong></span> <span class='ocrx_word' id='word_1_702' title='bbox 1885 4658 2000 4698; x_wconf 90' lang='lat' dir='ltr'><strong>me-</strong></span> 
     </span>
    </p>
   </div>
   <div class='ocr_carea' id='block_1_95' title="bbox 426 4731 2000 4792">
    <p class='ocr_par' dir='ltr' id='par_1_95' title="bbox 426 4731 2000 4792">
     <span class='ocr_line' id='line_1_95' title="bbox 426 4731 2000 4792; baseline 0.001 -1"><span class='ocrx_word' id='word_1_703' title='bbox 426 4737 575 4791; x_wconf 84' lang='lat' dir='ltr'><strong>dium</strong></span> <span class='ocrx_word' id='word_1_704' title='bbox 623 4749 812 4790; x_wconf 88' lang='lat' dir='ltr'><strong>earum</strong></span> <span class='ocrx_word' id='word_1_705' title='bbox 874 4733 946 4788; x_wconf 90' lang='lat' dir='ltr'><strong>sit</strong></span> <span class='ocrx_word' id='word_1_706' title='bbox 989 4733 1044 4787; x_wconf 91' lang='lat' dir='ltr'><strong>in</strong></span> <span class='ocrx_word' id='word_1_707' title='bbox 1095 4733 1257 4788; x_wconf 87' lang='lat' dir='ltr'><strong>nobis</strong></span> <span class='ocrx_word' id='word_1_708' title='bbox 1301 4731 1462 4790; x_wconf 91' lang='lat' dir='ltr'><strong>Deus.</strong></span> <span class='ocrx_word' id='word_1_709' title='bbox 1523 4731 1580 4787; x_wconf 86' lang='lat' dir='ltr'><strong>Si</strong></span> <span class='ocrx_word' id='word_1_710' title='bbox 1627 4741 1813 4789; x_wconf 89' lang='lat' dir='ltr'><strong>autem</strong></span> <span class='ocrx_word' id='word_1_711' title='bbox 1851 4745 2000 4792; x_wconf 91' lang='lat' dir='ltr'><strong>recte</strong></span> 
     </span>
    </p>
   </div>
   <div class='ocr_carea' id='block_1_96' title="bbox 429 4826 2002 4898">
    <p class='ocr_par' dir='ltr' id='par_1_96' title="bbox 429 4826 2002 4898">
     <span class='ocr_line' id='line_1_96' title="bbox 429 4826 2002 4898; baseline -0.001 -15"><span class='ocrx_word' id='word_1_712' title='bbox 429 4829 731 4898; x_wconf 87' lang='lat' dir='ltr'><strong>sapiamus,</strong></span> <span class='ocrx_word' id='word_1_713' title='bbox 765 4841 860 4896; x_wconf 91' lang='lat' dir='ltr'><strong>per</strong></span> <span class='ocrx_word' id='word_1_714' title='bbox 887 4827 1003 4880; x_wconf 81' lang='lat' dir='ltr'><strong>haec</strong></span> <span class='ocrx_word' id='word_1_715' title='bbox 1039 4841 1232 4881; x_wconf 85' lang='lat' dir='ltr'><strong>sumus</strong></span> <span class='ocrx_word' id='word_1_716' title='bbox 1281 4836 1335 4880; x_wconf 89' lang='lat' dir='ltr'><strong>et</strong></span> <span class='ocrx_word' id='word_1_717' title='bbox 1362 4840 1462 4881; x_wconf 89' lang='lat' dir='ltr'><strong>nos</strong></span> <span class='ocrx_word' id='word_1_718' title='bbox 1491 4826 1546 4880; x_wconf 89' lang='lat' dir='ltr'><strong>in</strong></span> <span class='ocrx_word' id='word_1_719' title='bbox 1576 4841 1662 4892; x_wconf 91' lang='lat' dir='ltr'><strong>eo,</strong></span> <span class='ocrx_word' id='word_1_720' title='bbox 1705 4827 1808 4898; x_wconf 88' lang='lat' dir='ltr'><strong>ipsi</strong></span> <span class='ocrx_word' id='word_1_721' title='bbox 1837 4828 2002 4882; x_wconf 85' lang='lat' dir='ltr'><strong>attri-</strong></span> 
     </span>
    </p>
   </div>
   <div class='ocr_carea' id='block_1_97' title="bbox 430 4916 2002 4986">
    <p class='ocr_par' dir='ltr' id='par_1_97' title="bbox 430 4916 2002 4986">
     <span class='ocr_line' id='line_1_97' title="bbox 430 4916 2002 4986; baseline -0.001 -12"><span class='ocrx_word' id='word_1_722' title='bbox 430 4919 575 4985; x_wconf 89' lang='lat' dir='ltr'><strong>buti;</strong></span> <span class='ocrx_word' id='word_1_723' title='bbox 605 4927 659 4973; x_wconf 88' lang='lat' dir='ltr'><strong>et</strong></span> <span class='ocrx_word' id='word_1_724' title='bbox 711 4917 860 4972; x_wconf 88' lang='lat' dir='ltr'><strong>velut</strong></span> <span class='ocrx_word' id='word_1_725' title='bbox 887 4917 1090 4971; x_wconf 78' lang='lat' dir='ltr'><strong>sinceri</strong></span> <span class='ocrx_word' id='word_1_726' title='bbox 1150 4917 1526 4986; x_wconf 89' lang='lat' dir='ltr'><strong>unguentarii,</strong></span> <span class='ocrx_word' id='word_1_727' title='bbox 1578 4916 1852 4973; x_wconf 78' lang='lat' dir='ltr'><strong>odorifera</strong></span> <span class='ocrx_word' id='word_1_728' title='bbox 1888 4919 2002 4974; x_wconf 73' lang='lat' dir='ltr'><strong>haec</strong></span> 
     </span>
    </p>
   </div>
   <div class='ocr_carea' id='block_1_98' title="bbox 431 5007 2006 5078">
    <p class='ocr_par' dir='ltr' id='par_1_98' title="bbox 431 5007 2006 5078">
     <span class='ocr_line' id='line_1_98' title="bbox 431 5007 2006 5078; baseline 0.002 -14"><span class='ocrx_word' id='word_1_729' title='bbox 431 5019 676 5064; x_wconf 75' lang='lat' dir='ltr'><strong>aromata</strong></span> <span class='ocrx_word' id='word_1_730' title='bbox 729 5017 1030 5078; x_wconf 62' lang='lat' dir='ltr'><strong>praparata</strong></span> <span class='ocrx_word' id='word_1_731' title='bbox 1059 5007 1210 5062; x_wconf 81' lang='lat' dir='ltr'><strong>velut</strong></span> <span class='ocrx_word' id='word_1_732' title='bbox 1239 5022 1304 5062; x_wconf 82' lang='lat' dir='ltr'><strong>ex</strong></span> <span class='ocrx_word' id='word_1_733' title='bbox 1335 5008 1602 5064; x_wconf 91' lang='lat' dir='ltr'><strong>odorante</strong></span> <span class='ocrx_word' id='word_1_734' title='bbox 1634 5010 1862 5065; x_wconf 85' lang='lat' dir='ltr'><strong>materia</strong></span> <span class='ocrx_word' id='word_1_735' title='bbox 1912 5025 2006 5067; x_wconf 87' lang='lat' dir='ltr'><strong>ve-</strong></span> 
     </span>
    </p>
   </div>
   <div class='ocr_carea' id='block_1_99' title="bbox 428 5096 2003 5168">
    <p class='ocr_par' dir='ltr' id='par_1_99' title="bbox 428 5096 2003 5168">
     <span class='ocr_line' id='line_1_99' title="bbox 428 5096 2003 5168; baseline 0.003 -15"><span class='ocrx_word' id='word_1_736' title='bbox 428 5097 802 5153; x_wconf 83' lang='lat' dir='ltr'><strong>nerandorum</strong></span> <span class='ocrx_word' id='word_1_737' title='bbox 852 5113 882 5151; x_wconf 88' lang='lat' dir='ltr'><strong>a</strong></span> <span class='ocrx_word' id='word_1_738' title='bbox 919 5096 1076 5152; x_wconf 90' lang='lat' dir='ltr'><strong>nobis</strong></span> <span class='ocrx_word' id='word_1_739' title='bbox 1108 5097 1390 5161; x_wconf 75' lang='lat' dir='ltr'><strong>nominum</strong></span> <span class='ocrx_word' id='word_1_740' title='bbox 1453 5098 1736 5157; x_wconf 76' lang='lat' dir='ltr'><strong>offerimus</strong></span> <span class='ocrx_word' id='word_1_741' title='bbox 1762 5140 1778 5168; x_wconf 91' lang='lat'><strong>,</strong></span> <span class='ocrx_word' id='word_1_742' title='bbox 1813 5100 1886 5154; x_wconf 86' lang='lat' dir='ltr'><strong>ita</strong></span> <span class='ocrx_word' id='word_1_743' title='bbox 1941 5111 2003 5157; x_wconf 88' lang='lat' dir='ltr'><strong>ut</strong></span> 
     </span>
    </p>
   </div>
   <div class='ocr_carea' id='block_1_100' title="bbox 431 5188 2002 5262">
    <p class='ocr_par' dir='ltr' id='par_1_100' title="bbox 431 5188 2002 5262">
     <span class='ocr_line' id='line_1_100' title="bbox 431 5188 2002 5262; baseline 0.002 -17"><span class='ocrx_word' id='word_1_744' title='bbox 431 5192 694 5245; x_wconf 66' lang='lat' dir='ltr'><strong>adoretur</strong></span> <span class='ocrx_word' id='word_1_745' title='bbox 741 5189 1004 5245; x_wconf 84' lang='lat' dir='ltr'><strong>Dominus</strong></span> <span class='ocrx_word' id='word_1_746' title='bbox 1062 5188 1286 5245; x_wconf 90' lang='lat' dir='ltr'><strong>odorem</strong></span> <span class='ocrx_word' id='word_1_747' title='bbox 1334 5191 1659 5259; x_wconf 86' lang='lat' dir='ltr'><strong>suavitatis,</strong></span> <span class='ocrx_word' id='word_1_748' title='bbox 1715 5202 1769 5248; x_wconf 89' lang='lat' dir='ltr'><strong>et</strong></span> <span class='ocrx_word' id='word_1_749' title='bbox 1826 5194 2002 5262; x_wconf 88' lang='lat' dir='ltr'><strong>ipsum</strong></span> 
     </span>
    </p>
   </div>
   <div class='ocr_carea' id='block_1_101' title="bbox 431 5279 2002 5349">
    <p class='ocr_par' dir='ltr' id='par_1_101' title="bbox 431 5279 2002 5349">
     <span class='ocr_line' id='line_1_101' title="bbox 431 5279 2002 5349; baseline 0.004 -15"><span class='ocrx_word' id='word_1_750' title='bbox 431 5279 821 5349; x_wconf 78' lang='lat' dir='ltr'><strong>acccptabilem</strong></span> <span class='ocrx_word' id='word_1_751' title='bbox 843 5318 860 5347; x_wconf 94' lang='lat'><strong>,</strong></span> <span class='ocrx_word' id='word_1_752' title='bbox 896 5279 1012 5335; x_wconf 74' lang='lat' dir='ltr'><strong>sive</strong></span> <span class='ocrx_word' id='word_1_753' title='bbox 1042 5293 1075 5334; x_wconf 90' lang='lat' dir='ltr'><strong>e</strong></span> <span class='ocrx_word' id='word_1_754' title='bbox 1118 5288 1264 5335; x_wconf 88' lang='lat' dir='ltr'><strong>terra</strong></span> <span class='ocrx_word' id='word_1_755' title='bbox 1299 5285 1583 5349; x_wconf 86' lang='lat' dir='ltr'><strong>ascendat,</strong></span> <span class='ocrx_word' id='word_1_756' title='bbox 1628 5285 1742 5340; x_wconf 86' lang='lat' dir='ltr'><strong>sive</strong></span> <span class='ocrx_word' id='word_1_757' title='bbox 1779 5284 2002 5340; x_wconf 89' lang='lat' dir='ltr'><strong>aliunde</strong></span> 
     </span>
    </p>
   </div>
   <div class='ocr_carea' id='block_1_102' title="bbox 435 5373 666 5429">
    <p class='ocr_par' dir='ltr' id='par_1_102' title="bbox 435 5373 666 5429">
     <span class='ocr_line' id='line_1_102' title="bbox 435 5373 666 5429; baseline -0.004 0"><span class='ocrx_word' id='word_1_758' title='bbox 435 5373 666 5429; x_wconf 81' lang='lat' dir='ltr'><strong>oriatur.</strong></span> 
     </span>
    </p>
   </div>
   <div class='ocr_carea' id='block_1_103' title="bbox 504 5637 2004 5714">
    <p class='ocr_par' dir='ltr' id='par_1_103' title="bbox 504 5637 2004 5714">
     <span class='ocr_line' id='line_1_103' title="bbox 504 5637 2004 5714; baseline 0.004 -21"><span class='ocrx_word' id='word_1_759' title='bbox 504 5638 570 5693; x_wconf 69' lang='lat' dir='ltr'><strong>ﬂ</strong></span> <span class='ocrx_word' id='word_1_760' title='bbox 583 5677 598 5693; x_wconf 92' lang='lat'><strong>.</strong></span> <span class='ocrx_word' id='word_1_761' title='bbox 620 5637 677 5694; x_wconf 91' lang='lat' dir='ltr'><strong>Si</strong></span> <span class='ocrx_word' id='word_1_762' title='bbox 697 5646 875 5694; x_wconf 83' lang='lat' dir='ltr'><strong>autem</strong></span> <span class='ocrx_word' id='word_1_763' title='bbox 892 5649 1315 5696; x_wconf 88' lang='lat' dir='ltr'><strong>commentatam</strong></span> <span class='ocrx_word' id='word_1_764' title='bbox 1331 5641 1650 5706; x_wconf 86' lang='lat' dir='ltr'><strong>terminum,</strong></span> <span class='ocrx_word' id='word_1_765' title='bbox 1673 5657 1704 5697; x_wconf 93' lang='grc' dir='ltr'><strong>ο</strong></span> <span class='ocrx_word' id='word_1_766' title='bbox 1723 5644 2004 5714; x_wconf 88' lang='lat' dir='ltr'><strong>negotiose</strong></span> 
     </span>
    </p>
   </div>
   <div class='ocr_carea' id='block_1_104' title="bbox 437 5729 2000 5806">
    <p class='ocr_par' dir='ltr' id='par_1_104' title="bbox 437 5729 2000 5806">
     <span class='ocr_line' id='line_1_104' title="bbox 437 5729 2000 5806; baseline 0.006 -22"><span class='ocrx_word' id='word_1_767' title='bbox 437 5737 492 5785; x_wconf 86' lang='lat' dir='ltr'><strong>et</strong></span> <span class='ocrx_word' id='word_1_768' title='bbox 515 5729 794 5788; x_wconf 62' lang='lat' dir='ltr'><strong>industria:</strong></span> <span class='ocrx_word' id='word_1_769' title='bbox 818 5732 1192 5799; x_wconf 81' lang='lat' dir='ltr'><strong>tenacissime,</strong></span> <span class='ocrx_word' id='word_1_770' title='bbox 1213 5732 1442 5804; x_wconf 85' lang='lat' dir='ltr'><strong>abjicias</strong></span> <span class='ocrx_word' id='word_1_771' title='bbox 1469 5749 1540 5792; x_wconf 86' lang='lat' dir='ltr'><strong>eo</strong></span> <span class='ocrx_word' id='word_1_772' title='bbox 1570 5737 1714 5806; x_wconf 81' lang='lat' dir='ltr'><strong>quod</strong></span> <span class='ocrx_word' id='word_1_773' title='bbox 1773 5737 2000 5794; x_wconf 88' lang='lat' dir='ltr'><strong>verbum</strong></span> 
     </span>
    </p>
   </div>
   <div class='ocr_carea' id='block_1_105' title="bbox 2017 5853 2068 5874">
    <p class='ocr_par' dir='ltr' id='par_1_105' title="bbox 2017 5853 2068 5874">
     <span class='ocr_line' id='line_1_105' title="bbox 2017 5853 2068 5874; baseline 0 0"><span class='ocrx_word' id='word_1_774' title='bbox 2017 5853 2068 5874; x_wconf 53' lang='grc' dir='ltr'><strong>κδ</strong></span> 
     </span>
    </p>
   </div>
   <div class='ocr_carea' id='block_1_106' title="bbox 2101 4546 3679 4622">
    <p class='ocr_par' dir='ltr' id='par_1_106' title="bbox 2101 4546 3679 4622">
     <span class='ocr_line' id='line_1_106' title="bbox 2101 4546 3679 4622; baseline -0.001 -20"><span class='ocrx_word' id='word_1_775' title='bbox 2101 4548 2159 4603; x_wconf 76' lang='grc' dir='ltr'><strong>δὲ</strong></span> <span class='ocrx_word' id='word_1_776' title='bbox 2187 4548 2360 4614; x_wconf 77' lang='grc' dir='ltr'><strong>ἄλλως</strong></span> <span class='ocrx_word' id='word_1_777' title='bbox 2390 4549 2582 4618; x_wconf 75' lang='grc' dir='ltr'><strong>μαθεῖν</strong></span> <span class='ocrx_word' id='word_1_778' title='bbox 2607 4551 2688 4603; x_wconf 84' lang='grc' dir='ltr'><strong>ὅτι</strong></span> <span class='ocrx_word' id='word_1_779' title='bbox 2715 4551 2792 4622; x_wconf 81' lang='grc' dir='ltr'><strong>μὴ</strong></span> <span class='ocrx_word' id='word_1_780' title='bbox 2821 4551 2911 4604; x_wconf 84' lang='grc' dir='ltr'><strong>διὰ</strong></span> <span class='ocrx_word' id='word_1_781' title='bbox 2943 4552 3120 4619; x_wconf 87' lang='grc' dir='ltr'><strong>μόνων</strong></span> <span class='ocrx_word' id='word_1_782' title='bbox 3146 4550 3256 4602; x_wconf 84' lang='grc' dir='ltr'><strong>τῶν</strong></span> <span class='ocrx_word' id='word_1_783' title='bbox 3282 4549 3403 4602; x_wconf 88' lang='grc' dir='ltr'><strong>καθ’</strong></span> <span class='ocrx_word' id='word_1_784' title='bbox 3437 4550 3584 4619; x_wconf 78' lang='grc' dir='ltr'><strong>ἡμᾶς</strong></span> <span class='ocrx_word' id='word_1_785' title='bbox 3601 4546 3679 4610; x_wconf 74' lang='grc' dir='ltr'><strong>οἷς</strong></span> 
     </span>
    </p>
   </div>
   <div class='ocr_carea' id='block_1_107' title="bbox 2102 4639 3681 4711">
    <p class='ocr_par' dir='ltr' id='par_1_107' title="bbox 2102 4639 3681 4711">
     <span class='ocr_line' id='line_1_107' title="bbox 2102 4639 3681 4711; baseline -0.003 -16"><span class='ocrx_word' id='word_1_786' title='bbox 2102 4643 2334 4696; x_wconf 78' lang='grc' dir='ltr'><strong>ἐνοικεῖν</strong></span> <span class='ocrx_word' id='word_1_787' title='bbox 2364 4643 2392 4694; x_wconf 89' lang='lat'><strong>6</strong></span> <span class='ocrx_word' id='word_1_788' title='bbox 2420 4641 2554 4704; x_wconf 80' lang='grc' dir='ltr'><strong>Θεὸς</strong></span> <span class='ocrx_word' id='word_1_789' title='bbox 2579 4641 2793 4711; x_wconf 86' lang='grc' dir='ltr'><strong>λέγοιτο</strong></span> <span class='ocrx_word' id='word_1_790' title='bbox 2819 4642 2887 4695; x_wconf 81' lang='grc' dir='ltr'><strong>ἂν</strong></span> <span class='ocrx_word' id='word_1_791' title='bbox 2929 4643 3021 4694; x_wconf 78' lang='grc' dir='ltr'><strong>καὶ</strong></span> <span class='ocrx_word' id='word_1_792' title='bbox 3054 4640 3175 4694; x_wconf 87' lang='grc' dir='ltr'><strong>κατ’</strong></span> <span class='ocrx_word' id='word_1_793' title='bbox 3207 4640 3339 4694; x_wconf 81' lang='grc' dir='ltr'><strong>αὐτὸ</strong></span> <span class='ocrx_word' id='word_1_794' title='bbox 3387 4639 3576 4707; x_wconf 85' lang='grc' dir='ltr'><strong>τοῦτο,</strong></span> <span class='ocrx_word' id='word_1_795' title='bbox 3601 4641 3681 4693; x_wconf 80' lang='grc' dir='ltr'><strong>ὅτι</strong></span> 
     </span>
    </p>
   </div>
   <div class='ocr_carea' id='block_1_108' title="bbox 2103 4732 3684 4806">
    <p class='ocr_par' dir='ltr' id='par_1_108' title="bbox 2103 4732 3684 4806">
     <span class='ocr_line' id='line_1_108' title="bbox 2103 4732 3684 4806; baseline -0.003 -18"><span class='ocrx_word' id='word_1_796' title='bbox 2103 4732 2308 4806; x_wconf 83' lang='grc' dir='ltr'><strong>δηλαδὴ</strong></span> <span class='ocrx_word' id='word_1_797' title='bbox 2337 4734 2405 4788; x_wconf 82' lang='grc' dir='ltr'><strong>τὰ</strong></span> <span class='ocrx_word' id='word_1_798' title='bbox 2426 4733 2521 4788; x_wconf 88' lang='grc' dir='ltr'><strong>τοῦ</strong></span> <span class='ocrx_word' id='word_1_799' title='bbox 2560 4733 2696 4787; x_wconf 83' lang='grc' dir='ltr'><strong>Θεοῦ</strong></span> <span class='ocrx_word' id='word_1_800' title='bbox 2749 4733 3229 4804; x_wconf 80' lang='grc' dir='ltr'><strong>χαρακτηριστικὰ</strong></span> <span class='ocrx_word' id='word_1_801' title='bbox 3271 4733 3406 4804; x_wconf 70' lang='grc' dir='ltr'><strong>ημῖν</strong></span> <span class='ocrx_word' id='word_1_802' title='bbox 3435 4734 3531 4785; x_wconf 74' lang='grc' dir='ltr'><strong>καὶ</strong></span> <span class='ocrx_word' id='word_1_803' title='bbox 3571 4735 3684 4793; x_wconf 82' lang='grc' dir='ltr'><strong>τοῖς</strong></span> 
     </span>
    </p>
   </div>
   <div class='ocr_carea' id='block_1_109' title="bbox 2105 4823 3685 4896">
    <p class='ocr_par' dir='ltr' id='par_1_109' title="bbox 2105 4823 3685 4896">
     <span class='ocr_line' id='line_1_109' title="bbox 2105 4823 3685 4896; baseline -0.001 -19"><span class='ocrx_word' id='word_1_804' title='bbox 2105 4826 2236 4896; x_wconf 67' lang='grc' dir='ltr'><strong>περὶ</strong></span> <span class='ocrx_word' id='word_1_805' title='bbox 2260 4826 2407 4894; x_wconf 78' lang='grc' dir='ltr'><strong>ἡμᾶς</strong></span> <span class='ocrx_word' id='word_1_806' title='bbox 2450 4824 2721 4894; x_wconf 76' lang='grc' dir='ltr'><strong>ἔγκειται,</strong></span> <span class='ocrx_word' id='word_1_807' title='bbox 2770 4825 2862 4878; x_wconf 75' lang='grc' dir='ltr'><strong>καὶ</strong></span> <span class='ocrx_word' id='word_1_808' title='bbox 2897 4825 2984 4878; x_wconf 82' lang='grc' dir='ltr'><strong>διὰ</strong></span> <span class='ocrx_word' id='word_1_809' title='bbox 3017 4825 3201 4894; x_wconf 87' lang='grc' dir='ltr'><strong>μέσων</strong></span> <span class='ocrx_word' id='word_1_810' title='bbox 3241 4823 3421 4879; x_wconf 87' lang='grc' dir='ltr'><strong>αὐτῶν</strong></span> <span class='ocrx_word' id='word_1_811' title='bbox 3449 4824 3598 4877; x_wconf 78' lang='grc' dir='ltr'><strong>ἔστιν</strong></span> <span class='ocrx_word' id='word_1_812' title='bbox 3630 4827 3685 4874; x_wconf 81' lang='grc' dir='ltr'><strong>ὲν</strong></span> 
     </span>
    </p>
   </div>
   <div class='ocr_carea' id='block_1_110' title="bbox 2107 4913 3684 4986">
    <p class='ocr_par' dir='ltr' id='par_1_110' title="bbox 2107 4913 3684 4986">
     <span class='ocr_line' id='line_1_110' title="bbox 2107 4913 3684 4986; baseline -0.003 -19"><span class='ocrx_word' id='word_1_813' title='bbox 2107 4916 2245 4986; x_wconf 76' lang='grc' dir='ltr'><strong>ἡμίν</strong></span> <span class='ocrx_word' id='word_1_814' title='bbox 2269 4916 2298 4968; x_wconf 90' lang='grc' dir='ltr'><strong>ό</strong></span> <span class='ocrx_word' id='word_1_815' title='bbox 2321 4915 2478 4978; x_wconf 88' lang='grc' dir='ltr'><strong>Θεός.</strong></span> <span class='ocrx_word' id='word_1_816' title='bbox 2518 4916 2579 4968; x_wconf 82' lang='grc' dir='ltr'><strong>Εἰ</strong></span> <span class='ocrx_word' id='word_1_817' title='bbox 2607 4916 2662 4968; x_wconf 87' lang='grc' dir='ltr'><strong>δὲ</strong></span> <span class='ocrx_word' id='word_1_818' title='bbox 2700 4917 3008 4986; x_wconf 83' lang='grc' dir='ltr'><strong>φρονοῦμεν</strong></span> <span class='ocrx_word' id='word_1_819' title='bbox 3040 4915 3197 4984; x_wconf 85' lang='grc' dir='ltr'><strong>ὀρθὰ,</strong></span> <span class='ocrx_word' id='word_1_820' title='bbox 3233 4915 3405 4984; x_wconf 78' lang='grc' dir='ltr'><strong>ἐσμὲν</strong></span> <span class='ocrx_word' id='word_1_821' title='bbox 3443 4914 3532 4967; x_wconf 86' lang='grc' dir='ltr'><strong>διὰ</strong></span> <span class='ocrx_word' id='word_1_822' title='bbox 3577 4913 3684 4964; x_wconf 79' lang='grc' dir='ltr'><strong>τῶν</strong></span> 
     </span>
    </p>
   </div>
   <div class='ocr_carea' id='block_1_111' title="bbox 2108 5005 3682 5078">
    <p class='ocr_par' dir='ltr' id='par_1_111' title="bbox 2108 5005 3682 5078">
     <span class='ocr_line' id='line_1_111' title="bbox 2108 5005 3682 5078; baseline -0.003 -17"><span class='ocrx_word' id='word_1_823' title='bbox 2108 5008 2368 5062; x_wconf 83' lang='grc' dir='ltr'><strong>τοιούτων</strong></span> <span class='ocrx_word' id='word_1_824' title='bbox 2404 5009 2498 5060; x_wconf 79' lang='grc' dir='ltr'><strong>καὶ</strong></span> <span class='ocrx_word' id='word_1_825' title='bbox 2543 5009 2707 5078; x_wconf 80' lang='grc' dir='ltr'><strong>ἡμεῖς</strong></span> <span class='ocrx_word' id='word_1_826' title='bbox 2757 5009 2815 5058; x_wconf 84' lang='grc' dir='ltr'><strong>ὲν</strong></span> <span class='ocrx_word' id='word_1_827' title='bbox 2844 5006 3012 5076; x_wconf 85' lang='grc' dir='ltr'><strong>αὐτῷ,</strong></span> <span class='ocrx_word' id='word_1_828' title='bbox 3076 5005 3417 5077; x_wconf 79' lang='grc' dir='ltr'><strong>λογιζόμενοι</strong></span> <span class='ocrx_word' id='word_1_829' title='bbox 3469 5005 3682 5075; x_wconf 79' lang='grc' dir='ltr'><strong>ἐκείνῳ,</strong></span> 
     </span>
    </p>
   </div>
   <div class='ocr_carea' id='block_1_112' title="bbox 2110 5096 3689 5169">
    <p class='ocr_par' dir='ltr' id='par_1_112' title="bbox 2110 5096 3689 5169">
     <span class='ocr_line' id='line_1_112' title="bbox 2110 5096 3689 5169; baseline -0.003 -16"><span class='ocrx_word' id='word_1_830' title='bbox 2110 5099 2208 5153; x_wconf 71' lang='grc' dir='ltr'><strong>καὶ</strong></span> <span class='ocrx_word' id='word_1_831' title='bbox 2233 5099 2308 5162; x_wconf 89' lang='grc' dir='ltr'><strong>ώς</strong></span> <span class='ocrx_word' id='word_1_832' title='bbox 2332 5099 2413 5162; x_wconf 87' lang='grc' dir='ltr'><strong>είς</strong></span> <span class='ocrx_word' id='word_1_833' title='bbox 2444 5098 2771 5168; x_wconf 88' lang='grc' dir='ltr'><strong>καθαρείους</strong></span> <span class='ocrx_word' id='word_1_834' title='bbox 2807 5099 3085 5169; x_wconf 77' lang='grc' dir='ltr'><strong>μυρεψοὺς</strong></span> <span class='ocrx_word' id='word_1_835' title='bbox 3134 5097 3310 5168; x_wconf 83' lang='grc' dir='ltr'><strong>εὐώδη</strong></span> <span class='ocrx_word' id='word_1_836' title='bbox 3361 5096 3689 5168; x_wconf 86' lang='grc' dir='ltr'><strong>θυμιάματα</strong></span> 
     </span>
    </p>
   </div>
   <div class='ocr_carea' id='block_1_113' title="bbox 2109 5187 3691 5258">
    <p class='ocr_par' dir='ltr' id='par_1_113' title="bbox 2109 5187 3691 5258">
     <span class='ocr_line' id='line_1_113' title="bbox 2109 5187 3691 5258; baseline -0.005 -14"><span class='ocrx_word' id='word_1_837' title='bbox 2109 5189 2284 5244; x_wconf 82' lang='grc' dir='ltr'><strong>ταῦτα</strong></span> <span class='ocrx_word' id='word_1_838' title='bbox 2315 5188 2590 5242; x_wconf 85' lang='grc' dir='ltr'><strong>σκευαστὰ</strong></span> <span class='ocrx_word' id='word_1_839' title='bbox 2612 5189 2686 5251; x_wconf 89' lang='grc' dir='ltr'><strong>ώς</strong></span> <span class='ocrx_word' id='word_1_840' title='bbox 2718 5187 2777 5252; x_wconf 77' lang='grc' dir='ltr'>ἐξ</span> <span class='ocrx_word' id='word_1_841' title='bbox 2818 5190 3048 5258; x_wconf 81' lang='grc' dir='ltr'><strong>εὐόδμου</strong></span> <span class='ocrx_word' id='word_1_842' title='bbox 3092 5188 3227 5258; x_wconf 87' lang='grc' dir='ltr'><strong>ῦλης</strong></span> <span class='ocrx_word' id='word_1_843' title='bbox 3279 5189 3387 5242; x_wconf 85' lang='grc' dir='ltr'><strong>τῶν</strong></span> <span class='ocrx_word' id='word_1_844' title='bbox 3436 5190 3494 5241; x_wconf 73' lang='grc' dir='ltr'><strong>ἑν</strong></span> <span class='ocrx_word' id='word_1_845' title='bbox 3551 5191 3691 5256; x_wconf 80' lang='grc' dir='ltr'><strong>ἡμῖν</strong></span> 
     </span>
    </p>
   </div>
   <div class='ocr_carea' id='block_1_114' title="bbox 2110 5281 3690 5353">
    <p class='ocr_par' dir='ltr' id='par_1_114' title="bbox 2110 5281 3690 5353">
     <span class='ocr_line' id='line_1_114' title="bbox 2110 5281 3690 5353; baseline -0.002 -19"><span class='ocrx_word' id='word_1_846' title='bbox 2110 5283 2309 5353; x_wconf 84' lang='grc' dir='ltr'><strong>τιμίων</strong></span> <span class='ocrx_word' id='word_1_847' title='bbox 2358 5281 2639 5352; x_wconf 80' lang='grc' dir='ltr'><strong>ὀνομάτων</strong></span> <span class='ocrx_word' id='word_1_848' title='bbox 2685 5281 3148 5352; x_wconf 87' lang='grc' dir='ltr'><strong>ἀναπέμποντας·</strong></span> <span class='ocrx_word' id='word_1_849' title='bbox 3184 5282 3259 5346; x_wconf 88' lang='grc' dir='ltr'><strong>ώς</strong></span> <span class='ocrx_word' id='word_1_850' title='bbox 3293 5281 3690 5351; x_wconf 81' lang='grc' dir='ltr'><strong>ὀσφραίνεσθαι</strong></span> 
     </span>
    </p>
   </div>
   <div class='ocr_carea' id='block_1_115' title="bbox 2112 5373 3688 5443">
    <p class='ocr_par' dir='ltr' id='par_1_115' title="bbox 2112 5373 3688 5443">
     <span class='ocr_line' id='line_1_115' title="bbox 2112 5373 3688 5443; baseline -0.001 -18"><span class='ocrx_word' id='word_1_851' title='bbox 2112 5374 2205 5427; x_wconf 76' lang='grc' dir='ltr'><strong>τὸν</strong></span> <span class='ocrx_word' id='word_1_852' title='bbox 2221 5373 2424 5442; x_wconf 70' lang='grc' dir='ltr'><strong>Κύριον</strong></span> <span class='ocrx_word' id='word_1_853' title='bbox 2447 5373 2620 5443; x_wconf 84' lang='grc' dir='ltr'><strong>ὀσμὴν</strong></span> <span class='ocrx_word' id='word_1_854' title='bbox 2641 5373 2892 5436; x_wconf 81' lang='grc' dir='ltr'><strong>εὐωδίας,</strong></span> <span class='ocrx_word' id='word_1_855' title='bbox 2924 5373 3017 5426; x_wconf 76' lang='grc' dir='ltr'><strong>καὶ</strong></span> <span class='ocrx_word' id='word_1_856' title='bbox 3031 5373 3234 5442; x_wconf 89' lang='grc' dir='ltr'><strong>ταύτην</strong></span> <span class='ocrx_word' id='word_1_857' title='bbox 3263 5373 3688 5442; x_wconf 80' lang='grc' dir='ltr'><strong>εὐπρόσδεκτον,</strong></span> 
     </span>
    </p>
   </div>
   <div class='ocr_carea' id='block_1_116' title="bbox 2113 5465 3692 5536">
    <p class='ocr_par' dir='ltr' id='par_1_116' title="bbox 2113 5465 3692 5536">
     <span class='ocr_line' id='line_1_116' title="bbox 2113 5465 3692 5536; baseline -0.001 -18"><span class='ocrx_word' id='word_1_858' title='bbox 2113 5468 2223 5518; x_wconf 73' lang='grc' dir='ltr'><strong>εἴτε</strong></span> <span class='ocrx_word' id='word_1_859' title='bbox 2257 5467 2427 5536; x_wconf 76' lang='grc' dir='ltr'><strong>γῆθεν</strong></span> <span class='ocrx_word' id='word_1_860' title='bbox 2489 5466 2883 5536; x_wconf 82' lang='grc' dir='ltr'><strong>ἀναδιδομένην</strong></span> <span class='ocrx_word' id='word_1_861' title='bbox 2942 5467 3252 5536; x_wconf 76' lang='grc' dir='ltr'><strong>εὐκόσμως,</strong></span> <span class='ocrx_word' id='word_1_862' title='bbox 3306 5468 3416 5520; x_wconf 75' lang='grc' dir='ltr'><strong>εἴτε</strong></span> <span class='ocrx_word' id='word_1_863' title='bbox 3463 5465 3692 5520; x_wconf 78' lang='grc' dir='ltr'><strong>ἄλλοθεν</strong></span> 
     </span>
    </p>
   </div>
   <div class='ocr_carea' id='block_1_117' title="bbox 2113 5557 2352 5611">
    <p class='ocr_par' dir='ltr' id='par_1_117' title="bbox 2113 5557 2352 5611">
     <span class='ocr_line' id='line_1_117' title="bbox 2113 5557 2352 5611; baseline -0.004 0"><span class='ocrx_word' id='word_1_864' title='bbox 2113 5557 2352 5611; x_wconf 86' lang='grc' dir='ltr'><strong>ὁθενοῦν.</strong></span> 
     </span>
    </p>
   </div>
   <div class='ocr_carea' id='block_1_118' title="bbox 2177 5646 3694 5724">
    <p class='ocr_par' dir='ltr' id='par_1_118' title="bbox 2177 5646 3694 5724">
     <span class='ocr_line' id='line_1_118' title="bbox 2177 5646 3694 5724; baseline 0.001 -21"><span class='ocrx_word' id='word_1_865' title='bbox 2177 5648 2290 5720; x_wconf 88' lang='grc' dir='ltr'><strong>μα’,</strong></span> <span class='ocrx_word' id='word_1_866' title='bbox 2316 5651 2379 5703; x_wconf 79' lang='grc' dir='ltr'><strong>Εἰ</strong></span> <span class='ocrx_word' id='word_1_867' title='bbox 2405 5651 2461 5704; x_wconf 80' lang='grc' dir='ltr'><strong>δὲ</strong></span> <span class='ocrx_word' id='word_1_868' title='bbox 2497 5652 2587 5704; x_wconf 83' lang='grc' dir='ltr'><strong>τὸν</strong></span> <span class='ocrx_word' id='word_1_869' title='bbox 2624 5652 3011 5722; x_wconf 82' lang='grc' dir='ltr'><strong>διειλημμένον</strong></span> <span class='ocrx_word' id='word_1_870' title='bbox 3051 5653 3197 5724; x_wconf 84' lang='grc' dir='ltr'><strong>ὅρον,</strong></span> <span class='ocrx_word' id='word_1_871' title='bbox 3273 5646 3319 5708; x_wconf 85' lang='grc' dir='ltr'>ὧ</span> <span class='ocrx_word' id='word_1_872' title='bbox 3362 5652 3694 5721; x_wconf 76' lang='grc' dir='ltr'><strong>πολυπρᾶγο</strong></span> 
     </span>
    </p>
   </div>
   <div class='ocr_carea' id='block_1_119' title="bbox 2116 5742 3690 5816">
    <p class='ocr_par' dir='ltr' id='par_1_119' title="bbox 2116 5742 3690 5816">
     <span class='ocr_line' id='line_1_119' title="bbox 2116 5742 3690 5816; baseline 0.004 -24"><span class='ocrx_word' id='word_1_873' title='bbox 2116 5758 2215 5811; x_wconf 90' lang='grc' dir='ltr'><strong>μον</strong></span> <span class='ocrx_word' id='word_1_874' title='bbox 2261 5744 2353 5795; x_wconf 78' lang='grc' dir='ltr'><strong>καὶ</strong></span> <span class='ocrx_word' id='word_1_875' title='bbox 2403 5743 2763 5812; x_wconf 82' lang='grc' dir='ltr'><strong>γλισχρότατε</strong></span> <span class='ocrx_word' id='word_1_876' title='bbox 2818 5745 2918 5814; x_wconf 81' lang='grc' dir='ltr'><strong>τὴν</strong></span> <span class='ocrx_word' id='word_1_877' title='bbox 2970 5745 3283 5816; x_wconf 84' lang='grc' dir='ltr'><strong>ἀκρίϐειαν,</strong></span> <span class='ocrx_word' id='word_1_878' title='bbox 3337 5742 3690 5816; x_wconf 73' lang='grc' dir='ltr'><strong>ἀποστρέφῃ,</strong></span> 
     </span>
    </p>
   </div>
  </div>
