3968 6244
314 371 410 435 557

1097 369 1180 430 IN
1210 370 1546 431 HYMNUM
1596 366 2248 430 PENTECOSTALEM
2295 366 2755 430 DAMASCENL

3465 356 3567 428 553

309 490 388 543 διὰ
418 489 478 540 τὸ
523 489 620 558 τῆς
661 487 861 553 λέξεως
913 485 1195 555 χθαμαλὸν
1239 488 1333 539 καὶ
1386 487 1535 554 παχὺ
1585 485 1678 538 καὶ
1711 483 1875 554 βαρὺ,

1987 500 2059 552 sit
2087 499 2210 561 vile,
2243 513 2511 563 crassum,
2533 497 2757 568 pingue,
2779 504 2834 552 et
2861 503 3087 551 sensum
3119 493 3240 563 eius
3269 497 3570 550 contendas

306 583 394 633 καί
421 581 480 632 τδ
513 580 634 632 κατ’
664 578 836 649 αὐτὴν
868 579 1050 648 νόημα
1081 576 1438 645 δογματίζεις
1473 578 1549 647 μὴ
1597 575 1667 629 ἂν
1714 575 1876 629 δύναο

308 674 427 726 σθαι
458 673 594 742 ὑψοῦ
631 673 1026 742 ὲλαφρισθῆναι
1076 673 1151 734 ὡς
1202 671 1500 740 ἁρμόττειν
1546 670 1624 738 τῷ
1672 669 1880 738 ἀπαχεϊ

306 767 398 818 καί
430 765 634 834 ἀδαρεῖ
676 767 772 819 καὶ
828 765 1215 836 ὑπερουρανίῳ
1265 765 1385 832 Θεῷ
1410 804 1424 828 ,
1457 759 1636 829 ἒξεστί
1673 775 1754 812 σοι
1782 757 1876 810 τοῦ

308 857 492 909 λοιποῦ
526 859 854 926 ἀποστερεῖν
885 857 958 926 μὴ
991 857 1152 927 μόνον
1182 857 1273 910 τὸν
1303 855 1430 908 nm
1459 855 1554 907 καὶ
1577 853 1762 921 Ἁόγον
1785 849 1879 904 τοῦ

307 949 442 1004 Θεοῦ
467 950 668 1016 λέξεως
709 949 929 1019 ἁπάσης
971 951 1288 1018 ὲγκοσμίου,
1334 947 1470 1002 ἀλλά
1499 948 1593 1000 καλ⁸
1625 946 1716 1000 τὸν
1746 957 1880 1015 προ-

308 1043 527 1096 αιώνιον
567 1045 802 1113 Πατέρα,
848 1044 942 1097 καὶ
976 1041 1036 1095 τὸ
1095 1045 1430 1112 συνάναρχον
1458 1041 1718 1111 Πνεῦμαο
1749 1042 1880 1094 οὐκ·

305 1135 394 1187 οὖν
425 1135 776 1205 ἀπορῤάπιζε
815 1135 885 1187 τὰ
937 1136 994 1187 ὲν
1042 1137 1153 1198 τοῖς
1201 1133 1326 1188 καθ’
1363 1135 1508 1202 ἡμᾶς
1539 1133 1718 1186 πάντα
1757 1132 1876 1184 ὀνό-

307 1243 472 1295 ματα,
504 1226 580 1290 ὠς
630 1227 767 1296 μηδὲ
814 1226 872 1280 ἐν
923 1226 1104 1281 αὐτῶν
1133 1225 1374 1280 οἰκειοῦν
1407 1224 1483 1296 τῷ
1529 1225 1877 1294 ἀκατονομά-

306 1336 412 1390 στῳ
460 1319 579 1389 Θεῷ
607 1361 623 1386 ,
671 1321 767 1372 καὶ
805 1320 1008 1389 μᾶλλον
1061 1321 1130 1374 τά
1191 1321 1250 1373 ὲν
1294 1320 1427 1389 ἡμῖν
1479 1320 1876 1385 ταπεινότατα,

303 1404 412 1466 οἷον
442 1413 534 1466 τὸν
567 1413 903 1482 δημιουργὸν
941 1411 1002 1466 ὃν
1053 1415 1411 1484 χειροτέχνην
1449 1413 1673 1481 οἴδαμεν
1704 1413 1880 1483 ἑρμη-

302 1506 578 1568 νεύεσθαι,
613 1507 742 1576 περὶ
775 1501 837 1561 οὗ
867 1507 962 1558 καὶ
1009 1507 1068 1558 ὲν
1117 1508 1232 1568 τοῖς
1267 1507 1409 1575 μετά
1437 1504 1611 1559 ταῦτα
1663 1505 1879 1575 εἰρήσε-

301 1614 411 1650 ται·
441 1596 533 1648 τὸν
566 1597 816 1668 τεχνίτην
843 1597 902 1661 ὃς
937 1597 1048 1651 οὐδ’
1081 1598 1245 1660 αὐτὸς
1277 1597 1556 1667 ὑπεροχὴν
1592 1597 1706 1666 ἔχει
1747 1595 1878 1649 πολ·

300 1691 420 1761 λήν⁰
454 1692 547 1745 τὸν
598 1691 966 1764 παντουργὸν,
1006 1691 1066 1745 ὃν
1095 1693 1220 1746 οὐδὲ
1267 1695 1323 1746 ὲν
1359 1691 1595 1764 εὐφήμῴ
1628 1693 1878 1764 σημασίᾳ.

299 1786 593 1839 τάττουσιν
626 1785 676 1837 οἰ
707 1784 808 1853 τὴν
842 1785 1017 1855 ἀρχὴν
1052 1784 1216 1837 αὑτὸν
1262 1785 1636 1853 ὀνομάσαντες
1661 1802 1676 1817 ο
1712 1785 1792 1836 ἔτι
1820 1783 1877 1838 δὲ
1911 1824 1952 1879 Β

300 1879 393 1929 καὶ
422 1875 514 1930 τὸν
537 1876 767 1944 ποιητὴν
797 1877 886 1929 τὸν
918 1877 998 1938 εἰς
1028 1879 1222 1930 ταυτὸν
1253 1875 1460 1947 ἥκοντα
1493 1876 1573 1946 τῷ
1613 1877 1877 1948 δημιουρ-

299 1969 405 2040 γῷ,
445 1969 542 2022 καὶ
571 1969 664 2022 τὸν
699 1969 1064 2040 κυὸερνήτην,
1091 1970 1393 2040 ὲμπορικόν
1427 1987 1492 2036 γε
1532 1968 1701 2022 αὐτὸν
1743 1969 1874 2022 ὅντα

298 2060 392 2114 καί
439 2060 584 2113 οὕτω
639 2059 933 2127 κερδαλέον
959 2099 972 2124 ,
1007 2059 1083 2122 ὡς
1116 2059 1185 2112 τά
1223 2059 1399 2113 πολλά
1451 2062 1545 2113 καὶ
1581 2062 1669 2131 ἐφ’
1701 2055 1784 2123 οἷς
1811 2060 1872 2114 οὐ

228 2161 230 2164 ’
298 2152 426 2220 χρήο
451 2151 544 2203 τὸν
575 2152 968 2220 ἀκρογωνιαίον
1003 2150 1150 2203 λίθον
1175 2151 1269 2203 τὸν
1303 2151 1442 2221 τάχα
1471 2151 1588 2204 οὐδὲ
1622 2153 1875 2222 μναῖατον

298 2243 359 2295 τὸ
386 2243 627 2312 τίμημα.
659 2243 723 2294 Ti
752 2240 810 2295 δέ
852 2261 941 2309 μοι
966 2241 1077 2294 τῶν
1100 2241 1360 2296 τοιούτων
1386 2243 1583 2308 λέξεων
1619 2245 1716 2296 καὶ
1750 2243 1874 2296 δσαι

295 2333 353 2386 δὲ
407 2333 566 2388 ἄλλαι
607 2333 730 2387 κατ’
759 2333 930 2398 αὑτὰς
973 2334 1379 2404 ἁπαξιούμεναι
1425 2336 1769 2390 οἰκειοῦσθαι
1797 2335 1877 2404 τῷ

295 2422 438 2494 Θεῷ,
473 2426 988 2496 κατεπιχειροῦνται
1047 2425 1149 2480 ὑπὸ
1205 2427 1308 2495 τῆς
1366 2429 1424 2480 ὲν
1481 2429 1563 2480 σοι
1609 2426 1873 2496 λεκτικῆς

294 2517 584 2584 δυνάμεως
610 2535 624 2582 ;
667 2519 896 2573 Δέδοικα
927 2521 1002 2590 μὴ
1033 2519 1138 2590 ὁδῷ
1162 2520 1370 2591 προῖὼν
1403 2521 1503 2573 ούκ
1546 2521 1734 2590 εύόδῳ,
1777 2537 1875 2590 με·

294 2609 535 2682 λετήσῃς
566 2610 860 2680 ἀφελέσθαι
893 2613 994 2683 τῆς
1024 2611 1183 2680 ἀγίας
1215 2613 1468 2682 Τριάδος,
1496 2613 1590 2667 καὶ
1616 2613 1754 2678 αὺτά
1806 2615 1874 2668 τὰ

299 2700 573 2755 ἰδιαίτατα
620 2705 1118 2773 χαρακτηριστικὰ.
1169 2704 1308 2758 Οὔτε
1345 2705 1452 2773 γὰρ
1509 2707 1704 2775 Πατὴρ
1739 2705 1874 2776 κλη-

298 2791 530 2862 θήσεται
567 2796 707 2848 κατά
736 2811 797 2862 γε
848 2795 1040 2865 κριτὴν
1082 2797 1172 2850 τὸν
1227 2797 1369 2850 κατὰ
1422 2798 1504 2850 σέ.
1539 2797 1729 2868 Πατὴρ
1773 2799 1874 2868 μὲν

295 2885 410 2954 γὰρ
459 2887 602 2950 ἄπας
641 2891 698 2940 ὲν
743 2890 855 2951 τοῖς
896 2887 1021 2942 καθ’
1053 2890 1204 2958 ἡμᾶς
1256 2888 1536 2960 ἐμπαθὴς,
1571 2891 1684 2943 εἴτε
1718 2891 1874 2962 παρά

294 2977 356 3030 τὸ
397 2978 642 3047 σπείρειν
690 2980 825 3032 κατὰ
859 2980 1039 3051 σάρκα
1087 2979 1230 3032 οὕτω
1266 2979 1537 3044 καλεῖται,
1568 2980 1680 3033 εἴτε
1710 2979 1871 3034 ἄλλο-

296 3071 394 3124 θεν
422 3071 645 3125 ὁθενοῦν
673 3091 687 3104 ·
731 3073 826 3126 καλ⁵
855 3073 970 3135 υἰὸς
1002 3071 1060 3125 δὲ
1119 3073 1184 3126 ἔκ
1231 3073 1325 3125 τοῦ
1357 3071 1504 3127 κατά
1531 3073 1774 3144 φυσικὴν
1806 3075 1870 3128 οὐ

1984 605 2090 643 ιιοιι
2121 604 2280 658 posse
2306 589 2359 643 in
2388 587 2762 654 altumle‘vari,
2797 589 2868 640 ita
2893 595 2952 641 ιιι
2969 587 3078 640 Deo
3104 601 3212 640 non
3233 597 3444 648 crasso,
3469 597 3570 638 nec
3594 565 3608 641 ί

1983 683 2131 749 gravi
2156 695 2211 735 et
2261 681 2640 750 supercmlesti
2693 691 2928 746 aptetur,
2957 679 3083 734 licet
3111 677 3208 733 tibi
3233 679 3568 746 casteroquin

1986 795 2092 832 non
2122 781 2296 835 solum
2324 774 2518 834 Filium
2548 787 2602 832 et
2635 771 2867 832 VerbUm
2898 776 2986 831 Dei
3039 775 3208 830 verbo
3236 774 3381 828 omni
3409 787 3572 828 muns

1983 875 2124 927 «lano
2180 873 2457 934 dirimere,
2486 862 2581 924 sed
2631 877 2685 922 et
2733 875 2996 922 attentum
3031 863 3249 919 Patrem
3300 870 3353 918 et
3379 877 3568 917 corre-

1981 967 2236 1035 gnantem
2288 961 2573 1028 Spiritum.
2633 957 2788 1012 Tolle
2852 955 3018 1027 igitur
3074 955 3256 1010 omnia
3287 954 3432 1008 inter
3465 967 3569 1007 nos

1984 1058 2187 1111 usitata
2233 1054 2476 1116 nomina,
2502 1050 2661 1120 quasi
2700 1063 2874 1118 neque
2903 1061 3071 1101 unum
3126 1060 3190 1102 ex
3255 1045 3378 1100 istis
3436 1057 3568 1113 pro.

1983 1147 2161 1212 prium
2194 1144 2265 1199 sit
2302 1136 2596 1196 ineﬂabilis
2643 1138 2761 1203 Dei,
2801 1136 2894 1191 sed
2938 1135 3121 1205 potius
3155 1134 3340 1188 omnia
3371 1142 3560 1188 nostra

1983 1235 2230 1298 humilia,
2265 1232 2409 1288 sicut
2430 1239 2485 1286 et
2512 1227 2701 1284 mundi
2727 1229 3034 1281 creatorem
3072 1239 3236 1293 quem
3269 1223 3566 1278 fabricam-

1981 1341 2094 1382 rein
2131 1327 2384 1381 novimus
2415 1321 2635 1392 exponi,
2659 1319 2724 1375 de
2756 1327 2866 1389 quo
2908 1317 2964 1372 in
2997 1313 3360 1386 sequentibus
3383 1327 3566 1370 sermo

1980 1421 2112 1484 erit;
2141 1416 2544 1481 fabricatorem,
2579 1413 2725 1484 quod
2751 1425 2928 1482 neque
2961 1409 3080 1479 ipse
3112 1422 3364 1478 magnam
3385 1406 3569 1462 excel-

1979 1509 2212 1567 lentiam
2258 1509 2491 1574 habeat;
2549 1506 2796 1561 omnium
2827 1504 3118 1567 faetorem,
3172 1515 3334 1570 quem
3388 1511 3566 1568 neque

1981 1617 2225 1673 congrua
2273 1600 2674 1672 significatione
2725 1597 3021 1666 designant
3073 1595 3167 1665 qui
3230 1591 3564 1662 principium

1980 1694 2160 1765 ipsum
2193 1701 2390 1748 vocant
2414 1709 2432 1757 ;
2463 1692 2643 1745 adhuc
2665 1698 2718 1745 et
2747 1698 3055 1745 creatorem
3080 1685 3228 1757 quod
3257 1691 3344 1740 est
3372 1681 3564 1738 mundi

1981 1797 2194 1842 creator
2219 1802 2235 1853 ;
2261 1795 2314 1840 et
2344 1785 2792 1856 gubernatorem,
2821 1780 3210 1836 mercatorlum
3234 1793 3296 1832 ac
3333 1776 3565 1847 proinde

1981 1887 2379 1947 quaestuosum,
2408 1888 2471 1932 ut
2517 1877 2840 1946 plerumque
2888 1875 3034 1929 circa
3089 1887 3176 1927 res
3231 1872 3565 1940 incongruas

1979 1980 2253 2038 versetur;
2296 1970 2535 2038 lapidem
2589 1968 2928 2037 angularem,
2979 1979 3103 2034 quae
3129 1961 3422 2018 aestimatio
3453 1971 3562 2015 non

1978 2062 2437 2133 satisiponderosa
2463 2071 2542 2116 est
2569 2078 2583 2127 ;
2610 2058 2806 2129 etquid
2828 2057 2955 2114 talia
2987 2067 3410 2112 commemorem
3442 2068 3567 2124 qua:

1978 2156 2159 2210 omnia
2198 2170 2306 2209 non
2325 2152 2643 2226 judicantur
2673 2150 2784 2205 Deo
2817 2164 3135 2219 congruere,
3160 2157 3214 2201 et
3237 2156 3326 2201 tua
3348 2145 3568 2201 convel-

1981 2247 2170 2301 lunlur
2197 2245 2476 2315 eloquenti
2524 2241 2804 2313 potentia?
2829 2239 3060 2305 Vereor,
3085 2253 3152 2293 ne
3183 2238 3268 2292 via
3304 2237 3567 2293 incedens

1981 2341 2149 2409 invia,
2184 2341 2307 2396 illas
2341 2356 2371 2395 a
2399 2347 2589 2395 sancta
2615 2336 2888 2392 Trinitate
2931 2333 3156 2390 auferre
3194 2334 3403 2404 cogites
3447 2344 3570 2402 qua:

1977 2435 2082 2504 ipsi
2107 2435 2342 2504 propriae
2367 2441 2496 2488 sunt
2521 2439 2706 2497 notas;
2736 2445 2840 2486 non
2873 2429 3017 2485 enim
3063 2427 3223 2483 Pater
3259 2428 3568 2488 vocabitur.

1970 2525 2383 2596 juxtajudicem
2423 2524 2502 2578 tui
2535 2523 2800 2586 similem;
2837 2520 2998 2575 Pater
3039 2523 3184 2574 en’m
3210 2521 3393 2574 omnis
3418 2534 3568 2573 com-

1977 2617 2223 2674 munium
2255 2616 2544 2671 alfectuum
2584 2614 2878 2683 particeps.
2901 2612 3057 2666 sivea
3079 2610 3345 2680 pariendo
3367 2625 3569 2664 secun-

1977 2711 2107 2765 dum
2155 2695 2380 2764 carnem
2409 2706 2488 2760 sic
2533 2715 2788 2768 vocatur,
2813 2692 2931 2757 sive
2949 2703 3204 2768 aliunde;
3229 2701 3340 2766 υἰὺς
3367 2708 3569 2762 autem,

1975 2817 2043 2857 ex
2074 2801 2238 2855 verbo
2269 2799 2323 2854 in
2357 2813 2415 2852 se
2439 2811 2548 2851 non
2575 2795 2982 2865 supernaturali
3006 2793 3297 2849 deducitur
3337 2791 3572 2862 φύεσθαι

1979 2890 2191 2964 (gigni),
2225 2891 2350 2944 vela
2365 2887 2531 2942 verbo
2548 2884 2902 2953 ὕεσθαιῙιιιιιιι
2919 2884 3133 2949 doctos;
3148 2881 3364 2951 πνεῦμα
3385 2889 3570 2936 autem

1977 2999 2046 3039 ex
2074 2982 2244 3038 verbo
2282 2979 2564 3033 ὲπιπνέειν
2600 2974 2957 3047 (exsumare).
2993 2985 3048 3030 et
3089 2975 3390 3046 ἐμπνέειν;
3437 2973 3572 3030 ﬂare

1977 3083 2156 3129 autem
2183 3071 2477 3142 quamdam
2530 3067 2689 3124 habet
2725 3066 3171 3123 inconstantiam.
3216 3064 3310 3121 Sic
3337 3076 3390 3121 et
3409 3079 3574 3120 omne

299 3161 414 3233 μὴν
469 3163 730 3234 ὑπερφυῆ
794 3163 1064 3218 ἀκόλουθα
1117 3164 1372 3234 φύεσθαι,
1441 3164 1617 3218 εἰτουν
1654 3162 1872 3232 ὕεσθαι,

1984 3153 2210 3223 verbum
2238 3161 2650 3218 multiformiter
2684 3173 2788 3214 nec
2811 3159 2914 3215 sub
2947 3172 3055 3213 uno
3085 3164 3295 3212 tantum
3317 3163 3572 3228 respectu

294 3256 446 3340 ξιατά
473 3257 600 3319 τοὺς
634 3256 855 3324 σοφούς·
894 3260 987 3310 καὶ
1022 3255 1245 3326 πνεῦμα
1275 3256 1332 3310 δὲ
1362 3259 1428 3310 ὲκ
1453 3256 1550 3310 τοῦ
1587 3259 1868 3313 ὲπιπνέειν

1992 3267 2264 3320 movetur,
2281 3254 2365 3309 vel
2399 3268 2466 3308 ex
2497 3251 2727 3307 adversa
2752 3259 2906 3321 parte
2935 3258 3266 3305 removetur.

305 3353 407 3406 καὶ
453 3351 716 3418 ἐμπνέειν
765 3352 932 3419 ἡμῖν·
987 3347 1051 3403 τὸ
1103 3348 1161 3402 δὲ
1221 3349 1429 3414 πνέειν,
1459 3350 1724 3404 ἀστασεαν
1746 3353 1868 3406 τινὰ
1905 3351 2040 3423 ἔχει.
2078 3347 2264 3411 Οὕτως
2314 3345 2373 3401 δὲ
2407 3346 2502 3398 καὶ
2545 3344 2746 3412 ἄλλως,
2808 3345 2906 3399 καὶ
2941 3342 3002 3397 τὸ
3039 3343 3147 3396 πᾶν
3203 3344 3416 3410 εἰπεῖν,
3474 3361 3574 3400 πο·

294 3446 528 3510 λυειδῶς
556 3447 652 3498 καὶ
680 3444 741 3498 ού
773 3444 916 3499 κατά
948 3461 1072 3498 τινα
1105 3445 1485 3515 μονομέρειαν,
1523 3445 1842 3514 κινούμενον
1878 3446 1912 3518 ἢ
1948 3447 2043 3502 καὶ
2087 3441 2556 3513 ἀντικινούμενον.

373 3539 484 3610 μβ’.
518 3537 582 3589 Εἰ
605 3537 664 3590 δὲ
685 3537 828 3591 οὕτω
865 3538 1245 3608 ἐπιχειρήσεις
1275 3539 1413 3609 πρὸς
1447 3537 1691 3600 διάλεξιν
1718 3557 1874 3609 σοφι-

299 3630 515 3702 στικὴν,
551 3629 820 3692 ὲψίλωσας
857 3627 947 3681 τὸν
989 3627 1126 3683 Θεὸν
1159 3628 1399 3694 ἅπαντος
1429 3631 1526 3684 τοῦ
1574 3631 1635 3696 ἐξ
1663 3632 1876 3704 ἀνθρὼ-

295 3739 418 3777 πων
454 3720 812 3791 σεμνῶματος
836 3757 853 3783 ,
909 3718 1004 3773 καὶ
1040 3719 1258 3789 ἀφῆκας
1290 3719 1392 3790 μὲν
1422 3720 1632 3773 ἐκεῖνον
1667 3719 1877 3774 ἀνώνυ-

299 3831 425 3886 μον,
452 3813 758 3883 ξστέρησας
785 3811 842 3864 δὲ
874 3811 974 3864 καὶ
1013 3810 1166 3880 ἡμᾶς
1197 3810 1298 3881 τῆς
1329 3811 1466 3880 πρὸς
1497 3812 1709 3865 ἐκεῖνον
1757 3829 1876 3865 κοι-

292 3906 497 3969 νωνίας
529 3903 624 3958 καὶ
654 3903 978 3973 ὲγγύτητος,
1003 3902 1095 3955 καὶ
1125 3900 1244 3954 οὐδὲ
1269 3901 1351 3968 τὸ,
1383 3903 1582 3971 Κύριε,
1617 3902 1870 3974 ἐλέησον,

293 3997 707 4060 καταλελοιπὼς
741 3997 871 4064 ἡμῖν
901 3997 980 4056 εἰς
1021 3994 1465 4064 ἀνεπιχείρητον,
1499 3992 1593 4046 διὰ
1637 3993 1699 4044 τὸ
1731 3993 1877 4046 κατά

292 4092 383 4144 τὸν
408 4091 558 4144 ἔλεον
581 4086 904 4159 περιπαθὲς,
926 4087 1019 4140 καὶ
1041 4083 1215 4148 οὕτως
1239 4083 1509 4155 ἐμπαθὲς,
1545 4085 1712 4156 μόνην
1747 4085 1879 4155 ἡμῖν

294 4184 519 4254 ἀφῆκας
548 4182 648 4252 τὴν
688 4181 765 4243 εἰς
799 4180 1064 4251 οὐρανοὺς
1089 4179 1354 4232 ἀνάτασιν
1399 4176 1510 4230 τῶν
1536 4177 1761 4249 χειρῶν,
1786 4181 1881 4234 καὶ

293 4277 393 4345 τὴν
424 4277 532 4328 τῶν
557 4273 851 4344 ὀφθαλμῶν
883 4273 1043 4344 ἄρσιν
1069 4273 1148 4334 εἰς
1174 4273 1242 4326 τά
1265 4271 1390 4342 ὅρη,
1421 4270 1544 4324 ὅθεν
1581 4273 1713 4342 ἡμῖν
1759 4271 1882 4341 ἥξει

294 4369 329 4438 ἡ
362 4368 619 4436 βοήθεια⁶
649 4367 749 4435 ἤδη
780 4364 836 4417 δέ
859 4380 962 4418 που
987 4365 1083 4417 καί
1116 4365 1242 4427 τοὺς
1272 4364 1611 4435 στεναγμοὺς
1641 4363 1738 4418 καὶ
1765 4359 1878 4418 οἷον

294 4457 586 4529 ὡρυθμοὺς
615 4457 750 4525 πρὸς
792 4456 1054 4526 ὁμοίωσιν
1105 4457 1364 4523 σκύμνων
1403 4456 1512 4508 τῶν
1542 4455 1878 4526 ὠρυομένων

298 4553 390 4601 καὶ
441 4547 751 4615 ζητούντων
816 4547 970 4616 παρὰ
1000 4545 1080 4615 τῷ
1111 4545 1230 4614 Θεῷ
1261 4545 1466 4615 βρῶσιν
1503 4547 1718 4610 ἑαυτοῖς
1739 4564 1754 4577 ο
1783 4547 1881 4600 καὶ

298 4645 426 4714 μὴν,
448 4644 725 4711 ἄνθρωπε,
760 4639 902 4694 καθὰ
933 4641 998 4692 σὺ
1031 4640 1190 4702 αὐτὸς
1218 4640 1368 4692 οὐδὲν
1413 4638 1564 4706 βοτὸν
1601 4641 1874 4710 χερσαῖον,

2054 3535 2142 3591 42.
2202 3535 2261 3590 Si
2303 3545 2484 3590 autem
2517 3531 2862 3588 dialeCticam
2897 3527 3269 3600 sophistarum
3319 3528 3376 3583 in
3419 3529 3570 3584 auxi-

1984 3630 2116 3685 lium
2145 3645 2331 3698 vocas,
2359 3628 2530 3684 Deum
2581 3626 2730 3692 omni
2764 3642 2870 3698 qua
2907 3627 3050 3698 apud
3083 3628 3336 3685 homines
3359 3628 3568 3686 fruitur

1985 3724 2312 3776 auctoritate
2355 3721 2576 3790 privas;
2607 3734 2768 3790 quem
2803 3719 2894 3775 ubi
2931 3721 3153 3777 nomine
3183 3723 3569 3792 spoliasti,nos

1983 3815 2195 3886 ipsosa
2255 3812 2657 3868 communitate
2708 3823 2773 3866 ac
2843 3811 3242 3881 familiaritate,
3297 3828 3417 3885 quae
3469 3831 3572 3871 nos

1983 3906 2125 3961 inter
2159 3914 2214 3960 et
2242 3906 2410 3960 Deum
2443 3903 2752 3971 intercedit,
2778 3901 2954 3970 ejicis.
2983 3903 3124 3970 Quia
3157 3907 3303 3960 enim
3332 3923 3406 3962 ne
3432 3906 3566 3964 illud

1980 3996 2221 4068 quidem,
2257 3995 2533 4062 Miserere,
2573 3995 2736 4063 Deus,
2773 3996 2930 4054 nobis
2953 3997 3246 4069 reliquisti,
3280 4015 3389 4056 non
3461 4001 3568 4057 nisi

1984 4103 2248 4148 manuum
2311 4096 2366 4144 et
2425 4089 2711 4145 oculorum
2779 4089 2848 4144 ad
2919 4099 3134 4148 montes
3209 4093 3568 4151 elevationem

1984 4182 2287 4254 permittis,
2322 4180 2470 4238 unde
2493 4181 2654 4237 nobis
2701 4182 2968 4237 auxilium
3011 4184 3236 4250 veniet;
3278 4185 3392 4255 jam
3441 4202 3570 4242 vero

1986 4275 2153 4331 etiam
2232 4274 2452 4329 leonum
2504 4287 2679 4341 more,
2737 4272 2836 4344 qui
2895 4273 3303 4331 circumeuntes
3349 4278 3571 4348 rugiunt

1986 4373 2042 4425 et
2071 4368 2326 4450 alimenta
2350 4383 2380 4423 a
2408 4366 2520 4423 Deo
2550 4363 2867 4440 elilagitant,
2887 4379 3104 4438 gemere
3134 4367 3293 4424 nobis
3331 4383 3396 4426 ac
3420 4369 3568 4439 rugi-

1987 4474 2046 4514 re
2086 4459 2296 4516 licebit.
2355 4459 2513 4517 Sicut
2567 4469 2749 4520 autem
2779 4471 2858 4530 tu,
2898 4462 3082 4531 homo,
3116 4463 3325 4519 nullum
3363 4465 3570 4518 animal

1989 4557 2272 4620 terrestre,
2299 4562 2395 4607 aut
2422 4554 2654 4621 aerium,
2700 4560 2796 4608 aut
2841 4555 3136 4620 marinum,
3171 4555 3290 4608 ovis
3322 4561 3418 4606 aut
3447 4541 3564 4622 lupi

1989 4645 2187 4698 marini
2251 4645 2460 4712 instar,
2499 4646 2686 4712 oll'ers,
2732 4647 2876 4701 inter
2932 4647 2986 4701 id
3053 4644 3198 4714 quod
3226 4642 3566 4700 offerendum

293 4737 417 4791 οὐδὲ
482 4735 670 4804 ἀέριον
710 4733 850 4797 ζῶον
883 4775 898 4800 ,
940 4732 1063 4786 οὐδὲ
1126 4731 1419 4786 θαλάττιον
1464 4732 1653 4797 ἁπλῶς
1728 4731 1873 4785 οὕτω

1984 4746 2084 4799 est,
2111 4747 2165 4789 et
2202 4735 2256 4791 id
2290 4736 2434 4807 quod
2468 4752 2575 4790 non
2607 4735 3122 4805 est,distinguendo
3143 4744 3198 4790 et
3229 4735 3567 4808 rejiciendo;

297 4829 590 4898 προσφέρῃ
613 4829 669 4889 ἐς
699 4826 972 4897 ἀποδοχὴν
997 4825 1142 4880 καθὰ
1173 4824 1264 4878 διά
1283 4823 1394 4878 λτοῦ
1437 4825 1738 4895 προόἀτου,
1777 4827 1876 4878 καὶ

295 4917 388 4974 τοῦ
436 4920 712 4987 λάϐρακος
763 4914 1276 4986 προῦπῃνιξάμεθα,
1315 4919 1390 4984 μὴ
1431 4912 1709 4983 ἀφορίζων
1745 4913 1872 4983 μὲν,

297 5015 419 5066 ὅσον
458 5009 626 5064 αὐτοῦ
683 5007 845 5060 καλὸν
897 5008 980 5070 εἰς
1037 5006 1382 5078 προσφορὰν,
1429 5004 1874 5074 ἀπεκλεγόμενος

297 5106 352 5156 δὲ
405 5104 467 5156 τὸ
512 5103 587 5172 μὴ
637 5101 946 5170 πρόσφορον
973 5118 986 5130 ·
1039 5099 1184 5153 οὕτω
1233 5101 1376 5153 κατά
1423 5097 1522 5167 τὴν
1559 5096 1668 5148 τῶν
1699 5097 1874 5164 ἁγίων

1981 4826 2062 4880 sic
2089 4833 2144 4880 et
2163 4842 2282 4894 nos,
2311 4826 2614 4882 secundum
2639 4826 2862 4882 Patrum
2887 4831 3204 4882 sanctorum
3227 4829 3560 4900 exemplum,

1983 4918 2408 4988 unumquodque
2456 4919 2761 4984 nominum,
2796 4934 2918 4989 quae
2956 4935 3055 4990 pro
3086 4920 3400 4976 humilitate
3468 4938 3568 4976 no—

1984 5019 2099 5063 Stra
2134 5009 2244 5064 Deo
2303 5009 2594 5087 oﬂ‘eritnus
2645 5021 2748 5066 aut
2807 5014 2990 5082 potius
3025 5012 3454 5080 sanctiﬁcamus,
3509 5023 3567 5068 et

1980 5101 2202 5172 rejectis
2253 5101 2322 5157 iis
2360 5117 2481 5172 quae
2507 5104 2614 5158 Deo
2638 5103 2859 5174 indigna
2905 5113 3054 5171 sunt,
3079 5105 3136 5160 ei
3163 5104 3562 5160 sacrilicanms.

298 5199 561 5266 Πατέρων
596 5196 844 5248 τύπωσιν
893 5195 987 5247 καὶ
1019 5196 1178 5264 ἡμεῖς
1217 5194 1301 5261 ἐφ’
1336 5193 1574 5245 ἑκάστου
1609 5189 1720 5243 τῶν
1755 5192 2060 5260 ὀνομάτων,
2096 5193 2241 5266 ἆπερ
2307 5195 2368 5262 ἐξ
2440 5197 2600 5266 ἡμῶν
2653 5195 2910 5260 λαϐόντες
2975 5197 3086 5252 τῶν
3155 5199 3562 5252 ταπεινοτάτων

298 5294 664 5360 ἀνατιθέαμεν
689 5291 766 5358 τῷ
795 5289 937 5359 Θεῷ,
991 5289 1196 5360 μᾶλλον
1240 5288 1296 5340 δὲ
1327 5286 1586 5354 ὀσιοῦμεν
1612 5284 1762 5354 αύτῴ
1794 5287 1866 5338 τὰ
1905 5289 2139 5352 ἐκείνου,
2179 5288 2640 5362 ὲξαφαιρούμενοι
2675 5293 2774 5344 καὶ
2839 5291 2976 5361 μηδὲ
3025 5293 3108 5356 εἰς
3156 5285 3283 5346 νοῦν
3350 5293 3565 5363 λαμὸἁ-

297 5405 477 5450 νοντες
516 5388 580 5438 τὸ
615 5387 885 5439 ἀνοίκειον
921 5384 998 5454 τῷ
1039 5384 1178 5453 Θεῷ,
1226 5381 1404 5449 ὀρθῶς
1443 5380 1594 5449 αὐτῷ
1665 5380 2072 5452 προσφέρομεν
2125 5383 2315 5454 ὅμοιον
2384 5384 2460 5448 ὡς
2510 5387 2560 5438 εἰ
2611 5385 2707 5439 καὶ
2775 5387 2974 5456 ἱερεῖον
3037 5387 3420 5457 ἀποδείραντες
3468 5387 3564 5438 καὶ

297 5493 372 5553 εἰς
400 5487 700 5556 καθάρειον
729 5483 1160 5546 ἀποπλύναντες,
1192 5481 1395 5548 θύομεν
1434 5479 1575 5532 κατὰ
1607 5478 1668 5530 τὸ
1699 5479 1871 5536 ὅσιον.

371 5581 484 5652 ευτ’.
523 5581 871 5650 Δημιουργὸν
909 5577 1042 5647 γοῦν
1074 5579 1281 5630 ἐκεῖνον
1316 5575 1592 5644 καλοῦμεν
1622 5575 1720 5629 καὶ
1749 5592 1873 5646 τεχ-

296 5674 446 5743 νίτην
499 5673 595 5724 καὶ
633 5671 976 5739 παντουργὸν
1013 5669 1106 5720 καὶ
1142 5667 1375 5737 ποιητὴν
1406 5667 1530 5718 κατ’
1559 5665 1710 5719 οὐδὲν
1743 5665 1871 5718 ἄλλο

298 5766 326 5834 ἢ
383 5766 542 5833 μόνον
591 5767 674 5816 ὅτι
725 5762 964 5831 παράγει
1009 5761 1198 5830 ὥσπερ
1235 5762 1434 5812 ἐκεῖνοι
1485 5758 1762 5828 ἐπιμελῶς
1806 5760 1872 5811 τὰ

313 5858 451 5910 κατὰ
506 5857 645 5924 σφᾶς
686 5856 882 5918 αὐτοὺς
936 5854 1091 5924 ἔργα,
1127 5852 1269 5905 οὕτω
1318 5854 1410 5906 καὶ
1463 5853 1645 5920 αὐτος,
1693 5851 1754 5903 οὐ
1783 5851 1875 5919 δη-

2050 5574 2138 5627 45.
2182 5571 2443 5642 Opiﬁcem
2479 5573 2646 5643 igitur
2686 5588 2811 5629 eum
2845 5582 2898 5628 et
2933 5572 3194 5628 artiﬁcem
3252 5581 3305 5623 et
3348 5567 3558 5622 fabrum

1983 5677 2036 5722 et
2066 5667 2422 5721 conditorem
2449 5667 2793 5737 appellamus
2817 5667 2888 5720 ob
2916 5667 2965 5720 id
2998 5675 3205 5718 tantum
3242 5661 3561 5730 quod,sicut

1986 5760 2083 5822 illi,
2126 5775 2292 5828 Opera
2330 5775 2426 5813 sua
2462 5761 2568 5813 rite
2597 5759 2933 5828 exsequitur.
2989 5755 3066 5807 Re
3111 5767 3232 5806 vera
3267 5751 3410 5806 enim
3449 5765 3556 5804 non

1985 5853 2162 5910 solum
2194 5862 2343 5911 creat
2379 5861 2430 5912 et
2467 5867 2680 5910 summa
2732 5862 2849 5906 arte
2887 5849 3071 5904 omnia
3112 5845 3259 5914 facit,
3309 5843 3406 5902 sed
3439 5855 3565 5914 quae
