3966 6248
273 347 372 410 561

1065 349 1150 409 IN
1194 353 1537 416 HYMNUM
1576 356 2223 425 PENTECOSTALEM
2268 368 2728 432 DAMASCEN'I.

3431 378 3541 444 562

268 464 361 514 κὸν
389 459 494 526 τῆς
527 459 649 513 καθ’
681 461 830 530 ἡμᾶς
879 459 1028 518 εἶναι.
1067 465 1236 536 ζωῆς,
1291 470 1384 522 καὶ
1426 474 1595 543 πνοῆς
1636 471 1855 544 ἁπάσης

1983 487 2014 532 ει
2065 480 2386 550 spirationis
2439 485 2740 541 secundum
2780 487 3001 544 modum
3054 491 3358 548 humanum
3387 496 3544 566 origo

266 555 458 614 αἴτιον,
511 553 608 606 καὶ
661 553 797 607 Θεδν
830 555 941 608 τῶν
973 559 1306 628 πνευμάτων
1344 562 1694 634 ἀναψύχοντα
1724 566 1850 628 τοὺς

269 649 325 699 ὲν
358 647 492 714 ἡμῖν
524 645 880 712 ἐκλείποντας
913 647 1018 703 ὑπὸ
1043 652 1371 726 κακότητος,
1414 657 1766 725 ἐπανάγοντα
1793 657 1852 723 ἐξ

266 737 649 808 όλιγοψυκίας,
683 742 777 793 καὶ
806 742 865 794 τὸ
901 745 1010 797 πᾶν
1043 744 1245 809 εἰπεῖν,
1282 746 1550 815 ζωογόνον
1588 752 1683 803 καὶ
1713 753 1851 817 ζωο-

270 831 430 882 πσιὸν
487 827 586 884 καὶ
641 832 909 904 ζωοδότην
956 834 1362 904 ἀληθέστατον·
1426 840 1488 894 οὐ
1529 845 1692 912 μόνον
1741 851 1852 918 γὰρ

269 921 415 988 φυτά
464 926 698 977 παντοία
747 926 994 1009 προάγον
1042 930 1304 997 συντηρεῖ
1332 930 1406 994 ὡς
1443 931 1522 999 τῷ
1557 934 1728 1005 Πατρὶ
1759 940 1853 990 καὶ

269 1013 346 1084 τῷ
377 1014 494 1082 Υἰῷ
552 1014 991 1086 συνδημιουργὸν
1045 1021 1134 1070 καὶ
1201 1022 1718 1094 συμπρονοούμενον
1758 1030 1853 1082 καὶ

275 1109 655 1176 συμπεριέπον
679 1111 773 1162 καὶ
808 1110 1104 1175 συνιστῶν,
1140 1112 1277 1166 ἀλλὰ
1299 1116 1392 1167 καὶ
1422 1115 1560 1180 ζῶον
1594 1117 1740 1173 άπαν
1774 1121 1854 1192 τῷ

274 1197 457 1253 θεόθεν
493 1201 913 1255 συνουσιωθέντι
948 1203 1090 1257 κοιτά
1127 1204 1288 1270 φύσιν
1329 1209 1604 1278 πνεύματι
1633 1211 1850 1280 θάλπει,

272 1292 363 1342 καῖ⁸
394 1293 476 1353 είς
517 1291 692 1364 αὖξην
725 1293 980 1362 προάγει,
1025 1297 1120 1348 καὶ
1170 1299 1250 1360 είς
1283 1299 1344 1351 τδ
1373 1297 1472 1369 ζῇν
1506 1307 1808 1374 συγκρατεῖ
1837 1323 1850 1338 ·

273 1382 395 1434 ὅθεν
442 1385 538 1435 καὶ
569 1385 602 1452 ἡ
635 1384 799 1453 φύσις
835 1389 1302 1457 παρωνόμασται,
1342 1392 1483 1446 κατά
1512 1410 1635 1446 τινα
1682 1397 1848 1465 σοφὴν

274 1474 528 1542 παλαιὸν,
559 1475 636 1540 ὡς
683 1472 798 1530 οἷον
847 1478 1085 1548 φύσησις
1140 1482 1282 1534 κατά
1332 1483 1392 1535 τὸ
1427 1485 1722 1554 ἀρχέγονον
1754 1488 1858 1555 τῆς

279 1569 628 1638 παραγωγῆς
657 1583 671 1598 ·
727 1571 877 1642 φυσᾷ
930 1571 1038 1641 γὰρ
1076 1571 1266 1643 ῶσπερ
1299 1574 1440 1647 αὐτη
1475 1578 1568 1630 καὶ
1604 1577 1747 1632 οὕτω
1781 1581 1860 1632 δι-

278 1662 421 1731 ιστᾷ,
473 1667 571 1714 καὶ
612 1662 831 1730 ὲξογκεῖ
878 1665 1068 1735 τρόπῳ
1117 1665 1380 1737 οἰδήσεως
1407 1706 1424 1733 ,
1477 1670 1572 1722 καὶ
1616 1667 1770 1734 αῦξει
1799 1671 1859 1724 τὸ

277 1750 477 1814 ζωῖκδν
509 1753 692 1824 σῶμα,
732 1754 868 1808 the!
901 1755 1070 1812 ἀσκόν
1100 1775 1221 1810 τινα
1250 1757 1652 1828 ὲμφυσώμενον
1679 1777 1693 1793 ·
1727 1762 1860 1816 κάν-

279 1844 470 1897 τεῦθεν
519 1847 619 1909 τὰς
675 1848 1018 1919 προσφύσεις
1070 1823 1390 1918 διαστάσεις
1429 1823 1542 1927 ἔχει
1570 1857 1639 1910 τὰ
1671 1857 1734 1910 ἐκ
1763 1858 1864 1927 γῆς
1897 1823 1938 1878 Β

278 1939 600 2008 γεννώμενα
647 1940 742 1996 καὶ
777 1942 1117 2012 τρεφόμενα,
1149 1945 1245 1998 καλ⁵
1274 1944 1553 2014 αὐξόμενα
1576 1965 1590 1979 ·
1639 1965 1864 2008 σωεπι-

280 2035 706 2104 λαμϐανομένου
736 2035 852 2099 τοῖς
888 2037 946 2089 ὲν
987 2038 1181 2106 κόσμῳ
1213 2037 1306 2090 τοῦ
1347 2038 1505 2107 ἁγίου
1538 2040 1861 2110 Πνεύματος

283 2127 487 2190 παντὸς
515 2127 750 2197 ἀγαθοῦ,
791 2129 883 2185 καὶ
908 2130 966 2184 οὐ
1015 2130 1176 2200 μόνον
1209 2131 1303 2185 τοῦ
1329 2134 1472 2188 κατὰ
1502 2133 1686 2204 φύσιν,
1721 2135 1864 2191 ἀλλὰ.

282 2223 373 2275 καὶ
400 2219 497 2274 τοῦ
529 2221 830 2291 ὑπερφυῶς
854 2240 870 2253 ο
905 2225 1000 2277 καὶ
1032 2224 1240 2296 ζωγρεῖ
1263 2225 1320 2279 δὲ
1358 2226 1538 2297 ψυχὴν
1582 2228 1855 2282 ἀπιοῦσαν

281 2313 342 2366 τὺ
372 2313 532 2383 ἅγιον
589 2314 836 2384 Πνεῦμα,
891 2318 952 2370 οὐ
995 2319 1138 2371 κατά
1168 2317 1228 2372 τὸ
1276 2319 1506 2390 ἀέριον,
1552 2319 1668 2373 ἀλλ’
1716 2319 1858 2393 ὑπὲρ

283 2409 446 2477 λόγον
468 2428 483 2443 ·
516 2413 613 2466 καὶ
657 2409 833 2476 οὕτως
864 2411 1134 2483 ἀναψύχει
1167 2413 1388 2484 ἐκείνην
1420 2415 1500 2478 εἰς
1536 2415 1855 2485 σωτηρίανξ,

1955 578 2061 634 est,
2109 579 2162 626 et
2183 573 2327 642 quod
2357 572 2496 628 Deus
2523 585 2610 630 est
2635 576 2951 646 spirituum,
2986 579 3083 649 qui
3114 595 3212 636 eos
3243 583 3337 652 qui
3370 585 3539 644 animi

1956 664 2319 732 perversitate
2376 666 2430 721 in
2478 678 2700 738 peccata
2755 668 2894 739 lapsi
2935 680 3062 725 sunt
3089 673 3427 744 redintegrat
3493 689 3550 730 et

1961 757 2054 827 qui
2087 756 2473 826 pusillanimos
2513 762 2868 831 consolatur;
2898 773 2956 818 ut
2994 779 3104 820 uno
3143 767 3312 821 verbo
3347 767 3546 834 dicam,

1957 850 2050 918 qui
2097 851 2281 918 reipsa
2308 851 2431 906 vita:
2459 853 2696 923 genitor,
2726 857 2977 912 conditor
3006 858 3274 928 daturque
3298 859 3542 915 exsistit.

1960 942 2081 998 Non
2113 943 2288 998 solum
2313 944 2457 1000 enim
2483 945 2696 1015 plantas
2719 950 2902 1004 varias
2932 950 3244 1020 producens
3285 967 3412 1006 cum
3442 953 3552 1006 Pa-

1958 1043 2043 1090 tre
2081 1050 2146 1090 ac
2179 1035 2317 1091 Filio
2337 1040 3029 1108 conservat,amplectitur,
3051 1052 3246 1105 curat;
3273 1043 3367 1100 sed
3393 1058 3556 1096 omne

1959 1126 2218 1182 animans
2267 1127 2435 1181 halitu
2489 1127 2584 1197 qui
2641 1127 2908 1185 divinitus
2949 1130 3132 1196 datur,
3167 1131 3334 1198 fovet,
3363 1141 3548 1203 auget,

1960 1217 2245 1286 viviﬁcat;
2279 1218 2425 1274 unde
2482 1223 2649 1275 etiam
2691 1229 2894 1278 natura
2945 1225 3086 1292 apud
3118 1225 3401 1295 antiquum
3447 1227 3552 1281 aii-

1962 1323 2126 1376 quem
2177 1308 2566 1380 philosophum
2598 1309 2837 1368 sumatio
2868 1314 3023 1367 audit
3052 1316 3352 1372 secundum
3386 1317 3552 1388 origi-

1961 1415 2083 1454 nem
2141 1401 2539 1469 productionis.
2577 1401 2766 1458 Suﬂlat
2801 1405 2946 1460 enim
2977 1420 3042 1462 ac
3080 1416 3298 1476 separat
3349 1417 3407 1463 et
3440 1407 3554 1464 sul“-

1962 1491 2144 1548 ﬂando
2199 1492 2464 1550 distendit
2506 1502 2562 1550 et
2595 1501 2800 1566 corpus
2821 1496 3064 1552 vividum
3087 1497 3231 1554 sicut
3261 1507 3437 1554 utrem
3474 1500 3559 1554 in—

1963 1582 2240 1638 snlllatum
2285 1585 2604 1655 ampliﬁcat,
2657 1593 2713 1640 et
2761 1586 2908 1655 inde,
2942 1603 3068 1658 quae
3123 1603 3154 1642 a
3202 1597 3345 1644 terra
3376 1591 3554 1660 genita

1964 1676 2190 1732 aluntur
2223 1686 2283 1732 et
2329 1686 2623 1746 augentur,
2660 1679 3030 1734 coluesionum
3058 1693 3122 1734 ac
3147 1679 3554 1736 eonnexionum

1966 1766 2092 1822 loco
2124 1767 2307 1834 habet,
2338 1783 2404 1824 ea
2428 1769 2543 1841 lege
2576 1775 2636 1824 ut
2673 1769 2910 1839 Spiritus
2935 1778 3158 1825 sanctus
3191 1769 3356 1826 rebus
3385 1785 3554 1824 mun-

1972 1860 2136 1916 danis
2158 1860 2452 1930 adjiciatur
2506 1877 2626 1916 non
2667 1870 2880 1916 tantum
2933 1862 3241 1918 secundum
3277 1870 3553 1927 naturam,

1971 1953 2068 2009 sed
2117 1952 2634 2023 supranaturaliter,
2670 1963 2726 2008 et
2765 1952 3006 2024 Spiritus
3037 1952 3258 2024 quidem
3308 1963 3550 2009 sanctus

1968 2045 2205 2102 animam
2234 2044 2524 2101 abeuntem
2549 2045 2820 2114 captivam
2856 2043 2989 2101 facit
3021 2045 3555 2117 suprarationaliter,

1966 2146 2020 2193 et
2060 2136 2315 2192 siciliam
2345 2135 2414 2191 ad
2463 2136 2698 2191 salutem
2751 2137 2980 2201 animat,
3035 2145 3090 2191 et
3141 2136 3249 2207 igni
3284 2134 3561 2206 spirituali

1963 2229 2014 2287 ei
2045 2228 2138 2301 qui
2164 2228 2348 2286 debita
2381 2236 2606 2299 prastat
2632 2227 2828 2294 cilicia,
2861 2228 3108 2299 angelico
3131 2242 3283 2284 more
3321 2227 3566 2302 incendit

1968 2328 2024 2376 et
2081 2317 2149 2376 iis
2202 2319 2296 2390 qui
2343 2333 2468 2375 cum
2508 2317 2720 2389 Spiritu
2779 2317 3063 2391 navigant,
3155 2318 3579 2390 navigationem.

1967 2411 2267 2468 secundam
2312 2411 2564 2482 largitur.

284 2502 382 2555 καὶ
412 2502 548 2572 πυρὶ
584 2502 640 2555 δὲ
673 2501 892 2575 ψυχικῷ
943 2504 1188 2558 συντελεῖ
1221 2505 1541 2576 ὲνεργούντι
1575 2506 1642 2560 τὰ
1671 2506 1988 2577 καθήκοντα
2034 2501 2345 2570 ὲξανάπτον
2378 2502 2512 2558 αὐτὸ
2575 2505 2657 2568 είς
2725 2501 3006 2574 φλόγωσιν
3063 2501 3364 2574 ἀγγελικὴν
3386 2542 3403 2570 ,
3470 2506 3566 2560 καὶ

287 2603 401 2664 τοῖς
436 2602 828 2671 πνευματικῶς
860 2604 1088 2657 πλέουσι
1133 2606 1224 2657 τὸν
1271 2605 1490 2676 πρῶτον
1523 2605 1868 2676 πλησιστίρις
1907 2604 2196 2676 χαρίζεται
2226 2601 2420 2658 πλοῦν.

363 2693 476 2764 μζ.
513 2693 726 2749 Οὐκοῦν
775 2695 1000 2766 οὐδεμία.
1049 2696 1158 2750 τῶν
1202 2697 1354 2750 κάτω
1407 2697 1502 2752 καὶ
1545 2699 1674 2768 περὶ
1725 2699 1874 2768 ἡμᾶς

284 2788 490 2852 λέξεων
526 2787 664 2864 ὑψοῦ
695 2789 832 2858 πρὸς
867 2789 1000 2843 Θεὸν
1037 2790 1153 2859 ἔχει
1186 2789 1462 2861 αἴρεσθαι,
1508 2791 1583 2860 μὴ
1613 2791 1874 2851 ἐπιεικῶς

287 2882 441 2952 αὐτῷ
492 2882 938 2954 προσδεχθετσα,
993 2884 1051 2937 ὲν
1108 2887 1186 2953 τῷ
1241 2883 1738 2952 συγκαταϐατικῶς
1775 2886 1870 2938 καὶ

290 2977 616 3044 ἀναγκαίως
645 2979 723 3040 εἰς
752 2977 877 3030 ὅσον
905 2976 1023 3042 ἐξὸν
1064 2979 1301 3048 προσιτὴ
1334 2978 1693 3050 διακριτικῶς
1723 2977 1870 3032 ὲκεί-

292 3090 368 3141 νῳ
401 3071 660 3139 γενέσθαι
688 3070 786 3124 καὶ
822 3073 1288 3142 συγγνωμονικῶς
1342 3071 1496 3143 παρά
1530 3072 1588 3124 τὸ
1627 3072 1700 3141 μὴ
1728 3071 1874 3142 ἔχειν

293 3164 472 3227 ἄλλως
505 3165 637 3217 αὐτύ
675 3164 954 3233 γενέσθαι·
989 3166 1084 3218 καὶ
1115 3164 1400 3232 ὁμοιοῦται
1439 3163 1557 3217 τόδε
1590 3163 1650 3216 τὸ
1689 3165 1872 3229 πρᾶγ-

298 3275 374 3327 μα
405 3257 482 3320 ὡς
513 3258 562 3309 εἰ
603 3259 708 3312 ,καὶ
757 3259 1014 3329 βασιλεὺς
1051 3257 1344 3328 ὐπερτίμῳ
1379 3255 1596 3327 πλούτῳ
1629 3255 1874 3323 πλήθων,

298 3351 395 3407 καὶ
426 3353 820 3422 πολυταλάντῳ
861 3351 1245 3421 καλλωπισμῶ
1276 3351 1716 3422 ὲλλαμπόμενος,
1751 3351 1878 3402 ἀνέο

298 3448 454 3517 χεταί
507 3463 640 3500 ποτε
693 3445 901 3516 ἀμφιον
955 3445 1303 3514 περικεῖσθαι
1334 3445 1443 3498 τῶν
1475 3443 1880 3514 εὐτελεστέρων

295 3541 444 3594 κατά
494 3557 622 3594 τινα
660 3539 858 3610 χρείαν
888 3581 902 3602 ,
957 3537 1083 3593 οὐτε
1140 3538 1749 3608 ἀποπροσποιούμενος,
1787 3537 1886 3589 καὶ

297 3631 620 3700 ἐπικοσμῶν
649 3631 706 3683 δὲ
735 3631 796 3683 τὸ
825 3629 885 3683 οὐ
909 3629 1206 3690 πολυτελὲς
1234 3629 1577 3699 περίὸλημα,
1598 3624 1682 3692 οἷς
1711 3629 1884 3681 ἐπιειο

300 3724 642 3793 κευσάμενος
677 3723 808 3776 αὐτὸ
850 3723 1160 3793 περιέθετο.
1191 3721 1258 3773 Τί
1291 3721 1347 3774 δὲ
1375 3721 1434 3772 οὐ
1466 3722 1682 3791 ταχύνω
1705 3721 1884 3788 λέγειν

303 3819 379 3881 ὡς
415 3820 601 3886 χαίρει
631 3820 725 3886 καὶ
756 3816 967 3887 ποιμὴν
1002 3816 1299 3886 λεγόμενος
1336 3816 1363 3867 ὁ
1389 3815 1522 3878 Θεός
1553 3831 1570 3882 ;
1600 3815 1694 3869 καὶ
1722 3815 1886 3876 αὐτὸς

306 3913 429 3982 οὐχὶ
458 3911 636 3964 ὀκνῶν
673 3908 818 3962 πάνυ
875 3906 1244 3978 σμικρολόγος
1280 3901 1444 3971 εἶναι,
1470 3907 1654 3968 ὁποῖος
1685 3908 1712 3958 ὁ
1741 3905 1887 3958 κατά

303 4007 363 4059 τὸ
421 4006 577 4074 ᾶγιον
635 4002 972 4072 Εὐαγγέλιον
1011 4001 1078 4054 τά
1125 4001 1483 4069 ἐννενήκοντα
1535 3998 1692 4053 ἐννέα
1745 4000 1886 4068 πρό·

305 4102 448 4153 σατα
500 4097 793 4168 βόσκεσθαι
847 4097 1005 4164 ἀφεὶς
1063 4095 1138 4156 ὡς
1191 4094 1241 4146 εί
1295 4092 1390 4161 καί
1447 4109 1532 4153 τις
1569 4091 1714 4162 ψυχῇ
1748 4091 1890 4145 αὐτά

304 4191 552 4260 ἐνέμετο,
581 4189 677 4240 καὶ
710 4186 963 4255 πονηθεὶς
995 4185 1127 4253 περὶ
1155 4184 1255 4252 τὴν
1284 4181 1382 4236 τοῦ
1412 4184 1530 4244 ἐνὸς
1558 4182 1667 4235 τῶν
1692 4182 1890 4236 ἑκατὸν

306 4280 791 4351 ἀποπλανηθέντος
842 4277 1266 4348 ἁναψηλάφησιν
1289 4293 1302 4308 ·
1333 4277 1418 4328 ἔτι
1457 4275 1512 4328 δὲ
1547 4276 1640 4327 καὶ
1688 4274 1894 4328 οἰκοδό-

310 4395 433 4446 μος,
459 4376 603 4430 κατά
636 4375 696 4427 τὸ
717 4415 734 4440 ,
777 4373 904 4426 Ἐὰν
947 4372 1021 4442 μὴ
1050 4371 1254 4440 Κύριος
1277 4370 1610 4443 οίκοδομήσῃ
1647 4365 1795 4422 οἷκον
1821 4385 1835 4400 ο
1865 4370 1893 4422 ὁ

305 4473 402 4524 καὶ
455 4467 754 4530 παιδεύσας
809 4465 903 4517 ἐπὶ
957 4460 1237 4530 ἀσφαλοῦς
1283 4463 1378 4514 καὶ
1416 4461 1490 4532 μὴ
1540 4463 1634 4515 ἐπὶ
1662 4462 1895 4532 ψάμμου

2059 2691 2154 2750 47.
2193 2694 2362 2766 Igitur
2393 2693 2542 2750 nulla
2570 2707 2764 2750 vocum
2789 2694 3124 2762 pedestrium
3184 2705 3348 2766 atque
3373 2697 3568 2751 huma-

1984 2801 2178 2841 narum
2231 2787 2298 2840 ad
2323 2784 2493 2841 Deum
2554 2782 2669 2842 tolli
2694 2786 2918 2856 poterit,
2949 2787 3077 2854 nisi,
3126 2797 3389 2857 quantum
3445 2785 3565 2841 ﬁeri

1982 2885 2179 2949 potest,
2232 2878 2377 2933 inter
2425 2891 2554 2934 eum
2611 2886 2667 2934 et
2709 2892 2810 2935 nos
2841 2885 3214 2950 congruenter
3243 2885 3520 2933 astruatur
3545 2916 3560 2932 .

1982 2969 2108 3025 Haec
2152 2984 2282 3024 vero
2331 2984 2419 3027 res
2448 2979 2800 3039 comparatur
2824 2971 2938 3042 regi
2979 2970 3100 3040 qui,
3145 2969 3354 3026 divitiis
3389 2970 3568 3026 abun-

1981 3062 2118 3118 dans
2154 3071 2209 3117 et
2235 3063 2366 3116 luxu
2413 3061 2799 3132 resplendens,
2843 3071 3048 3119 vestem
3077 3061 3257 3117 induit
3301 3061 3576 3132 exiguam.

1980 3154 2046 3210 ad
2082 3162 2290 3210 certum
2323 3153 2507 3210 finem.
2543 3153 2651 3210 Sed
2685 3169 2785 3210 cur
2838 3168 2948 3209 non
2972 3153 3152 3210 dicam
3185 3153 3354 3211 Deum
3403 3154 3568 3210 etiam

1983 3256 2256 3318 pastorem
2313 3246 2461 3303 dici?
2526 3255 2582 3304 et
2647 3247 2793 3318 quod
2843 3247 3028 3317 parvis
3092 3247 3258 3304 rebus
3325 3247 3568 3302 animum

1985 3338 2337 3409 applicuerit,
2386 3341 2530 3396 sicut
2576 3340 2622 3396 is
2656 3341 2751 3410 qui
2811 3341 2863 3394 in
2913 3339 3236 3410 Evangelia,
3273 3341 3573 3409 nonaginta

1983 3446 2180 3487 novem
2249 3431 2446 3489 ovibus
2514 3433 2720 3490 relictis
2756 3471 2772 3498 ,
2829 3433 2987 3502 quasi
3058 3430 3418 3504 spiritualiter
3478 3445 3572 3484 eas

1985 3531 2256 3594 pasceret,
2318 3524 2384 3579 ad
2441 3539 2560 3580 eam
2614 3525 2986 3594 reperiendam
3017 3531 3140 3596 qua:
3182 3523 3385 3578 amissa
3432 3529 3570 3587 erat,

1986 3631 2045 3670 se
2074 3617 2307 3672 accinxit
2327 3633 2344 3684 ;
2363 3627 2456 3672 aut
2494 3619 2637 3672 sicut
2667 3619 3030 3686 architectus,
3057 3616 3360 3675 secundum
3406 3613 3570 3670 illud:

1992 3708 2104 3763 Nisi
2173 3710 2434 3764 Dominus
2485 3708 2839 3764 aedificaverit
2900 3711 3168 3777 domum;
3224 3719 3284 3763 ut
3355 3708 3577 3764 doceret

1989 3801 2045 3853 in
2099 3801 2216 3854 solo
2256 3800 2432 3865 ﬁrmo,
2475 3816 2652 3871 neque
2674 3817 2803 3857 vero
2846 3803 2905 3858 in
2961 3818 3155 3868 arena,
3191 3803 3574 3858 aedificandum

1988 3909 2134 3960 esse;
2168 3901 2262 3948 aut
2302 3902 2490 3956 custos
2539 3895 2692 3948 urbis
2732 3910 2854 3964 quze
2906 3896 3026 3951 sine
3073 3896 3191 3965 ipso
3215 3897 3356 3950 male
3388 3904 3579 3950 custo-

1990 3986 2224 4054 diretur;
2270 3993 2365 4040 aut
2409 3985 2616 4039 vinitor
2657 3993 2716 4039 ut
2758 3986 2812 4040 in
2846 3984 3124 4056 Scriptura
3147 4000 3304 4040 saera
3324 3985 3576 4056 legimus;

1993 4087 2086 4134 aut
2155 4079 2298 4134 sicut
2357 4078 2793 4149 paterfamilias,
2865 4088 2924 4134 ut
2994 4077 3219 4134 ibidem.
3279 4075 3336 4134 Si
3394 4087 3577 4134 autem

2000 4187 2109 4228 non
2141 4185 2340 4242 reapse
2384 4172 2645 4242 piscator,
2694 4170 2791 4227 sed
2835 4171 2930 4242 qui
2961 4171 3142 4241 pisces
3191 4170 3458 4241 capiendo
3488 4168 3582 4225 de-

1993 4266 2230 4322 lectatur
2253 4274 2478 4336 propter
2505 4264 2800 4335 discipulos
2841 4263 2935 4334 qui
2965 4264 3125 4319 istam
3155 4274 3325 4319 artem
3361 4272 3584 4319 strenue

1996 4365 2406 4424 exercuerunt;
2441 4371 2542 4412 nec
2576 4355 2772 4413 mirum
2809 4356 2853 4412 si
2879 4356 3017 4412 alios
3043 4371 3241 4412 munus
3263 4356 3380 4426 ejus
3411 4356 3584 4410 hono-

1999 4467 2124 4506 rare
2157 4451 2367 4516 docuit,
2407 4451 2524 4506 sive
2558 4450 2668 4514 leo,
2694 4451 2812 4506 sive
2837 4451 3021 4520 aquila
3055 4450 3377 4520 appelletur,
3404 4464 3434 4501 e
3465 4447 3586 4517 qui-

305 4559 615 4626 οίκοδομείν
643 4574 656 4587 ·
698 4555 790 4608 καὶ
819 4553 994 4624 φύλαξ
1029 4553 1084 4605 δὲ
1118 4553 1348 4617 πόλεως,
1382 4552 1448 4622 ἣν
1479 4551 1642 4604 αὐτοῦ
1684 4554 1758 4620 μὴ
1791 4569 1876 4620 φυη

2003 4544 2105 4599 bus
2140 4543 2232 4597 ille
2272 4543 2490 4613 quidem
2540 4542 2745 4596 animal
2795 4550 3054 4596 terrestre
3084 4540 3313 4595 rationis
3363 4554 3582 4605 expers,

308 4652 605 4711 λάσσοντος
629 4689 644 4714 ,
678 4649 757 4710 είς
793 4648 970 4718 μάτην
1005 4644 1381 4714 ἀγρυπνοῦσιν
1435 4647 1484 4698 οἱ
1520 4644 1692 4714 αὐτῆς
1721 4643 1894 4713 φύλα-

312 4760 430 4808 κες·
465 4745 563 4796 καὶ
593 4742 978 4811 ἀμπελουργὸς
1017 4739 1096 4804 δὲ,
1130 4739 1272 4791 κατὰ
1309 4738 1408 4807 τὴν
1441 4737 1528 4791 ἐπ’
1554 4737 1706 4806 αὐτῷ
1735 4737 1897 4805 ἁγίαν

315 4838 570 4907 θεωρίαν·
604 4832 977 4902 εὐαγγελικῶς
1003 4832 1058 4884 δὲ
1088 4833 1184 4884 καὶ
1205 4833 1612 4900 οἰκοδεσπότης.
1644 4833 1704 4885 Εἰ
1730 4833 1785 4884 δὲ
1821 4834 1898 4902 μὴ

312 4931 408 4984 καὶ
446 4929 632 4992 ἁλιεὺς
668 4927 1017 4996 αὐτόχρημα,
1045 4922 1164 4977 ἀλλ’
1186 4918 1281 4977 οὖν
1314 4921 1626 4990 φιλοαλιεὺς
1656 4922 1745 4975 διὰ
1770 4925 1896 4985 τοὺς

318 5022 569 5094 μαθητάς
595 5021 645 5074 οἳ
675 5021 772 5090 τὴν
801 5020 1058 5087 τοιαύτην
1079 5018 1274 5087 τέχνην
1306 5012 1366 5069 εὖ
1394 5016 1538 5086 μάλα
1559 5015 1896 5084 ὴσκήσαντο·

288 5135 292 5138 ·
322 5116 513 5170 καινὸν
537 5114 595 5166 δὲ
630 5113 785 5166 οὐδὲν
811 5109 1178 5180 φιλιώσασθαι
1200 5109 1361 5162 αὐτὸν
1392 5110 1505 5170 τοῖς
1533 5106 1655 5160 κατ’
1689 5106 1900 5174 ἀνθρω-

315 5223 420 5258 πον
453 5205 514 5258 τὸ
550 5202 896 5272 φιλοτίμημα
946 5199 1055 5252 τῶν
1090 5199 1256 5252 αὐτοῦ
1285 5197 1508 5269 χειρῶν,
1553 5199 1600 5250 εἰ
1634 5197 1728 5250 καὶ
1761 5197 1900 5250 λέων

321 5297 416 5350 καὶ
455 5294 614 5356 ἀετὸς
641 5292 874 5360 ἐκλήθη,
906 5291 968 5344 τὸ
1004 5289 1104 5360 μὲν
1137 5292 1201 5342 ἐκ
1259 5287 1368 5342 τῶν
1398 5287 1539 5342 κατὰ
1572 5287 1678 5358 γῆν
1711 5287 1772 5340 οὐ
1809 5287 1901 5341 λο-

321 5389 517 5455 γικῶν,
552 5386 616 5439 τὸ
663 5384 720 5437 δὲ
777 5386 842 5436 ἐκ
876 5383 986 5435 τῶν
1042 5382 1243 5451 ἀερίων
1273 5379 1700 5449 δεξιωσάμενος.
1746 5377 1811 5432 Τί
1842 5379 1901 5432 δέ

326 5496 414 5548 μοι
441 5480 542 5532 καὶ
569 5475 766 5542 ταῦτα,
801 5477 850 5528 εἰ
881 5477 979 5528 καὶ
1018 5472 1236 5538 σκώληξ
1267 5472 1417 5542 αὐτῷ
1457 5472 1537 5534 είς
1576 5471 1772 5542 κλῆσιν
1804 5471 1904 5522 οὐκ

323 5568 632 5640 ἁπηξὶωται
659 5584 674 5634 ;
711 5564 970 5635 γινώσκει
1012 5564 1069 5617 δὲ
1100 5565 1128 5618 ό
1159 5564 1345 5630 αὐτὸς,
1380 5565 1477 5618 καὶ
1504 5562 1664 5634 νηδὺν
1699 5561 1907 5633 Παρθέ-

321 5678 412 5715 νου
443 5659 670 5733 Μητρὸς
720 5657 946 5723 ὑποδὺς,
996 5658 1094 5709 καὶ
1128 5655 1326 5728 βρέφος
1357 5655 1566 5708 ἐκεῖθεν
1596 5653 1782 5720 ἐκδὺς,
1813 5656 1910 5706 καὶ

2010 4641 2125 4691 iure
2178 4635 2550 4690 evolatilibus
2608 4645 2823 4704 sutnpta
2867 4642 3006 4688 erat.
3055 4631 3195 4698 Quid
3254 4640 3461 4695 autem,
3537 4629 3586 4683 si

2001 4740 2242 4780 retinent
2281 4721 2581 4790 elegisset?
2615 4720 2729 4775 lloc
2758 4731 2939 4776 autem
2997 4723 3114 4788 ipsc
3191 4718 3342 4772 novit
3370 4734 3388 4785 ;
3459 4732 3583 4796 cum

2007 4819 2156 4872 cuitu
2198 4819 2252 4870 in
2320 4815 2512 4870 Matris
2564 4813 2804 4884 Virginis
2863 4821 3076 4866 uterum
3146 4811 3417 4878 intraret,
3460 4825 3588 4864 cum

2003 4918 2158 4979 partu
2187 4907 2312 4962 inde
2330 4907 2581 4961 ederetur
2605 4912 2658 4960 et
2689 4905 2743 4959 in
2779 4903 3006 4974 pratsepi
3039 4911 3422 4973 reponeretur,
3471 4902 3590 4958 haec

2001 5002 2186 5056 omnia
2210 5000 2508 5056 secundum
2533 5012 2750 5052 carnem
2796 4993 3041 5067 quidem,
3068 4995 3162 5051 sed
3199 5010 3354 5051 more
3400 4996 3589 5051 divino

2003 5104 2056 5148 et
2098 5094 2228 5148 fecit
2259 5099 2312 5146 et
2339 5091 2484 5145 tulit.
2525 5091 2591 5144 Et
2643 5088 2788 5144 sicut
2834 5097 3088 5142 naturam
3143 5087 3439 5142 humanam
3490 5103 3591 5158 pro

2004 5191 2214 5244 viribus
2243 5201 2305 5240 ac
2333 5184 2600 5255 dignitate
2633 5183 2868 5246 ornavit,
2923 5197 2990 5238 eo
3081 5197 3280 5251 nempe
3328 5183 3593 5252 temporis

2005 5285 2282 5336 momento
2338 5293 2446 5346 quo
2500 5274 2824 5330 incarnatus
2871 5281 2976 5339 est,
3029 5272 3111 5328 sic
3141 5273 3401 5327 humanis
3458 5288 3598 5340 quo-

2005 5387 2113 5444 que
2147 5369 2466 5426 nominibus
2502 5381 2566 5420 ac
2593 5366 2846 5421 vocibus
2882 5366 3188 5435 appellatus
3273 5373 3378 5420 est.
3442 5365 3594 5428 Adeo

2012 5467 2164 5519 enim
2219 5477 2317 5532 pro
2369 5459 2526 5516 nobis
2585 5458 2908 5515 humiliatus
2951 5468 3035 5514 est
3091 5459 3158 5513 ad
3214 5459 3442 5513 salutem
3491 5469 3591 5505 no-

2020 5572 2219 5626 stram,
2251 5569 2313 5614 ut
2345 5566 2477 5628 post.
2515 5556 2948 5612 incarnationem
3011 5560 3294 5621 peccatum
3326 5559 3379 5602 et
3427 5548 3596 5600 ntale-

2022 5651 2191 5716 dictio
2221 5648 2458 5704 audiret.

321 5757 378 5809 ὲν
425 5755 607 5825 φάτνῃ
640 5751 964 5818 ἀνατεθεὶς,
995 5751 1089 5805 καὶ
1135 5749 1404 5805 ἀκόλουθα
1453 5753 1518 5821 τῇ
1551 5749 1696 5803 κατά
1729 5749 1908 5819 σάρκα
1948 5746 2132 5816 φύσει,
2180 5744 2250 5797 τὰ
2303 5741 2404 5814 μὲν
2435 5741 2667 5814 ποιήσας
2700 5738 3042 5811 θεοπρεπῶς,
3117 5735 3191 5789 τὰ⁴
3229 5733 3283 5786 δὲ
3333 5735 3428 5786 καὶ
3490 5748 3597 5784 πα-

323 5847 454 5917 θὼν,
486 5851 584 5903 καὶ
613 5846 703 5901 διά
734 5847 954 5900 πάντων
983 5845 1081 5917 τὴν
1112 5844 1459 5916 ἀνθρωπείαν
1502 5843 1666 5914 φύσιν
1697 5844 1983 5926 κοσμήσας
2014 5881 2028 5908 ,
2063 5840 2254 5912 ῶσπερ
2298 5838 2360 5890 ὲν
2413 5835 2489 5908 τῷ
2562 5831 2888 5907 προσλαδείν
2955 5826 3119 5884 αὐτὸν
3180 5825 3276 5880 τὸν
3342 5827 3596 5894 ἀναμάρ-
