3804 6238
411 362 518 426 583

1066 369 1495 430 EUSTATHII
1536 363 2309 434 THESSALONICENSIS
2350 371 2913 435 METROPOLIT/E
3544 375 3622 437 561

417 493 586 546 τητον·
637 476 926 548 ἄνθρωπον
951 518 966 542 ,
1004 478 1148 531 οὓτω
1182 479 1276 532 καὶ
1339 481 1397 533 ἒν
1453 480 1532 550 τῷ
1586 482 1984 547 καταδέξασθαι
2023 483 2200 550 λέξεις
2234 485 2430 540 ὁπόσαι
2465 486 2584 539 κατ’
2628 486 2950 557 ἄνθρωπον·
2989 487 3084 540 καὶ
3117 487 3176 550 ἐς
3245 487 3496 542 τοσοῦτον
3553 489 3623 542 ἐπὶ

407 575 652 643 σωτηρὲᾳ
679 575 835 642 ἡμῶν
859 574 1348 642 τεταπεινωμένος,
1372 575 1442 629 δι’
1472 578 1538 648 ἥν
1571 579 1668 632 καὶ
1693 578 2007 650 ἐσαρκώθη,
2042 580 2115 643 ὡς
2151 583 2246 634 καὶ
2274 581 2548 650 ἁμαρτίαν
2587 583 2680 634 καὶ
2711 582 2960 651 κατάραν
2999 581 3360 652 ἐπικληθῆναι
3395 582 3570 652 ὄνομα.

475 667 564 720 48.
597 666 697 731 Qui
732 681 892 735 porro
924 683 987 721 ex
1020 667 1140 723 istis
1169 671 1336 724 rebus
1379 685 1596 723 nomina
1627 671 1852 740 adeptus
1875 680 1979 741 est,

2157 672 2272 743 μη’.
2312 675 2386 727 Οὐ
2417 675 2599 726 τοίνυν
2631 675 2658 726 ὁ
2690 675 2952 734 τοιούτοις
2987 675 3262 742 ἐπικύψας
3293 675 3372 737 είς
3403 675 3625 744 ἀναδοχὴν

405 769 458 812 et
489 758 580 826 qui
618 765 893 825 postremo
926 759 1221 812 humanam
1261 771 1517 816 naturam
1575 768 1837 832 suscepit,
1871 773 1977 816 ter-

407 850 612 902 minum
656 857 969 906 terrestrem
997 867 1278 920 nunquam
1341 855 1603 920 abolebit,
1657 865 1716 910 ut
1747 871 1844 910 nec
1889 870 1979 909 co-

404 940 607 1007 gitandi
638 940 969 1006 facultatem,
1002 950 1096 997 aut
1149 945 1480 1000 activitatem
1534 961 1654 1016 qua:
1679 945 1825 1002 felici
1880 946 1980 1000 ali-

403 1047 507 1101 qua
561 1034 870 1090 inventione
921 1035 1043 1090 vitae
1103 1038 1296 1090 tradita
1328 1047 1441 1105 est;
1483 1054 1603 1108 quae
1656 1038 1982 1110 aequalitatis

404 1125 770 1180 distrilmtivaa
811 1127 859 1180 vi
896 1127 1470 1195 mortalesjustiﬁcat,
1518 1139 1572 1185 et
1633 1145 1752 1198 quae
1809 1131 1982 1186 ruivis

407 1213 613 1268 homini
674 1214 912 1286 benigno
981 1215 1320 1288 paciﬁcoque
1373 1228 1619 1274 amanter
1667 1219 1986 1289 opitulatur.

411 1303 598 1361 Valeat
633 1316 812 1362 autem
845 1308 948 1363 iste
979 1309 1266 1372 terminus,
1316 1325 1428 1374 quo
1482 1310 1719 1382 Spiritus
1765 1321 1988 1367 sanctus

413 1411 519 1450 non
548 1411 645 1467 per
666 1398 1093 1454 ostentationem
1143 1415 1341 1456 nomen
1376 1418 1536 1456 suum
1582 1405 1740 1473 gerit,
1774 1403 1868 1458 sed
1897 1419 1990 1456 va-

412 1489 562 1559 poris
597 1499 649 1542 et
675 1489 807 1544 fumi
841 1493 1085 1564 symbolo
1137 1493 1457 1564 prophetico
1510 1505 1892 1564 nuncupatur;
1929 1504 1989 1550 ut

295 1583 316 1599 ‘
417 1579 566 1634 brevi
595 1578 796 1650 dicam,
823 1582 896 1636 mi
930 1581 1118 1648 frater,
1169 1583 1528 1653 cogitationes
1575 1595 1791 1640 nostras
1850 1587 1990 1642 irre-

409 1673 807 1741 prehensibiles
857 1676 946 1746 pio
996 1675 1181 1731 animo
1220 1675 1287 1730 ad
1325 1677 1491 1732 Deum
1533 1678 1853 1744 referamus,
1891 1679 1984 1749 qui

410 1767 524 1820 inec
576 1767 760 1820 omnia
809 1767 968 1823 nobis
995 1769 1254 1838 donavit,
1287 1779 1341 1825 et
1389 1772 1477 1827 cui
1516 1772 1620 1828 hoc
1667 1773 1828 1829 modo
1861 1789 1983 1828 mu-

410 1871 511 1910 nus
534 1857 720 1911 datum
769 1857 1076 1916 reddimus.

412 2054 565 2119 αὐτὸ,
595 2055 692 2114 καὶ
744 2055 919 2123 οὕτως
969 2058 1117 2122 ἄξιον
1158 2058 1308 2137 αὐτῷ
1342 2059 1729 2119 ἀντιδίδοσθαι.

2085 764 2316 834 ὀνόμασι
2366 766 2462 818 καὶ
2509 765 2946 836 καταδεξάμενος
2985 766 3046 832 ἐξ
3081 767 3310 819 ἐκείνων
3349 766 3624 828 καλεῖσθαι,

2087 856 2244 920 τέλος
2299 858 2357 911 δὲ
2396 859 2490 911 καὶ⁵
2527 858 2687 910 αὑτὸν
2741 857 3152 927 ἀναλαὸόμενος
3205 860 3295 912 τὸν
3352 857 3628 927 ἄνθρωπον,

2087 949 2434 1017 ὲξουθενὼσει
2481 951 2570 1003 τὸν
2605 951 2793 1020 γήϊνον
2852 951 2977 1020 ὅρον
3003 967 3016 982 °
3051 951 3249 1004 ταυτδν
3281 949 3326 1002 δ’
3362 952 3531 1002 εἰπεῖν
3555 951 3629 1019 τὴν

2088 1042 2212 1096 κατ’
2245 1043 2410 1097 αὐτὸν
2453 1041 2664 1096 ἔννοιαν
2693 1043 2795 1114 ἥδη
2830 1043 2887 1096 δέ
2929 1062 3044 1106 πως
3076 1043 3172 1096 καλ⁵
3222 1044 3526 1113 ἐνέργειαν,
3553 1044 3630 1109 τὴν

2089 1134 2185 1188 καὶ
2214 1133 2282 1186 δι’
2315 1135 2587 1204 εὑρέσεως
2621 1136 2836 1204 ἀγαθῆς
2878 1134 3279 1206 παραδοθεῖσαν
3305 1133 3381 1203 τῷ
3409 1134 3527 1203 βίῳ,
3557 1135 3628 1184 καὶ

2092 1226 2487 1298 διανεμητικὴν
2525 1229 2794 1298 ἰσότητος,
2826 1229 2920 1281 καὶ
2955 1227 3272 1280 δικαιοῦσαν
3321 1226 3449 1288 τοὺς
3483 1225 3631 1295 βιωτι-

2092 1318 2242 1382 κοὺς,
2273 1317 2368 1370 καὶ
2423 1319 2497 1386 τῷ
2542 1317 2822 1388 δημοτικῷ
2855 1318 3225 1388 φιλανθρώπῳ
3257 1319 3353 1371 καὶ
3379 1317 3632 1386 είρηναίῳ,

2094 1409 2184 1462 καὶ
2219 1408 2572 1479 ἀστασιάστῳ
2611 1410 3098 1480 συμπράττουσαν.
3135 1410 3328 1479 Χαίροι
3363 1410 3416 1462 δὲ
3447 1411 3512 1462 ἂν
3538 1412 3635 1478 ὄρος

2093 1498 2332 1562 τοιοῦτος
2367 1500 2847 1570 ἐπονομαζόμενος
2894 1501 2954 1552 ού
2988 1501 3125 1570 πρὸς
3166 1500 3637 1570 μεγαλοπρέπειαν,

2093 1593 2237 1646 καθά
2275 1594 2373 1647 καὶ
2420 1593 2480 1646 τὸ
2516 1595 2739 1667 Πνεῦμα
2781 1593 2841 1646 τὸ
2880 1594 3072 1661 ἅγιον,
3105 1592 3639 1664 συμϐολογραφούμε-

2089 1701 2178 1748 νος
2225 1685 2285 1738 οὐ
2330 1685 2470 1738 πάνυ
2509 1685 2815 1755 μεγαλείως
2867 1685 3052 1754 ἀτμίδι
3100 1686 3196 1739 καὶ
3235 1684 3425 1754 καπνῷ
3457 1702 3641 1755 προφη-

2091 1776 2292 1842 τικῶς,
2330 1777 2817 1846 κεφαλαιὼσασθαι
2847 1776 2903 1832 δέ
2937 1795 3028 1846 μοι
3057 1777 3147 1831 τὸν
3180 1778 3338 1846 λόγον
3369 1780 3464 1831 καὶ
3491 1781 3641 1848 ἀπαρ-

2087 1867 2238 1921 τίσαι
2283 1869 2422 1944 ταχὺ
2450 1908 2465 1932 ,
2504 1869 2553 1920 εἰ
2603 1869 2678 1938 μὴ
2723 1869 2858 1937 πᾶν,
2892 1864 2937 1925 ὦ
2983 1870 3180 1940 ἀδελφὲ
3207 1909 3221 1936 ,
3252 1873 3432 1942 νόημα
3471 1873 3569 1925 τῶν
3596 1874 3640 1925 ὲν

407 1958 544 2026 ἡμῖν
578 1956 679 2009 οὐκ
727 1955 793 2010 ἄν
820 1957 988 2011 ποθεν
1035 1959 1268 2034 ἑχόντων
1301 1959 1534 2030 μέμψιν,
1573 1961 2052 2032 αίχμαλωτίζομεν
2086 1964 2333 2029 εὐσεϐῶς
2389 1967 2472 2029 είς
2522 1965 2612 2021 τὸν
2655 1966 2807 2032 Θεδν,
2862 1961 2923 2022 οῦ

3028 1967 3196 2038 δῶρον
3262 1970 3320 2022 ὲν
3381 1971 3514 2040 ἡμῖν
3570 1967 3644 2022 καὶ

479 2144 569 2200 49.
609 2147 728 2213 Quo
758 2148 866 2213 alio
912 2150 1079 2223 igitur
1141 2151 1294 2206 illum
1358 2153 1578 2207 nomine
1635 2152 1988 2221 appellemus,

2167 2147 2278 2220 μθ’.
2313 2148 2436 2210 Πῶς
2459 2146 2525 2200 ἂν
2547 2147 2753 2201 ἐκεῖνον
2779 2148 2877 2200 καὶ
2902 2146 3067 2200 πόθεν
3094 2145 3314 2201 ἄλλοθεν
3347 2146 3646 2215 ῆόνομὰσω-

411 2246 505 2291 aut
537 2241 875 2308 excipiamus
925 2256 1414 2312 cegnoscamusve,
1476 2251 1570 2296 aut
1604 2258 1710 2314 qua
1769 2233 1984 2300 ratione.

397 2328 530 2383 aliis
581 2329 830 2386 docendo
861 2332 1137 2387 tradamus
1167 2332 1190 2386 ?
1221 2331 1360 2386 Num
1427 2319 1724 2388 secundum
1754 2347 1818 2387 ea
1867 2348 1988 2402 qua:

415 2425 618 2490 Paulus,
670 2427 729 2492 in.
770 2427 968 2483 caelum
1003 2426 1252 2483 sublatus
1281 2428 1540 2497 mysteria
1581 2426 1824 2481 didicit?
1877 2425 1990 2482 Hu-

413 2531 578 2572 mano
627 2520 818 2588 utique
871 2533 1023 2572 more
1070 2535 1193 2589 qua:
1252 2519 1466 2573 discere
1523 2517 1725 2572 licebat
1779 2517 1988 2573 didicit.

413 2610 588 2666 llomo
618 2623 796 2666 autem
831 2611 1130 2665 humanum
1165 2620 1376 2665 tantum
1426 2623 1737 2664 sermonem
1774 2608 1990 2677 capiet;

412 2704 579 2772 léitur
608 2719 694 2759 res
743 2711 1030 2762 terrestres
1051 2701 1372 2757 ctelesubus
1405 2701 1549 2756 haud
1586 2701 1815 2769 indigna:
1843 2700 1996 2755 vide-

412 2797 636 2848 buntur.
674 2794 902 2863 insuper
947 2793 1250 2849 secundum
1305 2807 1370 2847 ea
1402 2807 1523 2863 quae
1580 2791 1748 2846 Paulo
1780 2791 1998 2847 ctelitus

414 2880 648 2932 revelata
705 2889 852 2943 sunt,
884 2876 1149 2931 Joannem
1179 2877 1392 2945 psalten
1435 2875 1763 2944 inspiratum
1797 2874 1996 2929 Filium

414 2969 536 3036 Dei,
570 2986 675 3024 non
703 2970 996 3022 terminum
1033 2978 1125 3021 aut
1154 2966 1393 3022 Verbum
1438 2969 1707 3036 appellare
1736 2969 1996 3038 oportuit,

414 3061 510 3117 sed
578 3063 775 3115 melius
817 3060 1058 3131 aliquid;
1103 3059 1242 3114 forte
1282 3060 1425 3113 enim
1461 3060 1686 3114 verbum
1716 3075 1827 3114 non
1863 3074 2001 3113 con-

413 3148 625 3208 feretur
663 3151 881 3208 Christo
923 3150 1439 3221 supersubstantiali
1465 3151 1533 3204 ab
1578 3151 1645 3206 iis
1695 3151 1787 3219 qui
1819 3150 2002 3205 omnia

427 3247 543 3300 ausi
586 3254 752 3313 sunt;
797 3260 901 3300 vox
944 3244 1088 3298 enim
1135 3243 1317 3298 subito
1364 3243 1416 3296 in
1455 3241 1686 3296 nihilum
1718 3242 1867 3309 alit;
1911 3241 2006 3297 sed

412 3351 515 3392 nec
539 3338 672 3406 ipse.
700 3351 798 3392 nec
829 3352 929 3391 nos
958 3336 1024 3391 de
1055 3335 1403 3391 sermonibus
1455 3334 1775 3390 ctelestibus
1798 3334 2006 3402 aliquid

415 3431 734 3486 didicimus.
761 3428 878 3484 Non
905 3430 1050 3483 enim
1096 3429 1269 3482 Paulo
1300 3426 1652 3484 sanctissimo
1696 3425 1796 3482 ista
1829 3427 2008 3482 dicere

421 3523 578 3576 licuit
604 3539 619 3590 ;
652 3536 822 3592 quare
849 3537 956 3575 non
996 3521 1311 3590 prolocutus
1337 3529 1438 3575 est.

2095 2258 2212 2311 μεν,
2231 2241 2266 2308 ἢ
2289 2239 2690 2310 δεξιωσώμεθα,
2722 2240 2754 2308 ἢ
2801 2239 3143 2309 γνωσόμεθα,
3177 2239 3209 2311 ἤ
3247 2239 3426 2302 ἄλλοις
3454 2243 3509 2302 ἐς
3530 2240 3651 2292 διδαο

2094 2330 2321 2384 σκαλίαν
2382 2330 2860 2400 παραδωσόμεθα;
2915 2327 3024 2402 ἆρά
3084 2349 3145 2399 γε
3198 2332 3290 2399 ἀφ’
3312 2326 3432 2386 ὧνὸ
3467 2330 3649 2391 Παῦλος

2095 2424 2278 2496 ἀρθεὶς
2301 2423 2413 2479 ἄνω
2441 2424 2534 2476 καλ⁸
2554 2423 2779 2493 μυηθεὶς
2806 2423 2975 2492 ἔμαθε
3003 2441 3018 2490 ;
3050 2425 3141 2478 καὶ
3163 2424 3268 2494 μὴν
3287 2426 3460 2477 ἐκεῖνο
3488 2423 3649 2492 μαθὼν

2095 2516 2170 2578 ὡς
2205 2515 2323 2580 ἐξὸν
2357 2510 2425 2586 ἦν
2472 2514 2743 2586 ἀνθρώπῳ
2810 2515 3000 2583 μαθεῖν
3051 2515 3433 2586 ἐμεμαθήκει;
3465 2515 3583 2584 ἐξῆν
3607 2514 3652 2566 δὲ

2098 2609 2315 2672 πάντως
2366 2606 2485 2662 κατ’
2534 2607 2821 2678 ἄνθρωπον
2842 2624 2856 2638 ⁸
2897 2607 3179 2678 ἄνθρωπος
3205 2608 3262 2661 δὲ
3290 2609 3389 2662 οὐκ
3423 2609 3486 2661 ἂν
3517 2609 3653 2676 μάθοι

2103 2703 2178 2775 μὴ
2234 2703 2354 2774 οὐχὶ
2401 2703 2526 2755 κατ’
2547 2703 2897 2772 ἀνθρωπίνην
2926 2701 3220 2754 διάλεκτον·
3249 2702 3356 2772 ἄρα
3377 2702 3548 2754 τοίνυν
3573 2701 3656 2752 οὐκ

2101 2796 2411 2863 ἀπηξίωται
2466 2796 2590 2848 οὐδὲ
2645 2797 2760 2859 τοῖς
2818 2795 3094 2864 οὐρανίοις
3127 2795 3195 2846 τὰ
3231 2796 3396 2864 γήϊνα
3428 2794 3520 2846 καὶ
3552 2791 3656 2844 καθ’

2103 2891 2250 2958 ἡμᾶς
2295 2890 2534 2958 ῥήματα⁸
2584 2890 2721 2956 πρὸς
2755 2888 2966 2950 τούτοις
3012 2887 3088 2954 δὲ,
3125 2889 3173 2941 εί
3210 2889 3314 2941 καὶ
3342 2890 3406 2939 ἐκ
3429 2888 3532 2940 τῶν
3557 2887 3653 2938 ἄνει)

2109 2979 2713 3047 μεμυσταγωγημένων
2747 2977 2822 3046 τῷ
2853 2978 3073 3046 Παύλῳ,
3115 2978 3282 3048 ἐχρῆν
3311 2977 3659 3047 ὲμπνευσθένο

2106 3085 2175 3121 τα
2213 3068 2305 3121 τὸν
2360 3069 2589 3140 ίερῳδὸν
2648 3070 2902 3137 Ἰωάννην
2955 3069 3224 3139 ὀνομάσαι
3283 3070 3375 3121 τὸν
3425 3068 3550 3120 Υίὸν
3581 3065 3659 3116 τοῦ

2106 3160 2243 3214 Θεοῦ
2287 3165 2362 3232 μὴ
2397 3163 2525 3231 ὅρον
2555 3162 2586 3232 ἢ
2620 3163 2797 3231 λόγον,
2833 3163 2970 3217 ἁλλά
3003 3181 3056 3216 τι
3083 3164 3332 3230 κρεῖττον
3360 3161 3506 3214 ἄλλο’
3539 3160 3661 3225 τάχα

2108 3251 2217 3323 γὰρ
2250 3253 2345 3305 καὶ
2394 3254 2420 3305 ό
2451 3253 2610 3319 λόγος
2661 3253 2720 3304 οὐ
2753 3250 3232 3322 παραδεχθήσεται
3265 3246 3568 3319 ᾠκειῶσθαι
3595 3241 3662 3310 τῷ

2112 3344 2420 3414 ὕπερουσίῳ
2453 3344 2676 3415 Χριστῷ
2702 3349 2850 3414 παρά
2880 3345 2989 3396 τῶν
3027 3345 3097 3397 τά
3129 3344 3311 3397 πάντα
3338 3338 3659 3408 τολμώντων.

2112 3433 2200 3488 διὰ
2223 3434 2288 3486 τὸ
2311 3435 2404 3488 τοῦ
2445 3435 2780 3504 προφορικοῦ
2816 3433 3042 3506 ρευστὸν
3071 3434 3166 3487 καὶ
3192 3431 3364 3495 οὕτως
3393 3429 3629 3484 ἀνούσιον
3648 3439 3661 3450 ·

2114 3526 2231 3578 ἀλλ’
2264 3528 2386 3579 οὔτε
2433 3528 2590 3590 αὐτὸς
2622 3527 2736 3580 οὗθ’
2769 3529 2929 3596 ἡμεῖς
2956 3527 3107 3580 οὐδὲν
3139 3525 3362 3579 ἐκείνων
3400 3521 3504 3576 τῶν
3536 3521 3663 3574 ἀνω-

415 3619 561 3672 τάτω
593 3617 852 3688 ῥημάτων
880 3616 1195 3687 ἐμάθομεν⁸
1224 3614 1350 3670 οὒτε
1393 3615 1502 3685 γὰρ
1535 3611 1603 3688 ἦν
1652 3615 1810 3688 θέμις
1860 3617 1938 3686 τῷ
1983 3619 2272 3693 ἁγιωτάτῳ
2323 3622 2519 3694 Παύλῳ
2563 3625 2736 3676 εἰπεῖν
2780 3625 2982 3686 ἐκεῖνα,
3038 3621 3132 3675 καὶ⁵
3195 3619 3500 3680 ἀκολούθως
3555 3615 3665 3672 οὐδὲ

417 3709 589 3767 εἶπεν.

489 3808 583 3863 50.
607 3808 739 3877 Age,
765 3807 949 3870 sodes,
976 3816 1031 3861 et
1058 3823 1161 3862 nos
1183 3820 1399 3877 quoque
1421 3806 1562 3862 sicut
1584 3821 1774 3862 omnes
1800 3817 2006 3863 caetera:
2035 3815 2076 3870 c

419 3909 609 3978 gentes
657 3899 839 3971 lingua
877 3903 1112 3954 humana
1163 3901 1477 3970 loquamur,
1516 3907 1701 3968 postea
1729 3897 1998 3965 spirituali

419 3999 676 4066 ldiomate
709 4011 796 4051 res
827 3995 1039 4050 divinas
1070 3995 1271 4050 dicturi
1301 4013 1315 4062 ;
1348 3997 1599 4050 virtutem
1625 3995 1768 4049 enim
1823 4002 1876 4047 et
1905 3996 2004 4043 hoc

425 4104 556 4143 num
619 4087 903 4158 spirituale
959 4104 1112 4142 more
1166 4089 1353 4142 divino
1426 4088 1804 4140 enuntiamus.
1870 4087 1999 4153 Age,

425 4178 617 4246 Deum,
644 4188 702 4232 ut
719 4179 818 4247 ipsi
841 4178 1376 4248 comprehendimus,
1398 4175 1831 4240 manifestemus,
1855 4192 2002 4230 uein-

427 4286 494 4356 pe
532 4285 597 4326 ex
617 4257 777 4324 nobis
811 4271 1170 4338 superiorem,
1205 4285 1270 4323 ex
1305 4269 1886 4338 comprehensibilibus
1919 4271 2005 4324 in-

429 4361 911 4438 compreheusum,
946 4375 976 4414 e
1009 4361 1370 4416 terrestribus
1402 4360 1714 4427 caelestem;
1747 4363 1838 4431 qui
1865 4361 2006 4416 inter

429 4469 520 4517 res
553 4453 845 4516 sensibiles
895 4453 1275 4507 immaterialis
1306 4467 1369 4506 ac
1432 4452 2008 4521 incomprehensibilis

431 4555 556 4612 est;
594 4547 686 4617 qui
745 4545 808 4613 in
852 4560 1032 4600 rerum
1125 4542 1672 4610 circumscriptarum
1781 4561 2009 4601 numero

433 4621 637 4706 ubique
694 4633 872 4700 adest,
903 4634 1088 4688 omnia
1125 4632 1339 4703 replet;
1379 4632 1473 4702 qui
1517 4633 1656 4686 inter
1691 4649 1780 4690 res
1825 4637 2006 4689 visibi-

433 4729 512 4796 les
559 4737 614 4785 et
645 4727 903 4795 limitatas
956 4726 1247 4782 invisibilis
1300 4732 1354 4779 et
1394 4724 1707 4780 indelinitus
1728 4733 1830 4781 est.
1857 4726 2008 4792 Quod

369 4815 377 4827 “
435 4819 480 4872 si
533 4818 692 4881 nobis
732 4819 847 4873 lure
899 4819 1116 4881 tribuis,
1155 4818 1301 4872 illico
1346 4827 1502 4872 terrm
1575 4819 1841 4873 terminus
1897 4821 2012 4888 ipse

438 4910 511 4974 ad
541 4920 860 4979 praesentem
907 4914 1213 4976 dor-trinam
1252 4931 1356 4967 non
1409 4914 1619 4968 inutilis
1664 4915 1787 4979 erit,
1847 4929 2009 4968 sensu

438 5004 684 5080 preprio,
737 5014 796 5058 ut
825 5004 1084 5068 diximus,
1136 5007 1433 5061 adhibitus.
1463 5007 1516 5060 Si
1580 5017 1762 5062 autem
1818 5022 2013 5061 secun-

441 5096 565 5144 dum
596 5093 996 5164 homonymiam
1028 5094 1202 5148 tribus
1225 5096 1343 5151 aliis
1375 5097 1624 5152 terminis
1661 5096 1853 5166 logicis
1905 5099 2014 5152 cir-

2184 3815 2247 3860 v'.
2292 3808 2462 3875 Ἀιρες
2504 3806 2616 3867 οὖν.
2656 3802 2699 3859 ὧ
2728 3798 2906 3868 οὗτος,
2956 3807 3052 3860 καὶ
3083 3808 3232 3875 ἡμᾶς
3265 3806 3410 3859 καθᾶ
3442 3809 3533 3861 καὶ
3563 3805 3667 3860 πᾶν

2109 3899 2238 3954 ἄλλο
2264 3899 2415 3960 ἔθνος
2443 3898 2623 3950 λαλεῖν
2648 3899 2707 3948 ὲκ
2741 3897 2852 3950 τῶν
2885 3897 3017 3968 παρ’
3046 3899 3180 3967 ἡμῖν
3209 3897 3520 3968 ἀνθρωπίνῃ
3541 3895 3663 3964 ὀρθῇ

2109 3991 2346 4063 γλώττῃ,
2380 3991 2586 4043 αὐτίκα
2620 3991 2676 4043 δὲ
2706 3991 2800 4043 καὶ
2834 3993 3181 4062 πνευματικῇ
3216 3993 3284 4043 τὰ
3313 3992 3407 4045 τοῦ
3442 3991 3569 4046 Θεοῦ
3599 3989 3666 4051 ὡς

2107 4083 2440 4152 ἑξισχύομεν
2472 4097 2487 4113 ⁸
2522 4081 2948 4152 ἐπιλεγομένους
2984 4084 3080 4153 τὴν
3130 4086 3189 4135 ὲν
3227 4082 3440 4149 λέξεσιν
3481 4081 3669 4151 ἀρετὴν

2109 4176 2204 4228 καὶ⁵
2233 4175 2294 4228 τὸ
2334 4173 2456 4228 κατ’
2488 4173 2659 4236 αύτάς
2695 4174 2898 4242 ἀγαθὸν
2934 4174 3200 4244 ψυχικὸν,
3248 4177 3338 4227 καὶ
3387 4189 3670 4241 πνευματι-

2107 4268 2224 4333 κὸν,
2259 4267 2352 4320 καὶ
2384 4266 2528 4319 οὕτω
2589 4265 2892 4336 θεοπρεπὲς
2921 4283 2936 4299 ο
2985 4269 3119 4335 ἄφες
3169 4267 3542 4334 διασαφεῖσθαι
3583 4264 3671 4314 τὸν

2109 4362 2244 4414 Θεὸν
2278 4360 2368 4428 ὑφ’
2404 4359 2562 4430 ἡμῶν
2598 4359 2672 4422 ὡς
2710 4360 3118 4429 παρελάϐομεν,
3152 4359 3241 4413 τὸν
3272 4360 3413 4428 ὑπὲρ
3448 4359 3583 4426 ἡμεῖς
3610 4357 3669 4406 ἐκ

2111 4454 2221 4506 τῶν
2259 4453 2316 4506 ὲν
2349 4455 2483 4522 ἡμῖν
2519 4451 2644 4504 καθ’
2670 4453 2846 4520 ἡμᾶς,
2873 4454 2937 4504 ὲκ
2969 4451 3075 4504 τῶν
3107 4452 3394 4521 εὑλήπτων
3424 4451 3511 4503 τὸν
3545 4451 3674 4501 ἀκαο

2113 4545 2413 4614 τάληπτον,
2453 4545 2514 4596 ὲκ
2541 4545 2648 4597 τῶν
2679 4546 2807 4614 περὶ
2847 4545 2953 4612 γῆν
2979 4544 3072 4596 τὸν
3097 4543 3442 4615 ἐπουράνιον,
3475 4545 3534 4594 ὲκ
3571 4539 3674 4591 τῶν

2114 4638 2392 4708 αἰσθητῶν
2438 4637 2535 4690 καὶ
2587 4637 2811 4706 παχέων
2868 4637 2961 4689 τὸν
3001 4637 3142 4706 ὑπὲρ
3198 4639 3380 4690 πᾶσαν
3433 4636 3676 4704 αἴσθησιν

2114 4729 2212 4780 καὶ
2241 4729 2427 4796 ἄῦλον,
2464 4729 2525 4780 ἐκ
2579 4727 2688 4779 τῶν
2727 4726 3120 4795 περιγραπτῶν
3151 4727 3302 4797 τόπῳ
3351 4729 3441 4779 τὸν
3483 4740 3696 4798 πανταοη

2117 4819 2214 4887 χοῦ
2252 4819 2498 4886 παρόντα
2539 4817 2636 4870 καὶ
2686 4819 2751 4870 τὰ
2802 4820 2980 4872 πάντα
3033 4819 3346 4888 πληροῦντα
3375 4819 3468 4870 καὶ
3497 4815 3697 4885 ἀπερί-⁴

2118 4929 2364 4979 γραπτον
2387 4950 2400 4974 ,
2435 4913 2531 4963 καὶ
2585 4913 2649 4962 ἐκ
2703 4909 2814 4962 τῶν
2870 4912 3084 4978 ὁρατῶν
3121 4913 3212 4962 καὶ
3248 4911 3566 4980 ὡρισμένων
3589 4905 3680 4955 τὸν

2117 5002 2347 5068 ἀόρατον
2385 5002 2482 5053 καὶ
2533 5002 2924 5070 ἀπεριόριστον
2947 5017 2960 5032 ’
2999 5002 3094 5052 καὶ
3130 5002 3288 5068 εἰπερ
3319 4999 3459 5052 οὕτω
3495 4995 3682 5052 δώσεις

2120 5093 2215 5145 καὶ
2242 5093 2477 5162 ἀφήσεις
2509 5095 2638 5162 ἡμῖν
2665 5134 2678 5157 ,
2714 5095 2909 5147 αὐτίκα
2959 5096 3053 5147 καὶ
3100 5095 3128 5146 ὁ
3170 5095 3271 5161 τῆς
3303 5094 3402 5162 γῆς
3435 5093 3552 5160 ὅρος
3581 5088 3680 5139 οὐκ

440 5182 789 5247 eumscrihis,
814 5184 942 5238 hinc
968 5183 1055 5238 ﬁet
1081 5193 1139 5238 ut
1164 5185 1294 5254 ipsis
1313 5203 1527 5257 quoque
1548 5197 1717 5243 tutum
1743 5188 1941 5256 aliquid
1961 5202 1999 5243 el

2123 5184 2273 5236 ἔσται
2304 5187 2436 5253 ἡμῖν
2476 5186 2584 5238 οὐδ’
2620 5186 2782 5247 αύτὶς
2834 5188 2889 5249 ἐς
2931 5188 3030 5256 τὴν
3064 5186 3429 5256 προκειμένην
3460 5182 3689 5248 θεωρίαν

445 5273 610 5337 ljxum
657 5273 810 5337 inist,
843 5289 947 5328 non
991 5277 1293 5331 secundum
1323 5293 1561 5334 crassam
1597 5290 1651 5334 et
1677 5281 2010 5334 materialem

443 5375 720 5428 naturam.
781 5364 1068 5421 Terminus
1097 5368 1238 5422 enim
1283 5385 1446 5438 super
1494 5381 1634 5424 terra
1682 5369 1823 5425 ﬁxus
1854 5370 2012 5424 aliter

439 5456 542 5510 Sltl)
567 5466 711 5509 terra
745 5465 968 5528 apparet
1018 5468 1072 5512 et
1095 5458 1344 5520 collibus,
1367 5443 1693 5527 arboribus,
1723 5461 2013 5526 fruticetis,

447 5549 642 5616 spinis,
682 5556 739 5604 et
779 5548 1054 5603 interdum
1091 5549 1448 5605 multiformis
1515 5553 1689 5620 surgit
1725 5563 2017 5622 et-oppor-

441 5651 573 5693 tuuo
596 5642 717 5701 loco
740 5641 1092 5695 constitutus.
1116 5641 1268 5695 Multi
1295 5645 1438 5695 enim
1472 5643 1686 5696 termini
1720 5655 1775 5694 ut
1809 5643 2017 5711 lapides

443 5733 705 5793 utilliares
761 5734 1031 5788 columnis
1084 5734 1268 5804 politis
1298 5745 1351 5787 et
1395 5735 1578 5788 abacis
1602 5736 1928 5790 marmoreis
1965 5747 2018 5790 et

447 5819 811 5888 diversimode
853 5826 1131 5906 inscriptis
1181 5825 1487 5905 insistunt.
1541 5825 1645 5880 Sed
1674 5866 1687 5890 ,
1734 5829 1805 5879 mi
1849 5829 2022 5882 frater

2122 5275 2443 5342 ἀσυντελὴς,
2471 5276 2995 5346 κυριολεκτούμενος
3031 5279 3128 5343 μὲν
3174 5278 3336 5338 αὐτὸς
3367 5274 3688 5340 κοινότερον,

2121 5365 2194 5427 ὡς
2224 5366 2565 5436 προεῤῥέθη,
2599 5365 3060 5434 ὲπιμεριζόμενος
3094 5365 3146 5417 δὲ
3195 5356 3565 5431 λογικωτέρως
3589 5355 3695 5408 καὶ

2119 5459 2233 5520 τοῖς
2269 5458 2393 5511 καθ’
2438 5460 2762 5528 ὁμωνυμίαν
2793 5460 2973 5528 τρισὶν
3009 5460 3189 5521 ἄλλοις
3238 5459 3382 5526 ὅροις
3413 5456 3486 5515 ὡς
3519 5455 3692 5517 ἔτλαν

2122 5551 2207 5620 ρεῖ
2257 5550 2344 5603 διὰ
2387 5552 2447 5604 τὸ
2481 5553 2574 5605 καὶ
2613 5554 2672 5604 ὲν
2713 5552 2895 5615 αὐτοῖς
2923 5550 3163 5618 ἀσφαλὲς
3195 5551 3291 5603 καὶ
3345 5547 3560 5616 στερεὸν
3592 5538 3694 5590 καὶ

2121 5645 2410 5712 σταθερόν’
2443 5644 2502 5696 ού
2537 5643 2643 5713 μὴν
2676 5644 2817 5696 κατὰ
2845 5644 2905 5695 τὸ
2935 5642 3192 5713 παχυλῶς
3218 5643 3312 5695 καὶ
3349 5631 3696 5707 σωματωδῶς

2125 5737 2356 5806 ἑστηκὸς
2393 5736 2488 5787 καὶ
2542 5734 2682 5787 οὕτω
2735 5736 3007 5805 βεϐηκόςο
3065 5740 3092 5788 ὁ
3150 5735 3262 5806 γάρ
3315 5751 3394 5787 τοι
3436 5729 3561 5798 περὶ
3588 5722 3695 5790 γῆν

2127 5827 2376 5899 βεϐηκὼς
2425 5828 2548 5899 ὄρος
2608 5828 2782 5892 ἄλλως
2822 5831 2877 5884 ἐν
2915 5829 3188 5900 ὀρύγματι
3234 5827 3516 5896 θεωρεῖται
3548 5859 3562 5886 ,
3591 5814 3694 5868 καὶ
