3804 6238
179 346 258 410 565

899 351 984 413 IN
1032 353 1368 415 HYMNUM
1399 353 2060 421 PENTECOSTALEM
2092 357 2559 422 DAMASCENI.

3271 359 3375 426 566

177 462 538 533 ὲκαναστήμασι
580 463 870 534 γηλόφων,
903 469 999 522 καὶ
1023 468 1286 539 δένδροις,
1317 471 1352 542 ἢ
1377 471 1630 541 θάμνοις.
1663 472 1696 544 ἢ

1817 476 2138 544 importune,
2164 479 2511 547 requlescere
2565 488 2652 531 me
2691 473 2836 540 sine,
2885 487 2954 531 ne
2979 473 3162 531 denuo
3202 481 3253 528 te
3280 488 3379 528 ex-

175 555 410 618 ἀκάνθαις,
442 558 534 608 καὶ
570 557 774 630 ἑτέρως
804 558 860 612 δέ
895 560 1197 626 πολυειδῶς
1241 563 1562 630 ἀνέσταται,
1598 567 1696 620 καὶ

175 646 310 711 οὓτως
354 647 662 718 ἐπιτηδείως
721 650 947 720 βέϐηκε.
1009 653 1206 708 Πολλοὶ
1257 655 1365 725 γὰρ
1397 656 1516 726 ὅροι
1549 656 1694 711 καθά

174 739 246 790 καὶ
289 738 543 807 μιλιατμοὶ
587 740 683 794 καὶ
716 742 887 805 λίθοις
917 746 1432 816 παρασημειοῦνται
1459 747 1692 811 είκαίοις

173 830 462 899 ᾶνεστηκόσι,
507 832 603 885 καὶ
638 835 816 890 κίοσιν
849 836 910 891 εὖ
958 838 1356 908 ἀπεξεσμένοις
1400 842 1495 895 καὶ
1530 841 1693 912 βεϐη-

173 923 291 974 κόσιν
334 923 411 975 ἐπ’
447 924 760 995 ἀσφαλοῦς,
817 929 911 982 καὶ
968 930 1272 1001 πλατύτητι
1323 932 1570 988 άϐακίων
1623 935 1689 988 ἐκ

176 1015 451 1084 μαρμάρων,
479 1011 563 1082 οἷς
606 1019 702 1073 καὶ
731 1021 1044 1093 γράμματα
1087 1023 1488 1080 ἐντετύπωται.
1514 1025 1679 1092 Ἀλλ’,

170 1103 204 1162 ὦ
231 1108 402 1178 ἀδελφέ
449 1109 650 1182 ὀχληρέ
677 1153 693 1176 ,
743 1115 879 1184 ἄφες
923 1133 991 1186 με
1041 1117 1317 1188 ἡσυχάσαι
1348 1118 1442 1173 τοῦ
1476 1119 1690 1188 λοιποῦ,

175 1202 230 1271 μὴ
255 1203 334 1254 καὶ
355 1203 683 1274 ἀνακάμψας
712 1207 794 1271 είς
825 1207 988 1262 πλέον
1020 1210 1266 1281 ἐντρέψω
1308 1229 1388 1278 σε,
1427 1212 1690 1283 φαινόμε-

170 1310 238 1345 νον
268 1294 514 1358 ἀπαξιοῦν
555 1297 631 1366 μὴ
683 1298 767 1352 ὅτι
816 1317 880 1367 γε
912 1302 1008 1354 τὸν
1045 1302 1323 1373 βεϐηκότα
1366 1304 1493 1375 ὅρον
1522 1321 1693 1374 προσ-

172 1386 414 1455 αρμόττειν
445 1387 524 1457 τῷ
561 1390 778 1460 Σωτῆρι
827 1393 1076 1464 Χριστῷ,
1108 1395 1245 1449 ἀλλά
1296 1395 1371 1465 μὴ
1403 1397 1501 1450 καὶ
1529 1395 1697 1466 ἀλλην

1801 565 1986 631 citem,
2013 566 2107 637 qui
2140 567 2435 622 terminum
2465 565 2691 623 Christo
2746 563 3018 622 Salvatori
3092 564 3381 634 injungere

1802 671 1912 712 non
1941 658 2026 713 vis
2084 667 2140 713 et
2185 673 2494 714 sermonem
2540 658 2830 714 sublimem
2860 665 2916 714 et
2969 670 3221 714 severum
3255 668 3381 725 pro-

1801 750 2100 818 nuntiare;
2134 764 2166 806 e
2219 751 2422 821 quibus
2474 767 2620 808 unus
2655 761 2742 808 est
2781 751 3008 808 verbum
3039 748 3185 821 quod
3260 748 3380 817 ipse

1800 857 1961 899 suum
1989 841 2139 909 fecit,
2173 842 2311 899 alter
2340 842 2537 900 Filius.
2564 843 2696 910 Qum
2723 844 2946 900 nomina
2977 844 3044 898 ab
3067 842 3380 898 hominibus

1798 935 1852 990 in
1893 934 1986 990 Dei
2039 933 2238 990 Filium
2291 935 2488 991 collata
2515 937 2561 991 si
2604 936 3018 1008 tu'exprobras,
3058 949 3166 990 non
3197 934 3376 990 solum

1798 1026 1944 1082 Deus
1985 1034 2038 1083 te
2064 1027 2416 1106 dementavit,
2452 1029 2546 1084 sed
2587 1028 2866 1087 daemones
2887 1043 3126 1100 quoque,
3147 1026 3240 1096 qui
3278 1025 3381 1082 sub

1802 1117 1910 1175 illis
1939 1119 2478 1177 denominationibus
2510 1119 2622 1176 Deo
2650 1121 2924 1177 serviliter
2952 1119 3187 1190 subjecti
3213 1126 3364 1185 sunt,

1802 1221 1994 1266 contra
2023 1221 2074 1267 te
2104 1212 2426 1286 insurgent;
2460 1223 2515 1271 et
2538 1215 2620 1271 sic
2672 1213 2951 1270 terminus
3005 1213 3146 1271 fixus
3198 1211 3381 1267 Patris

1804 1303 1978 1360 Filius
2018 1319 2049 1359 a
2119 1307 2358 1362 termino
2425 1315 2584 1363 terra;
2641 1307 2811 1362 inlixo
2853 1305 3120 1362 dicendus
3181 1303 3382 1360 erit.E

1806 1405 1953 1452 terra
1981 1397 2128 1453 enim
2155 1414 2244 1455 res
2275 1409 2330 1454 et
2354 1400 2576 1455 nomina
2613 1399 2849 1472 plurima
2907 1397 3241 1455 oﬂ'eruntur.

169 1481 214 1544 ἐξ
250 1481 519 1554 ἀνθρώπου
577 1487 726 1556 λέξιν
755 1487 892 1559 ὕψος
940 1492 1176 1562 ἔχουσαν
1224 1494 1319 1547 καὶ
1356 1495 1699 1564 σεμνότηταο
1740 1489 1817 1549 ὧν
1867 1496 1964 1567 μία
2020 1498 2120 1568 μὲν
2171 1500 2199 1552 6
2252 1497 2449 1569 λόγος,
2479 1501 2539 1554 ὃν
2580 1501 2717 1573 ὑπὲρ
2781 1501 2908 1566 τοὺς
2962 1497 3156 1560 ἀλλους
3223 1492 3384 1555 αὐτὸς

168 1579 449 1649 ᾠκειώσατο,
477 1584 646 1655 ἑτέρα
675 1588 704 1640 6
735 1586 884 1650 Υίόςο
928 1587 964 1643 ἃ.
1005 1589 1070 1658 δὴ
1112 1589 1354 1661 ὀνόματα
1383 1592 1442 1656 ἐξ
1470 1592 1774 1662 ἀνθρώπων
1801 1595 1895 1647 ἐπὶ
1941 1594 2032 1648 τὸν
2056 1595 2184 1650 Υίδν
2211 1596 2306 1650 τοῦ
2373 1597 2510 1650 Θεοῦ
2577 1598 2891 1670 ὡρμημένα
2961 1601 3123 1670 τῑπερ
3180 1595 3385 1658 ἐθέλεις

169 1671 464 1742 μέμψασθαι,
501 1679 565 1730 οὐ
619 1679 782 1749 μόνον
822 1682 1060 1749 ἐξώλεσέ
1114 1701 1197 1737 σοι
1245 1688 1452 1754 φρένας
1482 1685 1644 1750 αὐτὸς
1703 1691 1732 1742 6
1771 1689 1927 1755 Θεὸς,
2002 1691 2140 1745 ἀλλά
2199 1695 2667 1764 καταγενὴσονταί
2718 1713 2813 1752 σου
2873 1697 2969 1751 καὶ
3024 1696 3076 1750 oi
3133 1694 3388 1764 δαίμονες

166 1767 381 1867 τοιούτοις
410 1769 644 1867 ὀνόμασι
691 1774 1048 1867 σεμνύνοντες
1075 1775 1338 1835 δουλικῶς
1362 1775 1457 1867 τόν
1493 1779 1648 1832 Θεόν’
1689 1781 1783 1834 καὶ
1808 1780 1954 1834 οὕτω
1993 1784 2094 1852 μὲν
2127 1784 2538 1856 ὃροςβεϐηκὼς
2565 1787 2660 1841 τοῦ
2689 1788 2900 1860 Πατρός
2920 1791 2949 1844 6
2981 1790 3110 1855 Υἱὸς
3159 1789 3219 1856 ἐξ
3255 1792 3384 1860 ὅρου

165 1862 239 1909 τοῦ
265 1862 378 1956 περί
405 1863 509 1933 γῆν
548 1863 847 1935 βεϐηκότος
903 1867 1119 1938 λέγοιτο
1155 1869 1254 1924 ἄν·
1287 1871 1346 1937 ἐξ
1371 1863 1440 1943 ἧς
1467 1871 1569 1942 γῆς
1601 1873 1697 1926 καὶ
1729 1871 1866 1928 ἄλλα
1899 1876 1998 1930 οὐκ
2029 1875 2188 1946 ὀλίγα
2255 1876 2334 1949 τῷ
2415 1877 2535 1950 Θεῷ
2576 1879 2923 1939 ἀνατίθενται
2970 1881 3160 1956 ὥσπερ
3205 1883 3383 1953 πράγ-

169 1970 300 2023 ματα,
317 1955 451 2008 οὕτω
483 1957 581 2010 καὶ
617 1957 884 2029 ὀνόματα.

219 2059 304 2108 va’.
345 2053 406 2106 Ἠ
446 2055 506 2109 δέ
559 2025 985 2127 γαληνόμορφος
1044 2059 1264 2131 καρδία,
1325 2025 1394 2132 ην
1439 2063 1468 2116 ό
1515 2062 1706 2133 Σωτὴρ

1887 2063 1977 2122 51.
2009 2062 2119 2121 Cor
2143 2080 2404 2122 serenum
2439 2066 2586 2138 quod
2617 2068 2869 2124 Salvator
2900 2073 3075 2124 tentat
3105 2077 3161 2124 et
3189 2082 3390 2124 atrum-

165 2142 404 2214 εὐφραίνει
431 2150 783 2220 τεταγμένην
813 2150 925 2204 εῐτε
956 2153 1273 2222 πεφυκυῖαν
1292 2152 1469 2218 άλλως
1500 2157 1559 2209 έν
1589 2156 1704 2220 τοῖς

161 2237 322 2302 δεινοῖς
345 2241 740 2311 ταράσσεσθαι,
788 2242 1097 2298 κάντεῦθεν
1150 2245 1226 2316 μὴ
1274 2247 1549 2317 γαληνῶν,
1605 2247 1728 2303 οὐχ’

163 2328 283 2382 ἔστιν
314 2331 469 2386 ἄλλου
522 2333 672 2398 τινὸς
713 2334 879 2405 ἢτοῦ
933 2336 1224 2406 θεοφιλοῦς
1278 2338 1595 2410 ἀνθρώπου·
1647 2340 1708 2405 ὃς

159 2421 555 2496 εὐφραινόμενος
579 2426 680 2496 τὴν
713 2427 974 2498 καρδίαν,
1005 2429 1180 2498 γλυκὺ
1210 2429 1374 2494 θάλος
1404 2432 1704 2502 προσώπου

159 2520 274 2574 κατὰ
301 2522 386 2576 τὸν
439 2523 862 2594 παροιμιαστὴν
913 2525 1323 2596 προϐέϐληται·
1379 2529 1601 2593 πάντως
1651 2529 1710 2584 δὲ

159 2611 333 2682 γαλήνη
364 2615 605 2686 καρδίας
653 2616 949 2688 ἀπαλλαγὴ
1007 2619 1204 2673 πασῶν
1255 2621 1555 2690 φροντίδων
1613 2621 1710 2676 καὶ

159 2706 410 2773 μεριμνῶν
445 2709 689 2762 ἀλλοίων
721 2725 781 2762 τε
823 2711 920 2763 καὶ
950 2712 1157 2776 ὁπόσας
1183 2711 1243 2777 ἐξ
1286 2711 1565 2784 ἐπηρειῶν
1602 2713 1711 2766 τῶν

157 2796 445 2868 ίθενδήποτε
509 2801 802 2870 πάσχομεν
853 2801 1154 2872 ἅνθρωποι⁸
1207 2802 1266 2870 ἐξ
1312 2798 1387 2858 ῶν
1434 2801 1711 2874 κορυφοῦ-

159 2907 273 2956 μενα
301 2891 527 2960 κύματα
563 2893 622 2946 ἐν
656 2894 789 2962 ἡμῖν
821 2893 917 2947 καὶ
965 2897 1314 2964 ταρὰσσοντα
1342 2894 1487 2948 κατά
1525 2895 1612 2957 τὸ,
1649 2893 1714 2946 Τί

156 2985 529 3054 τεταραγμένοι
589 2985 715 3038 ἐστέ
757 2984 1132 3056 διαλογισμῶν
1165 2985 1452 3052 ἀναϐάσει,
1487 2985 1589 3039 ὅσα
1619 2985 1715 3039 καὶ

153 3075 382 3141 κυμάτων
429 3075 746 3142 ἀνατάσει,
799 3079 1301 3150 καταστορέννυται
1345 3079 1426 3141 είς
1480 3079 1720 3148 πραεῖαν

154 3164 391 3234 γαλήνην,
421 3168 569 3222 Θεοῦ
615 3169 934 3234 κελεύοντος
985 3171 1081 3223 καὶΙ
1124 3170 1297 3234 οὕτως
1330 3170 1717 3240 εὐφραίνοντος

151 3255 198 3306 ἐν
218 3256 286 3325 τῷ
313 3259 453 3330 ὑπὲρ
482 3258 649 3330 ἡμῶν
685 3261 982 3330 μεριμνᾷν.
1021 3259 1194 3330 Δῆλον
1221 3259 1280 3313 δέ
1311 3259 1390 3325 ῶς
1421 3260 1480 3314 οὐ
1522 3259 1718 3331 ψευδο-

152 3347 364 3421 γαλήνην
406 3351 653 3407 ἐνταῦθα
699 3353 851 3421 δηλοῖ
880 3355 914 3425 ή
951 3353 1400 3425 γαληνόμορφος,
1450 3355 1587 3410 καθὸ
1623 3355 1718 3425 δη-

150 3410 270 3512 ).an
301 3410 674 3514 μορφάξουσα
711 3410 1095 3516 ἠρεμίαν-οὐκ.
1123 3410 1255 3500 εᾶτί
1287 3410 1567 3515 γαλιήνιος,
1601 3410 1713 3503 ἀλλ’
1742 3410 1790 3470 c

152 3530 212 3593 ὡς
240 3533 376 3589 οὕτω
425 3537 609 3607 φάναι
663 3537 1061 3611 ’(αληνοειδής·
1099 3536 1217 3591 ἀλλ’
1250 3538 1438 3608 ἐπειδὴ
1482 3538 1719 3606 μάλιστα

148 3624 239 3678 τῶν
274 3627 450 3683 ἄλλων
495 3629 689 3701 μερῶν
739 3629 836 3682 τοῦ
870 3628 1125 3699 σώματος
1154 3632 1188 3700 ἠ
1224 3629 1348 3682 κατ’
1374 3629 1496 3699 ὄψιν
1533 3629 1719 3701 μορφὴ

151 3715 398 3775 θάλλουσα
446 3724 808 3795 καταμηνύει
860 3723 1073 3793 χαίρειν
1124 3722 1216 3776 τὸν
1271 3723 1580 3792 ἄνθρωπον,
1622 3722 1720 3776 καὶ

147 3810 304 3883 ψυχῆς
332 3815 651 3888 χαιρούσης
686 3815 952 3885 ἐνοπτρον
977 3815 1040 3867 τὸ
1065 3814 1343 3884 γαληνιῶν
1382 3815 1681 3886 πρόσωπον
1701 3855 1716 3878 ,

148 3901 222 3954 διὰ
261 3903 418 3963 τοῦτο
471 3905 909 3976 γαληνόμορφον
970 3904 1074 3975 ἔφη
1125 3904 1226 3973 τὴν
1284 3897 1645 3976 καρδίαν,’ἦς
1686 3904 1719 3972 ἡ

147 3995 275 4064 χαρά
325 3999 424 4052 τοῦ
484 3998 795 4070 προσώπου
844 3996 1122 4066 ἐξανίσχει
1175 3996 1514 4066 λάμπουσα,
1547 3997 1724 4065 χυμὸν

147 4091 598 4162 προϐαλλομένης
633 4091 812 4160 φίλιον
865 4091 962 4145 καὶ
1015 4089 1474 4161 παραφαινούσης
1525 4088 1726 4159 ἑαυτὴν

147 4183 212 4247 ὠς
245 4185 324 4249 είς
351 4186 565 4248 κάλλος
595 4184 831 4254 πρωῖνδν
869 4181 1263 4254 ῥοδοδάκτυλον
1283 4199 1298 4214 ο
1335 4182 1431 4235 καὶ
1467 4181 1643 4243 ἄλλως
1669 4179 1727 4233 δὲ

143 4276 229 4345 τῆς
279 4281 505 4352 μορφῆς
584 4281 666 4342 εἰς
726 4279 893 4346 φύσιν
968 4275 1538 4346 μεταλαμϐανομένης
1608 4274 1723 4334 τοῖς

140 4367 459 4436 ἁγιωτάτοις
520 4369 827 4440 Πατράσιν·
895 4371 1070 4422 εἰπεῖν
1125 4367 1182 4422 δὲ
1233 4367 1358 4420 κατ’
1406 4367 1603 4428 αὐτοὺς
1646 4367 1725 4428 είς

142 4465 229 4530 τὴν
253 4465 534 4536 ἀλήθειαν
569 4465 656 4534 εἴη
709 4465 775 4519 ἂν
807 4464 1007 4533 καρδία
1039 4462 1464 4533 γαληνόμορφος
1495 4463 1528 4532 ἡ
1565 4461 1728 4530 φύσει

141 4557 223 4610 καί
267 4559 499 4630 ἀληθῶς
541 4559 866 4628 γαληνιῶσα
905 4557 998 4611 διὰ
1047 4556 1106 4608 τὸ
1140 4557 1221 4619 είς
1268 4555 1433 4609 αὐτὸν
1480 4555 1571 4608 τὸν
1596 4554 1729 4608 Θεὸν

1809 2158 1894 2214 nis
1957 2157 2148 2229 objicit
2199 2159 2274 2214 ita
2327 2160 2476 2216 utin
2515 2160 2941 2229 trepidationem
2993 2159 3174 2228 abeat,
3214 2175 3390 2231 penes

1807 2251 1959 2321 pium
1991 2259 2204 2308 tantum
2236 2252 2560 2321 invenitur;
2594 2253 2684 2309 bic
2730 2255 2878 2310 enim
2931 2253 3216 2310 latiﬂeans
3270 2253 3391 2308 ani-

1808 2357 1983 2409 mum,
2041 2343 2347 2401 secundum
2417 2343 2815 2414 Ecclesiasten,
2859 2343 3072 2401 vultum
3136 2358 3434 2400 serenum.

1811 2443 2103 2494 monstrat.
2141 2435 2304 2494 Certe
2337 2437 2614 2494 serenitas
2668 2437 2854 2494 cordis
2904 2451 3165 2493 curarum
3200 2442 3253 2491 et
3283 2433 3395 2491 sol-

1810 2521 2160 2579 licitudinum
2194 2525 2500 2581 absentiam
2555 2526 2763 2596 quibus
2813 2527 3076 2583 mortales
3123 2511 3394 2584 vexantur

1812 2624 2102 2673 monstrat.
2135 2615 2308 2672 Unda:
2333 2617 2478 2674 enim
2507 2632 2630 2688 quae
2653 2618 2818 2674 corda
2851 2627 3035 2675 vestra
3067 2617 3395 2688 perturbant

1813 2717 1866 2764 et
1895 2716 2127 2764 mentem
2169 2709 2437 2779 trepidam
2472 2709 2704 2776 faciunt,
2740 2717 2866 2781 post
2915 2718 3296 2781 tempestatem
3327 2704 3391 2764 ad

1815 2799 2262 2870 tranquillitatem
2293 2801 2564 2870 redeunt;
2607 2801 2750 2857 Deus
2792 2802 2938 2857 enim
2962 2802 3118 2870 jubet
3148 2811 3202 2856 et
3231 2815 3396 2857 curas

1814 2903 2030 2948 vestras
2069 2906 2134 2948 ex
2179 2891 2383 2948 animis
2432 2893 2634 2949 vestris
2664 2891 2848 2964 eripit.
2911 2891 3258 2947 Manifestum
3314 2898 3398 2944 est

1817 2992 2000 3040 autem
2031 2983 2176 3054 quod
2216 2983 2590 3054 tranquillitas
2625 2998 2735 3039 non
2773 2982 3194 3054 tranquillitatis
3221 2982 3392 3038 sinui-

1817 3076 2026 3133 lacrum
2059 3077 2284 3133 exhibet
2311 3094 2330 3145 ;
2369 3075 2552 3132 differt
2582 3077 2726 3133 enim
2753 3077 2897 3132 inter
2927 3075 3165 3147 speciem
3197 3081 3251 3131 et
3277 3088 3396 3129 rea-

1819 3170 2050 3226 litatem.
2069 3168 2542 3237 Quemadmodum
2563 3168 2708 3223 enim
2736 3169 2882 3223 inter
2926 3176 3122 3224 caetera
3145 3163 3397 3236 corporis

1820 3265 2062 3320 membra
2090 3263 2273 3317 vultus
2308 3277 2537 3319 serenus
2580 3261 2821 3318 hominis
2846 3260 3091 3317 laetitiam
3129 3257 3392 3320 ostendit.

1820 3361 1876 3408 et
1899 3351 2356 3423 quemadmodum
2387 3349 2560 3406 facies
2598 3351 2913 3407 serenitatis
2946 3350 3236 3428 speculum
3287 3357 3396 3412 est,

1821 3445 1900 3501 sic
1931 3459 2026 3500 cor
2058 3445 2196 3499 dixit
2225 3458 2479 3499 serenum
2511 3443 2665 3515 cujus
2717 3443 2973 3514 gaudium
3006 3442 3060 3497 in
3093 3442 3247 3497 vultu
3311 3456 3401 3497 re-

1821 3539 2105 3608 splendet;
2141 3553 2335 3593 roseus
2377 3537 2526 3594 enim
2569 3539 2617 3592 ei
2643 3537 2794 3593 color
2836 3536 3075 3604 insidet;
3109 3550 3231 3605 quae
3275 3534 3403 3604 qui-

1825 3633 1950 3686 (lem
1985 3638 2303 3686 sanctorum
2349 3645 2568 3699 quoque
2612 3629 2833 3684 Patrum
2895 3628 3082 3700 Opinio
3121 3627 3242 3692 fuit,
3271 3641 3404 3696 quo-

1824 3736 1946 3775 rum
1983 3720 2268 3774 veracitati
2302 3734 2410 3772 non
2435 3720 2654 3776 resistet
2680 3720 2772 3788 qui
2804 3734 2899 3775 eor
2930 3734 3186 3777 serenqu
3216 3716 3405 3778 habet.

1825 3823 1882 3867 et
1913 3811 2057 3881 quod
2112 3812 2167 3867 in
2217 3812 2328 3867 Deo
2385 3821 2452 3866 ut'
2477 3819 2597 3866 tuto
2637 3821 2797 3882 portu
2856 3810 3140 3888 refugium;
3186 3811 3407 3879 quaerit.

1821 3906 1896 3961 Ea
1929 3907 2074 3962 enim
2100 3921 2226 3962 vera
2256 3907 2528 3962 serenitas
2562 3921 2672 3960 non
2721 3907 3023 3975 interrupta
3056 3912 3255 3958 aeterna
3280 3905 3406 3958 erit.

1823 4000 1932 4055 Cor
1962 3998 2107 4053 enim
2133 3996 2314 4052 lzetum
2348 4012 2456 4052 non
2490 4011 2626 4068 opus
2675 3997 2838 4053 habet
2883 4007 2941 4052 ut
2971 3997 3153 4052 Iretum
3179 3981 3411 4060 sistatur

1824 4104 1880 4148 et
1911 4090 2300 4147 inﬂammetur.
2340 4089 2485 4146 Vera
2514 4091 2658 4146 enim
2717 4089 3091 4161 tranquillitas
3114 4105 3146 4145 e
3174 4089 3412 4145 termino

1825 4186 2044 4242 Christo
2079 4193 2133 4241 et
2172 4183 2412 4256 genuino
2447 4183 2627 4241 Verbo
2665 4183 2843 4255 prodit
2871 4183 3016 4252 quod
3079 4183 3162 4240 vel
3205 4194 3413 4254 tempe-

1838 4278 1966 4335 stati
2025 4279 2263 4348 imperat
2305 4288 2359 4335 et
2389 4278 2562 4334 undas
2617 4278 2840 4348 subigit.
2901 4276 3194 4334 Terminus
3249 4277 3416 4348 igitur

1837 4373 2001 4439 ﬁxus,
2036 4371 2261 4428 verbum
2295 4379 2471 4427 tutum
2499 4371 2653 4427 cordi
2689 4369 3138 4440 tranquillitatem
3159 4367 3412 4436 largitur.

1836 4462 1972 4518 Illud
2006 4463 2154 4519 enim
2205 4463 2559 4519 serenitatem
2596 4461 2822 4528 stabilit,
2852 4470 2906 4518 et
2930 4462 3008 4518 sic
3031 4476 3224 4517 omnes
3256 4460 3417 4521 undae

1840 4555 2156 4611 immobiles
2214 4555 2560 4621 redduntur;
2601 4554 2748 4609 venti
2806 4552 2952 4606 enim
3013 4567 3077 4606 ac
3140 4565 3289 4606 mare
3320 4551 3416 4604 Dei

141 4648 489 4720 εὐφροσύνως
531 4649 984 4721 ἐλλιμενίσασθαι
1008 4666 1022 4681 ο
1057 4644 1116 4703 οὗ
1153 4649 1185 4718 ἡ
1225 4648 1349 4701 κατ’
1385 4647 1707 4718 εὐφροσύνη,

1837 4647 2086 4717 juhentis
2119 4647 2266 4700 dicto
2317 4645 2600 4700 obediunt.

139 4741 440 4816 γαληνότης
507 4744 929 4807 ἀκατάκλυστος
988 4741 1086 4796 καὶ
1159 4741 1382 4813 ἀδιεχὴς
1453 4741 1528 4803 ὡς
1591 4741 1733 4810 ὑπὲρ
1773 4743 1958 4796 πᾶσαν
2005 4738 2296 4809 συνέχειαν
2327 4736 2418 4790 διά
2460 4752 2520 4788 τε
2555 4737 2652 4790 καὶ
2683 4732 2902 4787 αίῶνιον
2960 4732 3128 4800 αὐτῆς
3162 4732 3256 4784 καὶ
3323 4732 3421 4788 οῦ.-

138 4857 234 4903 τως
263 4841 757 4896 άκατάπαυστονο
799 4837 874 4901 ὡς
920 4834 1064 4892 εἶναι
1117 4836 1538 4907 γαληνόμορφον
1586 4836 1818 4907 καρδίαν
1848 4836 1910 4888 οὐ
1931 4833 2034 4904 τὴν
2066 4829 2498 4904 μορφαζομένην
2567 4827 2644 4890 ὡς
2701 4826 2783 4888 είς
2847 4825 3109 4896 γαλήνην,
3185 4826 3328 4879 κατά
3361 4817 3424 4876 τὺ

137 4931 191 4984 ἐν
217 4935 327 4999 τοῖς
383 4935 530 5003 ἐξῆς
562 4929 1017 5003 πυρσομορεροῦν,
1054 4929 1192 4984 ἀλλὰ
1246 4928 1348 4998 τὴν
1383 4927 1600 4998 ἀληθῶς
1640 4929 1945 4998 εὐγάληνον
2010 4925 2100 4980 διὰ
2148 4923 2211 4978 τὸ
2281 4923 2405 4977 κατ’
2440 4920 2612 4991 αὐτὴν
2655 4917 2901 4992 βέϐαιον,
2969 4920 3105 4988 ὅπερ
3145 4915 3270 4994 ἔσχε
3335 4916 3426 4982 διὰ

135 5025 220 5079 τοῦ
254 5028 573 5100 βεϐηκότος
605 5026 736 5096 ὅρου
769 5023 1011 5094 Χριστοῦ
1058 5020 1154 5075 τοῦ
1189 5021 1285 5075 καὶ
1319 5021 1727 5090 ἀτρεκεστάτου
1768 5020 1954 5087 λόγου,
1989 5018 2087 5072 τοῦ
2118 5015 2236 5100 Ακαὶ
2278 5013 2666 5076 ἐπιτάσσοντος
2728 5013 2795 5083 τῇ
2873 5009 3152 5079 καταιγίδι
3232 5010 3428 5081 στῆναι

134 5121 206 5183 είς
235 5097 444 5190 αὖρα-ν,
484 5123 588 5173 καὶ
613 5117 1004 5181 ταπεινοῦντος
1030 5117 1097 5171 τά
1125 5115 1352 5184 κύματα
1377 5132 1390 5147 ·
1417 5113 1559 5168 ὥστε
1605 5113 1804 5184 συνοχὴ
1840 5115 1936 5184 τῆς
2004 5097 2160 5165 κατάι
2213 5106 2638 5180 γαληνόμορφον
2675 5104 2906 5176 καρδίαν
2957 5103 3187 5178 ἐννοίας,
3261 5106 3289 5158 6
3356 5109 3430 5157 ei-

139 5219 368 5287 ρημένος
397 5215 668 5289 βεϐηκὼς
698 5217 844 5285 ὅρος,
871 5217 898 5268 ὁ
930 5213 1172 5284 ἀτρεκὴς
1207 5216 1385 5284 λόγος,
1421 5215 1449 5267 6
1484 5213 1580 5267 καὶ
1613 5212 1880 5278 ἐπιτάξας
1911 5211 2051 5283 πρὸς
2075 5207 2335 5278 ἀλήθειαν
2394 5205 2491 5260 καὶ
2547 5204 2750 5260 αὐτίκα
2822 5204 3054 5274 ποιήσας
3129 5201 3431 5274 βεϐηκυῖαν

135 5307 375 5381 γαλήνην
409 5308 608 5363 εῑτουν
639 5307 934 5378 σταθερὰν,
972 5307 1041 5361 δι’
1080 5302 1144 5362 οὗ
1175 5303 1566 5378 ἀτρεμίζονται
1600 5305 1832 5358 παντοῖα
1887 5304 2145 5372 κύματα,
2187 5300 2263 5364 ὡς
2309 5300 2406 5354 καὶ
2435 5299 2545 5354 τῶν
2613 5299 2834 5368 ἀνέμων
2901 5297 2996 5352 καὶ
3061 5296 3176 5370 τῆς⁵
3236 5294 3434 5349 θαλάσ-

137 5419 231 5468 an:
260 5407 503 5468 ὁποίους
559 5404 626 5457 ἂν
683 5404 779 5456 καὶ
829 5404 1028 5466 αὐτοὺς
1077 5404 1173 5456 καὶ
1203 5401 1422 5472 ἐκείνην
1453 5400 1741 5454 ἐκλάϐοιτό
1763 5392 2297 5469 τις,”’ὑπακουόντων
2323 5397 2531 5452 αὐτῶν.

201 5498 299 5566 νβ’.
339 5498 421 5552 Τδ
478 5498 543 5549 δὲ
582 5497 796 5550 ἐκτελεί
844 5499 944 5567 οὐχ
993 5496 1180 5558 ἁπλῶς
1237 5499 1414 5550 κεῖται
1475 5497 1597 5549 ἀντὶ
1648 5513 1707 5550 το

1817 5514 1824 5547 ι
1922 5495 2011 5549 52.
2048 5492 2184 5548 Illud
2215 5492 2424 5547 ἐκτελεῑ
2455 5507 2620 5564 porro
2654 5507 2756 5562 pro
2790 5493 2939 5546 ποιεῖ
2973 5491 3210 5562 legitur;
3245 5493 3433 5555 poeta-

137 5594 298 5656 ποιεῖ,
333 5592 471 5645 ὅθεν
506 5589 696 5642 λαϐών
727 5608 810 5653 τις
869 5589 1307 5659 ποιητικώτερον
1363 5585 1519 5641 εἷπεν
1568 5587 1632 5641 ἂν
1681 5605 1706 5640 ε.

1855 5603 1977 5642 rum
2028 5586 2174 5643 enim
2220 5600 2368 5642 more
2416 5600 2578 5642 sensa
2632 5586 2946 5656 exprimere
2993 5584 3180 5637 volens
3233 5576 3434 5631 melius

139 5687 302 5750 ποιεῖ,
335 5686 369 5756 ἦ
413 5685 523 5736 καὶ
571 5683 752 5745 ἄλλως
781 5683 954 5736 οὖσιοῖ
980 5682 1012 5752 ἢ
1041 5683 1201 5753 ὰρτοί
1226 5697 1239 5712 ’
1275 5682 1413 5735 ἀλλὰ
1464 5680 1624 5749 δῆλον
1660 5681 1707 5732 61

1853 5683 2032 5738 οὐσιοῖ
2069 5693 2164 5736 aut
2196 5682 2355 5752 ἀρτοῖ
2391 5680 2649 5744 dixisset.
2682 5678 2788 5740 Sed
2818 5679 2937 5733 sine
2987 5672 3154 5729 dubio
3188 5682 3286 5722 cor
3345 5684 3434 5721 se:

137 5778 282 5829 ποιεῖ
340 5777 457 5846 μὲν
512 5774 751 5844 καρδίαν
779 5773 1219 5845 γαληνόμορφον,
1258 5773 1398 5842 πλὴν
1436 5772 1536 5826 οὐκ
1567 5771 1707 5824 ἄλλω

1856 5789 2047 5829 renum
2081 5774 2278 5838 reddit,
2315 5776 2406 5836 sed
2466 5789 2611 5837 cum
2650 5768 2933 5827 sanctione
2989 5777 3112 5833 quae
3179 5757 3436 5814 homines

141 5868 276 5926 ἀλλά
310 5869 743 5940 τελεταρχικῶς
789 5869 883 5921 καὶ
944 5868 1085 5923 κατά
1138 5854 1260 5922 τινα
1315 5869 1534 5938 τελετὴν
1584 5867 1707 5936 ἁγία

1856 5865 2214 5936 perfectiores
2275 5865 2473 5923 reddit.
2540 5863 2642 5919 libi
2697 5860 2841 5917 enim
2905 5854 3028 5924 quis
3083 5849 3434 5911 serenitatem
