3966 6248
435 324 534 389 L71

1139 323 1563 384 EUSTATHII
1608 319 2365 382 THESSALONICENSIS
2408 319 2972 380 METROPOLlTx’E

3585 312 3686 381 572

429 437 627 504 ignitas
677 436 731 490 in
764 436 1041 508 angelicas
1096 436 1542 492 transformando
1593 453 1715 506 qua:
1748 437 2003 492 humanis

2126 440 2212 491 ιέν
2258 438 2520 507 σοφιστὰς
2553 436 2664 490 τῶν
2696 437 2898 505 γηΐνων
2929 476 2942 499 ,
2993 431 3069 488 ῶν
3117 434 3150 505 ή
3214 433 3438 503 γλῶσσα
3483 435 3687 502 διῆλθε,

427 528 633 596 linguis
681 529 990 595 superiores
1047 537 1273 594 essent,
1338 529 1539 598 quippe
1588 544 1708 598 quze
1769 528 2005 598 Spiritus

430 620 641 690 dactylo
662 628 816 673 tactae
836 628 1042 684 essent,
1069 631 1123 673 et
1147 635 1268 688 quae
1294 622 1499 674 mundo
1529 620 1792 675 salutaria
1821 628 2008 675 essent

431 711 713 777 psallendo
770 721 1112 770 resanarent.
1174 721 1232 764 ut
1280 711 1442 764 etiam
1486 712 1520 764 ii
1585 712 1740 780 quia
1798 711 2007 764 sanctis

430 802 714 870 discipulis
746 804 942 856 initiati
973 814 1160 856 essent
1191 796 1345 856 novis
1399 804 1605 872 linguis
1655 805 2007 872 loquerentur

432 895 630 946 mirum
673 895 727 947 in
777 894 1001 947 modum
1053 895 1356 959 secundum
1411 895 1599 960 David,
1651 896 1849 965 linguis
1885 897 2007 951 dico

426 998 563 1052 quas
617 998 895 1051 nunquam
952 986 1284 1040 didicerunt.
1337 984 1430 1040 His
1456 987 1598 1039 enim
1638 986 1840 1054 linguis
1869 1000 2006 1056 opus

427 1084 546 1129 erat
607 1075 754 1145 loqui
801 1089 990 1131 contra
1061 1092 1228 1131 vanos
1261 1105 1299 1141 ,ι
1335 1087 1389 1132 et
1452 1079 1532 1133 sic
1588 1077 1684 1132 Dei
1734 1077 2002 1146 Spiritum

428 1168 613 1221 testari
657 1178 711 1221 et
759 1169 1001 1223 coelestia
1049 1153 1408 1223 annuntiare.
1458 1170 1514 1223 Si
1566 1174 1713 1224 enim
1763 1171 1942 1226 atbeis
1973 1186 2001 1224 a

425 1259 627 1329 linguis
667 1261 820 1314 labor
862 1270 916 1314 et
939 1260 1225 1316 diliicultas
1286 1264 1558 1327 nascitur,
1621 1264 1722 1331 piis
1759 1272 2003 1319 econtra

427 1350 662 1405 dulcedo
694 1361 750 1404 ut
777 1351 880 1404 mel
912 1352 1141 1414 accedit,
1174 1361 1234 1404 ut
1277 1351 1476 1420 lingua:
1523 1352 1875 1419 antiquorum
1913 1364 2005 1420 po-

425 1442 704 1508 polorum,
745 1441 942 1511 quibus
979 1441 1068 1495 lux
1105 1442 1369 1495 immensa
1415 1456 1644 1498 accensa
1678 1451 1844 1496 estet
1887 1457 2007 1510 quas

427 1533 482 1584 in
511 1547 694 1585 acrem
729 1533 1000 1596 ascendit,
1031 1533 1251 1602 pessimi
1293 1532 1436 1602 regis
1469 1533 1521 1587 in
1553 1533 1841 1595 auxilium,
1877 1541 2009 1588 sunt

431 1623 732 1679 liumiliatae
785 1626 839 1678 in
890 1625 1142 1681 miserias
1201 1625 1325 1679 vitae
1376 1625 1653 1681 humanas.
1718 1624 2006 1681 Praesentis

427 1727 610 1770 autem
643 1716 766 1771 festi
805 1718 1000 1787 linguae
1042 1728 1096 1773 et
1142 1718 1233 1788 qui
1285 1718 1354 1772 iis
1401 1719 1688 1773 illuminati
1723 1729 1853 1773 sunt
1895 1719 2006 1775 Deo

427 1822 617 1876 regum
648 1805 782 1877 Regi
814 1824 874 1863 se
900 1809 1253 1864 addixerunt.
1304 1808 1592 1864 Trinitatis
1626 1811 1770 1865 enim
1824 1812 2006 1882 ignem

427 1901 733 1964 continent,
793 1901 885 1969 qui
956 1916 1042 1956 res
1102 1911 1321 1956 exteras
1374 1916 1482 1956 non
1533 1902 1828 1956 comburit.
1865 1903 2003 1968 Quia

427 1993 573 2044 enim
603 2007 726 2046 cum
758 2002 918 2048 vento
970 1994 1205 2048 violento
1232 1994 1467 2065 desuper
1512 1995 1680 2061 venit,
1724 2010 1833 2049 non
1870 1996 2012 2051 sicut

429 2085 634 2139 tonitru
666 2097 724 2140 et
754 2095 946 2140 contra
979 2087 1148 2156 legem
1178 2087 1482 2142 naturalem
1520 2087 1572 2140 in
1607 2087 1822 2158 linguas
1849 2088 2003 2140 llam-

429 2193 582 2233 meas
620 2178 849 2246 incidit;
883 2179 976 2234 sed
1027 2178 1302 2233 illuminat
1346 2189 1398 2233 et
1446 2180 1661 2249 perﬁcit
1711 2180 1910 2234 mirum
1954 2183 2010 2236 in

429 2271 654 2325 modum
701 2286 798 2325 eos
849 2271 941 2340 qui
980 2271 1061 2326 sic
1109 2271 1201 2324 illa
1253 2271 1376 2325 luce
1417 2272 1629 2341 pratditi
1675 2271 1920 2339 fuerunt,
1955 2285 2011 2328 et

432 2373 692 2432 tanquam
725 2372 890 2418 vento
915 2364 1156 2418 violento
1191 2364 1284 2432 qui
1324 2361 1564 2432 Spiritus
1601 2365 1776 2418 sancti
1819 2365 2010 2419 virtuti

431 2453 594 2517 inest,
633 2456 698 2509 ad
725 2456 942 2511 Patrem
980 2455 1247 2510 luminum
1282 2457 1554 2525 perducit.

2113 530 2411 599 προσφυῶς
2457 532 2652 593 εἰπεῖν,
2691 529 2782 581 ἐπὶ
2829 528 2934 596 τῆς
2986 526 3090 597 γῆς
3141 527 3420 596 ἀπήγαγε·
3452 526 3579 590 τοὺς
3602 528 3690 578 ού-

2113 621 2459 691 ρανομύστας
2489 621 2547 675 δέ
2574 621 2668 674 καὶ
2691 620 3062 690 θεορῥήτορας
3089 618 3501 686 ἁντεισαγαγὼν
3523 621 3689 690 ἐπαρι-

2114 713 2351 782 ρησίασε
2386 712 2772 781 γλωσσόκομον
2808 751 2821 772 ,
2879 706 2993 767 οἷον
3042 711 3227 773 αὐτοῖς
3273 710 3600 781 παραφήνας
3631 710 3690 761 τὸ

2112 803 2457 873 πυρίμορφον
2516 803 2724 855 ἐκεῖνον
2797 800 3001 870 νέφος,
3063 802 3160 852 καὶ
3216 800 3688 869 πνευματοφόροις

2111 895 2386 963 γλώσσαις
2438 897 2514 960 ὼς
2557 890 2668 963 οἷον
2716 895 2776 948 ἐν
2826 894 2961 965 πυρὶ
2999 894 3096 956 τὰς
3128 892 3356 946 ἐκείνων
3403 892 3687 959 στομώσας

2114 987 2210 1040 καὶ
2267 988 2624 1056 ἐμπυρεύσας
2666 987 2849 1055 ἁγνῶς
2906 987 2987 1050 εἰς
3036 983 3356 1052 ἀγγελικὰς,
3399 983 3474 1045 ὡς
3521 983 3688 1046 ὑπερ-

2119 1078 2320 1141 ϐάντας
2353 1079 2605 1146 γλῶσσαν
2637 1079 2859 1134 ἃπασαν
2893 1079 2994 1148 τὴν
3026 1077 3148 1130 κατ’
3184 1076 3491 1145 ἄνθρωπον,
3523 1074 3687 1140 ἀγγέν

2114 1171 2221 1222 λων
2253 1169 2527 1237 γλώσσαις
2554 1171 2758 1234 λαλεῖν,
2787 1167 3223 1240 ψηλαφωμέναις
3249 1165 3497 1234 δακτύλῳ
3519 1165 3690 1218 Πνεύο

2119 1281 2310 1334 ματος,
2330 1264 2424 1316 καὶ
2455 1262 2790 1332 ψαλλούσαις
2819 1263 2912 1316 καὶ.
2928 1261 3274 1331 ἁπηχούσαις
3300 1260 3370 1312 τὰ
3399 1259 3477 1330 τῷ
3502 1259 3686 1328 κόσμῳ

2115 1357 2384 1426 σωτήρια*
2419 1353 2508 1408 ίνα
2529 1354 2624 1408 καὶ
2657 1357 2703 1406 οἱ
2733 1353 2820 1406 διὰ
2850 1353 2958 1406 τῶν
2987 1351 3159 1419 ἁγίων
3192 1348 3449 1421 μαθητῶν
3485 1366 3686 1417 μυστα-

2113 1446 2456 1515 γωγούμενοι
2506 1445 2813 1499 λαλούντων
2878 1444 3155 1513 γλώσσαις
3194 1445 3433 1506 καιναῖς,
3479 1442 3687 1508 λέγοιεν

2117 1539 2255 1608 μετὰ
2286 1537 2564 1607 θαύματος
2600 1539 2664 1591 ἐκ
2693 1537 2804 1590 τῶν
2833 1535 2929 1590 τοῦ
2971 1535 3137 1589 Δαϐὶδ
3172 1534 3419 1602 γλώσσας
3463 1533 3687 1587 ἀκοῦσαι

2113 1629 2180 1692 ἃς
2213 1629 2384 1696 ἔγνων
2410 1628 2665 1681 οὐδέποτε
2691 1645 2705 1659 ο
2735 1629 2830 1682 καὶ
2868 1628 2946 1690 ὡς
2977 1628 3145 1697 ἐχρῆν
3194 1625 3334 1679 κατὰ
3369 1625 3478 1678 τῶν
3506 1625 3684 1693 λήρων

2113 1720 2506 1787 γλωσσαλγιῶν
2556 1718 2810 1788 γλώσσας
2853 1718 3057 1778 ταύτας
3103 1716 3318 1779 ἐνθέους
3374 1714 3689 1785 πεμφθῆναι

2112 1813 2171 1866 οὑ
2241 1811 2668 1879 δυσπραγούσας
2723 1809 2932 1876 ἀλγεῖν,
2993 1808 3132 1861 ἀλλὰ
3202 1805 3690 1875 τεθεραπευμένως

2112 1905 2388 1973 λαχούσας
2443 1903 2624 1956 λαλεῖν
2651 1918 2663 1934 ’
2710 1903 2806 1954 καὶ
2849 1902 2925 1964 ὠς
2963 1903 3074 1964 τοῖς
3118 1900 3216 1969 μὲν
3279 1897 3463 1960 ἀθέοις
3515 1897 3678 1958 κόπος

2112 2000 2214 2052 καὶ
2247 1997 2410 2056 πόνος
2441 1995 2546 2047 ὑπὸ
2571 1996 2689 2057 ταῖς
2715 1993 3011 2060 γλώσσαις,
3038 1993 3151 2053 τοῖς
3176 1990 3232 2043 δὲ
3256 1989 3459 2050 ἐνθέοις
3479 1987 3691 2058 ἥδυσμα

2115 2090 2256 2158 ὑπὲρ
2293 2088 2457 2158 μέλι,
2518 2089 2610 2139 καὶ
2661 2085 2738 2148 ὡς
2791 2085 2848 2137 αι
2894 2085 2993 2153 μὲν
3056 2081 3330 2150 σύμφυλοι
3389 2082 3500 2142 τοῖς
3529 2079 3692 2132 πάλαι

2116 2183 2290 2243 λαοῖς,
2348 2181 2442 2233 καὶ
2483 2172 2604 2242 ταῖς
2642 2177 2762 2230 τότε
2817 2176 3012 2244 φυλαῖς
3067 2173 3356 2242 γλῶσσαι,
3397 2172 3487 2223 ὅτε
3540 2170 3692 2240 καὶὴ

2115 2273 2317 2344 μικροῦ
2367 2273 2565 2325 δέουσα
2621 2269 3148 2339 πεντηκοντάπηχυς
3197 2266 3472 2334 ἐξανῆπτο
3528 2264 3691 2332 φλὸξ,

2111 2369 2210 2420 καὶ
2247 2367 2330 2430 είς
2393 2363 2588 2434 αἰθέρα
2642 2362 2971 2433 ἐφιλονείκει
3024 2360 3316 2429 ἀναϐῆναι,
3347 2358 3610 2427 βασιλέως
3639 2375 3692 2408 τε

2109 2455 2254 2529 ἦσαν
2283 2456 2573 2524 κακίστου,
2611 2457 2708 2509 καὶ
2754 2454 2909 2509 κάτω
2957 2453 3257 2524 συρόμεναι
3291 2451 3384 2504 καὶ
3416 2450 3692 2531 ταπειναί.⁹

432 2550 530 2602 καὶ
562 2549 692 2620 χοῦν
718 2547 988 2619 συρφετοῦ
1023 2547 1278 2618 βιωτικοῦ
1321 2547 1673 2619 κατέχουσαν
1707 2549 1804 2620 τῆς
1829 2549 1886 2604 δὲ
1914 2549 2009 2604 νῦν
2043 2551 2236 2620 ἑορτῆς
2269 2551 2323 2602 αἱ
2352 2549 2596 2616 γλῶσσαι
2628 2550 2722 2601 καὶ
2752 2548 2867 2601 ὅσοι
2896 2546 2954 2599 δέ
3025 2545 3339 2613 σοφίζονται
3382 2543 3452 2598 δι’
3521 2544 3693 2597 αὐτῶν

431 2640 528 2694 τοῦ
580 2642 724 2697 πάνυ
777 2648 981 2715 ἀγαθοῦ
1034 2651 1431 2719 παμϐασιλέως
1466 2649 1603 2702 Θεοῦ
1639 2652 1948 2718 πεφύκασιν
1977 2665 1991 2681 ·
2033 2649 2082 2702 οἳ
2158 2651 2252 2703 καὶ
2301 2649 2430 2718 περὶ
2477 2647 2588 2716 πῦρ
2655 2645 2837 2717 ἔχουσι
2867 2643 3026 2697 τοῦτο
3072 2642 3435 2713 στρεφόμενοι
3472 2642 3690 2713 Τριαόι-

433 2735 550 2800 κὸν,
587 2737 709 2791 οὔτε
741 2744 868 2805 τοὺς
904 2744 1052 2807 ἐντὸς
1091 2747 1259 2799 αὑτοῦ
1309 2746 1508 2814 φλέγον
1538 2745 1664 2798 οὔτε
1705 2746 2005 2811 πλαγιάζον
2045 2748 2140 2799 καὶ
2191 2747 2451 2816 ἐκτρέχον
2484 2747 2562 2807 εἰς
2594 2741 2928 2813 ἐμπρησμὸν
2953 2739 3061 2795 τῶν
3093 2738 3273 2807 πέριξ,
3317 2731 3380 2791 οὗ
3441 2738 3504 2790 τὸ
3572 2755 3690 2791 και-

435 2833 659 2885 νότατον
714 2836 805 2886 καὶ
855 2835 936 2889 ὅτι
987 2837 1194 2891 ἄνωθεν
1234 2837 1625 2907 κατασκῆπτόν
1660 2837 1798 2907 μετὰ
1835 2837 2014 2908 βιαίας
2057 2839 2250 2907 πνοῆς,
2291 2839 2353 2890 οὐ
2405 2838 2697 2905 κεραύνιον
2727 2834 2988 2902 ἐμπίπτει
3061 2831 3376 2886 ἁποπόιλλον
3444 2829 3691 2901 μερισμῷ

441 2926 732 2996 παραδόξῳ
764 2926 1016 2994 γλώσσας
1047 2929 1305 2998 φλογέας,
1333 2929 1472 2982 ἀλλὰ
1498 2929 1726 2998 φωτίζει
1755 2931 1851 2982 καὶ
1880 2929 2135 2983 ἀποτελεῖ
2176 2929 2487 2996 θαυμάσιον
2533 2929 2593 2980 τὸ
2645 2929 2769 2989 τοὺς
2841 2925 2985 2978 οὕτω
3047 2924 3421 2994 φωτισθέντας
3487 2924 3558 2975 δι’
3599 2923 3686 2975 ati-

432 3017 528 3070 τοῦ
579 3019 1020 3088 ἀναρπάςεσθαι,
1055 3020 1129 3084 ὡς
1182 3020 1270 3074 διὰ
1321 3021 1636 3092 πνεύματος
1688 3020 1865 3092 βιαίου
1920 3022 2018 3092 τῆς
2057 3022 2199 3075 κατὰ
2229 3022 2291 3074 τὸ
2326 3021 2483 3090 ἆγιον
2538 3017 2766 3090 Πνεῦμα
2794 3017 3100 3087 δυνάμεως,
3135 3016 3214 3078 εἰς
3245 3016 3414 3070 αὑτὸν
3483 3016 3547 3087 δὴ
3607 3017 3694 3070 τὸν

439 3113 663 3186 Πατέρα
700 3115 812 3167 τῶν
839 3119 1058 3184 φώτων.

514 3203 598 3261 57.
641 3205 830 3261 Restat
865 3207 972 3262 illis
1007 3209 1278 3278 nobisque
1308 3209 1491 3264 dicere
1527 3211 1806 3280 quomodo
1845 3209 2010 3263 dictio
2041 3215 2082 3273 α

436 3295 760 3365 symbolica,
795 3295 961 3350 Deum
995 3311 1118 3352 esse
1154 3301 1331 3367 ignem
1358 3338 1370 3362 ,
1401 3315 1507 3352 non
1545 3314 1572 3352 a
1599 3300 1740 3353 mala
1770 3299 2018 3368 pbmuice

435 3387 812 3455 desmnptum,
849 3403 954 3443 non
982 3404 1048 3443 eo
1090 3405 1263 3459 usque
1329 3389 1620 3444 Dominum
1688 3390 2015 3444 omniscium

437 3480 784 3550 perduxisse,
840 3491 901 3536 ut
935 3482 1124 3537 missis
1161 3483 1364 3552 linguis
1417 3484 1595 3553 igneis
1648 3498 1812 3552 super
1859 3484 2017 3536 disci.

443 3572 603 3639 pulos
628 3586 760 3626 suos
792 3573 1066 3626 visiﬁcam
1096 3569 1332 3640 Spiritus
1363 3575 1537 3628 sancti
1567 3573 1824 3626 virtutem
1858 3585 2021 3640 opere

439 3662 648 3718 visibili
686 3672 739 3718 et
781 3663 926 3731 quod
973 3672 1209 3718 mentem
1263 3664 1740 3733 supernaturalem
1775 3664 2019 3729 denotet,

440 3755 726 3809 indicaret.
775 3753 932 3810 Unde
997 3756 1387 3826 cognoscimus
1438 3771 1749 3811 sermonem
1805 3772 2023 3826 quoque

441 3847 797 3915 apostolicum
835 3847 1054 3916 igneum
1094 3849 1357 3910 evasisse,
1393 3856 1448 3900 et
1496 3847 1643 3916 quod
1684 3847 1900 3917 fulgura
1937 3863 2022 3900 ra-

441 3940 594 3994 tione
642 3939 911 4008 spirituali
976 3941 1242 4007 apostolis
1291 3940 1510 3994 coalitus
1560 3941 1808 3996 immissa
1873 3949 2020 4006 sunt,

441 4045 566 4099 qua;
617 4031 781 4098 impie
833 4030 1117 4084 audientes
1164 4045 1272 4088 non
1308 4032 1374 4085 ad
1411 4041 1630 4085 cantum
1677 4033 2011 4086 excitarunt.

444 4118 549 4174 Per
581 4118 799 4188 fulgura
843 4127 1022 4173 autem
1073 4134 1182 4172 non
1238 4119 1566 4188 simpliciter
1602 4121 1834 4173 tonitru.
1862 4136 2026 4175 voces

447 4212 838 4266 subaudieuda:
877 4220 1076 4275 erunt,
1122 4210 1312 4278 quales
1354 4210 1582 4264 aliunde
1622 4209 1982 4279 cngnovimus
2007 4250 2023 4275 ,

447 4303 540 4357 sed
599 4302 804 4356 tonitru
860 4302 977 4354 lilii.
1017 4301 1249 4354 Tonitru
1289 4302 1434 4354 enim
1479 4302 1792 4370 impellente
1835 4314 1888 4355 et
1923 4302 2027 4372 ipsi

445 4403 503 4449 ct
546 4403 670 4464 post
714 4395 862 4462 ipsos
915 4393 1162 4461 magism
1202 4393 1371 4446 locuti
1422 4403 1590 4459 sunt;
1645 4411 1754 4463 quo
1805 4396 2024 4464 quidem

445 4502 609 4544 sensu
635 4494 689 4542 et
721 4483 959 4539 Joannes
991 4485 1195 4537 tonitru
1235 4485 1401 4548 ﬁlius,
1451 4486 1596 4539 sicut
1624 4493 1693 4539 et’
1728 4487 1909 4556 l'ulgur
1945 4488 2026 4541 di-

2186 3205 2283 3273 νς,
2319 3207 2475 3260 Ἔστι
2521 3205 2579 3259 δὲ
2632 3206 2728 3259 καὶ
2776 3203 3007 3267 ἐκείνοις
3060 3203 3156 3257 καὶ
3192 3203 3326 3274 ἡμῖν
3361 3202 3568 3272 λέγειν,
3600 3205 3691 3256 καὶ

2123 3299 2200 3362 ώς
2235 3299 2297 3352 τὸ
2333 3297 2682 3367 συμϐολικῶς
2715 3296 2815 3365 μὲν
2862 3295 3249 3366 γεγραμμένον
3297 3293 3411 3364 πῦρ
3441 3290 3582 3348 εἶναι
3609 3295 3695 3347 τὸν

2121 3391 2274 3454 Θεὸν,
2305 3391 2366 3442 οὐ
2399 3389 2584 3452 καλῶς
2613 3389 2670 3442 δὲ
2701 3387 2974 3458 ἐκληφθέν
3022 3388 3098 3455 τῷ
3139 3386 3432 3454 κακοσόφῳ
3475 3387 3694 3455 φοίνικι,

2123 3485 2184 3548 ἐς
2205 3481 2464 3536 τοσοῦτον
2488 3483 2587 3536 οὐκ
2616 3481 2875 3550 ἐνέτρεψε
2919 3484 3011 3534 τὶν
3058 3479 3338 3547 πάνσοφον
3374 3479 3599 3548 Κύριον,
3627 3480 3696 3541 ὡς

2125 3577 2234 3629 ίδοὺ
2283 3576 2376 3628 καὶ
2409 3574 2681 3642 γλώσσαις
2736 3575 2990 3643 πυρίναις
3036 3573 3265 3635 ταύταις
3317 3573 3699 3641 ἐπιπεμπομὲ-

2122 3685 2246 3729 ναις
2279 3669 2390 3728 τοῖς
2425 3665 2593 3718 αὑτοῦ
2633 3665 2924 3734 μαθηταῖς,
2957 3666 3054 3732 τὴν
3088 3663 3348 3728 ζωοποιδν
3398 3662 3493 3716 τοῦ
3545 3664 3696 3730 ἁγίου

2127 3761 2444 3829 Πνεύματος
2489 3755 2838 3828 παραδηλοῦν
2885 3754 3118 3824 δύναμιν
3169 3755 3264 3808 καὶ
3303 3755 3590 3825 ἐνέργειαν
3620 3756 3702 3808 σί-

2127 3851 2310 3920 σθητῷ
2346 3850 2532 3920 σεμνῷ
2563 3849 2852 3919 πράγματι
2884 3846 3292 3917 παραδηλοῦντι
3321 3848 3503 3916 νόημα
3536 3847 3699 3911 ὑπερ-

2127 3941 2259 4009 φυές
2281 3957 2295 3971 ·
2331 3941 2400 3994 δι’
2435 3936 2497 3995 οὗ
2536 3939 3061 4008 καταλαμϐάνομεν,
3094 3942 3190 3994 καὶ
3217 3939 3294 4003 ώς
3325 3934 3420 3994 οἶα
3469 3940 3701 4009 πυρίνην

2127 4033 2318 4086 λαλιὰν
2349 4034 2688 4102 γενήσεσθαι
2707 4032 2808 4102 τὴν
2839 4032 3232 4102 ἀποστολικήνο
3266 4031 3361 4085 καὶ
3395 4033 3473 4094 ὡς
3499 4032 3703 4102 ἀστρα·

2129 4127 2228 4179 παὶ
2259 4125 2466 4194 νοητῶς
2512 4123 2988 4194 πληθυνθήσονται
3019 4123 3204 4177 θεόθεν
3228 4124 3342 4186 τοῖς
3376 4123 3546 4193 ίεροῖς
3575 4124 3702 4177 ἀπο-

2131 4217 2377 4281 στόλοις,
2415 4215 2795 4286 ταράσσουσαι
2845 4211 3140 4283 ψαλμικῶς
3193 4214 3321 4277 τοὺς
3385 4213 3461 4282 μὴ
3509 4212 3703 4274 ἐνθέως

2127 4307 2517 4376 ἀκρωομένους
2540 4321 2554 4336 ο
2585 4307 2642 4360 αἱ
2671 4305 2736 4369 δὴ
2767 4306 3052 4375 ἀστραπαὶ
3070 4305 3315 4372 λέγοιντο
3345 4302 3411 4358 ἂν
3440 4304 3504 4356 οὐ
3537 4303 3706 4372 φωναὶ

2129 4397 2318 4458 ἁπλῶς
2351 4396 2605 4466 βροντῆς,
2637 4396 2834 4450 ὁποίαν
2869 4396 3052 4449 ἄλλοθι
3093 4396 3361 4464 ἔγνωμεν,
3389 4393 3532 4448 ἀλλὰ
3555 4394 3710 4464 βρονο

2130 4487 2229 4555 τῆς
2269 4488 2512 4555 ἔκγονοι·
2551 4487 2900 4556 βροντολάλοι
2927 4488 3034 4555 γὰρ
3069 4487 3165 4540 καὶ
3199 4487 3355 4538 αὐτοὶ
3383 4486 3480 4539 καὶ
3509 4488 3559 4537 οἱ
3593 4483 3706 4556 μετ’

443 4581 632 4635 vinum
676 4580 840 4633 istius
883 4579 1088 4632 tonitru
1141 4578 1366 4633 eﬂ‘cctus
1413 4587 1519 4644 est,
1560 4581 1686 4647 quia
1719 4596 1826 4633 non
1865 4583 2017 4635 modo

2131 4579 2334 4642 αὐτοὺς
2368 4579 2716 4632 διδάσκαλον
2755 4582 2926 4650 ὁποίῳ
2981 4579 3125 4648 λόγῳ
3171 4582 3264 4630 καὶ
3310 4580 3338 4631 ό
3393 4578 3713 4646 θεολογικῶ-

447 4673 554 4726 vita
586 4670 693 4726 Deo
725 4670 886 4740 digna
919 4685 1015 4740 per
1048 4669 1419 4737 virginitatem
1458 4669 1682 4738 ell‘ulsit,
1731 4670 1826 4724 scd
1855 4673 2018 4726 etiam

446 4763 755 4832 tlteologico
818 4777 1008 4817 sensu.
1078 4761 1134 4816 Si
1211 4770 1393 4815 autem
1455 4760 1657 4829 lingua:
1717 4763 2022 4816 secundum

449 4865 638 4926 gentes
699 4856 899 4926 linguis
950 4863 1353 4924 opponuntur,
1417 4855 1735 4923 apostolicae
1807 4869 2028 4924 quoque

449 4963 580 5014 ttOn,
631 4947 775 5002 sicut
815 4947 1021 4999 dictum
1072 4955 1179 5009 est,
1237 4945 1515 5000 ebrietatis
1567 4945 1796 5000 ellectus
1851 4947 2023 5010 fuere,

448 5041 650 5107 quippe
675 5053 785 5105 quo
815 5037 1172 5106 spiritualiter
1201 5045 1253 5091 et
1282 5037 1604 5092 barmomce
1641 5038 1784 5092 inter
1812 5054 1869 5093 se
1900 5053 2032 5092 con-

418 5132 683 5199 _spirant.
733 5129 912 5194 Quare
955 5143 1078 5195 qua:
1117 5128 1362 5196 desuper
1407 5140 1537 5184 sunt
1594 5130 1812 5200 linguae,
1865 5134 2034 5199 ignea:

451 5221 716 5274 habendae
739 5230 891 5275 sunt.

2133 4687 2298 4734 τατος
2345 4669 2598 4738 Ἰωάννης
2650 4669 2878 4740 βροντῆς
2931 4671 3079 4734 υίὸς,
3137 4670 3327 4723 καθότι
3385 4671 3481 4725 καὶ
3537 4671 3713 4732 ἔνθεος

2139 4764 2398 4832 ἀστραπὴ
2426 4761 2683 4829 τοιαύτης
2719 4760 2947 4831 βροντῆς
2975 4761 3220 4831 ἔκγονος,
3250 4762 3337 4815 διὰ
3363 4763 3422 4815 τὸ
3449 4763 3712 4832 ἐξαστρα·

2133 4854 2234 4922 ψαι
2268 4854 2329 4905 ού
2380 4855 2540 4924 μόνον
2593 4854 2888 4923 θεοπρεπεῖ
2937 4855 3200 4924 φανότητι
3238 4853 3355 4923 βίου
3396 4854 3485 4906 διὰ
3520 4855 3719 4925 παρθε-

2138 4948 2278 5012 νίας,
2331 4947 2467 5000 ἀλλὰ
2528 4947 2624 5001 καὶ
2679 4947 3001 5015 θεολογικῶς
3029 4963 3042 4976 ⁸
3079 4949 3126 4999 εί
3173 4947 3229 5000 δέ
3265 4946 3512 5015 γλῶσσαι
3545 4948 3720 5016 γλώσ-

2139 5055 2261 5102 σαις
2293 5041 2345 5092 αί
2381 5039 2524 5092 κατὰ
2547 5039 2674 5108 ἔθνη
2705 5041 3060 5102 ἁντίκεινται,
3091 5040 3225 5092 ἀλλὰ
3253 5039 3308 5091 αἱ
3341 5039 3714 5105 ἁποστολικαὶ,

2140 5133 2190 5183 εἰ
2237 5131 2334 5183 καὶ
2368 5131 2512 5184 κατὰ
2545 5131 2638 5184 τὸν
2670 5130 2847 5196 οὕτως
2888 5132 3113 5184 εἰπόντα
3149 5132 3276 5200 δίχα
3324 5131 3617 5201 φρονέουσι
3645 5132 3718 5198 τῷ

2140 5222 2286 5275 κατὰ
2337 5223 2561 5293 δόκησιν
2619 5223 2790 5293 μέθης
2851 5223 3300 5294 παρακούσματι,
3356 5223 3540 5286 ἄλλως
3591 5221 3716 5290 γοῦν

455 5313 849 5383 συμφωνοῦσιν
893 5316 1096 5369 ἐκεῖναι
1147 5319 1560 5388 πνευματικῶς,
1596 5317 1692 5370 καὶ
1725 5318 1803 5380 εἰς
1847 5317 1904 5368 ἓν
1971 5318 2242 5388 ἁρμονίας
2295 5319 2590 5389 ἔρχονται·
2644 5320 2733 5372 ὅτε
2781 5319 2878 5372 καὶ
2923 5315 2991 5390 ἦν
3039 5335 3192 5382 τινας
3261 5318 3468 5388 λέγειν,
3537 5319 3611 5382 ώς
3662 5319 3715 5372 αἱ

457 5409 560 5480 μὲν
593 5407 804 5460 ἄνωθεν
847 5407 1112 5474 γλῶσσαι,
1141 5409 1386 5476 γλῶσσαι
1419 5409 1610 5478 πυρός.

526 5497 618 5552 58.
660 5496 817 5564 Quod
865 5511 994 5551 vero
1046 5497 1178 5567 ipsa:
1205 5509 1530 5566 operantur,
1585 5512 1691 5550 non
1725 5496 1889 5565 ignis,
1925 5511 2034 5550 non

458 5590 693 5661 fulgoris
727 5596 823 5643 aut
853 5603 1038 5644 rerum
1067 5591 1121 5644 in
1153 5589 1363 5644 mundo
1395 5589 1678 5659 igncarum
1713 5603 1851 5656 Opus
1883 5598 2034 5654 sunt,

462 5684 556 5739 sed
593 5684 732 5740 lucis
766 5684 1031 5752 Spiritalis
1081 5699 1234 5737 more
1270 5683 1497 5752 angelos
1525 5682 1824 5749 symbolice
1861 5692 2038 5735 trans-

466 5773 666 5839 ﬁgurat
691 5792 707 5841 ;
735 5791 900 5840 quam
923 5775 1017 5841 qui
1047 5773 1232 5838 habet,
1261 5788 1368 5826 non
1411 5773 1594 5826 lumen
1627 5779 1711 5825 cst
1742 5771 2031 5839 singulari-

2217 5503 2319 5566 vq'.
2359 5499 2423 5548 Ὃ
2458 5496 2512 5548 δὲ
2559 5497 2720 5552 αὑταὶ
2760 5497 3123 5562 ποιοῦσιν,οὑ
3172 5497 3344 5567 πυρὸς
3391 5498 3574 5567 ἔργον,
3605 5495 3718 5550 οὐδέ

2152 5590 2464 5658 ἀστραπῆς,
2500 5591 2609 5643 οὐδ’
2648 5592 2824 5646 ἄλλων
2895 5591 3068 5645 ὁπόσα
3137 5591 3290 5661 πυρά
3340 5593 3481 5646 εἰσιν
3534 5593 3590 5644 ἐν
3643 5588 3718 5656 τῷ

2151 5681 2365 5746 κόσμῳ,
2403 5679 2598 5746 φλογὸς
2632 5681 2685 5733 δὲ
2718 5683 2930 5750 νοερᾶς,
2979 5681 3137 5734 ὁποία
3169 5681 3262 5732 καὶ
3294 5683 3423 5744 τοὺς
3463 5679 3720 5748 ἀγγέλους

2149 5770 2342 5823 οὔκουν
2400 5771 2673 5838 εἰδοποιεῖ,
2712 5773 2845 5828 ἀλλὰ
2892 5771 3376 5840 συμϐολογραφεῖ,
3405 5771 3472 5838 ἣν
3527 5773 3552 5823 ό
3585 5769 3720 5832 ἐγών
