3966 6248
417 321 523 384 ε.Ἷῦ

1156 322 1577 382 EUSTATlIll
1622 321 2385 384 TliESSAIDNlCENSIS
2423 321 2989 383 METROPOIJTIE

3580 320 3685 384 576

420 438 473 489 in
522 440 723 519 virtute
778 455 895 494 mea
961 440 1298 497 debilitatem
1368 440 1622 506 implebo.
1657 458 1675 491 ι
1709 438 1998 494 Sciendum

2114 438 2299 492 καὶσὺ
2331 436 2586 490 ἀσθενεῖν
2616 438 2745 505 φὴς,
2799 435 2874 506 μὴ
2909 395 3098 489 λαδὼν
3155 433 3215 500 ἐξ
3269 431 3413 502 ἐμοῦ
3466 433 3687 502 χάριτος

420 543 599 584 autem
656 532 798 598 quod
843 533 976 587 illud
1016 532 1232 599 νείμας,
1284 533 1428 601 quod
1469 533 1744 587 derivatur
1778 533 1998 598 avépw,

421 622 563 675 unde
581 634 634 676 ct
651 624 838 692 νόμος,
861 623 1084 689 indicat,
1106 624 1528 687 quodhodicrna
1553 624 1792 693 Spiritus
1814 625 1999 678 disu'i-

421 714 574 766 Lutio
598 717 926 783 apostoliset
947 714 1442 784 discipulisChristi
1473 717 1524 770 in
1558 718 1728 784 legem
1773 717 1995 780 abierit,

420 813 498 861 ut.
560 807 940 862 distributione
992 810 1099 863 rite
1168 809 1348 873 facta,
1421 810 1723 864 secundum
1791 824 1994 878 praece-

416 908 565 966 ptum
601 909 872 967 nostrum,
935 903 1093 958 nobis
1148 904 1416 958 Israelitis
1475 904 1813 972 lt‘gislatores
1873 902 1996 957 facti

417 998 570 1052 sunt,
627 990 722 1060 qui
778 1007 876 1061 per
908 992 1053 1063 ipsos
1111 1003 1324 1049 mentes
1357 993 1528 1048 Deum
1593 994 1835 1050 videntes
1866 992 1998 1048 facti

420 1094 631 1134 smnus.

2108 531 2388 601 ἐπιϐολὴν,
2426 529 2540 583 ἀλλ’
2565 530 2696 598 ἐγὼ,
2728 530 2883 598 φησὶ,
2915 531 2981 599 τῇ
3014 529 3073 581 ἐν
3102 527 3227 597 ἐμοὶ
3276 524 3512 594 δυνάμει
3552 526 3683 578 ἀνα-

2111 623 2384 695 πληρώσω
2416 624 2516 694 τὴν
2543 623 2687 676 κατὰ
2711 623 3019 677 ἀσθένειαν.
3060 622 3264 675 ’ἰστέον
3293 619 3349 673 δὲ
3384 620 3480 674 καὶ
3524 618 3606 672 ὃτι
3627 616 3685 669 τὸ

2107 717 2327 784 νείμας,
2378 708 2441 768 οὗ
2472 714 2846 785 προκατάρχει
2893 713 2955 768 τδ
3004 715 3177 783 νέμω,
3227 712 3292 777 ἐξ
3340 704 3404 765 οὗ
3434 714 3461 765 ό
3500 712 3679 779 νόμος,

2106 809 2371 877 ἐμφαίνει
2401 808 2497 861 καὶ
2540 810 2621 871 είς
2659 808 2822 874 νόμον
2874 806 3133 876 γενέσθαι
3166 809 3280 869 τοῖς
3337 804 3518 871 ἁγίοις
3552 806 3685 855 ἀπο-

2111 901 2316 962 στόλοις
2350 901 2444 952 καὶ
2473 900 2754 971 μαθηταῖς
2776 900 2871 953 τοῦ
2901 899 3143 967 Χριστοῦ
3168 898 3270 968 τὴν
3294 898 3539 965 σήμερον
3572 895 3686 949 6w.-

2109 992 2283 1062 νομὴν
2332 991 2470 1061 πρὸς
2502 991 2703 1056 αὑτοὺς
2734 990 2828 1045 τοῦ
2862 990 3171 1058 ἁγιωτάτου
3223 987 3565 1058 audituros.
3611 985 3683 1048 ὡς

2108 1084 2204 1136 καὶ
2230 1084 2287 1135 έν
2312 1085 2424 1143 τοῖς
2466 1082 2594 1151 ἐξῆς
2632 1084 2936 1152 φανήσεται
2960 1097 2974 1111 ⁸
3007 1081 3151 1136 ὥστε
3180 1081 3386 1147 ταύτην
3413 1074 3473 1133 εὖ
3504 1076 3685 1131 διαθέ-

420 1190 573 1239 μενοι
607 1175 750 1230 καθὰ
780 1177 921 1245 ὑπὲρ
944 1178 1101 1247 ἡμῶν
1136 1179 1527 1249 ἐνετάλθησαν,
1562 1180 1659 1234 καὶ
1689 1178 1980 1248 νομοθέται
2021 1178 2312 1245 γεγόνασιν
2353 1178 2488 1245 ἡμῖν
2533 1178 2643 1237 τοῖς
2687 1176 2896 1246 κυρίως
2931 1174 3324 1247 Ἰσραηλίταις,
3384 1172 3435 1225 οἳ
3500 1171 3679 1241 δῆλον*

415 1271 499 1325 ότι
540 1273 629 1326 διὰ
679 1275 862 1342 μέσων
908 1277 1089 1331 αὑτῶν
1121 1280 1214 1331 καὶ
1248 1278 1316 1331 δι’
1349 1277 1547 1340 αὐτοὺς
1579 1276 1697 1340 νόες
1724 1277 1816 1331 τὸν
1856 1275 1991 1328 Θεὸν
2028 1274 2265 1342 ὁρῶντες
2297 1274 2628 1341 γεγόναμεν.

379 1428 385 1435 _
492 1362 583 1416 (il.
632 1364 934 1434 ’Υπέσχετο
963 1365 1177 1432 deinde,
1200 1368 1339 1435 quod
1374 1368 1525 1431 dicit,
1553 1380 1847 1437 syntaxeos
1874 1381 2001 1421 nor-

2182 1367 2283 1430 ξα⁹.
2313 1366 2387 1419 Τὸ
2410 1366 2469 1418 δὲ
2504 1365 2776 1435 ὑπέσχετο
2793 1364 3030 1435 ἀναχθὲν
3055 1362 3199 1417 κατὰ
3220 1362 3526 1433 ὑπέρϐασιν
3561 1378 3679 1414 συν-

422 1467 565 1506 mam
579 1457 998 1523 transgreditur.
1017 1458 1147 1512 Illud
1161 1459 1550 1527 (μιοηιιοὲργον
1563 1460 1673 1527 γὰρ
1689 1460 2001 1527 ἐκπεράνας

2114 1456 2331 1522 τάξεως
2354 1460 2434 1520 είς
2462 1456 2524 1509 τὸ
2549 1457 2712 1527 ἔργον
2744 1456 2855 1527 γὰρ
2884 1457 3221 1526 ἐκπεράνας,
3250 1454 3522 1508 διαϐαίνει
3551 1454 3678 1505 ἐκεῖ·

421 1558 615 1599 omnes
636 1546 816 1615 operis
843 1547 1009 1601 ditini
1044 1557 1224 1614 partes
1279 1557 1519 1617 superat.
1548 1548 1840 1603 Salutanda
1874 1561 2001 1601 vero

2114 1549 2201 1603 θεν
2229 1550 2327 1602 καὶ
2352 1553 2433 1612 είς
2458 1550 2555 1603 ὅλα
2584 1549 2727 1602 κατὰ
2760 1548 2945 1603 κοινοῦ
2983 1548 3055 1602 τὰ
3085 1546 3179 1601 τοῦ
3217 1547 3362 1599 θείου
3392 1546 3559 1614 ἔργον
3592 1560 3687 1612 με·

422 1650 527 1689 vox
559 1634 829 1706 ὑπέσχετο
859 1637 928 1691 ab
946 1637 1186 1707 ὑπέσχεν
1214 1638 1478 1705 derivata,
1506 1653 1613 1708 qua
1643 1639 1868 1698 utimur.
1899 1637 2003 1691 hu-

2114 1641 2261 1712 ρικά.
2293 1639 2598 1712 Δεξιωτικὴ
2625 1641 2681 1694 δὲ
2713 1639 2860 1707 λέξις
2888 1640 2948 1693 τὺ
2993 1640 3282 1709 ὑπέσχετο,
3315 1637 3684 1707 ἐξωρμημένη

423 1726 672 1782 militatis
717 1730 820 1782 sub
850 1729 1053 1799 specie,
1095 1731 1146 1783 in
1178 1731 1417 1800 ὑπέσχεν
1446 1729 1788 1801 αὑχένα,τὴν
1816 1731 1999 1799 χεῖρα,

2114 1732 2204 1786 τοῦ
2237 1734 2495 1801 ὑπέσχεν,
2523 1732 2583 1785 οὗ
2613 1734 2812 1802 χρῆσις
2849 1735 2908 1785 ἐν
2935 1730 3015 1801 τῷ
3056 1731 3295 1800 ὑπέσχεν
3341 1730 3551 1798 αὐχένα
3595 1744 3687 1781 τα·

426 1818 476 1872 ίιΙ
508 1829 612 1880 est.
643 1820 910 1876 salutandi
946 1821 1180 1877 formula
1211 1823 1447 1892 subjecit
1498 1838 1558 1879 se
1592 1823 1778 1877 manui
1815 1822 2004 1877 distri-

2114 1826 2427 1887 πεινώσεως
2482 1825 2663 1893 λόγῳο
2714 1824 2808 1877 καὶ
2860 1824 2919 1877 ἐν
2976 1822 3054 1893 τῷ
3103 1821 3307 1892 ὑπέσχε
3358 1820 3461 1892 τὴν
3505 1823 3681 1890 χεῖρα,

422 1909 634 1966 but-nti.
666 1911 759 1968 Sic
778 1916 920 1968 enim
942 1914 1345 1983 quodammodo
1361 1916 1525 1970 etiam
1550 1915 1800 1969 Christus
1825 1911 2005 1966 Salva-

2114 1917 2285 1988 ἧγουν
2332 1916 2565 1970 ὑπέθετο
2613 1919 2707 1971 καὶ
2736 1917 2996 1971 ὑποκάτω
3022 1915 3148 1985 ἔσχε
3207 1915 3307 1984 τῆς
3339 1913 3685 1984 δωρουμένης

425 2012 510 2055 tor
570 2005 853 2074 disi-ipulis
883 2008 998 2063 suis
1025 2007 1301 2078 promisit,
1331 2023 1426 2075 per
1447 2004 2005 2063 condescentlcntiam

2114 2009 2297 2079 χειρὸς
2331 2008 2478 2079 λόγῳ
2516 2007 2843 2073 δεξιώσεως.
2878 2007 3036 2063 Οὕτω
3059 2008 3168 2078 γὰρ
3210 2007 3416 2077 τρόπον
3443 2006 3568 2059 τινὰ
3598 2006 3684 2058 καὶ

422 2106 547 2146 sese
579 2095 1063 2165 communicando,
1094 2108 1148 2153 et
1171 2099 1495 2153 beneﬁcium
1537 2097 1843 2168 pollicendo
1873 2095 2005 2149 ami-

2114 2100 2136 2153 ὑ
2194 2098 2388 2169 Σωτὴρ
2450 2099 2691 2169 Χριστὸς
2748 2100 3021 2170 ὑπέσχετο
3074 2100 3189 2160 τοῖς
3243 2097 3539 2167 μαθηταῖς,
3600 2092 3684 2150 οἷα

423 2182 528 2248 εἰει
589 2182 682 2249 (illi
712 2185 813 2253 ipsi
847 2187 914 2241 ad
952 2189 1153 2243 bonum
1210 2188 1448 2244 oblatum
1487 2203 1548 2244 se
1596 2188 2005 2243 accommodare

2114 2192 2583 2259 συγκατασάσεως
2633 2192 3025 2247 ταπεινοποιοῦ
3084 2192 3249 2262 χάριν
3312 2192 3509 2245 ἑαυτὸν
3561 2190 3688 2244 ὑπο-

428 2282 485 2328 ct
527 2277 738 2347 gratias
774 2276 978 2333 referre
1016 2279 1308 2339 debebant.
1354 2279 1510 2346 Quod
1569 2279 1617 2333 si
1683 2279 1842 2332 aliter
1905 2278 2005 2332 ista

2115 2282 2260 2353 σχών
2281 2299 2296 2316 ο
2333 2286 2427 2337 καὶ
2470 2285 2947 2354 ἐπαγγειλάμενος
2977 2284 3300 2355 εὐεργεσίαν
3331 2283 3509 2352 φίλοις
3538 2281 3685 2351 ὀφεί-

422 2366 585 2419 verba
614 2365 1010 2436 interpreteris.
1037 2369 1443 2439 conjunctivum
1475 2371 1742 2439 ὑπέσχετο
1782 2383 2004 2423 sensum

2114 2375 2298 2429 λουσιν
2332 2377 2562 2441 ἑαυτοὺς
2610 2376 2981 2448 νάνθυποσχεῖν
3043 2380 3126 2439 είς
3171 2394 3234 2429 τε
3281 2373 3553 2443 ὑποδοχὴν
3596 2370 3687 2425 τοῦ

424 2453 611 2510 habet.
650 2458 805 2513 Patet
851 2462 997 2514 enim
1058 2464 1205 2532 quod
1262 2463 1306 2517 is
1329 2463 1421 2534 qui
1446 2462 1652 2531 aliquid
1709 2461 2003 2530 promittit,

2114 2468 2391 2537 διδομένου
2427 2469 2672 2535 ἀγαθοῦ,
2710 2472 2804 2523 καὶ
2852 2473 2933 2534 είς
2984 2470 3241 2523 ἀπόδοσιν
3300 2467 3648 2538 ἀντιχαριτος
3671 2483 3685 2496 ⁸

427 2545 700 2614 praecipue
768 2561 950 2605 autem
1004 2555 1147 2609 veris
1190 2554 1403 2620 amicis,
1459 2554 1528 2607 ab
1565 2553 1651 2606 bis
1705 2561 1919 2606 tenetur
1952 2561 2005 2606 et

2114 2563 2204 2612 καὶ
2230 2561 2406 2623 ἄλλως
2433 2561 2492 2614 δὲ
2515 2564 2580 2633 τῇ
2605 2561 2748 2626 λέξει
2781 2562 3087 2627 ἐπιϐαλεῖν,
3126 2561 3444 2629 συνδετικὴν
3478 2559 3688 2611 ἔννοια-δ

424 2636 586 2703 quasi
645 2640 827 2696 debito
861 2643 1153 2713 obligatur.
1205 2645 1339 2699 Cum
1396 2646 1480 2699 his
1524 2654 1706 2699 autem
1772 2644 1995 2699 vocibus

432 2727 822 2799 ὑπισχνεῖσθαι
869 2751 1088 2805 quoque
1122 2738 1367 2807 ejusdem
1400 2750 1610 2794 natura:
1644 2745 1748 2795 est.
1780 2737 1927 2791 sicut
1950 2742 2003 2789 ct

427 2819 719 2894 ὑπέσχετο,
760 2837 814 2881 et
844 2827 947 2881 alia
971 2830 1194 2884 similia.

424 2916 483 2970 δὲ
507 2920 619 2983 τοῖς
647 2920 914 2985 τοιούτοις
943 2923 1154 2992 ῥήμασι
1203 2924 1384 2977 καὶτὸ
1413 2924 1800 2997 ὑπισχνεῖσθαι
1824 2943 1840 2961 ο
1910 2924 2225 2991 ἀκολούθως
2292 2929 2351 2981 δὲ
2409 2931 2505 2984 καὶ
2554 2931 2615 2983 τὸ
2674 2931 2965 3000 ὑπέσχετο,

424 3011 674 3067 τοιαῦτα.

930 3135 1151 3190 Birinus
1183 3140 1351 3193 tertiae
1369 3132 1503 3193 οᾱω.

722 3247 945 3319 Effregit
972 3251 1180 3306 ventris
1215 3252 1416 3309 sterilis
1448 3253 1688 3317 vincula.

648 3337 1018 3409 lnjuriamque
1049 3340 1451 3395 intolerabilem
1482 3342 1729 3397 fecundae

651 3431 777 3486 Sola
814 3435 990 3487 oratio
1018 3435 1373 3505 prOphctissa:
1401 3436 1529 3490 olim

650 3530 842 3593 Annae,
876 3527 1103 3584 ferentis
1144 3528 1394 3598 spiritum
1429 3527 1725 3583 contritum

643 3621 722 3675 Ad
766 3629 1042 3690 potentem
1077 3629 1131 3675 et
1162 3620 1330 3674 Deum
1370 3620 1743 3675 scientiarum.

501 3758 593 3816 62.
631 3758 804 3827 Hujus
833 3758 975 3813 tertii
1011 3756 1273 3812 carminis
1324 3772 1498 3811 nexus
1525 3755 1680 3823 juxta
1717 3757 2007 3826 quamdam

433 3853 815 3910 tenuissimam
853 3858 1096 3906 mentem
1121 3864 1151 3903 a
1179 3849 1371 3904 festivo
1397 3849 1646 3916 subjecto
1670 3847 2006 3916 dependens,

434 3950 490 4002 in
520 3957 714 4002 (uetera
742 3946 918 4017 ipsius
958 3952 1178 3999 textura
1209 3946 1371 3998 rebus
1405 3956 1609 4002 sanctae
1653 3949 1824 4002 Annae
1876 3961 2007 4018 pro-

435 4039 687 4108 phetissae
749 4040 1134 4108 componitur:
1191 4038 1293 4092 hoc
1341 4038 1400 4092 fit
1448 4054 1514 4093 ex
1565 4040 1684 4110 lege
1745 4042 2010 4111 psallendi

437 4147 533 4201 per
588 4145 784 4184 nexum
810 4144 974 4199 quem
1013 4129 1160 4184 illius
1188 4131 1364 4184 oratio
1399 4139 1554 4198 parat
1576 4132 1735 4187 tertia
1765 4133 2009 4187 carmina

436 4223 813 4294 tlirigcntibus.
897 4221 1037 4277 Dicit
1081 4236 1213 4291 ergo
1262 4237 1425 4278 sacer
1476 4223 1565 4279 ille
1603 4235 1757 4294 poeta
1783 4265 1799 4291 ,
1844 4225 2008 4280 simul

436 4315 723 4384 pulchrum
758 4312 1074 4367 christiana:
1103 4315 1509 4382 consequentim
1543 4330 1875 4386 precumque
1923 4332 2013 4388 sy-

436 4419 634 4471 stema,
660 4420 871 4460 necnon
900 4415 1143 4460 sanctam
1170 4409 1383 4458 Annam
1406 4420 1706 4472 exornans,
1732 4422 1844 4462 rem
1874 4409 2012 4464 adeo

2111 2651 2224 2722 ἔχει
2259 2655 2319 2705 τὸ
2352 2654 2644 2724 ὑπέσχετο.
2701 2655 2870 2725 Δῆλον
2913 2656 3021 2725 γὰρ
3049 2655 3122 2718 ὡς
3152 2656 3180 2706 ό
3214 2652 3592 2722 ὑποσχόμενός
3618 2667 3689 2714 τις

2112 2746 2203 2797 καὶ
2236 2746 2472 2812 μάλιστα
2505 2747 2684 2814 φίλοις
2718 2747 2989 2817 γνησίοις,
3028 2749 3240 2817 ἴσχεται
3277 2746 3368 2798 ὑπ’
3399 2745 3627 2798 ἐκείνων
3656 2744 3686 2813 ἢ

2107 2835 2296 2905 ἔχεται
2340 2838 2592 2903 ἐκείνων,
2620 2840 2653 2903 ἦ
2697 2840 2946 2908 ἐνέχεται
2979 2838 3170 2905 ὥσπερ
3199 2837 3693 2908 χρέει.,Συστοιχεῖ

3056 2933 3153 2984 καὶ
3218 2931 3394 2984 ὁπόσα
3441 2928 3503 2983 δὲ
3560 2927 3693 2985 ἄλλα

2573 3137 2748 3210 ᾨδῆς
2775 3140 2982 3208 τρίτης
3020 3140 3243 3210 εἱρμός.

2183 3253 2272 3308 IV.
2323 3253 2564 3325 Ἕῤῥηξε
2584 3252 3237 3325 γαστρδςὴτεκνωμένης
3268 3251 3457 3317 πέδας,
3549 3237 3552 3240 ’
3608 3221 3641 3250 .

2326 3350 2527 3421 ’Υϐριν
2548 3367 2608 3403 τε
2638 3349 3008 3403 δυσκάθεκτον
3039 3349 3478 3417 εὐτεκνουμένης

2321 3442 2475 3510 Μόνη
2507 3442 2784 3514 προσευχὴ
2811 3442 2911 3512 τῆς
2938 3441 3273 3513 προφήτιδος
3307 3441 3481 3494 πάλαι

2329 3537 2552 3605 ΙἊννης,
2581 3537 2857 3606 φερούσης
2892 3535 3112 3607 πνεῦμα
3146 3533 3620 3604 συντετριμμένον

2328 3629 2470 3700 Πρὸς
2492 3629 2582 3681 τδν
2618 3628 2888 3700 δυνάστην
2918 3630 3011 3683 καὶ
3040 3628 3172 3681 Θεὸν
3195 3627 3304 3680 τῶν
3338 3625 3617 3695 γνὼσεων.

2186 3762 2287 3828 ξδ’.
2325 3765 2383 3817 Ὀ
2444 3764 2636 3834 εἱρμδς
2692 3764 2791 3833 τῆς
2850 3763 3088 3818 ἐνταῦθα
3142 3762 3334 3835 τρίτης
3367 3764 3519 3835 ᾠδῆς
3552 3765 3689 3818 κατά

2113 3856 2256 3910 πάνυ
2294 3856 2503 3926 βραχύν
2539 3873 2663 3909 τινα
2710 3855 2835 3908 νοῦν
2889 3840 3319 3933 παραπτόμενος
3366 3858 3469 3925 τῆς
3500 3858 3688 3927 ἑορτα-

2114 3949 2309 4015 στικῆς
2337 3949 2647 4010 ὑποθέσεως
2684 3948 2762 4018 τῷ
2802 3948 2977 4017 λοιπῷ
3015 3947 3184 4003 αὑτοῦ
3238 3948 3371 4019 ὕφει
3407 3951 3523 4005 τῶν
3550 3952 3685 4005 κατὰ

2112 4040 2212 4110 τὴν
2240 4039 2514 4107 προφῆτιν
2552 4041 2717 4108 ἁγίαν
2745 4042 2948 4111 ’Δννην
2992 4042 3199 4112 ἐχεται,
3249 4043 3402 4114 νόμῳ
3433 4043 3690 4114 είρμολο-

2114 4134 2237 4201 γίας
2275 4132 2656 4202 ψαλμῳδικῆς,
2710 4135 2778 4204 ἢν
2810 4136 2905 4187 καὶ
2935 4136 2970 4204 ἡ
3022 4134 3302 4206 προσευχὴ
3348 4137 3571 4206 ἐκείνης
3596 4138 3689 4205 ἀρ-

2116 4227 2233 4280 τύει
2261 4229 2375 4290 τοῖς
2404 4228 2942 4298 μεταχειριζομένοις
2971 4227 3071 4293 τὰς
3102 4229 3291 4294 τρίτας
3317 4229 3487 4297 ᾠδάς.
3530 4230 3691 4298 Λέγει

2114 4314 2210 4373 οὖν
2244 4322 2272 4371 ό
2310 4319 2455 4387 ἱερὸς
2477 4313 2634 4382 οὗτος
2662 4318 2916 4390 ποιητὴς,
2941 4320 3336 4389 ἀποσεμνύνων
3358 4319 3481 4390 ἅμα
3515 4321 3611 4374 καὶ
3633 4320 3690 4374 τὸ

2116 4410 2280 4463 καλὸν
2313 4412 2504 4481 χρῆμα
2536 4408 2635 4477 τῆς
2679 4409 3072 4480 Χριστιανικῆς
3101 4410 3422 4471 ἀκολουθίας
3455 4411 3555 4464 καὶ
3604 4412 3690 4463 εὑ-

436 4515 562 4557 esse
614 4500 897 4570 pulchram
966 4514 1145 4563 orare,
1169 4508 1224 4554 et
1245 4513 1274 4550 a
1309 4501 1420 4553 Deo
1450 4501 1674 4555 meliora
1699 4501 2005 4570 prccari,ul

2119 4502 2241 4572 κῆς,
2272 4476 2365 4556 aceti
2410 4476 2511 4570 τὴν
2570 4476 2744 4569 ἁγίαν*
2785 4500 2844 4554 δέ
2884 4476 3104 4565 Ἀνναν,
3165 4504 3249 4555 ὅτι
3294 4500 3558 4556 τοσοῦτον
3600 4502 3692 4556 καὶ

435 4593 760 4649 insolubiles
804 4596 1093 4662 compedes
1137 4602 1194 4646 et
1237 4591 1455 4645 vincula
1491 4607 1598 4646 non
1637 4593 1899 4661 parientis
1936 4593 2006 4647 ob

438 4686 778 4742 sterilitatem
814 4685 1025 4741 ventris
1065 4684 1238 4739 Annae
1261 4723 1277 4748 ,
1315 4699 1479 4754 quam
1518 4684 1800 4754 Scriptura
1835 4684 2017 4740 decla-

434 4786 519 4832 rat
569 4778 977 4848 prophetissam
1040 4790 1148 4830 non
1207 4774 1483 4846 quoddam
1538 4776 1766 4840 donum,
1829 4777 2015 4846 qualia

435 4886 629 4939 magna
680 4870 816 4924 fiunt
856 4868 996 4938 apud
1046 4868 1324 4933 homines,
1373 4867 1467 4921 sed
1500 4867 1616 4921 solo
1672 4868 1781 4921 Deo
1823 4870 2012 4931 chara,

434 4959 682 5030 precatio
728 4958 971 5012 mulieris
1023 4958 1388 5012 calamitatem
1438 4956 1716 5025 patientis,
1756 4955 2012 5020 disrupe-

434 5054 527 5118 rit,
563 5051 827 5121 illamque
885 5048 1103 5103 tandem
1150 5049 1375 5103 liberam
1409 5048 1463 5102 in
1520 5063 1655 5119 pace
1690 5062 1786 5117 per
1842 5047 2007 5100 vitam

431 5147 503 5199 ob
541 5142 934 5198 fecunditatem
967 5140 1251 5195 ambulare
1287 5140 1621 5208 permiserit.
1653 5140 1852 5194 Statim
1903 5152 2006 5191 au-

435 5245 543 5289 tem
589 5233 781 5289 eadem
824 5231 1001 5287 oratio
1032 5231 1200 5287 simul
1253 5232 1475 5288 sustulit
1528 5242 1583 5286 et
1615 5231 1856 5301 injurias
1913 5238 2007 5285 aut

433 5325 891 5398 exprobrationes
939 5339 1077 5396 quas
1134 5340 1199 5380 ex
1248 5324 1454 5381 invidis
1490 5326 1802 5396 patiebatur
1822 5324 2006 5390 Anna,

432 5436 499 5475 ac
532 5417 840 5491 praesertim
870 5434 936 5474 ex
969 5417 1198 5473 fecunda
1231 5418 1505 5487 beataque
1528 5417 1601 5473 ob
1630 5418 1839 5484 prolem
1866 5415 2007 5472 Phe-

434 5526 637 5569 nenna.
696 5509 802 5578 Qui
833 5509 966 5566 nihil
995 5510 1141 5565 aliud
1169 5509 1411 5565 valentes
1454 5508 1784 5564 maledicere
1815 5516 2007 5563 contra

432 5612 641 5661 castam
679 5611 735 5661 et
790 5603 956 5660 Deum
1011 5604 1294 5658 timentem
1332 5602 1732 5672 prophetissam
1764 5602 2005 5669 Annam,

433 5713 496 5751 ex
536 5698 717 5766 inepta
775 5696 1080 5753 sterilitatis
1134 5695 1366 5759 ratione,
1419 5695 1578 5762 quasi
1628 5695 1769 5751 ratio
1822 5694 2008 5750 crimi-

438 5789 600 5853 nandi
632 5789 758 5846 iude
799 5790 1079 5860 penderet,
1111 5787 1590 5842 calumniabantur
1641 5803 1758 5843 eam
1791 5798 1848 5844 ut
1881 5804 1996 5845 tua-

2112 4592 2355 4646 τοιοῦτόν
2374 4594 2491 4645 ἐστι
2523 4592 2696 4646 καλὸν
2723 4593 2782 4646 τὸ
2810 4594 3219 4664 προσεύχεσθαι
3248 4633 3264 4656 ,
3288 4596 3388 4648 καὶ
3419 4594 3689 4649 αἰτεῖσθαι

2114 4686 2268 4754 παρὰ
2295 4683 2432 4737 Θεοῦ
2472 4685 2540 4738 τὰ
2594 4686 2904 4756 κρείττονα,
2937 4685 3078 4739 ὥστε
3112 4687 3211 4749 τὰς
3262 4685 3496 4750 ἀλύτους
3528 4688 3693 4749 πέδας

2111 4776 2207 4828 καὶ
2228 4776 2297 4828 τὰ
2327 4776 2504 4845 δεσμὰ
2528 4778 2626 4845 τῆς
2651 4776 2743 4830 διὰ
2769 4778 3058 4846 στείρωσιν
3087 4777 3428 4848 ἁτεκνοὺσης
3460 4778 3696 4849 γαστρὸς

2111 4866 2209 4933 τῆς
2234 4866 2375 4919 κατὰ
2402 4867 2501 4934 τὴν
2531 4868 2730 4920 ’Ἅνναν
2762 4868 2887 4937 τὴν,
2920 4867 2995 4929 ὡς
3031 4869 3064 4935 ἡ
3088 4868 3281 4938 Γραφὴ
3316 4867 3692 4931 ἀποδείκνυσι,

2114 4956 2412 5025 προφῆτιν,
2441 4956 2503 5009 οὑ
2532 4956 2710 5026 δωρεά
2736 4974 2841 5024 τις,
2867 4958 3066 5011 ὁπόσαι
3092 4957 3225 5029 παρ’
3253 4956 3572 5028 ἀνθρώποις
3597 4974 3696 5026 με·

2115 5049 2303 5115 γάλαι,
2330 5048 2468 5102 ἀλλὰ
2502 5049 2644 5119 μόνη
2679 5049 2808 5119 φίλη
2841 5049 2961 5121 Θεῷ
2992 5048 3273 5121 προσευχὴ
3311 5049 3415 5120 τῆς
3455 5049 3698 5121 πασχού-

2117 5156 2218 5208 σης
2244 5139 2306 5192 τὸ
2334 5140 2504 5193 κακὸν
2524 5140 2785 5210 γυναικὸς
2813 5139 3086 5212 διέρρηξε,
3115 5140 3209 5194 καὶ
3237 5139 3484 5194 ἀπέλυσε
3507 5139 3695 5194 λοιπὸν

2113 5228 2332 5298 ἐκείνην
2369 5229 2667 5301 ἐλευθέραν
2697 5229 2756 5282 ἐν
2797 5229 2992 5304 εἰρήνῃ
3021 5230 3167 5285 κατὰ
3197 5228 3313 5299 βίον
3360 5231 3697 5302 πορεύεσθαι

2110 5322 2201 5377 διὰ
2227 5322 2320 5376 τοῦ
2341 5321 2858 5392 τεκνοποιήσασθαι.
2891 5323 3106 5378 Αὐτίκα
3126 5323 3186 5378 δέ
3210 5325 3696 5395 συναπεφόρτισεν

2115 5418 2148 5485 ἡ
2180 5415 2318 5484 αὑτὴ
2348 5415 2626 5487 προσευχὴ
2662 5416 2755 5471 καὶ
2781 5414 2880 5480 τὰς
2900 5415 3093 5486 ὕϐρεις
3116 5417 3297 5471 εῐτουν
3324 5416 3694 5487 ὀνειδισμοὺς,

2111 5511 2208 5575 οὒς
2228 5514 2262 5582 ἡ
2293 5513 2461 5566 ’Δννα
2491 5513 2555 5565 ἐκ
2580 5513 2690 5566 τῶν
2713 5510 3073 5579 ἐριθευόντων
3103 5509 3427 5583 κακοζήλως
3462 5512 3695 5583 ἔπασχε.

2114 5605 2210 5660 καὶ
2243 5603 2481 5674 μάλιστα
2512 5606 2578 5657 ἐκ
2603 5603 2703 5673 τῆς
2735 5603 2994 5658 εὐτέκνου
3023 5603 3318 5675 Φενάννης,
3335 5603 3437 5675 τῆς
3471 5605 3569 5658 καὶ
3598 5618 3697 5657 πο-

2112 5699 2409 5752 λυτέκνου·
2458 5697 2510 5751 οἳ
2566 5697 2696 5752 ἄλλο
2761 5700 3047 5752 κατειπεῖν
3095 5696 3266 5770 μηδὲν
3322 5695 3540 5767 ἔχοντες
3600 5697 3698 5764 τῆς

2113 5789 2361 5861 καθαρᾶς
2414 5789 2506 5843 καὶ
2555 5787 2690 5844 Θεὸν
2733 5789 3129 5860 διοπτευούσης
3177 5791 3401 5861 Ἀννης,
3467 5791 3558 5845 καὶ
3604 5787 3697 5844 διὰ
