  <div class='ocr_page' id='page_1' title='image "/cluster/home/n/w/nwhite01/storage/ocr_20150623/136/mdp.39015038093210/297.png"; bbox 0 0 3788 6246; ppageno 0'>
   <div class='ocr_carea' id='block_1_1' title="bbox 447 334 3647 401">
    <p class='ocr_par' dir='ltr' id='par_1_1' title="bbox 447 334 3647 401">
     <span class='ocr_line' id='line_1_1' title="bbox 447 334 3647 401; baseline 0.001 -2"><span class='ocrx_word' id='word_1_1' title='bbox 447 335 555 400; x_wconf 78' lang='grc' dir='ltr'><strong>5Ἰ9</strong></span> <span class='ocrx_word' id='word_1_2' title='bbox 1161 337 1580 397; x_wconf 79' lang='lat' dir='ltr'><strong>EUS&#39;I‘ATHII</strong></span> <span class='ocrx_word' id='word_1_3' title='bbox 1623 334 2993 396; x_wconf 65' lang='lat' dir='ltr'><strong>THESSALONICENSISMETROPOLI&#39;LE</strong></span> <span class='ocrx_word' id='word_1_4' title='bbox 3566 341 3647 401; x_wconf 79' lang='lat'><strong>580</strong></span> 
     </span>
    </p>
   </div>
   <div class='ocr_carea' id='block_1_2' title="bbox 445 449 1941 520">
    <p class='ocr_par' dir='ltr' id='par_1_2' title="bbox 445 449 1932 520">
     <span class='ocr_line' id='line_1_2' title="bbox 445 449 1932 520; baseline 0.001 -19"><span class='ocrx_word' id='word_1_5' title='bbox 445 449 584 503; x_wconf 87' lang='lat' dir='ltr'><strong>valet</strong></span> <span class='ocrx_word' id='word_1_6' title='bbox 606 450 672 503; x_wconf 90' lang='lat' dir='ltr'><strong>ad</strong></span> <span class='ocrx_word' id='word_1_7' title='bbox 705 465 891 504; x_wconf 88' lang='lat' dir='ltr'><strong>eorum</strong></span> <span class='ocrx_word' id='word_1_8' title='bbox 917 465 1037 520; x_wconf 70' lang='lat' dir='ltr'><strong>qure</strong></span> <span class='ocrx_word' id='word_1_9' title='bbox 1069 449 1171 503; x_wconf 86' lang='lat' dir='ltr'><strong>sibi</strong></span> <span class='ocrx_word' id='word_1_10' title='bbox 1215 450 1431 518; x_wconf 88' lang='lat' dir='ltr'><strong>propria</strong></span> <span class='ocrx_word' id='word_1_11' title='bbox 1455 459 1581 503; x_wconf 90' lang='lat' dir='ltr'><strong>sunt</strong></span> <span class='ocrx_word' id='word_1_12' title='bbox 1615 449 1932 504; x_wconf 79' lang='lat' dir='ltr'><strong>eﬂicaciam.</strong></span> 
     </span>
    </p>
   </div>
   <div class='ocr_carea' id='block_1_3' title="bbox 2151 449 3647 520">
    <p class='ocr_par' dir='ltr' id='par_1_3' title="bbox 2151 449 3647 520">
     <span class='ocr_line' id='line_1_3' title="bbox 2151 449 3647 520; baseline 0.005 -19"><span class='ocrx_word' id='word_1_13' title='bbox 2151 449 2388 504; x_wconf 74' lang='grc' dir='ltr'><strong>ιτεκνοῦν</strong></span> <span class='ocrx_word' id='word_1_14' title='bbox 2419 453 2519 515; x_wconf 80' lang='grc' dir='ltr'><strong>τὴν</strong></span> <span class='ocrx_word' id='word_1_15' title='bbox 2569 452 2838 518; x_wconf 61' lang='grc' dir='ltr'><strong>προφῆτιν</strong></span> <span class='ocrx_word' id='word_1_16' title='bbox 2862 467 2876 482; x_wconf 76' lang='grc' dir='ltr'><strong><em>ο</em></strong></span> <span class='ocrx_word' id='word_1_17' title='bbox 2911 451 3127 513; x_wconf 83' lang='grc' dir='ltr'><strong>πάντως</strong></span> <span class='ocrx_word' id='word_1_18' title='bbox 3157 451 3266 520; x_wconf 82' lang='grc' dir='ltr'><strong>γὰρ</strong></span> <span class='ocrx_word' id='word_1_19' title='bbox 3291 452 3432 506; x_wconf 81' lang='grc' dir='ltr'><strong>καθὰ</strong></span> <span class='ocrx_word' id='word_1_20' title='bbox 3461 455 3513 506; x_wconf 76' lang='grc' dir='ltr'><strong>τὸ</strong></span> <span class='ocrx_word' id='word_1_21' title='bbox 3551 457 3647 508; x_wconf 79' lang='grc' dir='ltr'><strong>ἀτε-</strong></span> 
     </span>
    </p>
   </div>
   <div class='ocr_carea' id='block_1_4' title="bbox 445 541 1941 612">
    <p class='ocr_par' dir='ltr' id='par_1_4' title="bbox 445 542 1941 612">
     <span class='ocr_line' id='line_1_4' title="bbox 445 542 1941 612; baseline 0.002 -20"><span class='ocrx_word' id='word_1_22' title='bbox 445 543 568 609; x_wconf 86' lang='lat' dir='ltr'><strong>quis</strong></span> <span class='ocrx_word' id='word_1_23' title='bbox 602 551 782 596; x_wconf 89' lang='lat' dir='ltr'><strong>autem</strong></span> <span class='ocrx_word' id='word_1_24' title='bbox 810 557 1050 611; x_wconf 66' lang='lat' dir='ltr'><strong>quaerere</strong></span> <span class='ocrx_word' id='word_1_25' title='bbox 1079 543 1188 593; x_wconf 87' lang='lat' dir='ltr'><strong>vult</strong></span> <span class='ocrx_word' id='word_1_26' title='bbox 1218 542 1347 611; x_wconf 89' lang='lat' dir='ltr'><strong>quid</strong></span> <span class='ocrx_word' id='word_1_27' title='bbox 1375 545 1770 612; x_wconf 80' lang='lat' dir='ltr'><strong>prophetissam</strong></span> <span class='ocrx_word' id='word_1_28' title='bbox 1796 543 1941 596; x_wconf 68' lang='lat' dir='ltr'><strong>orba:</strong></span> 
     </span>
    </p>
   </div>
   <div class='ocr_carea' id='block_1_5' title="bbox 2150 541 3646 612">
    <p class='ocr_par' dir='ltr' id='par_1_5' title="bbox 2150 541 3646 612">
     <span class='ocr_line' id='line_1_5' title="bbox 2150 541 3646 612; baseline 0.005 -19"><span class='ocrx_word' id='word_1_29' title='bbox 2150 541 2282 594; x_wconf 70' lang='grc' dir='ltr'><strong>ίνοῦν</strong></span> <span class='ocrx_word' id='word_1_30' title='bbox 2319 543 2539 596; x_wconf 82' lang='grc' dir='ltr'><strong>ἀτεκνοῖ</strong></span> <span class='ocrx_word' id='word_1_31' title='bbox 2584 560 2705 596; x_wconf 86' lang='grc' dir='ltr'><strong>τινα</strong></span> <span class='ocrx_word' id='word_1_32' title='bbox 2733 581 2747 602; x_wconf 84' lang='grc'><strong>,</strong></span> <span class='ocrx_word' id='word_1_33' title='bbox 2780 544 2854 605; x_wconf 82' lang='grc' dir='ltr'><strong>ὡς</strong></span> <span class='ocrx_word' id='word_1_34' title='bbox 2889 543 3134 612; x_wconf 74' lang='grc' dir='ltr'><strong>οἴδαμεν,</strong></span> <span class='ocrx_word' id='word_1_35' title='bbox 3170 545 3233 598; x_wconf 81' lang='grc' dir='ltr'><strong>ἐκ</strong></span> <span class='ocrx_word' id='word_1_36' title='bbox 3262 545 3369 598; x_wconf 83' lang='grc' dir='ltr'><strong>τῶν</strong></span> <span class='ocrx_word' id='word_1_37' title='bbox 3399 546 3646 600; x_wconf 79' lang='grc' dir='ltr'><strong>ἁτεκνούν-</strong></span> 
     </span>
    </p>
   </div>
   <div class='ocr_carea' id='block_1_6' title="bbox 446 633 1942 706">
    <p class='ocr_par' dir='ltr' id='par_1_6' title="bbox 446 633 1942 704">
     <span class='ocr_line' id='line_1_6' title="bbox 446 633 1942 704; baseline 0.001 -18"><span class='ocrx_word' id='word_1_38' title='bbox 446 635 635 704; x_wconf 82' lang='lat' dir='ltr'><strong>prole;</strong></span> <span class='ocrx_word' id='word_1_39' title='bbox 677 634 821 687; x_wconf 87' lang='lat' dir='ltr'><strong>sicut</strong></span> <span class='ocrx_word' id='word_1_40' title='bbox 843 637 986 687; x_wconf 90' lang='lat' dir='ltr'><strong>enim</strong></span> <span class='ocrx_word' id='word_1_41' title='bbox 1021 637 1247 688; x_wconf 87' lang='lat' dir='ltr'><strong>omnino</strong></span> <span class='ocrx_word' id='word_1_42' title='bbox 1278 634 1542 688; x_wconf 77' lang='lat' dir='ltr'><strong>sterilitas</strong></span> <span class='ocrx_word' id='word_1_43' title='bbox 1566 633 1824 687; x_wconf 78' lang='lat' dir='ltr'><strong>feminam</strong></span> <span class='ocrx_word' id='word_1_44' title='bbox 1852 643 1942 687; x_wconf 87' lang='lat' dir='ltr'><strong>ste</strong></span> 
     </span>
    </p>
   </div>
   <div class='ocr_carea' id='block_1_7' title="bbox 2151 633 3647 706">
    <p class='ocr_par' dir='ltr' id='par_1_7' title="bbox 2155 635 3647 706">
     <span class='ocr_line' id='line_1_7' title="bbox 2155 635 3647 706; baseline 0.003 -18"><span class='ocrx_word' id='word_1_45' title='bbox 2155 653 2229 688; x_wconf 91' lang='grc' dir='ltr'><strong>ων</strong></span> <span class='ocrx_word' id='word_1_46' title='bbox 2261 635 2494 698; x_wconf 81' lang='grc' dir='ltr'><strong>ὑδάτων,</strong></span> <span class='ocrx_word' id='word_1_47' title='bbox 2529 635 2672 688; x_wconf 79' lang='grc' dir='ltr'><strong>οὕτω</strong></span> <span class='ocrx_word' id='word_1_48' title='bbox 2710 636 2806 688; x_wconf 73' lang='grc' dir='ltr'><strong>καὶ</strong></span> <span class='ocrx_word' id='word_1_49' title='bbox 2859 637 2920 687; x_wconf 82' lang='grc' dir='ltr'><strong>τὸ</strong></span> <span class='ocrx_word' id='word_1_50' title='bbox 2953 635 3350 706; x_wconf 83' lang='grc' dir='ltr'><strong>ἀτεκνούμενον</strong></span> <span class='ocrx_word' id='word_1_51' title='bbox 3381 637 3484 692; x_wconf 79' lang='grc' dir='ltr'><strong>ὑπό</strong></span> <span class='ocrx_word' id='word_1_52' title='bbox 3533 657 3647 704; x_wconf 85' lang='grc' dir='ltr'><strong>τινος</strong></span> 
     </span>
    </p>
   </div>
   <div class='ocr_carea' id='block_1_8' title="bbox 447 726 1943 802">
    <p class='ocr_par' dir='ltr' id='par_1_8' title="bbox 447 726 1943 789">
     <span class='ocr_line' id='line_1_8' title="bbox 447 726 1943 789; baseline 0 -12"><span class='ocrx_word' id='word_1_53' title='bbox 447 726 548 779; x_wconf 90' lang='lat' dir='ltr'><strong>lem</strong></span> <span class='ocrx_word' id='word_1_54' title='bbox 585 726 775 789; x_wconf 93' lang='lat' dir='ltr'><strong>reddit,</strong></span> <span class='ocrx_word' id='word_1_55' title='bbox 813 735 871 778; x_wconf 90' lang='lat' dir='ltr'><strong>ut</strong></span> <span class='ocrx_word' id='word_1_56' title='bbox 905 726 1130 789; x_wconf 87' lang='lat' dir='ltr'><strong>scimus,</strong></span> <span class='ocrx_word' id='word_1_57' title='bbox 1165 741 1233 779; x_wconf 86' lang='lat' dir='ltr'><strong>ex</strong></span> <span class='ocrx_word' id='word_1_58' title='bbox 1296 726 1616 779; x_wconf 81' lang='lat' dir='ltr'><strong>humoribus</strong></span> <span class='ocrx_word' id='word_1_59' title='bbox 1674 727 1943 780; x_wconf 71' lang='lat' dir='ltr'><strong>sterilitatt</strong></span> 
     </span>
    </p>
   </div>
   <div class='ocr_carea' id='block_1_9' title="bbox 2153 726 3649 802">
    <p class='ocr_par' dir='ltr' id='par_1_9' title="bbox 2160 726 3649 802">
     <span class='ocr_line' id='line_1_9' title="bbox 2160 726 3649 802; baseline 0.003 -20"><span class='ocrx_word' id='word_1_60' title='bbox 2160 726 2473 790; x_wconf 83' lang='grc' dir='ltr'><strong>τεκνοῦντος</strong></span> <span class='ocrx_word' id='word_1_61' title='bbox 2525 728 2894 781; x_wconf 80' lang='grc' dir='ltr'><strong>ἀτεκνοῦται·</strong></span> <span class='ocrx_word' id='word_1_62' title='bbox 2959 728 3268 800; x_wconf 83' lang='grc' dir='ltr'><strong>μαθήσεται</strong></span> <span class='ocrx_word' id='word_1_63' title='bbox 3325 730 3404 794; x_wconf 84' lang='grc' dir='ltr'><strong>ὼς</strong></span> <span class='ocrx_word' id='word_1_64' title='bbox 3437 733 3649 802; x_wconf 83' lang='grc' dir='ltr'><strong>πήρωσις</strong></span> 
     </span>
    </p>
   </div>
   <div class='ocr_carea' id='block_1_10' title="bbox 445 817 1941 892">
    <p class='ocr_par' dir='ltr' id='par_1_10' title="bbox 445 817 1941 886">
     <span class='ocr_line' id='line_1_10' title="bbox 445 817 1941 886; baseline 0.001 -18"><span class='ocrx_word' id='word_1_65' title='bbox 445 817 855 885; x_wconf 76' lang='lat' dir='ltr'><strong>generantibus,</strong></span> <span class='ocrx_word' id='word_1_66' title='bbox 893 817 974 869; x_wconf 88' lang='lat' dir='ltr'><strong>sic</strong></span> <span class='ocrx_word' id='word_1_67' title='bbox 1011 818 1175 870; x_wconf 89' lang='lat' dir='ltr'><strong>etiam</strong></span> <span class='ocrx_word' id='word_1_68' title='bbox 1211 818 1354 886; x_wconf 88' lang='lat' dir='ltr'><strong>quod</strong></span> <span class='ocrx_word' id='word_1_69' title='bbox 1391 827 1473 871; x_wconf 85' lang='lat' dir='ltr'><strong>est</strong></span> <span class='ocrx_word' id='word_1_70' title='bbox 1503 817 1688 872; x_wconf 89' lang='lat' dir='ltr'><strong>sterile</strong></span> <span class='ocrx_word' id='word_1_71' title='bbox 1723 833 1749 871; x_wconf 90' lang='lat' dir='ltr'><strong>a</strong></span> <span class='ocrx_word' id='word_1_72' title='bbox 1779 817 1941 886; x_wconf 84' lang='lat' dir='ltr'><strong>quod:</strong></span> 
     </span>
    </p>
   </div>
   <div class='ocr_carea' id='block_1_11' title="bbox 2151 817 3647 892">
    <p class='ocr_par' dir='ltr' id='par_1_11' title="bbox 2151 819 3647 892">
     <span class='ocr_line' id='line_1_11' title="bbox 2151 819 3647 892; baseline 0.005 -21"><span class='ocrx_word' id='word_1_73' title='bbox 2151 821 2224 872; x_wconf 74' lang='grc' dir='ltr'><strong>ιὲν</strong></span> <span class='ocrx_word' id='word_1_74' title='bbox 2256 819 2467 888; x_wconf 82' lang='grc' dir='ltr'><strong>φύσεως</strong></span> <span class='ocrx_word' id='word_1_75' title='bbox 2506 821 2818 891; x_wconf 80' lang='grc' dir='ltr'><strong>ὴτέκνωσεν</strong></span> <span class='ocrx_word' id='word_1_76' title='bbox 2876 821 3114 892; x_wconf 73' lang='grc' dir='ltr'><strong>ἐκείνην,</strong></span> <span class='ocrx_word' id='word_1_77' title='bbox 3159 822 3354 886; x_wconf 76' lang='grc' dir='ltr'><strong>ὁποίας</strong></span> <span class='ocrx_word' id='word_1_78' title='bbox 3394 825 3580 890; x_wconf 69' lang='grc' dir='ltr'><strong>πολλὰς</strong></span> <span class='ocrx_word' id='word_1_79' title='bbox 3606 829 3647 880; x_wconf 77' lang='grc' dir='ltr'><strong>αἱ</strong></span> 
     </span>
    </p>
   </div>
   <div class='ocr_carea' id='block_1_12' title="bbox 443 907 1939 984">
    <p class='ocr_par' dir='ltr' id='par_1_12' title="bbox 443 907 1939 973">
     <span class='ocr_line' id='line_1_12' title="bbox 443 907 1939 973; baseline 0.001 -13"><span class='ocrx_word' id='word_1_80' title='bbox 443 907 747 960; x_wconf 83' lang='lat' dir='ltr'><strong>sterilitatis</strong></span> <span class='ocrx_word' id='word_1_81' title='bbox 770 917 994 961; x_wconf 84' lang='lat' dir='ltr'><strong>auctore</strong></span> <span class='ocrx_word' id='word_1_82' title='bbox 1011 911 1195 962; x_wconf 84' lang='lat' dir='ltr'><strong>sterile</strong></span> <span class='ocrx_word' id='word_1_83' title='bbox 1222 909 1425 962; x_wconf 87' lang='lat' dir='ltr'><strong>factum</strong></span> <span class='ocrx_word' id='word_1_84' title='bbox 1451 918 1573 973; x_wconf 86' lang='lat' dir='ltr'><strong>est;</strong></span> <span class='ocrx_word' id='word_1_85' title='bbox 1602 909 1780 964; x_wconf 79' lang='lat' dir='ltr'><strong>discet</strong></span> <span class='ocrx_word' id='word_1_86' title='bbox 1809 921 1939 963; x_wconf 90' lang='lat' dir='ltr'><strong>natu</strong></span> 
     </span>
    </p>
   </div>
   <div class='ocr_carea' id='block_1_13' title="bbox 2151 907 3647 984">
    <p class='ocr_par' dir='ltr' id='par_1_13' title="bbox 2151 912 3647 984">
     <span class='ocr_line' id='line_1_13' title="bbox 2151 912 3647 984; baseline 0.003 -21"><span class='ocrx_word' id='word_1_87' title='bbox 2151 913 2328 981; x_wconf 83' lang='grc' dir='ltr'><strong>ιῆτραι</strong></span> <span class='ocrx_word' id='word_1_88' title='bbox 2356 913 2657 983; x_wconf 72' lang='grc' dir='ltr'><strong>πάσχουσιν</strong></span> <span class='ocrx_word' id='word_1_89' title='bbox 2677 929 2691 943; x_wconf 88' lang='grc'><strong>·</strong></span> <span class='ocrx_word' id='word_1_90' title='bbox 2723 915 2750 966; x_wconf 89' lang='grc' dir='ltr'>ὁ</span> <span class='ocrx_word' id='word_1_91' title='bbox 2777 912 2832 965; x_wconf 84' lang='grc' dir='ltr'><strong>δὲ</strong></span> <span class='ocrx_word' id='word_1_92' title='bbox 2868 913 3001 978; x_wconf 84' lang='grc' dir='ltr'><strong>Θεὸς</strong></span> <span class='ocrx_word' id='word_1_93' title='bbox 3027 915 3266 984; x_wconf 77' lang='grc' dir='ltr'><strong>ὑγιώσας</strong></span> <span class='ocrx_word' id='word_1_94' title='bbox 3297 916 3376 980; x_wconf 78' lang='grc' dir='ltr'><strong>εις</strong></span> <span class='ocrx_word' id='word_1_95' title='bbox 3402 917 3647 971; x_wconf 75' lang='grc' dir='ltr'><strong>εὐτεκνίαν</strong></span> 
     </span>
    </p>
   </div>
   <div class='ocr_carea' id='block_1_14' title="bbox 442 996 2460 1075">
    <p class='ocr_par' dir='ltr' id='par_1_14' title="bbox 442 996 2460 1075">
     <span class='ocr_line' id='line_1_14' title="bbox 442 996 2460 1075; baseline 0.005 -29"><span class='ocrx_word' id='word_1_96' title='bbox 442 996 660 1063; x_wconf 88' lang='lat' dir='ltr'><strong>quidem</strong></span> <span class='ocrx_word' id='word_1_97' title='bbox 704 998 964 1068; x_wconf 84' lang='lat' dir='ltr'><strong>paralysi,</strong></span> <span class='ocrx_word' id='word_1_98' title='bbox 1020 1015 1126 1066; x_wconf 85' lang='lat' dir='ltr'><strong>qua</strong></span> <span class='ocrx_word' id='word_1_99' title='bbox 1175 1000 1357 1056; x_wconf 84' lang='lat' dir='ltr'><strong>multae</strong></span> <span class='ocrx_word' id='word_1_100' title='bbox 1387 1000 1707 1053; x_wconf 79' lang='lat' dir='ltr'><strong>afficiuntur</strong></span> <span class='ocrx_word' id='word_1_101' title='bbox 1741 1002 2017 1060; x_wconf 83' lang='lat' dir='ltr'><strong>matrices,</strong></span> <span class='ocrx_word' id='word_1_102' title='bbox 2121 1003 2460 1075; x_wconf 68' lang='grc' dir='ltr'><strong>ἐπέρρωσεν.</strong></span> 
     </span>
    </p>
   </div>
   <div class='ocr_carea' id='block_1_15' title="bbox 443 1084 2022 1157">
    <p class='ocr_par' dir='ltr' id='par_1_15' title="bbox 443 1084 2022 1157">
     <span class='ocr_line' id='line_1_15' title="bbox 443 1084 2022 1157; baseline 0.003 -20"><span class='ocrx_word' id='word_1_103' title='bbox 443 1098 559 1138; x_wconf 89' lang='lat' dir='ltr'><strong>eam</strong></span> <span class='ocrx_word' id='word_1_104' title='bbox 594 1084 763 1140; x_wconf 89' lang='lat' dir='ltr'><strong>fuisse</strong></span> <span class='ocrx_word' id='word_1_105' title='bbox 796 1087 1038 1141; x_wconf 86' lang='lat' dir='ltr'><strong>sterilem</strong></span> <span class='ocrx_word' id='word_1_106' title='bbox 1083 1087 1304 1154; x_wconf 86' lang='lat' dir='ltr'><strong>factam,</strong></span> <span class='ocrx_word' id='word_1_107' title='bbox 1339 1089 1430 1144; x_wconf 84' lang='lat' dir='ltr'><strong>sed</strong></span> <span class='ocrx_word' id='word_1_108' title='bbox 1462 1090 1634 1143; x_wconf 79' lang='lat' dir='ltr'><strong>abeo</strong></span> <span class='ocrx_word' id='word_1_109' title='bbox 1687 1100 1876 1142; x_wconf 85' lang='lat' dir='ltr'><strong>sanata</strong></span> <span class='ocrx_word' id='word_1_110' title='bbox 1927 1101 2022 1157; x_wconf 87' lang='lat' dir='ltr'><strong>per</strong></span> 
     </span>
    </p>
   </div>
   <div class='ocr_carea' id='block_1_16' title="bbox 443 1176 1020 1232">
    <p class='ocr_par' dir='ltr' id='par_1_16' title="bbox 443 1176 1020 1232">
     <span class='ocr_line' id='line_1_16' title="bbox 443 1176 1020 1232; baseline 0.003 -2"><span class='ocrx_word' id='word_1_111' title='bbox 443 1176 686 1230; x_wconf 87' lang='lat' dir='ltr'><strong>sobolem</strong></span> <span class='ocrx_word' id='word_1_112' title='bbox 723 1179 1020 1232; x_wconf 83' lang='lat' dir='ltr'><strong>convaluit.</strong></span> 
     </span>
    </p>
   </div>
   <div class='ocr_carea' id='block_1_17' title="bbox 513 1271 2009 1353">
    <p class='ocr_par' dir='ltr' id='par_1_17' title="bbox 513 1271 2009 1341">
     <span class='ocr_line' id='line_1_17' title="bbox 513 1271 2009 1341; baseline 0.001 -19"><span class='ocrx_word' id='word_1_113' title='bbox 513 1271 602 1324; x_wconf 80' lang='lat'><strong>65.</strong></span> <span class='ocrx_word' id='word_1_114' title='bbox 637 1271 1033 1324; x_wconf 86' lang='lat' dir='ltr'><strong>lntolerandam</strong></span> <span class='ocrx_word' id='word_1_115' title='bbox 1067 1279 1249 1325; x_wconf 88' lang='lat' dir='ltr'><strong>autem</strong></span> <span class='ocrx_word' id='word_1_116' title='bbox 1278 1271 1556 1341; x_wconf 74' lang='lat' dir='ltr'><strong>iniuriam,</strong></span> <span class='ocrx_word' id='word_1_117' title='bbox 1601 1272 1894 1336; x_wconf 87' lang='lat' dir='ltr'><strong>violentas,</strong></span> <span class='ocrx_word' id='word_1_118' title='bbox 1963 1281 2009 1325; x_wconf 81' lang='lat' dir='ltr'><strong>ul</strong></span> 
     </span>
    </p>
   </div>
   <div class='ocr_carea' id='block_1_18' title="bbox 2158 1271 3654 1353">
    <p class='ocr_par' dir='ltr' id='par_1_18' title="bbox 2196 1275 3654 1353">
     <span class='ocr_line' id='line_1_18' title="bbox 2196 1275 3654 1353; baseline 0.003 -25"><span class='ocrx_word' id='word_1_119' title='bbox 2196 1275 2289 1340; x_wconf 70' lang='grc' dir='ltr'><strong>ξέ.</strong></span> <span class='ocrx_word' id='word_1_120' title='bbox 2313 1277 2510 1346; x_wconf 85' lang='grc' dir='ltr'><strong>’Ὑϐριν</strong></span> <span class='ocrx_word' id='word_1_121' title='bbox 2557 1278 2612 1330; x_wconf 80' lang='grc' dir='ltr'><strong>δὲ</strong></span> <span class='ocrx_word' id='word_1_122' title='bbox 2642 1278 3010 1332; x_wconf 80' lang='grc' dir='ltr'><strong>δυσκάθεκτον</strong></span> <span class='ocrx_word' id='word_1_123' title='bbox 3056 1281 3183 1343; x_wconf 77' lang='grc' dir='ltr'><strong>τοὺς</strong></span> <span class='ocrx_word' id='word_1_124' title='bbox 3213 1282 3306 1334; x_wconf 77' lang='grc' dir='ltr'><strong>ἐπὶ</strong></span> <span class='ocrx_word' id='word_1_125' title='bbox 3337 1285 3402 1353; x_wconf 75' lang='grc' dir='ltr'><strong>τῇ</strong></span> <span class='ocrx_word' id='word_1_126' title='bbox 3440 1283 3654 1350; x_wconf 69' lang='grc' dir='ltr'><strong>ἀτεκνίᾳ,</strong></span> 
     </span>
    </p>
   </div>
   <div class='ocr_carea' id='block_1_19' title="bbox 443 1363 1939 1442">
    <p class='ocr_par' dir='ltr' id='par_1_19' title="bbox 443 1363 1881 1433">
     <span class='ocr_line' id='line_1_19' title="bbox 443 1363 1881 1433; baseline 0.001 -17"><span class='ocrx_word' id='word_1_127' title='bbox 443 1363 646 1416; x_wconf 87' lang='lat' dir='ltr'><strong>dictum</strong></span> <span class='ocrx_word' id='word_1_128' title='bbox 671 1372 792 1433; x_wconf 53' lang='lat' dir='ltr'><strong>est,</strong></span> <span class='ocrx_word' id='word_1_129' title='bbox 819 1363 886 1416; x_wconf 89' lang='lat' dir='ltr'><strong>de</strong></span> <span class='ocrx_word' id='word_1_130' title='bbox 909 1364 1152 1416; x_wconf 84' lang='lat' dir='ltr'><strong>carentia</strong></span> <span class='ocrx_word' id='word_1_131' title='bbox 1181 1364 1349 1432; x_wconf 85' lang='lat' dir='ltr'><strong>prolis</strong></span> <span class='ocrx_word' id='word_1_132' title='bbox 1403 1365 1881 1433; x_wconf 80' lang='lat' dir='ltr'><strong>exprobrationes,</strong></span> 
     </span>
    </p>
   </div>
   <div class='ocr_carea' id='block_1_20' title="bbox 2160 1363 3656 1442">
    <p class='ocr_par' dir='ltr' id='par_1_20' title="bbox 2160 1369 3656 1442">
     <span class='ocr_line' id='line_1_20' title="bbox 2160 1369 3656 1442; baseline 0.003 -22"><span class='ocrx_word' id='word_1_133' title='bbox 2160 1386 2199 1431; x_wconf 72' lang='grc' dir='ltr'><strong>ις</strong></span> <span class='ocrx_word' id='word_1_134' title='bbox 2258 1369 2484 1440; x_wconf 77' lang='grc' dir='ltr'><strong>ἐρρέθη,</strong></span> <span class='ocrx_word' id='word_1_135' title='bbox 2546 1371 2956 1438; x_wconf 74' lang='grc' dir='ltr'><strong>καταφορικοὺς</strong></span> <span class='ocrx_word' id='word_1_136' title='bbox 3024 1371 3368 1441; x_wconf 80' lang='grc' dir='ltr'><strong>ὀνειδισμοὺς</strong></span> <span class='ocrx_word' id='word_1_137' title='bbox 3436 1375 3656 1442; x_wconf 78' lang='grc' dir='ltr'><strong>νοητέον·</strong></span> 
     </span>
    </p>
   </div>
   <div class='ocr_carea' id='block_1_21' title="bbox 444 1454 1940 1530">
    <p class='ocr_par' dir='ltr' id='par_1_21' title="bbox 444 1454 1940 1524">
     <span class='ocr_line' id='line_1_21' title="bbox 444 1454 1940 1524; baseline 0.001 -16"><span class='ocrx_word' id='word_1_138' title='bbox 444 1454 792 1522; x_wconf 78' lang='lat' dir='ltr'><strong>telligendum</strong></span> <span class='ocrx_word' id='word_1_139' title='bbox 815 1463 898 1508; x_wconf 90' lang='lat' dir='ltr'><strong>est</strong></span> <span class='ocrx_word' id='word_1_140' title='bbox 922 1474 934 1509; x_wconf 89' lang='lat'>:</span> <span class='ocrx_word' id='word_1_141' title='bbox 955 1455 1167 1523; x_wconf 69' lang='lat' dir='ltr'><strong>injuria:</strong></span> <span class='ocrx_word' id='word_1_142' title='bbox 1199 1456 1464 1524; x_wconf 84' lang='lat' dir='ltr'><strong>siquidem</strong></span> <span class='ocrx_word' id='word_1_143' title='bbox 1495 1456 1596 1510; x_wconf 66' lang='lat' dir='ltr'><strong>illa:</strong></span> <span class='ocrx_word' id='word_1_144' title='bbox 1625 1465 1755 1511; x_wconf 88' lang='lat' dir='ltr'><strong>sunt</strong></span> <span class='ocrx_word' id='word_1_145' title='bbox 1783 1456 1940 1524; x_wconf 38' lang='lat' dir='ltr'><strong>specii</strong></span> 
     </span>
    </p>
   </div>
   <div class='ocr_carea' id='block_1_22' title="bbox 2163 1454 3659 1530">
    <p class='ocr_par' dir='ltr' id='par_1_22' title="bbox 2164 1455 3659 1530">
     <span class='ocr_line' id='line_1_22' title="bbox 2164 1455 3659 1530; baseline 0.003 -19"><span class='ocrx_word' id='word_1_146' title='bbox 2164 1460 2338 1530; x_wconf 88' lang='grc' dir='ltr'><strong>ϐρεως</strong></span> <span class='ocrx_word' id='word_1_147' title='bbox 2362 1459 2470 1527; x_wconf 84' lang='grc' dir='ltr'><strong>γάρ</strong></span> <span class='ocrx_word' id='word_1_148' title='bbox 2496 1477 2548 1511; x_wconf 86' lang='grc' dir='ltr'><strong>τι</strong></span> <span class='ocrx_word' id='word_1_149' title='bbox 2580 1460 2677 1512; x_wconf 74' lang='grc' dir='ltr'><strong>καὶ</strong></span> <span class='ocrx_word' id='word_1_150' title='bbox 2725 1461 2882 1512; x_wconf 72' lang='grc' dir='ltr'><strong>αὐτοὶ</strong></span> <span class='ocrx_word' id='word_1_151' title='bbox 2927 1455 3089 1524; x_wconf 80' lang='grc' dir='ltr'><strong>εἶδος,</strong></span> <span class='ocrx_word' id='word_1_152' title='bbox 3116 1464 3212 1515; x_wconf 73' lang='grc' dir='ltr'><strong>καὶ</strong></span> <span class='ocrx_word' id='word_1_153' title='bbox 3245 1463 3463 1530; x_wconf 80' lang='grc' dir='ltr'><strong>μάλισθ’</strong></span> <span class='ocrx_word' id='word_1_154' title='bbox 3486 1466 3598 1518; x_wconf 81' lang='grc' dir='ltr'><strong>ὅταν</strong></span> <span class='ocrx_word' id='word_1_155' title='bbox 3617 1466 3659 1516; x_wconf 79' lang='grc' dir='ltr'><strong>ὲν</strong></span> 
     </span>
    </p>
   </div>
   <div class='ocr_carea' id='block_1_23' title="bbox 446 1547 1942 1624">
    <p class='ocr_par' dir='ltr' id='par_1_23' title="bbox 446 1547 1942 1618">
     <span class='ocr_line' id='line_1_23' title="bbox 446 1547 1942 1618; baseline 0.001 -19"><span class='ocrx_word' id='word_1_156' title='bbox 446 1548 679 1600; x_wconf 70' lang='lat' dir='ltr'><strong>maxime</strong></span> <span class='ocrx_word' id='word_1_157' title='bbox 709 1561 830 1600; x_wconf 91' lang='lat' dir='ltr'><strong>cum</strong></span> <span class='ocrx_word' id='word_1_158' title='bbox 869 1548 919 1600; x_wconf 88' lang='lat' dir='ltr'><strong>in</strong></span> <span class='ocrx_word' id='word_1_159' title='bbox 948 1556 1071 1601; x_wconf 90' lang='lat' dir='ltr'><strong>cute</strong></span> <span class='ocrx_word' id='word_1_160' title='bbox 1094 1548 1341 1601; x_wconf 80' lang='lat' dir='ltr'><strong>mordent</strong></span> <span class='ocrx_word' id='word_1_161' title='bbox 1378 1549 1686 1614; x_wconf 89' lang='lat' dir='ltr'><strong>audientes,</strong></span> <span class='ocrx_word' id='word_1_162' title='bbox 1712 1548 1765 1602; x_wconf 91' lang='lat' dir='ltr'><strong>in</strong></span> <span class='ocrx_word' id='word_1_163' title='bbox 1798 1547 1942 1618; x_wconf 80' lang='lat' dir='ltr'><strong>profu</strong></span> 
     </span>
    </p>
   </div>
   <div class='ocr_carea' id='block_1_24' title="bbox 2160 1547 3656 1624">
    <p class='ocr_par' dir='ltr' id='par_1_24' title="bbox 2163 1550 3656 1624">
     <span class='ocr_line' id='line_1_24' title="bbox 2163 1550 3656 1624; baseline 0.002 -21"><span class='ocrx_word' id='word_1_164' title='bbox 2163 1551 2240 1620; x_wconf 85' lang='grc' dir='ltr'><strong>ρῷ</strong></span> <span class='ocrx_word' id='word_1_165' title='bbox 2266 1551 2522 1604; x_wconf 82' lang='grc' dir='ltr'><strong>δάκνουσι</strong></span> <span class='ocrx_word' id='word_1_166' title='bbox 2557 1551 2683 1612; x_wconf 77' lang='grc' dir='ltr'><strong>τοὺς</strong></span> <span class='ocrx_word' id='word_1_167' title='bbox 2737 1550 3060 1614; x_wconf 85' lang='grc' dir='ltr'><strong>ἀκούοντας,</strong></span> <span class='ocrx_word' id='word_1_168' title='bbox 3089 1553 3148 1613; x_wconf 76' lang='grc' dir='ltr'><strong>ὲς</strong></span> <span class='ocrx_word' id='word_1_169' title='bbox 3179 1552 3378 1620; x_wconf 84' lang='grc' dir='ltr'><strong>βάθους</strong></span> <span class='ocrx_word' id='word_1_170' title='bbox 3408 1553 3656 1624; x_wconf 84' lang='grc' dir='ltr'><strong>παραδυό-</strong></span> 
     </span>
    </p>
   </div>
   <div class='ocr_carea' id='block_1_25' title="bbox 445 1637 1941 1714">
    <p class='ocr_par' dir='ltr' id='par_1_25' title="bbox 445 1637 1941 1705">
     <span class='ocr_line' id='line_1_25' title="bbox 445 1637 1941 1705; baseline 0.003 -16"><span class='ocrx_word' id='word_1_171' title='bbox 445 1637 572 1689; x_wconf 91' lang='lat' dir='ltr'><strong>dum</strong></span> <span class='ocrx_word' id='word_1_172' title='bbox 609 1637 802 1690; x_wconf 64' lang='lat' dir='ltr'><strong>animae</strong></span> <span class='ocrx_word' id='word_1_173' title='bbox 831 1647 1150 1705; x_wconf 87' lang='lat' dir='ltr'><strong>penetrant;</strong></span> <span class='ocrx_word' id='word_1_174' title='bbox 1180 1648 1234 1693; x_wconf 91' lang='lat' dir='ltr'><strong>et</strong></span> <span class='ocrx_word' id='word_1_175' title='bbox 1258 1649 1388 1696; x_wconf 90' lang='lat' dir='ltr'><strong>tunc</strong></span> <span class='ocrx_word' id='word_1_176' title='bbox 1440 1640 1818 1696; x_wconf 89' lang='lat' dir='ltr'><strong>intolerabiles</strong></span> <span class='ocrx_word' id='word_1_177' title='bbox 1853 1657 1941 1696; x_wconf 78' lang='grc' dir='ltr'><strong>ειη</strong></span> 
     </span>
    </p>
   </div>
   <div class='ocr_carea' id='block_1_26' title="bbox 2167 1637 3663 1714">
    <p class='ocr_par' dir='ltr' id='par_1_26' title="bbox 2167 1641 3663 1714">
     <span class='ocr_line' id='line_1_26' title="bbox 2167 1641 3663 1714; baseline 0.004 -22"><span class='ocrx_word' id='word_1_178' title='bbox 2167 1660 2282 1696; x_wconf 87' lang='grc' dir='ltr'><strong>ενοι</strong></span> <span class='ocrx_word' id='word_1_179' title='bbox 2324 1641 2538 1712; x_wconf 75' lang='grc' dir='ltr'><strong>ψυχῆςο</strong></span> <span class='ocrx_word' id='word_1_180' title='bbox 2575 1643 2667 1694; x_wconf 84' lang='grc' dir='ltr'><strong>ὅτε</strong></span> <span class='ocrx_word' id='word_1_181' title='bbox 2719 1642 2814 1695; x_wconf 73' lang='grc' dir='ltr'><strong>καὶ</strong></span> <span class='ocrx_word' id='word_1_182' title='bbox 2844 1641 3137 1694; x_wconf 81' lang='grc' dir='ltr'><strong>ἁκάθεκτοί</strong></span> <span class='ocrx_word' id='word_1_183' title='bbox 3173 1645 3310 1696; x_wconf 74' lang='grc' dir='ltr'><strong>εἰσιν</strong></span> <span class='ocrx_word' id='word_1_184' title='bbox 3332 1661 3348 1675; x_wconf 79' lang='grc' dir='ltr'><strong>ο</strong></span> <span class='ocrx_word' id='word_1_185' title='bbox 3384 1645 3463 1707; x_wconf 84' lang='grc' dir='ltr'><strong>ὡς</strong></span> <span class='ocrx_word' id='word_1_186' title='bbox 3503 1647 3663 1714; x_wconf 83' lang='grc' dir='ltr'><strong>δυσχε-</strong></span> 
     </span>
    </p>
   </div>
   <div class='ocr_carea' id='block_1_27' title="bbox 448 1728 1944 1804">
    <p class='ocr_par' dir='ltr' id='par_1_27' title="bbox 448 1728 1944 1803">
     <span class='ocr_line' id='line_1_27' title="bbox 448 1728 1944 1803; baseline 0.003 -24"><span class='ocrx_word' id='word_1_187' title='bbox 448 1742 572 1780; x_wconf 92' lang='lat' dir='ltr'><strong>nam</strong></span> <span class='ocrx_word' id='word_1_188' title='bbox 605 1728 819 1783; x_wconf 84' lang='lat' dir='ltr'><strong>diflicile</strong></span> <span class='ocrx_word' id='word_1_189' title='bbox 843 1737 926 1782; x_wconf 88' lang='lat' dir='ltr'><strong>est</strong></span> <span class='ocrx_word' id='word_1_190' title='bbox 961 1739 1016 1783; x_wconf 89' lang='lat' dir='ltr'><strong>et</strong></span> <span class='ocrx_word' id='word_1_191' title='bbox 1045 1731 1528 1801; x_wconf 79' lang='lat' dir='ltr'><strong>exprobrationem</strong></span> <span class='ocrx_word' id='word_1_192' title='bbox 1558 1749 1746 1803; x_wconf 88' lang='lat' dir='ltr'><strong>passo,</strong></span> <span class='ocrx_word' id='word_1_193' title='bbox 1775 1733 1944 1788; x_wconf 73' lang='grc' dir='ltr'><strong>(ὶοιοιν</strong></span> 
     </span>
    </p>
   </div>
   <div class='ocr_carea' id='block_1_28' title="bbox 2168 1728 3664 1804">
    <p class='ocr_par' dir='ltr' id='par_1_28' title="bbox 2168 1732 3664 1803">
     <span class='ocr_line' id='line_1_28' title="bbox 2168 1732 3664 1803; baseline -0.001 -16"><span class='ocrx_word' id='word_1_194' title='bbox 2168 1734 2220 1797; x_wconf 81' lang='grc' dir='ltr'><strong>ὲς</strong></span> <span class='ocrx_word' id='word_1_195' title='bbox 2247 1733 2306 1786; x_wconf 79' lang='grc' dir='ltr'><strong>ὃν</strong></span> <span class='ocrx_word' id='word_1_196' title='bbox 2336 1733 2414 1802; x_wconf 84' lang='grc' dir='ltr'><strong>τῷ</strong></span> <span class='ocrx_word' id='word_1_197' title='bbox 2455 1732 2834 1802; x_wconf 79' lang='grc' dir='ltr'><strong>ὀνειδιζομένῳ</strong></span> <span class='ocrx_word' id='word_1_198' title='bbox 2871 1733 3199 1802; x_wconf 85' lang='grc' dir='ltr'><strong>κατασχόντι</strong></span> <span class='ocrx_word' id='word_1_199' title='bbox 3238 1733 3336 1802; x_wconf 81' lang='grc' dir='ltr'><strong>τὴν</strong></span> <span class='ocrx_word' id='word_1_200' title='bbox 3362 1735 3557 1803; x_wconf 82' lang='grc' dir='ltr'><strong>λύπην,</strong></span> <span class='ocrx_word' id='word_1_201' title='bbox 3591 1735 3664 1788; x_wconf 77' lang='grc' dir='ltr'><strong>καὶ</strong></span> 
     </span>
    </p>
   </div>
   <div class='ocr_carea' id='block_1_29' title="bbox 445 1807 1941 1894">
    <p class='ocr_par' dir='ltr' id='par_1_29' title="bbox 445 1818 1941 1894">
     <span class='ocr_line' id='line_1_29' title="bbox 445 1818 1941 1894; baseline 0.005 -24"><span class='ocrx_word' id='word_1_202' title='bbox 445 1818 1042 1889; x_wconf 86' lang='lat' dir='ltr'><strong>continentiquasiqne</strong></span> <span class='ocrx_word' id='word_1_203' title='bbox 1073 1821 1395 1891; x_wconf 86' lang='lat' dir='ltr'><strong>decoquenti</strong></span> <span class='ocrx_word' id='word_1_204' title='bbox 1452 1837 1561 1878; x_wconf 93' lang='lat' dir='ltr'><strong>non</strong></span> <span class='ocrx_word' id='word_1_205' title='bbox 1616 1825 1796 1894; x_wconf 91' lang='lat' dir='ltr'><strong>aliquo</strong></span> <span class='ocrx_word' id='word_1_206' title='bbox 1859 1840 1941 1878; x_wconf 87' lang='lat' dir='ltr'><strong>me</strong></span> 
     </span>
    </p>
   </div>
   <div class='ocr_carea' id='block_1_30' title="bbox 2162 1807 3658 1894">
    <p class='ocr_par' dir='ltr' id='par_1_30' title="bbox 2162 1820 3658 1894">
     <span class='ocr_line' id='line_1_30' title="bbox 2162 1820 3658 1894; baseline 0.002 -18"><span class='ocrx_word' id='word_1_207' title='bbox 2162 1843 2200 1888; x_wconf 78' lang='grc' dir='ltr'><strong>ις</strong></span> <span class='ocrx_word' id='word_1_208' title='bbox 2246 1820 2357 1878; x_wconf 76' lang='grc' dir='ltr'><strong>οἷον</strong></span> <span class='ocrx_word' id='word_1_209' title='bbox 2414 1823 2813 1892; x_wconf 81' lang='grc' dir='ltr'><strong>καταπέψαντι,</strong></span> <span class='ocrx_word' id='word_1_210' title='bbox 2870 1823 2944 1894; x_wconf 86' lang='grc' dir='ltr'><strong>μὴ</strong></span> <span class='ocrx_word' id='word_1_211' title='bbox 2987 1823 3360 1893; x_wconf 80' lang='grc' dir='ltr'><strong>ἀντιλυπῆσαι</strong></span> <span class='ocrx_word' id='word_1_212' title='bbox 3418 1825 3658 1880; x_wconf 81' lang='grc' dir='ltr'><strong>ὁπωσοῦν.</strong></span> 
     </span>
    </p>
   </div>
   <div class='ocr_carea' id='block_1_31' title="bbox 447 1913 1943 1988">
    <p class='ocr_par' dir='ltr' id='par_1_31' title="bbox 447 1913 1942 1988">
     <span class='ocr_line' id='line_1_31' title="bbox 447 1913 1942 1988; baseline 0.005 -23"><span class='ocrx_word' id='word_1_213' title='bbox 447 1913 688 1968; x_wconf 91' lang='lat' dir='ltr'><strong>vicissim</strong></span> <span class='ocrx_word' id='word_1_214' title='bbox 713 1917 1054 1971; x_wconf 88' lang='lat' dir='ltr'><strong>contristari.</strong></span> <span class='ocrx_word' id='word_1_215' title='bbox 1106 1917 1256 1972; x_wconf 84' lang='lat' dir='ltr'><strong>Alias</strong></span> <span class='ocrx_word' id='word_1_216' title='bbox 1276 1927 1455 1972; x_wconf 87' lang='lat' dir='ltr'><strong>autem</strong></span> <span class='ocrx_word' id='word_1_217' title='bbox 1494 1919 1616 1974; x_wconf 84' lang='lat' dir='ltr'><strong>talis</strong></span> <span class='ocrx_word' id='word_1_218' title='bbox 1666 1919 1862 1988; x_wconf 84' lang='lat' dir='ltr'><strong>injuria</strong></span> <span class='ocrx_word' id='word_1_219' title='bbox 1909 1919 1942 1973; x_wconf 93' lang='lat' dir='ltr'><strong>d</strong></span> 
     </span>
    </p>
   </div>
   <div class='ocr_carea' id='block_1_32' title="bbox 2168 1913 3664 1988">
    <p class='ocr_par' dir='ltr' id='par_1_32' title="bbox 2168 1915 3664 1987">
     <span class='ocr_line' id='line_1_32' title="bbox 2168 1915 3664 1987; baseline -0.001 -17"><span class='ocrx_word' id='word_1_220' title='bbox 2168 1918 2285 1970; x_wconf 77' lang='grc' dir='ltr'><strong>Εστι</strong></span> <span class='ocrx_word' id='word_1_221' title='bbox 2304 1918 2360 1970; x_wconf 76' lang='grc' dir='ltr'><strong>δὲ</strong></span> <span class='ocrx_word' id='word_1_222' title='bbox 2385 1917 2479 1971; x_wconf 74' lang='grc' dir='ltr'><strong>καὶ</strong></span> <span class='ocrx_word' id='word_1_223' title='bbox 2498 1917 2674 1979; x_wconf 75' lang='grc' dir='ltr'><strong>ἄλλως</strong></span> <span class='ocrx_word' id='word_1_224' title='bbox 2710 1915 3082 1970; x_wconf 81' lang='grc' dir='ltr'><strong>δυσκάθεκτον</strong></span> <span class='ocrx_word' id='word_1_225' title='bbox 3123 1916 3283 1987; x_wconf 77' lang='grc' dir='ltr'><strong>ὕϐριν</strong></span> <span class='ocrx_word' id='word_1_226' title='bbox 3312 1918 3410 1986; x_wconf 80' lang='grc' dir='ltr'><strong>τὴν</strong></span> <span class='ocrx_word' id='word_1_227' title='bbox 3442 1919 3664 1986; x_wconf 80' lang='grc' dir='ltr'><strong>τοιαύτην</strong></span> 
     </span>
    </p>
   </div>
   <div class='ocr_carea' id='block_1_33' title="bbox 444 2007 1940 2080">
    <p class='ocr_par' dir='ltr' id='par_1_33' title="bbox 444 2007 1940 2080">
     <span class='ocr_line' id='line_1_33' title="bbox 444 2007 1940 2080; baseline 0.003 -22"><span class='ocrx_word' id='word_1_228' title='bbox 444 2015 625 2074; x_wconf 84' lang='lat' dir='ltr'><strong>potest</strong></span> <span class='ocrx_word' id='word_1_229' title='bbox 666 2007 955 2071; x_wconf 84' lang='lat' dir='ltr'><strong>infrenata,</strong></span> <span class='ocrx_word' id='word_1_230' title='bbox 995 2025 1098 2062; x_wconf 92' lang='lat' dir='ltr'><strong>non</strong></span> <span class='ocrx_word' id='word_1_231' title='bbox 1151 2010 1413 2075; x_wconf 83' lang='lat' dir='ltr'><strong>audienti,</strong></span> <span class='ocrx_word' id='word_1_232' title='bbox 1447 2010 1537 2064; x_wconf 86' lang='lat' dir='ltr'><strong>sed</strong></span> <span class='ocrx_word' id='word_1_233' title='bbox 1573 2011 1854 2080; x_wconf 86' lang='lat' dir='ltr'><strong>loquenti:</strong></span> <span class='ocrx_word' id='word_1_234' title='bbox 1888 2027 1940 2080; x_wconf 78' lang='grc' dir='ltr'><strong>(ιι</strong></span> 
     </span>
    </p>
   </div>
   <div class='ocr_carea' id='block_1_34' title="bbox 2169 2007 3665 2080">
    <p class='ocr_par' dir='ltr' id='par_1_34' title="bbox 2169 2007 3665 2078">
     <span class='ocr_line' id='line_1_34' title="bbox 2169 2007 3665 2078; baseline 0.001 -20"><span class='ocrx_word' id='word_1_235' title='bbox 2169 2011 2320 2074; x_wconf 76' lang='grc' dir='ltr'><strong>πεῖν,</strong></span> <span class='ocrx_word' id='word_1_236' title='bbox 2353 2009 2413 2061; x_wconf 86' lang='grc' dir='ltr'><strong>ού</strong></span> <span class='ocrx_word' id='word_1_237' title='bbox 2459 2007 2538 2078; x_wconf 88' lang='grc' dir='ltr'>τῷ</span> <span class='ocrx_word' id='word_1_238' title='bbox 2585 2009 2864 2069; x_wconf 85' lang='grc' dir='ltr'><strong>ἀκούοντι,</strong></span> <span class='ocrx_word' id='word_1_239' title='bbox 2893 2007 3030 2061; x_wconf 81' lang='grc' dir='ltr'><strong>ἀλλὰ</strong></span> <span class='ocrx_word' id='word_1_240' title='bbox 3055 2008 3132 2077; x_wconf 88' lang='grc' dir='ltr'><strong>τῷ</strong></span> <span class='ocrx_word' id='word_1_241' title='bbox 3164 2007 3413 2063; x_wconf 77' lang='grc' dir='ltr'><strong>λαλοῦντι</strong></span> <span class='ocrx_word' id='word_1_242' title='bbox 3439 2025 3454 2040; x_wconf 92' lang='grc'><strong>·</strong></span> <span class='ocrx_word' id='word_1_243' title='bbox 3495 2009 3665 2063; x_wconf 76' lang='grc' dir='ltr'><strong>διὸκαὶ</strong></span> 
     </span>
    </p>
   </div>
   <div class='ocr_carea' id='block_1_35' title="bbox 443 2095 1939 2170">
    <p class='ocr_par' dir='ltr' id='par_1_35' title="bbox 443 2097 1939 2167">
     <span class='ocr_line' id='line_1_35' title="bbox 443 2097 1939 2167; baseline 0 -16"><span class='ocrx_word' id='word_1_244' title='bbox 443 2097 626 2152; x_wconf 89' lang='lat' dir='ltr'><strong>cuncti</strong></span> <span class='ocrx_word' id='word_1_245' title='bbox 650 2099 864 2167; x_wconf 87' lang='lat' dir='ltr'><strong>quidem</strong></span> <span class='ocrx_word' id='word_1_246' title='bbox 894 2115 1174 2154; x_wconf 85' lang='lat' dir='ltr'><strong>sermones</strong></span> <span class='ocrx_word' id='word_1_247' title='bbox 1197 2101 1326 2154; x_wconf 91' lang='lat' dir='ltr'><strong>alati</strong></span> <span class='ocrx_word' id='word_1_248' title='bbox 1359 2110 1511 2165; x_wconf 89' lang='lat' dir='ltr'><strong>sunt,</strong></span> <span class='ocrx_word' id='word_1_249' title='bbox 1558 2110 1611 2155; x_wconf 90' lang='lat' dir='ltr'><strong>et</strong></span> <span class='ocrx_word' id='word_1_250' title='bbox 1639 2103 1730 2156; x_wconf 90' lang='lat' dir='ltr'><strong>citi</strong></span> <span class='ocrx_word' id='word_1_251' title='bbox 1777 2103 1939 2156; x_wconf 45' lang='lat' dir='ltr'><strong>veloci</strong></span> 
     </span>
    </p>
   </div>
   <div class='ocr_carea' id='block_1_36' title="bbox 2171 2095 3667 2170">
    <p class='ocr_par' dir='ltr' id='par_1_36' title="bbox 2171 2095 3667 2170">
     <span class='ocr_line' id='line_1_36' title="bbox 2171 2095 3667 2170; baseline -0.003 -14"><span class='ocrx_word' id='word_1_252' title='bbox 2171 2103 2334 2165; x_wconf 83' lang='grc' dir='ltr'><strong>άντας</strong></span> <span class='ocrx_word' id='word_1_253' title='bbox 2385 2101 2483 2170; x_wconf 79' lang='grc' dir='ltr'><strong>μὲν</strong></span> <span class='ocrx_word' id='word_1_254' title='bbox 2515 2100 2705 2168; x_wconf 82' lang='grc' dir='ltr'><strong>λόγους</strong></span> <span class='ocrx_word' id='word_1_255' title='bbox 2741 2099 3070 2169; x_wconf 85' lang='grc' dir='ltr'><strong>πτερόεντας</strong></span> <span class='ocrx_word' id='word_1_256' title='bbox 3098 2095 3260 2163; x_wconf 80' lang='grc' dir='ltr'><strong>εἶναι,</strong></span> <span class='ocrx_word' id='word_1_257' title='bbox 3296 2100 3392 2152; x_wconf 76' lang='grc' dir='ltr'><strong>καὶ</strong></span> <span class='ocrx_word' id='word_1_258' title='bbox 3425 2100 3560 2163; x_wconf 76' lang='grc' dir='ltr'><strong>ὀξεῖς</strong></span> <span class='ocrx_word' id='word_1_259' title='bbox 3594 2101 3667 2152; x_wconf 76' lang='grc' dir='ltr'><strong>καὶ</strong></span> 
     </span>
    </p>
   </div>
   <div class='ocr_carea' id='block_1_37' title="bbox 444 2189 1940 2261">
    <p class='ocr_par' dir='ltr' id='par_1_37' title="bbox 444 2189 1940 2259">
     <span class='ocr_line' id='line_1_37' title="bbox 444 2189 1940 2259; baseline 0.003 -19"><span class='ocrx_word' id='word_1_260' title='bbox 444 2207 553 2259; x_wconf 89' lang='lat' dir='ltr'><strong>que</strong></span> <span class='ocrx_word' id='word_1_261' title='bbox 614 2205 680 2244; x_wconf 78' lang='lat' dir='ltr'><strong>ex</strong></span> <span class='ocrx_word' id='word_1_262' title='bbox 711 2189 994 2244; x_wconf 89' lang='lat' dir='ltr'><strong>hominum</strong></span> <span class='ocrx_word' id='word_1_263' title='bbox 1026 2205 1120 2245; x_wconf 92' lang='lat' dir='ltr'><strong>ore</strong></span> <span class='ocrx_word' id='word_1_264' title='bbox 1148 2191 1366 2258; x_wconf 81' lang='lat' dir='ltr'><strong>volant,</strong></span> <span class='ocrx_word' id='word_1_265' title='bbox 1389 2201 1442 2245; x_wconf 89' lang='lat' dir='ltr'><strong>et</strong></span> <span class='ocrx_word' id='word_1_266' title='bbox 1472 2192 1561 2246; x_wconf 89' lang='lat' dir='ltr'><strong>hic</strong></span> <span class='ocrx_word' id='word_1_267' title='bbox 1581 2193 1743 2246; x_wconf 89' lang='lat' dir='ltr'><strong>etiam</strong></span> <span class='ocrx_word' id='word_1_268' title='bbox 1798 2207 1940 2246; x_wconf 69' lang='lat' dir='ltr'><strong>manu</strong></span> 
     </span>
    </p>
   </div>
   <div class='ocr_carea' id='block_1_38' title="bbox 2169 2189 3665 2261">
    <p class='ocr_par' dir='ltr' id='par_1_38' title="bbox 2169 2190 3665 2261">
     <span class='ocr_line' id='line_1_38' title="bbox 2169 2190 3665 2261; baseline 0 -17"><span class='ocrx_word' id='word_1_269' title='bbox 2169 2194 2305 2261; x_wconf 82' lang='grc' dir='ltr'><strong>ιχεῖς</strong></span> <span class='ocrx_word' id='word_1_270' title='bbox 2330 2191 2654 2254; x_wconf 79' lang='grc' dir='ltr'><strong>ὲκπέτεσθαι</strong></span> <span class='ocrx_word' id='word_1_271' title='bbox 2691 2190 2786 2243; x_wconf 85' lang='grc' dir='ltr'><strong>τοῦ</strong></span> <span class='ocrx_word' id='word_1_272' title='bbox 2835 2191 2956 2243; x_wconf 82' lang='grc' dir='ltr'><strong>κατ’</strong></span> <span class='ocrx_word' id='word_1_273' title='bbox 2985 2190 3276 2261; x_wconf 79' lang='grc' dir='ltr'><strong>ἄνθρωπον</strong></span> <span class='ocrx_word' id='word_1_274' title='bbox 3303 2192 3416 2244; x_wconf 84' lang='grc' dir='ltr'><strong>τῶν</strong></span> <span class='ocrx_word' id='word_1_275' title='bbox 3463 2193 3665 2244; x_wconf 77' lang='grc' dir='ltr'><strong>ὀδόντων</strong></span> 
     </span>
    </p>
   </div>
   <div class='ocr_carea' id='block_1_39' title="bbox 445 2282 1941 2355">
    <p class='ocr_par' dir='ltr' id='par_1_39' title="bbox 445 2283 1941 2354">
     <span class='ocr_line' id='line_1_39' title="bbox 445 2283 1941 2354; baseline 0.002 -19"><span class='ocrx_word' id='word_1_276' title='bbox 445 2283 697 2335; x_wconf 88' lang='lat' dir='ltr'><strong>admovet</strong></span> <span class='ocrx_word' id='word_1_277' title='bbox 724 2291 778 2336; x_wconf 89' lang='lat' dir='ltr'><strong>et</strong></span> <span class='ocrx_word' id='word_1_278' title='bbox 805 2283 1060 2336; x_wconf 91' lang='lat' dir='ltr'><strong>convolat</strong></span> <span class='ocrx_word' id='word_1_279' title='bbox 1089 2283 1360 2346; x_wconf 88' lang='lat' dir='ltr'><strong>diabolus,</strong></span> <span class='ocrx_word' id='word_1_280' title='bbox 1386 2284 1646 2354; x_wconf 80' lang='lat' dir='ltr'><strong>gaudenti</strong></span> <span class='ocrx_word' id='word_1_281' title='bbox 1663 2287 1941 2354; x_wconf 82' lang='lat' dir='ltr'><strong>congaude</strong></span> 
     </span>
    </p>
   </div>
   <div class='ocr_carea' id='block_1_40' title="bbox 2169 2282 3665 2355">
    <p class='ocr_par' dir='ltr' id='par_1_40' title="bbox 2169 2282 3665 2354">
     <span class='ocr_line' id='line_1_40' title="bbox 2169 2282 3665 2354; baseline -0.001 -16"><span class='ocrx_word' id='word_1_282' title='bbox 2169 2302 2324 2354; x_wconf 71' lang='lat' dir='ltr'><strong>pxouc</strong></span> <span class='ocrx_word' id='word_1_283' title='bbox 2342 2301 2356 2317; x_wconf 88' lang='grc'><strong>·</strong></span> <span class='ocrx_word' id='word_1_284' title='bbox 2395 2282 2918 2353; x_wconf 75' lang='grc' dir='ltr'><strong>ἐπιλαμϐανομένου</strong></span> <span class='ocrx_word' id='word_1_285' title='bbox 2968 2300 3021 2336; x_wconf 88' lang='grc' dir='ltr'><strong>τι</strong></span> <span class='ocrx_word' id='word_1_286' title='bbox 3053 2283 3336 2338; x_wconf 79' lang='grc' dir='ltr'><strong>κάνταῦθα</strong></span> <span class='ocrx_word' id='word_1_287' title='bbox 3363 2285 3456 2338; x_wconf 78' lang='grc' dir='ltr'><strong>καὶ</strong></span> <span class='ocrx_word' id='word_1_288' title='bbox 3479 2301 3665 2353; x_wconf 67' lang='grc' dir='ltr'><strong>συμπεο</strong></span> 
     </span>
    </p>
   </div>
   <div class='ocr_carea' id='block_1_41' title="bbox 445 2374 1941 2448">
    <p class='ocr_par' dir='ltr' id='par_1_41' title="bbox 445 2374 1941 2441">
     <span class='ocr_line' id='line_1_41' title="bbox 445 2374 1941 2441; baseline 0.001 -13"><span class='ocrx_word' id='word_1_289' title='bbox 445 2374 862 2430; x_wconf 86' lang='lat' dir='ltr'><strong>contumelioso.</strong></span> <span class='ocrx_word' id='word_1_290' title='bbox 896 2374 1048 2428; x_wconf 90' lang='lat' dir='ltr'><strong>Sicut</strong></span> <span class='ocrx_word' id='word_1_291' title='bbox 1073 2376 1216 2426; x_wconf 91' lang='lat' dir='ltr'><strong>enim</strong></span> <span class='ocrx_word' id='word_1_292' title='bbox 1269 2374 1316 2426; x_wconf 91' lang='lat' dir='ltr'><strong>ei</strong></span> <span class='ocrx_word' id='word_1_293' title='bbox 1358 2389 1448 2441; x_wconf 83' lang='lat' dir='ltr'><strong>qut</strong></span> <span class='ocrx_word' id='word_1_294' title='bbox 1488 2376 1742 2429; x_wconf 85' lang='lat' dir='ltr'><strong>irascitur</strong></span> <span class='ocrx_word' id='word_1_295' title='bbox 1793 2386 1847 2431; x_wconf 93' lang='lat' dir='ltr'><strong>et</strong></span> <span class='ocrx_word' id='word_1_296' title='bbox 1906 2391 1941 2429; x_wconf 72' lang='grc' dir='ltr'><strong>ιη</strong></span> 
     </span>
    </p>
   </div>
   <div class='ocr_carea' id='block_1_42' title="bbox 2169 2374 3665 2448">
    <p class='ocr_par' dir='ltr' id='par_1_42' title="bbox 2169 2376 3665 2448">
     <span class='ocr_line' id='line_1_42' title="bbox 2169 2376 3665 2448; baseline 0.001 -20"><span class='ocrx_word' id='word_1_297' title='bbox 2169 2377 2354 2446; x_wconf 68' lang='grc' dir='ltr'><strong>ιμένου</strong></span> <span class='ocrx_word' id='word_1_298' title='bbox 2405 2377 2500 2430; x_wconf 86' lang='grc' dir='ltr'><strong>τοῦ</strong></span> <span class='ocrx_word' id='word_1_299' title='bbox 2553 2376 2836 2446; x_wconf 89' lang='grc' dir='ltr'><strong>δαίμονος,</strong></span> <span class='ocrx_word' id='word_1_300' title='bbox 2892 2378 2986 2429; x_wconf 75' lang='grc' dir='ltr'><strong>καὶ</strong></span> <span class='ocrx_word' id='word_1_301' title='bbox 3030 2378 3282 2446; x_wconf 74' lang='grc' dir='ltr'><strong>χαίροντι</strong></span> <span class='ocrx_word' id='word_1_302' title='bbox 3328 2377 3408 2446; x_wconf 78' lang='grc' dir='ltr'><strong>τῷ</strong></span> <span class='ocrx_word' id='word_1_303' title='bbox 3465 2379 3665 2448; x_wconf 74' lang='grc' dir='ltr'><strong>ὑϐριστῇ</strong></span> 
     </span>
    </p>
   </div>
   <div class='ocr_carea' id='block_1_43' title="bbox 446 2464 1942 2538">
    <p class='ocr_par' dir='ltr' id='par_1_43' title="bbox 446 2464 1942 2536">
     <span class='ocr_line' id='line_1_43' title="bbox 446 2464 1942 2536; baseline 0.001 -19"><span class='ocrx_word' id='word_1_304' title='bbox 446 2465 575 2518; x_wconf 88' lang='lat' dir='ltr'><strong>hera</strong></span> <span class='ocrx_word' id='word_1_305' title='bbox 607 2464 878 2532; x_wconf 81' lang='lat' dir='ltr'><strong>impingit,</strong></span> <span class='ocrx_word' id='word_1_306' title='bbox 908 2467 988 2518; x_wconf 89' lang='lat' dir='ltr'><strong>ira</strong></span> <span class='ocrx_word' id='word_1_307' title='bbox 1014 2466 1172 2518; x_wconf 89' lang='lat' dir='ltr'><strong>melle</strong></span> <span class='ocrx_word' id='word_1_308' title='bbox 1202 2465 1411 2519; x_wconf 90' lang='lat' dir='ltr'><strong>dulcior</strong></span> <span class='ocrx_word' id='word_1_309' title='bbox 1435 2465 1658 2521; x_wconf 89' lang='lat' dir='ltr'><strong>distillat</strong></span> <span class='ocrx_word' id='word_1_310' title='bbox 1689 2468 1740 2521; x_wconf 91' lang='lat' dir='ltr'><strong>in</strong></span> <span class='ocrx_word' id='word_1_311' title='bbox 1779 2479 1942 2536; x_wconf 55' lang='lat' dir='ltr'><strong>pectow</strong></span> 
     </span>
    </p>
   </div>
   <div class='ocr_carea' id='block_1_44' title="bbox 2174 2464 3670 2538">
    <p class='ocr_par' dir='ltr' id='par_1_44' title="bbox 2174 2465 3670 2538">
     <span class='ocr_line' id='line_1_44' title="bbox 2174 2465 3670 2538; baseline 0.001 -20"><span class='ocrx_word' id='word_1_312' title='bbox 2174 2465 2518 2536; x_wconf 67' lang='grc' dir='ltr'><strong>δγχαίροντος</strong></span> <span class='ocrx_word' id='word_1_313' title='bbox 2539 2482 2554 2498; x_wconf 78' lang='grc' dir='ltr'><strong>ο</strong></span> <span class='ocrx_word' id='word_1_314' title='bbox 2588 2466 2698 2531; x_wconf 76' lang='grc' dir='ltr'><strong>ἵνα,</strong></span> <span class='ocrx_word' id='word_1_315' title='bbox 2716 2466 2905 2536; x_wconf 81' lang='grc' dir='ltr'><strong>ὥσπερ</strong></span> <span class='ocrx_word' id='word_1_316' title='bbox 2932 2467 3011 2536; x_wconf 85' lang='grc' dir='ltr'><strong>τῷ</strong></span> <span class='ocrx_word' id='word_1_317' title='bbox 3038 2467 3379 2538; x_wconf 78' lang='grc' dir='ltr'><strong>ὀργιζομένῳ</strong></span> <span class='ocrx_word' id='word_1_318' title='bbox 3408 2468 3497 2521; x_wconf 76' lang='grc' dir='ltr'><strong>καὶ</strong></span> <span class='ocrx_word' id='word_1_319' title='bbox 3530 2469 3670 2536; x_wconf 81' lang='grc' dir='ltr'><strong>πλήτ-</strong></span> 
     </span>
    </p>
   </div>
   <div class='ocr_carea' id='block_1_45' title="bbox 447 2556 1943 2627">
    <p class='ocr_par' dir='ltr' id='par_1_45' title="bbox 447 2557 1943 2626">
     <span class='ocr_line' id='line_1_45' title="bbox 447 2557 1943 2626; baseline 0.003 -17"><span class='ocrx_word' id='word_1_320' title='bbox 447 2557 519 2609; x_wconf 88' lang='lat' dir='ltr'><strong>ita</strong></span> <span class='ocrx_word' id='word_1_321' title='bbox 550 2558 712 2610; x_wconf 89' lang='lat' dir='ltr'><strong>etiam</strong></span> <span class='ocrx_word' id='word_1_322' title='bbox 754 2557 802 2610; x_wconf 90' lang='lat' dir='ltr'><strong>ei</strong></span> <span class='ocrx_word' id='word_1_323' title='bbox 833 2559 923 2626; x_wconf 92' lang='lat' dir='ltr'><strong>qui</strong></span> <span class='ocrx_word' id='word_1_324' title='bbox 957 2573 1078 2610; x_wconf 91' lang='lat' dir='ltr'><strong>cum</strong></span> <span class='ocrx_word' id='word_1_325' title='bbox 1111 2557 1188 2610; x_wconf 89' lang='lat' dir='ltr'><strong>ira</strong></span> <span class='ocrx_word' id='word_1_326' title='bbox 1223 2558 1484 2624; x_wconf 82' lang='lat' dir='ltr'><strong>insultat;</strong></span> <span class='ocrx_word' id='word_1_327' title='bbox 1511 2559 1582 2613; x_wconf 88' lang='lat' dir='ltr'><strong>ita</strong></span> <span class='ocrx_word' id='word_1_328' title='bbox 1614 2568 1668 2612; x_wconf 89' lang='lat' dir='ltr'><strong>ut</strong></span> <span class='ocrx_word' id='word_1_329' title='bbox 1692 2575 1811 2614; x_wconf 91' lang='lat' dir='ltr'><strong>cum</strong></span> <span class='ocrx_word' id='word_1_330' title='bbox 1848 2561 1943 2615; x_wconf 83' lang='lat' dir='ltr'><strong>Hel</strong></span> 
     </span>
    </p>
   </div>
   <div class='ocr_carea' id='block_1_46' title="bbox 2174 2556 3670 2627">
    <p class='ocr_par' dir='ltr' id='par_1_46' title="bbox 2174 2556 3670 2627">
     <span class='ocr_line' id='line_1_46' title="bbox 2174 2556 3670 2627; baseline 0.002 -20"><span class='ocrx_word' id='word_1_331' title='bbox 2174 2573 2268 2608; x_wconf 74' lang='lat' dir='ltr'><strong>nm</strong></span> <span class='ocrx_word' id='word_1_332' title='bbox 2288 2556 2528 2624; x_wconf 83' lang='grc' dir='ltr'><strong>γλυκίων</strong></span> <span class='ocrx_word' id='word_1_333' title='bbox 2566 2558 2781 2626; x_wconf 84' lang='grc' dir='ltr'><strong>μέλιτος</strong></span> <span class='ocrx_word' id='word_1_334' title='bbox 2808 2559 2836 2610; x_wconf 90' lang='grc' dir='ltr'><strong><em>ὁ</em></strong></span> <span class='ocrx_word' id='word_1_335' title='bbox 2868 2559 3036 2627; x_wconf 72' lang='grc' dir='ltr'><strong>θυμὸς</strong></span> <span class='ocrx_word' id='word_1_336' title='bbox 3086 2561 3144 2611; x_wconf 85' lang='grc' dir='ltr'><strong>ὲν</strong></span> <span class='ocrx_word' id='word_1_337' title='bbox 3183 2559 3404 2627; x_wconf 85' lang='grc' dir='ltr'><strong>στήθεσι</strong></span> <span class='ocrx_word' id='word_1_338' title='bbox 3440 2559 3670 2613; x_wconf 81' lang='grc' dir='ltr'><strong>καταλεί-</strong></span> 
     </span>
    </p>
   </div>
   <div class='ocr_carea' id='block_1_47' title="bbox 445 2650 1941 2722">
    <p class='ocr_par' dir='ltr' id='par_1_47' title="bbox 445 2651 1941 2720">
     <span class='ocr_line' id='line_1_47' title="bbox 445 2651 1941 2720; baseline -0.003 -12"><span class='ocrx_word' id='word_1_339' title='bbox 445 2655 573 2708; x_wconf 91' lang='lat' dir='ltr'><strong>doto</strong></span> <span class='ocrx_word' id='word_1_340' title='bbox 598 2653 777 2706; x_wconf 89' lang='lat' dir='ltr'><strong>dicere</strong></span> <span class='ocrx_word' id='word_1_341' title='bbox 806 2653 1078 2720; x_wconf 87' lang='lat' dir='ltr'><strong>possimus</strong></span> <span class='ocrx_word' id='word_1_342' title='bbox 1103 2651 1270 2720; x_wconf 87' lang='lat' dir='ltr'><strong>quod,</strong></span> <span class='ocrx_word' id='word_1_343' title='bbox 1298 2652 1444 2706; x_wconf 89' lang='lat' dir='ltr'><strong>sicut</strong></span> <span class='ocrx_word' id='word_1_344' title='bbox 1475 2651 1564 2706; x_wconf 92' lang='lat' dir='ltr'><strong>ubi</strong></span> <span class='ocrx_word' id='word_1_345' title='bbox 1609 2654 1795 2706; x_wconf 88' lang='lat' dir='ltr'><strong>vinum</strong></span> <span class='ocrx_word' id='word_1_346' title='bbox 1822 2655 1941 2708; x_wconf 78' lang='lat' dir='ltr'><strong>bibi:</strong></span> 
     </span>
    </p>
   </div>
   <div class='ocr_carea' id='block_1_48' title="bbox 2176 2650 3672 2722">
    <p class='ocr_par' dir='ltr' id='par_1_48' title="bbox 2176 2650 3672 2722">
     <span class='ocr_line' id='line_1_48' title="bbox 2176 2650 3672 2722; baseline 0.001 -20"><span class='ocrx_word' id='word_1_347' title='bbox 2176 2668 2300 2714; x_wconf 78' lang='grc' dir='ltr'><strong>εται,</strong></span> <span class='ocrx_word' id='word_1_348' title='bbox 2331 2650 2472 2703; x_wconf 75' lang='grc' dir='ltr'><strong>οὕτω</strong></span> <span class='ocrx_word' id='word_1_349' title='bbox 2504 2651 2597 2704; x_wconf 73' lang='grc' dir='ltr'><strong>καὶ</strong></span> <span class='ocrx_word' id='word_1_350' title='bbox 2647 2651 2726 2720; x_wconf 82' lang='grc' dir='ltr'><strong>τῷ</strong></span> <span class='ocrx_word' id='word_1_351' title='bbox 2765 2652 2902 2720; x_wconf 85' lang='grc' dir='ltr'><strong>μετά</strong></span> <span class='ocrx_word' id='word_1_352' title='bbox 2933 2651 3104 2720; x_wconf 88' lang='grc' dir='ltr'><strong>θυμοῦ</strong></span> <span class='ocrx_word' id='word_1_353' title='bbox 3137 2652 3452 2722; x_wconf 75' lang='grc' dir='ltr'><strong>ὑϐρίζοντι·</strong></span> <span class='ocrx_word' id='word_1_354' title='bbox 3483 2653 3577 2706; x_wconf 61' lang='grc' dir='ltr'><strong>καὶ.</strong></span> <span class='ocrx_word' id='word_1_355' title='bbox 3598 2652 3672 2719; x_wconf 77' lang='grc' dir='ltr'><strong>τέ-</strong></span> 
     </span>
    </p>
   </div>
   <div class='ocr_carea' id='block_1_49' title="bbox 445 2739 1941 2814">
    <p class='ocr_par' dir='ltr' id='par_1_49' title="bbox 445 2744 1925 2814">
     <span class='ocr_line' id='line_1_49' title="bbox 445 2744 1925 2814; baseline 0.001 -15"><span class='ocrx_word' id='word_1_356' title='bbox 445 2749 605 2802; x_wconf 82' lang='lat' dir='ltr'><strong>verba</strong></span> <span class='ocrx_word' id='word_1_357' title='bbox 633 2746 1003 2814; x_wconf 88' lang='lat' dir='ltr'><strong>proferuntur,</strong></span> <span class='ocrx_word' id='word_1_358' title='bbox 1034 2745 1130 2807; x_wconf 92' lang='lat' dir='ltr'><strong>ita,</strong></span> <span class='ocrx_word' id='word_1_359' title='bbox 1157 2745 1379 2812; x_wconf 84' lang='lat' dir='ltr'><strong>quando</strong></span> <span class='ocrx_word' id='word_1_360' title='bbox 1411 2744 1488 2798; x_wconf 89' lang='lat' dir='ltr'><strong>ira</strong></span> <span class='ocrx_word' id='word_1_361' title='bbox 1522 2746 1682 2800; x_wconf 88' lang='lat' dir='ltr'><strong>melle</strong></span> <span class='ocrx_word' id='word_1_362' title='bbox 1710 2746 1925 2800; x_wconf 89' lang='lat' dir='ltr'><strong>dulcior</strong></span> 
     </span>
    </p>
   </div>
   <div class='ocr_carea' id='block_1_50' title="bbox 2174 2739 3670 2814">
    <p class='ocr_par' dir='ltr' id='par_1_50' title="bbox 2174 2739 3670 2810">
     <span class='ocr_line' id='line_1_50' title="bbox 2174 2739 3670 2810; baseline 0.001 -19"><span class='ocrx_word' id='word_1_363' title='bbox 2174 2757 2282 2807; x_wconf 65' lang='grc' dir='ltr'><strong>πται</strong></span> <span class='ocrx_word' id='word_1_364' title='bbox 2310 2739 2517 2807; x_wconf 86' lang='grc' dir='ltr'><strong>λέγειν,</strong></span> <span class='ocrx_word' id='word_1_365' title='bbox 2542 2739 2734 2806; x_wconf 84' lang='grc' dir='ltr'><strong>ὥσπερ</strong></span> <span class='ocrx_word' id='word_1_366' title='bbox 2769 2740 2892 2794; x_wconf 81' lang='grc' dir='ltr'><strong>καθ’</strong></span> <span class='ocrx_word' id='word_1_367' title='bbox 2939 2741 3247 2810; x_wconf 85' lang='grc' dir='ltr'><strong>Ἡρόδοτον,</strong></span> <span class='ocrx_word' id='word_1_368' title='bbox 3294 2740 3440 2795; x_wconf 85' lang='grc' dir='ltr'><strong>οἴνου</strong></span> <span class='ocrx_word' id='word_1_369' title='bbox 3482 2743 3670 2796; x_wconf 86' lang='grc' dir='ltr'><strong>κατιόν-</strong></span> 
     </span>
    </p>
   </div>
   <div class='ocr_carea' id='block_1_51' title="bbox 444 2832 1940 2907">
    <p class='ocr_par' dir='ltr' id='par_1_51' title="bbox 444 2836 1940 2907">
     <span class='ocr_line' id='line_1_51' title="bbox 444 2836 1940 2907; baseline 0.001 -16"><span class='ocrx_word' id='word_1_370' title='bbox 444 2839 566 2907; x_wconf 75' lang='lat' dir='ltr'><strong>eius</strong></span> <span class='ocrx_word' id='word_1_371' title='bbox 594 2838 758 2890; x_wconf 78' lang='lat' dir='ltr'><strong>corde</strong></span> <span class='ocrx_word' id='word_1_372' title='bbox 806 2837 1034 2905; x_wconf 83' lang='lat' dir='ltr'><strong>liquelit,</strong></span> <span class='ocrx_word' id='word_1_373' title='bbox 1065 2836 1448 2891; x_wconf 87' lang='lat' dir='ltr'><strong>insultationes</strong></span> <span class='ocrx_word' id='word_1_374' title='bbox 1479 2850 1858 2906; x_wconf 89' lang='lat' dir='ltr'><strong>prorumpunt.</strong></span> <span class='ocrx_word' id='word_1_375' title='bbox 1891 2839 1940 2891; x_wconf 32' lang='lat'><strong>‘1‘</strong></span> 
     </span>
    </p>
   </div>
   <div class='ocr_carea' id='block_1_52' title="bbox 2174 2832 3670 2907">
    <p class='ocr_par' dir='ltr' id='par_1_52' title="bbox 2174 2832 3670 2895">
     <span class='ocr_line' id='line_1_52' title="bbox 2174 2832 3670 2895; baseline 0.001 -12"><span class='ocrx_word' id='word_1_376' title='bbox 2174 2850 2218 2894; x_wconf 67' lang='lat'><strong>2;</strong></span> <span class='ocrx_word' id='word_1_377' title='bbox 2247 2832 2558 2886; x_wconf 76' lang='grc' dir='ltr'><strong>ἀνα-πλώειν</strong></span> <span class='ocrx_word' id='word_1_378' title='bbox 2589 2833 2748 2894; x_wconf 74' lang='grc' dir='ltr'><strong>ἔπεα,</strong></span> <span class='ocrx_word' id='word_1_379' title='bbox 2779 2833 2919 2886; x_wconf 79' lang='grc' dir='ltr'><strong>οὕτω</strong></span> <span class='ocrx_word' id='word_1_380' title='bbox 2971 2834 3068 2886; x_wconf 73' lang='grc' dir='ltr'><strong>καὶ</strong></span> <span class='ocrx_word' id='word_1_381' title='bbox 3121 2834 3217 2886; x_wconf 75' lang='grc' dir='ltr'><strong>ἐπὶ</strong></span> <span class='ocrx_word' id='word_1_382' title='bbox 3253 2834 3346 2886; x_wconf 88' lang='grc' dir='ltr'><strong>τοῦ</strong></span> <span class='ocrx_word' id='word_1_383' title='bbox 3381 2835 3670 2895; x_wconf 83' lang='grc' dir='ltr'><strong>ὲνδιαθέτως</strong></span> 
     </span>
    </p>
   </div>
   <div class='ocr_carea' id='block_1_53' title="bbox 443 2924 1939 2996">
    <p class='ocr_par' dir='ltr' id='par_1_53' title="bbox 443 2925 1939 2996">
     <span class='ocr_line' id='line_1_53' title="bbox 443 2925 1939 2996; baseline -0.001 -15"><span class='ocrx_word' id='word_1_384' title='bbox 443 2937 625 2982; x_wconf 84' lang='lat' dir='ltr'><strong>autem</strong></span> <span class='ocrx_word' id='word_1_385' title='bbox 651 2925 794 2995; x_wconf 89' lang='lat' dir='ltr'><strong>quod</strong></span> <span class='ocrx_word' id='word_1_386' title='bbox 829 2935 984 2994; x_wconf 87' lang='lat' dir='ltr'><strong>poeta</strong></span> <span class='ocrx_word' id='word_1_387' title='bbox 1013 2925 1342 2979; x_wconf 83' lang='lat' dir='ltr'><strong>calumniam</strong></span> <span class='ocrx_word' id='word_1_388' title='bbox 1377 2925 1703 2979; x_wconf 87' lang='lat' dir='ltr'><strong>infrenatam</strong></span> <span class='ocrx_word' id='word_1_389' title='bbox 1765 2929 1939 2996; x_wconf 78' lang='lat' dir='ltr'><strong>rhytln</strong></span> 
     </span>
    </p>
   </div>
   <div class='ocr_carea' id='block_1_54' title="bbox 2168 2924 3664 2996">
    <p class='ocr_par' dir='ltr' id='par_1_54' title="bbox 2168 2924 3664 2995">
     <span class='ocr_line' id='line_1_54' title="bbox 2168 2924 3664 2995; baseline 0.001 -20"><span class='ocrx_word' id='word_1_390' title='bbox 2168 2924 2460 2993; x_wconf 76' lang='grc' dir='ltr'><strong>ϐρίζοντος,</strong></span> <span class='ocrx_word' id='word_1_391' title='bbox 2495 2925 2579 2978; x_wconf 80' lang='grc' dir='ltr'><strong>ὅτι</strong></span> <span class='ocrx_word' id='word_1_392' title='bbox 2621 2924 2846 2992; x_wconf 83' lang='grc' dir='ltr'><strong>γλύκιον</strong></span> <span class='ocrx_word' id='word_1_393' title='bbox 2877 2926 3021 2995; x_wconf 75' lang='grc' dir='ltr'><strong>ἥπερ</strong></span> <span class='ocrx_word' id='word_1_394' title='bbox 3071 2926 3197 2994; x_wconf 84' lang='grc' dir='ltr'><strong>μέλι</strong></span> <span class='ocrx_word' id='word_1_395' title='bbox 3223 2927 3664 2995; x_wconf 77' lang='grc' dir='ltr'><strong>καταλειϐομένον</strong></span> 
     </span>
    </p>
   </div>
   <div class='ocr_carea' id='block_1_55' title="bbox 444 3015 1940 3090">
    <p class='ocr_par' dir='ltr' id='par_1_55' title="bbox 444 3015 1940 3086">
     <span class='ocr_line' id='line_1_55' title="bbox 444 3015 1940 3086; baseline 0 -14"><span class='ocrx_word' id='word_1_396' title='bbox 444 3017 686 3086; x_wconf 73' lang='lat' dir='ltr'><strong>subiicit,</strong></span> <span class='ocrx_word' id='word_1_397' title='bbox 722 3017 865 3084; x_wconf 90' lang='lat' dir='ltr'><strong>quod</strong></span> <span class='ocrx_word' id='word_1_398' title='bbox 888 3015 1108 3084; x_wconf 87' lang='lat' dir='ltr'><strong>quidem</strong></span> <span class='ocrx_word' id='word_1_399' title='bbox 1141 3030 1172 3069; x_wconf 90' lang='lat' dir='ltr'><strong>e</strong></span> <span class='ocrx_word' id='word_1_400' title='bbox 1203 3016 1446 3069; x_wconf 84' lang='lat' dir='ltr'><strong>secundo</strong></span> <span class='ocrx_word' id='word_1_401' title='bbox 1482 3030 1643 3070; x_wconf 90' lang='lat' dir='ltr'><strong>versu</strong></span> <span class='ocrx_word' id='word_1_402' title='bbox 1679 3026 1850 3084; x_wconf 77' lang='lat' dir='ltr'><strong>patet,</strong></span> <span class='ocrx_word' id='word_1_403' title='bbox 1875 3017 1940 3072; x_wconf 80' lang='lat' dir='ltr'><strong>l’c</strong></span> 
     </span>
    </p>
   </div>
   <div class='ocr_carea' id='block_1_56' title="bbox 2172 3015 3668 3090">
    <p class='ocr_par' dir='ltr' id='par_1_56' title="bbox 2172 3015 3668 3090">
     <span class='ocr_line' id='line_1_56' title="bbox 2172 3015 3668 3090; baseline 0.002 -22"><span class='ocrx_word' id='word_1_404' title='bbox 2172 3016 2275 3084; x_wconf 83' lang='grc' dir='ltr'><strong>ύτῷ</strong></span> <span class='ocrx_word' id='word_1_405' title='bbox 2306 3015 2482 3086; x_wconf 86' lang='grc' dir='ltr'><strong>θυμοῦ</strong></span> <span class='ocrx_word' id='word_1_406' title='bbox 2513 3018 2570 3069; x_wconf 83' lang='grc' dir='ltr'><strong>ὲν</strong></span> <span class='ocrx_word' id='word_1_407' title='bbox 2597 3017 2814 3088; x_wconf 76' lang='grc' dir='ltr'><strong>καρδίᾳ,</strong></span> <span class='ocrx_word' id='word_1_408' title='bbox 2846 3017 3037 3087; x_wconf 89' lang='grc' dir='ltr'><strong>ῦϐρεις</strong></span> <span class='ocrx_word' id='word_1_409' title='bbox 3066 3020 3418 3074; x_wconf 84' lang='grc' dir='ltr'><strong>ἀναπλέουσι.</strong></span> <span class='ocrx_word' id='word_1_410' title='bbox 3449 3021 3668 3090; x_wconf 69' lang='grc' dir='ltr'><strong>Σημείωο</strong></span> 
     </span>
    </p>
   </div>
   <div class='ocr_carea' id='block_1_57' title="bbox 445 3105 1941 3180">
    <p class='ocr_par' dir='ltr' id='par_1_57' title="bbox 445 3107 1941 3178">
     <span class='ocr_line' id='line_1_57' title="bbox 445 3107 1941 3178; baseline 0.002 -17"><span class='ocrx_word' id='word_1_411' title='bbox 445 3124 606 3178; x_wconf 87' lang='lat' dir='ltr'><strong>quam</strong></span> <span class='ocrx_word' id='word_1_412' title='bbox 632 3109 777 3161; x_wconf 87' lang='lat' dir='ltr'><strong>enim</strong></span> <span class='ocrx_word' id='word_1_413' title='bbox 804 3108 856 3160; x_wconf 90' lang='lat' dir='ltr'><strong>in</strong></span> <span class='ocrx_word' id='word_1_414' title='bbox 886 3107 1062 3176; x_wconf 90' lang='lat' dir='ltr'><strong>primo</strong></span> <span class='ocrx_word' id='word_1_415' title='bbox 1088 3108 1341 3173; x_wconf 79' lang='lat' dir='ltr'><strong>dixisset,</strong></span> <span class='ocrx_word' id='word_1_416' title='bbox 1374 3109 1577 3162; x_wconf 87' lang='lat' dir='ltr'><strong>ventris</strong></span> <span class='ocrx_word' id='word_1_417' title='bbox 1600 3107 1879 3164; x_wconf 87' lang='lat' dir='ltr'><strong>vinculum</strong></span> <span class='ocrx_word' id='word_1_418' title='bbox 1919 3127 1941 3164; x_wconf 88' lang='lat' dir='ltr'><strong>r</strong></span> 
     </span>
    </p>
   </div>
   <div class='ocr_carea' id='block_1_58' title="bbox 2174 3105 3670 3180">
    <p class='ocr_par' dir='ltr' id='par_1_58' title="bbox 2174 3105 3670 3180">
     <span class='ocr_line' id='line_1_58' title="bbox 2174 3105 3670 3180; baseline 0 -21"><span class='ocrx_word' id='word_1_419' title='bbox 2174 3124 2221 3159; x_wconf 69' lang='grc' dir='ltr'><strong>ιιι</strong></span> <span class='ocrx_word' id='word_1_420' title='bbox 2262 3105 2318 3159; x_wconf 76' lang='grc' dir='ltr'><strong>δὲ</strong></span> <span class='ocrx_word' id='word_1_421' title='bbox 2355 3107 2434 3160; x_wconf 85' lang='grc' dir='ltr'><strong>ὅτι</strong></span> <span class='ocrx_word' id='word_1_422' title='bbox 2482 3107 2673 3178; x_wconf 82' lang='grc' dir='ltr'><strong>δεσμῷ</strong></span> <span class='ocrx_word' id='word_1_423' title='bbox 2724 3126 2832 3161; x_wconf 83' lang='grc' dir='ltr'><strong>τινι</strong></span> <span class='ocrx_word' id='word_1_424' title='bbox 2873 3111 2901 3162; x_wconf 86' lang='grc' dir='ltr'><strong>ὀ</strong></span> <span class='ocrx_word' id='word_1_425' title='bbox 2959 3109 3196 3180; x_wconf 80' lang='grc' dir='ltr'><strong>μελῳδὸς</strong></span> <span class='ocrx_word' id='word_1_426' title='bbox 3230 3110 3430 3178; x_wconf 87' lang='grc' dir='ltr'><strong>ὑπάγει</strong></span> <span class='ocrx_word' id='word_1_427' title='bbox 3477 3112 3565 3164; x_wconf 73' lang='grc' dir='ltr'><strong>καὶ</strong></span> <span class='ocrx_word' id='word_1_428' title='bbox 3591 3110 3670 3179; x_wconf 79' lang='grc' dir='ltr'><strong>τὴν</strong></span> 
     </span>
    </p>
   </div>
   <div class='ocr_carea' id='block_1_59' title="bbox 445 3192 1941 3272">
    <p class='ocr_par' dir='ltr' id='par_1_59' title="bbox 445 3200 1941 3272">
     <span class='ocr_line' id='line_1_59' title="bbox 445 3200 1941 3272; baseline 0.003 -20"><span class='ocrx_word' id='word_1_429' title='bbox 445 3200 543 3269; x_wconf 86' lang='lat' dir='ltr'><strong>pit,</strong></span> <span class='ocrx_word' id='word_1_430' title='bbox 583 3209 693 3253; x_wconf 92' lang='lat' dir='ltr'><strong>tum</strong></span> <span class='ocrx_word' id='word_1_431' title='bbox 727 3200 1078 3268; x_wconf 89' lang='lat' dir='ltr'><strong>opprobrium</strong></span> <span class='ocrx_word' id='word_1_432' title='bbox 1117 3201 1458 3255; x_wconf 81' lang='lat' dir='ltr'><strong>intolerabile</strong></span> <span class='ocrx_word' id='word_1_433' title='bbox 1479 3201 1726 3272; x_wconf 88' lang='lat' dir='ltr'><strong>subjicit,</strong></span> <span class='ocrx_word' id='word_1_434' title='bbox 1765 3213 1820 3257; x_wconf 90' lang='lat' dir='ltr'><strong>et</strong></span> <span class='ocrx_word' id='word_1_435' title='bbox 1845 3202 1941 3258; x_wconf 53' lang='lat' dir='ltr'><strong>insi</strong></span> 
     </span>
    </p>
   </div>
   <div class='ocr_carea' id='block_1_60' title="bbox 2176 3192 3672 3272">
    <p class='ocr_par' dir='ltr' id='par_1_60' title="bbox 2176 3197 3672 3270">
     <span class='ocr_line' id='line_1_60' title="bbox 2176 3197 3672 3270; baseline 0.001 -20"><span class='ocrx_word' id='word_1_436' title='bbox 2176 3198 2427 3252; x_wconf 68' lang='grc' dir='ltr'><strong>τάθεκτον</strong></span> <span class='ocrx_word' id='word_1_437' title='bbox 2455 3197 2614 3270; x_wconf 80' lang='grc' dir='ltr'><strong>ὕϐριν</strong></span> <span class='ocrx_word' id='word_1_438' title='bbox 2638 3215 2653 3229; x_wconf 76' lang='grc' dir='ltr'><strong>ο</strong></span> <span class='ocrx_word' id='word_1_439' title='bbox 2689 3201 2784 3253; x_wconf 77' lang='grc' dir='ltr'><strong>καὶ</strong></span> <span class='ocrx_word' id='word_1_440' title='bbox 2809 3199 2972 3269; x_wconf 78' lang='grc' dir='ltr'><strong>δῆλον</strong></span> <span class='ocrx_word' id='word_1_441' title='bbox 3003 3201 3136 3254; x_wconf 80' lang='grc' dir='ltr'><strong>αὐτὸ</strong></span> <span class='ocrx_word' id='word_1_442' title='bbox 3170 3201 3236 3255; x_wconf 83' lang='grc' dir='ltr'><strong>ὲκ</strong></span> <span class='ocrx_word' id='word_1_443' title='bbox 3264 3202 3367 3270; x_wconf 84' lang='grc' dir='ltr'><strong>τῆς</strong></span> <span class='ocrx_word' id='word_1_444' title='bbox 3395 3201 3672 3266; x_wconf 79' lang='grc' dir='ltr'><strong>συντάξεως</strong></span> 
     </span>
    </p>
   </div>
   <div class='ocr_carea' id='block_1_61' title="bbox 447 3289 1943 3363">
    <p class='ocr_par' dir='ltr' id='par_1_61' title="bbox 447 3291 1941 3359">
     <span class='ocr_line' id='line_1_61' title="bbox 447 3291 1941 3359; baseline 0.004 -15"><span class='ocrx_word' id='word_1_445' title='bbox 447 3291 638 3344; x_wconf 87' lang='lat' dir='ltr'><strong>tationi</strong></span> <span class='ocrx_word' id='word_1_446' title='bbox 702 3304 891 3344; x_wconf 85' lang='lat' dir='ltr'><strong>vocem</strong></span> <span class='ocrx_word' id='word_1_447' title='bbox 946 3291 1086 3359; x_wconf 81' lang='lat' dir='ltr'><strong>rupit</strong></span> <span class='ocrx_word' id='word_1_448' title='bbox 1121 3292 1290 3358; x_wconf 87' lang='lat' dir='ltr'><strong>addit,</strong></span> <span class='ocrx_word' id='word_1_449' title='bbox 1326 3301 1380 3346; x_wconf 90' lang='lat' dir='ltr'><strong>et</strong></span> <span class='ocrx_word' id='word_1_450' title='bbox 1412 3307 1508 3347; x_wconf 89' lang='lat' dir='ltr'><strong>nos</strong></span> <span class='ocrx_word' id='word_1_451' title='bbox 1565 3293 1860 3348; x_wconf 85' lang='lat' dir='ltr'><strong>subaudire</strong></span> <span class='ocrx_word' id='word_1_452' title='bbox 1909 3312 1941 3350; x_wconf 78' lang='grc' dir='ltr'><strong>ν</strong></span> 
     </span>
    </p>
   </div>
   <div class='ocr_carea' id='block_1_62' title="bbox 2176 3289 3672 3363">
    <p class='ocr_par' dir='ltr' id='par_1_62' title="bbox 2176 3289 3672 3363">
     <span class='ocr_line' id='line_1_62' title="bbox 2176 3289 3672 3363; baseline 0.003 -22"><span class='ocrx_word' id='word_1_453' title='bbox 2176 3290 2224 3342; x_wconf 79' lang='grc' dir='ltr'><strong>&gt;ῦ</strong></span> <span class='ocrx_word' id='word_1_454' title='bbox 2253 3289 2505 3360; x_wconf 85' lang='grc' dir='ltr'><strong>δευτέρου</strong></span> <span class='ocrx_word' id='word_1_455' title='bbox 2540 3291 2744 3360; x_wconf 82' lang='grc' dir='ltr'><strong>στίχου.</strong></span> <span class='ocrx_word' id='word_1_456' title='bbox 2774 3291 2957 3346; x_wconf 80' lang='grc' dir='ltr'><strong>Εἰπὼν</strong></span> <span class='ocrx_word' id='word_1_457' title='bbox 2981 3294 3087 3362; x_wconf 78' lang='grc' dir='ltr'><strong>γὰρ</strong></span> <span class='ocrx_word' id='word_1_458' title='bbox 3113 3293 3170 3346; x_wconf 78' lang='grc' dir='ltr'><strong>έν</strong></span> <span class='ocrx_word' id='word_1_459' title='bbox 3207 3293 3286 3362; x_wconf 81' lang='grc' dir='ltr'><strong>τῷ</strong></span> <span class='ocrx_word' id='word_1_460' title='bbox 3313 3293 3533 3363; x_wconf 83' lang='grc' dir='ltr'><strong>πρώτῳ,</strong></span> <span class='ocrx_word' id='word_1_461' title='bbox 3560 3293 3672 3362; x_wconf 80' lang='grc' dir='ltr'><strong>Ἐῤ-</strong></span> 
     </span>
    </p>
   </div>
   <div class='ocr_carea' id='block_1_63' title="bbox 445 3377 1941 3456">
    <p class='ocr_par' dir='ltr' id='par_1_63' title="bbox 445 3382 1896 3452">
     <span class='ocr_line' id='line_1_63' title="bbox 445 3382 1896 3452; baseline 0.004 -19"><span class='ocrx_word' id='word_1_462' title='bbox 445 3383 588 3450; x_wconf 84' lang='lat' dir='ltr'><strong>quod</strong></span> <span class='ocrx_word' id='word_1_463' title='bbox 620 3382 760 3436; x_wconf 86' lang='lat' dir='ltr'><strong>sicut</strong></span> <span class='ocrx_word' id='word_1_464' title='bbox 789 3383 933 3452; x_wconf 89' lang='lat' dir='ltr'><strong>quod</strong></span> <span class='ocrx_word' id='word_1_465' title='bbox 969 3383 1122 3451; x_wconf 89' lang='lat' dir='ltr'><strong>prius</strong></span> <span class='ocrx_word' id='word_1_466' title='bbox 1143 3392 1365 3452; x_wconf 87' lang='lat' dir='ltr'><strong>ruptum</strong></span> <span class='ocrx_word' id='word_1_467' title='bbox 1393 3396 1496 3445; x_wconf 80' lang='lat' dir='ltr'><strong>est,</strong></span> <span class='ocrx_word' id='word_1_468' title='bbox 1521 3394 1708 3438; x_wconf 89' lang='lat' dir='ltr'><strong>catena</strong></span> <span class='ocrx_word' id='word_1_469' title='bbox 1773 3385 1896 3450; x_wconf 86' lang='lat' dir='ltr'><strong>fuit,</strong></span> 
     </span>
    </p>
   </div>
   <div class='ocr_carea' id='block_1_64' title="bbox 2178 3377 3674 3456">
    <p class='ocr_par' dir='ltr' id='par_1_64' title="bbox 2178 3377 3674 3456">
     <span class='ocr_line' id='line_1_64' title="bbox 2178 3377 3674 3456; baseline -0.001 -21"><span class='ocrx_word' id='word_1_470' title='bbox 2178 3381 2262 3452; x_wconf 81' lang='grc' dir='ltr'><strong>ηξε</strong></span> <span class='ocrx_word' id='word_1_471' title='bbox 2291 3383 2530 3452; x_wconf 85' lang='grc' dir='ltr'><strong>γαστρὸς</strong></span> <span class='ocrx_word' id='word_1_472' title='bbox 2551 3383 2739 3446; x_wconf 85' lang='grc' dir='ltr'><strong>πέδας,</strong></span> <span class='ocrx_word' id='word_1_473' title='bbox 2769 3377 2890 3436; x_wconf 82' lang='grc' dir='ltr'><strong>εἶτα</strong></span> <span class='ocrx_word' id='word_1_474' title='bbox 2914 3383 3214 3452; x_wconf 74' lang='grc' dir='ltr'><strong>ἐπαγαγὼν</strong></span> <span class='ocrx_word' id='word_1_475' title='bbox 3244 3383 3403 3456; x_wconf 82' lang='grc' dir='ltr'><strong>ὓϐριν</strong></span> <span class='ocrx_word' id='word_1_476' title='bbox 3424 3402 3478 3436; x_wconf 88' lang='grc' dir='ltr'><strong>τε</strong></span> <span class='ocrx_word' id='word_1_477' title='bbox 3497 3385 3552 3436; x_wconf 89' lang='grc' dir='ltr'><strong>δυ</strong></span> <span class='ocrx_word' id='word_1_478' title='bbox 3563 3383 3674 3435; x_wconf 75' lang='grc' dir='ltr'><strong>σκά-</strong></span> 
     </span>
    </p>
   </div>
   <div class='ocr_carea' id='block_1_65' title="bbox 447 3473 1943 3545">
    <p class='ocr_par' dir='ltr' id='par_1_65' title="bbox 447 3474 1943 3543">
     <span class='ocr_line' id='line_1_65' title="bbox 447 3474 1943 3543; baseline 0.005 -20"><span class='ocrx_word' id='word_1_479' title='bbox 447 3474 775 3542; x_wconf 86' lang='lat' dir='ltr'><strong>etiamquod</strong></span> <span class='ocrx_word' id='word_1_480' title='bbox 810 3483 994 3540; x_wconf 80' lang='lat' dir='ltr'><strong>postea</strong></span> <span class='ocrx_word' id='word_1_481' title='bbox 1038 3485 1256 3543; x_wconf 88' lang='lat' dir='ltr'><strong>ruptttm</strong></span> <span class='ocrx_word' id='word_1_482' title='bbox 1322 3475 1444 3536; x_wconf 86' lang='lat' dir='ltr'><strong>fuit,</strong></span> <span class='ocrx_word' id='word_1_483' title='bbox 1500 3476 1747 3530; x_wconf 88' lang='lat' dir='ltr'><strong>eumdem</strong></span> <span class='ocrx_word' id='word_1_484' title='bbox 1800 3491 1943 3533; x_wconf 80' lang='lat' dir='ltr'><strong>senSI</strong></span> 
     </span>
    </p>
   </div>
   <div class='ocr_carea' id='block_1_66' title="bbox 2177 3473 3673 3545">
    <p class='ocr_par' dir='ltr' id='par_1_66' title="bbox 2177 3473 3673 3545">
     <span class='ocr_line' id='line_1_66' title="bbox 2177 3473 3673 3545; baseline 0 -19"><span class='ocrx_word' id='word_1_485' title='bbox 2177 3491 2345 3540; x_wconf 72' lang='grc' dir='ltr'><strong>ικτον,</strong></span> <span class='ocrx_word' id='word_1_486' title='bbox 2387 3475 2482 3528; x_wconf 77' lang='grc' dir='ltr'><strong>καὶ</strong></span> <span class='ocrx_word' id='word_1_487' title='bbox 2518 3475 2916 3545; x_wconf 82' lang='grc' dir='ltr'><strong>προσαρμόσας</strong></span> <span class='ocrx_word' id='word_1_488' title='bbox 2966 3475 3152 3528; x_wconf 81' lang='grc' dir='ltr'><strong>κοινοῦ</strong></span> <span class='ocrx_word' id='word_1_489' title='bbox 3190 3478 3286 3529; x_wconf 79' lang='grc' dir='ltr'><strong>καὶ</strong></span> <span class='ocrx_word' id='word_1_490' title='bbox 3349 3477 3416 3545; x_wconf 75' lang='grc' dir='ltr'><strong>τῇ</strong></span> <span class='ocrx_word' id='word_1_491' title='bbox 3465 3473 3673 3541; x_wconf 82' lang='grc' dir='ltr'><strong>τοιαύτῃ</strong></span> 
     </span>
    </p>
   </div>
   <div class='ocr_carea' id='block_1_67' title="bbox 451 3564 1947 3637">
    <p class='ocr_par' dir='ltr' id='par_1_67' title="bbox 451 3564 1947 3635">
     <span class='ocr_line' id='line_1_67' title="bbox 451 3564 1947 3635; baseline 0.002 -17"><span class='ocrx_word' id='word_1_492' title='bbox 451 3567 707 3625; x_wconf 82' lang='lat' dir='ltr'><strong>habet,et</strong></span> <span class='ocrx_word' id='word_1_493' title='bbox 743 3565 887 3634; x_wconf 89' lang='lat' dir='ltr'><strong>quod</strong></span> <span class='ocrx_word' id='word_1_494' title='bbox 919 3564 1036 3620; x_wconf 89' lang='lat' dir='ltr'><strong>sine</strong></span> <span class='ocrx_word' id='word_1_495' title='bbox 1069 3566 1234 3621; x_wconf 88' lang='lat' dir='ltr'><strong>dubio</strong></span> <span class='ocrx_word' id='word_1_496' title='bbox 1285 3582 1492 3621; x_wconf 69' lang='lat' dir='ltr'><strong>mceror</strong></span> <span class='ocrx_word' id='word_1_497' title='bbox 1551 3581 1695 3635; x_wconf 64' lang='lat' dir='ltr'><strong>saepe</strong></span> <span class='ocrx_word' id='word_1_498' title='bbox 1741 3567 1947 3622; x_wconf 82' lang='lat' dir='ltr'><strong>homim</strong></span> 
     </span>
    </p>
   </div>
   <div class='ocr_carea' id='block_1_68' title="bbox 2180 3564 3676 3637">
    <p class='ocr_par' dir='ltr' id='par_1_68' title="bbox 2180 3565 3676 3637">
     <span class='ocr_line' id='line_1_68' title="bbox 2180 3565 3676 3637; baseline -0.002 -19"><span class='ocrx_word' id='word_1_499' title='bbox 2180 3565 2292 3636; x_wconf 72' lang='grc' dir='ltr'><strong>ὄρει</strong></span> <span class='ocrx_word' id='word_1_500' title='bbox 2321 3567 2383 3618; x_wconf 82' lang='grc' dir='ltr'><strong>τὸ</strong></span> <span class='ocrx_word' id='word_1_501' title='bbox 2415 3565 2666 3636; x_wconf 74' lang='grc' dir='ltr'><strong>ἔρρηξεν,</strong></span> <span class='ocrx_word' id='word_1_502' title='bbox 2697 3567 2912 3635; x_wconf 82' lang='grc' dir='ltr'><strong>ἀφῆκεν</strong></span> <span class='ocrx_word' id='word_1_503' title='bbox 2956 3568 3108 3637; x_wconf 81' lang='grc' dir='ltr'><strong>ἡμᾶς</strong></span> <span class='ocrx_word' id='word_1_504' title='bbox 3142 3569 3282 3620; x_wconf 80' lang='grc' dir='ltr'><strong>νοεῖν</strong></span> <span class='ocrx_word' id='word_1_505' title='bbox 3305 3567 3387 3620; x_wconf 86' lang='grc' dir='ltr'><strong>ὅτι</strong></span> <span class='ocrx_word' id='word_1_506' title='bbox 3429 3567 3605 3635; x_wconf 81' lang='grc' dir='ltr'><strong>ὥσπερ</strong></span> <span class='ocrx_word' id='word_1_507' title='bbox 3628 3566 3676 3615; x_wconf 68' lang='grc' dir='ltr'><strong>τὸ</strong></span> 
     </span>
    </p>
   </div>
   <div class='ocr_carea' id='block_1_69' title="bbox 451 3655 1947 3730">
    <p class='ocr_par' dir='ltr' id='par_1_69' title="bbox 451 3657 1667 3728">
     <span class='ocr_line' id='line_1_69' title="bbox 451 3657 1667 3728; baseline 0.003 -20"><span class='ocrx_word' id='word_1_508' title='bbox 451 3657 660 3726; x_wconf 78' lang='lat' dir='ltr'><strong>pungit,</strong></span> <span class='ocrx_word' id='word_1_509' title='bbox 694 3657 852 3724; x_wconf 84' lang='lat' dir='ltr'><strong>idque</strong></span> <span class='ocrx_word' id='word_1_510' title='bbox 879 3672 1020 3726; x_wconf 77' lang='lat' dir='ltr'><strong>szepe</strong></span> <span class='ocrx_word' id='word_1_511' title='bbox 1043 3660 1214 3728; x_wconf 81' lang='lat' dir='ltr'><strong>magis</strong></span> <span class='ocrx_word' id='word_1_512' title='bbox 1241 3674 1404 3727; x_wconf 89' lang='lat' dir='ltr'><strong>quam</strong></span> <span class='ocrx_word' id='word_1_513' title='bbox 1439 3658 1667 3713; x_wconf 91' lang='lat' dir='ltr'><strong>ferrum.</strong></span> 
     </span>
    </p>
   </div>
   <div class='ocr_carea' id='block_1_70' title="bbox 2181 3655 3677 3730">
    <p class='ocr_par' dir='ltr' id='par_1_70' title="bbox 2181 3655 3677 3730">
     <span class='ocr_line' id='line_1_70' title="bbox 2181 3655 3677 3730; baseline -0.003 -19"><span class='ocrx_word' id='word_1_514' title='bbox 2181 3659 2299 3727; x_wconf 81' lang='grc' dir='ltr'><strong>ιγὲν</strong></span> <span class='ocrx_word' id='word_1_515' title='bbox 2347 3659 2608 3729; x_wconf 81' lang='grc' dir='ltr'><strong>ἀνωτέρω</strong></span> <span class='ocrx_word' id='word_1_516' title='bbox 2637 3658 2833 3728; x_wconf 78' lang='grc' dir='ltr'><strong>δεσμὸς</strong></span> <span class='ocrx_word' id='word_1_517' title='bbox 2874 3655 2942 3730; x_wconf 78' lang='grc' dir='ltr'><strong>ἦν</strong></span> <span class='ocrx_word' id='word_1_518' title='bbox 2965 3699 2979 3722; x_wconf 94' lang='grc'><strong>,</strong></span> <span class='ocrx_word' id='word_1_519' title='bbox 3011 3658 3153 3711; x_wconf 86' lang='grc' dir='ltr'><strong>οῦτω</strong></span> <span class='ocrx_word' id='word_1_520' title='bbox 3181 3658 3277 3711; x_wconf 66' lang='grc' dir='ltr'><strong>καὶ</strong></span> <span class='ocrx_word' id='word_1_521' title='bbox 3318 3659 3380 3712; x_wconf 78' lang='grc' dir='ltr'><strong>τὸ</strong></span> <span class='ocrx_word' id='word_1_522' title='bbox 3408 3657 3677 3724; x_wconf 74' lang='grc' dir='ltr'><strong>κατωτέρω</strong></span> 
     </span>
    </p>
   </div>
   <div class='ocr_carea' id='block_1_71' title="bbox 452 3750 3679 3824">
    <p class='ocr_par' dir='ltr' id='par_1_71' title="bbox 452 3750 3679 3824">
     <span class='ocr_line' id='line_1_71' title="bbox 452 3750 3679 3824; baseline -0.001 -20"><span class='ocrx_word' id='word_1_523' title='bbox 452 3751 794 3820; x_wconf 79' lang='grc' dir='ltr'><strong>ὲρῤηγμένον</strong></span> <span class='ocrx_word' id='word_1_524' title='bbox 823 3751 1008 3821; x_wconf 80' lang='grc' dir='ltr'><strong>ὅμοιον</strong></span> <span class='ocrx_word' id='word_1_525' title='bbox 1054 3750 1167 3821; x_wconf 76' lang='grc' dir='ltr'><strong>ἔχει</strong></span> <span class='ocrx_word' id='word_1_526' title='bbox 1206 3751 1365 3818; x_wconf 78' lang='grc' dir='ltr'><strong>λόγον</strong></span> <span class='ocrx_word' id='word_1_527' title='bbox 1390 3769 1404 3783; x_wconf 74' lang='grc' dir='ltr'><strong>ο</strong></span> <span class='ocrx_word' id='word_1_528' title='bbox 1445 3753 1540 3806; x_wconf 81' lang='grc' dir='ltr'><strong>καὶ</strong></span> <span class='ocrx_word' id='word_1_529' title='bbox 1575 3753 1675 3806; x_wconf 79' lang='grc' dir='ltr'><strong>οὐκ</strong></span> <span class='ocrx_word' id='word_1_530' title='bbox 1707 3753 1858 3808; x_wconf 74' lang='grc' dir='ltr'><strong>ἐστιν</strong></span> <span class='ocrx_word' id='word_1_531' title='bbox 1882 3754 2174 3810; x_wconf 74' lang='grc' dir='ltr'><strong>ἀντειπεῖν</strong></span> <span class='ocrx_word' id='word_1_532' title='bbox 2201 3751 2278 3816; x_wconf 83' lang='grc' dir='ltr'><strong>ὡς</strong></span> <span class='ocrx_word' id='word_1_533' title='bbox 2301 3752 2362 3805; x_wconf 85' lang='grc' dir='ltr'><strong>ού</strong></span> <span class='ocrx_word' id='word_1_534' title='bbox 2394 3752 2566 3806; x_wconf 79' lang='grc' dir='ltr'><strong>θλίϐει</strong></span> <span class='ocrx_word' id='word_1_535' title='bbox 2596 3752 2858 3816; x_wconf 80' lang='grc' dir='ltr'><strong>πολλάκις</strong></span> <span class='ocrx_word' id='word_1_536' title='bbox 2919 3752 2988 3806; x_wconf 76' lang='grc' dir='ltr'><strong>τὰ</strong></span> <span class='ocrx_word' id='word_1_537' title='bbox 3050 3751 3275 3824; x_wconf 82' lang='grc' dir='ltr'><strong>λυπηρά</strong></span> <span class='ocrx_word' id='word_1_538' title='bbox 3335 3753 3428 3805; x_wconf 73' lang='grc' dir='ltr'><strong>τὸν</strong></span> <span class='ocrx_word' id='word_1_539' title='bbox 3489 3751 3679 3820; x_wconf 77' lang='grc' dir='ltr'><strong>ἄνθρω-</strong></span> 
     </span>
    </p>
   </div>
   <div class='ocr_carea' id='block_1_72' title="bbox 451 3839 1158 3911">
    <p class='ocr_par' dir='ltr' id='par_1_72' title="bbox 451 3839 1158 3911">
     <span class='ocr_line' id='line_1_72' title="bbox 451 3839 1158 3911; baseline 0 -18"><span class='ocrx_word' id='word_1_540' title='bbox 451 3859 572 3901; x_wconf 85' lang='grc' dir='ltr'><strong>πον,</strong></span> <span class='ocrx_word' id='word_1_541' title='bbox 603 3842 695 3894; x_wconf 76' lang='grc' dir='ltr'><strong>καὶ</strong></span> <span class='ocrx_word' id='word_1_542' title='bbox 722 3843 904 3911; x_wconf 84' lang='grc' dir='ltr'><strong>χεῖρον</strong></span> <span class='ocrx_word' id='word_1_543' title='bbox 933 3839 1158 3909; x_wconf 87' lang='grc' dir='ltr'><strong>δεσμοῦ.</strong></span> 
     </span>
    </p>
   </div>
   <div class='ocr_carea' id='block_1_73' title="bbox 521 3929 2017 4014">
    <p class='ocr_par' dir='ltr' id='par_1_73' title="bbox 521 3932 2017 4014">
     <span class='ocr_line' id='line_1_73' title="bbox 521 3932 2017 4014; baseline 0.001 -26"><span class='ocrx_word' id='word_1_544' title='bbox 521 3935 608 3988; x_wconf 87' lang='lat'><strong>66.</strong></span> <span class='ocrx_word' id='word_1_545' title='bbox 633 3932 751 3988; x_wconf 71' lang='lat' dir='ltr'><strong>Vox</strong></span> <span class='ocrx_word' id='word_1_546' title='bbox 775 3943 953 4014; x_wconf 79' lang='lat' dir='ltr'><strong>autem</strong></span> <span class='ocrx_word' id='word_1_547' title='bbox 985 3933 1130 4001; x_wconf 80' lang='lat' dir='ltr'><strong>prole</strong></span> <span class='ocrx_word' id='word_1_548' title='bbox 1168 3935 1336 4005; x_wconf 76' lang='lat' dir='ltr'><strong>felicis</strong></span> <span class='ocrx_word' id='word_1_549' title='bbox 1399 3937 1791 3993; x_wconf 86' lang='lat' dir='ltr'><strong>convenienter</strong></span> <span class='ocrx_word' id='word_1_550' title='bbox 1839 3938 2017 4008; x_wconf 86' lang='lat' dir='ltr'><strong>specie</strong></span> 
     </span>
    </p>
   </div>
   <div class='ocr_carea' id='block_1_74' title="bbox 2183 3929 3679 4014">
    <p class='ocr_par' dir='ltr' id='par_1_74' title="bbox 2202 3929 3679 4002">
     <span class='ocr_line' id='line_1_74' title="bbox 2202 3929 3679 4002; baseline -0.005 -13"><span class='ocrx_word' id='word_1_551' title='bbox 2202 3934 2309 4000; x_wconf 64' lang='lat' dir='ltr'><strong>Eg’.</strong></span> <span class='ocrx_word' id='word_1_552' title='bbox 2337 3935 2410 3988; x_wconf 83' lang='grc' dir='ltr'>Τὸ</span> <span class='ocrx_word' id='word_1_553' title='bbox 2433 3933 2489 3987; x_wconf 80' lang='grc' dir='ltr'><strong>δὲ</strong></span> <span class='ocrx_word' id='word_1_554' title='bbox 2514 3932 2992 4002; x_wconf 81' lang='grc' dir='ltr'><strong>εὐτεκνουμένης</strong></span> <span class='ocrx_word' id='word_1_555' title='bbox 3023 3929 3245 3985; x_wconf 77' lang='grc' dir='ltr'><strong>ίδικεύει</strong></span> <span class='ocrx_word' id='word_1_556' title='bbox 3271 3930 3368 4001; x_wconf 79' lang='grc' dir='ltr'><strong>τὴν</strong></span> <span class='ocrx_word' id='word_1_557' title='bbox 3398 3931 3548 4001; x_wconf 78' lang='grc' dir='ltr'><strong>ὓϐριν</strong></span> <span class='ocrx_word' id='word_1_558' title='bbox 3573 3929 3679 3982; x_wconf 71' lang='grc' dir='ltr'><strong>ἐπί-</strong></span> 
     </span>
    </p>
   </div>
   <div class='ocr_carea' id='block_1_75' title="bbox 451 4023 1947 4098">
    <p class='ocr_par' dir='ltr' id='par_1_75' title="bbox 451 4026 1947 4098">
     <span class='ocr_line' id='line_1_75' title="bbox 451 4026 1947 4098; baseline 0.002 -17"><span class='ocrx_word' id='word_1_559' title='bbox 451 4027 733 4095; x_wconf 80' lang='lat' dir='ltr'><strong>distinguit</strong></span> <span class='ocrx_word' id='word_1_560' title='bbox 765 4026 1044 4093; x_wconf 82' lang='lat' dir='ltr'><strong>injuriam,</strong></span> <span class='ocrx_word' id='word_1_561' title='bbox 1075 4037 1134 4080; x_wconf 92' lang='lat' dir='ltr'><strong>ut</strong></span> <span class='ocrx_word' id='word_1_562' title='bbox 1158 4043 1262 4081; x_wconf 89' lang='lat' dir='ltr'><strong>non</strong></span> <span class='ocrx_word' id='word_1_563' title='bbox 1329 4039 1583 4098; x_wconf 89' lang='lat' dir='ltr'><strong>putemus</strong></span> <span class='ocrx_word' id='word_1_564' title='bbox 1642 4031 1857 4086; x_wconf 85' lang='lat' dir='ltr'><strong>Annam</strong></span> <span class='ocrx_word' id='word_1_565' title='bbox 1890 4031 1947 4085; x_wconf 71' lang='lat' dir='ltr'><strong>Sil</strong></span> 
     </span>
    </p>
   </div>
   <div class='ocr_carea' id='block_1_76' title="bbox 2185 4023 3681 4098">
    <p class='ocr_par' dir='ltr' id='par_1_76' title="bbox 2185 4023 3681 4095">
     <span class='ocr_line' id='line_1_76' title="bbox 2185 4023 3681 4095; baseline -0.006 -15"><span class='ocrx_word' id='word_1_566' title='bbox 2185 4027 2327 4095; x_wconf 67' lang='lat'><strong>163;,</strong></span> <span class='ocrx_word' id='word_1_567' title='bbox 2370 4025 2458 4078; x_wconf 83' lang='grc' dir='ltr'><strong>ἵνα</strong></span> <span class='ocrx_word' id='word_1_568' title='bbox 2494 4025 2569 4094; x_wconf 79' lang='grc' dir='ltr'><strong>μὴ</strong></span> <span class='ocrx_word' id='word_1_569' title='bbox 2603 4023 2792 4086; x_wconf 85' lang='grc' dir='ltr'><strong>ἁπλῶς</strong></span> <span class='ocrx_word' id='word_1_570' title='bbox 2834 4023 3157 4092; x_wconf 81' lang='grc' dir='ltr'><strong>ὑϐρίζεσθαι</strong></span> <span class='ocrx_word' id='word_1_571' title='bbox 3192 4023 3405 4092; x_wconf 82' lang='grc' dir='ltr'><strong>νοῶμεν</strong></span> <span class='ocrx_word' id='word_1_572' title='bbox 3435 4024 3526 4092; x_wconf 80' lang='grc' dir='ltr'><strong>τὴν</strong></span> <span class='ocrx_word' id='word_1_573' title='bbox 3565 4024 3681 4074; x_wconf 80' lang='grc' dir='ltr'><strong>Ἀν-</strong></span> 
     </span>
    </p>
   </div>
   <div class='ocr_carea' id='block_1_77' title="bbox 458 4111 1954 4192">
    <p class='ocr_par' dir='ltr' id='par_1_77' title="bbox 458 4118 1954 4192">
     <span class='ocr_line' id='line_1_77' title="bbox 458 4118 1954 4192; baseline 0.005 -24"><span class='ocrx_word' id='word_1_574' title='bbox 458 4118 673 4182; x_wconf 76' lang='lat' dir='ltr'><strong>pliciter</strong></span> <span class='ocrx_word' id='word_1_575' title='bbox 705 4118 953 4171; x_wconf 84' lang='lat' dir='ltr'><strong>alicunde</strong></span> <span class='ocrx_word' id='word_1_576' title='bbox 983 4119 1368 4174; x_wconf 79' lang='lat' dir='ltr'><strong>contumeliam</strong></span> <span class='ocrx_word' id='word_1_577' title='bbox 1425 4125 1557 4190; x_wconf 91' lang='lat' dir='ltr'><strong>pati,</strong></span> <span class='ocrx_word' id='word_1_578' title='bbox 1598 4124 1690 4177; x_wconf 86' lang='lat' dir='ltr'><strong>sed</strong></span> <span class='ocrx_word' id='word_1_579' title='bbox 1717 4123 1954 4192; x_wconf 67' lang='lat' dir='ltr'><strong>praeserti</strong></span> 
     </span>
    </p>
   </div>
   <div class='ocr_carea' id='block_1_78' title="bbox 2183 4111 3679 4192">
    <p class='ocr_par' dir='ltr' id='par_1_78' title="bbox 2183 4111 3679 4185">
     <span class='ocr_line' id='line_1_78' title="bbox 2183 4111 3679 4185; baseline -0.006 -14"><span class='ocrx_word' id='word_1_580' title='bbox 2183 4138 2231 4171; x_wconf 87' lang='grc' dir='ltr'><strong>ιν</strong></span> <span class='ocrx_word' id='word_1_581' title='bbox 2269 4118 2377 4171; x_wconf 81' lang='grc' dir='ltr'><strong>ἀπὸ</strong></span> <span class='ocrx_word' id='word_1_582' title='bbox 2408 4117 2516 4168; x_wconf 81' lang='grc' dir='ltr'><strong>τῶν</strong></span> <span class='ocrx_word' id='word_1_583' title='bbox 2541 4115 2835 4185; x_wconf 85' lang='grc' dir='ltr'><strong>τυχόντων,</strong></span> <span class='ocrx_word' id='word_1_584' title='bbox 2861 4115 2998 4167; x_wconf 76' lang='grc' dir='ltr'><strong>ἀλλὰ</strong></span> <span class='ocrx_word' id='word_1_585' title='bbox 3041 4115 3134 4168; x_wconf 78' lang='grc' dir='ltr'><strong>καὶ</strong></span> <span class='ocrx_word' id='word_1_586' title='bbox 3174 4114 3410 4184; x_wconf 84' lang='grc' dir='ltr'><strong>μάλιστα</strong></span> <span class='ocrx_word' id='word_1_587' title='bbox 3458 4113 3556 4166; x_wconf 79' lang='grc' dir='ltr'><strong>ὑπὸ</strong></span> <span class='ocrx_word' id='word_1_588' title='bbox 3581 4111 3679 4164; x_wconf 84' lang='grc' dir='ltr'><strong>τῶν</strong></span> 
     </span>
    </p>
   </div>
   <div class='ocr_carea' id='block_1_79' title="bbox 456 4205 1952 4283">
    <p class='ocr_par' dir='ltr' id='par_1_79' title="bbox 456 4209 1952 4283">
     <span class='ocr_line' id='line_1_79' title="bbox 456 4209 1952 4283; baseline 0.003 -21"><span class='ocrx_word' id='word_1_589' title='bbox 456 4225 486 4262; x_wconf 89' lang='lat' dir='ltr'><strong>a</strong></span> <span class='ocrx_word' id='word_1_590' title='bbox 520 4209 838 4263; x_wconf 89' lang='lat' dir='ltr'><strong>mulieribus</strong></span> <span class='ocrx_word' id='word_1_591' title='bbox 873 4209 1020 4277; x_wconf 88' lang='lat' dir='ltr'><strong>prole</strong></span> <span class='ocrx_word' id='word_1_592' title='bbox 1057 4209 1330 4266; x_wconf 81' lang='lat' dir='ltr'><strong>felicibus.</strong></span> <span class='ocrx_word' id='word_1_593' title='bbox 1361 4213 1615 4268; x_wconf 83' lang='lat' dir='ltr'><strong>Attamen</strong></span> <span class='ocrx_word' id='word_1_594' title='bbox 1645 4213 1779 4283; x_wconf 61' lang='lat' dir='ltr'><strong>ipsis</strong></span> <span class='ocrx_word' id='word_1_595' title='bbox 1849 4213 1952 4268; x_wconf 77' lang='lat' dir='ltr'><strong>fuel</strong></span> 
     </span>
    </p>
   </div>
   <div class='ocr_carea' id='block_1_80' title="bbox 2184 4205 3680 4283">
    <p class='ocr_par' dir='ltr' id='par_1_80' title="bbox 2184 4205 3680 4278">
     <span class='ocr_line' id='line_1_80' title="bbox 2184 4205 3680 4278; baseline -0.003 -17"><span class='ocrx_word' id='word_1_596' title='bbox 2184 4208 2577 4274; x_wconf 62' lang='grc' dir='ltr'><strong>ιτεκνουμένων</strong></span> <span class='ocrx_word' id='word_1_597' title='bbox 2633 4205 2952 4276; x_wconf 83' lang='grc' dir='ltr'><strong>γυναικῶν·</strong></span> <span class='ocrx_word' id='word_1_598' title='bbox 3005 4208 3098 4260; x_wconf 76' lang='grc' dir='ltr'><strong>καὶ</strong></span> <span class='ocrx_word' id='word_1_599' title='bbox 3134 4207 3243 4278; x_wconf 78' lang='grc' dir='ltr'><strong>μὴν</strong></span> <span class='ocrx_word' id='word_1_600' title='bbox 3287 4209 3454 4278; x_wconf 80' lang='grc' dir='ltr'><strong>ἐχρῆν</strong></span> <span class='ocrx_word' id='word_1_601' title='bbox 3489 4207 3680 4266; x_wconf 81' lang='grc' dir='ltr'><strong>ἐκείνας</strong></span> 
     </span>
    </p>
   </div>
   <div class='ocr_carea' id='block_1_81' title="bbox 457 4295 1953 4371">
    <p class='ocr_par' dir='ltr' id='par_1_81' title="bbox 457 4300 1953 4367">
     <span class='ocr_line' id='line_1_81' title="bbox 457 4300 1953 4367; baseline 0.007 -17"><span class='ocrx_word' id='word_1_602' title='bbox 457 4300 806 4367; x_wconf 77' lang='lat' dir='ltr'><strong>cogitandum</strong></span> <span class='ocrx_word' id='word_1_603' title='bbox 834 4301 1129 4354; x_wconf 89' lang='lat' dir='ltr'><strong>secundam</strong></span> <span class='ocrx_word' id='word_1_604' title='bbox 1161 4301 1439 4358; x_wconf 87' lang='lat' dir='ltr'><strong>fortunam</strong></span> <span class='ocrx_word' id='word_1_605' title='bbox 1480 4320 1586 4357; x_wconf 89' lang='lat' dir='ltr'><strong>non</strong></span> <span class='ocrx_word' id='word_1_606' title='bbox 1621 4319 1741 4359; x_wconf 91' lang='lat' dir='ltr'><strong>esse</strong></span> <span class='ocrx_word' id='word_1_607' title='bbox 1773 4321 1953 4362; x_wconf 76' lang='lat' dir='ltr'><strong>necess</strong></span> 
     </span>
    </p>
   </div>
   <div class='ocr_carea' id='block_1_82' title="bbox 2184 4295 3680 4371">
    <p class='ocr_par' dir='ltr' id='par_1_82' title="bbox 2184 4295 3680 4371">
     <span class='ocr_line' id='line_1_82' title="bbox 2184 4295 3680 4371; baseline -0.005 -20"><span class='ocrx_word' id='word_1_608' title='bbox 2184 4302 2483 4371; x_wconf 75' lang='grc' dir='ltr'><strong>ιθυμεῖσθαι</strong></span> <span class='ocrx_word' id='word_1_609' title='bbox 2531 4300 2607 4364; x_wconf 84' lang='grc' dir='ltr'><strong>ὡς</strong></span> <span class='ocrx_word' id='word_1_610' title='bbox 2636 4301 2734 4352; x_wconf 85' lang='grc' dir='ltr'><strong>οὑκ</strong></span> <span class='ocrx_word' id='word_1_611' title='bbox 2789 4298 2849 4362; x_wconf 79' lang='grc' dir='ltr'><strong>ἐξ</strong></span> <span class='ocrx_word' id='word_1_612' title='bbox 2893 4300 3139 4368; x_wconf 83' lang='grc' dir='ltr'><strong>ἀνάγκης</strong></span> <span class='ocrx_word' id='word_1_613' title='bbox 3183 4301 3238 4353; x_wconf 79' lang='grc' dir='ltr'><strong>αἱ</strong></span> <span class='ocrx_word' id='word_1_614' title='bbox 3271 4299 3557 4366; x_wconf 82' lang='grc' dir='ltr'><strong>εύπραγίαι</strong></span> <span class='ocrx_word' id='word_1_615' title='bbox 3584 4295 3680 4347; x_wconf 81' lang='grc' dir='ltr'><strong>τῶν</strong></span> 
     </span>
    </p>
   </div>
   <div class='ocr_carea' id='block_1_83' title="bbox 458 4386 1954 4462">
    <p class='ocr_par' dir='ltr' id='par_1_83' title="bbox 458 4389 1926 4460">
     <span class='ocr_line' id='line_1_83' title="bbox 458 4389 1926 4460; baseline 0.002 -18"><span class='ocrx_word' id='word_1_616' title='bbox 458 4389 540 4442; x_wconf 89' lang='lat' dir='ltr'><strong>rio</strong></span> <span class='ocrx_word' id='word_1_617' title='bbox 572 4390 833 4442; x_wconf 88' lang='lat' dir='ltr'><strong>honorum</strong></span> <span class='ocrx_word' id='word_1_618' title='bbox 861 4397 1072 4442; x_wconf 90' lang='lat' dir='ltr'><strong>tantum</strong></span> <span class='ocrx_word' id='word_1_619' title='bbox 1113 4391 1419 4457; x_wconf 90' lang='lat' dir='ltr'><strong>hominum,</strong></span> <span class='ocrx_word' id='word_1_620' title='bbox 1477 4392 1569 4446; x_wconf 89' lang='lat' dir='ltr'><strong>sed</strong></span> <span class='ocrx_word' id='word_1_621' title='bbox 1627 4393 1926 4460; x_wconf 89' lang='lat' dir='ltr'><strong>aliquando</strong></span> 
     </span>
    </p>
   </div>
   <div class='ocr_carea' id='block_1_84' title="bbox 2183 4386 3679 4462">
    <p class='ocr_par' dir='ltr' id='par_1_84' title="bbox 2183 4386 3679 4462">
     <span class='ocr_line' id='line_1_84' title="bbox 2183 4386 3679 4462; baseline -0.008 -17"><span class='ocrx_word' id='word_1_622' title='bbox 2183 4392 2406 4461; x_wconf 73' lang='grc' dir='ltr'><strong>οαρέτων</strong></span> <span class='ocrx_word' id='word_1_623' title='bbox 2432 4391 2593 4460; x_wconf 90' lang='grc' dir='ltr'><strong>μόνον</strong></span> <span class='ocrx_word' id='word_1_624' title='bbox 2626 4390 2936 4462; x_wconf 85' lang='grc' dir='ltr'><strong>προσώπων</strong></span> <span class='ocrx_word' id='word_1_625' title='bbox 2963 4391 3124 4454; x_wconf 75' lang='grc' dir='ltr'><strong>εἰσὶν,</strong></span> <span class='ocrx_word' id='word_1_626' title='bbox 3149 4389 3287 4444; x_wconf 84' lang='grc' dir='ltr'><strong>ἀλλά</strong></span> <span class='ocrx_word' id='word_1_627' title='bbox 3313 4403 3444 4442; x_wconf 85' lang='grc' dir='ltr'><strong>ποτε</strong></span> <span class='ocrx_word' id='word_1_628' title='bbox 3475 4389 3561 4442; x_wconf 81' lang='grc' dir='ltr'><strong>καὶ</strong></span> <span class='ocrx_word' id='word_1_629' title='bbox 3587 4386 3679 4436; x_wconf 81' lang='grc' dir='ltr'><strong>τῶν</strong></span> 
     </span>
    </p>
   </div>
   <div class='ocr_carea' id='block_1_85' title="bbox 459 4474 1955 4554">
    <p class='ocr_par' dir='ltr' id='par_1_85' title="bbox 459 4476 1955 4550">
     <span class='ocr_line' id='line_1_85' title="bbox 459 4476 1955 4550; baseline 0.006 -23"><span class='ocrx_word' id='word_1_630' title='bbox 459 4476 853 4547; x_wconf 85' lang='lat' dir='ltr'><strong>improborum,</strong></span> <span class='ocrx_word' id='word_1_631' title='bbox 889 4488 948 4532; x_wconf 92' lang='lat' dir='ltr'><strong>ut</strong></span> <span class='ocrx_word' id='word_1_632' title='bbox 978 4479 1214 4534; x_wconf 86' lang='lat' dir='ltr'><strong>ostendit</strong></span> <span class='ocrx_word' id='word_1_633' title='bbox 1239 4480 1370 4533; x_wconf 91' lang='lat' dir='ltr'><strong>illud</strong></span> <span class='ocrx_word' id='word_1_634' title='bbox 1401 4497 1414 4534; x_wconf 88' lang='lat'><strong>:</strong></span> <span class='ocrx_word' id='word_1_635' title='bbox 1449 4499 1467 4532; x_wconf 76' lang='grc' dir='ltr'><strong>ι</strong></span> <span class='ocrx_word' id='word_1_636' title='bbox 1495 4481 1790 4550; x_wconf 79' lang='lat' dir='ltr'><strong>Accepisti,</strong></span> <span class='ocrx_word' id='word_1_637' title='bbox 1851 4483 1955 4536; x_wconf 66' lang='lat' dir='ltr'><strong>div:</strong></span> 
     </span>
    </p>
   </div>
   <div class='ocr_carea' id='block_1_86' title="bbox 2185 4474 3681 4554">
    <p class='ocr_par' dir='ltr' id='par_1_86' title="bbox 2185 4474 3681 4551">
     <span class='ocr_line' id='line_1_86' title="bbox 2185 4474 3681 4551; baseline -0.007 -15"><span class='ocrx_word' id='word_1_638' title='bbox 2185 4483 2215 4546; x_wconf 81' lang='grc' dir='ltr'><strong>ὴ</strong></span> <span class='ocrx_word' id='word_1_639' title='bbox 2232 4482 2510 4550; x_wconf 82' lang='grc' dir='ltr'><strong>τοιούτων,</strong></span> <span class='ocrx_word' id='word_1_640' title='bbox 2534 4481 2608 4545; x_wconf 85' lang='grc' dir='ltr'><strong>ὡς</strong></span> <span class='ocrx_word' id='word_1_641' title='bbox 2627 4482 2775 4551; x_wconf 87' lang='grc' dir='ltr'><strong>δηλοῖ</strong></span> <span class='ocrx_word' id='word_1_642' title='bbox 2794 4483 2888 4535; x_wconf 77' lang='grc' dir='ltr'><strong>καὶ</strong></span> <span class='ocrx_word' id='word_1_643' title='bbox 2910 4481 2989 4546; x_wconf 84' lang='grc' dir='ltr'><strong>τὸ,</strong></span> <span class='ocrx_word' id='word_1_644' title='bbox 3017 4480 3368 4542; x_wconf 79' lang='grc' dir='ltr'><strong>(Ἀπέλαϐες,</strong></span> <span class='ocrx_word' id='word_1_645' title='bbox 3403 4474 3446 4533; x_wconf 80' lang='grc' dir='ltr'><strong>ὦ</strong></span> <span class='ocrx_word' id='word_1_646' title='bbox 3465 4477 3681 4536; x_wconf 66' lang='grc' dir='ltr'><strong>πλούσιε,</strong></span> 
     </span>
    </p>
   </div>
   <div class='ocr_carea' id='block_1_87' title="bbox 459 4569 1955 4640">
    <p class='ocr_par' dir='ltr' id='par_1_87' title="bbox 459 4571 1951 4633">
     <span class='ocr_line' id='line_1_87' title="bbox 459 4571 1951 4633; baseline 0.003 -9"><span class='ocrx_word' id='word_1_647' title='bbox 459 4573 597 4626; x_wconf 87' lang='lat' dir='ltr'><strong>bona</strong></span> <span class='ocrx_word' id='word_1_648' title='bbox 635 4581 726 4625; x_wconf 89' lang='lat' dir='ltr'><strong>tua</strong></span> <span class='ocrx_word' id='word_1_649' title='bbox 760 4571 888 4624; x_wconf 90' lang='lat' dir='ltr'><strong>dum</strong></span> <span class='ocrx_word' id='word_1_650' title='bbox 923 4571 1158 4633; x_wconf 85' lang='lat' dir='ltr'><strong>viveres,</strong></span> <span class='ocrx_word' id='word_1_651' title='bbox 1190 4579 1242 4624; x_wconf 81' lang='lat' dir='ltr'><strong>et</strong></span> <span class='ocrx_word' id='word_1_652' title='bbox 1268 4571 1503 4629; x_wconf 84' lang='lat' dir='ltr'><strong>Lazarus</strong></span> <span class='ocrx_word' id='word_1_653' title='bbox 1525 4574 1780 4628; x_wconf 89' lang='lat' dir='ltr'><strong>similiter</strong></span> <span class='ocrx_word' id='word_1_654' title='bbox 1815 4575 1951 4628; x_wconf 90' lang='lat' dir='ltr'><strong>mala</strong></span> 
     </span>
    </p>
   </div>
   <div class='ocr_carea' id='block_1_88' title="bbox 2183 4569 3679 4640">
    <p class='ocr_par' dir='ltr' id='par_1_88' title="bbox 2183 4569 3679 4640">
     <span class='ocr_line' id='line_1_88' title="bbox 2183 4569 3679 4640; baseline -0.005 -16"><span class='ocrx_word' id='word_1_655' title='bbox 2183 4571 2411 4638; x_wconf 66' lang='grc' dir='ltr'><strong>ὶὰγαθὰ</strong></span> <span class='ocrx_word' id='word_1_656' title='bbox 2437 4587 2529 4634; x_wconf 84' lang='grc' dir='ltr'><strong>σου</strong></span> <span class='ocrx_word' id='word_1_657' title='bbox 2563 4573 2621 4624; x_wconf 85' lang='grc' dir='ltr'><strong>ἐν</strong></span> <span class='ocrx_word' id='word_1_658' title='bbox 2672 4573 2737 4640; x_wconf 81' lang='grc' dir='ltr'><strong>τῇ</strong></span> <span class='ocrx_word' id='word_1_659' title='bbox 2768 4570 2880 4640; x_wconf 78' lang='grc' dir='ltr'><strong>ζωῇ</strong></span> <span class='ocrx_word' id='word_1_660' title='bbox 2915 4587 3030 4637; x_wconf 83' lang='grc' dir='ltr'><strong>σου,</strong></span> <span class='ocrx_word' id='word_1_661' title='bbox 3089 4572 3182 4622; x_wconf 70' lang='grc' dir='ltr'><strong>καὶ</strong></span> <span class='ocrx_word' id='word_1_662' title='bbox 3231 4571 3481 4640; x_wconf 72' lang='grc' dir='ltr'><strong>Λάζαρος</strong></span> <span class='ocrx_word' id='word_1_663' title='bbox 3509 4569 3679 4635; x_wconf 77' lang='grc' dir='ltr'><strong>ὁμοίως</strong></span> 
     </span>
    </p>
   </div>
   <div class='ocr_carea' id='block_1_89' title="bbox 459 4651 1955 4734">
    <p class='ocr_par' dir='ltr' id='par_1_89' title="bbox 459 4662 1955 4734">
     <span class='ocr_line' id='line_1_89' title="bbox 459 4662 1955 4734; baseline 0.001 -19"><span class='ocrx_word' id='word_1_664' title='bbox 459 4662 566 4718; x_wconf 83' lang='lat' dir='ltr'><strong>Vos</strong></span> <span class='ocrx_word' id='word_1_665' title='bbox 601 4664 784 4732; x_wconf 79' lang='lat' dir='ltr'><strong>igitur,</strong></span> <span class='ocrx_word' id='word_1_666' title='bbox 817 4665 1043 4718; x_wconf 90' lang='lat' dir='ltr'><strong>muliere</strong></span> <span class='ocrx_word' id='word_1_667' title='bbox 1072 4674 1227 4733; x_wconf 91' lang='lat' dir='ltr'><strong>partu</strong></span> <span class='ocrx_word' id='word_1_668' title='bbox 1261 4662 1467 4730; x_wconf 88' lang='lat' dir='ltr'><strong>felices,</strong></span> <span class='ocrx_word' id='word_1_669' title='bbox 1532 4679 1738 4734; x_wconf 90' lang='lat' dir='ltr'><strong>vosque</strong></span> <span class='ocrx_word' id='word_1_670' title='bbox 1764 4705 1778 4728; x_wconf 88' lang='lat'><strong>,</strong></span> <span class='ocrx_word' id='word_1_671' title='bbox 1845 4676 1955 4734; x_wconf 80' lang='lat' dir='ltr'><strong>patr</strong></span> 
     </span>
    </p>
   </div>
   <div class='ocr_carea' id='block_1_90' title="bbox 2189 4651 3685 4734">
    <p class='ocr_par' dir='ltr' id='par_1_90' title="bbox 2189 4651 3685 4727">
     <span class='ocr_line' id='line_1_90' title="bbox 2189 4651 3685 4727; baseline -0.007 -13"><span class='ocrx_word' id='word_1_672' title='bbox 2189 4660 2306 4715; x_wconf 81' lang='grc' dir='ltr'><strong>ικά.</strong></span> <span class='ocrx_word' id='word_1_673' title='bbox 2337 4679 2356 4711; x_wconf 75' lang='grc' dir='ltr'><strong>ι</strong></span> <span class='ocrx_word' id='word_1_674' title='bbox 2393 4654 2469 4710; x_wconf 79' lang='grc' dir='ltr'><strong><em>Ὦ</em></strong></span> <span class='ocrx_word' id='word_1_675' title='bbox 2500 4657 2632 4726; x_wconf 86' lang='grc' dir='ltr'><strong>γοῦν</strong></span> <span class='ocrx_word' id='word_1_676' title='bbox 2663 4660 2921 4727; x_wconf 85' lang='grc' dir='ltr'><strong>γυναῖκες</strong></span> <span class='ocrx_word' id='word_1_677' title='bbox 2943 4658 3388 4727; x_wconf 81' lang='grc' dir='ltr'><strong>εὐτεκνούμεναι,</strong></span> <span class='ocrx_word' id='word_1_678' title='bbox 3413 4659 3504 4711; x_wconf 76' lang='grc' dir='ltr'><strong>καὶ</strong></span> <span class='ocrx_word' id='word_1_679' title='bbox 3531 4651 3570 4708; x_wconf 77' lang='grc' dir='ltr'>ὦ</span> <span class='ocrx_word' id='word_1_680' title='bbox 3599 4672 3685 4705; x_wconf 76' lang='grc' dir='ltr'><strong>πει-</strong></span> 
     </span>
    </p>
   </div>
   <div class='ocr_carea' id='block_1_91' title="bbox 458 4727 1954 4822">
    <p class='ocr_par' dir='ltr' id='par_1_91' title="bbox 458 4745 1954 4822">
     <span class='ocr_line' id='line_1_91' title="bbox 458 4745 1954 4822; baseline 0.001 -17"><span class='ocrx_word' id='word_1_681' title='bbox 458 4754 607 4821; x_wconf 88' lang='lat' dir='ltr'><strong>prole</strong></span> <span class='ocrx_word' id='word_1_682' title='bbox 645 4745 964 4822; x_wconf 77' lang='lat' dir='ltr'><strong>gaudentes,</strong></span> <span class='ocrx_word' id='word_1_683' title='bbox 993 4769 1058 4807; x_wconf 90' lang='lat' dir='ltr'><strong>ne</strong></span> <span class='ocrx_word' id='word_1_684' title='bbox 1083 4753 1163 4808; x_wconf 90' lang='lat' dir='ltr'><strong>sic</strong></span> <span class='ocrx_word' id='word_1_685' title='bbox 1189 4754 1406 4808; x_wconf 89' lang='lat' dir='ltr'><strong>incaute</strong></span> <span class='ocrx_word' id='word_1_686' title='bbox 1454 4754 1783 4807; x_wconf 78' lang='lat' dir='ltr'><strong>invehemini</strong></span> <span class='ocrx_word' id='word_1_687' title='bbox 1840 4766 1954 4808; x_wconf 86' lang='lat' dir='ltr'><strong>com</strong></span> 
     </span>
    </p>
   </div>
   <div class='ocr_carea' id='block_1_92' title="bbox 2187 4727 3683 4822">
    <p class='ocr_par' dir='ltr' id='par_1_92' title="bbox 2187 4744 3683 4821">
     <span class='ocr_line' id='line_1_92' title="bbox 2187 4744 3683 4821; baseline -0.005 -20"><span class='ocrx_word' id='word_1_688' title='bbox 2187 4753 2291 4821; x_wconf 78' lang='grc' dir='ltr'><strong>ἱρες</strong></span> <span class='ocrx_word' id='word_1_689' title='bbox 2319 4748 2588 4813; x_wconf 74' lang='grc' dir='ltr'><strong>εὔτεκνοι,</strong></span> <span class='ocrx_word' id='word_1_690' title='bbox 2620 4749 2694 4820; x_wconf 83' lang='grc' dir='ltr'><strong>μὴ</strong></span> <span class='ocrx_word' id='word_1_691' title='bbox 2727 4749 3131 4820; x_wconf 80' lang='grc' dir='ltr'><strong>κατεπαίρεσθε</strong></span> <span class='ocrx_word' id='word_1_692' title='bbox 3160 4750 3531 4819; x_wconf 71' lang='grc' dir='ltr'><strong>ἀπραγμόνως</strong></span> <span class='ocrx_word' id='word_1_693' title='bbox 3560 4744 3683 4798; x_wconf 67' lang='grc' dir='ltr'><strong>οὕτω</strong></span> 
     </span>
    </p>
   </div>
   <div class='ocr_carea' id='block_1_93' title="bbox 459 4839 1955 4916">
    <p class='ocr_par' dir='ltr' id='par_1_93' title="bbox 459 4845 1955 4916">
     <span class='ocr_line' id='line_1_93' title="bbox 459 4845 1955 4916; baseline 0.001 -20"><span class='ocrx_word' id='word_1_694' title='bbox 459 4859 553 4897; x_wconf 85' lang='lat' dir='ltr'><strong>eos</strong></span> <span class='ocrx_word' id='word_1_695' title='bbox 577 4845 665 4912; x_wconf 86' lang='lat' dir='ltr'><strong>qui</strong></span> <span class='ocrx_word' id='word_1_696' title='bbox 700 4845 918 4911; x_wconf 86' lang='lat' dir='ltr'><strong>quidem</strong></span> <span class='ocrx_word' id='word_1_697' title='bbox 945 4846 1070 4897; x_wconf 88' lang='lat' dir='ltr'><strong>boni</strong></span> <span class='ocrx_word' id='word_1_698' title='bbox 1113 4854 1264 4909; x_wconf 89' lang='lat' dir='ltr'><strong>sunt,</strong></span> <span class='ocrx_word' id='word_1_699' title='bbox 1303 4845 1400 4900; x_wconf 90' lang='lat' dir='ltr'><strong>sed</strong></span> <span class='ocrx_word' id='word_1_700' title='bbox 1422 4846 1659 4900; x_wconf 87' lang='lat' dir='ltr'><strong>orbitate</strong></span> <span class='ocrx_word' id='word_1_701' title='bbox 1687 4845 1955 4916; x_wconf 78' lang='lat' dir='ltr'><strong>amigumt</strong></span> 
     </span>
    </p>
   </div>
   <div class='ocr_carea' id='block_1_94' title="bbox 2192 4839 3688 4916">
    <p class='ocr_par' dir='ltr' id='par_1_94' title="bbox 2192 4839 3688 4913">
     <span class='ocr_line' id='line_1_94' title="bbox 2192 4839 3688 4913; baseline -0.019 0"><span class='ocrx_word' id='word_1_702' title='bbox 2192 4842 2240 4894; x_wconf 60' lang='grc' dir='ltr'><strong>δν</strong></span> <span class='ocrx_word' id='word_1_703' title='bbox 2293 4843 2546 4913; x_wconf 74' lang='grc' dir='ltr'><strong>φανερῶς</strong></span> <span class='ocrx_word' id='word_1_704' title='bbox 2596 4840 2694 4911; x_wconf 78' lang='grc' dir='ltr'><strong>μὲν</strong></span> <span class='ocrx_word' id='word_1_705' title='bbox 2744 4842 2984 4910; x_wconf 76' lang='grc' dir='ltr'><strong>ἀγαθῶν,</strong></span> <span class='ocrx_word' id='word_1_706' title='bbox 3020 4843 3481 4911; x_wconf 70' lang='grc' dir='ltr'><strong>δυσπραγοῦντων</strong></span> <span class='ocrx_word' id='word_1_707' title='bbox 3507 4841 3556 4893; x_wconf 83' lang='grc' dir='ltr'><strong>δὲ</strong></span> <span class='ocrx_word' id='word_1_708' title='bbox 3581 4839 3688 4889; x_wconf 80' lang='grc' dir='ltr'><strong>ἀτεο</strong></span> 
     </span>
    </p>
   </div>
   <div class='ocr_carea' id='block_1_95' title="bbox 462 4931 1958 5004">
    <p class='ocr_par' dir='ltr' id='par_1_95' title="bbox 462 4934 1956 5001">
     <span class='ocr_line' id='line_1_95' title="bbox 462 4934 1956 5001; baseline 0.003 -17"><span class='ocrx_word' id='word_1_709' title='bbox 462 4950 550 4996; x_wconf 86' lang='lat' dir='ltr'><strong>ne,</strong></span> <span class='ocrx_word' id='word_1_710' title='bbox 588 4944 876 5001; x_wconf 82' lang='lat' dir='ltr'><strong>postquam</strong></span> <span class='ocrx_word' id='word_1_711' title='bbox 919 4934 1180 5001; x_wconf 83' lang='lat' dir='ltr'><strong>Spiritum</strong></span> <span class='ocrx_word' id='word_1_712' title='bbox 1249 4946 1511 4990; x_wconf 88' lang='lat' dir='ltr'><strong>sanctum</strong></span> <span class='ocrx_word' id='word_1_713' title='bbox 1553 4936 1956 4990; x_wconf 90' lang='lat' dir='ltr'><strong>contristaverit</strong></span> 
     </span>
    </p>
   </div>
   <div class='ocr_carea' id='block_1_96' title="bbox 2191 4931 3687 5004">
    <p class='ocr_par' dir='ltr' id='par_1_96' title="bbox 2191 4931 3687 5004">
     <span class='ocr_line' id='line_1_96' title="bbox 2191 4931 3687 5004; baseline 0.001 -22"><span class='ocrx_word' id='word_1_714' title='bbox 2191 4934 2310 4999; x_wconf 71' lang='grc' dir='ltr'><strong>μίαν,</strong></span> <span class='ocrx_word' id='word_1_715' title='bbox 2332 4935 2417 4987; x_wconf 82' lang='grc' dir='ltr'><strong>ἵνα</strong></span> <span class='ocrx_word' id='word_1_716' title='bbox 2437 4935 2532 5004; x_wconf 80' lang='grc' dir='ltr'><strong>μὴ,</strong></span> <span class='ocrx_word' id='word_1_717' title='bbox 2553 4935 2614 4986; x_wconf 82' lang='grc' dir='ltr'><strong>τὸ</strong></span> <span class='ocrx_word' id='word_1_718' title='bbox 2640 4931 2867 5003; x_wconf 78' lang='grc' dir='ltr'><strong>Πνεῦμα</strong></span> <span class='ocrx_word' id='word_1_719' title='bbox 2893 4935 2954 4987; x_wconf 79' lang='grc' dir='ltr'><strong>τὸ</strong></span> <span class='ocrx_word' id='word_1_720' title='bbox 2981 4935 3135 5002; x_wconf 75' lang='grc' dir='ltr'><strong>ἅγιον</strong></span> <span class='ocrx_word' id='word_1_721' title='bbox 3163 4935 3310 5004; x_wconf 77' lang='grc' dir='ltr'><strong>λυπή</strong></span> <span class='ocrx_word' id='word_1_722' title='bbox 3322 4951 3527 4996; x_wconf 75' lang='grc' dir='ltr'><strong>σαντες,</strong></span> <span class='ocrx_word' id='word_1_723' title='bbox 3546 4944 3687 4999; x_wconf 72' lang='grc' dir='ltr'><strong>μετα·</strong></span> 
     </span>
    </p>
   </div>
   <div class='ocr_carea' id='block_1_97' title="bbox 3691 1424 3704 1466">
    <p class='ocr_par' dir='ltr' id='par_1_97' title="bbox 3691 1424 3704 1466">
     <span class='ocr_line' id='line_1_97' title="bbox 3691 1424 3704 1466; baseline 0 0"><span class='ocrx_word' id='word_1_724' title='bbox 3691 1424 3704 1466; x_wconf 93' lang='grc' dir='ltr'><strong>ι</strong></span> 
     </span>
    </p>
   </div>
   <div class='ocr_carea' id='block_1_98' title="bbox 463 5015 1959 5094">
    <p class='ocr_par' dir='ltr' id='par_1_98' title="bbox 463 5023 1959 5093">
     <span class='ocr_line' id='line_1_98' title="bbox 463 5023 1959 5093; baseline 0.003 -19"><span class='ocrx_word' id='word_1_725' title='bbox 463 5025 812 5076; x_wconf 88' lang='lat' dir='ltr'><strong>mntationem</strong></span> <span class='ocrx_word' id='word_1_726' title='bbox 845 5023 899 5074; x_wconf 92' lang='lat' dir='ltr'><strong>in</strong></span> <span class='ocrx_word' id='word_1_727' title='bbox 937 5023 1021 5076; x_wconf 88' lang='lat' dir='ltr'><strong>his</strong></span> <span class='ocrx_word' id='word_1_728' title='bbox 1048 5039 1168 5092; x_wconf 69' lang='lat' dir='ltr'><strong>qua:</strong></span> <span class='ocrx_word' id='word_1_729' title='bbox 1199 5035 1328 5079; x_wconf 87' lang='lat' dir='ltr'><strong>sunt</strong></span> <span class='ocrx_word' id='word_1_730' title='bbox 1353 5028 1419 5079; x_wconf 85' lang='lat' dir='ltr'><strong>ad</strong></span> <span class='ocrx_word' id='word_1_731' title='bbox 1451 5040 1546 5080; x_wconf 80' lang='lat' dir='ltr'><strong>vos</strong></span> <span class='ocrx_word' id='word_1_732' title='bbox 1565 5026 1842 5090; x_wconf 89' lang='lat' dir='ltr'><strong>sentiatis,</strong></span> <span class='ocrx_word' id='word_1_733' title='bbox 1874 5039 1959 5093; x_wconf 73' lang='grc' dir='ltr'><strong>ρι’(</strong></span> 
     </span>
    </p>
   </div>
   <div class='ocr_carea' id='block_1_99' title="bbox 2189 5015 3685 5094">
    <p class='ocr_par' dir='ltr' id='par_1_99' title="bbox 2189 5015 3685 5094">
     <span class='ocr_line' id='line_1_99' title="bbox 2189 5015 3685 5094; baseline -0.005 -19"><span class='ocrx_word' id='word_1_734' title='bbox 2189 5024 2403 5094; x_wconf 71' lang='grc' dir='ltr'><strong>πρέψητε</strong></span> <span class='ocrx_word' id='word_1_735' title='bbox 2435 5026 2500 5076; x_wconf 79' lang='grc' dir='ltr'><strong>τὰ</strong></span> <span class='ocrx_word' id='word_1_736' title='bbox 2547 5023 2667 5077; x_wconf 90' lang='grc' dir='ltr'><strong>καθ’</strong></span> <span class='ocrx_word' id='word_1_737' title='bbox 2702 5024 2866 5092; x_wconf 73' lang='grc' dir='ltr'><strong>ὑμᾶς,</strong></span> <span class='ocrx_word' id='word_1_738' title='bbox 2903 5022 2979 5087; x_wconf 80' lang='grc' dir='ltr'><strong>ὡς</strong></span> <span class='ocrx_word' id='word_1_739' title='bbox 3013 5027 3040 5077; x_wconf 81' lang='grc' dir='ltr'><strong>ό</strong></span> <span class='ocrx_word' id='word_1_740' title='bbox 3061 5024 3192 5086; x_wconf 83' lang='grc' dir='ltr'><strong>Θεὸς</strong></span> <span class='ocrx_word' id='word_1_741' title='bbox 3240 5025 3530 5092; x_wconf 77' lang='grc' dir='ltr'><strong>διακρινεῖ,</strong></span> <span class='ocrx_word' id='word_1_742' title='bbox 3558 5015 3685 5071; x_wconf 82' lang='grc' dir='ltr'><strong>ὁκαί</strong></span> 
     </span>
    </p>
   </div>
   <div class='ocr_carea' id='block_1_100' title="bbox 459 5107 1955 5186">
    <p class='ocr_par' dir='ltr' id='par_1_100' title="bbox 459 5110 1955 5181">
     <span class='ocr_line' id='line_1_100' title="bbox 459 5110 1955 5181; baseline 0.006 -22"><span class='ocrx_word' id='word_1_743' title='bbox 459 5111 723 5178; x_wconf 58' lang='lat' dir='ltr'><strong>indicabit</strong></span> <span class='ocrx_word' id='word_1_744' title='bbox 756 5110 923 5175; x_wconf 85' lang='lat' dir='ltr'><strong>Deus,</strong></span> <span class='ocrx_word' id='word_1_745' title='bbox 969 5114 1061 5180; x_wconf 88' lang='lat' dir='ltr'><strong>qui</strong></span> <span class='ocrx_word' id='word_1_746' title='bbox 1098 5115 1299 5181; x_wconf 89' lang='lat' dir='ltr'><strong>prolem</strong></span> <span class='ocrx_word' id='word_1_747' title='bbox 1326 5115 1417 5169; x_wconf 93' lang='lat' dir='ltr'><strong>dat</strong></span> <span class='ocrx_word' id='word_1_748' title='bbox 1447 5124 1500 5170; x_wconf 89' lang='lat' dir='ltr'><strong>et</strong></span> <span class='ocrx_word' id='word_1_749' title='bbox 1532 5115 1728 5170; x_wconf 83' lang='lat' dir='ltr'><strong>aufert.</strong></span> <span class='ocrx_word' id='word_1_750' title='bbox 1767 5110 1955 5170; x_wconf 83' lang='lat' dir='ltr'><strong>Memet</strong></span> 
     </span>
    </p>
   </div>
   <div class='ocr_carea' id='block_1_101' title="bbox 2189 5107 3685 5186">
    <p class='ocr_par' dir='ltr' id='par_1_101' title="bbox 2191 5107 3685 5186">
     <span class='ocr_line' id='line_1_101' title="bbox 2191 5107 3685 5186; baseline -0.002 -18"><span class='ocrx_word' id='word_1_751' title='bbox 2191 5116 2314 5177; x_wconf 85' lang='grc' dir='ltr'><strong>δοὺς</strong></span> <span class='ocrx_word' id='word_1_752' title='bbox 2356 5116 2553 5179; x_wconf 84' lang='grc' dir='ltr'><strong>παῖδας</strong></span> <span class='ocrx_word' id='word_1_753' title='bbox 2586 5115 2680 5170; x_wconf 74' lang='grc' dir='ltr'><strong>καὶ</strong></span> <span class='ocrx_word' id='word_1_754' title='bbox 2711 5116 3137 5186; x_wconf 78' lang='grc' dir='ltr'><strong>ἀφαιρούμενος.</strong></span> <span class='ocrx_word' id='word_1_755' title='bbox 3201 5117 3398 5168; x_wconf 82' lang='grc' dir='ltr'><strong>’ῐστὲον</strong></span> <span class='ocrx_word' id='word_1_756' title='bbox 3427 5115 3482 5168; x_wconf 85' lang='grc' dir='ltr'><strong>δὲ</strong></span> <span class='ocrx_word' id='word_1_757' title='bbox 3512 5111 3596 5165; x_wconf 59' lang='lat' dir='ltr'><strong>xii.</strong></span> <span class='ocrx_word' id='word_1_758' title='bbox 3621 5107 3685 5165; x_wconf 77' lang='grc' dir='ltr'><strong>ὡς</strong></span> 
     </span>
    </p>
   </div>
   <div class='ocr_carea' id='block_1_102' title="bbox 463 5201 1959 5284">
    <p class='ocr_par' dir='ltr' id='par_1_102' title="bbox 463 5203 1954 5284">
     <span class='ocr_line' id='line_1_102' title="bbox 463 5203 1954 5284; baseline 0.006 -32"><span class='ocrx_word' id='word_1_759' title='bbox 463 5211 641 5252; x_wconf 89' lang='lat' dir='ltr'><strong>autem</strong></span> <span class='ocrx_word' id='word_1_760' title='bbox 700 5203 844 5269; x_wconf 87' lang='lat' dir='ltr'><strong>quod</strong></span> <span class='ocrx_word' id='word_1_761' title='bbox 899 5218 1005 5255; x_wconf 89' lang='lat' dir='ltr'><strong>non</strong></span> <span class='ocrx_word' id='word_1_762' title='bbox 1069 5204 1291 5258; x_wconf 86' lang='lat' dir='ltr'><strong>omnino</strong></span> <span class='ocrx_word' id='word_1_763' title='bbox 1353 5208 1515 5284; x_wconf 60' lang='lat' dir='ltr'><strong>unius</strong></span> <span class='ocrx_word' id='word_1_764' title='bbox 1573 5207 1730 5261; x_wconf 72' lang='lat' dir='ltr'><strong>bonae</strong></span> <span class='ocrx_word' id='word_1_765' title='bbox 1793 5207 1954 5261; x_wconf 79' lang='lat' dir='ltr'><strong>mulic</strong></span> 
     </span>
    </p>
   </div>
   <div class='ocr_carea' id='block_1_103' title="bbox 2193 5201 3689 5284">
    <p class='ocr_par' dir='ltr' id='par_1_103' title="bbox 2193 5201 3689 5276">
     <span class='ocr_line' id='line_1_103' title="bbox 2193 5201 3689 5276; baseline -0.014 -6"><span class='ocrx_word' id='word_1_766' title='bbox 2193 5225 2240 5259; x_wconf 76' lang='grc' dir='ltr'><strong>’κ</strong></span> <span class='ocrx_word' id='word_1_767' title='bbox 2281 5205 2580 5270; x_wconf 73' lang='grc' dir='ltr'><strong>έξάπαντος</strong></span> <span class='ocrx_word' id='word_1_768' title='bbox 2611 5209 2742 5276; x_wconf 84' lang='grc' dir='ltr'><strong>μιᾶς</strong></span> <span class='ocrx_word' id='word_1_769' title='bbox 2785 5207 2997 5276; x_wconf 75' lang='grc' dir='ltr'><strong>ἀγαθῆς</strong></span> <span class='ocrx_word' id='word_1_770' title='bbox 3043 5207 3302 5276; x_wconf 83' lang='grc' dir='ltr'><strong>γυναικὸς</strong></span> <span class='ocrx_word' id='word_1_771' title='bbox 3338 5207 3494 5275; x_wconf 78' lang='grc' dir='ltr'><strong>ῦερις</strong></span> <span class='ocrx_word' id='word_1_772' title='bbox 3521 5201 3689 5255; x_wconf 71' lang='grc' dir='ltr'><strong>ἐλύπει</strong></span> 
     </span>
    </p>
   </div>
   <div class='ocr_carea' id='block_1_104' title="bbox 463 5292 1959 5370">
    <p class='ocr_par' dir='ltr' id='par_1_104' title="bbox 463 5292 1959 5357">
     <span class='ocr_line' id='line_1_104' title="bbox 463 5292 1959 5357; baseline 0.002 -11"><span class='ocrx_word' id='word_1_773' title='bbox 463 5292 660 5357; x_wconf 89' lang='lat' dir='ltr'><strong>injuria</strong></span> <span class='ocrx_word' id='word_1_774' title='bbox 694 5293 1052 5348; x_wconf 83' lang='lat' dir='ltr'><strong>contristabat</strong></span> <span class='ocrx_word' id='word_1_775' title='bbox 1078 5297 1288 5348; x_wconf 80' lang='lat' dir='ltr'><strong>Annam</strong></span> <span class='ocrx_word' id='word_1_776' title='bbox 1324 5313 1338 5353; x_wconf 90' lang='lat'><strong>:</strong></span> <span class='ocrx_word' id='word_1_777' title='bbox 1371 5298 1570 5353; x_wconf 88' lang='lat' dir='ltr'><strong>etenim</strong></span> <span class='ocrx_word' id='word_1_778' title='bbox 1615 5298 1765 5352; x_wconf 90' lang='lat' dir='ltr'><strong>illinc</strong></span> <span class='ocrx_word' id='word_1_779' title='bbox 1815 5299 1959 5352; x_wconf 74' lang='lat' dir='ltr'><strong>denu</strong></span> 
     </span>
    </p>
   </div>
   <div class='ocr_carea' id='block_1_105' title="bbox 2196 5292 3692 5370">
    <p class='ocr_par' dir='ltr' id='par_1_105' title="bbox 2196 5293 3692 5370">
     <span class='ocr_line' id='line_1_105' title="bbox 2196 5293 3692 5370; baseline 0.005 -21"><span class='ocrx_word' id='word_1_780' title='bbox 2196 5316 2238 5365; x_wconf 73' lang='grc' dir='ltr'><strong>ιν</strong></span> <span class='ocrx_word' id='word_1_781' title='bbox 2271 5300 2490 5364; x_wconf 81' lang='grc' dir='ltr'><strong>Ἀνναν,</strong></span> <span class='ocrx_word' id='word_1_782' title='bbox 2519 5299 2652 5351; x_wconf 68' lang='grc' dir='ltr'><strong>ἀλλὰ</strong></span> <span class='ocrx_word' id='word_1_783' title='bbox 2680 5300 2712 5370; x_wconf 78' lang='grc' dir='ltr'>ἢ</span> <span class='ocrx_word' id='word_1_784' title='bbox 2748 5301 2810 5351; x_wconf 83' lang='grc' dir='ltr'><strong>ὲκ</strong></span> <span class='ocrx_word' id='word_1_785' title='bbox 2837 5300 3039 5368; x_wconf 86' lang='grc' dir='ltr'><strong>μέρους</strong></span> <span class='ocrx_word' id='word_1_786' title='bbox 3066 5301 3281 5369; x_wconf 78' lang='grc' dir='ltr'><strong>ἐκείνης</strong></span> <span class='ocrx_word' id='word_1_787' title='bbox 3326 5301 3422 5353; x_wconf 73' lang='grc' dir='ltr'><strong>καὶ</strong></span> <span class='ocrx_word' id='word_1_788' title='bbox 3453 5297 3584 5353; x_wconf 80' lang='grc' dir='ltr'><strong>ἄλλα</strong></span> <span class='ocrx_word' id='word_1_789' title='bbox 3612 5293 3692 5356; x_wconf 66' lang='grc' dir='ltr'><strong>δι’</strong></span> 
     </span>
    </p>
   </div>
   <div class='ocr_carea' id='block_1_106' title="bbox 462 5381 1958 5462">
    <p class='ocr_par' dir='ltr' id='par_1_106' title="bbox 462 5384 1958 5454">
     <span class='ocr_line' id='line_1_106' title="bbox 462 5384 1958 5454; baseline 0.004 -18"><span class='ocrx_word' id='word_1_790' title='bbox 462 5392 701 5436; x_wconf 78' lang='lat' dir='ltr'><strong>Strantur</strong></span> <span class='ocrx_word' id='word_1_791' title='bbox 728 5384 868 5448; x_wconf 81' lang='lat' dir='ltr'><strong>aliae,</strong></span> <span class='ocrx_word' id='word_1_792' title='bbox 903 5400 1001 5438; x_wconf 89' lang='lat' dir='ltr'><strong>nec</strong></span> <span class='ocrx_word' id='word_1_793' title='bbox 1027 5401 1121 5454; x_wconf 89' lang='lat' dir='ltr'><strong>per</strong></span> <span class='ocrx_word' id='word_1_794' title='bbox 1143 5385 1300 5440; x_wconf 88' lang='lat' dir='ltr'><strong>istam</strong></span> <span class='ocrx_word' id='word_1_795' title='bbox 1325 5389 1496 5442; x_wconf 89' lang='lat' dir='ltr'><strong>solum</strong></span> <span class='ocrx_word' id='word_1_796' title='bbox 1524 5389 1806 5445; x_wconf 89' lang='lat' dir='ltr'><strong>molestari</strong></span> <span class='ocrx_word' id='word_1_797' title='bbox 1835 5389 1958 5443; x_wconf 74' lang='lat' dir='ltr'><strong>dicit</strong></span> 
     </span>
    </p>
   </div>
   <div class='ocr_carea' id='block_1_107' title="bbox 2190 5381 3686 5462">
    <p class='ocr_par' dir='ltr' id='par_1_107' title="bbox 2190 5381 3686 5462">
     <span class='ocr_line' id='line_1_107' title="bbox 2190 5381 3686 5462; baseline 0.005 -23"><span class='ocrx_word' id='word_1_798' title='bbox 2190 5387 2356 5442; x_wconf 70' lang='grc' dir='ltr'><strong>οῦνται</strong></span> <span class='ocrx_word' id='word_1_799' title='bbox 2387 5391 2675 5460; x_wconf 83' lang='grc' dir='ltr'><strong>πρόσωπα,</strong></span> <span class='ocrx_word' id='word_1_800' title='bbox 2715 5391 2746 5458; x_wconf 84' lang='grc' dir='ltr'>ἢ</span> <span class='ocrx_word' id='word_1_801' title='bbox 2773 5391 2844 5444; x_wconf 86' lang='grc' dir='ltr'><strong>δι’</strong></span> <span class='ocrx_word' id='word_1_802' title='bbox 2887 5392 3100 5460; x_wconf 77' lang='grc' dir='ltr'><strong>ἐκείνην</strong></span> <span class='ocrx_word' id='word_1_803' title='bbox 3127 5392 3226 5462; x_wconf 77' lang='grc' dir='ltr'><strong>τὴν</strong></span> <span class='ocrx_word' id='word_1_804' title='bbox 3261 5391 3392 5461; x_wconf 76' lang='grc' dir='ltr'><strong>μίαν</strong></span> <span class='ocrx_word' id='word_1_805' title='bbox 3425 5381 3686 5457; x_wconf 67' lang='grc' dir='ltr'><strong>λέγεταιῆ</strong></span> 
     </span>
    </p>
   </div>
   <div class='ocr_carea' id='block_1_108' title="bbox 464 5474 1960 5554">
    <p class='ocr_par' dir='ltr' id='par_1_108' title="bbox 464 5474 1960 5550">
     <span class='ocr_line' id='line_1_108' title="bbox 464 5474 1960 5550; baseline 0.007 -26"><span class='ocrx_word' id='word_1_806' title='bbox 464 5474 842 5544; x_wconf 87' lang='lat' dir='ltr'><strong>prophetissa,</strong></span> <span class='ocrx_word' id='word_1_807' title='bbox 903 5475 1168 5545; x_wconf 89' lang='lat' dir='ltr'><strong>siquidem</strong></span> <span class='ocrx_word' id='word_1_808' title='bbox 1221 5479 1402 5533; x_wconf 69' lang='lat' dir='ltr'><strong>multa:</strong></span> <span class='ocrx_word' id='word_1_809' title='bbox 1473 5481 1522 5534; x_wconf 91' lang='lat' dir='ltr'><strong>ei</strong></span> <span class='ocrx_word' id='word_1_810' title='bbox 1583 5482 1960 5550; x_wconf 79' lang='lat' dir='ltr'><strong>exprobraban</strong></span> 
     </span>
    </p>
   </div>
   <div class='ocr_carea' id='block_1_109' title="bbox 2190 5474 3686 5554">
    <p class='ocr_par' dir='ltr' id='par_1_109' title="bbox 2190 5474 3686 5554">
     <span class='ocr_line' id='line_1_109' title="bbox 2190 5474 3686 5554; baseline -0.002 -21"><span class='ocrx_word' id='word_1_811' title='bbox 2190 5483 2408 5550; x_wconf 79' lang='grc' dir='ltr'><strong>ροφῆτις</strong></span> <span class='ocrx_word' id='word_1_812' title='bbox 2441 5482 2808 5552; x_wconf 68' lang='grc' dir='ltr'><strong>βαρύνεσθαι,</strong></span> <span class='ocrx_word' id='word_1_813' title='bbox 2833 5482 2907 5544; x_wconf 86' lang='grc' dir='ltr'><strong>ὼς</strong></span> <span class='ocrx_word' id='word_1_814' title='bbox 2942 5483 3154 5536; x_wconf 78' lang='grc' dir='ltr'><strong>πολλῶν</strong></span> <span class='ocrx_word' id='word_1_815' title='bbox 3187 5484 3574 5554; x_wconf 79' lang='grc' dir='ltr'><strong>προφερόντων</strong></span> <span class='ocrx_word' id='word_1_816' title='bbox 3622 5474 3686 5529; x_wconf 74' lang='grc' dir='ltr'><strong>εἷς</strong></span> 
     </span>
    </p>
   </div>
   <div class='ocr_carea' id='block_1_110' title="bbox 465 5561 1961 5644">
    <p class='ocr_par' dir='ltr' id='par_1_110' title="bbox 465 5561 1961 5642">
     <span class='ocr_line' id='line_1_110' title="bbox 465 5561 1961 5642; baseline 0.009 -29"><span class='ocrx_word' id='word_1_817' title='bbox 465 5561 768 5618; x_wconf 69' lang='grc' dir='ltr'><strong>Ριιριιειιηω</strong></span> <span class='ocrx_word' id='word_1_818' title='bbox 805 5563 1213 5634; x_wconf 87' lang='lat' dir='ltr'><strong>fecunditatem,</strong></span> <span class='ocrx_word' id='word_1_819' title='bbox 1242 5566 1487 5625; x_wconf 90' lang='lat' dir='ltr'><strong>dicentes</strong></span> <span class='ocrx_word' id='word_1_820' title='bbox 1519 5578 1748 5623; x_wconf 89' lang='lat' dir='ltr'><strong>matrem</strong></span> <span class='ocrx_word' id='word_1_821' title='bbox 1778 5579 1832 5625; x_wconf 90' lang='lat' dir='ltr'><strong>et</strong></span> <span class='ocrx_word' id='word_1_822' title='bbox 1859 5572 1961 5642; x_wconf 64' lang='lat' dir='ltr'><strong>ipsa</strong></span> 
     </span>
    </p>
   </div>
   <div class='ocr_carea' id='block_1_111' title="bbox 2195 5561 3691 5644">
    <p class='ocr_par' dir='ltr' id='par_1_111' title="bbox 2195 5568 3691 5644">
     <span class='ocr_line' id='line_1_111' title="bbox 2195 5568 3691 5644; baseline 0 -20"><span class='ocrx_word' id='word_1_823' title='bbox 2195 5572 2440 5642; x_wconf 57' lang='grc' dir='ltr'><strong>πειδισμὸν</strong></span> <span class='ocrx_word' id='word_1_824' title='bbox 2471 5575 2608 5643; x_wconf 80' lang='grc' dir='ltr'><strong>αὐτῇ</strong></span> <span class='ocrx_word' id='word_1_825' title='bbox 2657 5575 2718 5627; x_wconf 81' lang='grc' dir='ltr'><strong>τὸ</strong></span> <span class='ocrx_word' id='word_1_826' title='bbox 2757 5578 2854 5644; x_wconf 80' lang='grc' dir='ltr'><strong>τῆς</strong></span> <span class='ocrx_word' id='word_1_827' title='bbox 2881 5576 3152 5644; x_wconf 79' lang='grc' dir='ltr'><strong>Φενάννης</strong></span> <span class='ocrx_word' id='word_1_828' title='bbox 3199 5571 3478 5639; x_wconf 73' lang='grc' dir='ltr'><strong>εὔτεκνον,</strong></span> <span class='ocrx_word' id='word_1_829' title='bbox 3509 5571 3600 5625; x_wconf 73' lang='grc' dir='ltr'><strong>καὶ</strong></span> <span class='ocrx_word' id='word_1_830' title='bbox 3621 5568 3691 5616; x_wconf 75' lang='grc' dir='ltr'><strong>λε·</strong></span> 
     </span>
    </p>
   </div>
   <div class='ocr_carea' id='block_1_112' title="bbox 465 5648 1961 5736">
    <p class='ocr_par' dir='ltr' id='par_1_112' title="bbox 465 5653 1783 5728">
     <span class='ocr_line' id='line_1_112' title="bbox 465 5653 1783 5728; baseline 0.008 -23"><span class='ocrx_word' id='word_1_831' title='bbox 465 5653 698 5710; x_wconf 86' lang='lat' dir='ltr'><strong>futuram</strong></span> <span class='ocrx_word' id='word_1_832' title='bbox 723 5656 912 5726; x_wconf 85' lang='lat' dir='ltr'><strong>fuisse,</strong></span> <span class='ocrx_word' id='word_1_833' title='bbox 943 5659 988 5715; x_wconf 89' lang='lat' dir='ltr'><strong>si</strong></span> <span class='ocrx_word' id='word_1_834' title='bbox 1012 5657 1108 5714; x_wconf 84' lang='lat' dir='ltr'><strong>Dei</strong></span> <span class='ocrx_word' id='word_1_835' title='bbox 1136 5674 1312 5724; x_wconf 80' lang='lat' dir='ltr'><strong>serva,</strong></span> <span class='ocrx_word' id='word_1_836' title='bbox 1332 5669 1389 5715; x_wconf 90' lang='lat' dir='ltr'><strong>ut</strong></span> <span class='ocrx_word' id='word_1_837' title='bbox 1418 5660 1542 5728; x_wconf 86' lang='lat' dir='ltr'><strong>ista,</strong></span> <span class='ocrx_word' id='word_1_838' title='bbox 1571 5661 1783 5718; x_wconf 90' lang='lat' dir='ltr'><strong>fuisset.</strong></span> 
     </span>
    </p>
   </div>
   <div class='ocr_carea' id='block_1_113' title="bbox 2196 5648 3692 5736">
    <p class='ocr_par' dir='ltr' id='par_1_113' title="bbox 2196 5651 3692 5736">
     <span class='ocr_line' id='line_1_113' title="bbox 2196 5651 3692 5736; baseline 0.007 -22"><span class='ocrx_word' id='word_1_839' title='bbox 2196 5663 2348 5716; x_wconf 72' lang='lat' dir='ltr'><strong>ivnev</strong></span> <span class='ocrx_word' id='word_1_840' title='bbox 2384 5665 2596 5734; x_wconf 82' lang='grc' dir='ltr'><strong>μητέρα</strong></span> <span class='ocrx_word' id='word_1_841' title='bbox 2631 5668 2727 5717; x_wconf 75' lang='grc' dir='ltr'><strong>καὶ</strong></span> <span class='ocrx_word' id='word_1_842' title='bbox 2781 5667 2950 5734; x_wconf 83' lang='grc' dir='ltr'><strong>αὐτὴν</strong></span> <span class='ocrx_word' id='word_1_843' title='bbox 2995 5667 3254 5736; x_wconf 76' lang='grc' dir='ltr'><strong>γενέσθαι</strong></span> <span class='ocrx_word' id='word_1_844' title='bbox 3317 5667 3380 5721; x_wconf 80' lang='grc' dir='ltr'><strong>ἂν</strong></span> <span class='ocrx_word' id='word_1_845' title='bbox 3407 5705 3422 5732; x_wconf 84' lang='grc'><strong>,</strong></span> <span class='ocrx_word' id='word_1_846' title='bbox 3456 5662 3613 5730; x_wconf 77' lang='grc' dir='ltr'><strong>εἴπερ</strong></span> <span class='ocrx_word' id='word_1_847' title='bbox 3637 5651 3692 5724; x_wconf 67' lang='grc' dir='ltr'><strong>ἦν</strong></span> 
     </span>
    </p>
   </div>
   <div class='ocr_carea' id='block_1_114' title="bbox 1397 5753 3015 5828">
    <p class='ocr_par' dir='ltr' id='par_1_114' title="bbox 1397 5753 3015 5828">
     <span class='ocr_line' id='line_1_114' title="bbox 1397 5753 3015 5828; baseline 0.009 -29"><span class='ocrx_word' id='word_1_848' title='bbox 1397 5753 1462 5811; x_wconf 54' lang='grc' dir='ltr'>κ</span> <span class='ocrx_word' id='word_1_849' title='bbox 1801 5820 1804 5821; x_wconf 14' lang='grc' dir='ltr'><em>ν</em></span> <span class='ocrx_word' id='word_1_850' title='bbox 2143 5753 2450 5823; x_wconf 62' lang='grc' dir='ltr'><strong>θεράπαινα</strong></span> <span class='ocrx_word' id='word_1_851' title='bbox 2473 5755 2606 5808; x_wconf 81' lang='grc' dir='ltr'><strong>Θεοῦ</strong></span> <span class='ocrx_word' id='word_1_852' title='bbox 2642 5757 2760 5808; x_wconf 76' lang='grc' dir='ltr'><strong>κατ’</strong></span> <span class='ocrx_word' id='word_1_853' title='bbox 2787 5757 3015 5828; x_wconf 79' lang='grc' dir='ltr'><strong>ἐκείνην.</strong></span> 
     </span>
    </p>
   </div>
  </div>
