3966 6248
286 346 388 405 sst
443 408 452 417 _

1085 349 1168 409 ΙΝ
1203 344 1545 410 IlYMNUM
1587 345 2242 408 PENTECOSTALEM
2274 349 2739 414 DAMASCENI.

3456 345 3565 411 582

347 461 444 526 εει
473 459 547 513 Τδ
565 462 621 514 δὲ
652 466 791 532 μόνη
817 463 1108 535 προσευχὴ
1132 464 1234 533 τῆς
1275 464 1605 535 προφήτιδος
1642 462 1865 529 ὑπεξαι-

2047 463 2139 520 67.
2174 463 2286 519 Hoc
2315 474 2497 521 autem
2532 465 2649 522 sola
2718 463 3080 536 prophetissae
3143 464 3410 535 precatio,
3480 481 3568 521 se-

274 569 361 623 ρει
386 554 494 608 τῶν
535 554 712 609 ἄλλων
745 555 906 610 θείων
930 557 1263 629 προσφορῶν
1287 556 1388 630 τὴν
1415 558 1662 628 καθαρὰν
1694 575 1869 629 προσ-

270 644 460 713 ευχὴν,
488 645 557 715 ἣν
591 648 685 699 καὶ
716 644 849 700 αὐτὸ
880 648 1136 717 σεμνύνει
1188 649 1251 701 τὸ
1290 648 1411 702 κατ’
1437 648 1609 718 αὐτὴν
1654 648 1828 717 ὄνομα
1849 661 1865 679 ⁸

271 736 410 808 εὐχὴ
442 738 551 809 γὰρ
572 737 891 809 ὠνόμασται
921 741 1076 812 παρά
1108 743 1167 795 τδ
1197 740 1290 795 τοῦ
1315 735 1409 805 εὖ,
1429 741 1599 813 ἤγουν
1625 740 1720 795 τοῦ
1746 741 1867 810 ἀρί-

276 845 427 896 στου,
451 829 719 897 ἔχεσθαι.
774 826 847 884 Εὖ
886 830 943 884 δὲ
972 830 1067 885 καὶ
1099 830 1322 902 ἄριστον
1352 833 1450 886 καὶ
1479 831 1541 885 τὸ
1564 829 1867 885 τελικώτα-

274 940 370 976 τον
392 924 451 975 ἐν
476 926 593 986 ταῖς
621 924 866 994 ἀρεταῖς,
894 924 1131 994 μάλιστα
1151 925 1205 978 δὲ
1227 927 1256 978 ὁ
1281 925 1409 988 Θεός
1433 940 1449 955 ·
1468 925 1603 997 πρὸς
1634 918 1678 992 ᾧ
1704 924 1861 993 γενό-

281 1032 442 1085 μενος
471 1018 500 1069 ό
526 1015 779 1089 θεοφιλὴς
808 1016 1100 1087 ἄνθρωπος
1145 1016 1243 1072 τοῦ
1275 1020 1618 1090 κυριωτάτου
1652 1013 1712 1072 εὖ
1747 1017 1869 1088 έκε-

274 1124 391 1172 ται,
455 1108 576 1180 ἦτοι
646 1108 742 1162 τοῦ
795 1108 933 1164 Θεοῦ
986 1112 1357 1181 προσιεμένου
1431 1109 1531 1181 τὴν
1598 1109 1864 1180 τοιαύτην

274 1199 614 1271 προσευχήν.
659 1201 863 1256 ἰστέον
919 1202 979 1256 δὲ
1032 1204 1118 1257 ὅτι
1149 1204 1211 1257 οὐ
1264 1204 1500 1259 πάντοτε
1540 1205 1622 1266 εἰς
1663 1203 1863 1257 ταυτὸν

275 1292 558 1362 σημασίας
587 1292 817 1365 ἥκουσιν
846 1295 982 1367 εὐχὴ
1011 1296 1099 1349 καὶ
1134 1296 1444 1366 προσευχή·
1480 1294 1615 1349 ἀλλά
1639 1295 1729 1349 ὅτε
1764 1296 1868 1366 μὲν

272 1383 454 1438 δέεται
480 1403 565 1450 τις
593 1385 689 1440 τοῦ
720 1386 885 1453 Θεοῦ,
917 1388 1221 1443 ἀνατείνων
1251 1389 1353 1459 τὴν
1398 1386 1578 1460 ψυχὴν
1606 1390 1687 1451 είς
1717 1389 1867 1443 ἐκεῖ·

231 1554 239 1561 ν
273 1494 366 1530 νον
397 1479 492 1532 καὶ
520 1480 723 1551 τρόπον
780 1482 910 1537 τινὰ
956 1484 1372 1554 παριστάμενος
1398 1524 1415 1549 ,
1463 1483 1637 1554 ἤγουν
1696 1484 1868 1553 ἐγγὺς

238 1570 595 1641 .ῐστάμενος,
648 1575 931 1645 προσευχή
969 1576 1087 1629 ἐστι
1133 1574 1495 1642 τδτοιοῦτον,
1554 1577 1759 1631 αὐτίκα
1810 1576 1868 1630 δὲ

273 1666 375 1720 καὶ
417 1666 552 1737 εὐχή
578 1682 596 1701 ο
652 1667 742 1721 ὅτε
784 1667 843 1722 δὲ
875 1668 1230 1739 ἀναπολήσας
1276 1669 1461 1738 ἀγαθὰ
1498 1670 1568 1724 τά
1620 1672 1686 1724 ἐκ
1729 1669 1864 1725 Θεοῦ

274 1758 623 1829 ὑπισχνεῖται
649 1759 796 1833 ἅπερ
825 1761 1103 1834 ἐναρέτως
1133 1762 1309 1817 ἐθέλει
1345 1762 1427 1826 ὡς
1456 1765 1537 1827 είς
1566 1764 1863 1832 ἀντίδοσιν,

1975 562 2165 625 gregat
2205 556 2273 610 ab
2303 555 2428 611 aliis
2453 555 2658 609 divinis
2688 554 3065 610 oblationibus
3123 569 3317 622 puram
3375 568 3566 624 preca-

1977 643 2206 709 tionem,
2238 660 2401 714 quam
2456 645 2634 714 ipSttm
2688 646 2807 716 ejus
2863 660 3059 700 nomen
3118 655 3368 700 exornat.
3420 645 3570 715 Εύχὴ

1976 748 2215 803 namque
2282 743 2365 789 est
2419 743 2612 788 vocata
2674 734 2742 789 ab
2797 731 2857 787 εῦ
2909 733 3153 803 ἔχεσθαι.
3200 732 3312 787 Hoc
3380 741 3567 787 autent

1972 836 2058 881 est
2121 826 2258 881 bene
2320 835 2374 881 et
2426 827 2696 896 optimum
2755 826 2810 882 in
2867 827 3186 890 virtutibus,
3224 834 3280 881 ct
3326 827 3566 881 maxime

1975 917 2118 973 Deus
2159 935 2173 972 :
2204 918 2349 988 apud
2376 935 2537 990 quem
2556 919 2737 974 factus
2770 919 2937 974 homo
2967 920 3115 988 pius,
3151 918 3291 975 bene
3328 919 3570 974 adhaeret

1973 1012 2455 1079 praestantissimo,
2483 1014 2600 1068 sive
2624 1010 2759 1077 Deo,
2792 1012 2884 1081 qni
2952 1012 3112 1067 talem
3169 1012 3410 1068 admittit
3446 1027 3569 1082 pre-

1972 1102 2268 1156 cationem.
2301 1100 2598 1157 Sciendum
2636 1113 2722 1157 est
2750 1110 2934 1158 autem
2980 1118 3093 1157 non
3156 1119 3383 1173 prorsus
3420 1102 3566 1159 idem

1972 1192 2281 1263 signiﬁcare
2337 1194 2472 1265 εὐχὴ
2514 1205 2568 1250 et
2627 1194 3097 1266 προσευχή.(]υηι
3149 1197 3349 1266 aliquis
3401 1194 3571 1249 Deum

1971 1285 2290 1354 suppliciter
2316 1296 2493 1356 rogat,
2520 1286 2759 1344 animam
2793 1289 2858 1341 ad
2882 1287 3039 1341 illttm
3078 1286 3273 1341 tollens
3299 1296 3354 1340 et
3384 1287 3571 1356 aliquo

1972 1381 2134 1434 modo
2162 1388 2289 1434 ante
2323 1377 2519 1436 faciem
2567 1380 2741 1450 ipsius
2777 1390 2954 1445 stans,
2988 1381 3093 1434 hoc
3141 1390 3225 1435 est
3267 1381 3573 1450 προσευχὴ,

1972 1467 2067 1523 sed
2101 1467 2266 1523 simul
2296 1469 2464 1523 etiam
2492 1470 2657 1542 εὐχή.
2686 1470 2825 1526 Cum
2862 1479 3046 1526 autem
3098 1470 3283 1525 divina
3350 1471 3566 1540 recogi-

1972 1570 2096 1618 tans
2129 1562 2272 1618 bona
2308 1563 2600 1633 pollicetur
2631 1579 2693 1619 ea
2721 1580 2846 1633 quae
2892 1563 2999 1619 sibi
3032 1563 3289 1634 proponit
3317 1563 3372 1618 in
3402 1564 3568 1616 retri-

1970 1652 2273 1721 butionem,
2308 1664 2437 1711 tunc
2466 1666 2650 1711 votum
2677 1654 2888 1728 (εὐχὴν)
2921 1654 3088 1723 facit;
3112 1657 3337 1727 jamque
3355 1670 3466 1711 non
3486 1662 3572 1710 est

1971 1745 2204 1816 simplex
2233 1746 2543 1818 προσευχὴ,
2574 1749 2671 1803 sed
2705 1749 2796 1803 illa
2830 1764 2953 1819 qua:
3005 1752 3373 1804 communiter
3433 1748 3572 1803 dici-

274 1850 403 1905 τότε
434 1850 656 1922 εὔχεται
691 1852 792 1922 μὲν
821 1853 917 1907 καὶ
950 1854 1119 1926 εὐχὴν
1152 1857 1413 1920 ποιεῖται,
1444 1856 1506 1908 ού
1536 1855 1644 1926 μὴν
1676 1854 1863 1920 ἀπλῶς

1981 1846 2060 1894 tur
2086 1842 2407 1910 promissio,
2452 1857 2577 1897 sese
2612 1843 3019 1912 quodammodo
3081 1842 3322 1914 jungens
3375 1856 3570 1913 preca-

278 1942 617 2014 προσευχὴν,
666 1943 804 1999 ἀλλά
833 1946 934 2019 τὴν
965 1944 1110 2000 οὔτω
1140 1945 1341 2010 κοινῶς
1391 1945 1705 2018 λεγομένην
1733 1947 1866 2002 ὑπό-

277 2049 488 2104 σχεσιν,
522 2036 849 2107 ἐγγίζουσάν
887 2056 1005 2103 πως
1067 2042 1162 2094 καὶ
1212 2038 1388 2111 αὐτὴν
1440 2042 1508 2110 τῇ
1549 2043 1858 2112 προσευχῇ,

276 2129 374 2182 καὶ
412 2127 502 2184 διά
529 2129 689 2185 τοῦτο
734 2132 1041 2204 λεγομένην
1091 2132 1277 2204 εὐχήν.
1319 2133 1429 2187 Καὶ
1464 2134 1644 2197 άλλως
1678 2135 1735 2188 δὲ
1787 2136 1866 2190 εί-

280 2222 444 2285 πεῖν,
500 2222 534 2292 ή
585 2224 869 2297 προσευχὴ
921 2224 1272 2279 πλεονεκτεῖν
1322 2226 1475 2280 δοκεῖ
1522 2227 1622 2298 τὴν
1674 2229 1866 2298 εὐχήν.

282 2311 439 2381 Ἔχει
476 2311 576 2382 μὲν
604 2312 714 2385 γὰρ
751 2315 845 2368 καὶ
876 2315 939 2369 τὸ
991 2315 1207 2385 ἐκείνης
1256 2315 1317 2370 τὸ
1379 2318 1560 2370 ἆπαν⁸
1603 2317 1869 2370 ἐπέκεινα

276 2402 337 2456 δὲ
358 2402 620 2475 εὐκληρεϊ
646 2405 747 2459 καὶ
771 2404 829 2469 ιδ
861 2405 1060 2477 δηλοῦν
1087 2407 1371 2476 ἐγγύτητα
1399 2405 1488 2461 διὰ
1524 2407 1867 2478 προθέσεως,

278 2493 350 2547 δι’
374 2489 444 2567 ἧς
473 2497 733 2567 ἐμφαίνει
761 2496 837 2561 ὡς
881 2496 1020 2567 πρὸς
1046 2496 1125 2569 τῷ
1164 2497 1286 2569 Θεῷ
1320 2498 1616 2569 ἱστάμενος
1652 2501 1682 2554 ὁ
1709 2501 1867 2571 εὐχό-

284 2599 453 2654 μενος
496 2586 591 2637 καὶ
621 2584 862 2656 θαρρῶν,
894 2585 971 2650 ὡς
997 2578 1086 2641 οἷα
1117 2587 1214 2641 καὶ
1272 2590 1366 2642 ἐπὶ
1410 2589 1573 2660 φίλῳ,
1603 2590 1869 2660 ἀναφέρει

282 2676 484 2747 ἐκείνῳ
510 2675 580 2730 τά
610 2675 846 2748 βουλητά
870 2695 885 2711 ο
925 2679 984 2731 ἐν
1013 2672 1094 2741 οἷς
1125 2678 1388 2744 πολλάκις
1425 2682 1519 2734 καὶ
1559 2682 1868 2753 δωρεατική

278 2784 369 2833 τις
416 2767 706 2841 βούλησις’
740 2771 832 2823 an
874 2770 1106 2842 αύχήσοι
1158 2773 1225 2826 ἂν
1276 2771 1569 2837 ὁτοιοῦτος
1602 2773 1871 2829 εἰσελθεῖν

280 2858 346 2911 τὸ
391 2860 609 2930 ἀξίωμα
659 2859 825 2916 αὐτοῦ
862 2861 1097 2916 ἐνώπιον
1143 2863 1240 2917 τοῦ
1294 2863 1454 2930 Θεοῦ,
1518 2865 1613 2918 καὶ⁵
1654 2864 1872 2935 ἐγγίσαι

285 2951 390 3021 τὴν
421 2952 586 3005 αὐτοῦ
620 2953 807 3018 δέησιν
857 2955 1091 3008 ἐνώπιον
1125 2955 1364 3010 ἐκείνου.
1391 2956 1467 3008 Τὸ
1496 2955 1554 3009 δὲ
1594 2956 1731 3028 μόνη
1774 2957 1873 3028 οὐχ

285 3046 477 3109 ἁπλῶς
502 3045 736 3103 ἐνταῦθα
764 3048 1011 3104 τέθεικεν
1040 3053 1068 3104 ὁ
1106 3050 1345 3121 μελῳδὸς
1390 3050 1535 3122 λόγῳ
1577 3052 1745 3123 κοινῷ
1778 3054 1875 3108 καὶ

282 3138 500 3209 ἀφελεῖ,
529 3140 665 3195 ἀλλὰ
715 3141 1157 3213 φιλοσοφωτάτῳ.
1205 3143 1347 3211 Πρὸς
1386 3144 1569 3212 νόησιν
1604 3143 1713 3217 γὰρ
1742 3145 1875 3197 αὐτὸ

284 3228 396 3299 ἔφη
423 3229 553 3296 τῶν,
594 3230 669 3295 ὡς
699 3232 864 3301 φασὶν
896 3232 946 3287 0i.
979 3236 1155 3302 σοφοὶ,
1189 3232 1569 3302 συζυγούντων
1600 3237 1668 3305 τῇ
1703 3250 1876 3304 προσ-

287 3322 427 3391 ευχῇ
448 3335 463 3350 ·
504 3321 800 3392 συζυγοῦσι
841 3322 898 3377 δὲ
931 3324 1067 3396 αὐτῇ
1134 3326 1482 3397 θυμιάματα,
1509 3326 1758 3390 σπονδαὶ,
1787 3326 1882 3381 θυ-

285 3412 429 3477 σίαι,
459 3413 785 3485 ἀναθήματα
813 3416 1092 3488 πολυειδῆ.
1122 3418 1287 3488 Λέγει
1307 3414 1400 3472 οὖν
1429 3418 1512 3472 ὅτι
1542 3419 1876 3491 ἐτερατούρ-

286 3521 431 3576 τησε
471 3504 563 3559 διὰ
587 3505 685 3558 τοῦ
713 3506 851 3560 Θεοῦ
888 3509 923 3578 ἡ
954 3508 1053 3578 τῆς
1098 3509 1432 3580 προφήτιδπ
1465 3510 1772 3580 προσευχὴ,
1794 3508 1872 3563 ὀὐ

292 3595 440 3667 μετά
467 3613 614 3660 τινος
650 3594 889 3665 συζύγου
916 3597 1013 3651 καὶ
1049 3598 1335 3668 συστοίχου
1367 3598 1530 3669 αὐτῇ,
1564 3597 1699 3653 ἀλλὰ
1731 3599 1867 3669 μόνη

1973 1931 2133 1998 tioni,
2156 1942 2209 1988 et
2238 1932 2359 1989 ideo
2385 1933 2527 1990 dicta
2560 1936 2718 2007 εὐχή.
2743 1936 2882 1992 Aliis
2913 1944 3097 1991 autem
3141 1936 3346 2004 verbis,
3384 1951 3570 2007 preca-

1971 2025 2048 2078 tio
2082 2025 2297 2082 videtur
2328 2036 2591 2097 praestare
2644 2041 2815 2084 voto:
2880 2030 3044 2084 habet
3095 2028 3241 2083 enim
3293 2029 3563 2099 quidquid

1971 2113 2039 2169 ad
2082 2114 2187 2171 hoc
2222 2118 2499 2185 pertinet;
2561 2118 2660 2174 sed
2714 2120 2939 2189 inSuper
2983 2119 3213 2188 gloriam
3281 2119 3564 2175 indicandi

1972 2207 2441 2277 propinquitatem
2484 2224 2581 2278 per
2641 2210 3093 2279 praepositionem
3147 2226 3256 2280 qua
3319 2212 3567 2265 declarat

1971 2300 2113 2367 apud
2148 2299 2319 2355 Deum
2344 2301 2566 2355 adstare
2621 2300 2776 2356 iilum
2810 2302 2902 2372 qui
2953 2311 3236 2372 precatur,
3267 2311 3322 2358 et
3387 2305 3565 2358 conli-

1973 2393 2190 2449 dentem
2226 2403 2487 2465 tanquam
2512 2395 2717 2459 amico,
2767 2396 2871 2464 ipsi
2906 2393 3189 2451 desideria
3224 2378 3566 2450 (communi-

1971 2502 2119 2542 care.
2143 2489 2203 2543 In
2241 2488 2326 2543 his
2357 2487 2522 2543 etiam
2561 2504 2709 2558 saepe
2744 2489 2994 2559 quaedam
3023 2497 3107 2544 est
3141 2489 3560 2544 munerabunda

1971 2580 2265 2649 voluntas;
2302 2581 2535 2653 ideoque
2559 2583 2682 2637 talis
2714 2583 2934 2652 gloriari
2965 2593 3148 2651 posset
3206 2584 3354 2654 quod
3386 2598 3567 2639 osnunt

1973 2679 2160 2726 votum
2193 2687 2378 2728 coram
2405 2670 2518 2728 Deo
2544 2674 2715 2738 venit,
2752 2689 2852 2729 sua
2888 2673 3202 2744 deprecatio
3226 2675 3280 2730 in
3335 2690 3571 2744 conspe-

1974 2776 2119 2820 ctum
2153 2764 2276 2833 ejus
2307 2766 2656 2835 propinquat.
2692 2765 2895 2820 Vocem
2933 2776 3113 2820 autem
3167 2766 3283 2821 sola
3329 2782 3439 2821 non
3484 2768 3572 2822 hic

1974 2858 2299 2927 simpliciter
2324 2858 2609 2912 communi
2648 2858 2934 2928 tenuique,
2992 2858 3090 2913 sed
3152 2859 3567 2928 sapientissima

1973 2950 2189 3005 ratione
2223 2951 2421 3006 artifex
2463 2951 2649 3021 posuit
2684 2968 2698 3005 :
2743 2952 2815 3005 ob
2844 2952 3181 3007 intellectum
3250 2952 3397 3007 enim
3468 2954 3572 3009 hoc

1975 3041 2114 3098 dixit
2141 3058 2332 3099 eorum
2356 3061 2498 3114 quae,
2521 3046 2663 3101 sicut
2687 3046 2842 3100 aiunt
2875 3044 3204 3116 philosophi,
3228 3044 3573 3116 subjungun-

1984 3146 2070 3191 tur
2088 3137 2411 3205 precationi.
2443 3136 2867 3208 Subjunguntur
2892 3147 3075 3194 autem
3113 3139 3218 3211 ipsi
3242 3141 3478 3207 sutIitus,
3512 3142 3576 3195 li-

1989 3230 2234 3294 bamina,
2254 3229 2512 3293 victimae,
2537 3230 2765 3286 donaria
2794 3232 3028 3288 diversa.
3056 3231 3194 3288 Dicit
3228 3233 3392 3305 igitur
3424 3233 3575 3305 quod

1988 3338 2085 3392 per
2109 3322 2279 3377 Deum
2307 3323 2551 3392 prodigia
2590 3322 2718 3379 fecit
2749 3325 3114 3393 prophetissa:
3151 3326 3417 3392 precatio,
3462 3341 3572 3381 non

1984 3430 2108 3470 cum
2143 3416 2327 3487 aliquo
2349 3417 2645 3486 subjuncto
2672 3416 2757 3473 vel
2796 3418 2964 3485 aliini,
3017 3419 3112 3476 sed
3143 3418 3260 3490 ipsa
3310 3420 3429 3474 sola
3480 3434 3578 3489 per
3686 3406 3692 3411 ’

1980 3511 2153 3576 ipsam
2176 3523 2316 3577 ;qua
2332 3510 2493 3579 digne
2509 3524 2734 3580 prorsus
2765 3511 2970 3575 oblata,
2991 3512 3232 3566 salvatur
3252 3512 3437 3577 homo,
3456 3513 3552 3568 nul
3571 3540 3581 3549 -

1981 3585 2092 3655 lant
2127 3600 2333 3653 habens
2365 3600 2647 3655 inmundo
2689 3602 3043 3659 eminentiam
3068 3611 3162 3657 aut
3182 3605 3575 3673 praestantiam.

286 3692 432 3765 αὐτὴ
458 3691 583 3747 κατ’
603 3694 794 3766 αὐτὴν,
829 3692 899 3749 δι’
923 3689 990 3768 ἧς
1023 3693 1246 3757 δικαίως
1281 3696 1499 3758 πάντως
1561 3697 2000 3768 ἀναφερομένης,
2076 3695 2312 3761 σώζεται
2363 3698 2672 3767 ἄνθρωπος,
2724 3699 2997 3771 μηδεμίαν
3049 3699 3190 3771 έχων
3256 3703 3315 3753 ὲν
3382 3701 3574 3772 κόσμῳ

285 3789 607 3862 περιϐολὴν,
637 3789 815 3844 εῖτουν
846 3786 1211 3864 περιττότητα
1243 3792 1534 3863 βιωτικήν.

361 3887 555 3958 ξη’.Τὸ
581 3887 640 3941 δὲ
686 3885 800 3956 τῆς
860 3888 1231 3957 προφήτιδος
1262 3886 1491 3957 Ἀννης
1534 3889 1635 3958 τὴν
1691 3890 1757 3941 ἐκ
1783 3888 1878 3943 τοῦ

288 3978 431 4034 Θεοῦ
462 3978 571 4032 τῶν
624 3977 899 4048 γνώσεων,
936 3981 995 4033 ἐν
1032 3982 1098 4052 τῇ
1150 3980 1297 4051 ψυχῇ
1328 3983 1427 4050 τῆς
1479 3980 1640 4048 ἁγίας
1674 3981 1879 4049 γνῶσιν

288 4075 415 4143 ἦτοι
444 4071 752 4145 πρόγνωσιν
794 4073 963 4143 δηλοῖ,
990 4074 1088 4128 καὶ
1110 4074 1173 4127 τὸ
1193 4073 1400 4127 ἐκεῖθεν
1433 4071 1646 4128 εὔελπι.
1674 4073 1748 4127 Εὖ
1769 4075 1878 4143 γάρ

292 4164 470 4219 εἰδυῖα
495 4164 578 4219 ὅτι
608 4164 711 4220 κᾶν
739 4165 921 4220 ἀλυτοι
937 4159 1073 4221 ὦσιν
1101 4165 1280 4230 ἄλλως
1305 4167 1355 4221 οἱ
1379 4165 1572 4237 δεσμοὶ
1602 4167 1700 4237 τῆς
1729 4183 1875 4219 στει-

298 4261 546 4326 ρώσεως,
595 4255 746 4326 ὅμως
778 4255 1096 4314 λελύσονται
1136 4258 1301 4328 αὐτῇ,
1346 4258 1499 4312 οὐδὲν
1534 4252 1698 4329 ἧττον
1726 4258 1874 4329 ἥπερ

290 4351 362 4418 τῇ
394 4347 642 4418 μακαρίᾳ
674 4349 886 4419 Σάρρᾳ,
919 4349 969 4402 εί
1003 4348 1143 4419 μετά
1192 4350 1666 4420 συντετριμμένον
1708 4350 1875 4403 πνεύ-

296 4456 468 4509 ματος
496 4437 711 4504 εὔξεται
739 4440 820 4511 τῷ
839 4439 980 4507 Θεῷ,
1006 4440 1305 4510 πεποίηκεν
1331 4441 1475 4495 οῦτω
1497 4458 1512 4474 ο
1545 4445 1641 4498 καὶ
1663 4437 1790 4512 εὗρε
1817 4443 1878 4495 τὸ

2060 3888 2149 3944 68.
2170 3888 2285 3943 Vox
2338 3887 2674 3957 prophetissa:
2701 3887 2887 3952 Anum,
2920 3886 3064 3941 illam
3092 3886 3446 3941 scientiarum
3478 3888 3572 3944 Dei

1987 3981 2276 4035 scientiam
2300 3982 2414 4035 sive
2441 3978 2844 4047 prtescientiatn
2871 3988 2927 4034 et
2949 3979 3152 4044 exinde
3188 3981 3386 4035 bonam
3415 3996 3567 4050 spent

1988 4071 2042 4125 in
2076 4073 2263 4127 anima
2301 4080 2503 4125 sanctae
2560 4070 2843 4126 ostendit:
2903 4070 3043 4126 bene
3097 4085 3335 4142 namque
3387 4073 3572 4128 sciens

1982 4162 2289 4216 sterilitatis
2312 4161 2550 4227 vincula,
2578 4160 2705 4215 licet
2724 4159 3059 4229 insolubilia,
3094 4171 3275 4216 tamen
3313 4161 3432 4217 fore
3460 4163 3573 4218 sol--

1984 4255 2157 4310 venda
2185 4254 2312 4317 sibi,
2349 4268 2455 4306 non
2485 4253 2670 4307 minus
2696 4266 2863 4321 quam
2896 4252 3069 4308 beatre
3098 4252 3269 4319 Sam,
3334 4255 3380 4311 si
3438 4270 3565 4311 cum

1986 4347 2183 4417 spiritu
2212 4346 2450 4401 contrito
2505 4353 2821 4414 precaretur
2882 4344 3053 4399 Deum
3086 4383 3102 4409 ,
3168 4347 3241 4400 ita
3321 4347 3472 4412 fecit,
3517 4358 3574 4403 et

1988 4443 2135 4511 quod
2169 4440 2516 4496 desiderabat
2534 4442 2671 4495 citra
2722 4454 2874 4509 spem
2917 4449 3139 4509 experta
3194 4450 3299 4498 est.
3372 4441 3507 4496 Illud
3552 4459 3566 4495 :

298 4530 490 4599 ἐφετὸν
515 4530 814 4602 ἐκϐεϐηκὸς
848 4531 988 4603 αὐτῇ
1013 4532 1136 4586 κατ’
1168 4531 1383 4588 ἐλπίδα.
1409 4533 1483 4586 Τὸ
1516 4533 1572 4587 δέ
1600 4534 1874 4604 φερούσης

1987 4517 2210 4591 ferentis
2234 4533 2301 4588 ad
2340 4531 2508 4588 Deum
2541 4532 2805 4601 spiritum
2837 4534 3160 4597 contritum,
3200 4533 3382 4587 ionico
3412 4548 3565 4590 more

300 4623 523 4690 πνεῦμα
559 4624 1020 4694 συντετριμμένον
1050 4625 1190 4694 πρὸς
1214 4624 1308 4678 τὸν
1329 4625 1485 4691 Θεὸν,
1509 4625 1756 4681 διάλυσιν
1779 4629 1879 4679 πέο

300 4716 502 4771 πονθεν
537 4716 637 4786 τεῆς
688 4717 1010 4787 προσφορᾶς
1065 4717 1464 4788 ίωνικωτέρως.
1535 4718 1626 4781 Ὧς
1661 4718 1769 4787 γάρ
1819 4717 1883 4771 τὸ

298 4806 411 4869 ζῶα
450 4806 701 4876 γράφειν
727 4807 1122 4878 διαλελυμένως
1147 4807 1335 4877 ῥηθὲν,
1380 4806 1572 4862 ταυτὸν
1603 4811 1721 4862 ἐστι
1755 4825 1883 4861 συν-

299 4900 440 4969 θέτω
462 4899 541 4971 τῷ
575 4898 935 4970 (comitr,
964 4900 1109 4954 οὕτω
1149 4902 1247 4955 καὶ
1285 4901 1346 4954 τὸ
1380 4901 1572 4970 φέρειν
1620 4899 1761 4971 πρὸς
1791 4900 1885 4953 τὸν

300 4992 468 5057 δεῖνα,
526 4996 609 5056 εἰς
662 4994 776 5047 ἴσον
822 4992 1042 5064 ἔρχεται
1085 4993 1163 5063 τῷ
1221 4992 1559 5065 προσφέρειν
1591 4991 1672 5060 τῷ
1722 4993 1881 5048 δεῖνι.

300 5084 529 5154 Πνεῦμα
553 5086 612 5138 δὲ
638 5085 1108 5155 συντετριμμένον
1133 5080 1290 5138 εἶπεν
1311 5084 1371 5137 οὐ
1405 5085 1548 5137 κατά
1580 5084 1641 5136 το
1677 5099 1883 5153 σημαι-

300 5176 536 5244 νόμενον
568 5174 663 5227 τοῦ
695 5177 1165 5246 συντετριμμένον
1222 5173 1515 5246 γραφικῶς
1549 5173 1821 5243 καλάμου,
1851 5174 1885 5246 ἢ

301 5267 411 5322 τῶν
435 5265 690 5338 ψυχικῶν
714 5267 911 5332 ὀστῶν,
951 5266 988 5322 ἃ
1040 5267 1397 5337 συντριϐῆναι
1429 5265 1724 5336 ψάλλονται
1780 5268 1887 5322 ὑπὸ

308 5359 507 5430 βάρους
552 5357 792 5431 ἡδονῶν,
844 5359 981 5415 ἀλλά
1037 5358 1137 5430 τὴν
1165 5359 1651 5430 τεταπεινωμένην
1710 5359 1889 5431 ψυχὴν

308 5453 450 5508 κατά
472 5452 680 5524 ἀρετάς
698 5467 714 5484 ⁸
740 5453 831 5507 ὅτε
853 5451 1055 5523 δηλαδὴ
1085 5451 1269 5518 ἀγαθά
1292 5451 1551 5522 πράττων
1576 5451 1885 5520 ἄνθρωπος,

307 5545 369 5596 τὸ
396 5542 566 5616 μηδὲν
585 5541 782 5596 ἐαυτὸν
812 5538 952 5596 εἷναι
980 5541 1258 5611 λογίζεται
1280 5560 1294 5575 ο
1325 5541 1562 5611 ὁπηνίκα
1595 5539 1692 5595 καὶ
1740 5542 1891 5595 κάτω

309 5635 483 5690 νεύειν
518 5635 617 5689 καὶ
644 5634 1141 5704 κατακάμπτεσθαι
1199 5634 1384 5688 κλοιοῦ
1415 5635 1575 5705 δίκην
1609 5634 1828 5703 λέγεται
1854 5636 1888 5703 ἡ

308 5729 475 5802 ψυχὴ,
498 5731 595 5784 καὶ
624 5730 1051 5799 συγκεκυφέναι,
1085 5730 1161 5794 ὥς
1194 5732 1292 5784 καὶ
1321 5731 1516 5794 ἄλλους
1563 5729 1892 5800 ἐξανορθοῦν

303 5821 700 5911 ,σωτηριωὸῶῇ
760 5822 823 5877 οὐ
892 5823 1000 5894 μὴν
1061 5823 1288 5897 πάσχειν
1343 5823 1464 5878 κατ’
1530 5824 1745 5892 ἐκείνην
1790 5823 1890 5894 τὴν

1985 4625 2385 4693 εείιιηοιίοηοηι
2409 4624 2708 4679 oblationis
2744 4623 2936 4677 subiit.
2972 4624 3125 4678 Sicut
3161 4628 3328 4688 enim.
3362 4626 3571 4681 dictum

1986 4717 2304 4787 sejunctim,
2368 4714 2483 4778 ζῶα
2512 4714 2749 4785 γράφειν
2809 4713 2951 4768 idem
2994 4723 3080 4768 est
3111 4729 3176 4769 ac
3203 4717 3567 4785 compositum

1985 4806 2318 4878 ζωγραφεῖν,
2340 4805 2420 4860 sic
2434 4806 2600 4860 etiam
2622 4804 2765 4859 ferre
2811 4805 2876 4859 ad
2890 4804 3128 4874 aliquem
3161 4806 3302 4861 idem
3344 4819 3427 4863 est
3444 4824 3510 4864 ac
3525 4810 3575 4865 ci

1988 4901 2210 4957 oﬂ'erre.
2248 4897 2521 4969 Spiritum
2548 4905 2734 4953 autem
2769 4897 3074 4952 contritum
3106 4899 3245 4955 dixit
3279 4916 3384 4955 non
3420 4900 3576 4971 juxta

1986 5006 2207 5048 sensum
2237 4990 2433 5048 calami
2468 4989 2768 5059 Scripturae
2797 4989 3082 5059 confracti,
3114 4993 3196 5048 vel
3211 4995 3576 5063 spiritualium

1987 5087 2216 5149 ossium,
2246 5099 2369 5154 quae
2398 5083 2611 5137 conteri
2643 5082 2987 5152 voluptatum
3023 5086 3266 5155 pondere
3319 5088 3573 5158 psallun-

1990 5185 2102 5240 tur,
2128 5174 2224 5230 sed
2254 5171 2607 5228 humiliatatn
2634 5174 2941 5229 secundum
3003 5177 3260 5234 virtutem
3330 5180 3573 5234 animam

1989 5264 2357 5337 signiﬁcavit;
2394 5268 2541 5335 quod
2567 5265 2648 5332 lit,
2677 5281 2803 5322 cum
2840 5270 2978 5324 bene
3009 5284 3180 5341 agens
3218 5269 3410 5339 homo,
3441 5273 3580 5328 nihil

1990 5360 2341 5429 sentietipsum
2363 5373 2491 5415 esse
2506 5369 2685 5430 putat,
2725 5375 2937 5418 necnon
2963 5364 3407 5435 quotiescunque
3424 5367 3581 5421 deor-

1989 5467 2113 5509 sum
2146 5451 2418 5507 incurvari
2452 5461 2716 5524 tanquam
2747 5453 2951 5510 collare
3017 5465 3077 5511 et
3106 5456 3358 5513 inclinari
3390 5458 3572 5513 anima

1989 5543 2209 5607 dicitur,
2235 5552 2296 5598 ut
2328 5543 2465 5600 alios
2494 5545 2815 5602 salutariter
2864 5548 3058 5618 erigat,
3114 5564 3223 5604 non
3286 5559 3469 5605 tamen
3516 5559 3581 5605 ut

1992 5631 2261 5693 adiciatur
2289 5637 2431 5693 sicut
2464 5639 2556 5693 illa
2578 5640 2929 5709 quaemisere
2959 5640 3199 5706 corruit};
3257 5649 3424 5710 atque
3475 5642 3581 5697 hu-

1986 5729 2078 5799 jus
2128 5732 2200 5783 rei
2230 5730 2604 5787 manifestatio
2646 5743 2778 5788 sunt
2828 5733 3220 5803 prostrationes
3244 5738 3302 5784 et
3329 5732 3573 5800 gettuﬂe-

1994 5823 2205 5891 xiones,
2241 5823 2567 5884 humiliante
2599 5839 2659 5884 se
2689 5839 2818 5886 cum
2844 5823 3028 5882 anima
3060 5833 3314 5890 corpore.
3376 5821 3584 5883 Trans-
