3966 6248
445 373 552 434 583

1121 358 1540 423 EUSTATHII
1577 353 2029 416 THESSALON

2143 353 2334 413 ENSIS
2378 355 2949 416 ΜΕΤΠΟΡΟῌΤίΕ

3606 356 3709 421 584

445 487 565 542 latae
598 494 727 539 sunt
758 488 936 536 autem
986 478 1103 549 ipsa
1157 472 1418 531 contritio
1464 485 1531 526 ac
1586 466 1897 524 hnmiliatio
1957 466 2026 521 ab

2143 467 2323 537 »ἰκτρὰ
2356 467 2777 535 συγκύπτουσαν
2795 485 2808 498 ·
2839 468 2935 520 καὶ
2963 467 3158 521 τούτου
3190 468 3509 539 παράδειξις
3530 473 3625 524 καὶ
3652 474 3704 525 αι

445 576 735 633 arboribus
767 613 782 637 ,
808 586 1040 643 quarum
1070 567 1257 622 multa;
1288 563 1506 635 quidem
1562 561 1878 620 flectuntur,
1913 576 2021 613 non

447 684 631 739 pauca!
657 678 785 721 vero
813 660 1165 718 cremationis
1196 672 1360 711 causa
1393 654 1868 717 comminuuntur,
1923 666 2021 706 seu

449 769 702 817 teruntur
718 757 958 821 siccata;
991 751 1136 823 quod
1171 749 1335 804 etiam
1366 748 1650 817 patiuntur
1674 760 1863 800 eorum
1894 758 2021 798 ossa

450 854 539 922 qui
575 848 830 904 Davidico
862 859 1011 898 more
1033 858 1133 914 per
1169 839 1334 895 Deum
1380 836 1654 892 humiliati
1686 836 2023 904 sunt;quasi

447 952 693 1011 oporteat
726 941 779 994 in
818 939 1039 1005 hisquze
1066 936 1217 1003 juxta
1255 932 1363 985 vim
1396 931 1641 984 errantia
1678 938 1829 992 sunt,
1863 925 2025 981 fortia

444 1048 566 1090 esse
615 1028 967 1090 conterenda,
1025 1023 1284 1093 quoniam
1338 1019 1497 1074 facile
1554 1020 1916 1073 humiliantur
1969 1026 2025 1073 et

448 1123 648 1178 mollia.
680 1122 915 1176 Rursum
974 1118 1137 1186 igitur
1192 1113 1527 1183 spiritualem
1583 1114 1871 1164 sanitatem
1944 1106 2028 1162 af—

449 1213 776 1267 fectantibus
808 1208 1066 1264 interiora
1102 1220 1323 1261 necesse
1378 1214 1461 1258 est
1508 1203 1715 1258 conteri
1775 1218 1870 1271 per
1930 1202 2029 1253 ltu-

451 1306 806 1360 miliationem
835 1310 888 1356 et
914 1302 985 1354 aii
1032 1301 1244 1353 intensa
1294 1297 1554 1367 laliilique
1605 1294 1892 1349 altitudine
1932 1298 2030 1348 de-

454 1398 615 1458 mitti,
646 1405 725 1457 ut,
753 1392 1107 1447 interioribus
1160 1390 1390 1451 sanatis,
1424 1404 1489 1445 ac
1549 1390 1817 1443 restitutis
1843 1388 1895 1439 in
1933 1401 2022 1440 re-

449 1498 597 1545 ctum
630 1488 900 1541 hominem
935 1485 1275 1549 interiorem,
1344 1481 1535 1535 ﬁrmus
1590 1481 1755 1534 etiam
1817 1487 2031 1533 constet

452 1581 709 1639 exterior,
734 1578 971 1632 carnalis
997 1586 1048 1629 et
1079 1574 1403 1629 materialis.
1431 1574 1523 1627 Sic
1548 1572 1692 1626 enim
1714 1587 1838 1625 cum
1860 1572 2029 1625 arhor

453 1688 616 1727 curva
654 1676 877 1723 dextere
903 1668 1152 1737 erigitur,
1188 1666 1304 1735 ipse
1331 1677 1517 1719 cortex
1550 1664 1602 1717 in
1665 1663 1900 1717 sitmlem
1927 1663 2028 1715 ha-

452 1763 596 1817 bitus
622 1759 1001 1814 rectitudinem
1025 1757 1357 1811 extenditur.
1386 1756 1492 1811 Cor
1518 1755 1685 1825 igitur
1710 1754 2030 1817 contritum,

2126 561 2530 631 προσκυνήσεις
2557 560 2651 613 καὶ
2680 562 2735 614 αἱ
2761 561 3159 631 γονυπετήσεις
3198 566 3707 631 συνταπεινωμένου

2125 656 2191 723 τῇ
2221 651 2368 724 ψυχῇ
2401 652 2616 707 καὶτοῦ
2658 653 2954 722 σώματος’
2991 654 3089 707 καὶ
3126 655 3394 724 μετῆκται
3423 656 3455 726 ἠ
3498 674 3712 728 συντρι-

2130 746 2200 815 ϐὴ
2230 746 2369 813 αὕτη
2403 747 2499 800 καὶ
2553 748 2585 811 ἠ
2641 745 3020 817 κατάκαμψις,
3060 749 3167 800 ἀπὸ
3216 747 3401 814 φυτῶν
3435 743 3509 803 ὧν
3543 752 3711 807 πολλὰ

2132 838 2230 907 μὲν
2259 839 2623 906 κάμπτονται,
2649 837 2918 905 οὐκόλίγα
2949 837 3007 891 δὲ
3034 840 3129 890 καὶ
3157 837 3549 910 ἀποφρυγῆναι
3578 846 3712 912 φρά-

2130 945 2300 983 σαντα
2327 927 2729 998 συντρίϐονται,
2767 928 2936 999 ἤγουν
2964 930 3104 1001 ὁμοῦ
3137 930 3419 1000 τρίϐονται
3452 935 3708 1004 τειρόμε-

2129 1039 2218 1085 να,
2248 1022 2276 1074 ὃ
2307 1022 2576 1091 πάσχουσι
2598 1025 2693 1077 καὶ
2719 1024 2786 1076 τά
2813 1023 2947 1078 ὀστᾶ
2977 1024 3086 1077 τῶν
3124 1027 3425 1090 Δαυῐτικῶς
3457 1044 3712 1083 τεταπει-

2129 1116 2386 1183 νωμένων
2415 1116 2503 1171 διά
2546 1119 2638 1171 τὸν
2680 1118 2848 1172 Θεόν·
2891 1119 2967 1183 ὡς
3019 1121 3139 1174 δέον
3192 1120 3252 1174 δν
3311 1124 3385 1185 τά
3418 1127 3561 1177 κατὰ
3593 1124 3713 1194 βίαν

2133 1205 2486 1275 ἁμαρτητικᾶ
2517 1210 2815 1277 στερέμνια
2846 1208 3190 1278 θρύπτεσθαι
3215 1225 3229 1241 ·
3266 1209 3347 1276 οἷς
3373 1214 3504 1284 ῥᾷον
3530 1232 3716 1267 συντα-

2132 1298 2447 1351 πεινοῦνται
2482 1300 2573 1351 καὶ
2610 1299 2678 1352 τὰ
2711 1301 2988 1370 μαλθακά.
3027 1301 3238 1356 Οὐκοῦν
3278 1304 3557 1358 ἀνάπαλιν
3605 1311 3714 1370 τοῖς

2133 1389 2597 1460 ἑκθεραπεύουσιν
2649 1393 2879 1456 ἑαυτοὺς
2909 1395 2989 1456 είς
3041 1395 3256 1462 ὑγιείαν
3315 1402 3709 1468 πνευματικὴν,

2133 1483 2202 1534 τὰ
2230 1482 2379 1542 ἐντὸς
2410 1482 2514 1552 χρὴ
2553 1484 2858 1549 συντρίϐειν
2883 1483 2971 1536 διὰ
3003 1484 3416 1549 ταπεινώσεως,
3454 1488 3547 1540 καὶ
3578 1490 3713 1541 ὐπο-

2135 1573 2526 1637 καταϐιϐἁζειν
2582 1574 2678 1627 τεῦ
2718 1576 2945 1640 ἀτενοῦς
2995 1577 3091 1630 καὶ
3142 1579 3479 1649 ὲφαμάρτως
3509 1579 3711 1649 ὀρθίου,

2136 1664 2222 1715 ἵνα
2254 1665 2363 1717 τῶν
2392 1665 2545 1728 sub;
2575 1665 2947 1734 ὕγιασθέντων
2980 1668 3075 1720 καὶ
3109 1667 3614 1721 ἀποκαταστάντων
3638 1670 3715 1730 εἰς

2135 1756 2227 1808 τὸν
2250 1755 2426 1825 ὀρθῶς
2452 1756 2745 1827 ἄνθρωπον
2766 1759 2860 1811 τὸν
2884 1758 3057 1825 ἐντὸς,
3089 1760 3290 1829 ἀτενὴς
3310 1759 3597 1831 ἑστήξεται
3624 1761 3718 1815 καὶ

454 1853 506 1907 id
535 1861 639 1918 est,
677 1861 734 1905 ιιι
768 1849 1160 1919 interpretatur
1190 1848 1381 1913 David,
1420 1847 1673 1917 spiritum
1726 1847 2027 1900 contritum

2143 1852 2163 1902 ὁ
2195 1849 2375 1914 ἐκτὸς,
2405 1851 2435 1900 ὁ
2464 1849 2729 1917 σαρκικὸς
2773 1850 2868 1903 καὶ
2898 1828 3251 1922 δερμάτινοςέ
3278 1828 3439 1905 Οὕτω
3472 1850 3584 1920 γὰρ
3629 1851 3718 1903 καὶ

454 1961 517 2000 ac
540 1946 881 1999 lmmiliatnm
926 1944 1018 2014 qui
1051 1944 1210 2013 gerit,
1239 1942 1324 1996 his
1347 1956 1466 2010 quae
1490 1948 1620 1995 sunt
1656 1954 1686 1994 a
1743 1938 1872 2006 Deo,
1918 1954 2037 1994 non

454 2035 827 2091 frttstrabitur.

451 2133 843 2201 τετριμμένην,
875 2132 1071 2183 ταυτὸν
1102 2130 1147 2184 δ’
1178 2130 1374 2195 εἰπεῖν,
1403 2130 1477 2192 ὡς
1509 2129 1802 2199 ἑρμηνεύει
1866 2129 2057 2192 Δαϐὶδ,

456 2222 684 2291 σάμενός
713 2239 797 2283 τις
823 2222 924 2274 οὑκ
946 2218 1435 2291 ἐξουδενωθήσεται
1459 2220 1527 2274 τὰ
1561 2222 1713 2291 παρὰ
1738 2220 1833 2275 τοῦ
1864 2219 2024 2274 Θεοῦ.

526 2323 614 2378 69.
658 2322 971 2376 llic'autem
1008 2321 1171 2375 etiam
1200 2321 1303 2374 alia
1368 2319 1715 2389 recogitanda
1743 2328 1872 2374 sunt
1903 2334 2027 2374 ossa

459 2414 735 2480 Davidica,
763 2429 994 2485 quorum
1049 2429 1149 2467 nec
1184 2428 1351 2466 unum
1402 2421 1733 2468 conteretur.
1768 2411 2030 2476 Quaenam

458 2524 587 2563 vero
613 2508 785 2563 smn?
823 2511 897 2562 Ea
934 2507 1138 2575 quibus
1156 2522 1322 2577 prepe
1350 2516 1436 2561 est
1458 2505 1624 2569 Deus,
1654 2521 1719 2561 eo
1758 2507 1901 2575 quod
1934 2506 2035 2560 hn-

455 2593 604 2656 milia
627 2613 751 2655 sunt
775 2601 991 2670 spiritu,
1024 2602 1214 2669 sicque
1255 2600 1414 2669 digna
1448 2599 1645 2654 salute.
1670 2598 1773 2664 Qui
1798 2614 2033 2667 namque

455 2695 607 2763 quasi
656 2695 846 2748 leones
882 2704 1031 2757 sunt,
1083 2702 1138 2745 ct
1189 2692 1328 2746 adeo
1378 2690 1758 2762 spiritualibus
1804 2691 2024 2746 ossibus

457 2785 666 2841 fortiter
720 2784 1106 2853 compaginati,
1144 2792 1201 2835 ut
1257 2790 1512 2847 tanquam
1555 2782 1896 2851 ignivomum
1946 2781 2038 2835 in-

465 2889 831 2934 strumentum
855 2876 965 2929 sint
999 2875 1227 2931 istorum
1256 2873 1583 2927 contritione
1627 2884 1816 2928 contra
1853 2887 2040 2942 perse-

458 2981 687 3040 quentes
720 2969 889 3037 ipsos,
924 2979 1033 3018 non
1066 2972 1263 3034 egeant
1287 2962 1621 3018 contritione
1653 2964 1860 3019 ossium
1881 2964 2039 3033 juxta

459 3078 555 3117 eos
584 3063 676 3130 qui
708 3061 787 3116 sic
817 3059 927 3130 pati
960 3068 1088 3114 sunt
1117 3057 1291 3127 digni.
1317 3056 1374 3111 Si
1399 3057 1522 3125 quis
1559 3066 1740 3110 autem
1777 3067 2040 3124 reputans

460 3154 642 3209 animo
697 3151 934 3206 contrito
966 3157 1020 3203 et
1064 3148 1356 3203 humiliato
1407 3148 1609 3216 Opponi
1642 3146 1785 3215 quod
1827 3159 2035 3201 rectum

2144 1940 2390 2010 στρεϐλῷ
2418 1941 2573 2010 φυτῷ
2602 1941 2962 2012 ὲξορθωθέντι
3020 1942 3231 2009 δεξιῶς,
3267 1945 3362 1996 καὶ
3394 1945 3421 1997 ὁ
3444 1941 3625 2011 φλοιὸς
3645 1942 3720 1999 εἰς

2142 2034 2328 2100 ὅμοιον
2356 2033 2586 2103 εὐφυΐαν
2630 2034 3114 2106 παρεκταθήσεται
3142 2052 3157 2067 ·
3192 2034 3424 2105 καρδίαν
3467 2030 3563 2088 οὖν
3598 2051 3722 2087 συν-

2135 2130 2360 2203 πνεῦμα
2416 2132 2882 2202 συντετριμμένον
2936 2135 3035 2186 καὶ⁹
3076 2134 3551 2202 τεταπεινωμένον
3595 2152 3722 2204 κτη-

2215 2320 2313 2387 ξθ’.
2356 2321 2723 2392 Ἐνθυμητέον
2748 2322 2795 2375 δ’
2817 2321 3053 2376 ἐνταῦθα
3075 2324 3168 2376 καὶ
3194 2323 3354 2392 ἕτερα
3376 2324 3542 2379 ὀστέα
3565 2330 3724 2382 Δανῖ-

2142 2411 2293 2476 τικά,
2324 2408 2398 2465 ῶν
2424 2411 2545 2466 οὐδὲ
2582 2412 2640 2465 ἓν
2666 2416 2669 2419 ’
2700 2412 3148 2483 συντριϐήσεται.
3176 2412 3341 2467 ’Ποῖα
3400 2415 3457 2468 δὲ
3496 2420 3717 2484 ἐκεῖνα;

2143 2500 2236 2568 Οἷς
2259 2505 2426 2572 ἐγγύς
2459 2508 2606 2559 ἐστιν
2629 2505 2656 2558 ὀ
2684 2504 2813 2567 Θεὸς
2842 2508 3113 2569 ταπεινοῖς
3146 2502 3263 2560 οὖσι
3303 2507 3380 2578 τῷ
3411 2510 3722 2578 πνεύματι,

2141 2598 2236 2651 καὶ
2263 2595 2407 2651 οὕτω
2435 2600 2709 2666 σωτηρίας
2755 2599 2951 2662 ἀξίοις.
3006 2601 3068 2652 Oi
3100 2602 3206 2670 γὰρ
3239 2601 3477 2655 τοιοῦτοι
3514 2603 3723 2668 λέοντες

2145 2687 2258 2743 οἷον
2290 2688 2465 2752 ὄντες,
2497 2689 2593 2741 καὶ
2620 2690 2699 2753 είς
2729 2691 2985 2743 τοσοῦτον
3009 2693 3449 2761 ὲστεγανωμένοι
3478 2698 3724 2768 στερρῶς

2145 2784 2213 2835 τὰ
2244 2783 2386 2836 κατὰ
2435 2783 2616 2852 ψυχὴν
2646 2782 2802 2846 ὀστᾶ,
2850 2783 2926 2846 ὡς
2981 2786 3076 2837 καὶ
3108 2785 3457 2857 πυρεκϐολὴν
3507 2790 3574 2857 τῇ
3606 2791 3725 2841 κατ’

2145 2875 2289 2928 αὐτά
2328 2875 2609 2945 συντρίψει
2671 2880 2812 2930 κατά
2842 2879 2951 2929 τῶν
2996 2877 3177 2939 αὐτοῖς
3209 2880 3574 2948 ἐγκειμένων,
3623 2882 3723 2935 οὐκ

2145 2967 2213 3018 ἂν
2242 2965 2445 3019 δέοιντο
2471 2966 2766 3038 συντριϐἦς
2790 2967 2993 3021 ὀστέων
3020 2970 3161 3024 κατὰ
3178 2972 3304 3034 τοὺς
3328 2970 3473 3025 οὕτω
3496 2973 3727 3043 πάσχειν

2145 3055 2353 3119 ἀξίους.
2383 3055 2444 3108 Ei
2470 3055 2528 3108 δέ
2550 3074 2631 3119 τις
2664 3056 3103 3126 ὲντεθυμημένος
3131 3060 3473 3115 ἀντικεῖσθαι
3500 3062 3579 3132 τῷ
3604 3081 3728 3118 συν-

2145 3147 2497 3216 τετριμμένῳ
2527 3148 2619 3200 καὶ
2642 3150 3128 3221 κατακεκαμμένῳ
3150 3152 3247 3221 τὴν
3270 3150 3451 3225 ψυχὴν
3477 3154 3539 3208 τδ
3569 3156 3724 3218 εὐθὺ.

460 3256 565 3310 est,
600 3257 652 3299 et
678 3245 731 3298 in
759 3251 992 3298 mentem
1030 3257 1294 3297 revocans
1347 3241 1596 3317 spiritum
1632 3251 1858 3305 rectum,
1898 3254 2035 3308 prce-

2146 3236 2242 3291 καὶ
2273 3239 2660 3310 προσειληφὼς
2688 3243 2765 3302 είς
2800 3234 2940 3295 ’νοῦν
2968 3242 3029 3295 τὸ
3087 3243 3245 3307 εὐθὲς
3271 3246 3513 3317 πνεῦμα,
3555 3250 3730 3321 αἱρεῖ-

464 3340 601 3395 ferre
632 3353 689 3393 se
717 3338 897 3408 potius
952 3333 1101 3391 dicat
1120 3336 1322 3390 habere
1350 3344 1559 3388 rectum
1596 3332 1846 3402 spiritum
1870 3347 2035 3401 quam

462 3431 710 3500 spiritum
729 3427 1024 3482 contritum
1065 3438 1119 3480 et
1167 3424 1542 3491 humiliatmn,
1582 3423 1891 3493 audietipsi
1954 3423 2056 3477 div

462 3521 747 3573 midiatum
776 3531 899 3571 esse
954 3516 1061 3571 tale
1106 3514 1309 3567 bonum
1350 3512 1717 3568 desiderium:
1788 3517 2039 3578 oportere

461 3613 606 3665 enim
631 3613 808 3678 ipsum
830 3605 1011 3661 dicere
1031 3620 1090 3658 se
1104 3619 1211 3658 non
1233 3603 1407 3671 magis
1430 3618 1591 3672 quam
1608 3601 1860 3673 spiritum
1903 3615 2036 3654 con-

464 3702 650 3755 tritum
692 3712 877 3752 amare
893 3706 1121 3762 rectum,
1144 3696 1237 3750 sed
1256 3697 1538 3764 aequaliter
1560 3701 1878 3763 utrumque.
1926 3691 2041 3745 Ma-

463 3794 607 3848 xime
643 3792 808 3862 igitur
835 3791 1255 3860 praestatipsum
1312 3788 1456 3843 scire
1486 3788 1629 3857 quod
1690 3785 1865 3856 primo
1908 3799 2041 3839 con-

460 3886 745 3943 terendum
803 3892 887 3941 est
919 3897 1016 3937 cor
1041 3881 1185 3937 sicut
1215 3889 1421 3951 petram
1449 3890 1752 3935 montosam
1791 3887 1847 3933 et
1880 3892 2038 3948 aspe-

461 3994 599 4044 ram,
632 3980 684 4032 in
717 3976 979 4048 praecipiti
1003 3976 1321 4039 minantem,
1379 3982 1835 4042 respuentemque
1888 3969 2038 4039 quod

458 4077 871 4137 esteampestre
897 4068 1235 4137 proindeqne
1291 4063 1497 4119 humile
1538 4077 1604 4118 ac
1660 4062 1882 4132 planum
1953 4061 2042 4116 vel

459 4175 712 4230 acquum;
747 4159 939 4214 deinde
997 4159 1237 4214 studium
1294 4158 1363 4212 de
1428 4165 1580 4210 recto
1647 4154 2035 4209 instruendum

462 4251 1149 4324 procedendumqnejuxta
1177 4251 1321 4303 viam
1361 4247 1469 4304 illis
1521 4248 1748 4302 charam
1796 4247 1890 4318 qui
1949 4261 2040 4303 se-

458 4344 701 4400 cundum
741 4342 907 4397 Deum
937 4342 1221 4396 ambulant
1256 4340 1312 4394 in
1343 4338 1476 4394 vita.
1500 4341 1650 4394 Alias
1673 4339 1821 4394 enim
1853 4338 2039 4392 anima

466 4450 573 4492 non
603 4433 836 4493 contrita
872 4447 978 4486 non
1030 4439 1174 4485 recte
1227 4429 1489 4499 dirigetur
1543 4428 1611 4482 ad
1644 4429 1869 4494 bonum,
1894 4428 2040 4483 sicut

470 4542 567 4583 nec
596 4540 725 4581 saxa
751 4522 1018 4589 scandali,
1050 4536 1171 4591 qua:
1200 4535 1306 4576 non
1336 4530 1543 4575 remota
1575 4520 1644 4576 ad
1679 4519 1785 4576 iter
1817 4533 2039 4588 aequan-

460 4618 616 4683 dum,
650 4618 793 4672 viam
842 4612 998 4685 sequi
1057 4620 1259 4669 rectam
1308 4610 1508 4666 sinent.

531 4887 621 4941 70.
660 4885 731 4941 Ut
767 4896 944 4940 autem
971 4892 1026 4939 et
1056 4885 1214 4939 aliter
1231 4897 1379 4938 nunc
1397 4897 1711 4939 sermonem
1736 4898 2034 4948 resumam,

463 4991 702 5043 contere,
731 4978 952 5041 dilecte,
986 4976 1188 5030 dictam
1222 4978 1360 5031 hanc
1386 4976 1635 5042 arduam,
1664 4975 1820 5030 collis
1840 4975 2038 5043 instar,

462 5082 665 5138 petram
693 5078 748 5123 et
777 5070 831 5122 in
862 5069 1070 5123 minuta
1093 5067 1420 5122 dissecatam
1462 5076 1687 5135 experta
1722 5066 2034 5137 diligenter,

461 5178 514 5217 et
530 5165 815 5218 observata
845 5163 1163 5231 operatione
1186 5175 1516 5233 opportuna,
1539 5162 1945 5232 recogitataque
1981 5163 2038 5216 in

466 5254 749 5322 temetipso
809 5253 1173 5308 aediﬁcatione
1227 5264 1440 5316 sancta,
1508 5253 1653 5308 sicut
1696 5253 2036 5307 divinissima

470 5345 755 5413 Scriptura
808 5346 1072 5414 praecipit,
1102 5355 1157 5401 et
1201 5347 1425 5399 materia
1489 5345 1832 5400 convenienti
1872 5359 2033 5415 agge-

465 5447 605 5499 rata,
650 5449 976 5492 structuram
1032 5437 1261 5493 Domino
1306 5437 1529 5506 auspice
1586 5436 1818 5507 incipias
1846 5437 1900 5491 in
1941 5452 2043 5491 no-

470 5533 617 5590 mine
651 5528 768 5590 Dei,
797 5530 1056 5600 illamque
1078 5530 1132 5585 in
1165 5531 1547 5585 rectitudinem
1577 5532 1772 5601 partim
1815 5545 2047 5600 perpen-

461 5624 676 5687 diculo,
729 5624 929 5692 partim
984 5626 1193 5677 amussi
1257 5623 1561 5694 spiritualis
1620 5624 2040 5690 artisdirigens,

473 5714 820 5767 accommoda
848 5714 1070 5765 domum
1104 5712 1158 5765 in
1184 5712 1440 5781 templum
1461 5712 1571 5766 Deo
1599 5712 1854 5779 dignum,
1881 5726 1937 5765 ut
1964 5715 2047 5766 in-

451 5804 683 5885 habitet
709 5805 787 5859 ibi
805 5803 1036 5871 spiritus
1070 5810 1257 5858 rectus
1288 5821 1301 5859 :
1336 5804 1416 5859 sic
1442 5804 1587 5858 enim
1643 5815 1699 5858 et
1742 5819 1849 5860 non
1892 5804 2049 5860 aliter

2147 3329 2269 3383 σθαι
2298 3330 2504 3400 μᾶλλον
2534 3331 2678 3385 εἴποι
2715 3334 2935 3404 πνεῦμα
2970 3335 3129 3398 εὐθὲς
3178 3336 3323 3406 ἔχειν
3356 3339 3505 3409 ἦπερ
3535 3358 3725 3397 συντε-

2142 3423 2447 3492 τριμμένον
2478 3426 2572 3478 καὶ
2626 3428 3150 3496 κατακεκαμμὲνον,
3201 3430 3426 3482 ἀκούσοι
3476 3432 3543 3487 ἂν
3599 3435 3731 3503 ἡμι-

2146 3513 2401 3567 σεύεσθαι
2473 3514 2624 3585 αὐτῷ
2677 3518 2777 3585 τὴν
2838 3519 3100 3590 τοιαύτην
3166 3520 3380 3585 ἀγαθὴν
3421 3523 3727 3594 ἐπιθυμίαν

2143 3604 2414 3661 ἐνταῦθα’
2451 3607 2651 3677 χρῆναι
2679 3610 2786 3677 γὰρ
2837 3610 3001 3663 αὑτὸν
3058 3612 3237 3664 εἰπεῖν
3276 3612 3350 3683 μὴ
3389 3615 3598 3682 μᾶλλον
3632 3615 3725 3669 τοῦ

2146 3699 2612 3768 συντετριμμένον
2669 3699 2976 3768 πνεύματος
3027 3701 3251 3772 ἀγαπᾷν
3305 3702 3365 3754 τὸ
3412 3704 3568 3769 εὐθὺ,
3614 3704 3727 3759 ἀλλ’

2143 3787 2341 3857 ἐπίσης
2378 3787 2473 3840 καὶ
2526 3789 2835 3859 ἀμφότερα,
2892 3789 3080 3860 ἐπειδὴ
3120 3791 3213 3842 καὶ
3262 3794 3339 3855 εἰς
3373 3794 3491 3846 ἴσον
3538 3793 3724 3855 τέλους

2144 3878 2354 3948 ἀγαθοῦ
2394 3880 2834 3933 ἀποτελευτῶσιν
2887 3881 3148 3952 ἑκάτερα.
3207 3882 3467 3937 Μάλιστα
3500 3884 3604 3954 μὲν
3635 3880 3726 3937 οὖν

2145 3972 2365 4025 κάλλιόν
2394 3972 2542 4025 ἔστιν
2575 3972 2775 4026 εἰδέναι
2798 3973 2961 4026 αὑτὸν
2994 3974 3075 4026 ὅτι
3110 3973 3331 4041 πρῶτον
3363 3978 3723 4045 συντριπτζον

2142 4063 2244 4134 τὴν
2298 4063 2551 4133 καρδίαν,
2584 4063 2718 4117 ὡσεὶ
2755 4062 2850 4117 καὶ
2886 4064 3090 4135 πέτραν
3145 4064 3363 4134 ὀρεινὴν
3410 4065 3719 4134 ἀπόκροτον

2142 4155 2324 4226 ὄχθοις
2357 4154 2831 4225 ὲκτραχυνομινην
2855 4156 2951 4209 καὶ
2974 4156 3398 4224 ἀπαρνουμένην
3421 4154 3485 4209 τὸ
3515 4153 3725 4209 πεδινὸν

2144 4246 2243 4299 καὶ
2274 4245 2419 4299 οὕτω
2444 4244 2700 4297 ταπεινὸν
2734 4245 2829 4298 καὶ
2866 4244 3071 4316 ὁμαλὸν
3104 4244 3138 4313 ἢ
3193 4243 3551 4315 ἀγχώμαλον.
3594 4245 3723 4298 Εἶτα

2145 4333 2601 4405 πραγματευτέον
2635 4334 2696 4386 τὸ
2741 4334 2872 4387 εὐθὺ
2905 4334 3001 4387 καὶ
3027 4332 3473 4403 ἀνεπιπρόθητον
3506 4335 3585 4396 εις
3610 4335 3723 4386 ὀδίν

2144 4426 2307 4497 φίλην
2363 4428 2477 4489 τοῖς
2509 4426 2776 4496 θεοφιλῶς
2818 4426 3197 4496 ὁδοιποροῦσιν
3254 4427 3312 4479 ὲν
3346 4425 3469 4497 βίῳ.
3513 4426 3718 4487 Ἄλλως

2145 4518 2256 4589 γὰρ
2284 4519 2654 4590 ἀσύντριπτος
2682 4517 2829 4589 ψυχὴ
2860 4520 2921 4571 οὐ
2952 4518 3456 4589 κατευθυνθήσεται
3490 4521 3565 4581 εἰς
3590 4520 3721 4584 ἀγα-

2072 4603 2120 4660 D
2148 4609 2371 4682 θότητα,
2402 4610 2478 4673 ὡς
2504 4610 2624 4663 οὐδὲ
2654 4611 2851 4681 πέτραι
2878 4610 3299 4664 σκανδαλοποιοὶ
3327 4610 3404 4681 μὴ
3426 4609 3717 4679 ἐξαιρεθεῖ-

2150 4716 2241 4754 σαι
2281 4700 2419 4771 πρὸς
2444 4699 2724 4769 λεωφόρον
2753 4698 3179 4756 κατευθύνεσθαι
3203 4699 3302 4768 τὴν
3329 4699 3556 4770 πορείαν
3579 4697 3719 4767 ἀψή-

2150 4808 2357 4846 σουσιν.

2220 4893 2283 4939 ο⁸.
2322 4885 2438 4940 Ἵνα
2461 4886 2520 4939 δὲ
2545 4886 2641 4940 καὶ
2672 4886 2847 4949 ἄλλως
2879 4886 3182 4955 κορυφῶσω
3210 4887 3301 4938 τὸν
3332 4887 3492 4955 λόγον
3514 4886 3713 4949 τοῦτον,

2150 4976 2466 5048 σύντριψον,
2499 4971 2545 5031 ὦ
2598 4978 2844 5046 φιλότης,
2893 4978 2995 5049 τὴν
3017 4980 3321 5049 εἰρημένην
3369 4979 3576 5049 ὀχθώδη
3600 4976 3715 5030 κατ’

2150 5072 2384 5139 ἔπαρσιν
2416 5075 2645 5139 πέτραν,
2699 5070 2794 5124 καὶ
2824 5067 3129 5139 διατμήξας
3164 5071 3245 5131 εις
3281 5059 3457 5122 λεπτὰ
3484 5067 3719 5138 παρακεί-

2154 5181 2313 5235 μισον
2342 5162 2644 5232 ἐπιμελῶς,
2670 5164 2763 5216 καὶ
2796 5162 3175 5231 φυλαξάμενος
3204 5161 3500 5230 ὲργατείαν
3541 5161 3717 5213 εῦκαι-

2153 5271 2267 5323 ρον,
2301 5252 2396 5306 καὶ
2421 5253 2785 5322 λογισάμενος
2820 5252 2944 5305 καθ’
2973 5252 3164 5305 ἑαυτὸν
3197 5253 3491 5324 οἰκοδομὴν
3541 5254 3712 5319 ἁγίαν,

2153 5344 2231 5407 ὡς
2270 5348 2302 5414 ἡ
2339 5345 2590 5414 θειοτάτη
2615 5343 2808 5414 Γραφὴ
2837 5344 3211 5411 ἐγκελεύεται,
3241 5345 3335 5397 καὶ
3365 5343 3500 5413 ὓλην
3527 5348 3720 5398 ἐπισω-

2156 5436 2352 5506 ρεύσας
2424 5435 2633 5506 ἱκανὴν,
2700 5434 2859 5504 ἄρξαι
2923 5435 3293 5502 θεοφυλάκτου
3344 5437 3629 5506 οἰκοδομῆς
3662 5435 3718 5486 ἐν

2152 5526 2377 5592 ὀνόματι
2427 5523 2587 5588 Θεοῦ,
2648 5528 2743 5577 καὶ
2772 5527 3097 5578 ἀπευθύνων
3142 5527 3314 5595 αὐτὴν
3345 5528 3426 5590 εἰς
3458 5526 3716 5597 ὀρθότητα

2154 5618 2229 5688 πῆ
2256 5617 2357 5687 μὲν
2390 5618 2607 5683 καθέτῳ
2632 5618 2830 5689 τέχνης
2864 5621 3262 5689 πνευματικῆς,
3300 5621 3377 5690 πῆ
3422 5619 3481 5673 δὲ
3512 5620 3711 5687 στάθμῃ

2151 5711 2455 5777 ἁπάρτισον
2502 5711 2595 5764 τὸν
2650 5706 2800 5765 οἶκον
2834 5713 2911 5774 εἰς
2943 5712 3079 5764 Θεοῦ
3123 5713 3249 5765 ναὸν
3301 5713 3619 5783 ἐπιτήδειον,
3645 5710 3718 5771 ὡς

2151 5802 2429 5873 ἐνοικῆσαι
2459 5803 2609 5873 αὐτῷ
2666 5805 2889 5875 πνεῦμα
2923 5806 3077 5870 εὺθές
3100 5821 3115 5836 ⁸
3172 5804 3314 5860 οὕτω
3343 5809 3456 5880 γὰρ
3488 5809 3580 5864 καὶ
3620 5808 3709 5861 οὐκ
