  <div class='ocr_page' id='page_1' title='image "/cluster/home/n/w/nwhite01/storage/ocr_20150623/136/mdp.39015038093210/300.png"; bbox 0 0 3966 6248; ppageno 0'>
   <div class='ocr_carea' id='block_1_1' title="bbox 236 363 348 430">
    <p class='ocr_par' dir='ltr' id='par_1_1' title="bbox 236 363 348 430">
     <span class='ocr_line' id='line_1_1' title="bbox 236 363 348 430; baseline 0 0"><span class='ocrx_word' id='word_1_1' title='bbox 236 363 348 430; x_wconf 79' lang='lat'><strong>585</strong></span> 
     </span>
    </p>
   </div>
   <div class='ocr_carea' id='block_1_2' title="bbox 1045 373 2705 450">
    <p class='ocr_par' dir='ltr' id='par_1_2' title="bbox 1045 373 2705 450">
     <span class='ocr_line' id='line_1_2' title="bbox 1045 373 2705 450; baseline 0.01 -19"><span class='ocrx_word' id='word_1_2' title='bbox 1045 373 1122 433; x_wconf 79' lang='lat' dir='ltr'><strong>IN</strong></span> <span class='ocrx_word' id='word_1_3' title='bbox 1164 374 1501 437; x_wconf 71' lang='lat' dir='ltr'><strong>lIYMNUM</strong></span> <span class='ocrx_word' id='word_1_4' title='bbox 1542 376 2204 445; x_wconf 74' lang='lat' dir='ltr'><strong>PENTECOSTALEM</strong></span> <span class='ocrx_word' id='word_1_5' title='bbox 2243 388 2705 450; x_wconf 79' lang='lat' dir='ltr'><strong>DAMASCENI.</strong></span> 
     </span>
    </p>
   </div>
   <div class='ocr_carea' id='block_1_3' title="bbox 3389 388 3495 450">
    <p class='ocr_par' dir='ltr' id='par_1_3' title="bbox 3389 388 3495 450">
     <span class='ocr_line' id='line_1_3' title="bbox 3389 388 3495 450; baseline -0.019 0"><span class='ocrx_word' id='word_1_6' title='bbox 3389 388 3495 450; x_wconf 71' lang='lat'><strong>586</strong></span> 
     </span>
    </p>
   </div>
   <div class='ocr_carea' id='block_1_4' title="bbox 236 482 1826 574">
    <p class='ocr_par' dir='ltr' id='par_1_4' title="bbox 236 482 1808 563">
     <span class='ocr_line' id='line_1_4' title="bbox 236 482 1808 563; baseline 0.004 -25"><span class='ocrx_word' id='word_1_7' title='bbox 236 482 412 546; x_wconf 66' lang='grc' dir='ltr'><strong>ὧλως</strong></span> <span class='ocrx_word' id='word_1_8' title='bbox 446 485 509 538; x_wconf 87' lang='grc' dir='ltr'><strong>τὸ</strong></span> <span class='ocrx_word' id='word_1_9' title='bbox 563 484 829 554; x_wconf 76' lang='grc' dir='ltr'><strong>πανάγιον</strong></span> <span class='ocrx_word' id='word_1_10' title='bbox 883 489 1107 560; x_wconf 77' lang='grc' dir='ltr'><strong>Πνεῦμα</strong></span> <span class='ocrx_word' id='word_1_11' title='bbox 1141 492 1220 555; x_wconf 82' lang='grc' dir='ltr'><strong>είς</strong></span> <span class='ocrx_word' id='word_1_12' title='bbox 1272 492 1365 545; x_wconf 87' lang='grc' dir='ltr'><strong>τὸν</strong></span> <span class='ocrx_word' id='word_1_13' title='bbox 1407 493 1498 547; x_wconf 68' lang='grc' dir='ltr'><strong>σὸν</strong></span> <span class='ocrx_word' id='word_1_14' title='bbox 1530 489 1679 547; x_wconf 73' lang='grc' dir='ltr'><strong>οἷκον</strong></span> <span class='ocrx_word' id='word_1_15' title='bbox 1708 495 1808 563; x_wconf 81' lang='grc' dir='ltr'><strong>τὴν</strong></span> 
     </span>
    </p>
   </div>
   <div class='ocr_carea' id='block_1_5' title="bbox 1934 482 3495 574">
    <p class='ocr_par' dir='ltr' id='par_1_5' title="bbox 1934 501 3495 574">
     <span class='ocr_line' id='line_1_5' title="bbox 1934 501 3495 574; baseline 0.004 -21"><span class='ocrx_word' id='word_1_16' title='bbox 1934 501 2290 557; x_wconf 68' lang='grc' dir='ltr'><strong>ιαηοιεεεὶιιιυε</strong></span> <span class='ocrx_word' id='word_1_17' title='bbox 2324 503 2561 574; x_wconf 76' lang='lat' dir='ltr'><strong>Spiritus</strong></span> <span class='ocrx_word' id='word_1_18' title='bbox 2623 506 2678 559; x_wconf 92' lang='lat' dir='ltr'><strong>in</strong></span> <span class='ocrx_word' id='word_1_19' title='bbox 2712 503 2936 559; x_wconf 88' lang='lat' dir='ltr'><strong>domum</strong></span> <span class='ocrx_word' id='word_1_20' title='bbox 2974 513 3146 571; x_wconf 88' lang='lat' dir='ltr'><strong>tuam,</strong></span> <span class='ocrx_word' id='word_1_21' title='bbox 3187 502 3239 558; x_wconf 91' lang='lat' dir='ltr'><strong>id</strong></span> <span class='ocrx_word' id='word_1_22' title='bbox 3263 513 3348 560; x_wconf 88' lang='lat' dir='ltr'><strong>est</strong></span> <span class='ocrx_word' id='word_1_23' title='bbox 3378 521 3495 569; x_wconf 84' lang='lat' dir='ltr'><strong>cor,</strong></span> 
     </span>
    </p>
   </div>
   <div class='ocr_carea' id='block_1_6' title="bbox 238 575 1814 653">
    <p class='ocr_par' dir='ltr' id='par_1_6' title="bbox 238 575 1814 653">
     <span class='ocr_line' id='line_1_6' title="bbox 238 575 1814 653; baseline 0.006 -26"><span class='ocrx_word' id='word_1_24' title='bbox 238 575 465 645; x_wconf 78' lang='grc' dir='ltr'><strong>καρδίαν</strong></span> <span class='ocrx_word' id='word_1_25' title='bbox 494 577 880 635; x_wconf 77' lang='grc' dir='ltr'><strong>είσελεύσεται.</strong></span> <span class='ocrx_word' id='word_1_26' title='bbox 900 578 1070 634; x_wconf 78' lang='grc' dir='ltr'><strong>Τοῦτό</strong></span> <span class='ocrx_word' id='word_1_27' title='bbox 1099 599 1182 635; x_wconf 91' lang='grc' dir='ltr'><strong>σοι</strong></span> <span class='ocrx_word' id='word_1_28' title='bbox 1209 585 1576 653; x_wconf 82' lang='grc' dir='ltr'><strong>κερδήσαντες</strong></span> <span class='ocrx_word' id='word_1_29' title='bbox 1602 585 1659 651; x_wconf 79' lang='grc' dir='ltr'><strong>ἐξ</strong></span> <span class='ocrx_word' id='word_1_30' title='bbox 1694 590 1814 636; x_wconf 77' lang='grc' dir='ltr'><strong>επι-</strong></span> 
     </span>
    </p>
   </div>
   <div class='ocr_carea' id='block_1_7' title="bbox 238 669 1814 745">
    <p class='ocr_par' dir='ltr' id='par_1_7' title="bbox 238 669 1814 745">
     <span class='ocr_line' id='line_1_7' title="bbox 238 669 1814 745; baseline 0.007 -26"><span class='ocrx_word' id='word_1_31' title='bbox 238 669 617 739; x_wconf 78' lang='grc' dir='ltr'><strong>στημονάρχου</strong></span> <span class='ocrx_word' id='word_1_32' title='bbox 648 669 742 722; x_wconf 83' lang='grc' dir='ltr'><strong>τοῦ</strong></span> <span class='ocrx_word' id='word_1_33' title='bbox 777 673 1019 740; x_wconf 73' lang='grc' dir='ltr'><strong>μεγάλου</strong></span> <span class='ocrx_word' id='word_1_34' title='bbox 1049 674 1213 727; x_wconf 75' lang='grc' dir='ltr'><strong>Δαυῒδ</strong></span> <span class='ocrx_word' id='word_1_35' title='bbox 1263 674 1373 727; x_wconf 77' lang='grc' dir='ltr'><strong>ίδοὺ</strong></span> <span class='ocrx_word' id='word_1_36' title='bbox 1427 676 1814 745; x_wconf 82' lang='grc' dir='ltr'><strong>παραδεδώκα-</strong></span> 
     </span>
    </p>
   </div>
   <div class='ocr_carea' id='block_1_8' title="bbox 240 759 1875 834">
    <p class='ocr_par' dir='ltr' id='par_1_8' title="bbox 240 759 1875 834">
     <span class='ocr_line' id='line_1_8' title="bbox 240 759 1875 834; baseline 0.006 -24"><span class='ocrx_word' id='word_1_37' title='bbox 240 775 343 826; x_wconf 81' lang='grc' dir='ltr'><strong>μεν</strong></span> <span class='ocrx_word' id='word_1_38' title='bbox 370 760 451 822; x_wconf 81' lang='grc' dir='ltr'><strong>είς</strong></span> <span class='ocrx_word' id='word_1_39' title='bbox 482 759 777 828; x_wconf 68' lang='grc' dir='ltr'><strong>ὠφέλειαν,</strong></span> <span class='ocrx_word' id='word_1_40' title='bbox 805 762 866 826; x_wconf 83' lang='grc' dir='ltr'><strong>δς</strong></span> <span class='ocrx_word' id='word_1_41' title='bbox 887 764 1080 829; x_wconf 80' lang='grc' dir='ltr'><strong>είπὼν,</strong></span> <span class='ocrx_word' id='word_1_42' title='bbox 1110 765 1377 832; x_wconf 75' lang='grc' dir='ltr'><strong>Καρδίαν</strong></span> <span class='ocrx_word' id='word_1_43' title='bbox 1396 767 1663 834; x_wconf 82' lang='grc' dir='ltr'><strong>καθαρὰν</strong></span> <span class='ocrx_word' id='word_1_44' title='bbox 1687 769 1812 821; x_wconf 82' lang='grc' dir='ltr'><strong>κτί-</strong></span> <span class='ocrx_word' id='word_1_45' title='bbox 1868 778 1875 791; x_wconf 86' lang='grc'><strong><em>“</em></strong></span> 
     </span>
    </p>
   </div>
   <div class='ocr_carea' id='block_1_9' title="bbox 237 851 1815 931">
    <p class='ocr_par' dir='ltr' id='par_1_9' title="bbox 237 851 1815 931">
     <span class='ocr_line' id='line_1_9' title="bbox 237 851 1815 931; baseline 0.006 -28"><span class='ocrx_word' id='word_1_46' title='bbox 237 866 357 903; x_wconf 81' lang='grc' dir='ltr'><strong>σον</strong></span> <span class='ocrx_word' id='word_1_47' title='bbox 378 851 450 903; x_wconf 78' lang='grc' dir='ltr'><strong>ἐν</strong></span> <span class='ocrx_word' id='word_1_48' title='bbox 476 851 630 920; x_wconf 68' lang='grc' dir='ltr'><strong>ἐμοὶ,</strong></span> <span class='ocrx_word' id='word_1_49' title='bbox 663 855 698 907; x_wconf 80' lang='grc' dir='ltr'><em>ό</em></span> <span class='ocrx_word' id='word_1_50' title='bbox 738 855 904 922; x_wconf 76' lang='grc' dir='ltr'><strong>Θεὸς,</strong></span> <span class='ocrx_word' id='word_1_51' title='bbox 949 857 1026 919; x_wconf 84' lang='grc' dir='ltr'><strong>ὡς</strong></span> <span class='ocrx_word' id='word_1_52' title='bbox 1070 858 1129 921; x_wconf 73' lang='grc' dir='ltr'><strong>ἐξ</strong></span> <span class='ocrx_word' id='word_1_53' title='bbox 1160 858 1412 927; x_wconf 53' lang='grc' dir='ltr'><strong>ὑπαρλῆς</strong></span> <span class='ocrx_word' id='word_1_54' title='bbox 1472 859 1586 928; x_wconf 77' lang='grc' dir='ltr'><strong>βίον</strong></span> <span class='ocrx_word' id='word_1_55' title='bbox 1615 859 1815 931; x_wconf 60' lang='grc' dir='ltr'><strong>δηὶαδὴ</strong></span> 
     </span>
    </p>
   </div>
   <div class='ocr_carea' id='block_1_10' title="bbox 235 943 1816 1019">
    <p class='ocr_par' dir='ltr' id='par_1_10' title="bbox 235 943 1816 1019">
     <span class='ocr_line' id='line_1_10' title="bbox 235 943 1816 1019; baseline 0.016 -25"><span class='ocrx_word' id='word_1_56' title='bbox 235 943 456 1012; x_wconf 77' lang='grc' dir='ltr'><strong>ἐπάγει,</strong></span> <span class='ocrx_word' id='word_1_57' title='bbox 511 946 631 1009; x_wconf 73' lang='grc' dir='ltr'><strong>καὶ,</strong></span> <span class='ocrx_word' id='word_1_58' title='bbox 681 948 923 1019; x_wconf 74' lang='grc' dir='ltr'><strong>Πνεῦμα</strong></span> <span class='ocrx_word' id='word_1_59' title='bbox 948 951 1125 1018; x_wconf 68' lang='grc' dir='ltr'><strong>εὺθύς</strong></span> <span class='ocrx_word' id='word_1_60' title='bbox 1186 952 1539 1019; x_wconf 69' lang='grc' dir='ltr'><strong>ἐγκαίνισον</strong></span> <span class='ocrx_word' id='word_1_61' title='bbox 1568 954 1638 1007; x_wconf 75' lang='grc' dir='ltr'><strong>ἐν</strong></span> <span class='ocrx_word' id='word_1_62' title='bbox 1692 954 1816 1019; x_wconf 83' lang='grc' dir='ltr'><strong>τοῖς</strong></span> 
     </span>
    </p>
   </div>
   <div class='ocr_carea' id='block_1_11' title="bbox 234 1035 1818 1115">
    <p class='ocr_par' dir='ltr' id='par_1_11' title="bbox 234 1035 1818 1115">
     <span class='ocr_line' id='line_1_11' title="bbox 234 1035 1818 1115; baseline 0.005 -26"><span class='ocrx_word' id='word_1_63' title='bbox 234 1035 511 1104; x_wconf 75' lang='grc' dir='ltr'><strong>ἐγκιίτοις</strong></span> <span class='ocrx_word' id='word_1_64' title='bbox 540 1056 680 1107; x_wconf 79' lang='grc' dir='ltr'><strong>μου.</strong></span> <span class='ocrx_word' id='word_1_65' title='bbox 711 1040 829 1094; x_wconf 80' lang='grc' dir='ltr'><strong>Ἵνα</strong></span> <span class='ocrx_word' id='word_1_66' title='bbox 855 1042 907 1093; x_wconf 89' lang='grc' dir='ltr'><strong>τί</strong></span> <span class='ocrx_word' id='word_1_67' title='bbox 942 1042 1110 1106; x_wconf 79' lang='grc' dir='ltr'><strong>ποιῶς</strong></span> <span class='ocrx_word' id='word_1_68' title='bbox 1140 1043 1259 1096; x_wconf 79' lang='grc' dir='ltr'><strong>ἰνα</strong></span> <span class='ocrx_word' id='word_1_69' title='bbox 1288 1043 1463 1105; x_wconf 74' lang='grc' dir='ltr'><strong>οὓτως</strong></span> <span class='ocrx_word' id='word_1_70' title='bbox 1487 1046 1818 1115; x_wconf 78' lang='grc' dir='ltr'><strong>ἐστηριγμέ-</strong></span> 
     </span>
    </p>
   </div>
   <div class='ocr_carea' id='block_1_12' title="bbox 238 1128 1814 1205">
    <p class='ocr_par' dir='ltr' id='par_1_12' title="bbox 238 1128 1814 1205">
     <span class='ocr_line' id='line_1_12' title="bbox 238 1128 1814 1205; baseline 0.006 -28"><span class='ocrx_word' id='word_1_71' title='bbox 238 1142 334 1177; x_wconf 81' lang='grc' dir='ltr'><strong>νου</strong></span> <span class='ocrx_word' id='word_1_72' title='bbox 367 1144 456 1195; x_wconf 76' lang='grc' dir='ltr'><strong>μοι</strong></span> <span class='ocrx_word' id='word_1_73' title='bbox 482 1130 575 1182; x_wconf 70' lang='grc' dir='ltr'><strong>τοῦ</strong></span> <span class='ocrx_word' id='word_1_74' title='bbox 604 1128 753 1200; x_wconf 83' lang='grc' dir='ltr'><strong>ίεροῦ</strong></span> <span class='ocrx_word' id='word_1_75' title='bbox 783 1132 935 1185; x_wconf 71' lang='grc' dir='ltr'><strong>οἴκου</strong></span> <span class='ocrx_word' id='word_1_76' title='bbox 964 1133 1060 1184; x_wconf 72' lang='grc' dir='ltr'><strong>καὶ</strong></span> <span class='ocrx_word' id='word_1_77' title='bbox 1105 1132 1373 1197; x_wconf 73' lang='grc' dir='ltr'><strong>ἀϐλαϐοῦς</strong></span> <span class='ocrx_word' id='word_1_78' title='bbox 1409 1134 1659 1205; x_wconf 73' lang='grc' dir='ltr'><strong>μένοντος</strong></span> <span class='ocrx_word' id='word_1_79' title='bbox 1684 1136 1814 1187; x_wconf 78' lang='grc' dir='ltr'><strong>ἀνέ-</strong></span> 
     </span>
    </p>
   </div>
   <div class='ocr_carea' id='block_1_13' title="bbox 242 1225 1817 1297">
    <p class='ocr_par' dir='ltr' id='par_1_13' title="bbox 242 1225 1817 1297">
     <span class='ocr_line' id='line_1_13' title="bbox 242 1225 1817 1297; baseline 0.006 -27"><span class='ocrx_word' id='word_1_80' title='bbox 242 1236 364 1286; x_wconf 87' lang='grc' dir='ltr'><strong>μων</strong></span> <span class='ocrx_word' id='word_1_81' title='bbox 390 1236 453 1273; x_wconf 85' lang='grc' dir='ltr'><strong>τε</strong></span> <span class='ocrx_word' id='word_1_82' title='bbox 485 1226 823 1287; x_wconf 77' lang='grc' dir='ltr'><strong>καταπνοαῐς</strong></span> <span class='ocrx_word' id='word_1_83' title='bbox 859 1225 956 1278; x_wconf 80' lang='grc' dir='ltr'><strong>καὶ</strong></span> <span class='ocrx_word' id='word_1_84' title='bbox 986 1226 1247 1294; x_wconf 79' lang='grc' dir='ltr'><strong>ποταμῶν</strong></span> <span class='ocrx_word' id='word_1_85' title='bbox 1272 1229 1555 1297; x_wconf 76' lang='grc' dir='ltr'><strong>ἐπιρροαῖς</strong></span> <span class='ocrx_word' id='word_1_86' title='bbox 1582 1230 1674 1279; x_wconf 72' lang='grc' dir='ltr'><strong>καὶ</strong></span> <span class='ocrx_word' id='word_1_87' title='bbox 1707 1245 1817 1279; x_wconf 74' lang='grc' dir='ltr'><strong>σει-</strong></span> 
     </span>
    </p>
   </div>
   <div class='ocr_carea' id='block_1_14' title="bbox 240 1311 1815 1390">
    <p class='ocr_par' dir='ltr' id='par_1_14' title="bbox 240 1311 1815 1390">
     <span class='ocr_line' id='line_1_14' title="bbox 240 1311 1815 1390; baseline 0.006 -29"><span class='ocrx_word' id='word_1_88' title='bbox 240 1311 401 1379; x_wconf 79' lang='grc' dir='ltr'><strong>σμῶν</strong></span> <span class='ocrx_word' id='word_1_89' title='bbox 428 1316 733 1382; x_wconf 81' lang='grc' dir='ltr'><strong>τιναγμοῐς,</strong></span> <span class='ocrx_word' id='word_1_90' title='bbox 767 1316 1086 1384; x_wconf 78' lang='grc' dir='ltr'><strong>ἡγεμονεύω</strong></span> <span class='ocrx_word' id='word_1_91' title='bbox 1133 1319 1274 1371; x_wconf 73' lang='grc' dir='ltr'><strong>κατὰ</strong></span> <span class='ocrx_word' id='word_1_92' title='bbox 1323 1318 1533 1381; x_wconf 79' lang='grc' dir='ltr'><strong>παθῶν,</strong></span> <span class='ocrx_word' id='word_1_93' title='bbox 1583 1320 1676 1372; x_wconf 73' lang='grc' dir='ltr'><strong>καὶ</strong></span> <span class='ocrx_word' id='word_1_94' title='bbox 1741 1322 1815 1390; x_wconf 78' lang='grc' dir='ltr'><strong>μὴ</strong></span> 
     </span>
    </p>
   </div>
   <div class='ocr_carea' id='block_1_15' title="bbox 238 1401 1817 1480">
    <p class='ocr_par' dir='ltr' id='par_1_15' title="bbox 238 1401 1817 1480">
     <span class='ocr_line' id='line_1_15' title="bbox 238 1401 1817 1480; baseline 0.006 -27"><span class='ocrx_word' id='word_1_95' title='bbox 238 1401 501 1467; x_wconf 77' lang='grc' dir='ltr'><strong>δουλικῶς</strong></span> <span class='ocrx_word' id='word_1_96' title='bbox 543 1404 847 1470; x_wconf 76' lang='grc' dir='ltr'><strong>ὕπ’-αὺτοῖς</strong></span> <span class='ocrx_word' id='word_1_97' title='bbox 875 1409 1136 1479; x_wconf 85' lang='grc' dir='ltr'><strong>γίνωμαι,</strong></span> <span class='ocrx_word' id='word_1_98' title='bbox 1192 1410 1507 1480; x_wconf 75' lang='grc' dir='ltr'><strong>ἡγεμονικῷ</strong></span> <span class='ocrx_word' id='word_1_99' title='bbox 1541 1413 1817 1478; x_wconf 74' lang='grc' dir='ltr'><strong>πνεύματι</strong></span> 
     </span>
    </p>
   </div>
   <div class='ocr_carea' id='block_1_16' title="bbox 240 1494 1820 1568">
    <p class='ocr_par' dir='ltr' id='par_1_16' title="bbox 240 1494 1820 1568">
     <span class='ocr_line' id='line_1_16' title="bbox 240 1494 1820 1568; baseline 0.008 -24"><span class='ocrx_word' id='word_1_100' title='bbox 240 1494 634 1563; x_wconf 79' lang='grc' dir='ltr'><strong>στηριζόμενος</strong></span> <span class='ocrx_word' id='word_1_101' title='bbox 666 1498 755 1551; x_wconf 80' lang='grc' dir='ltr'><strong>διὰ</strong></span> <span class='ocrx_word' id='word_1_102' title='bbox 786 1498 903 1553; x_wconf 81' lang='grc' dir='ltr'><strong>σοῦ.</strong></span> <span class='ocrx_word' id='word_1_103' title='bbox 940 1501 1446 1568; x_wconf 78' lang='grc' dir='ltr'><strong>Κεφαλαιώσασθαι</strong></span> <span class='ocrx_word' id='word_1_104' title='bbox 1470 1500 1567 1557; x_wconf 84' lang='grc' dir='ltr'><strong>οὖν</strong></span> <span class='ocrx_word' id='word_1_105' title='bbox 1598 1504 1659 1557; x_wconf 87' lang='grc' dir='ltr'><strong>τὸ</strong></span> <span class='ocrx_word' id='word_1_106' title='bbox 1713 1507 1820 1558; x_wconf 78' lang='grc' dir='ltr'><strong>πᾶν</strong></span> 
     </span>
    </p>
   </div>
   <div class='ocr_carea' id='block_1_17' title="bbox 238 1585 1818 1666">
    <p class='ocr_par' dir='ltr' id='par_1_17' title="bbox 238 1585 1818 1666">
     <span class='ocr_line' id='line_1_17' title="bbox 238 1585 1818 1666; baseline 0.006 -29"><span class='ocrx_word' id='word_1_107' title='bbox 238 1587 301 1638; x_wconf 68' lang='grc' dir='ltr'><strong>ἄν</strong></span> <span class='ocrx_word' id='word_1_108' title='bbox 329 1585 544 1657; x_wconf 80' lang='grc' dir='ltr'><strong>βραχεῖ,</strong></span> <span class='ocrx_word' id='word_1_109' title='bbox 566 1590 865 1660; x_wconf 81' lang='grc' dir='ltr'><strong>συντριϐἧς</strong></span> <span class='ocrx_word' id='word_1_110' title='bbox 886 1593 996 1663; x_wconf 68' lang='grc' dir='ltr'><strong>πρὸ</strong></span> <span class='ocrx_word' id='word_1_111' title='bbox 1026 1592 1243 1647; x_wconf 85' lang='grc' dir='ltr'><strong>πάντων</strong></span> <span class='ocrx_word' id='word_1_112' title='bbox 1270 1596 1450 1663; x_wconf 80' lang='grc' dir='ltr'><strong>χρεὲα,</strong></span> <span class='ocrx_word' id='word_1_113' title='bbox 1469 1596 1542 1658; x_wconf 81' lang='grc' dir='ltr'><strong>ὡς</strong></span> <span class='ocrx_word' id='word_1_114' title='bbox 1570 1598 1785 1666; x_wconf 74' lang='grc' dir='ltr'><strong>εἴρηται</strong></span> <span class='ocrx_word' id='word_1_115' title='bbox 1803 1612 1818 1631; x_wconf 73' lang='grc' dir='ltr'><strong><em>υ</em></strong></span> 
     </span>
    </p>
   </div>
   <div class='ocr_carea' id='block_1_18' title="bbox 239 1673 1822 1756">
    <p class='ocr_par' dir='ltr' id='par_1_18' title="bbox 239 1673 1822 1756">
     <span class='ocr_line' id='line_1_18' title="bbox 239 1673 1822 1756; baseline 0.004 -25"><span class='ocrx_word' id='word_1_116' title='bbox 239 1673 365 1732; x_wconf 75' lang='grc' dir='ltr'><strong>εἶτα</strong></span> <span class='ocrx_word' id='word_1_117' title='bbox 415 1682 723 1753; x_wconf 77' lang='grc' dir='ltr'><strong>οἰκοδομῆς,</strong></span> <span class='ocrx_word' id='word_1_118' title='bbox 780 1684 902 1753; x_wconf 82' lang='grc' dir='ltr'><strong>μεθ’</strong></span> <span class='ocrx_word' id='word_1_119' title='bbox 942 1687 1010 1755; x_wconf 78' lang='grc' dir='ltr'><strong>ἦν</strong></span> <span class='ocrx_word' id='word_1_120' title='bbox 1072 1685 1288 1755; x_wconf 80' lang='grc' dir='ltr'><strong>πνεῦμα</strong></span> <span class='ocrx_word' id='word_1_121' title='bbox 1331 1686 1492 1749; x_wconf 56' lang='lat' dir='ltr'><strong>stos,-</strong></span> <span class='ocrx_word' id='word_1_122' title='bbox 1525 1690 1635 1750; x_wconf 80' lang='grc' dir='ltr'><strong>τοῖς</strong></span> <span class='ocrx_word' id='word_1_123' title='bbox 1667 1687 1822 1756; x_wconf 77' lang='grc' dir='ltr'><strong>ἡμῶν</strong></span> 
     </span>
    </p>
   </div>
   <div class='ocr_carea' id='block_1_19' title="bbox 1920 591 3497 663">
    <p class='ocr_par' dir='ltr' id='par_1_19' title="bbox 1920 591 3497 663">
     <span class='ocr_line' id='line_1_19' title="bbox 1920 591 3497 663; baseline 0.004 -20"><span class='ocrx_word' id='word_1_124' title='bbox 1920 591 2170 649; x_wconf 85' lang='lat' dir='ltr'><strong>intrabit.</strong></span> <span class='ocrx_word' id='word_1_125' title='bbox 2221 592 2332 649; x_wconf 81' lang='lat' dir='ltr'><strong>lluc</strong></span> <span class='ocrx_word' id='word_1_126' title='bbox 2366 595 2462 649; x_wconf 86' lang='lat' dir='ltr'><strong>tibi</strong></span> <span class='ocrx_word' id='word_1_127' title='bbox 2499 596 2693 651; x_wconf 87' lang='lat' dir='ltr'><strong>lucrati</strong></span> <span class='ocrx_word' id='word_1_128' title='bbox 2722 611 2785 650; x_wconf 83' lang='lat' dir='ltr'><strong>ex</strong></span> <span class='ocrx_word' id='word_1_129' title='bbox 2838 596 3103 663; x_wconf 74' lang='lat' dir='ltr'><strong>magistro</strong></span> <span class='ocrx_word' id='word_1_130' title='bbox 3140 593 3497 649; x_wconf 83' lang='lat' dir='ltr'><strong>scientiarum</strong></span> 
     </span>
    </p>
   </div>
   <div class='ocr_carea' id='block_1_20' title="bbox 1918 683 3493 755">
    <p class='ocr_par' dir='ltr' id='par_1_20' title="bbox 1918 683 3493 755">
     <span class='ocr_line' id='line_1_20' title="bbox 1918 683 3493 755; baseline 0.001 -19"><span class='ocrx_word' id='word_1_131' title='bbox 1918 697 2118 752; x_wconf 81' lang='lat' dir='ltr'><strong>magno</strong></span> <span class='ocrx_word' id='word_1_132' title='bbox 2138 683 2328 747; x_wconf 81' lang='lat' dir='ltr'><strong>David,</strong></span> <span class='ocrx_word' id='word_1_133' title='bbox 2348 685 2670 742; x_wconf 89' lang='lat' dir='ltr'><strong>tradidimus</strong></span> <span class='ocrx_word' id='word_1_134' title='bbox 2695 688 2760 740; x_wconf 87' lang='lat' dir='ltr'><strong>ad</strong></span> <span class='ocrx_word' id='word_1_135' title='bbox 2790 686 3073 740; x_wconf 88' lang='lat' dir='ltr'><strong>utilitatem</strong></span> <span class='ocrx_word' id='word_1_136' title='bbox 3100 703 3115 751; x_wconf 87' lang='lat'>;</span> <span class='ocrx_word' id='word_1_137' title='bbox 3145 683 3239 755; x_wconf 86' lang='lat' dir='ltr'><strong>qui</strong></span> <span class='ocrx_word' id='word_1_138' title='bbox 3267 684 3455 739; x_wconf 88' lang='lat' dir='ltr'><strong>dicens</strong></span> <span class='ocrx_word' id='word_1_139' title='bbox 3479 701 3493 738; x_wconf 91' lang='lat'><strong>:</strong></span> 
     </span>
    </p>
   </div>
   <div class='ocr_carea' id='block_1_21' title="bbox 1916 772 3501 844">
    <p class='ocr_par' dir='ltr' id='par_1_21' title="bbox 1916 772 3501 844">
     <span class='ocr_line' id='line_1_21' title="bbox 1916 772 3501 844; baseline 0 -17"><span class='ocrx_word' id='word_1_140' title='bbox 1916 772 2024 827; x_wconf 83' lang='lat' dir='ltr'><strong>Cor</strong></span> <span class='ocrx_word' id='word_1_141' title='bbox 2056 777 2305 828; x_wconf 80' lang='lat' dir='ltr'><strong>mundum</strong></span> <span class='ocrx_word' id='word_1_142' title='bbox 2339 791 2459 830; x_wconf 77' lang='lat' dir='ltr'><strong>area</strong></span> <span class='ocrx_word' id='word_1_143' title='bbox 2488 776 2673 843; x_wconf 81' lang='lat' dir='ltr'><strong>inme,</strong></span> <span class='ocrx_word' id='word_1_144' title='bbox 2706 775 2864 840; x_wconf 76' lang='lat' dir='ltr'><strong>Deus,</strong></span> <span class='ocrx_word' id='word_1_145' title='bbox 2889 785 3231 844; x_wconf 79' lang='lat' dir='ltr'><strong>tanquatuex</strong></span> <span class='ocrx_word' id='word_1_146' title='bbox 3252 773 3501 829; x_wconf 67' lang='lat' dir='ltr'><strong>vitaeini-</strong></span> 
     </span>
    </p>
   </div>
   <div class='ocr_carea' id='block_1_22' title="bbox 1918 861 3496 932">
    <p class='ocr_par' dir='ltr' id='par_1_22' title="bbox 1918 861 3496 932">
     <span class='ocr_line' id='line_1_22' title="bbox 1918 861 3496 932; baseline 0.003 -18"><span class='ocrx_word' id='word_1_147' title='bbox 1918 861 1996 915; x_wconf 85' lang='lat' dir='ltr'><strong>tio</strong></span> <span class='ocrx_word' id='word_1_148' title='bbox 2024 864 2253 932; x_wconf 67' lang='lat' dir='ltr'><strong>repetit;</strong></span> <span class='ocrx_word' id='word_1_149' title='bbox 2285 875 2358 932; x_wconf 89' lang='lat' dir='ltr'><strong>et,</strong></span> <span class='ocrx_word' id='word_1_150' title='bbox 2386 864 2643 931; x_wconf 84' lang='lat' dir='ltr'><strong>Spiritum</strong></span> <span class='ocrx_word' id='word_1_151' title='bbox 2676 877 2873 921; x_wconf 84' lang='lat' dir='ltr'><strong>rectum</strong></span> <span class='ocrx_word' id='word_1_152' title='bbox 2920 868 3111 921; x_wconf 75' lang='lat' dir='ltr'><strong>iuncea</strong></span> <span class='ocrx_word' id='word_1_153' title='bbox 3133 867 3187 919; x_wconf 81' lang='lat' dir='ltr'><strong>in</strong></span> <span class='ocrx_word' id='word_1_154' title='bbox 3216 864 3496 919; x_wconf 74' lang='lat' dir='ltr'><strong>visceribus</strong></span> 
     </span>
    </p>
   </div>
   <div class='ocr_carea' id='block_1_23' title="bbox 1918 951 3492 1023">
    <p class='ocr_par' dir='ltr' id='par_1_23' title="bbox 1918 951 3492 1023">
     <span class='ocr_line' id='line_1_23' title="bbox 1918 951 3492 1023; baseline 0.003 -21"><span class='ocrx_word' id='word_1_155' title='bbox 1918 951 2087 1005; x_wconf 75' lang='lat' dir='ltr'><strong>meis:</strong></span> <span class='ocrx_word' id='word_1_156' title='bbox 2123 962 2181 1006; x_wconf 91' lang='lat' dir='ltr'><strong>ut</strong></span> <span class='ocrx_word' id='word_1_157' title='bbox 2242 955 2371 1023; x_wconf 88' lang='lat' dir='ltr'><strong>quid</strong></span> <span class='ocrx_word' id='word_1_158' title='bbox 2434 954 2663 1008; x_wconf 81' lang='lat' dir='ltr'><strong>faciam?</strong></span> <span class='ocrx_word' id='word_1_159' title='bbox 2689 953 2754 1009; x_wconf 83' lang='lat' dir='ltr'><strong>Ut</strong></span> <span class='ocrx_word' id='word_1_160' title='bbox 2778 956 2857 1008; x_wconf 87' lang='lat' dir='ltr'><strong>sic</strong></span> <span class='ocrx_word' id='word_1_161' title='bbox 2894 954 3026 1008; x_wconf 87' lang='lat' dir='ltr'><strong>mihi</strong></span> <span class='ocrx_word' id='word_1_162' title='bbox 3064 953 3302 1008; x_wconf 74' lang='lat' dir='ltr'><strong>stabilita</strong></span> <span class='ocrx_word' id='word_1_163' title='bbox 3334 964 3492 1007; x_wconf 67' lang='lat' dir='ltr'><strong>saeta</strong></span> 
     </span>
    </p>
   </div>
   <div class='ocr_carea' id='block_1_24' title="bbox 1919 1042 3494 1114">
    <p class='ocr_par' dir='ltr' id='par_1_24' title="bbox 1919 1042 3494 1114">
     <span class='ocr_line' id='line_1_24' title="bbox 1919 1042 3494 1114; baseline 0.002 -20"><span class='ocrx_word' id='word_1_164' title='bbox 1919 1042 2099 1108; x_wconf 85' lang='lat' dir='ltr'><strong>domo,</strong></span> <span class='ocrx_word' id='word_1_165' title='bbox 2121 1045 2463 1114; x_wconf 87' lang='lat' dir='ltr'><strong>immunique</strong></span> <span class='ocrx_word' id='word_1_166' title='bbox 2485 1058 2737 1101; x_wconf 78' lang='lat' dir='ltr'><strong>manente</strong></span> <span class='ocrx_word' id='word_1_167' title='bbox 2769 1062 2799 1100; x_wconf 87' lang='lat' dir='ltr'><strong>a</strong></span> <span class='ocrx_word' id='word_1_168' title='bbox 2833 1057 3117 1100; x_wconf 81' lang='lat' dir='ltr'><strong>ventorum</strong></span> <span class='ocrx_word' id='word_1_169' title='bbox 3138 1045 3357 1100; x_wconf 85' lang='lat' dir='ltr'><strong>ﬂatibus</strong></span> <span class='ocrx_word' id='word_1_170' title='bbox 3384 1056 3439 1099; x_wconf 85' lang='lat' dir='ltr'><strong>et</strong></span> <span class='ocrx_word' id='word_1_171' title='bbox 3464 1058 3494 1097; x_wconf 82' lang='lat' dir='ltr'><strong>a</strong></span> 
     </span>
    </p>
   </div>
   <div class='ocr_carea' id='block_1_25' title="bbox 1920 1133 3498 1206">
    <p class='ocr_par' dir='ltr' id='par_1_25' title="bbox 1920 1133 3498 1206">
     <span class='ocr_line' id='line_1_25' title="bbox 1920 1133 3498 1206; baseline -0.001 -19"><span class='ocrx_word' id='word_1_172' title='bbox 1920 1133 2206 1189; x_wconf 82' lang='lat' dir='ltr'><strong>ﬂuminum</strong></span> <span class='ocrx_word' id='word_1_173' title='bbox 2225 1137 2462 1201; x_wconf 82' lang='lat' dir='ltr'><strong>ﬂuentis,</strong></span> <span class='ocrx_word' id='word_1_174' title='bbox 2504 1148 2555 1192; x_wconf 92' lang='lat' dir='ltr'><strong>et</strong></span> <span class='ocrx_word' id='word_1_175' title='bbox 2585 1153 2615 1191; x_wconf 87' lang='lat' dir='ltr'><strong>a</strong></span> <span class='ocrx_word' id='word_1_176' title='bbox 2652 1147 2811 1191; x_wconf 66' lang='lat' dir='ltr'><strong>terra:</strong></span> <span class='ocrx_word' id='word_1_177' title='bbox 2844 1148 3086 1191; x_wconf 86' lang='lat' dir='ltr'><strong>motuum</strong></span> <span class='ocrx_word' id='word_1_178' title='bbox 3113 1134 3498 1206; x_wconf 82' lang='lat' dir='ltr'><strong>procellis,ego</strong></span> 
     </span>
    </p>
   </div>
   <div class='ocr_carea' id='block_1_26' title="bbox 1920 1227 3503 1298">
    <p class='ocr_par' dir='ltr' id='par_1_26' title="bbox 1920 1227 3503 1298">
     <span class='ocr_line' id='line_1_26' title="bbox 1920 1227 3503 1298; baseline -0.001 -18"><span class='ocrx_word' id='word_1_179' title='bbox 1920 1227 2027 1281; x_wconf 73' lang='lat' dir='ltr'><strong>dux</strong></span> <span class='ocrx_word' id='word_1_180' title='bbox 2046 1229 2148 1281; x_wconf 82' lang='lat' dir='ltr'><strong>sint</strong></span> <span class='ocrx_word' id='word_1_181' title='bbox 2168 1229 2425 1284; x_wconf 78' lang='lat' dir='ltr'><strong>adversus</strong></span> <span class='ocrx_word' id='word_1_182' title='bbox 2446 1230 2750 1298; x_wconf 84' lang='lat' dir='ltr'><strong>passiones,</strong></span> <span class='ocrx_word' id='word_1_183' title='bbox 2769 1238 2821 1283; x_wconf 87' lang='lat' dir='ltr'><strong>et</strong></span> <span class='ocrx_word' id='word_1_184' title='bbox 2840 1243 2943 1282; x_wconf 86' lang='lat' dir='ltr'><strong>non</strong></span> <span class='ocrx_word' id='word_1_185' title='bbox 2962 1228 3070 1282; x_wconf 85' lang='lat' dir='ltr'><strong>illis</strong></span> <span class='ocrx_word' id='word_1_186' title='bbox 3086 1227 3354 1282; x_wconf 81' lang='lat' dir='ltr'><strong>serviliter</strong></span> <span class='ocrx_word' id='word_1_187' title='bbox 3372 1227 3503 1281; x_wconf 84' lang='lat' dir='ltr'><strong>sub-</strong></span> 
     </span>
    </p>
   </div>
   <div class='ocr_carea' id='block_1_27' title="bbox 1918 1317 3500 1390">
    <p class='ocr_par' dir='ltr' id='par_1_27' title="bbox 1918 1317 3500 1390">
     <span class='ocr_line' id='line_1_27' title="bbox 1918 1317 3500 1390; baseline -0.001 -19"><span class='ocrx_word' id='word_1_188' title='bbox 1918 1318 2100 1387; x_wconf 73' lang='lat' dir='ltr'><strong>jiciar,</strong></span> <span class='ocrx_word' id='word_1_189' title='bbox 2135 1320 2327 1390; x_wconf 80' lang='lat' dir='ltr'><strong>spiritu</strong></span> <span class='ocrx_word' id='word_1_190' title='bbox 2362 1321 2643 1390; x_wconf 89' lang='lat' dir='ltr'><strong>principali</strong></span> <span class='ocrx_word' id='word_1_191' title='bbox 2689 1336 2782 1390; x_wconf 86' lang='lat' dir='ltr'><strong>per</strong></span> <span class='ocrx_word' id='word_1_192' title='bbox 2808 1328 2859 1374; x_wconf 88' lang='lat' dir='ltr'><strong>te</strong></span> <span class='ocrx_word' id='word_1_193' title='bbox 2889 1321 3198 1374; x_wconf 83' lang='lat' dir='ltr'><strong>roboratus.</strong></span> <span class='ocrx_word' id='word_1_194' title='bbox 3235 1317 3304 1373; x_wconf 87' lang='lat' dir='ltr'><strong>Ut</strong></span> <span class='ocrx_word' id='word_1_195' title='bbox 3333 1317 3500 1387; x_wconf 79' lang='lat' dir='ltr'><strong>igitur</strong></span> 
     </span>
    </p>
   </div>
   <div class='ocr_carea' id='block_1_28' title="bbox 1923 1408 3501 1481">
    <p class='ocr_par' dir='ltr' id='par_1_28' title="bbox 1923 1408 3501 1481">
     <span class='ocr_line' id='line_1_28' title="bbox 1923 1408 3501 1481; baseline -0.003 -16"><span class='ocrx_word' id='word_1_196' title='bbox 1923 1412 2159 1466; x_wconf 82' lang='lat' dir='ltr'><strong>breviter</strong></span> <span class='ocrx_word' id='word_1_197' title='bbox 2184 1420 2358 1466; x_wconf 91' lang='lat' dir='ltr'><strong>totum</strong></span> <span class='ocrx_word' id='word_1_198' title='bbox 2390 1414 2705 1467; x_wconf 79' lang='lat' dir='ltr'><strong>summatim</strong></span> <span class='ocrx_word' id='word_1_199' title='bbox 2736 1420 2997 1481; x_wconf 81' lang='lat' dir='ltr'><strong>repetam,</strong></span> <span class='ocrx_word' id='word_1_200' title='bbox 3026 1408 3356 1465; x_wconf 87' lang='lat' dir='ltr'><strong>contritione</strong></span> <span class='ocrx_word' id='word_1_201' title='bbox 3376 1416 3501 1462; x_wconf 86' lang='lat' dir='ltr'><strong>autc</strong></span> 
     </span>
    </p>
   </div>
   <div class='ocr_carea' id='block_1_29' title="bbox 1924 1503 3608 1578">
    <p class='ocr_par' dir='ltr' id='par_1_29' title="bbox 1924 1503 3608 1578">
     <span class='ocr_line' id='line_1_29' title="bbox 1924 1503 3608 1578; baseline -0.004 -19"><span class='ocrx_word' id='word_1_202' title='bbox 1924 1507 2110 1559; x_wconf 83' lang='lat' dir='ltr'><strong>omnia</strong></span> <span class='ocrx_word' id='word_1_203' title='bbox 2160 1519 2297 1578; x_wconf 81' lang='lat' dir='ltr'><strong>opus</strong></span> <span class='ocrx_word' id='word_1_204' title='bbox 2334 1515 2439 1571; x_wconf 87' lang='lat' dir='ltr'><strong>est,</strong></span> <span class='ocrx_word' id='word_1_205' title='bbox 2482 1513 2540 1560; x_wconf 87' lang='lat' dir='ltr'><strong>ut</strong></span> <span class='ocrx_word' id='word_1_206' title='bbox 2592 1504 2870 1571; x_wconf 82' lang='lat' dir='ltr'><strong>diximus;</strong></span> <span class='ocrx_word' id='word_1_207' title='bbox 2937 1503 3132 1559; x_wconf 88' lang='lat' dir='ltr'><strong>deinde</strong></span> <span class='ocrx_word' id='word_1_208' title='bbox 3182 1510 3307 1572; x_wconf 88' lang='lat' dir='ltr'><strong>apta</strong></span> <span class='ocrx_word' id='word_1_209' title='bbox 3373 1515 3503 1557; x_wconf 83' lang='lat' dir='ltr'><strong>con-</strong></span> <span class='ocrx_word' id='word_1_210' title='bbox 3600 1522 3608 1527; x_wconf 85' lang='lat'><strong><em>-</em></strong></span> 
     </span>
    </p>
   </div>
   <div class='ocr_carea' id='block_1_30' title="bbox 1925 1592 3502 1667">
    <p class='ocr_par' dir='ltr' id='par_1_30' title="bbox 1925 1592 3502 1667">
     <span class='ocr_line' id='line_1_30' title="bbox 1925 1592 3502 1667; baseline -0.004 -16"><span class='ocrx_word' id='word_1_211' title='bbox 1925 1601 2249 1663; x_wconf 83' lang='lat' dir='ltr'><strong>structione,</strong></span> <span class='ocrx_word' id='word_1_212' title='bbox 2284 1606 2592 1667; x_wconf 81' lang='lat' dir='ltr'><strong>postquam</strong></span> <span class='ocrx_word' id='word_1_213' title='bbox 2650 1597 2876 1667; x_wconf 77' lang='lat' dir='ltr'><strong>spiritus</strong></span> <span class='ocrx_word' id='word_1_214' title='bbox 2947 1606 3132 1649; x_wconf 90' lang='lat' dir='ltr'><strong>rectus</strong></span> <span class='ocrx_word' id='word_1_215' title='bbox 3170 1594 3223 1648; x_wconf 92' lang='lat' dir='ltr'><strong>in</strong></span> <span class='ocrx_word' id='word_1_216' title='bbox 3277 1592 3502 1647; x_wconf 80' lang='lat' dir='ltr'><strong>visceri-</strong></span> 
     </span>
    </p>
   </div>
   <div class='ocr_carea' id='block_1_31' title="bbox 1929 1681 3497 1756">
    <p class='ocr_par' dir='ltr' id='par_1_31' title="bbox 1929 1681 3497 1756">
     <span class='ocr_line' id='line_1_31' title="bbox 1929 1681 3497 1756; baseline -0.004 -13"><span class='ocrx_word' id='word_1_217' title='bbox 1929 1689 2030 1744; x_wconf 88' lang='lat' dir='ltr'><strong>bus</strong></span> <span class='ocrx_word' id='word_1_218' title='bbox 2086 1691 2287 1744; x_wconf 86' lang='lat' dir='ltr'><strong>nostris</strong></span> <span class='ocrx_word' id='word_1_219' title='bbox 2346 1689 2687 1744; x_wconf 82' lang='lat' dir='ltr'><strong>iuhabilabit.</strong></span> <span class='ocrx_word' id='word_1_220' title='bbox 2742 1686 2837 1740; x_wconf 77' lang='lat' dir='ltr'><strong>Est</strong></span> <span class='ocrx_word' id='word_1_221' title='bbox 2887 1687 3050 1756; x_wconf 80' lang='lat' dir='ltr'><strong>igitur</strong></span> <span class='ocrx_word' id='word_1_222' title='bbox 3111 1681 3497 1740; x_wconf 72' lang='lat' dir='ltr'><strong>desiderabilis</strong></span> 
     </span>
    </p>
   </div>
   <div class='ocr_carea' id='block_1_32' title="bbox 241 1775 1826 1852">
    <p class='ocr_par' dir='ltr' id='par_1_32' title="bbox 241 1775 1823 1852">
     <span class='ocr_line' id='line_1_32' title="bbox 241 1775 1823 1852; baseline 0.005 -27"><span class='ocrx_word' id='word_1_223' title='bbox 241 1775 497 1840; x_wconf 71' lang='grc' dir='ltr'><strong>ιγκάτοις</strong></span> <span class='ocrx_word' id='word_1_224' title='bbox 526 1776 1025 1848; x_wconf 73' lang='grc' dir='ltr'><strong>εγκαινισθήσεται.</strong></span> <span class='ocrx_word' id='word_1_225' title='bbox 1048 1781 1271 1848; x_wconf 79' lang='grc' dir='ltr'><strong>Αίρετὸν</strong></span> <span class='ocrx_word' id='word_1_226' title='bbox 1290 1779 1383 1835; x_wconf 83' lang='grc' dir='ltr'><strong>οὖν</strong></span> <span class='ocrx_word' id='word_1_227' title='bbox 1414 1782 1609 1849; x_wconf 69' lang='grc' dir='ltr'><strong>ἐπίσης</strong></span> <span class='ocrx_word' id='word_1_228' title='bbox 1632 1783 1782 1835; x_wconf 83' lang='grc' dir='ltr'><strong>ὥσπε</strong></span> <span class='ocrx_word' id='word_1_229' title='bbox 1791 1800 1823 1852; x_wconf 88' lang='grc' dir='ltr'><strong>ρ</strong></span> 
     </span>
    </p>
   </div>
   <div class='ocr_carea' id='block_1_33' title="bbox 1934 1775 3075 1852">
    <p class='ocr_par' dir='ltr' id='par_1_33' title="bbox 1934 1780 3075 1851">
     <span class='ocr_line' id='line_1_33' title="bbox 1934 1780 3075 1851; baseline -0.003 -16"><span class='ocrx_word' id='word_1_230' title='bbox 1934 1781 2071 1835; x_wconf 80' lang='lat' dir='ltr'><strong>sicut</strong></span> <span class='ocrx_word' id='word_1_231' title='bbox 2101 1782 2323 1851; x_wconf 87' lang='lat' dir='ltr'><strong>spiritus</strong></span> <span class='ocrx_word' id='word_1_232' title='bbox 2349 1781 2637 1847; x_wconf 90' lang='lat' dir='ltr'><strong>contritus,</strong></span> <span class='ocrx_word' id='word_1_233' title='bbox 2670 1780 2751 1835; x_wconf 86' lang='lat' dir='ltr'><strong>sic</strong></span> <span class='ocrx_word' id='word_1_234' title='bbox 2776 1787 2831 1833; x_wconf 87' lang='lat' dir='ltr'><strong>et</strong></span> <span class='ocrx_word' id='word_1_235' title='bbox 2871 1788 3075 1833; x_wconf 88' lang='lat' dir='ltr'><strong>rectus.</strong></span> 
     </span>
    </p>
   </div>
   <div class='ocr_carea' id='block_1_34' title="bbox 242 1867 1688 1940">
    <p class='ocr_par' dir='ltr' id='par_1_34' title="bbox 242 1867 1688 1940">
     <span class='ocr_line' id='line_1_34' title="bbox 242 1867 1688 1940; baseline 0.008 -23"><span class='ocrx_word' id='word_1_236' title='bbox 242 1867 307 1919; x_wconf 82' lang='grc' dir='ltr'><strong>τὸ</strong></span> <span class='ocrx_word' id='word_1_237' title='bbox 339 1872 797 1938; x_wconf 70' lang='grc' dir='ltr'><strong>συντετριμμένον</strong></span> <span class='ocrx_word' id='word_1_238' title='bbox 835 1870 1077 1940; x_wconf 78' lang='grc' dir='ltr'><strong>πνεῦμα,</strong></span> <span class='ocrx_word' id='word_1_239' title='bbox 1123 1873 1266 1926; x_wconf 75' lang='grc' dir='ltr'><strong>οὕτω</strong></span> <span class='ocrx_word' id='word_1_240' title='bbox 1299 1875 1394 1927; x_wconf 78' lang='grc' dir='ltr'><strong>καὶ</strong></span> <span class='ocrx_word' id='word_1_241' title='bbox 1422 1874 1484 1927; x_wconf 88' lang='grc' dir='ltr'><strong>τὸ</strong></span> <span class='ocrx_word' id='word_1_242' title='bbox 1514 1875 1688 1938; x_wconf 76' lang='grc' dir='ltr'><strong>εὑθές.</strong></span> 
     </span>
    </p>
   </div>
   <div class='ocr_carea' id='block_1_35' title="bbox 315 1962 1820 2038">
    <p class='ocr_par' dir='ltr' id='par_1_35' title="bbox 315 1962 1820 2038">
     <span class='ocr_line' id='line_1_35' title="bbox 315 1962 1820 2038; baseline 0.004 -25"><span class='ocrx_word' id='word_1_243' title='bbox 315 1967 416 2014; x_wconf 82' lang='lat' dir='ltr'><strong>oa&#39;.</strong></span> <span class='ocrx_word' id='word_1_244' title='bbox 463 1962 769 2033; x_wconf 81' lang='grc' dir='ltr'><strong>Συντριϐὴν</strong></span> <span class='ocrx_word' id='word_1_245' title='bbox 816 1963 873 2017; x_wconf 66' lang='grc' dir='ltr'><strong>δὲ</strong></span> <span class='ocrx_word' id='word_1_246' title='bbox 929 1966 1024 2017; x_wconf 78' lang='grc' dir='ltr'><strong>καὶ</strong></span> <span class='ocrx_word' id='word_1_247' title='bbox 1048 1965 1212 2017; x_wconf 79' lang='grc' dir='ltr'><strong>πάλιν</strong></span> <span class='ocrx_word' id='word_1_248' title='bbox 1259 1966 1401 2036; x_wconf 78' lang='grc' dir='ltr'><strong>φημὶ</strong></span> <span class='ocrx_word' id='word_1_249' title='bbox 1436 1968 1535 2038; x_wconf 76' lang='grc' dir='ltr'><strong>τὴν</strong></span> <span class='ocrx_word' id='word_1_250' title='bbox 1567 1967 1820 2037; x_wconf 76' lang='grc' dir='ltr'><strong>ἐνάρετον</strong></span> 
     </span>
    </p>
   </div>
   <div class='ocr_carea' id='block_1_36' title="bbox 242 2052 1817 2129">
    <p class='ocr_par' dir='ltr' id='par_1_36' title="bbox 242 2052 1817 2129">
     <span class='ocr_line' id='line_1_36' title="bbox 242 2052 1817 2129; baseline 0.005 -24"><span class='ocrx_word' id='word_1_251' title='bbox 242 2052 371 2106; x_wconf 79' lang='grc' dir='ltr'><strong>καθ’</strong></span> <span class='ocrx_word' id='word_1_252' title='bbox 398 2052 675 2117; x_wconf 65' lang='grc' dir='ltr'><strong>ἑκούσον,</strong></span> <span class='ocrx_word' id='word_1_253' title='bbox 730 2056 923 2108; x_wconf 80' lang='grc' dir='ltr'><strong>ὁποίαν</strong></span> <span class='ocrx_word' id='word_1_254' title='bbox 981 2058 1268 2126; x_wconf 79' lang='grc' dir='ltr'><strong>μακαρίως</strong></span> <span class='ocrx_word' id='word_1_255' title='bbox 1325 2058 1598 2129; x_wconf 80' lang='grc' dir='ltr'><strong>πάσχουσι</strong></span> <span class='ocrx_word' id='word_1_256' title='bbox 1637 2060 1731 2112; x_wconf 71' lang='grc' dir='ltr'><strong>καὶ</strong></span> <span class='ocrx_word' id='word_1_257' title='bbox 1766 2061 1817 2113; x_wconf 79' lang='lat' dir='ltr'><strong>oi</strong></span> 
     </span>
    </p>
   </div>
   <div class='ocr_carea' id='block_1_37' title="bbox 242 2142 1820 2218">
    <p class='ocr_par' dir='ltr' id='par_1_37' title="bbox 242 2142 1820 2218">
     <span class='ocr_line' id='line_1_37' title="bbox 242 2142 1820 2218; baseline 0.006 -25"><span class='ocrx_word' id='word_1_258' title='bbox 242 2142 501 2210; x_wconf 79' lang='grc' dir='ltr'><strong>λέγοντες</strong></span> <span class='ocrx_word' id='word_1_259' title='bbox 554 2143 762 2211; x_wconf 82' lang='grc' dir='ltr'><strong>πρῶτοι</strong></span> <span class='ocrx_word' id='word_1_260' title='bbox 824 2146 923 2208; x_wconf 77' lang='grc' dir='ltr'><strong>τὰς</strong></span> <span class='ocrx_word' id='word_1_261' title='bbox 977 2148 1251 2216; x_wconf 72' lang='grc' dir='ltr'><strong>ἁμαρτίας</strong></span> <span class='ocrx_word' id='word_1_262' title='bbox 1306 2148 1488 2202; x_wconf 75' lang='grc' dir='ltr'><strong>αὐτῶν</strong></span> <span class='ocrx_word' id='word_1_263' title='bbox 1545 2149 1639 2203; x_wconf 73' lang='grc' dir='ltr'><strong>καὶ</strong></span> <span class='ocrx_word' id='word_1_264' title='bbox 1679 2151 1820 2218; x_wconf 76' lang='grc' dir='ltr'><strong>σφᾶς</strong></span> 
     </span>
    </p>
   </div>
   <div class='ocr_carea' id='block_1_38' title="bbox 244 2235 1810 2309">
    <p class='ocr_par' dir='ltr' id='par_1_38' title="bbox 244 2235 1810 2309">
     <span class='ocr_line' id='line_1_38' title="bbox 244 2235 1810 2309; baseline 0.006 -23"><span class='ocrx_word' id='word_1_265' title='bbox 244 2235 443 2296; x_wconf 82' lang='grc' dir='ltr'><strong>αὐτοὺς</strong></span> <span class='ocrx_word' id='word_1_266' title='bbox 478 2238 914 2305; x_wconf 79' lang='grc' dir='ltr'><strong>κατακρίνοντες.</strong></span> <span class='ocrx_word' id='word_1_267' title='bbox 955 2239 1024 2294; x_wconf 82' lang='lat' dir='ltr'><strong>0i</strong></span> <span class='ocrx_word' id='word_1_268' title='bbox 1056 2242 1165 2309; x_wconf 77' lang='grc' dir='ltr'><strong>γὰρ</strong></span> <span class='ocrx_word' id='word_1_269' title='bbox 1191 2240 1364 2302; x_wconf 81' lang='grc' dir='ltr'><strong>ἄλλως</strong></span> <span class='ocrx_word' id='word_1_270' title='bbox 1384 2241 1653 2309; x_wconf 76' lang='grc' dir='ltr'><strong>ἑτέρωθεν</strong></span> <span class='ocrx_word' id='word_1_271' title='bbox 1683 2259 1810 2295; x_wconf 84' lang='grc' dir='ltr'><strong>συν-</strong></span> 
     </span>
    </p>
   </div>
   <div class='ocr_carea' id='block_1_39' title="bbox 245 2326 1816 2404">
    <p class='ocr_par' dir='ltr' id='par_1_39' title="bbox 245 2326 1816 2404">
     <span class='ocr_line' id='line_1_39' title="bbox 245 2326 1816 2404; baseline 0.007 -28"><span class='ocrx_word' id='word_1_272' title='bbox 245 2326 561 2396; x_wconf 80' lang='grc' dir='ltr'><strong>τριϐόμενοι</strong></span> <span class='ocrx_word' id='word_1_273' title='bbox 616 2331 711 2383; x_wconf 76' lang='grc' dir='ltr'><strong>καὶ</strong></span> <span class='ocrx_word' id='word_1_274' title='bbox 770 2333 1315 2401; x_wconf 77' lang='grc' dir='ltr'><strong>κατακαμπτόμενοι,</strong></span> <span class='ocrx_word' id='word_1_275' title='bbox 1391 2333 1454 2386; x_wconf 86' lang='grc' dir='ltr'><strong>οὐ</strong></span> <span class='ocrx_word' id='word_1_276' title='bbox 1527 2336 1816 2404; x_wconf 76' lang='grc' dir='ltr'><strong>μακαρίως</strong></span> 
     </span>
    </p>
   </div>
   <div class='ocr_carea' id='block_1_40' title="bbox 244 2419 1820 2497">
    <p class='ocr_par' dir='ltr' id='par_1_40' title="bbox 244 2419 1820 2497">
     <span class='ocr_line' id='line_1_40' title="bbox 244 2419 1820 2497; baseline 0.006 -28"><span class='ocrx_word' id='word_1_277' title='bbox 244 2419 452 2487; x_wconf 74' lang='grc' dir='ltr'><strong>ἔχουσι.</strong></span> <span class='ocrx_word' id='word_1_278' title='bbox 484 2420 551 2475; x_wconf 86' lang='grc' dir='ltr'><strong>Τί</strong></span> <span class='ocrx_word' id='word_1_279' title='bbox 575 2421 686 2489; x_wconf 77' lang='grc' dir='ltr'><strong>γὰρ</strong></span> <span class='ocrx_word' id='word_1_280' title='bbox 714 2422 879 2481; x_wconf 85' lang='grc' dir='ltr'><strong>καλὸν</strong></span> <span class='ocrx_word' id='word_1_281' title='bbox 924 2423 1081 2477; x_wconf 70' lang='grc' dir='ltr'><strong>ἔσται</strong></span> <span class='ocrx_word' id='word_1_282' title='bbox 1125 2424 1350 2495; x_wconf 83' lang='grc' dir='ltr'><strong>πονηρῷ</strong></span> <span class='ocrx_word' id='word_1_283' title='bbox 1400 2425 1675 2497; x_wconf 79' lang='grc' dir='ltr'><strong>ἀνθρώπῳ</strong></span> <span class='ocrx_word' id='word_1_284' title='bbox 1726 2428 1820 2481; x_wconf 74' lang='grc' dir='ltr'><strong>καὶ</strong></span> 
     </span>
    </p>
   </div>
   <div class='ocr_carea' id='block_1_41' title="bbox 220 2509 1819 2593">
    <p class='ocr_par' dir='ltr' id='par_1_41' title="bbox 220 2509 1819 2593">
     <span class='ocr_line' id='line_1_41' title="bbox 220 2509 1819 2593; baseline 0.006 -32"><span class='ocrx_word' id='word_1_285' title='bbox 220 2509 562 2593; x_wconf 67' lang='grc' dir='ltr'><strong>⁸ἁμαρτωλῷ</strong></span> <span class='ocrx_word' id='word_1_286' title='bbox 607 2515 945 2580; x_wconf 73' lang='grc' dir='ltr'><strong>συντριϐέντι</strong></span> <span class='ocrx_word' id='word_1_287' title='bbox 1002 2516 1095 2569; x_wconf 89' lang='grc' dir='ltr'><strong>τὸν</strong></span> <span class='ocrx_word' id='word_1_288' title='bbox 1143 2516 1403 2588; x_wconf 75' lang='grc' dir='ltr'><strong>βριχὶονα</strong></span> <span class='ocrx_word' id='word_1_289' title='bbox 1441 2518 1819 2590; x_wconf 74' lang='grc' dir='ltr'><strong>ψαλμικῶς,ῆ</strong></span> 
     </span>
    </p>
   </div>
   <div class='ocr_carea' id='block_1_42' title="bbox 244 2599 1822 2683">
    <p class='ocr_par' dir='ltr' id='par_1_42' title="bbox 244 2599 1822 2683">
     <span class='ocr_line' id='line_1_42' title="bbox 244 2599 1822 2683; baseline 0.01 -32"><span class='ocrx_word' id='word_1_290' title='bbox 244 2599 324 2669; x_wconf 80' lang='grc' dir='ltr'><strong>τῷ</strong></span> <span class='ocrx_word' id='word_1_291' title='bbox 348 2601 629 2670; x_wconf 76' lang='grc' dir='ltr'><strong>εναχθὲντι</strong></span> <span class='ocrx_word' id='word_1_292' title='bbox 669 2605 727 2667; x_wconf 75' lang='grc' dir='ltr'><strong>ἐς</strong></span> <span class='ocrx_word' id='word_1_293' title='bbox 753 2606 975 2674; x_wconf 76' lang='grc' dir='ltr'><strong>πατίδα,</strong></span> <span class='ocrx_word' id='word_1_294' title='bbox 999 2610 1096 2663; x_wconf 82' lang='grc' dir='ltr'><strong>καὶ</strong></span> <span class='ocrx_word' id='word_1_295' title='bbox 1123 2610 1573 2681; x_wconf 80' lang='grc' dir='ltr'><strong>κατακαμφθὲντι</strong></span> <span class='ocrx_word' id='word_1_296' title='bbox 1594 2612 1693 2683; x_wconf 81' lang='grc' dir='ltr'><strong>τὴν</strong></span> <span class='ocrx_word' id='word_1_297' title='bbox 1716 2613 1822 2682; x_wconf 72' lang='grc' dir='ltr'><strong>ψυ-</strong></span> 
     </span>
    </p>
   </div>
   <div class='ocr_carea' id='block_1_43' title="bbox 244 2693 1822 2775">
    <p class='ocr_par' dir='ltr' id='par_1_43' title="bbox 244 2693 1822 2775">
     <span class='ocr_line' id='line_1_43' title="bbox 244 2693 1822 2775; baseline 0.01 -31"><span class='ocrx_word' id='word_1_298' title='bbox 244 2695 386 2764; x_wconf 75' lang='grc' dir='ltr'><strong>χήνς</strong></span> <span class='ocrx_word' id='word_1_299' title='bbox 427 2693 752 2767; x_wconf 77' lang='grc' dir='ltr'><strong>Ἐπιστῆσαι</strong></span> <span class='ocrx_word' id='word_1_300' title='bbox 787 2699 844 2752; x_wconf 66' lang='grc' dir='ltr'><strong>δὲ</strong></span> <span class='ocrx_word' id='word_1_301' title='bbox 891 2700 996 2771; x_wconf 78' lang='grc' dir='ltr'><strong>χρὴ</strong></span> <span class='ocrx_word' id='word_1_302' title='bbox 1036 2701 1115 2765; x_wconf 82' lang='grc' dir='ltr'><strong>ὡς</strong></span> <span class='ocrx_word' id='word_1_303' title='bbox 1173 2702 1267 2756; x_wconf 77' lang='grc' dir='ltr'><strong>καὶ</strong></span> <span class='ocrx_word' id='word_1_304' title='bbox 1299 2703 1334 2775; x_wconf 74' lang='grc' dir='ltr'><strong>ἡ</strong></span> <span class='ocrx_word' id='word_1_305' title='bbox 1362 2704 1584 2775; x_wconf 80' lang='grc' dir='ltr'><strong>τοιαύτη</strong></span> <span class='ocrx_word' id='word_1_306' title='bbox 1623 2706 1822 2775; x_wconf 79' lang='grc' dir='ltr'><strong>εὐαγε-</strong></span> 
     </span>
    </p>
   </div>
   <div class='ocr_carea' id='block_1_44' title="bbox 247 2788 1825 2869">
    <p class='ocr_par' dir='ltr' id='par_1_44' title="bbox 247 2788 1825 2869">
     <span class='ocr_line' id='line_1_44' title="bbox 247 2788 1825 2869; baseline 0.006 -28"><span class='ocrx_word' id='word_1_307' title='bbox 247 2788 420 2859; x_wconf 74' lang='grc' dir='ltr'><strong>στάτη</strong></span> <span class='ocrx_word' id='word_1_308' title='bbox 460 2790 723 2861; x_wconf 75' lang='grc' dir='ltr'><strong>συντριση</strong></span> <span class='ocrx_word' id='word_1_309' title='bbox 745 2789 836 2845; x_wconf 79' lang='grc' dir='ltr'><strong>διὰ</strong></span> <span class='ocrx_word' id='word_1_310' title='bbox 873 2792 967 2846; x_wconf 78' lang='grc' dir='ltr'><strong>τοῦ</strong></span> <span class='ocrx_word' id='word_1_311' title='bbox 1002 2792 1137 2847; x_wconf 82' lang='grc' dir='ltr'><strong>Θεοῦ</strong></span> <span class='ocrx_word' id='word_1_312' title='bbox 1166 2796 1379 2864; x_wconf 87' lang='grc' dir='ltr'><strong>γίνεται</strong></span> <span class='ocrx_word' id='word_1_313' title='bbox 1411 2795 1504 2850; x_wconf 83' lang='grc' dir='ltr'><strong>τοῦ</strong></span> <span class='ocrx_word' id='word_1_314' title='bbox 1527 2797 1825 2869; x_wconf 77' lang='grc' dir='ltr'><strong>προσιεμέ-</strong></span> 
     </span>
    </p>
   </div>
   <div class='ocr_carea' id='block_1_45' title="bbox 246 2880 1813 2959">
    <p class='ocr_par' dir='ltr' id='par_1_45' title="bbox 246 2880 1813 2959">
     <span class='ocr_line' id='line_1_45' title="bbox 246 2880 1813 2959; baseline 0.008 -25"><span class='ocrx_word' id='word_1_315' title='bbox 246 2898 365 2947; x_wconf 82' lang='grc' dir='ltr'><strong>νου,</strong></span> <span class='ocrx_word' id='word_1_316' title='bbox 389 2881 488 2935; x_wconf 77' lang='grc' dir='ltr'><strong>καὶ</strong></span> <span class='ocrx_word' id='word_1_317' title='bbox 520 2880 595 2954; x_wconf 75' lang='grc' dir='ltr'><strong>μὴ</strong></span> <span class='ocrx_word' id='word_1_318' title='bbox 626 2883 1032 2949; x_wconf 72' lang='grc' dir='ltr'><strong>ιξωδενοῦπος</strong></span> <span class='ocrx_word' id='word_1_319' title='bbox 1077 2886 1139 2940; x_wconf 88' lang='grc' dir='ltr'><strong>τὸ</strong></span> <span class='ocrx_word' id='word_1_320' title='bbox 1166 2889 1633 2959; x_wconf 66' lang='grc' dir='ltr'><strong>συντετριμμένον</strong></span> <span class='ocrx_word' id='word_1_321' title='bbox 1663 2890 1813 2945; x_wconf 82' lang='grc' dir='ltr'><strong>πνεῦ·</strong></span> 
     </span>
    </p>
   </div>
   <div class='ocr_carea' id='block_1_46' title="bbox 248 2975 1826 3053">
    <p class='ocr_par' dir='ltr' id='par_1_46' title="bbox 248 2975 1826 3053">
     <span class='ocr_line' id='line_1_46' title="bbox 248 2975 1826 3053; baseline 0.004 -24"><span class='ocrx_word' id='word_1_322' title='bbox 248 2992 353 3045; x_wconf 79' lang='grc' dir='ltr'><strong>μα,</strong></span> <span class='ocrx_word' id='word_1_323' title='bbox 382 2975 459 3040; x_wconf 86' lang='grc' dir='ltr'><strong>ὡς</strong></span> <span class='ocrx_word' id='word_1_324' title='bbox 488 2976 636 3042; x_wconf 74' lang='grc' dir='ltr'><strong>ἄξιον</strong></span> <span class='ocrx_word' id='word_1_325' title='bbox 662 2978 1000 3034; x_wconf 80' lang='grc' dir='ltr'><strong>οίκειοῦσθαι</strong></span> <span class='ocrx_word' id='word_1_326' title='bbox 1031 2981 1199 3052; x_wconf 78' lang='grc' dir='ltr'><strong>αὐτῷ.</strong></span> <span class='ocrx_word' id='word_1_327' title='bbox 1233 2983 1340 3036; x_wconf 80' lang='grc' dir='ltr'><strong>Καὶ</strong></span> <span class='ocrx_word' id='word_1_328' title='bbox 1358 2982 1440 3053; x_wconf 74' lang='grc' dir='ltr'><strong>εἴη</strong></span> <span class='ocrx_word' id='word_1_329' title='bbox 1465 2983 1531 3037; x_wconf 81' lang='grc' dir='ltr'><strong>ἂν</strong></span> <span class='ocrx_word' id='word_1_330' title='bbox 1562 2984 1826 3053; x_wconf 82' lang='grc' dir='ltr'><strong>συντριϐὴ</strong></span> 
     </span>
    </p>
   </div>
   <div class='ocr_carea' id='block_1_47' title="bbox 245 3065 1826 3146">
    <p class='ocr_par' dir='ltr' id='par_1_47' title="bbox 245 3065 1826 3146">
     <span class='ocr_line' id='line_1_47' title="bbox 245 3065 1826 3146; baseline 0.006 -28"><span class='ocrx_word' id='word_1_331' title='bbox 245 3065 392 3136; x_wconf 82' lang='grc' dir='ltr'><strong>αὕτη</strong></span> <span class='ocrx_word' id='word_1_332' title='bbox 424 3068 692 3139; x_wconf 76' lang='grc' dir='ltr'><strong>λεγομένη</strong></span> <span class='ocrx_word' id='word_1_333' title='bbox 727 3067 815 3124; x_wconf 76' lang='grc' dir='ltr'><strong>διὰ</strong></span> <span class='ocrx_word' id='word_1_334' title='bbox 861 3070 927 3124; x_wconf 86' lang='grc' dir='ltr'><strong>τὸ</strong></span> <span class='ocrx_word' id='word_1_335' title='bbox 976 3071 1073 3125; x_wconf 76' lang='grc' dir='ltr'><strong>σὺν</strong></span> <span class='ocrx_word' id='word_1_336' title='bbox 1104 3072 1278 3142; x_wconf 77' lang='grc' dir='ltr'><strong>ἑτέρῳ</strong></span> <span class='ocrx_word' id='word_1_337' title='bbox 1305 3072 1405 3145; x_wconf 75' lang='grc' dir='ltr'><strong>τὴν</strong></span> <span class='ocrx_word' id='word_1_338' title='bbox 1446 3075 1625 3146; x_wconf 72' lang='grc' dir='ltr'><strong>ψυχὴν</strong></span> <span class='ocrx_word' id='word_1_339' title='bbox 1653 3092 1826 3129; x_wconf 78' lang='grc' dir='ltr'><strong>κατα-</strong></span> 
     </span>
    </p>
   </div>
   <div class='ocr_carea' id='block_1_48' title="bbox 1998 1955 3503 2013">
    <p class='ocr_par' dir='ltr' id='par_1_48' title="bbox 1998 1955 3503 2013">
     <span class='ocr_line' id='line_1_48' title="bbox 1998 1955 3503 2013; baseline -0.001 -3"><span class='ocrx_word' id='word_1_340' title='bbox 1998 1956 2087 2011; x_wconf 85' lang='grc'><strong>71.</strong></span> <span class='ocrx_word' id='word_1_341' title='bbox 2119 1956 2516 2011; x_wconf 86' lang='lat' dir='ltr'><strong>Contritionem</strong></span> <span class='ocrx_word' id='word_1_342' title='bbox 2553 1972 2771 2013; x_wconf 87' lang='lat' dir='ltr'><strong>rursum</strong></span> <span class='ocrx_word' id='word_1_343' title='bbox 2806 1958 2928 2012; x_wconf 86' lang='lat' dir='ltr'><strong>dico</strong></span> <span class='ocrx_word' id='word_1_344' title='bbox 2962 1955 3287 2011; x_wconf 81' lang='lat' dir='ltr'><strong>laudabilem</strong></span> <span class='ocrx_word' id='word_1_345' title='bbox 3312 1971 3377 2010; x_wconf 89' lang='lat' dir='ltr'><strong>ac</strong></span> <span class='ocrx_word' id='word_1_346' title='bbox 3407 1970 3503 2009; x_wconf 83' lang='lat' dir='ltr'><strong>vo-</strong></span> 
     </span>
    </p>
   </div>
   <div class='ocr_carea' id='block_1_49' title="bbox 1926 2046 3500 2119">
    <p class='ocr_par' dir='ltr' id='par_1_49' title="bbox 1926 2046 3500 2119">
     <span class='ocr_line' id='line_1_49' title="bbox 1926 2046 3500 2119; baseline -0.001 -16"><span class='ocrx_word' id='word_1_347' title='bbox 1926 2048 2244 2113; x_wconf 84' lang='lat' dir='ltr'><strong>luntariam,</strong></span> <span class='ocrx_word' id='word_1_348' title='bbox 2281 2064 2443 2119; x_wconf 88' lang='lat' dir='ltr'><strong>quam</strong></span> <span class='ocrx_word' id='word_1_349' title='bbox 2523 2048 2752 2106; x_wconf 79' lang='lat' dir='ltr'><strong>feliciter</strong></span> <span class='ocrx_word' id='word_1_350' title='bbox 2789 2050 3143 2119; x_wconf 79' lang='lat' dir='ltr'><strong>experiuntur</strong></span> <span class='ocrx_word' id='word_1_351' title='bbox 3191 2049 3282 2119; x_wconf 89' lang='lat' dir='ltr'><strong>qui</strong></span> <span class='ocrx_word' id='word_1_352' title='bbox 3340 2046 3500 2118; x_wconf 87' lang='lat' dir='ltr'><strong>primi</strong></span> 
     </span>
    </p>
   </div>
   <div class='ocr_carea' id='block_1_50' title="bbox 1925 2140 3499 2211">
    <p class='ocr_par' dir='ltr' id='par_1_50' title="bbox 1925 2140 3499 2211">
     <span class='ocr_line' id='line_1_50' title="bbox 1925 2140 3499 2211; baseline -0.003 -13"><span class='ocrx_word' id='word_1_353' title='bbox 1925 2157 2054 2198; x_wconf 79' lang='lat' dir='ltr'><strong>suas</strong></span> <span class='ocrx_word' id='word_1_354' title='bbox 2086 2143 2275 2211; x_wconf 81' lang='lat' dir='ltr'><strong>culpas</strong></span> <span class='ocrx_word' id='word_1_355' title='bbox 2314 2143 2571 2197; x_wconf 88' lang='lat' dir='ltr'><strong>dicuntet</strong></span> <span class='ocrx_word' id='word_1_356' title='bbox 2606 2140 3499 2211; x_wconf 84' lang='lat' dir='ltr'><strong>semetipsosjudicant.Quienim</strong></span> 
     </span>
    </p>
   </div>
   <div class='ocr_carea' id='block_1_51' title="bbox 1925 2237 3501 2299">
    <p class='ocr_par' dir='ltr' id='par_1_51' title="bbox 1925 2237 3501 2299">
     <span class='ocr_line' id='line_1_51' title="bbox 1925 2237 3501 2299; baseline -0.003 -8"><span class='ocrx_word' id='word_1_357' title='bbox 1925 2238 2060 2293; x_wconf 85' lang='lat' dir='ltr'><strong>altas</strong></span> <span class='ocrx_word' id='word_1_358' title='bbox 2108 2248 2161 2292; x_wconf 91' lang='lat' dir='ltr'><strong>et</strong></span> <span class='ocrx_word' id='word_1_359' title='bbox 2216 2237 2435 2293; x_wconf 89' lang='lat' dir='ltr'><strong>aliunde</strong></span> <span class='ocrx_word' id='word_1_360' title='bbox 2478 2248 2837 2293; x_wconf 89' lang='lat' dir='ltr'><strong>conteruntur</strong></span> <span class='ocrx_word' id='word_1_361' title='bbox 2882 2247 2936 2291; x_wconf 89' lang='lat' dir='ltr'><strong>et</strong></span> <span class='ocrx_word' id='word_1_362' title='bbox 2985 2237 3364 2299; x_wconf 82' lang='lat' dir='ltr'><strong>humiliantur,</strong></span> <span class='ocrx_word' id='word_1_363' title='bbox 3392 2250 3501 2287; x_wconf 88' lang='lat' dir='ltr'><strong>non</strong></span> 
     </span>
    </p>
   </div>
   <div class='ocr_carea' id='block_1_52' title="bbox 1924 2325 3501 2396">
    <p class='ocr_par' dir='ltr' id='par_1_52' title="bbox 1924 2325 3501 2396">
     <span class='ocr_line' id='line_1_52' title="bbox 1924 2325 3501 2396; baseline -0.003 -12"><span class='ocrx_word' id='word_1_364' title='bbox 1924 2329 2155 2384; x_wconf 87' lang='lat' dir='ltr'><strong>feliciter</strong></span> <span class='ocrx_word' id='word_1_365' title='bbox 2209 2328 2532 2385; x_wconf 69' lang='lat' dir='ltr'><strong>adiciuntur.</strong></span> <span class='ocrx_word' id='word_1_366' title='bbox 2597 2329 2737 2396; x_wconf 84' lang='lat' dir='ltr'><strong>Quid</strong></span> <span class='ocrx_word' id='word_1_367' title='bbox 2778 2329 3052 2384; x_wconf 77' lang='lat' dir='ltr'><strong>enimet-it</strong></span> <span class='ocrx_word' id='word_1_368' title='bbox 3118 2327 3242 2381; x_wconf 90' lang='lat' dir='ltr'><strong>boni</strong></span> <span class='ocrx_word' id='word_1_369' title='bbox 3291 2325 3501 2380; x_wconf 86' lang='lat' dir='ltr'><strong>homini</strong></span> 
     </span>
    </p>
   </div>
   <div class='ocr_carea' id='block_1_53' title="bbox 1924 2419 3503 2492">
    <p class='ocr_par' dir='ltr' id='par_1_53' title="bbox 1924 2419 3503 2492">
     <span class='ocr_line' id='line_1_53' title="bbox 1924 2419 3503 2492; baseline -0.003 -16"><span class='ocrx_word' id='word_1_370' title='bbox 1924 2436 2159 2492; x_wconf 79' lang='lat' dir='ltr'><strong>nequam</strong></span> <span class='ocrx_word' id='word_1_371' title='bbox 2189 2431 2243 2477; x_wconf 83' lang='lat' dir='ltr'><strong>et</strong></span> <span class='ocrx_word' id='word_1_372' title='bbox 2305 2422 2754 2491; x_wconf 70' lang='lat' dir='ltr'><strong>peceatorijuxta</strong></span> <span class='ocrx_word' id='word_1_373' title='bbox 2788 2420 3027 2491; x_wconf 82' lang='lat' dir='ltr'><strong>psalmos</strong></span> <span class='ocrx_word' id='word_1_374' title='bbox 3092 2419 3316 2473; x_wconf 84' lang='lat' dir='ltr'><strong>brachio</strong></span> <span class='ocrx_word' id='word_1_375' title='bbox 3367 2432 3503 2472; x_wconf 85' lang='lat' dir='ltr'><strong>con-</strong></span> 
     </span>
    </p>
   </div>
   <div class='ocr_carea' id='block_1_54' title="bbox 1926 2509 3503 2585">
    <p class='ocr_par' dir='ltr' id='par_1_54' title="bbox 1926 2509 3503 2585">
     <span class='ocr_line' id='line_1_54' title="bbox 1926 2509 3503 2585; baseline -0.004 -16"><span class='ocrx_word' id='word_1_376' title='bbox 1926 2514 2049 2579; x_wconf 90' lang='lat' dir='ltr'><strong>teri,</strong></span> <span class='ocrx_word' id='word_1_377' title='bbox 2073 2515 2156 2569; x_wconf 88' lang='lat' dir='ltr'><strong>vel</strong></span> <span class='ocrx_word' id='word_1_378' title='bbox 2188 2514 2263 2569; x_wconf 89' lang='lat' dir='ltr'><strong>illi</strong></span> <span class='ocrx_word' id='word_1_379' title='bbox 2293 2514 2383 2585; x_wconf 87' lang='lat' dir='ltr'><strong>qui</strong></span> <span class='ocrx_word' id='word_1_380' title='bbox 2437 2512 2689 2569; x_wconf 81' lang='lat' dir='ltr'><strong>inductus</strong></span> <span class='ocrx_word' id='word_1_381' title='bbox 2721 2524 2803 2568; x_wconf 86' lang='lat' dir='ltr'><strong>est</strong></span> <span class='ocrx_word' id='word_1_382' title='bbox 2830 2513 2884 2566; x_wconf 91' lang='lat' dir='ltr'><strong>in</strong></span> <span class='ocrx_word' id='word_1_383' title='bbox 2935 2512 3213 2582; x_wconf 84' lang='lat' dir='ltr'><strong>laqueum.</strong></span> <span class='ocrx_word' id='word_1_384' title='bbox 3238 2519 3291 2564; x_wconf 80' lang='lat' dir='ltr'><strong>ct</strong></span> <span class='ocrx_word' id='word_1_385' title='bbox 3322 2509 3503 2563; x_wconf 84' lang='lat' dir='ltr'><strong>anima</strong></span> 
     </span>
    </p>
   </div>
   <div class='ocr_carea' id='block_1_55' title="bbox 1926 2601 3502 2675">
    <p class='ocr_par' dir='ltr' id='par_1_55' title="bbox 1926 2601 3502 2675">
     <span class='ocr_line' id='line_1_55' title="bbox 1926 2601 3502 2675; baseline -0.005 -13"><span class='ocrx_word' id='word_1_386' title='bbox 1926 2606 2244 2662; x_wconf 86' lang='lat' dir='ltr'><strong>humiliatus</strong></span> <span class='ocrx_word' id='word_1_387' title='bbox 2263 2617 2346 2661; x_wconf 88' lang='lat' dir='ltr'><strong>est</strong></span> <span class='ocrx_word' id='word_1_388' title='bbox 2370 2605 2393 2659; x_wconf 90' lang='lat'><strong>?</strong></span> <span class='ocrx_word' id='word_1_389' title='bbox 2419 2603 2728 2660; x_wconf 79' lang='lat' dir='ltr'><strong>Meminisse</strong></span> <span class='ocrx_word' id='word_1_390' title='bbox 2763 2618 2894 2658; x_wconf 86' lang='lat' dir='ltr'><strong>vero</strong></span> <span class='ocrx_word' id='word_1_391' title='bbox 2942 2611 3156 2675; x_wconf 76' lang='lat' dir='ltr'><strong>Oportet</strong></span> <span class='ocrx_word' id='word_1_392' title='bbox 3190 2601 3336 2655; x_wconf 86' lang='lat' dir='ltr'><strong>illam</strong></span> <span class='ocrx_word' id='word_1_393' title='bbox 3375 2615 3502 2656; x_wconf 86' lang='lat' dir='ltr'><strong>san-</strong></span> 
     </span>
    </p>
   </div>
   <div class='ocr_carea' id='block_1_56' title="bbox 1926 2691 3503 2764">
    <p class='ocr_par' dir='ltr' id='par_1_56' title="bbox 1926 2691 3503 2764">
     <span class='ocr_line' id='line_1_56' title="bbox 1926 2691 3503 2764; baseline -0.007 -10"><span class='ocrx_word' id='word_1_394' title='bbox 1926 2698 2227 2756; x_wconf 86' lang='lat' dir='ltr'><strong>ctissimam</strong></span> <span class='ocrx_word' id='word_1_395' title='bbox 2259 2696 2641 2752; x_wconf 89' lang='lat' dir='ltr'><strong>contritionem</strong></span> <span class='ocrx_word' id='word_1_396' title='bbox 2672 2709 2770 2764; x_wconf 88' lang='lat' dir='ltr'><strong>per</strong></span> <span class='ocrx_word' id='word_1_397' title='bbox 2800 2692 2970 2747; x_wconf 87' lang='lat' dir='ltr'><strong>Deum</strong></span> <span class='ocrx_word' id='word_1_398' title='bbox 3022 2691 3136 2747; x_wconf 83' lang='lat' dir='ltr'><strong>fieri</strong></span> <span class='ocrx_word' id='word_1_399' title='bbox 3169 2691 3261 2761; x_wconf 90' lang='lat' dir='ltr'><strong>qui</strong></span> <span class='ocrx_word' id='word_1_400' title='bbox 3310 2691 3503 2760; x_wconf 83' lang='lat' dir='ltr'><strong>probat</strong></span> 
     </span>
    </p>
   </div>
   <div class='ocr_carea' id='block_1_57' title="bbox 1927 2780 3502 2858">
    <p class='ocr_par' dir='ltr' id='par_1_57' title="bbox 1927 2780 3502 2858">
     <span class='ocr_line' id='line_1_57' title="bbox 1927 2780 3502 2858; baseline -0.006 -15"><span class='ocrx_word' id='word_1_401' title='bbox 1927 2801 2103 2858; x_wconf 88' lang='lat' dir='ltr'><strong>neque</strong></span> <span class='ocrx_word' id='word_1_402' title='bbox 2154 2786 2331 2858; x_wconf 84' lang='lat' dir='ltr'><strong>rejicit</strong></span> <span class='ocrx_word' id='word_1_403' title='bbox 2384 2784 2634 2856; x_wconf 85' lang='lat' dir='ltr'><strong>spiritum</strong></span> <span class='ocrx_word' id='word_1_404' title='bbox 2670 2782 2988 2849; x_wconf 86' lang='lat' dir='ltr'><strong>contritum,</strong></span> <span class='ocrx_word' id='word_1_405' title='bbox 3038 2791 3098 2837; x_wconf 90' lang='lat' dir='ltr'><strong>ut</strong></span> <span class='ocrx_word' id='word_1_406' title='bbox 3126 2781 3347 2849; x_wconf 78' lang='lat' dir='ltr'><strong>dignum</strong></span> <span class='ocrx_word' id='word_1_407' title='bbox 3406 2780 3502 2851; x_wconf 84' lang='lat' dir='ltr'><strong>qui</strong></span> 
     </span>
    </p>
   </div>
   <div class='ocr_carea' id='block_1_58' title="bbox 1928 2874 3503 2950">
    <p class='ocr_par' dir='ltr' id='par_1_58' title="bbox 1928 2874 3503 2950">
     <span class='ocr_line' id='line_1_58' title="bbox 1928 2874 3503 2950; baseline -0.004 -15"><span class='ocrx_word' id='word_1_408' title='bbox 1928 2879 2031 2935; x_wconf 81' lang='lat' dir='ltr'><strong>sibi</strong></span> <span class='ocrx_word' id='word_1_409' title='bbox 2079 2879 2480 2950; x_wconf 71' lang='lat' dir='ltr'><strong>coniungatur;</strong></span> <span class='ocrx_word' id='word_1_410' title='bbox 2509 2883 2564 2932; x_wconf 87' lang='lat' dir='ltr'><strong>et</strong></span> <span class='ocrx_word' id='word_1_411' title='bbox 2593 2879 2697 2933; x_wconf 85' lang='lat' dir='ltr'><strong>ista</strong></span> <span class='ocrx_word' id='word_1_412' title='bbox 2728 2876 2984 2932; x_wconf 83' lang='lat' dir='ltr'><strong>contritio</strong></span> <span class='ocrx_word' id='word_1_413' title='bbox 3039 2876 3120 2932; x_wconf 84' lang='lat' dir='ltr'><strong>sic</strong></span> <span class='ocrx_word' id='word_1_414' title='bbox 3145 2874 3343 2930; x_wconf 84' lang='lat' dir='ltr'><strong>dicitur</strong></span> <span class='ocrx_word' id='word_1_415' title='bbox 3376 2874 3503 2943; x_wconf 81' lang='lat' dir='ltr'><strong>quia</strong></span> 
     </span>
    </p>
   </div>
   <div class='ocr_carea' id='block_1_59' title="bbox 1929 2963 3499 3038">
    <p class='ocr_par' dir='ltr' id='par_1_59' title="bbox 1929 2963 3499 3038">
     <span class='ocr_line' id='line_1_59' title="bbox 1929 2963 3499 3038; baseline -0.006 -13"><span class='ocrx_word' id='word_1_416' title='bbox 1929 2983 2055 3025; x_wconf 87' lang='lat' dir='ltr'><strong>cum</strong></span> <span class='ocrx_word' id='word_1_417' title='bbox 2083 2969 2256 3024; x_wconf 87' lang='lat' dir='ltr'><strong>altero</strong></span> <span class='ocrx_word' id='word_1_418' title='bbox 2310 2969 2491 3023; x_wconf 88' lang='lat' dir='ltr'><strong>anima</strong></span> <span class='ocrx_word' id='word_1_419' title='bbox 2541 2968 2890 3038; x_wconf 80' lang='lat' dir='ltr'><strong>semetipsarn</strong></span> <span class='ocrx_word' id='word_1_420' title='bbox 2942 2967 3124 3022; x_wconf 78' lang='lat' dir='ltr'><strong>atterit</strong></span> <span class='ocrx_word' id='word_1_421' title='bbox 3187 2974 3244 3021; x_wconf 89' lang='lat' dir='ltr'><strong>et</strong></span> <span class='ocrx_word' id='word_1_422' title='bbox 3278 2963 3499 3035; x_wconf 75' lang='lat' dir='ltr'><strong>frangit,</strong></span> 
     </span>
    </p>
   </div>
   <div class='ocr_carea' id='block_1_60' title="bbox 1929 3055 3501 3130">
    <p class='ocr_par' dir='ltr' id='par_1_60' title="bbox 1929 3055 3501 3130">
     <span class='ocr_line' id='line_1_60' title="bbox 1929 3055 3501 3130; baseline -0.004 -15"><span class='ocrx_word' id='word_1_423' title='bbox 1929 3071 1985 3115; x_wconf 88' lang='lat' dir='ltr'><strong>et</strong></span> <span class='ocrx_word' id='word_1_424' title='bbox 2024 3060 2169 3130; x_wconf 87' lang='lat' dir='ltr'><strong>quod</strong></span> <span class='ocrx_word' id='word_1_425' title='bbox 2222 3060 2275 3113; x_wconf 92' lang='lat' dir='ltr'><strong>iu</strong></span> <span class='ocrx_word' id='word_1_426' title='bbox 2327 3074 2386 3115; x_wconf 89' lang='lat' dir='ltr'><strong>se</strong></span> <span class='ocrx_word' id='word_1_427' title='bbox 2425 3063 2620 3114; x_wconf 90' lang='lat' dir='ltr'><strong>durum</strong></span> <span class='ocrx_word' id='word_1_428' title='bbox 2661 3068 2766 3123; x_wconf 89' lang='lat' dir='ltr'><strong>est,</strong></span> <span class='ocrx_word' id='word_1_429' title='bbox 2818 3066 3088 3122; x_wconf 85' lang='lat' dir='ltr'><strong>attenuat,</strong></span> <span class='ocrx_word' id='word_1_430' title='bbox 3127 3067 3180 3112; x_wconf 88' lang='lat' dir='ltr'><strong>et</strong></span> <span class='ocrx_word' id='word_1_431' title='bbox 3231 3055 3501 3111; x_wconf 86' lang='lat' dir='ltr'><strong>tuinuitin</strong></span> 
     </span>
    </p>
   </div>
   <div class='ocr_carea' id='block_1_61' title="bbox 245 3149 1826 3242">
    <p class='ocr_par' dir='ltr' id='par_1_61' title="bbox 245 3156 1826 3233">
     <span class='ocr_line' id='line_1_61' title="bbox 245 3156 1826 3233; baseline 0.007 -27"><span class='ocrx_word' id='word_1_432' title='bbox 245 3156 457 3227; x_wconf 82' lang='grc' dir='ltr'><strong>τρίϐειν</strong></span> <span class='ocrx_word' id='word_1_433' title='bbox 497 3157 697 3229; x_wconf 75' lang='grc' dir='ltr'><strong>ἑαυτὴν</strong></span> <span class='ocrx_word' id='word_1_434' title='bbox 727 3160 821 3212; x_wconf 74' lang='grc' dir='ltr'><strong>καὶ</strong></span> <span class='ocrx_word' id='word_1_435' title='bbox 852 3159 1108 3231; x_wconf 77' lang='grc' dir='ltr'><strong>συνθλᾷν,</strong></span> <span class='ocrx_word' id='word_1_436' title='bbox 1140 3160 1237 3217; x_wconf 73' lang='grc' dir='ltr'><strong>καὶ</strong></span> <span class='ocrx_word' id='word_1_437' title='bbox 1271 3163 1564 3233; x_wconf 80' lang='grc' dir='ltr'><strong>ἐπισχνοῦν</strong></span> <span class='ocrx_word' id='word_1_438' title='bbox 1611 3164 1671 3216; x_wconf 80' lang='grc' dir='ltr'><strong>τὸ</strong></span> <span class='ocrx_word' id='word_1_439' title='bbox 1704 3165 1826 3217; x_wconf 77' lang='grc' dir='ltr'><strong>κατ’</strong></span> 
     </span>
    </p>
   </div>
   <div class='ocr_carea' id='block_1_62' title="bbox 1934 3149 3508 3242">
    <p class='ocr_par' dir='ltr' id='par_1_62' title="bbox 1934 3149 3508 3223">
     <span class='ocr_line' id='line_1_62' title="bbox 1934 3149 3508 3223; baseline -0.003 -14"><span class='ocrx_word' id='word_1_440' title='bbox 1934 3152 2182 3223; x_wconf 85' lang='lat' dir='ltr'><strong>spiritum</strong></span> <span class='ocrx_word' id='word_1_441' title='bbox 2239 3152 2457 3217; x_wconf 88' lang='lat' dir='ltr'><strong>corpori</strong></span> <span class='ocrx_word' id='word_1_442' title='bbox 2515 3152 2892 3208; x_wconf 86' lang='lat' dir='ltr'><strong>dissociatum.</strong></span> <span class='ocrx_word' id='word_1_443' title='bbox 2925 3149 3157 3217; x_wconf 80' lang='lat' dir='ltr'><strong>Quinam</strong></span> <span class='ocrx_word' id='word_1_444' title='bbox 3186 3159 3363 3205; x_wconf 87' lang='lat' dir='ltr'><strong>autem</strong></span> <span class='ocrx_word' id='word_1_445' title='bbox 3421 3160 3508 3205; x_wconf 74' lang='lat' dir='ltr'><strong>est</strong></span> 
     </span>
    </p>
   </div>
   <div class='ocr_carea' id='block_1_63' title="bbox 248 3249 1827 3325">
    <p class='ocr_par' dir='ltr' id='par_1_63' title="bbox 248 3249 1827 3325">
     <span class='ocr_line' id='line_1_63' title="bbox 248 3249 1827 3325; baseline 0.005 -23"><span class='ocrx_word' id='word_1_446' title='bbox 248 3249 422 3318; x_wconf 79' lang='grc' dir='ltr'><strong>αὐτὴν</strong></span> <span class='ocrx_word' id='word_1_447' title='bbox 462 3250 698 3320; x_wconf 82' lang='grc' dir='ltr'><strong>σκληρὸν</strong></span> <span class='ocrx_word' id='word_1_448' title='bbox 717 3253 815 3306; x_wconf 77' lang='grc' dir='ltr'><strong>καὶ</strong></span> <span class='ocrx_word' id='word_1_449' title='bbox 833 3250 1231 3306; x_wconf 75' lang='grc' dir='ltr'><strong>ἀπολεπτύνειν</strong></span> <span class='ocrx_word' id='word_1_450' title='bbox 1253 3254 1335 3317; x_wconf 84' lang='grc' dir='ltr'><strong>είς</strong></span> <span class='ocrx_word' id='word_1_451' title='bbox 1365 3254 1586 3324; x_wconf 81' lang='grc' dir='ltr'><strong>πνεῦμα</strong></span> <span class='ocrx_word' id='word_1_452' title='bbox 1611 3256 1827 3325; x_wconf 84' lang='grc' dir='ltr'><strong>σώματι</strong></span> 
     </span>
    </p>
   </div>
   <div class='ocr_carea' id='block_1_64' title="bbox 248 3338 1827 3416">
    <p class='ocr_par' dir='ltr' id='par_1_64' title="bbox 248 3338 1827 3416">
     <span class='ocr_line' id='line_1_64' title="bbox 248 3338 1827 3416; baseline 0.003 -21"><span class='ocrx_word' id='word_1_453' title='bbox 248 3338 641 3397; x_wconf 74' lang='grc' dir='ltr'><strong>ἀσυνδύαστον.</strong></span> <span class='ocrx_word' id='word_1_454' title='bbox 682 3342 839 3406; x_wconf 65' lang='lat' dir='ltr'><strong>ﬂcio;</strong></span> <span class='ocrx_word' id='word_1_455' title='bbox 873 3342 933 3397; x_wconf 74' lang='grc' dir='ltr'><strong>δι</strong></span> <span class='ocrx_word' id='word_1_456' title='bbox 964 3345 1174 3407; x_wconf 74' lang='grc' dir='ltr'><strong>ἰκτῖνος</strong></span> <span class='ocrx_word' id='word_1_457' title='bbox 1221 3344 1450 3416; x_wconf 74' lang='grc' dir='ltr'><strong>ἓτεροςς</strong></span> <span class='ocrx_word' id='word_1_458' title='bbox 1498 3346 1558 3400; x_wconf 88' lang='grc' dir='ltr'>Ὀ</span> <span class='ocrx_word' id='word_1_459' title='bbox 1587 3346 1740 3413; x_wconf 86' lang='grc' dir='ltr'><strong>Θεὸς,</strong></span> <span class='ocrx_word' id='word_1_460' title='bbox 1766 3346 1827 3400; x_wconf 82' lang='grc' dir='ltr'><strong>οὗ</strong></span> 
     </span>
    </p>
   </div>
   <div class='ocr_carea' id='block_1_65' title="bbox 253 3431 1829 3510">
    <p class='ocr_par' dir='ltr' id='par_1_65' title="bbox 253 3431 1829 3510">
     <span class='ocr_line' id='line_1_65' title="bbox 253 3431 1829 3510; baseline 0.005 -26"><span class='ocrx_word' id='word_1_461' title='bbox 253 3431 864 3504; x_wconf 72' lang='grc' dir='ltr'><strong>συνεπιλαμϐανομινου</strong></span> <span class='ocrx_word' id='word_1_462' title='bbox 913 3434 993 3506; x_wconf 80' lang='grc' dir='ltr'><strong>τῷ</strong></span> <span class='ocrx_word' id='word_1_463' title='bbox 1040 3435 1157 3507; x_wconf 84' lang='grc' dir='ltr'><strong>ίδίῳ</strong></span> <span class='ocrx_word' id='word_1_464' title='bbox 1210 3435 1514 3507; x_wconf 82' lang='grc' dir='ltr'><strong>πλάσματι,</strong></span> <span class='ocrx_word' id='word_1_465' title='bbox 1547 3438 1622 3497; x_wconf 74' lang='grc' dir='ltr'><strong>ὡς</strong></span> <span class='ocrx_word' id='word_1_466' title='bbox 1649 3439 1829 3510; x_wconf 77' lang='grc' dir='ltr'><strong>ψυχὴν</strong></span> 
     </span>
    </p>
   </div>
   <div class='ocr_carea' id='block_1_66' title="bbox 253 3523 1830 3601">
    <p class='ocr_par' dir='ltr' id='par_1_66' title="bbox 253 3523 1830 3601">
     <span class='ocr_line' id='line_1_66' title="bbox 253 3523 1830 3601; baseline 0.005 -24"><span class='ocrx_word' id='word_1_467' title='bbox 253 3526 429 3593; x_wconf 77' lang='grc' dir='ltr'><strong>μόνην</strong></span> <span class='ocrx_word' id='word_1_468' title='bbox 453 3523 522 3576; x_wconf 84' lang='grc' dir='ltr'><strong>δι’</strong></span> <span class='ocrx_word' id='word_1_469' title='bbox 547 3524 712 3579; x_wconf 83' lang='grc' dir='ltr'><strong>αὐτοῦ</strong></span> <span class='ocrx_word' id='word_1_470' title='bbox 742 3526 1124 3582; x_wconf 72' lang='grc' dir='ltr'><strong>ἀποτελεῖσθαι</strong></span> <span class='ocrx_word' id='word_1_471' title='bbox 1146 3529 1238 3584; x_wconf 91' lang='grc' dir='ltr'><strong>τὸν</strong></span> <span class='ocrx_word' id='word_1_472' title='bbox 1261 3528 1515 3585; x_wconf 83' lang='grc' dir='ltr'><strong>σύνθετον</strong></span> <span class='ocrx_word' id='word_1_473' title='bbox 1535 3530 1830 3601; x_wconf 75' lang='grc' dir='ltr'><strong>ἄνθρωπον</strong></span> 
     </span>
    </p>
   </div>
   <div class='ocr_carea' id='block_1_67' title="bbox 250 3615 1829 3694">
    <p class='ocr_par' dir='ltr' id='par_1_67' title="bbox 250 3615 1829 3694">
     <span class='ocr_line' id='line_1_67' title="bbox 250 3615 1829 3694; baseline 0.005 -26"><span class='ocrx_word' id='word_1_474' title='bbox 250 3615 310 3678; x_wconf 84' lang='grc' dir='ltr'><strong>ὃς</strong></span> <span class='ocrx_word' id='word_1_475' title='bbox 337 3615 514 3673; x_wconf 67' lang='grc' dir='ltr'><strong>ἐθέλει</strong></span> <span class='ocrx_word' id='word_1_476' title='bbox 544 3617 929 3688; x_wconf 84' lang='grc' dir='ltr'><strong>συντρίϐεσθαι</strong></span> <span class='ocrx_word' id='word_1_477' title='bbox 969 3621 1050 3683; x_wconf 78' lang='grc' dir='ltr'><strong>τίς</strong></span> <span class='ocrx_word' id='word_1_478' title='bbox 1070 3619 1253 3690; x_wconf 81' lang='grc' dir='ltr'><strong>εὐαφῆ</strong></span> <span class='ocrx_word' id='word_1_479' title='bbox 1288 3621 1618 3675; x_wconf 77' lang='grc' dir='ltr'><strong>ταπείνωσιν</strong></span> <span class='ocrx_word' id='word_1_480' title='bbox 1642 3624 1744 3694; x_wconf 78' lang='grc' dir='ltr'><strong>την</strong></span> <span class='ocrx_word' id='word_1_481' title='bbox 1771 3625 1829 3676; x_wconf 71' lang='grc' dir='ltr'><strong>εν</strong></span> 
     </span>
    </p>
   </div>
   <div class='ocr_carea' id='block_1_68' title="bbox 248 3705 1829 3779">
    <p class='ocr_par' dir='ltr' id='par_1_68' title="bbox 248 3705 1829 3779">
     <span class='ocr_line' id='line_1_68' title="bbox 248 3705 1829 3779; baseline 0.004 -21"><span class='ocrx_word' id='word_1_482' title='bbox 248 3705 393 3776; x_wconf 83' lang='grc' dir='ltr'><strong>Θεῷ,</strong></span> <span class='ocrx_word' id='word_1_483' title='bbox 415 3707 698 3773; x_wconf 79' lang='grc' dir='ltr'><strong>ὲξανύεται</strong></span> <span class='ocrx_word' id='word_1_484' title='bbox 718 3710 846 3779; x_wconf 70' lang='grc' dir='ltr'><strong>ῥᾷον</strong></span> <span class='ocrx_word' id='word_1_485' title='bbox 868 3708 928 3762; x_wconf 88' lang='grc' dir='ltr'><strong>τὸ</strong></span> <span class='ocrx_word' id='word_1_486' title='bbox 952 3708 1052 3779; x_wconf 79' lang='grc' dir='ltr'><strong>τῆς</strong></span> <span class='ocrx_word' id='word_1_487' title='bbox 1084 3710 1376 3779; x_wconf 81' lang='grc' dir='ltr'><strong>συντριϐἧς</strong></span> <span class='ocrx_word' id='word_1_488' title='bbox 1399 3709 1625 3778; x_wconf 80' lang='grc' dir='ltr'><strong>ἀγαθόν.</strong></span> <span class='ocrx_word' id='word_1_489' title='bbox 1668 3711 1829 3764; x_wconf 71' lang='grc' dir='ltr'><strong>Ἀλλὰ</strong></span> 
     </span>
    </p>
   </div>
   <div class='ocr_carea' id='block_1_69' title="bbox 247 3794 1830 3870">
    <p class='ocr_par' dir='ltr' id='par_1_69' title="bbox 247 3794 1830 3870">
     <span class='ocr_line' id='line_1_69' title="bbox 247 3794 1830 3870; baseline 0.003 -23"><span class='ocrx_word' id='word_1_490' title='bbox 247 3794 429 3852; x_wconf 71' lang='grc' dir='ltr'><strong>ταῦτα</strong></span> <span class='ocrx_word' id='word_1_491' title='bbox 471 3795 572 3864; x_wconf 71' lang='grc' dir='ltr'><strong>μὲν</strong></span> <span class='ocrx_word' id='word_1_492' title='bbox 613 3799 937 3868; x_wconf 72' lang='grc' dir='ltr'><strong>πεπύρωται</strong></span> <span class='ocrx_word' id='word_1_493' title='bbox 970 3799 1353 3869; x_wconf 80' lang='grc' dir='ltr'><strong>μεταφορικῶς</strong></span> <span class='ocrx_word' id='word_1_494' title='bbox 1384 3800 1493 3852; x_wconf 82' lang='grc' dir='ltr'><strong>ἀπὸ</strong></span> <span class='ocrx_word' id='word_1_495' title='bbox 1536 3799 1830 3870; x_wconf 78' lang='grc' dir='ltr'><strong>συντριϐῆς</strong></span> 
     </span>
    </p>
   </div>
   <div class='ocr_carea' id='block_1_70' title="bbox 250 3887 1828 3974">
    <p class='ocr_par' dir='ltr' id='par_1_70' title="bbox 250 3887 1828 3974">
     <span class='ocr_line' id='line_1_70' title="bbox 250 3887 1828 3974; baseline 0.004 -34"><span class='ocrx_word' id='word_1_496' title='bbox 250 3887 369 3958; x_wconf 66' lang='grc' dir='ltr'><strong>ἅμα</strong></span> <span class='ocrx_word' id='word_1_497' title='bbox 428 3890 522 3941; x_wconf 84' lang='grc' dir='ltr'><strong>καὶ</strong></span> <span class='ocrx_word' id='word_1_498' title='bbox 570 3890 977 3960; x_wconf 71' lang='grc' dir='ltr'><strong>κατακάμψεως</strong></span> <span class='ocrx_word' id='word_1_499' title='bbox 1015 3892 1248 3974; x_wconf 76' lang='grc' dir='ltr'><strong>φυτικῆς</strong></span> <span class='ocrx_word' id='word_1_500' title='bbox 1275 3908 1289 3923; x_wconf 76' lang='grc' dir='ltr'><strong><em>ο</em></strong></span> <span class='ocrx_word' id='word_1_501' title='bbox 1348 3891 1521 3955; x_wconf 74' lang='grc' dir='ltr'><strong>ἄλλως</strong></span> <span class='ocrx_word' id='word_1_502' title='bbox 1569 3893 1627 3945; x_wconf 76' lang='grc' dir='ltr'><strong>δὲ</strong></span> <span class='ocrx_word' id='word_1_503' title='bbox 1674 3894 1828 3964; x_wconf 72' lang='grc' dir='ltr'><strong>καὶὴ</strong></span> 
     </span>
    </p>
   </div>
   <div class='ocr_carea' id='block_1_71' title="bbox 251 3974 1826 4055">
    <p class='ocr_par' dir='ltr' id='par_1_71' title="bbox 251 3974 1826 4055">
     <span class='ocr_line' id='line_1_71' title="bbox 251 3974 1826 4055; baseline 0.007 -29"><span class='ocrx_word' id='word_1_504' title='bbox 251 3974 573 4045; x_wconf 69' lang='grc' dir='ltr'><strong>καταμόνας</strong></span> <span class='ocrx_word' id='word_1_505' title='bbox 597 3977 831 4049; x_wconf 80' lang='grc' dir='ltr'><strong>τροπικὴ</strong></span> <span class='ocrx_word' id='word_1_506' title='bbox 873 3980 1157 4050; x_wconf 78' lang='grc' dir='ltr'><strong>συντριϐὴ,</strong></span> <span class='ocrx_word' id='word_1_507' title='bbox 1206 3980 1347 4045; x_wconf 82' lang='grc' dir='ltr'><strong>ὅπερ</strong></span> <span class='ocrx_word' id='word_1_508' title='bbox 1374 3982 1491 4035; x_wconf 75' lang='grc' dir='ltr'><strong>εστὶ</strong></span> <span class='ocrx_word' id='word_1_509' title='bbox 1523 3981 1826 4055; x_wconf 76' lang='grc' dir='ltr'><strong>σύντριψις,</strong></span> 
     </span>
    </p>
   </div>
   <div class='ocr_carea' id='block_1_72' title="bbox 250 4066 1831 4149">
    <p class='ocr_par' dir='ltr' id='par_1_72' title="bbox 250 4066 1831 4149">
     <span class='ocr_line' id='line_1_72' title="bbox 250 4066 1831 4149; baseline 0.009 -31"><span class='ocrx_word' id='word_1_510' title='bbox 250 4067 505 4139; x_wconf 79' lang='grc' dir='ltr'><strong>χρησίμη</strong></span> <span class='ocrx_word' id='word_1_511' title='bbox 548 4068 798 4138; x_wconf 88' lang='grc' dir='ltr'><strong>φαίνεται</strong></span> <span class='ocrx_word' id='word_1_512' title='bbox 837 4066 980 4125; x_wconf 77' lang='grc' dir='ltr'><strong>εῖναι</strong></span> <span class='ocrx_word' id='word_1_513' title='bbox 1029 4074 1109 4134; x_wconf 82' lang='grc' dir='ltr'><strong>είς</strong></span> <span class='ocrx_word' id='word_1_514' title='bbox 1140 4073 1201 4126; x_wconf 87' lang='grc' dir='ltr'><strong>τὸ</strong></span> <span class='ocrx_word' id='word_1_515' title='bbox 1234 4074 1335 4145; x_wconf 79' lang='grc' dir='ltr'><strong>τὴν</strong></span> <span class='ocrx_word' id='word_1_516' title='bbox 1360 4076 1831 4149; x_wconf 75' lang='grc' dir='ltr'><strong>συντετριμμένην</strong></span> 
     </span>
    </p>
   </div>
   <div class='ocr_carea' id='block_1_73' title="bbox 251 4157 1834 4237">
    <p class='ocr_par' dir='ltr' id='par_1_73' title="bbox 251 4157 1834 4237">
     <span class='ocr_line' id='line_1_73' title="bbox 251 4157 1834 4237; baseline 0.004 -25"><span class='ocrx_word' id='word_1_517' title='bbox 251 4159 397 4213; x_wconf 70' lang='grc' dir='ltr'><strong>κατὰ</strong></span> <span class='ocrx_word' id='word_1_518' title='bbox 426 4157 563 4214; x_wconf 89' lang='grc' dir='ltr'><strong>Θεὸν</strong></span> <span class='ocrx_word' id='word_1_519' title='bbox 591 4159 792 4230; x_wconf 80' lang='grc' dir='ltr'><strong>ψυχὴν,</strong></span> <span class='ocrx_word' id='word_1_520' title='bbox 819 4162 912 4216; x_wconf 79' lang='grc' dir='ltr'><strong>καὶ</strong></span> <span class='ocrx_word' id='word_1_521' title='bbox 936 4160 1111 4226; x_wconf 74' lang='grc' dir='ltr'><strong>οὕτως</strong></span> <span class='ocrx_word' id='word_1_522' title='bbox 1134 4164 1473 4235; x_wconf 81' lang='grc' dir='ltr'><strong>ἀτράχυντον</strong></span> <span class='ocrx_word' id='word_1_523' title='bbox 1497 4168 1592 4220; x_wconf 83' lang='grc' dir='ltr'><strong>καὶ</strong></span> <span class='ocrx_word' id='word_1_524' title='bbox 1622 4164 1834 4237; x_wconf 78' lang='grc' dir='ltr'><strong>ἀσκλή-</strong></span> 
     </span>
    </p>
   </div>
   <div class='ocr_carea' id='block_1_74' title="bbox 253 4251 1833 4328">
    <p class='ocr_par' dir='ltr' id='par_1_74' title="bbox 253 4251 1833 4328">
     <span class='ocr_line' id='line_1_74' title="bbox 253 4251 1833 4328; baseline 0.007 -27"><span class='ocrx_word' id='word_1_525' title='bbox 253 4266 475 4318; x_wconf 86' lang='grc' dir='ltr'><strong>ρυντον,</strong></span> <span class='ocrx_word' id='word_1_526' title='bbox 533 4253 630 4304; x_wconf 74' lang='grc' dir='ltr'><strong>καὶ</strong></span> <span class='ocrx_word' id='word_1_527' title='bbox 674 4251 797 4306; x_wconf 76' lang='grc' dir='ltr'><strong>οὐδὲ</strong></span> <span class='ocrx_word' id='word_1_528' title='bbox 854 4254 1195 4327; x_wconf 70' lang='grc' dir='ltr'><strong>ἐπηρμένην,</strong></span> <span class='ocrx_word' id='word_1_529' title='bbox 1255 4257 1638 4311; x_wconf 75' lang='grc' dir='ltr'><strong>κατανοεῖσθαι</strong></span> <span class='ocrx_word' id='word_1_530' title='bbox 1671 4259 1833 4328; x_wconf 83' lang='grc' dir='ltr'><strong>φίλην</strong></span> 
     </span>
    </p>
   </div>
   <div class='ocr_carea' id='block_1_75' title="bbox 252 4335 1832 4419">
    <p class='ocr_par' dir='ltr' id='par_1_75' title="bbox 252 4335 1832 4419">
     <span class='ocr_line' id='line_1_75' title="bbox 252 4335 1832 4419; baseline 0.009 -29"><span class='ocrx_word' id='word_1_531' title='bbox 252 4335 396 4393; x_wconf 81' lang='grc' dir='ltr'><strong>εἶναι</strong></span> <span class='ocrx_word' id='word_1_532' title='bbox 452 4338 532 4407; x_wconf 83' lang='grc' dir='ltr'><strong>τῷ</strong></span> <span class='ocrx_word' id='word_1_533' title='bbox 580 4340 722 4412; x_wconf 84' lang='grc' dir='ltr'><strong>Θεῷ.</strong></span> <span class='ocrx_word' id='word_1_534' title='bbox 752 4343 1090 4399; x_wconf 57' lang='lat' dir='ltr'><strong>Bouh-utﬁt</strong></span> <span class='ocrx_word' id='word_1_535' title='bbox 1114 4347 1207 4400; x_wconf 80' lang='grc' dir='ltr'><strong>καὶ</strong></span> <span class='ocrx_word' id='word_1_536' title='bbox 1249 4347 1423 4410; x_wconf 75' lang='grc' dir='ltr'><strong>ἄλλως</strong></span> <span class='ocrx_word' id='word_1_537' title='bbox 1464 4350 1497 4418; x_wconf 80' lang='grc' dir='ltr'>ἡ</span> <span class='ocrx_word' id='word_1_538' title='bbox 1543 4350 1686 4403; x_wconf 80' lang='grc' dir='ltr'><strong>κατά</strong></span> <span class='ocrx_word' id='word_1_539' title='bbox 1732 4352 1832 4419; x_wconf 80' lang='grc' dir='ltr'><strong>τὴν</strong></span> 
     </span>
    </p>
   </div>
   <div class='ocr_carea' id='block_1_76' title="bbox 256 4430 1831 4508">
    <p class='ocr_par' dir='ltr' id='par_1_76' title="bbox 256 4430 1831 4508">
     <span class='ocr_line' id='line_1_76' title="bbox 256 4430 1831 4508; baseline 0.008 -28"><span class='ocrx_word' id='word_1_540' title='bbox 256 4430 554 4501; x_wconf 82' lang='grc' dir='ltr'><strong>ουντριϐὴν</strong></span> <span class='ocrx_word' id='word_1_541' title='bbox 577 4433 774 4503; x_wconf 76' lang='grc' dir='ltr'><strong>τροπὴ,</strong></span> <span class='ocrx_word' id='word_1_542' title='bbox 811 4434 842 4488; x_wconf 82' lang='grc' dir='ltr'><strong><em>ὃ</em></strong></span> <span class='ocrx_word' id='word_1_543' title='bbox 866 4434 985 4488; x_wconf 74' lang='grc' dir='ltr'><strong>ἐστι</strong></span> <span class='ocrx_word' id='word_1_544' title='bbox 1017 4436 1324 4508; x_wconf 71' lang='grc' dir='ltr'><strong>μεταφορὰ,</strong></span> <span class='ocrx_word' id='word_1_545' title='bbox 1369 4436 1568 4508; x_wconf 80' lang='grc' dir='ltr'><strong>δηλοῦν</strong></span> <span class='ocrx_word' id='word_1_546' title='bbox 1594 4439 1831 4492; x_wconf 75' lang='grc' dir='ltr'><strong>ἐνταῦθα</strong></span> 
     </span>
    </p>
   </div>
   <div class='ocr_carea' id='block_1_77' title="bbox 1931 3244 3478 3315">
    <p class='ocr_par' dir='ltr' id='par_1_77' title="bbox 1931 3244 3478 3315">
     <span class='ocr_line' id='line_1_77' title="bbox 1931 3244 3478 3315; baseline -0.003 -16"><span class='ocrx_word' id='word_1_547' title='bbox 1931 3244 2021 3300; x_wconf 90' lang='lat' dir='ltr'><strong>ille</strong></span> <span class='ocrx_word' id='word_1_548' title='bbox 2060 3245 2237 3300; x_wconf 83' lang='lat' dir='ltr'><strong>alter?</strong></span> <span class='ocrx_word' id='word_1_549' title='bbox 2280 3244 2444 3307; x_wconf 74' lang='lat' dir='ltr'><strong>Deus,</strong></span> <span class='ocrx_word' id='word_1_550' title='bbox 2496 3259 2605 3315; x_wconf 89' lang='lat' dir='ltr'><strong>quo</strong></span> <span class='ocrx_word' id='word_1_551' title='bbox 2641 3245 2917 3315; x_wconf 88' lang='lat' dir='ltr'><strong>propriam</strong></span> <span class='ocrx_word' id='word_1_552' title='bbox 2990 3253 3299 3299; x_wconf 85' lang='lat' dir='ltr'><strong>creaturam</strong></span> <span class='ocrx_word' id='word_1_553' title='bbox 3351 3244 3478 3310; x_wconf 68' lang='lat' dir='ltr'><strong>adju</strong></span> 
     </span>
    </p>
   </div>
   <div class='ocr_carea' id='block_1_78' title="bbox 1930 3335 3504 3407">
    <p class='ocr_par' dir='ltr' id='par_1_78' title="bbox 1930 3335 3504 3407">
     <span class='ocr_line' id='line_1_78' title="bbox 1930 3335 3504 3407; baseline -0.001 -17"><span class='ocrx_word' id='word_1_554' title='bbox 1930 3345 2110 3404; x_wconf 75' lang='lat' dir='ltr'><strong>vente,</strong></span> <span class='ocrx_word' id='word_1_555' title='bbox 2132 3337 2206 3392; x_wconf 91' lang='lat' dir='ltr'><strong>ita</strong></span> <span class='ocrx_word' id='word_1_556' title='bbox 2235 3346 2296 3393; x_wconf 90' lang='lat' dir='ltr'><strong>ut</strong></span> <span class='ocrx_word' id='word_1_557' title='bbox 2327 3338 2504 3392; x_wconf 87' lang='lat' dir='ltr'><strong>anima</strong></span> <span class='ocrx_word' id='word_1_558' title='bbox 2536 3337 2652 3392; x_wconf 84' lang='lat' dir='ltr'><strong>sola</strong></span> <span class='ocrx_word' id='word_1_559' title='bbox 2684 3352 2777 3407; x_wconf 89' lang='lat' dir='ltr'><strong>per</strong></span> <span class='ocrx_word' id='word_1_560' title='bbox 2807 3335 2984 3405; x_wconf 88' lang='lat' dir='ltr'><strong>ipsum</strong></span> <span class='ocrx_word' id='word_1_561' title='bbox 3010 3336 3325 3406; x_wconf 81' lang='lat' dir='ltr'><strong>perﬁciatur</strong></span> <span class='ocrx_word' id='word_1_562' title='bbox 3350 3349 3504 3389; x_wconf 85' lang='lat' dir='ltr'><strong>com-</strong></span> 
     </span>
    </p>
   </div>
   <div class='ocr_carea' id='block_1_79' title="bbox 1933 3427 3501 3501">
    <p class='ocr_par' dir='ltr' id='par_1_79' title="bbox 1933 3427 3501 3501">
     <span class='ocr_line' id='line_1_79' title="bbox 1933 3427 3501 3501; baseline -0.003 -18"><span class='ocrx_word' id='word_1_563' title='bbox 1933 3431 2146 3501; x_wconf 85' lang='lat' dir='ltr'><strong>positus</strong></span> <span class='ocrx_word' id='word_1_564' title='bbox 2179 3429 2343 3483; x_wconf 87' lang='lat' dir='ltr'><strong>homo</strong></span> <span class='ocrx_word' id='word_1_565' title='bbox 2367 3430 2459 3500; x_wconf 91' lang='lat' dir='ltr'><strong>qui</strong></span> <span class='ocrx_word' id='word_1_566' title='bbox 2493 3429 2605 3484; x_wconf 81' lang='lat' dir='ltr'><strong>vult</strong></span> <span class='ocrx_word' id='word_1_567' title='bbox 2655 3428 2708 3482; x_wconf 88' lang='lat' dir='ltr'><strong>in</strong></span> <span class='ocrx_word' id='word_1_568' title='bbox 2764 3429 2997 3484; x_wconf 86' lang='lat' dir='ltr'><strong>docilem</strong></span> <span class='ocrx_word' id='word_1_569' title='bbox 3044 3427 3501 3491; x_wconf 87' lang='lat' dir='ltr'><strong>humiliationem,</strong></span> 
     </span>
    </p>
   </div>
   <div class='ocr_carea' id='block_1_80' title="bbox 1930 3517 3507 3592">
    <p class='ocr_par' dir='ltr' id='par_1_80' title="bbox 1930 3517 3507 3592">
     <span class='ocr_line' id='line_1_80' title="bbox 1930 3517 3507 3592; baseline -0.003 -15"><span class='ocrx_word' id='word_1_570' title='bbox 1930 3522 2080 3577; x_wconf 81' lang='lat' dir='ltr'><strong>illam</strong></span> <span class='ocrx_word' id='word_1_571' title='bbox 2112 3522 2302 3592; x_wconf 76' lang='lat' dir='ltr'><strong>quzein</strong></span> <span class='ocrx_word' id='word_1_572' title='bbox 2332 3522 2442 3576; x_wconf 84' lang='lat' dir='ltr'><strong>Deo</strong></span> <span class='ocrx_word' id='word_1_573' title='bbox 2481 3530 2585 3584; x_wconf 91' lang='lat' dir='ltr'><strong>est,</strong></span> <span class='ocrx_word' id='word_1_574' title='bbox 2607 3520 2839 3586; x_wconf 84' lang='lat' dir='ltr'><strong>conteri,</strong></span> <span class='ocrx_word' id='word_1_575' title='bbox 2860 3520 3160 3589; x_wconf 89' lang='lat' dir='ltr'><strong>completur</strong></span> <span class='ocrx_word' id='word_1_576' title='bbox 3181 3517 3337 3575; x_wconf 65' lang='lat' dir='ltr'><strong>facile</strong></span> <span class='ocrx_word' id='word_1_577' title='bbox 3370 3534 3507 3573; x_wconf 87' lang='lat' dir='ltr'><strong>con-</strong></span> 
     </span>
    </p>
   </div>
   <div class='ocr_carea' id='block_1_81' title="bbox 1931 3610 3504 3681">
    <p class='ocr_par' dir='ltr' id='par_1_81' title="bbox 1931 3610 3504 3681">
     <span class='ocr_line' id='line_1_81' title="bbox 1931 3610 3504 3681; baseline -0.003 -12"><span class='ocrx_word' id='word_1_578' title='bbox 1931 3615 2173 3669; x_wconf 84' lang='lat' dir='ltr'><strong>tritionis</strong></span> <span class='ocrx_word' id='word_1_579' title='bbox 2227 3615 2447 3669; x_wconf 88' lang='lat' dir='ltr'><strong>bonum.</strong></span> <span class='ocrx_word' id='word_1_580' title='bbox 2493 3613 2615 3667; x_wconf 70' lang='grc' dir='ltr'><strong>ΙΙωο</strong></span> <span class='ocrx_word' id='word_1_581' title='bbox 2639 3622 2822 3667; x_wconf 89' lang='lat' dir='ltr'><strong>autem</strong></span> <span class='ocrx_word' id='word_1_582' title='bbox 2874 3612 3246 3681; x_wconf 87' lang='lat' dir='ltr'><strong>metaphorice</strong></span> <span class='ocrx_word' id='word_1_583' title='bbox 3284 3610 3504 3680; x_wconf 85' lang='lat' dir='ltr'><strong>quidem</strong></span> 
     </span>
    </p>
   </div>
   <div class='ocr_carea' id='block_1_82' title="bbox 1932 3702 3510 3772">
    <p class='ocr_par' dir='ltr' id='par_1_82' title="bbox 1932 3702 3510 3772">
     <span class='ocr_line' id='line_1_82' title="bbox 1932 3702 3510 3772; baseline -0.003 -12"><span class='ocrx_word' id='word_1_584' title='bbox 1932 3705 2164 3761; x_wconf 88' lang='lat' dir='ltr'><strong>deducta</strong></span> <span class='ocrx_word' id='word_1_585' title='bbox 2197 3715 2322 3761; x_wconf 89' lang='lat' dir='ltr'><strong>sunt</strong></span> <span class='ocrx_word' id='word_1_586' title='bbox 2357 3721 2385 3759; x_wconf 87' lang='lat' dir='ltr'><strong>a</strong></span> <span class='ocrx_word' id='word_1_587' title='bbox 2418 3705 2747 3760; x_wconf 89' lang='lat' dir='ltr'><strong>contritione</strong></span> <span class='ocrx_word' id='word_1_588' title='bbox 2767 3712 2820 3758; x_wconf 88' lang='lat' dir='ltr'><strong>et</strong></span> <span class='ocrx_word' id='word_1_589' title='bbox 2867 3703 3244 3759; x_wconf 78' lang='lat' dir='ltr'><strong>incurratione</strong></span> <span class='ocrx_word' id='word_1_590' title='bbox 3292 3702 3510 3772; x_wconf 86' lang='lat' dir='ltr'><strong>planta-</strong></span> 
     </span>
    </p>
   </div>
   <div class='ocr_carea' id='block_1_83' title="bbox 1935 3791 3504 3864">
    <p class='ocr_par' dir='ltr' id='par_1_83' title="bbox 1935 3791 3504 3864">
     <span class='ocr_line' id='line_1_83' title="bbox 1935 3791 3504 3864; baseline -0.003 -14"><span class='ocrx_word' id='word_1_591' title='bbox 1935 3811 2101 3850; x_wconf 88' lang='lat' dir='ltr'><strong>rum:</strong></span> <span class='ocrx_word' id='word_1_592' title='bbox 2140 3795 2233 3849; x_wconf 87' lang='lat' dir='ltr'><strong>scd</strong></span> <span class='ocrx_word' id='word_1_593' title='bbox 2279 3795 2438 3848; x_wconf 88' lang='lat' dir='ltr'><strong>aliter</strong></span> <span class='ocrx_word' id='word_1_594' title='bbox 2493 3795 2719 3849; x_wconf 82' lang='lat' dir='ltr'><strong>seorsitn</strong></span> <span class='ocrx_word' id='word_1_595' title='bbox 2757 3794 2960 3862; x_wconf 88' lang='lat' dir='ltr'><strong>tropica</strong></span> <span class='ocrx_word' id='word_1_596' title='bbox 3017 3791 3303 3864; x_wconf 74' lang='grc' dir='ltr'><strong>συντριϐη,</strong></span> <span class='ocrx_word' id='word_1_597' title='bbox 3361 3793 3504 3861; x_wconf 90' lang='lat' dir='ltr'><strong>quod</strong></span> 
     </span>
    </p>
   </div>
   <div class='ocr_carea' id='block_1_84' title="bbox 1934 3884 3506 3956">
    <p class='ocr_par' dir='ltr' id='par_1_84' title="bbox 1934 3884 3506 3956">
     <span class='ocr_line' id='line_1_84' title="bbox 1934 3884 3506 3956; baseline -0.003 -15"><span class='ocrx_word' id='word_1_598' title='bbox 1934 3896 2017 3941; x_wconf 78' lang='lat' dir='ltr'><strong>est</strong></span> <span class='ocrx_word' id='word_1_599' title='bbox 2041 3884 2323 3956; x_wconf 79' lang='grc' dir='ltr'><strong>σύντριψις</strong></span> <span class='ocrx_word' id='word_1_600' title='bbox 2344 3885 2689 3940; x_wconf 85' lang='lat' dir='ltr'><strong>contribuere</strong></span> <span class='ocrx_word' id='word_1_601' title='bbox 2721 3884 2954 3949; x_wconf 79' lang='lat' dir='ltr'><strong>videtur,</strong></span> <span class='ocrx_word' id='word_1_602' title='bbox 2992 3895 3050 3939; x_wconf 89' lang='lat' dir='ltr'><strong>ut</strong></span> <span class='ocrx_word' id='word_1_603' title='bbox 3094 3885 3277 3939; x_wconf 85' lang='lat' dir='ltr'><strong>anima</strong></span> <span class='ocrx_word' id='word_1_604' title='bbox 3305 3899 3506 3938; x_wconf 85' lang='lat' dir='ltr'><strong>secun-</strong></span> 
     </span>
    </p>
   </div>
   <div class='ocr_carea' id='block_1_85' title="bbox 1935 3970 3505 4041">
    <p class='ocr_par' dir='ltr' id='par_1_85' title="bbox 1935 3970 3505 4041">
     <span class='ocr_line' id='line_1_85' title="bbox 1935 3970 3505 4041; baseline -0.003 -12"><span class='ocrx_word' id='word_1_605' title='bbox 1935 3975 2063 4029; x_wconf 88' lang='lat' dir='ltr'><strong>dum</strong></span> <span class='ocrx_word' id='word_1_606' title='bbox 2106 3973 2273 4028; x_wconf 89' lang='lat' dir='ltr'><strong>Deum</strong></span> <span class='ocrx_word' id='word_1_607' title='bbox 2307 3977 2639 4036; x_wconf 84' lang='lat' dir='ltr'><strong>contrita,et</strong></span> <span class='ocrx_word' id='word_1_608' title='bbox 2701 3972 2772 4027; x_wconf 77' lang='lat' dir='ltr'><strong>ita</strong></span> <span class='ocrx_word' id='word_1_609' title='bbox 2827 3985 2926 4026; x_wconf 85' lang='lat' dir='ltr'><strong>nec</strong></span> <span class='ocrx_word' id='word_1_610' title='bbox 2958 3986 3150 4041; x_wconf 84' lang='lat' dir='ltr'><strong>aspera</strong></span> <span class='ocrx_word' id='word_1_611' title='bbox 3196 3986 3296 4026; x_wconf 85' lang='lat' dir='ltr'><strong>nec</strong></span> <span class='ocrx_word' id='word_1_612' title='bbox 3342 3970 3505 4037; x_wconf 84' lang='lat' dir='ltr'><strong>dura,</strong></span> 
     </span>
    </p>
   </div>
   <div class='ocr_carea' id='block_1_86' title="bbox 1934 4064 3505 4134">
    <p class='ocr_par' dir='ltr' id='par_1_86' title="bbox 1934 4064 3505 4134">
     <span class='ocr_line' id='line_1_86' title="bbox 1934 4064 3505 4134; baseline -0.003 -12"><span class='ocrx_word' id='word_1_613' title='bbox 1934 4083 2036 4122; x_wconf 86' lang='lat' dir='ltr'><strong>nec</strong></span> <span class='ocrx_word' id='word_1_614' title='bbox 2060 4068 2310 4134; x_wconf 85' lang='lat' dir='ltr'><strong>superba,</strong></span> <span class='ocrx_word' id='word_1_615' title='bbox 2343 4076 2631 4122; x_wconf 80' lang='lat' dir='ltr'><strong>censeatur</strong></span> <span class='ocrx_word' id='word_1_616' title='bbox 2657 4082 2780 4122; x_wconf 86' lang='lat' dir='ltr'><strong>esse</strong></span> <span class='ocrx_word' id='word_1_617' title='bbox 2801 4065 2906 4120; x_wconf 86' lang='lat' dir='ltr'><strong>Deo</strong></span> <span class='ocrx_word' id='word_1_618' title='bbox 2923 4065 3107 4120; x_wconf 87' lang='lat' dir='ltr'><strong>chara.</strong></span> <span class='ocrx_word' id='word_1_619' title='bbox 3140 4064 3311 4120; x_wconf 85' lang='lat' dir='ltr'><strong>Aliter</strong></span> <span class='ocrx_word' id='word_1_620' title='bbox 3326 4073 3505 4119; x_wconf 86' lang='lat' dir='ltr'><strong>autem</strong></span> 
     </span>
    </p>
   </div>
   <div class='ocr_carea' id='block_1_87' title="bbox 1936 4155 3510 4229">
    <p class='ocr_par' dir='ltr' id='par_1_87' title="bbox 1936 4155 3510 4229">
     <span class='ocr_line' id='line_1_87' title="bbox 1936 4155 3510 4229; baseline -0.004 -14"><span class='ocrx_word' id='word_1_621' title='bbox 1936 4159 2526 4229; x_wconf 57' lang='lat' dir='ltr'><strong>comi-itiouisltropus,</strong></span> <span class='ocrx_word' id='word_1_622' title='bbox 2560 4158 2610 4212; x_wconf 88' lang='lat' dir='ltr'><strong>id</strong></span> <span class='ocrx_word' id='word_1_623' title='bbox 2634 4167 2717 4213; x_wconf 87' lang='lat' dir='ltr'><strong>cst</strong></span> <span class='ocrx_word' id='word_1_624' title='bbox 2746 4158 3085 4227; x_wconf 81' lang='lat' dir='ltr'><strong>metaphora,</strong></span> <span class='ocrx_word' id='word_1_625' title='bbox 3116 4157 3203 4210; x_wconf 84' lang='lat' dir='ltr'><strong>hic</strong></span> <span class='ocrx_word' id='word_1_626' title='bbox 3222 4155 3510 4210; x_wconf 82' lang='lat' dir='ltr'><strong>ostendere</strong></span> 
     </span>
    </p>
   </div>
   <div class='ocr_carea' id='block_1_88' title="bbox 1932 4248 3505 4323">
    <p class='ocr_par' dir='ltr' id='par_1_88' title="bbox 1932 4248 3505 4323">
     <span class='ocr_line' id='line_1_88' title="bbox 1932 4248 3505 4323; baseline -0.006 -16"><span class='ocrx_word' id='word_1_627' title='bbox 1932 4250 2212 4323; x_wconf 72' lang='lat' dir='ltr'><strong>vuitquod</strong></span> <span class='ocrx_word' id='word_1_628' title='bbox 2253 4252 2308 4306; x_wconf 91' lang='lat' dir='ltr'><strong>in</strong></span> <span class='ocrx_word' id='word_1_629' title='bbox 2345 4260 2514 4306; x_wconf 89' lang='lat' dir='ltr'><strong>totum</strong></span> <span class='ocrx_word' id='word_1_630' title='bbox 2542 4260 2625 4306; x_wconf 85' lang='lat' dir='ltr'><strong>est</strong></span> <span class='ocrx_word' id='word_1_631' title='bbox 2650 4253 2876 4317; x_wconf 85' lang='lat' dir='ltr'><strong>tritum;</strong></span> <span class='ocrx_word' id='word_1_632' title='bbox 2923 4251 2994 4304; x_wconf 88' lang='lat' dir='ltr'><strong>ita</strong></span> <span class='ocrx_word' id='word_1_633' title='bbox 3025 4258 3084 4303; x_wconf 91' lang='lat' dir='ltr'><strong>ut</strong></span> <span class='ocrx_word' id='word_1_634' title='bbox 3120 4248 3346 4318; x_wconf 87' lang='lat' dir='ltr'><strong>spiritus</strong></span> <span class='ocrx_word' id='word_1_635' title='bbox 3372 4262 3505 4301; x_wconf 88' lang='lat' dir='ltr'><strong>con-</strong></span> 
     </span>
    </p>
   </div>
   <div class='ocr_carea' id='block_1_89' title="bbox 1935 4340 3508 4414">
    <p class='ocr_par' dir='ltr' id='par_1_89' title="bbox 1935 4340 3508 4414">
     <span class='ocr_line' id='line_1_89' title="bbox 1935 4340 3508 4414; baseline -0.004 -14"><span class='ocrx_word' id='word_1_636' title='bbox 1935 4345 2226 4401; x_wconf 68' lang='lat' dir='ltr'><strong>tribulatus</strong></span> <span class='ocrx_word' id='word_1_637' title='bbox 2253 4344 2417 4400; x_wconf 81' lang='lat' dir='ltr'><strong>etiam</strong></span> <span class='ocrx_word' id='word_1_638' title='bbox 2482 4352 2813 4407; x_wconf 87' lang='lat' dir='ltr'><strong>conteratur,</strong></span> <span class='ocrx_word' id='word_1_639' title='bbox 2846 4342 3001 4414; x_wconf 85' lang='lat' dir='ltr'><strong>quasi</strong></span> <span class='ocrx_word' id='word_1_640' title='bbox 3044 4358 3138 4411; x_wconf 81' lang='lat' dir='ltr'><strong>per</strong></span> <span class='ocrx_word' id='word_1_641' title='bbox 3175 4340 3508 4395; x_wconf 81' lang='lat' dir='ltr'><strong>humiliatio-</strong></span> 
     </span>
    </p>
   </div>
   <div class='ocr_carea' id='block_1_90' title="bbox 1935 4434 3509 4509">
    <p class='ocr_par' dir='ltr' id='par_1_90' title="bbox 1935 4434 3509 4509">
     <span class='ocr_line' id='line_1_90' title="bbox 1935 4434 3509 4509; baseline -0.006 -15"><span class='ocrx_word' id='word_1_642' title='bbox 1935 4454 2059 4494; x_wconf 90' lang='lat' dir='ltr'><strong>nem</strong></span> <span class='ocrx_word' id='word_1_643' title='bbox 2101 4440 2259 4509; x_wconf 87' lang='lat' dir='ltr'><strong>plane</strong></span> <span class='ocrx_word' id='word_1_644' title='bbox 2281 4436 2524 4506; x_wconf 84' lang='lat' dir='ltr'><strong>fractus;</strong></span> <span class='ocrx_word' id='word_1_645' title='bbox 2573 4436 2700 4494; x_wconf 81' lang='lat' dir='ltr'><strong>aliis</strong></span> <span class='ocrx_word' id='word_1_646' title='bbox 2745 4448 2926 4491; x_wconf 86' lang='lat' dir='ltr'><strong>autem</strong></span> <span class='ocrx_word' id='word_1_647' title='bbox 2957 4436 3156 4500; x_wconf 83' lang='lat' dir='ltr'><strong>verbis,</strong></span> <span class='ocrx_word' id='word_1_648' title='bbox 3206 4434 3509 4489; x_wconf 88' lang='lat' dir='ltr'><strong>conteritur</strong></span> 
     </span>
    </p>
   </div>
   <div class='ocr_carea' id='block_1_91' title="bbox 254 4521 1826 4603">
    <p class='ocr_par' dir='ltr' id='par_1_91' title="bbox 254 4523 1826 4603">
     <span class='ocr_line' id='line_1_91' title="bbox 254 4523 1826 4603; baseline 0.008 -28"><span class='ocrx_word' id='word_1_649' title='bbox 254 4524 317 4575; x_wconf 85' lang='grc' dir='ltr'><strong>τὸ</strong></span> <span class='ocrx_word' id='word_1_650' title='bbox 340 4523 463 4578; x_wconf 81' lang='grc' dir='ltr'><strong>καθ’</strong></span> <span class='ocrx_word' id='word_1_651' title='bbox 491 4525 720 4596; x_wconf 83' lang='grc' dir='ltr'><strong>ὁλότητα</strong></span> <span class='ocrx_word' id='word_1_652' title='bbox 750 4527 1157 4599; x_wconf 70' lang='grc' dir='ltr'><strong>συλληπτικῶί,</strong></span> <span class='ocrx_word' id='word_1_653' title='bbox 1184 4530 1259 4592; x_wconf 79' lang='grc' dir='ltr'><strong>ὡς</strong></span> <span class='ocrx_word' id='word_1_654' title='bbox 1287 4533 1488 4598; x_wconf 76' lang='grc' dir='ltr'><strong>εἰπεῖν,</strong></span> <span class='ocrx_word' id='word_1_655' title='bbox 1514 4532 1722 4603; x_wconf 77' lang='grc' dir='ltr'><strong>τριϐέν’</strong></span> <span class='ocrx_word' id='word_1_656' title='bbox 1744 4534 1826 4588; x_wconf 78' lang='grc' dir='ltr'><strong>ἵνα</strong></span> 
     </span>
    </p>
   </div>
   <div class='ocr_carea' id='block_1_92' title="bbox 1934 4521 3505 4603">
    <p class='ocr_par' dir='ltr' id='par_1_92' title="bbox 1942 4524 3505 4601">
     <span class='ocr_line' id='line_1_92' title="bbox 1942 4524 3505 4601; baseline -0.006 -16"><span class='ocrx_word' id='word_1_657' title='bbox 1942 4532 2085 4601; x_wconf 84' lang='lat' dir='ltr'><strong>quod</strong></span> <span class='ocrx_word' id='word_1_658' title='bbox 2111 4531 2296 4588; x_wconf 88' lang='lat' dir='ltr'><strong>multis</strong></span> <span class='ocrx_word' id='word_1_659' title='bbox 2336 4530 2537 4596; x_wconf 88' lang='lat' dir='ltr'><strong>modis,</strong></span> <span class='ocrx_word' id='word_1_660' title='bbox 2568 4529 2657 4585; x_wconf 82' lang='lat' dir='ltr'><strong>vel</strong></span> <span class='ocrx_word' id='word_1_661' title='bbox 2693 4543 2801 4583; x_wconf 85' lang='lat' dir='ltr'><strong>uno</strong></span> <span class='ocrx_word' id='word_1_662' title='bbox 2829 4528 3012 4597; x_wconf 85' lang='lat' dir='ltr'><strong>aliquo</strong></span> <span class='ocrx_word' id='word_1_663' title='bbox 3039 4526 3228 4597; x_wconf 85' lang='lat' dir='ltr'><strong>majori</strong></span> <span class='ocrx_word' id='word_1_664' title='bbox 3262 4526 3331 4579; x_wconf 86' lang='lat' dir='ltr'><strong>ab</strong></span> <span class='ocrx_word' id='word_1_665' title='bbox 3358 4524 3505 4577; x_wconf 88' lang='lat' dir='ltr'><strong>omni</strong></span> 
     </span>
    </p>
   </div>
   <div class='ocr_carea' id='block_1_93' title="bbox 254 4614 1828 4693">
    <p class='ocr_par' dir='ltr' id='par_1_93' title="bbox 254 4614 1828 4693">
     <span class='ocr_line' id='line_1_93' title="bbox 254 4614 1828 4693; baseline 0.004 -21"><span class='ocrx_word' id='word_1_666' title='bbox 254 4614 317 4665; x_wconf 68' lang='grc' dir='ltr'><strong>τὸ</strong></span> <span class='ocrx_word' id='word_1_667' title='bbox 349 4614 630 4672; x_wconf 76' lang='grc' dir='ltr'><strong>συνθλιϐὲν</strong></span> <span class='ocrx_word' id='word_1_668' title='bbox 651 4617 869 4689; x_wconf 81' lang='grc' dir='ltr'><strong>πνεῦμα</strong></span> <span class='ocrx_word' id='word_1_669' title='bbox 890 4621 1065 4674; x_wconf 62' lang='lat' dir='ltr'><strong>tunc</strong></span> <span class='ocrx_word' id='word_1_670' title='bbox 1093 4622 1188 4675; x_wconf 80' lang='grc' dir='ltr'><strong>καὶ</strong></span> <span class='ocrx_word' id='word_1_671' title='bbox 1209 4623 1586 4693; x_wconf 78' lang='grc' dir='ltr'><strong>συντρίϐηται,</strong></span> <span class='ocrx_word' id='word_1_672' title='bbox 1615 4625 1690 4688; x_wconf 84' lang='grc' dir='ltr'><strong>ὡς</strong></span> <span class='ocrx_word' id='word_1_673' title='bbox 1715 4619 1828 4679; x_wconf 73' lang='grc' dir='ltr'><strong>οἷον</strong></span> 
     </span>
    </p>
   </div>
   <div class='ocr_carea' id='block_1_94' title="bbox 1934 4626 2360 4695">
    <p class='ocr_par' dir='ltr' id='par_1_94' title="bbox 1934 4626 2360 4695">
     <span class='ocr_line' id='line_1_94' title="bbox 1934 4626 2360 4695; baseline -0.007 -15"><span class='ocrx_word' id='word_1_674' title='bbox 1934 4634 2090 4695; x_wconf 88' lang='lat' dir='ltr'><strong>parte</strong></span> <span class='ocrx_word' id='word_1_675' title='bbox 2149 4626 2360 4681; x_wconf 88' lang='lat' dir='ltr'><strong>teritur.</strong></span> 
     </span>
    </p>
   </div>
   <div class='ocr_carea' id='block_1_95' title="bbox 257 4705 3507 4789">
    <p class='ocr_par' dir='ltr' id='par_1_95' title="bbox 257 4705 3507 4789">
     <span class='ocr_line' id='line_1_95' title="bbox 257 4705 3507 4789; baseline 0.004 -33"><span class='ocrx_word' id='word_1_676' title='bbox 257 4705 531 4775; x_wconf 76' lang='grc' dir='ltr'><strong>θραυσθὶν</strong></span> <span class='ocrx_word' id='word_1_677' title='bbox 562 4708 651 4763; x_wconf 79' lang='grc' dir='ltr'><strong>διὰ</strong></span> <span class='ocrx_word' id='word_1_678' title='bbox 685 4711 1070 4776; x_wconf 84' lang='grc' dir='ltr'><strong>ταπεινώσεως</strong></span> <span class='ocrx_word' id='word_1_679' title='bbox 1101 4714 1179 4770; x_wconf 76' lang='grc' dir='ltr'><strong>είς</strong></span> <span class='ocrx_word' id='word_1_680' title='bbox 1208 4715 1470 4778; x_wconf 81' lang='grc' dir='ltr'><strong>παντελές</strong></span> <span class='ocrx_word' id='word_1_681' title='bbox 1496 4732 1511 4748; x_wconf 79' lang='grc' dir='ltr'><strong>ο</strong></span> <span class='ocrx_word' id='word_1_682' title='bbox 1543 4715 1636 4769; x_wconf 81' lang='grc' dir='ltr'><strong>καὶ</strong></span> <span class='ocrx_word' id='word_1_683' title='bbox 1658 4715 1830 4783; x_wconf 79' lang='grc' dir='ltr'><strong>ἄλλως</strong></span> <span class='ocrx_word' id='word_1_684' title='bbox 1869 4717 1924 4772; x_wconf 76' lang='grc' dir='ltr'><strong>δὲ</strong></span> <span class='ocrx_word' id='word_1_685' title='bbox 1960 4717 2193 4789; x_wconf 74' lang='grc' dir='ltr'><strong>φράσαι,</strong></span> <span class='ocrx_word' id='word_1_686' title='bbox 2237 4714 2585 4786; x_wconf 86' lang='grc' dir='ltr'><strong>συντρίϐεται</strong></span> <span class='ocrx_word' id='word_1_687' title='bbox 2650 4713 2712 4765; x_wconf 87' lang='grc' dir='ltr'><strong>τὸ</strong></span> <span class='ocrx_word' id='word_1_688' title='bbox 2747 4709 2984 4773; x_wconf 75' lang='grc' dir='ltr'><strong>συνόλως</strong></span> <span class='ocrx_word' id='word_1_689' title='bbox 3046 4708 3234 4780; x_wconf 81' lang='grc' dir='ltr'><strong>τριϐὲν</strong></span> <span class='ocrx_word' id='word_1_690' title='bbox 3282 4712 3507 4779; x_wconf 83' lang='grc' dir='ltr'><strong>τρόποις</strong></span> 
     </span>
    </p>
   </div>
   <div class='ocr_carea' id='block_1_96' title="bbox 256 4803 1223 4882">
    <p class='ocr_par' dir='ltr' id='par_1_96' title="bbox 256 4803 1223 4882">
     <span class='ocr_line' id='line_1_96' title="bbox 256 4803 1223 4882; baseline 0.009 -26"><span class='ocrx_word' id='word_1_691' title='bbox 256 4803 474 4870; x_wconf 74' lang='grc' dir='ltr'><strong>πολλοῖς</strong></span> <span class='ocrx_word' id='word_1_692' title='bbox 503 4806 534 4877; x_wconf 74' lang='grc' dir='ltr'>ἢ</span> <span class='ocrx_word' id='word_1_693' title='bbox 567 4806 657 4862; x_wconf 85' lang='grc' dir='ltr'><strong>καί</strong></span> <span class='ocrx_word' id='word_1_694' title='bbox 688 4824 795 4863; x_wconf 90' lang='grc' dir='ltr'><strong>τινι</strong></span> <span class='ocrx_word' id='word_1_695' title='bbox 822 4809 1091 4882; x_wconf 77' lang='grc' dir='ltr'><strong>ἀξιολόγῳ</strong></span> <span class='ocrx_word' id='word_1_696' title='bbox 1121 4812 1223 4867; x_wconf 77' lang='grc' dir='ltr'><strong>ἑνί.</strong></span> 
     </span>
    </p>
   </div>
   <div class='ocr_carea' id='block_1_97' title="bbox 331 4903 1834 4975">
    <p class='ocr_par' dir='ltr' id='par_1_97' title="bbox 331 4903 1834 4975">
     <span class='ocr_line' id='line_1_97' title="bbox 331 4903 1834 4975; baseline 0.002 -16"><span class='ocrx_word' id='word_1_697' title='bbox 331 4905 429 4972; x_wconf 78' lang='grc' dir='ltr'><strong>οβ’.</strong></span> <span class='ocrx_word' id='word_1_698' title='bbox 459 4904 740 4974; x_wconf 85' lang='grc' dir='ltr'><strong>Δυνάστην</strong></span> <span class='ocrx_word' id='word_1_699' title='bbox 776 4904 835 4956; x_wconf 78' lang='grc' dir='ltr'><strong>δὲ</strong></span> <span class='ocrx_word' id='word_1_700' title='bbox 878 4903 1168 4973; x_wconf 80' lang='grc' dir='ltr'><strong>γραφικῶς</strong></span> <span class='ocrx_word' id='word_1_701' title='bbox 1198 4905 1345 4975; x_wconf 84' lang='grc' dir='ltr'><strong>λέγει</strong></span> <span class='ocrx_word' id='word_1_702' title='bbox 1380 4905 1470 4960; x_wconf 88' lang='grc' dir='ltr'><strong>τὸν</strong></span> <span class='ocrx_word' id='word_1_703' title='bbox 1499 4909 1834 4962; x_wconf 73' lang='grc' dir='ltr'><strong>παντοδύνα-</strong></span> 
     </span>
    </p>
   </div>
   <div class='ocr_carea' id='block_1_98' title="bbox 263 4991 1834 5065">
    <p class='ocr_par' dir='ltr' id='par_1_98' title="bbox 263 4991 1834 5065">
     <span class='ocr_line' id='line_1_98' title="bbox 263 4991 1834 5065; baseline -0.001 -17"><span class='ocrx_word' id='word_1_704' title='bbox 263 5009 369 5065; x_wconf 77' lang='grc' dir='ltr'><strong>μον</strong></span> <span class='ocrx_word' id='word_1_705' title='bbox 389 4993 521 5049; x_wconf 83' lang='grc' dir='ltr'><strong>Θεὸν</strong></span> <span class='ocrx_word' id='word_1_706' title='bbox 541 4994 570 5045; x_wconf 86' lang='grc' dir='ltr'><em>ὁ</em></span> <span class='ocrx_word' id='word_1_707' title='bbox 599 4992 854 5063; x_wconf 84' lang='grc' dir='ltr'><strong>μελῳδὸς,</strong></span> <span class='ocrx_word' id='word_1_708' title='bbox 877 4991 911 5061; x_wconf 78' lang='grc' dir='ltr'>ἢ</span> <span class='ocrx_word' id='word_1_709' title='bbox 939 4992 1011 5055; x_wconf 83' lang='grc' dir='ltr'><strong>ὡς</strong></span> <span class='ocrx_word' id='word_1_710' title='bbox 1032 4992 1216 5055; x_wconf 79' lang='grc' dir='ltr'><strong>ἁπλῶς</strong></span> <span class='ocrx_word' id='word_1_711' title='bbox 1243 4994 1502 5063; x_wconf 76' lang='grc' dir='ltr'><strong>ἄρχοντα,</strong></span> <span class='ocrx_word' id='word_1_712' title='bbox 1536 4993 1568 5063; x_wconf 82' lang='grc' dir='ltr'>ἢ</span> <span class='ocrx_word' id='word_1_713' title='bbox 1597 4996 1717 5048; x_wconf 79' lang='grc' dir='ltr'><strong>ἀντὶ</strong></span> <span class='ocrx_word' id='word_1_714' title='bbox 1739 4994 1834 5047; x_wconf 84' lang='grc' dir='ltr'><strong>τοῦ</strong></span> 
     </span>
    </p>
   </div>
   <div class='ocr_carea' id='block_1_99' title="bbox 262 5077 1835 5156">
    <p class='ocr_par' dir='ltr' id='par_1_99' title="bbox 262 5077 1835 5156">
     <span class='ocr_line' id='line_1_99' title="bbox 262 5077 1835 5156; baseline -0.001 -18"><span class='ocrx_word' id='word_1_715' title='bbox 262 5085 560 5156; x_wconf 76' lang='grc' dir='ltr'><strong>ὲνδύναμον</strong></span> <span class='ocrx_word' id='word_1_716' title='bbox 599 5086 693 5140; x_wconf 75' lang='grc' dir='ltr'><strong>καὶ</strong></span> <span class='ocrx_word' id='word_1_717' title='bbox 720 5085 962 5155; x_wconf 81' lang='grc' dir='ltr'><strong>ίσχυρδν,</strong></span> <span class='ocrx_word' id='word_1_718' title='bbox 1000 5077 1090 5137; x_wconf 77' lang='grc' dir='ltr'><strong>οἶα</strong></span> <span class='ocrx_word' id='word_1_719' title='bbox 1117 5085 1216 5155; x_wconf 82' lang='grc' dir='ltr'><strong>τῆς</strong></span> <span class='ocrx_word' id='word_1_720' title='bbox 1244 5084 1444 5150; x_wconf 75' lang='grc' dir='ltr'><strong>λέξεως</strong></span> <span class='ocrx_word' id='word_1_721' title='bbox 1478 5082 1575 5137; x_wconf 82' lang='grc' dir='ltr'><strong>τοῦ</strong></span> <span class='ocrx_word' id='word_1_722' title='bbox 1603 5083 1835 5137; x_wconf 73' lang='grc' dir='ltr'><strong>δυνατοῦ</strong></span> 
     </span>
    </p>
   </div>
   <div class='ocr_carea' id='block_1_100' title="bbox 262 5173 1836 5245">
    <p class='ocr_par' dir='ltr' id='par_1_100' title="bbox 262 5173 1836 5245">
     <span class='ocr_line' id='line_1_100' title="bbox 262 5173 1836 5245; baseline 0.001 -19"><span class='ocrx_word' id='word_1_723' title='bbox 262 5173 406 5243; x_wconf 74' lang='grc' dir='ltr'><strong>μήτε</strong></span> <span class='ocrx_word' id='word_1_724' title='bbox 454 5173 593 5229; x_wconf 80' lang='grc' dir='ltr'><strong>κατὰ</strong></span> <span class='ocrx_word' id='word_1_725' title='bbox 648 5173 867 5244; x_wconf 78' lang='grc' dir='ltr'><strong>μέτρον,</strong></span> <span class='ocrx_word' id='word_1_726' title='bbox 922 5176 1061 5244; x_wconf 84' lang='grc' dir='ltr'><strong>μήτε</strong></span> <span class='ocrx_word' id='word_1_727' title='bbox 1118 5177 1259 5228; x_wconf 80' lang='grc' dir='ltr'><strong>κατὰ</strong></span> <span class='ocrx_word' id='word_1_728' title='bbox 1305 5173 1485 5244; x_wconf 71' lang='grc' dir='ltr'><strong>μέλος,</strong></span> <span class='ocrx_word' id='word_1_729' title='bbox 1533 5174 1836 5245; x_wconf 82' lang='grc' dir='ltr'><strong>εὐχρήστου</strong></span> 
     </span>
    </p>
   </div>
   <div class='ocr_carea' id='block_1_101' title="bbox 257 5262 1837 5336">
    <p class='ocr_par' dir='ltr' id='par_1_101' title="bbox 257 5262 1837 5336">
     <span class='ocr_line' id='line_1_101' title="bbox 257 5262 1837 5336; baseline 0.001 -21"><span class='ocrx_word' id='word_1_730' title='bbox 257 5262 493 5321; x_wconf 69' lang='grc' dir='ltr'><strong>ἐνταῦθα</strong></span> <span class='ocrx_word' id='word_1_731' title='bbox 519 5264 599 5333; x_wconf 81' lang='grc' dir='ltr'><strong>τῷ</strong></span> <span class='ocrx_word' id='word_1_732' title='bbox 629 5267 826 5336; x_wconf 76' lang='grc' dir='ltr'><strong>ποιητῇ</strong></span> <span class='ocrx_word' id='word_1_733' title='bbox 850 5264 1021 5327; x_wconf 72' lang='grc' dir='ltr'><strong>ὄντος.</strong></span> <span class='ocrx_word' id='word_1_734' title='bbox 1045 5265 1159 5319; x_wconf 80' lang='grc' dir='ltr'><strong>Οὐκ</strong></span> <span class='ocrx_word' id='word_1_735' title='bbox 1183 5266 1347 5320; x_wconf 75' lang='grc' dir='ltr'><strong>ἀεὶδὲ</strong></span> <span class='ocrx_word' id='word_1_736' title='bbox 1379 5267 1411 5335; x_wconf 75' lang='grc' dir='ltr'>ἡ</span> <span class='ocrx_word' id='word_1_737' title='bbox 1438 5265 1660 5335; x_wconf 75' lang='grc' dir='ltr'><strong>τοιαύτη</strong></span> <span class='ocrx_word' id='word_1_738' title='bbox 1694 5266 1837 5332; x_wconf 80' lang='grc' dir='ltr'><strong>λέξις</strong></span> 
     </span>
    </p>
   </div>
   <div class='ocr_carea' id='block_1_102' title="bbox 257 5353 1839 5428">
    <p class='ocr_par' dir='ltr' id='par_1_102' title="bbox 257 5353 1839 5428">
     <span class='ocr_line' id='line_1_102' title="bbox 257 5353 1839 5428; baseline 0.001 -21"><span class='ocrx_word' id='word_1_739' title='bbox 257 5353 483 5409; x_wconf 70' lang='grc' dir='ltr'><strong>ἔπαινον</strong></span> <span class='ocrx_word' id='word_1_740' title='bbox 520 5355 636 5425; x_wconf 76' lang='grc' dir='ltr'><strong>εχει</strong></span> <span class='ocrx_word' id='word_1_741' title='bbox 661 5359 815 5427; x_wconf 64' lang='grc' dir='ltr'><strong>παρὰ</strong></span> <span class='ocrx_word' id='word_1_742' title='bbox 850 5358 964 5419; x_wconf 76' lang='grc' dir='ltr'><strong>τοῖς</strong></span> <span class='ocrx_word' id='word_1_743' title='bbox 996 5356 1399 5428; x_wconf 77' lang='grc' dir='ltr'><strong>παλαιοτέροις,</strong></span> <span class='ocrx_word' id='word_1_744' title='bbox 1426 5358 1538 5410; x_wconf 81' lang='grc' dir='ltr'><strong>ἀλλ’</strong></span> <span class='ocrx_word' id='word_1_745' title='bbox 1562 5357 1670 5410; x_wconf 76' lang='lat' dir='ltr'><strong>eici</strong></span> <span class='ocrx_word' id='word_1_746' title='bbox 1694 5374 1839 5420; x_wconf 87' lang='grc' dir='ltr'><strong>τινες</strong></span> 
     </span>
    </p>
   </div>
   <div class='ocr_carea' id='block_1_103' title="bbox 256 5445 1840 5520">
    <p class='ocr_par' dir='ltr' id='par_1_103' title="bbox 256 5445 1840 5520">
     <span class='ocr_line' id='line_1_103' title="bbox 256 5445 1840 5520; baseline 0.001 -21"><span class='ocrx_word' id='word_1_747' title='bbox 256 5445 321 5501; x_wconf 69' lang='grc' dir='ltr'><strong>οἱ</strong></span> <span class='ocrx_word' id='word_1_748' title='bbox 353 5445 521 5515; x_wconf 77' lang='grc' dir='ltr'><strong>βίαιόν</strong></span> <span class='ocrx_word' id='word_1_749' title='bbox 549 5463 671 5502; x_wconf 89' lang='grc' dir='ltr'><strong>τινα</strong></span> <span class='ocrx_word' id='word_1_750' title='bbox 696 5448 790 5502; x_wconf 85' lang='grc' dir='ltr'><strong>τὸν</strong></span> <span class='ocrx_word' id='word_1_751' title='bbox 820 5447 1092 5517; x_wconf 75' lang='grc' dir='ltr'><strong>δυνάστην</strong></span> <span class='ocrx_word' id='word_1_752' title='bbox 1124 5451 1309 5518; x_wconf 74' lang='grc' dir='ltr'><strong>φασὶν,</strong></span> <span class='ocrx_word' id='word_1_753' title='bbox 1343 5450 1403 5502; x_wconf 79' lang='grc' dir='ltr'><strong>οὐ</strong></span> <span class='ocrx_word' id='word_1_754' title='bbox 1426 5449 1840 5520; x_wconf 82' lang='grc' dir='ltr'><strong>κυριολεκτοῦν-</strong></span> 
     </span>
    </p>
   </div>
   <div class='ocr_carea' id='block_1_104' title="bbox 254 5539 1836 5612">
    <p class='ocr_par' dir='ltr' id='par_1_104' title="bbox 254 5539 1836 5612">
     <span class='ocr_line' id='line_1_104' title="bbox 254 5539 1836 5612; baseline 0.002 -22"><span class='ocrx_word' id='word_1_755' title='bbox 254 5554 360 5601; x_wconf 79' lang='grc' dir='ltr'><strong>τες</strong></span> <span class='ocrx_word' id='word_1_756' title='bbox 392 5540 564 5606; x_wconf 76' lang='grc' dir='ltr'><strong>αὐτοὶ,</strong></span> <span class='ocrx_word' id='word_1_757' title='bbox 620 5539 758 5593; x_wconf 80' lang='grc' dir='ltr'><strong>ἀλλὰ</strong></span> <span class='ocrx_word' id='word_1_758' title='bbox 813 5540 987 5610; x_wconf 77' lang='grc' dir='ltr'><strong>μέσην</strong></span> <span class='ocrx_word' id='word_1_759' title='bbox 1038 5541 1205 5609; x_wconf 82' lang='grc' dir='ltr'><strong>λέξιν,</strong></span> <span class='ocrx_word' id='word_1_760' title='bbox 1262 5541 1356 5595; x_wconf 75' lang='grc' dir='ltr'><strong>καὶ</strong></span> <span class='ocrx_word' id='word_1_761' title='bbox 1396 5542 1491 5595; x_wconf 89' lang='grc' dir='ltr'><strong>τὸν</strong></span> <span class='ocrx_word' id='word_1_762' title='bbox 1543 5541 1836 5612; x_wconf 80' lang='grc' dir='ltr'><strong>δυνάστην,</strong></span> 
     </span>
    </p>
   </div>
   <div class='ocr_carea' id='block_1_105' title="bbox 256 5630 1841 5706">
    <p class='ocr_par' dir='ltr' id='par_1_105' title="bbox 256 5630 1841 5706">
     <span class='ocr_line' id='line_1_105' title="bbox 256 5630 1841 5706; baseline 0.006 -27"><span class='ocrx_word' id='word_1_763' title='bbox 256 5630 414 5684; x_wconf 77' lang='grc' dir='ltr'><strong>καθὰ</strong></span> <span class='ocrx_word' id='word_1_764' title='bbox 448 5632 541 5687; x_wconf 74' lang='grc' dir='ltr'><strong>καὶ</strong></span> <span class='ocrx_word' id='word_1_765' title='bbox 575 5632 669 5686; x_wconf 91' lang='grc' dir='ltr'><strong>τὸν</strong></span> <span class='ocrx_word' id='word_1_766' title='bbox 695 5633 945 5698; x_wconf 86' lang='grc' dir='ltr'><strong>δυνατὸν,</strong></span> <span class='ocrx_word' id='word_1_767' title='bbox 976 5634 1275 5703; x_wconf 80' lang='grc' dir='ltr'><strong>τιθέμενοι.</strong></span> <span class='ocrx_word' id='word_1_768' title='bbox 1316 5634 1563 5706; x_wconf 77' lang='grc' dir='ltr'><strong>Εὕρηται</strong></span> <span class='ocrx_word' id='word_1_769' title='bbox 1590 5635 1696 5706; x_wconf 84' lang='grc' dir='ltr'><strong>γὰρ</strong></span> <span class='ocrx_word' id='word_1_770' title='bbox 1746 5635 1841 5689; x_wconf 74' lang='grc' dir='ltr'><strong>καὶ</strong></span> 
     </span>
    </p>
   </div>
   <div class='ocr_carea' id='block_1_106' title="bbox 252 5720 1842 5799">
    <p class='ocr_par' dir='ltr' id='par_1_106' title="bbox 252 5720 1842 5799">
     <span class='ocr_line' id='line_1_106' title="bbox 252 5720 1842 5799; baseline 0.003 -26"><span class='ocrx_word' id='word_1_771' title='bbox 252 5722 295 5773; x_wconf 79' lang='grc' dir='ltr'><strong>ὁ</strong></span> <span class='ocrx_word' id='word_1_772' title='bbox 326 5720 537 5787; x_wconf 82' lang='grc' dir='ltr'><strong>δυνατὸς</strong></span> <span class='ocrx_word' id='word_1_773' title='bbox 566 5728 626 5778; x_wconf 79' lang='grc' dir='ltr'><strong>ὲν</strong></span> <span class='ocrx_word' id='word_1_774' title='bbox 658 5728 725 5797; x_wconf 79' lang='grc' dir='ltr'><strong>τῇ</strong></span> <span class='ocrx_word' id='word_1_775' title='bbox 766 5725 1021 5798; x_wconf 78' lang='grc' dir='ltr'><strong>θειοτάτῃ</strong></span> <span class='ocrx_word' id='word_1_776' title='bbox 1051 5727 1239 5799; x_wconf 76' lang='grc' dir='ltr'><strong>Γραφῇ</strong></span> <span class='ocrx_word' id='word_1_777' title='bbox 1279 5728 1340 5780; x_wconf 78' lang='grc' dir='ltr'><strong>οὐ</strong></span> <span class='ocrx_word' id='word_1_778' title='bbox 1367 5729 1528 5798; x_wconf 84' lang='grc' dir='ltr'><strong>μόνον</strong></span> <span class='ocrx_word' id='word_1_779' title='bbox 1586 5725 1842 5781; x_wconf 81' lang='grc' dir='ltr'><strong>ἐπαινού-</strong></span> 
     </span>
    </p>
   </div>
   <div class='ocr_carea' id='block_1_107' title="bbox 260 5817 1844 5888">
    <p class='ocr_par' dir='ltr' id='par_1_107' title="bbox 260 5817 1844 5888">
     <span class='ocr_line' id='line_1_107' title="bbox 260 5817 1844 5888; baseline 0.004 -21"><span class='ocrx_word' id='word_1_780' title='bbox 260 5829 430 5884; x_wconf 74' lang='grc' dir='ltr'><strong>μενος</strong></span> <span class='ocrx_word' id='word_1_781' title='bbox 465 5817 605 5873; x_wconf 80' lang='grc' dir='ltr'><strong>κατὰ</strong></span> <span class='ocrx_word' id='word_1_782' title='bbox 639 5818 724 5884; x_wconf 88' lang='grc' dir='ltr'><strong>τὸ,</strong></span> <span class='ocrx_word' id='word_1_783' title='bbox 762 5822 974 5888; x_wconf 73' lang='grc' dir='ltr'><strong>Κύριος</strong></span> <span class='ocrx_word' id='word_1_784' title='bbox 1019 5822 1299 5888; x_wconf 79' lang='grc' dir='ltr'><strong>κραταιὸς</strong></span> <span class='ocrx_word' id='word_1_785' title='bbox 1334 5822 1432 5877; x_wconf 75' lang='grc' dir='ltr'><strong>καί</strong></span> <span class='ocrx_word' id='word_1_786' title='bbox 1488 5820 1747 5887; x_wconf 80' lang='grc' dir='ltr'><strong>δυνατὸς</strong></span> <span class='ocrx_word' id='word_1_787' title='bbox 1776 5820 1844 5874; x_wconf 76' lang='grc' dir='ltr'><strong>ἐν</strong></span> 
     </span>
    </p>
   </div>
   <div class='ocr_carea' id='block_1_108' title="bbox 547 5911 1365 5982">
    <p class='ocr_par' dir='ltr' id='par_1_108' title="bbox 547 5911 1365 5982">
     <span class='ocr_line' id='line_1_108' title="bbox 547 5911 1365 5982; baseline 0.007 -7"><span class='ocrx_word' id='word_1_788' title='bbox 547 5916 824 5977; x_wconf 68' lang='grc' dir='ltr'><strong>Ρετιιοι..</strong></span> <span class='ocrx_word' id='word_1_789' title='bbox 873 5914 991 5977; x_wconf 82' lang='lat' dir='ltr'><strong>Gtt.</strong></span> <span class='ocrx_word' id='word_1_790' title='bbox 1032 5911 1250 5980; x_wconf 70' lang='lat' dir='ltr'><strong>CXXX</strong></span> <span class='ocrx_word' id='word_1_791' title='bbox 1268 5917 1365 5982; x_wconf 75' lang='lat' dir='ltr'><strong>Vl.</strong></span> 
     </span>
    </p>
   </div>
   <div class='ocr_carea' id='block_1_109' title="bbox 2013 4896 3514 4972">
    <p class='ocr_par' dir='ltr' id='par_1_109' title="bbox 2013 4896 3514 4972">
     <span class='ocr_line' id='line_1_109' title="bbox 2013 4896 3514 4972; baseline -0.003 -13"><span class='ocrx_word' id='word_1_792' title='bbox 2013 4904 2102 4959; x_wconf 77' lang='lat'><strong>7‘2.</strong></span> <span class='ocrx_word' id='word_1_793' title='bbox 2134 4902 2430 4972; x_wconf 81' lang='lat' dir='ltr'><strong>Dyttasmm</strong></span> <span class='ocrx_word' id='word_1_794' title='bbox 2452 4909 2632 4955; x_wconf 88' lang='lat' dir='ltr'><strong>autem</strong></span> <span class='ocrx_word' id='word_1_795' title='bbox 2666 4897 2919 4969; x_wconf 82' lang='lat' dir='ltr'><strong>graphice</strong></span> <span class='ocrx_word' id='word_1_796' title='bbox 2972 4896 3138 4953; x_wconf 85' lang='lat' dir='ltr'><strong>Deum</strong></span> <span class='ocrx_word' id='word_1_797' title='bbox 3169 4899 3514 4970; x_wconf 83' lang='lat' dir='ltr'><strong>omnipoten-</strong></span> 
     </span>
    </p>
   </div>
   <div class='ocr_carea' id='block_1_110' title="bbox 1946 4991 3516 5062">
    <p class='ocr_par' dir='ltr' id='par_1_110' title="bbox 1946 4991 3516 5062">
     <span class='ocr_line' id='line_1_110' title="bbox 1946 4991 3516 5062; baseline -0.003 -7"><span class='ocrx_word' id='word_1_798' title='bbox 1946 5011 2053 5055; x_wconf 91' lang='lat' dir='ltr'><strong>tem</strong></span> <span class='ocrx_word' id='word_1_799' title='bbox 2083 4993 2478 5062; x_wconf 86' lang='lat' dir='ltr'><strong>dicitscriptor,</strong></span> <span class='ocrx_word' id='word_1_800' title='bbox 2510 4991 2661 5046; x_wconf 87' lang='lat' dir='ltr'><strong>velut</strong></span> <span class='ocrx_word' id='word_1_801' title='bbox 2691 4991 3414 5061; x_wconf 86' lang='lat' dir='ltr'><strong>simpliciterdominantem,</strong></span> <span class='ocrx_word' id='word_1_802' title='bbox 3434 4995 3516 5050; x_wconf 84' lang='lat' dir='ltr'><strong>vel</strong></span> 
     </span>
    </p>
   </div>
   <div class='ocr_carea' id='block_1_111' title="bbox 1946 5082 3520 5159">
    <p class='ocr_par' dir='ltr' id='par_1_111' title="bbox 1946 5082 3520 5159">
     <span class='ocr_line' id='line_1_111' title="bbox 1946 5082 3520 5159; baseline -0.001 -15"><span class='ocrx_word' id='word_1_803' title='bbox 1946 5097 2222 5159; x_wconf 79' lang='lat' dir='ltr'><strong>patentem</strong></span> <span class='ocrx_word' id='word_1_804' title='bbox 2252 5100 2316 5139; x_wconf 90' lang='lat' dir='ltr'><strong>ac</strong></span> <span class='ocrx_word' id='word_1_805' title='bbox 2359 5082 2578 5145; x_wconf 85' lang='lat' dir='ltr'><strong>fortem,</strong></span> <span class='ocrx_word' id='word_1_806' title='bbox 2606 5092 2874 5152; x_wconf 81' lang='lat' dir='ltr'><strong>quatenus</strong></span> <span class='ocrx_word' id='word_1_807' title='bbox 2889 5098 2986 5137; x_wconf 83' lang='lat' dir='ltr'><strong>vox</strong></span> <span class='ocrx_word' id='word_1_808' title='bbox 3012 5092 3216 5152; x_wconf 71' lang='lat' dir='ltr'><strong>potent,</strong></span> <span class='ocrx_word' id='word_1_809' title='bbox 3244 5101 3342 5139; x_wconf 88' lang='lat' dir='ltr'><strong>nec</strong></span> <span class='ocrx_word' id='word_1_810' title='bbox 3362 5086 3520 5155; x_wconf 77' lang='lat' dir='ltr'><strong>juxta</strong></span> 
     </span>
    </p>
   </div>
   <div class='ocr_carea' id='block_1_112' title="bbox 1947 5174 3517 5250">
    <p class='ocr_par' dir='ltr' id='par_1_112' title="bbox 1947 5174 3517 5250">
     <span class='ocr_line' id='line_1_112' title="bbox 1947 5174 3517 5250; baseline 0 -15"><span class='ocrx_word' id='word_1_811' title='bbox 1947 5192 2205 5245; x_wconf 87' lang='lat' dir='ltr'><strong>metrum,</strong></span> <span class='ocrx_word' id='word_1_812' title='bbox 2229 5192 2326 5233; x_wconf 86' lang='lat' dir='ltr'><strong>nec</strong></span> <span class='ocrx_word' id='word_1_813' title='bbox 2350 5174 2650 5232; x_wconf 82' lang='lat' dir='ltr'><strong>secundum</strong></span> <span class='ocrx_word' id='word_1_814' title='bbox 2666 5174 2956 5229; x_wconf 87' lang='lat' dir='ltr'><strong>meiodiam</strong></span> <span class='ocrx_word' id='word_1_815' title='bbox 2985 5176 3071 5231; x_wconf 77' lang='lat' dir='ltr'><strong>hic</strong></span> <span class='ocrx_word' id='word_1_816' title='bbox 3092 5193 3152 5231; x_wconf 82' lang='lat' dir='ltr'><strong>ex</strong></span> <span class='ocrx_word' id='word_1_817' title='bbox 3166 5179 3306 5245; x_wconf 85' lang='lat' dir='ltr'><strong>pedit</strong></span> <span class='ocrx_word' id='word_1_818' title='bbox 3324 5189 3517 5250; x_wconf 82' lang='lat' dir='ltr'><strong>poetae.</strong></span> 
     </span>
    </p>
   </div>
   <div class='ocr_carea' id='block_1_113' title="bbox 1948 5266 3525 5338">
    <p class='ocr_par' dir='ltr' id='par_1_113' title="bbox 1948 5266 3525 5338">
     <span class='ocr_line' id='line_1_113' title="bbox 1948 5266 3525 5338; baseline -0.001 -13"><span class='ocrx_word' id='word_1_819' title='bbox 1948 5270 2062 5327; x_wconf 82' lang='lat' dir='ltr'><strong>Non</strong></span> <span class='ocrx_word' id='word_1_820' title='bbox 2097 5281 2277 5327; x_wconf 89' lang='lat' dir='ltr'><strong>autem</strong></span> <span class='ocrx_word' id='word_1_821' title='bbox 2304 5282 2518 5338; x_wconf 88' lang='lat' dir='ltr'><strong>semper</strong></span> <span class='ocrx_word' id='word_1_822' title='bbox 2537 5266 3046 5337; x_wconf 76' lang='lat' dir='ltr'><strong>hujusmodidictio</strong></span> <span class='ocrx_word' id='word_1_823' title='bbox 3074 5266 3285 5322; x_wconf 79' lang='lat' dir='ltr'><strong>laudent</strong></span> <span class='ocrx_word' id='word_1_824' title='bbox 3315 5271 3525 5324; x_wconf 77' lang='lat' dir='ltr'><strong>invertit</strong></span> 
     </span>
    </p>
   </div>
   <div class='ocr_carea' id='block_1_114' title="bbox 1950 5357 3520 5434">
    <p class='ocr_par' dir='ltr' id='par_1_114' title="bbox 1950 5357 3520 5434">
     <span class='ocr_line' id='line_1_114' title="bbox 1950 5357 3520 5434; baseline -0.004 -15"><span class='ocrx_word' id='word_1_825' title='bbox 1950 5365 2089 5434; x_wconf 87' lang='lat' dir='ltr'><strong>apud</strong></span> <span class='ocrx_word' id='word_1_826' title='bbox 2108 5363 2388 5431; x_wconf 86' lang='lat' dir='ltr'><strong>antiquos,</strong></span> <span class='ocrx_word' id='word_1_827' title='bbox 2406 5357 2502 5416; x_wconf 87' lang='lat' dir='ltr'><strong>sed</strong></span> <span class='ocrx_word' id='word_1_828' title='bbox 2522 5357 2687 5426; x_wconf 90' lang='lat' dir='ltr'><strong>aliqui</strong></span> <span class='ocrx_word' id='word_1_829' title='bbox 2731 5367 2857 5413; x_wconf 90' lang='lat' dir='ltr'><strong>sunt</strong></span> <span class='ocrx_word' id='word_1_830' title='bbox 2882 5358 2975 5427; x_wconf 90' lang='lat' dir='ltr'><strong>qui</strong></span> <span class='ocrx_word' id='word_1_831' title='bbox 3018 5360 3195 5414; x_wconf 87' lang='lat' dir='ltr'><strong>virum</strong></span> <span class='ocrx_word' id='word_1_832' title='bbox 3226 5360 3520 5416; x_wconf 87' lang='lat' dir='ltr'><strong>violentum</strong></span> 
     </span>
    </p>
   </div>
   <div class='ocr_carea' id='block_1_115' title="bbox 1950 5452 3522 5527">
    <p class='ocr_par' dir='ltr' id='par_1_115' title="bbox 1950 5452 3522 5527">
     <span class='ocr_line' id='line_1_115' title="bbox 1950 5452 3522 5527; baseline -0.003 -19"><span class='ocrx_word' id='word_1_833' title='bbox 1950 5456 2235 5527; x_wconf 83' lang='lat' dir='ltr'><strong>dynastam</strong></span> <span class='ocrx_word' id='word_1_834' title='bbox 2277 5462 2494 5517; x_wconf 82' lang='lat' dir='ltr'><strong>vocant,</strong></span> <span class='ocrx_word' id='word_1_835' title='bbox 2538 5466 2642 5505; x_wconf 89' lang='lat' dir='ltr'><strong>non</strong></span> <span class='ocrx_word' id='word_1_836' title='bbox 2669 5466 2830 5505; x_wconf 87' lang='lat' dir='ltr'><strong>sensu</strong></span> <span class='ocrx_word' id='word_1_837' title='bbox 2857 5452 3076 5524; x_wconf 86' lang='lat' dir='ltr'><strong>proprio</strong></span> <span class='ocrx_word' id='word_1_838' title='bbox 3102 5453 3408 5524; x_wconf 78' lang='lat' dir='ltr'><strong>loquentes,</strong></span> <span class='ocrx_word' id='word_1_839' title='bbox 3429 5455 3522 5507; x_wconf 85' lang='lat' dir='ltr'><strong>sed</strong></span> 
     </span>
    </p>
   </div>
   <div class='ocr_carea' id='block_1_116' title="bbox 1951 5541 3525 5613">
    <p class='ocr_par' dir='ltr' id='par_1_116' title="bbox 1951 5541 3525 5613">
     <span class='ocr_line' id='line_1_116' title="bbox 1951 5541 3525 5613; baseline -0.003 -12"><span class='ocrx_word' id='word_1_840' title='bbox 1951 5548 2183 5602; x_wconf 83' lang='lat' dir='ltr'><strong>mediam</strong></span> <span class='ocrx_word' id='word_1_841' title='bbox 2222 5544 2516 5599; x_wconf 86' lang='lat' dir='ltr'><strong>dictionem</strong></span> <span class='ocrx_word' id='word_1_842' title='bbox 2557 5553 2611 5599; x_wconf 90' lang='lat' dir='ltr'><strong>et</strong></span> <span class='ocrx_word' id='word_1_843' title='bbox 2640 5541 2918 5613; x_wconf 81' lang='lat' dir='ltr'><strong>dynastam</strong></span> <span class='ocrx_word' id='word_1_844' title='bbox 2973 5555 3248 5613; x_wconf 85' lang='lat' dir='ltr'><strong>potentem</strong></span> <span class='ocrx_word' id='word_1_845' title='bbox 3307 5559 3525 5612; x_wconf 83' lang='lat' dir='ltr'><strong>ponen—</strong></span> 
     </span>
    </p>
   </div>
   <div class='ocr_carea' id='block_1_117' title="bbox 1951 5633 3522 5703">
    <p class='ocr_par' dir='ltr' id='par_1_117' title="bbox 1951 5633 3522 5703">
     <span class='ocr_line' id='line_1_117' title="bbox 1951 5633 3522 5703; baseline -0.003 -14"><span class='ocrx_word' id='word_1_846' title='bbox 1951 5642 2051 5691; x_wconf 86' lang='lat' dir='ltr'><strong>tes.</strong></span> <span class='ocrx_word' id='word_1_847' title='bbox 2075 5634 2350 5688; x_wconf 70' lang='lat' dir='ltr'><strong>Invenitur</strong></span> <span class='ocrx_word' id='word_1_848' title='bbox 2370 5633 2513 5687; x_wconf 87' lang='lat' dir='ltr'><strong>enim</strong></span> <span class='ocrx_word' id='word_1_849' title='bbox 2536 5642 2589 5687; x_wconf 87' lang='lat' dir='ltr'><strong>et</strong></span> <span class='ocrx_word' id='word_1_850' title='bbox 2605 5644 2797 5703; x_wconf 84' lang='lat' dir='ltr'><strong>potens</strong></span> <span class='ocrx_word' id='word_1_851' title='bbox 2818 5634 2872 5687; x_wconf 91' lang='lat' dir='ltr'><strong>in</strong></span> <span class='ocrx_word' id='word_1_852' title='bbox 2899 5634 3079 5688; x_wconf 81' lang='lat' dir='ltr'><strong>divina</strong></span> <span class='ocrx_word' id='word_1_853' title='bbox 3106 5635 3383 5701; x_wconf 86' lang='lat' dir='ltr'><strong>Scriptura</strong></span> <span class='ocrx_word' id='word_1_854' title='bbox 3414 5647 3522 5686; x_wconf 89' lang='lat' dir='ltr'><strong>non</strong></span> 
     </span>
    </p>
   </div>
   <div class='ocr_carea' id='block_1_118' title="bbox 1951 5724 3527 5793">
    <p class='ocr_par' dir='ltr' id='par_1_118' title="bbox 1951 5724 3527 5793">
     <span class='ocr_line' id='line_1_118' title="bbox 1951 5724 3527 5793; baseline -0.001 -14"><span class='ocrx_word' id='word_1_855' title='bbox 1951 5734 2158 5781; x_wconf 89' lang='lat' dir='ltr'><strong>tantum</strong></span> <span class='ocrx_word' id='word_1_856' title='bbox 2188 5742 2308 5781; x_wconf 88' lang='lat' dir='ltr'><strong>cum</strong></span> <span class='ocrx_word' id='word_1_857' title='bbox 2332 5724 2491 5781; x_wconf 90' lang='lat' dir='ltr'><strong>laude</strong></span> <span class='ocrx_word' id='word_1_858' title='bbox 2511 5724 2707 5792; x_wconf 88' lang='lat' dir='ltr'><strong>dictus,</strong></span> <span class='ocrx_word' id='word_1_859' title='bbox 2725 5735 2782 5779; x_wconf 90' lang='lat' dir='ltr'><strong>ut</strong></span> <span class='ocrx_word' id='word_1_860' title='bbox 2800 5742 2814 5778; x_wconf 87' lang='lat'><strong>:</strong></span> <span class='ocrx_word' id='word_1_861' title='bbox 2840 5724 3094 5779; x_wconf 79' lang='lat' dir='ltr'><strong>Dominus</strong></span> <span class='ocrx_word' id='word_1_862' title='bbox 3113 5725 3271 5792; x_wconf 76' lang='lat' dir='ltr'><strong>fortis</strong></span> <span class='ocrx_word' id='word_1_863' title='bbox 3284 5734 3331 5776; x_wconf 86' lang='lat' dir='ltr'><strong>et</strong></span> <span class='ocrx_word' id='word_1_864' title='bbox 3347 5732 3527 5793; x_wconf 76' lang='lat' dir='ltr'><strong>potens</strong></span> 
     </span>
    </p>
   </div>
   <div class='ocr_carea' id='block_1_119' title="bbox 1953 5816 3531 5889">
    <p class='ocr_par' dir='ltr' id='par_1_119' title="bbox 1953 5816 3531 5889">
     <span class='ocr_line' id='line_1_119' title="bbox 1953 5816 3531 5889; baseline -0.003 -16"><span class='ocrx_word' id='word_1_865' title='bbox 1953 5820 2007 5873; x_wconf 81' lang='lat' dir='ltr'><strong>in</strong></span> <span class='ocrx_word' id='word_1_866' title='bbox 2030 5816 2257 5889; x_wconf 73' lang='lat' dir='ltr'><strong>prtelt&#39;o;</strong></span> <span class='ocrx_word' id='word_1_867' title='bbox 2291 5826 2364 5888; x_wconf 86' lang='lat' dir='ltr'><strong>et,</strong></span> <span class='ocrx_word' id='word_1_868' title='bbox 2398 5819 2679 5889; x_wconf 78' lang='lat' dir='ltr'><strong>Accingere</strong></span> <span class='ocrx_word' id='word_1_869' title='bbox 2716 5817 2950 5888; x_wconf 82' lang='lat' dir='ltr'><strong>gladium</strong></span> <span class='ocrx_word' id='word_1_870' title='bbox 2987 5826 3143 5870; x_wconf 44' lang='lat' dir='ltr'><strong>tuum:</strong></span> <span class='ocrx_word' id='word_1_871' title='bbox 3172 5832 3325 5885; x_wconf 77' lang='lat' dir='ltr'><strong>super</strong></span> <span class='ocrx_word' id='word_1_872' title='bbox 3357 5817 3531 5887; x_wconf 75' lang='lat' dir='ltr'><strong>femur</strong></span> 
     </span>
    </p>
   </div>
   <div class='ocr_carea' id='block_1_120' title="bbox 3034 5910 3198 5969">
    <p class='ocr_par' dir='ltr' id='par_1_120' title="bbox 3034 5910 3198 5969">
     <span class='ocr_line' id='line_1_120' title="bbox 3034 5910 3198 5969; baseline 0.018 -3"><span class='ocrx_word' id='word_1_873' title='bbox 3034 5910 3198 5969; x_wconf 81' lang='grc'><strong>’19</strong></span> 
     </span>
    </p>
   </div>
  </div>
