3966 6248
287 283 393 347 589

1114 281 1199 343 ΙΝ
1225 282 1563 345 HYMNUM
1594 281 2248 345 PENTECOSTALEM
2285 281 2759 345 DAMASCENI.

3445 281 3549 345 ΗΜ)

287 395 354 449 ὲκ
405 392 624 448 πάντων
649 394 965 450 ἀπαιτεῖται
1000 396 1307 466 ἀνθρώπων
1328 411 1343 427 ’
1383 394 1572 461 Ἴδετε,
1606 395 1736 466 γὰρ,
1762 412 1870 466 φη-

1982 393 2045 449 ab
2079 394 2335 449 omnibus
2374 393 2673 462 requiritur
2730 391 3046 448 hominibus
3078 412 3091 449 :
3121 392 3328 450 Scitote
3377 397 3551 463 enim,

289 489 396 551 σῖν,
430 487 512 541 ὅτι
540 485 654 556 ἐγώ
683 487 798 556 εἰμι
821 486 984 550 Θεόςο
1016 489 1154 558 ὅπερ
1185 488 1303 542 ἐστὶ
1328 528 1344 552 ,
1378 487 1579 553 Γνῶτε,
1617 490 1869 554 νοήσατε.

301 578 464 635 Ἀλλὰ
492 579 709 648 πρῶται
745 578 847 648 μὲν
874 570 1060 645 αὗται,
1095 579 1190 633 καὶ
1225 579 1478 648 δεύτεραι
1510 577 1745 646 γνώσεις
1766 593 1782 609 ’
1815 576 1872 630 αἱ

292 671 393 742 μιν
419 669 585 725 αὐτοῦ
634 670 887 742 φανερῶς
927 669 1087 724 οὖσαι
1118 669 1279 738 Θεοῦ,
1310 671 1367 723 al
1397 670 1456 723 δὲ
1489 671 1619 741 ἡμῖν
1638 668 1698 737 ἐξ
1724 669 1871 723 ὲκεί-

289 779 383 817 νου
431 763 830 834 ὲλλάμπουσαι.
861 762 986 817 Εἰσὶ
1014 762 1073 816 δὲ
1120 762 1215 816 καὶ
1265 760 1422 816 ἄλλαι
1463 763 1613 832 παρὰ
1665 759 1873 822 ταύτας

291 857 522 924 γνώσεις
555 856 714 921 Θεοῦ,
746 857 932 911 αἰτῶν
963 856 1203 927 καρδιῶν
1226 857 1384 925 ἡμῶν
1409 856 1501 908 καὶ
1530 854 1639 907 τῶν
1667 852 1871 923 τρίϐων

292 947 471 1016 ἡμῶν,
493 948 577 1009 εἰς
595 945 662 1009 ἃς
681 947 777 1001 καὶ
795 947 966 1010 αὐτὰς
992 950 1024 1016 ὴ
1047 945 1322 1016 προφῆτις
1348 946 1710 1007 ἁπονεύουσα,
1740 945 1871 997 ὕπο-

294 1040 631 1108 μιμνήσκειν
655 1039 804 1091 δοκεῖ
830 1039 921 1092 τὸν
945 1038 1100 1104 Θεὸν,
1130 1038 1204 1100 ὡς
1230 1038 1324 1092 καὶ
1351 1037 1582 1107 καρδίαν
1617 1036 1868 1106 καθαρὰν

289 1130 436 1201 ἔχειν
469 1130 639 1200 αὐτὴν
670 1127 801 1195 οἶδε,
837 1131 928 1183 καὶ
958 1130 1373 1201 εύθυποροῦσαν
1407 1130 1678 1198 ἑναρέτως
1702 1128 1870 1197 γινώ-

286 1237 434 1288 σκει.
458 1221 550 1273 Διὸ
579 1220 677 1273 καὶ
700 1222 855 1290 ζητεῖ
881 1221 938 1288 ἐξ
971 1221 1180 1274 ἐκείνου
1210 1221 1518 1292 ἀντίχαριν,
1552 1221 1629 1284 ὡς
1647 1220 1872 1290 ἑτοιμά-

292 1328 419 1378 σαι,
479 1311 652 1382 ἠγουν
699 1312 936 1381 ἑτοίμως
995 1313 1087 1366 καὶ
1118 1312 1451 1366 ἀπεντεῦοεν
1488 1314 1652 1367 αὐτὸν
1682 1315 1870 1384 ἐπιτη-

288 1403 584 1457 δεύσασθαι
627 1404 807 1458 καὶτὸ
843 1403 912 1456 δι’
944 1404 1108 1474 εὐχῆς
1138 1404 1274 1476 αὐτῇ
1299 1419 1314 1435 ⁶
1346 1405 1442 1459 καὶ
1482 1404 1661 1458 τοίνυν
1690 1403 1868 1458 πείθει

290 1496 735 1567 προσευξαμένη,
772 1497 867 1551 καὶ
897 1498 1255 1568 ἐπιτυγχάνει
1284 1497 1378 1551 τοῦ
1412 1497 1606 1566 ἐφετοῦ
1630 1499 1869 1567 αἰτήμα.

288 1603 405 1650 τος.

1981 484 2343 554 inquit,quod
2389 500 2489 557 ego
2542 500 2660 540 sum
2710 483 2854 540 Deus
2899 500 2913 539 :
2974 483 3026 539 id
3061 493 3164 549 est,
3213 487 3553 557 cognoscite,

1981 576 2286 644 intelligite.
2323 575 2427 629 Sed
2456 577 2574 630 alim.
2605 577 2825 647 quidem
2859 576 3069 645 primat,
3129 577 3249 633 aliae
3295 593 3425 635 vero
3469 592 3556 635 se-

1978 668 2169 721 cunda:
2185 676 2311 721 sunt
2327 666 2684 736 cognitiones,
2709 667 2978 737 siquidem
2999 668 3118 722 alia!
3141 669 3356 738 quidem
3373 670 3551 740 ipsius

1980 757 2071 812 Dei
2099 759 2384 813 manifeste
2416 768 2582 821 sunt;
2619 759 2738 813 alire
2766 774 2894 814 vero
2922 761 3081 815 nobis
3128 775 3195 816 ex
3226 761 3319 816 illo
3351 762 3552 819 illuxe-

1980 858 2127 906 runt.
2156 851 2289 905 Sunt
2314 860 2498 906 autem
2534 853 2696 905 etiam
2722 860 2918 921 praeter
2977 854 3098 909 illas
3151 855 3270 908 aliae
3298 855 3390 909 Dei
3458 871 3553 911 co-

1978 942 2272 1013 gnitiones,
2306 944 2556 997 eordium
2586 944 2803 1012 inquam
2840 955 3152 1001 nostrorum
3205 961 3269 1002 ac
3314 948 3551 1005 viarum.

1981 1036 2049 1090 ad
2077 1051 2215 1105 quas
2269 1037 2417 1105 ipsas
2472 1036 2720 1092 alludens
2774 1038 3135 1108 prophetissa,
3199 1039 3255 1094 in
3316 1050 3552 1095 mentem

1980 1127 2075 1181 Dei
2111 1141 2372 1183 revocare
2401 1130 2632 1191 videtur,
2668 1130 2811 1199 quod
2840 1133 3011 1200 ipsam
3064 1146 3185 1187 esse
3212 1147 3348 1201 puro
3389 1135 3555 1187 corde

1978 1219 2147 1282 novit,
2169 1228 2223 1272 et
2254 1220 2558 1276 secmtdum
2590 1222 2843 1275 virtutem
2903 1222 3181 1276 ambulare
3223 1226 3502 1290 cognoscit
3536 1245 3550 1279 :

1978 1308 2205 1378 ideoque
2246 1309 2738 1367 remunerationem
2776 1309 2845 1364 ab
2878 1309 2971 1363 illo
3009 1310 3226 1379 quaerit.
3267 1310 3338 1364 ita
3368 1310 3556 1365 utdis-

1978 1407 2163 1469 ponat,
2204 1413 2300 1455 seu
2339 1411 2585 1470 prompte
2614 1411 2668 1455 et
2701 1400 2897 1455 exinde
2919 1400 3151 1453 adducat
3176 1399 3419 1467 illum,et
3448 1400 3556 1455 hoc

1976 1503 2076 1558 per
2100 1503 2345 1560 precem,
2379 1491 2445 1544 ad
2470 1505 2658 1545 curam
2689 1492 2753 1546 de
2777 1491 2893 1560 ipsa
2930 1492 3259 1549 habendam.
3297 1492 3361 1547 Et
3409 1501 3558 1548 certe

1978 1582 2255 1649 precando
2342 1583 2632 1651 persuadet
2710 1593 2765 1638 et
2820 1583 3182 1639 desideratam
3242 1600 3356 1640 rem
3406 1586 3560 1643 obti-

1979 1677 2091 1724 net.

363 1772 459 1819 os'.
504 1766 567 1819 Ei
617 1766 676 1820 δὲ
726 1767 818 1820 καὶ
879 1766 1117 1837 ἐτεροῖαι
1160 1765 1391 1832 γνώσεις
1436 1764 1546 1817 eici.
1595 1764 1748 1833 παρὰ
1793 1763 1871 1835 τῷ

2048 1762 2138 1818 75.
2168 1762 2224 1817 Si
2251 1777 2377 1818 vero
2412 1780 2631 1836 quoque
2687 1777 2816 1822 sunt
2840 1768 2985 1823 aliae'
3007 1746 3348 1838 cognitiones
3412 1773 3555 1841 apud

300 1858 547 1929 Ὑψίστῳ
570 1858 659 1937 ἱμὴ
690 1857 758 1912 ἂν
784 1857 1263 1929 συνηριθμημέναι
1290 1858 1410 1919 ταῖς
1451 1857 1642 1927 ἐκείνῳ
1663 1857 1868 1924 φίλαις,

291 1952 392 2005 καὶ
412 1953 636 2005 ἐκείνων
660 1953 878 2009 πάντως
902 1952 1061 2011 αὐτὸς
1094 1950 1282 2020 κύριος
1315 1950 1738 2018 μετασκευὰζων
1769 1949 1871 2001 ab;

288 2044 393 2104 τὰς
415 2043 561 2105 ὅπως
590 2041 654 2095 ἂν
678 2040 870 2109 ἐθέλοι,
900 2042 994 2095 καὶ
1022 2040 1445 2111 κατακυριεύειν
1464 2040 1565 2093 οὐκ
1592 2040 1747 2108 ἀφεὶς
1778 2039 1875 2093 καὶ

291 2136 657 2203 λυμαίνεσθαι
706 2137 820 2198 τοῖς
870 2135 1034 2187 αὑτὸν
1098 2133 1493 2202 θεραπεύουσιν
1521 2148 1537 2166 ο
1599 2133 1734 2186 ἀλλὰ
1780 2132 1876 2186 καὶ

293 2225 514 2289 ὲκείνας
543 2226 771 2293 ἀπάγων
806 2224 837 2296 ἢ
872 2223 1118 2288 ἀλλοιῶν,
1154 2223 1252 2279 καὶ
1284 2223 1380 2286 τὰς
1411 2223 1619 2284 οίκείας
1645 2238 1876 2293 παρεισ-

294 2313 449 2378 άγων
481 2312 849 2383 ἁκαταλήπτῳ
882 2312 1084 2381 χάριτι,
1111 2312 1179 2381 ἢν
1211 2314 1239 2365 ὁ
1290 2312 1430 2383 ἔχων
1462 2312 1708 2380 θεολογεῖ
1732 2310 1876 2366 κατὰ

292 2404 426 2468 τοὺς
457 2406 742 2475 προφήτας
789 2406 884 2457 καὶ
926 2404 1051 2465 τοὺς
1084 2402 1331 2474 μαθητὰς
1385 2403 1480 2457 τοῦ
1525 2404 1785 2476 Χριστοῦ,
1813 2407 1873 2458 οὐ

294 2497 742 2565 καταπνεόμενος
775 2498 1027 2566 πονηροῖς
1047 2495 1319 2566 πνεύμασι
1344 2495 1739 2567 παρενοχλοῦσι
1763 2501 1876 2561 τοῖς

294 2587 675 2658 θεωρητικαῖς,
722 2587 858 2642 ἀλλὰ
913 2589 1341 2656 σκεπαζόμενος,
1401 2588 1477 2652 ὡς
1530 2589 1641 2642 ἔσω
1695 2590 1877 2660 μένων

296 2681 513 2753 σκηνῆς
535 2680 683 2743 θείας
710 2679 743 2751 ἢ
769 2680 926 2749 ἁγίου
953 2680 1105 2747 ναοῦ,
1135 2670 1242 2733 τῶν
1267 2681 1594 2751 κρειττόνων
1631 2681 1725 2735 τοῦ
1750 2680 1878 2736 Μω-

297 2774 496 2828 σαῖκοῦ
525 2773 748 2843 γνόφου,
792 2774 884 2826 καὶ
918 2773 1017 2838 ὡς,
1054 2772 1228 2838 οὕτως
1258 2775 1457 2839 εἰπεῖν,
1485 2774 1643 2828 θείων
1673 2775 1874 2845 ἡσυχα-

297 2869 543 2938 στηρίων
563 2884 580 2902 ο
609 2868 877 2920 Σκεπάσω
912 2867 1041 2937 γὰρ,
1096 2867 1282 2937 φησὶν,
1335 2867 1501 2920 αὑτὸν
1530 2867 1611 2920 ὅτι
1645 2866 1785 2935 ἔγνω
1815 2868 1876 2921 τὸ

294 2959 475 3029 δνομά
500 2976 621 3028 μου.
646 2958 879 3029 Τοιαύτη
923 2959 979 3011 δὲ
1002 2961 1035 3029 ἡ
1069 2960 1338 3028 προφῆτις
1361 2960 1553 3022 Ἅννα,
1579 2960 1877 3029 γινώσκου-

299 3069 373 3105 σα
405 3052 496 3105 τὸν
533 3052 664 3106 Θεὸν
689 3052 746 3104 ἐν
774 3050 853 3122 τῷ
887 3049 1259 3115 σκεπάζεσθαι
1315 3049 1407 3102 ὑπ’
1442 3050 1630 3117 αὐτοῦ,
1662 3053 1758 3104 καὶ
1785 3051 1876 3105 οῦ-

1975 1856 2342 1923 Altissimum,
2400 1873 2522 1928 quae
2575 1862 2960 1915 connumerari
3007 1877 3114 1916 non
3148 1872 3371 1933 possent
3427 1879 3552 1920 cum

1974 1946 2085 2003 illis
2115 1948 2214 2017 ipsi
2250 1949 2457 2015 charis,
2489 1950 2715 2005 istarum
2749 1953 2910 2006 etiam
2944 1953 3058 2022 ipse
3107 1969 3336 2024 prorsus
3371 1955 3555 2011 Domi-

1976 2054 2080 2094 nus
2100 2050 2206 2105 est,
2235 2040 2531 2110 disponens
2553 2041 2671 2096 illas
2703 2042 2846 2098 sicut
2870 2045 3006 2110 vult,
3036 2060 3136 2101 nec
3162 2046 3349 2103 sinens
3376 2047 3557 2107 domi-

1975 2129 2093 2185 nari
2121 2141 2216 2185 aut
2249 2147 2446 2187 nocere
2471 2132 2720 2189 ﬁdelibus
2753 2138 2927 2190 servis
2951 2173 2969 2201 ,
3003 2137 3098 2192 sed
3124 2148 3181 2192 et
3234 2138 3356 2194 illas
3386 2141 3556 2195 abdu-

1975 2237 2104 2277 cens
2137 2224 2222 2279 vel
2253 2224 2574 2292 immutans,
2602 2235 2657 2281 et
2689 2227 2937 2297 proprias
2969 2230 3330 2288 introduceus
3362 2232 3556 2288 incita-
3593 2293 3600 2301 _

1978 2315 2068 2369 bili
2101 2310 2433 2388 gratiafqua
2463 2319 2725 2388 praeditus
2753 2320 2941 2385 homo,
2974 2323 3275 2379 secundum
3317 2326 3556 2397 prophe-

1979 2413 2060 2460 tas
2090 2416 2146 2459 et
2171 2406 2468 2477 discipulos
2498 2407 2732 2477 Christi,
2761 2409 2827 2465 de
2857 2410 2971 2467 Deo
3033 2414 3295 2483 loquitur,
3359 2434 3465 2471 non
3527 2435 3556 2472 a

1977 2498 2231 2567 malignis
2264 2500 2547 2569 spiritibus
2577 2503 2669 2571 qui
2722 2504 3069 2573 speculantes
3097 2510 3426 2564 conturbant
3477 2511 3558 2564 in.

1976 2587 2238 2656 spiratus,
2267 2591 2359 2643 sed
2390 2590 2443 2643 in
2481 2601 2596 2647 tuto
2648 2595 2877 2659 positus,
2929 2597 3086 2661 quasi
3136 2613 3365 2654 manens
3415 2601 3558 2655 iulia

1980 2676 2224 2734 divinum
2263 2678 2677 2734 tabernaculum
2711 2697 2807 2736 seu
2836 2694 3084 2739 sanetum
3120 2688 3407 2756 templum,
3435 2708 3558 2760 qua:

1976 2766 2213 2822 Mosaica
2245 2768 2388 2822 nube
2419 2769 2644 2824 meliora
2672 2779 2820 2838 sunt,
2847 2782 2924 2837 et,
2964 2783 3022 2827 ut
3053 2774 3126 2828 ita
3148 2775 3348 2843 dicam,
3383 2780 3557 2835 divini

1979 2873 2267 2915 recessus:
2304 2861 2584 2931 l’rotcgam
2639 2862 2808 2926 enim,
2860 2864 3041 2931 inquit
3084 2881 3234 2933 cum,
3298 2873 3556 2938 quoniam

1976 2952 2232 3022 cognovit
2261 2967 2460 3007 nomen
2492 2967 2696 3008 meum.
2734 2952 2882 3009 Talis
2914 2963 3096 3010 autem
3154 2968 3274 3013 erat
3324 2965 3560 3032 prophe-

1980 3042 2109 3096 tissa
2136 3039 2315 3107 Anna,
2348 3057 2469 3112 qua:
2505 3047 2869 3114 cognoscebat
2908 3045 3100 3114 Deum,
3127 3050 3267 3117 quod
3317 3053 3388 3107 ab
3442 3055 3561 3124 ipso

295 3161 408 3207 τως
431 3144 490 3196 ἐν
520 3143 720 3215 ἠσυχίᾳ
756 3142 1066 3213 καρδιακῶς
1117 3141 1269 3212 αύτῷ
1313 3143 1742 3212 ὲντυγχάνουσα,
1777 3148 1871 3198 atati.

1982 3142 2367 3205 protegeretur,
2416 3143 2473 3189 et
2510 3136 2588 3190 sic
2640 3136 2694 3190 in
2751 3138 3045 3194 securitate
3096 3141 3198 3209 ipsi
3259 3157 3328 3197 ex
3376 3146 3563 3200 animo

295 3237 507 3308 κραγὸν
542 3237 642 3307 μὲν
681 3238 741 3290 οὐ
766 3237 1043 3306 κράξουςα
1073 3238 1169 3290 καὶ
1201 3237 1399 3308 τρανὲς
1451 3239 1545 3291 καὶ
1574 3239 1755 3308 τορὸν,
1784 3241 1874 3295 ἄλ-

295 3331 409 3393 λως
451 3330 529 3392 δὲ,
582 3327 724 3382 καθὰ
754 3331 781 3381 ὁ
812 3327 966 3397 ἅγιος
1006 3328 1192 3391 Ἰωνᾶς
1218 3330 1284 3381 ἐκ
1320 3329 1415 3381 τοῦ
1450 3331 1669 3401 κήτους,
1696 3331 1876 3401 βοῶσα

298 3424 366 3476 hc
387 3420 622 3492 συνοχῆς
645 3408 868 3490 καρδίας
897 3420 1210 3491 ὲνδόμυχος.
1262 3422 1356 3474 Διὸ
1399 3424 1691 3491 πανσὸφως
1722 3427 1816 3477 καὶ
1847 3426 1877 3478 ὁ

297 3512 468 3567 nam
499 3512 640 3581 μετὰ
667 3511 729 3565 τὸ
784 3512 1079 3581 σκέπασμα
1131 3510 1194 3563 τὸ
1245 3510 1337 3564 διὰ
1385 3514 1484 3581 τὴν
1532 3512 1734 3581 γνῶσιν
1783 3513 1876 3567 τοῦ

295 3601 457 3670 Θεοῦ,
490 3602 738 3674 ἐπήγαγε
767 3600 847 3670 τὸ,
876 3599 1237 3669 Κεκράξεται
1287 3601 1440 3670 πρός
1472 3618 1572 3670 με,
1606 3605 1704 3658 καὶ
1733 3604 1876 3659 ἐπα-

295 3697 598 3766 κούσομαι
626 3697 814 3753 αὐτοῦ
839 3714 853 3727 ·
891 3697 948 3761 ὃς
971 3713 1035 3764 γε
1065 3698 1159 3749 καὶ
1198 3696 1280 3750 ἐτι
1305 3697 1593 3761 λαλοῦντος
1620 3701 1716 3753 τοῦ
1742 3704 1879 3770 ἁγα-

299 3791 398 3845 θοῦ
435 3789 748 3861 ἀνθρώπου,
797 3790 893 3843 καὶ
938 3790 1106 3862 πρινὴ
1146 3789 1204 3843 δὲ
1241 3788 1445 3857 λαλεῖν,
1486 3793 1662 3848 κλίνει
1687 3798 1749 3848 τὸ
1782 3793 1877 3860 οὖς

297 3884 396 3936 καὶ
425 3881 690 3936 ὑπακούει
722 3881 909 3936 αὐτοῦ.

369 3981 480 4039 ος’.
506 3973 723 4028 Τούτων
745 3973 801 4029 δὲ
831 3973 1005 4038 οὕτως
1045 3973 1297 4045 ἐχόντων,
1337 3978 1516 4040 καλῶς
1558 3978 1625 4032 ἂν
1666 3979 1781 4050 ἔχοι
1805 3982 1880 4033 εί-

295 4068 426 4121 τιεῖν
460 4067 611 4138 ἡμᾶς
656 4067 749 4120 καὶ
782 4066 865 4120 ὅτι
908 4066 1162 4136 φθάσασα
1207 4068 1241 4140 ή
1290 4068 1571 4141 θαυμασία
1608 4074 1878 4142 προφῆτις

296 4161 359 4212 ὲν
387 4160 458 4230 τῇ
508 4157 628 4211 κατ’
653 4156 823 4229 αὐτὴν
856 4155 967 4228 ᾠδῇ
999 4160 1356 4215 ἁποκωλύσαι
1408 4163 1534 4222 τοὺς
1586 4163 1679 4217 ὑπ’
1712 4165 1880 4234 αὐτῆς

296 4252 720 4322 διδασκομένους
769 4250 864 4304 τοῦ
896 4249 1076 4320 ὑψηλὰ
1103 4253 1184 4314 είς
1217 4252 1491 4324 ὑπεροχὴν
1522 4253 1727 4319 λαλεῖν,
1785 4255 1879 4308 καὶ

298 4348 403 4411 τῆς
453 4345 1018 4416 μεγαλοῤῥημοσύνης
1078 4346 1145 4417 ην
1171 4347 1237 4417 τῇ
1277 4348 1543 4419 καυχήσει
1585 4349 1785 4404 ὀπαδὸν
1805 4350 1882 4403 οῖ-

297 4439 498 4507 δαμεν,
553 4438 631 4501 ὡς
666 4439 908 4509 ἀνοήτων
935 4436 1103 4492 ὄντων
1151 4438 1260 4491 τῶν
1302 4438 1530 4493 τοιαῦτα
1579 4440 1879 4495 ποιούντων

298 4532 400 4586 καὶ
423 4529 550 4586 νοῦν
583 4529 659 4601 μὴ
685 4529 918 4601 ἑχόντων
953 4531 1045 4583 καὶ
1069 4529 1292 4598 γνῶσιν,
1324 4530 1418 4583 καὶ
1444 4531 1535 4584 διὰ
1562 4530 1721 4585 τοῦτο
1746 4535 1882 4587 dme-

300 4624 679 4695 στραμμένων
702 4619 780 4691 τῷ
804 4621 922 4690 Θεῷ
941 4636 956 4652 ο
989 4620 1189 4674 αὐτίκα
1221 4621 1503 4690 φιλοσοφεί
1524 4621 1601 4684 ὡς
1618 4622 1886 4693 αὐτόχρη-

303 4735 384 4788 μα
412 4715 616 4784 γνῶσίς
643 4716 793 4768 ἐστιν
825 4715 854 4766 ὁ
885 4713 1036 4778 Θεὸς,
1082 4715 1177 4769 καὶ
1206 4712 1340 4777 Θεὸς
1366 4713 1643 4782 γνώσεων,
1673 4714 1768 4768 καὶ
1798 4733 1886 4784 φι·

299 4809 413 4864 λῶν
434 4809 564 4871 τοὺς
596 4808 765 4871 ὅντως
795 4806 947 4878 αὐτῷ
976 4806 1276 4876 γνωστούς.
1302 4806 1393 4860 Διὸ
1414 4808 1639 4877 τοιαύτῃ
1674 4808 1886 4875 φιλοσό-

303 4920 390 4973 φῳ
415 4901 811 4974 προσεσχηκὼς
838 4900 866 4953 ὁ
899 4901 1031 4964 Θεὸς
1076 4902 1172 4955 καὶ
1200 4900 1276 4964 ὡς
1322 4902 1403 4962 είς
1449 4901 1713 4972 κήρυγμα
1738 4900 1886 4967 λογι-

301 4999 544 5066 σάμενος
568 4995 662 5048 καὶ
698 4993 870 5064 αὐτὴν
904 4994 1001 5046 καὶ
1031 4993 1378 5058 διδάσκαλον,
1421 4993 1751 5046 ἀποδίδωσιν
1781 4992 1884 5045 αὑ-

287 5090 368 5156 τῇ
426 5090 488 5139 τὸ
546 5086 612 5138 δι’
660 5085 848 5154 εὐχῆς,
887 5084 979 5137 τὸν
1034 5087 1316 5154 ἀγαπητὸν
1340 5084 1543 5155 δηλαδὴ
1594 5086 1775 5145 τόκον,
1824 5081 1884 5135 ὃν

294 5175 567 5246 ⁴ᾐτήσατο.
605 5172 730 5227 Ἐπὶ
760 5174 970 5236 τούτοις
1003 5175 1119 5225 ἐστι
1150 5173 1366 5244 γυργῶς
1400 5177 1605 5245 φράσαι
1641 5175 1714 5235 ὡς
1753 5173 1885 5230 Θεὸν

296 5270 557 5335 γνῶσεων
591 5268 625 5338 ἠ
651 5268 1051 5338 μακαριωτάτη
1080 5266 1250 5319 Ἀννα
1283 5265 1511 5320 εἰποῦσα
1533 5270 1625 5319 τὸν
1653 5264 1882 5338 Κύριον,

297 5359 614 5429 φιλοσόφως
650 5359 966 5411 ἀντιπίπτει
993 5361 1105 5420 τοῖς
1147 5357 1485 5428 βλασφήμως
1528 5359 1796 5428 φαμένοις
1835 5358 1885 5410 εί

298 5449 417 5503 ἔστι
446 5449 650 5518 γνῶσις
702 5448 760 5499 ὲν
790 5446 867 5517 τῷ
902 5446 1145 5519 Ὑψίστῳ
1165 5464 1180 5480 ο
1215 5450 1503 5520 μονονουχὶ
1530 5449 1760 5515 λέγουσα
1811 5448 1886 5511 ὡς

300 5543 460 5610 ἡμεῖς
492 5541 542 5593 οἱ
568 5538 850 5610 ἄνθρωποι
881 5539 979 5592 οὐκ
1004 5539 1368 5611 ἐπιστάμεθα,
1409 5543 1503 5593 καὶ
1536 5539 1603 5592 δι’
1636 5541 1767 5594 αὐτὸ
1797 5538 1885 5593 οἷα

302 5630 503 5696 γνῶσιν
533 5630 613 5701 μὴ
647 5631 864 5699 ἔχοντες
914 5630 1202 5700 ὀφείλομεν
1246 5632 1341 5685 καὶ
1386 5633 1544 5684 αὐτοὶ
1592 5631 1773 5699 λέγειν
1800 5631 1883 5696 τὸ,

308 5724 402 5791 Τίς
422 5723 579 5792 ἔγνω
602 5723 755 5780 γοῦν
783 5724 1005 5792 Κυρίου
1038 5723 1105 5789 ὃς
1129 5724 1324 5780 πάντα
1355 5720 1481 5779 οἶδε
1505 5725 1601 5781 καί
1635 5724 1749 5794 πρὸ
1784 5742 1883 5794 γε·

1981 3226 2299 3291 inhaarebat,
2362 3242 2471 3283 non
2502 3228 2724 3298 quidem
2775 3243 2941 3285 acuto
3003 3233 3404 3307 manifestoque
3451 3241 3565 3294 cla-

1977 3332 2132 3371 more
2161 3320 2426 3385 clamans,
2462 3320 2601 3374 alias
2633 3330 2840 3388 autem,
2875 3323 3018 3378 sicut
3048 3336 3273 3381 sanctus
3301 3326 3470 3384 Jonas
3497 3346 3562 3384 ex

1979 3420 2167 3465 ventre
2193 3416 2319 3477 ceti,
2355 3426 2418 3466 ex
2460 3410 2737 3466 anxietate
2762 3413 2944 3469 cordis
2998 3415 3329 3474 intrinsecus
3364 3421 3564 3475 clami-

1979 3510 2121 3557 tans.
2158 3503 2283 3558 Ideo
2307 3503 2715 3573 sapientissime
2744 3503 2934 3573 David,
2962 3521 3078 3575 pom
3115 3526 3134 3560 ι
3167 3511 3560 3578 ιιιοῑεοιίοιιεηι

1978 3596 2030 3649 in
2067 3595 2375 3665 cognitione
2410 3594 2501 3651 Dei
2548 3614 2568 3648 ι
2617 3596 2861 3667 adjecit:
2916 3598 3178 3656 Clamauit
3237 3605 3307 3658 ad
3373 3622 3475 3672 me,
3516 3620 3564 3661 et

1975 3689 2262 3743 exaudiam
2288 3704 2427 3743 eum.
2458 3687 2559 3743 llic
2596 3692 2746 3744 enim
2781 3692 2960 3748 adhuc
2984 3694 3239 3764 loquente
3275 3699 3420 3752 bono
3464 3701 3567 3753 lio-

1980 3781 2146 3846 mine,
2185 3780 2280 3835 sed
2311 3790 2365 3834 et
2393 3781 2717 3851 priusquam
2762 3782 3038 3853 loquatur,
3093 3803 3280 3842 aurem
3338 3789 3568 3845 inclinat

1977 3880 2032 3926 et
2062 3872 2293 3926 exaudit
2315 3887 2465 3927 eum.

2049 3967 2141 4022 76.
2185 3967 2310 4024 Haec
2338 3980 2521 4025 autem
2582 3985 2707 4025 cum
2743 3971 2814 4026 ita
2876 3970 3006 4038 sint,
3059 3988 3359 4028 ροηδοηιιιη
3407 3979 3566 4033 nobis

1979 4070 2123 4117 esset
2153 4062 2444 4117 dicendum
2468 4062 2636 4133 quod,
2690 4072 2980 4133 postquam
3047 4065 3161 4118 hare
3222 4067 3568 4125 admirabilis

1979 4156 2329 4226 prophetissa
2354 4157 2709 4225 pmvenissct
2738 4156 2791 4209 in
2821 4170 2924 4209 suo
2982 4157 3226 4210 carmine
3273 4161 3569 4227 prohibere

1981 4251 2174 4304 doctos
2194 4251 2263 4304 ab
2288 4252 2409 4322 ipsa
2441 4266 2510 4306 ne
2537 4252 2795 4307 sublimia
2824 4253 3059 4322 superbe
3111 4236 3470 4323 loquerentur
3515 4271 3569 4311 et

1980 4354 2237 4400 caverent
2262 4359 2293 4399 a
2315 4345 2580 4415 jactantia
2609 4361 2772 4417 quam
2793 4345 3139 4416 gloriationis
3169 4348 3422 4401 comitem
3445 4364 3570 4404 esse

1982 4436 2210 4502 scimus,
2239 4448 2507 4507 quantum
2537 4441 2630 4509 qui
2661 4439 2787 4493 talia
2817 4446 2985 4509 agunt
3043 4438 3239 4492 insulsi
3294 4449 3424 4493 sunt
3468 4456 3571 4495 nec

1986 4537 2222 4583 mentem
2265 4545 2366 4585 nec
2391 4531 2763 4600 cognitionem
2819 4531 3037 4595 habent,
3086 4539 3141 4583 et
3190 4531 3309 4584 ideo
3372 4547 3401 4584 a
3460 4533 3569 4585 Deo

1987 4629 2333 4686 avertuntur,
2364 4623 2548 4676 statim
2590 4621 2966 4689 philosophice
3000 4620 3162 4676 docet
3190 4624 3335 4691 quod
3393 4626 3568 4692 reipsa

1986 4714 2216 4768 Scientia
2255 4711 2402 4767 Deus
2424 4721 2588 4767 estet
2616 4712 2761 4766 Deus
2797 4712 3149 4783 scientiarum
3177 4722 3232 4766 et
3257 4715 3435 4784 diligit
3470 4732 3566 4771 eos

1985 4805 2079 4874 qui
2113 4804 2212 4873 ipsi
2246 4817 2373 4858 vere
2396 4803 2510 4857 noti
2547 4808 2697 4857 sunt.
2720 4800 2927 4855 Idcirco
2962 4802 3125 4856 talem
3202 4804 3567 4876 philosophia:

1995 4896 2316 4964 magistram
2349 4895 2640 4948 advertens
2679 4895 2818 4949 Deus
2849 4902 2903 4948 et
2928 4901 3185 4963 tanquam
3254 4910 3561 4964 praeconem

1986 4999 2052 5040 ac
2075 4987 2403 5055 discipulam
2431 4994 2712 5055 reputans,
2741 4986 2842 5055 ipsi
2875 4985 3099 5041 tradidit
3129 4987 3273 5056 quod
3344 4999 3464 5044 erat
3516 4993 3571 5045 in

1988 5087 2136 5144 voto,
2165 5078 2423 5133 dilectum
2455 5091 2653 5147 nempe
2724 5078 2943 5146 Filium,
3001 5095 3161 5150 quem
3224 5097 3571 5152 poposcerat.

1991 5171 2163 5226 Acute
2200 5179 2457 5238 praeterea
2484 5170 2776 5226 dicendum
2806 5182 2891 5227 est
2918 5173 3063 5241 quod
3104 5173 3274 5227 Deum
3299 5176 3568 5230 scientia-

1990 5280 2111 5317 rum
2142 5263 2493 5318 sanctissima
2520 5265 2679 5319 Anna
2721 5265 3068 5333 proclamans
3099 5267 3418 5331 Dominum,
3454 5270 3577 5337 phi-

1988 5361 2268 5429 losophice
2284 5361 2552 5415 obnilitur
2573 5361 2640 5416 iis
2661 5361 2755 5431 qui
2777 5360 3205 5429 blasphemando
3225 5364 3577 5429 pronuntiant

1988 5466 2057 5504 an
2094 5453 2165 5504 sit
2187 5450 2413 5505 scientia
2444 5455 2496 5504 in
2533 5450 2759 5506 Excelso
2786 5468 2799 5505 :
2839 5454 2994 5520 quasi
3030 5453 3236 5507 diceret
3268 5468 3368 5508 nos
3398 5453 3577 5505 homi-

1989 5559 2086 5599 nes
2110 5558 2219 5597 non
2245 5557 2363 5597 esse
2394 5543 2621 5599 scientia
2656 5545 2929 5613 praeditus,
2984 5554 3038 5597 et
3091 5545 3213 5598 ideo
3269 5544 3430 5596 veluti
3484 5557 3578 5597 eo.

1989 5637 2288 5705 gnitionem
2315 5652 2423 5690 non
2454 5636 2719 5692 habentes
2740 5637 2939 5691 debere
2968 5644 3021 5691 et
3052 5637 3199 5704 ipsos
3232 5633 3336 5688 hoc
3370 5634 3577 5700 dicere,

1991 5726 2126 5794 Quis
2157 5728 2310 5785 novit
2334 5743 2556 5786 sensum
2586 5728 2828 5796 Domini,
2871 5727 2963 5797 qui
3018 5733 3217 5782 cuncta
3275 5725 3380 5780 scit
3412 5724 3578 5781 etiam
