3966 6248
421 357 525 420 595

1199 353 1613 417 EUSTATHII
1651 352 2408 419 THESSAIDNICENSIS
2444 363 3002 425 METROPOLlTrE

3574 359 3666 422 ίιθίὶ

421 479 519 521 nes
544 463 767 534 troparii
800 465 1090 536 pertinent,
1123 464 1202 518 sic
1223 465 1563 533 explicantur
1590 485 1604 522 :
1629 463 1980 532 lmprensibi-

2122 468 2248 531 ,έξιν
2301 471 2392 524 τοῦ
2453 476 2754 545 τροπαρίου
2787 477 3002 546 ἔχουσιν
3047 479 3254 539 οὕτως’
3301 478 3543 545 ἄληπτος
3577 474 3667 542 μὶν

423 552 514 617 iis,
544 561 604 606 ut
633 553 910 608 inventum
942 561 1045 617 est,
1093 552 1232 607 idem
1275 553 1545 622 signiticat
1599 555 1742 626 quod
1785 554 1995 610 incomo

423 646 832 714 prehensihilis,
861 661 1022 716 quam
1049 659 1246 716 capere
1280 661 1386 701 non
1417 659 1500 702 est
1553 648 1831 717 possibile.
1889 646 1994 703 Os-

427 738 602 792 tendit
624 748 806 794 aulem
843 739 943 793 ista
973 739 1165 804 dictio,
1197 754 1320 810 qua:
1351 741 1680 811 homonyma
1710 741 1997 806 cst,etiam

431 832 967 902 irreprehensibilem
1003 838 1118 890 sive
1146 835 1446 900 hominem,
1486 836 1599 890 sive
1631 837 1852 900 victum,
1905 850 1999 889 cu-

423 925 516 994 jus
554 933 610 980 et
633 927 829 996 ipsius,
857 935 1112 998 tanquam
1133 928 1583 984 commendabilis
1612 930 1835 992 virtute,
1863 927 2000 981 nihil

433 1017 634 1087 aliquis
692 1019 1151 1074 incriminandum
1224 1022 1467 1090 reperire
1522 1030 1720 1091 potest.
1773 1021 2002 1077 Videtur

425 1120 604 1164 autem
625 1110 792 1167 dictio
823 1115 1192 1183 metaphorice
1219 1114 1414 1168 deduci
1447 1130 1476 1167 a
1501 1114 1882 1179 luctatoribus,
1905 1114 2001 1184 qui

429 1201 550 1256 oleo
573 1203 822 1272 peruncti
860 1213 913 1263 et
942 1204 1163 1259 aliunde
1223 1205 1453 1260 solertes
1503 1205 1779 1269 inclinari,
1807 1211 2005 1259 curant

428 1307 496 1346 ne
529 1303 747 1359 captum
776 1295 1107 1349 adversariis
1138 1297 1434 1364 praebeant.
1469 1295 1622 1352 Unde
1654 1298 1858 1367 Optime
1899 1301 2006 1352 im-

427 1386 723 1450 prensibilis
751 1386 1024 1442 diceretur
1052 1397 1236 1444 castus
1293 1387 1517 1458 Ioseph,
1573 1391 1668 1458 qui
1722 1391 2004 1444 dominam

431 1475 744 1546 Egyptian:
770 1479 946 1534 nudus
972 1478 1108 1548 fugit
1134 1491 1191 1533 ut
1212 1480 1597 1549 comprehendi
1652 1496 1760 1535 non
1801 1491 2004 1549 posset.

435 1567 571 1622 Iluic
597 1580 775 1623 autem
801 1570 1174 1636 imprensibili,
1224 1571 1383 1642 juxta
1414 1571 1631 1626 modum
1701 1569 2006 1636 luctatoris,

432 1664 725 1731 opponitur
754 1661 1011 1734 εὐλαϐής,
1045 1679 1205 1732 quem
1235 1663 1448 1718 scilicet
1498 1661 1661 1717 facile
1706 1663 2008 1733 prehende—

435 1767 541 1808 res.
575 1751 686 1808 Vox
740 1762 917 1807 autem
974 1755 1124 1807 ἐστὶν
1182 1769 1279 1824 per
1343 1753 1789 1822 consequentiam
1835 1769 2010 1808 nexus

436 1857 594 1902 acuto
623 1862 858 1902 accensn
882 1857 1121 1910 notatur,
1147 1857 1203 1902 ut
1232 1849 1335 1901 hoc
1362 1849 1602 1916 ἄληπτος
1659 1847 1799 1912 ἐστὶ,
1826 1845 2010 1901 conci-

437 1949 528 1994 nat
553 1939 630 2009 τῷ
665 1939 863 2012 έρῥηξε
901 1941 1158 2010 γαστρὸς,
1216 1939 1521 1994 secundum
1583 1939 1691 1992 vim
1748 1949 2008 1993 accentus

435 2034 607 2088 acuti.
636 2033 869 2088 Aliunde
897 2047 1045 2097 vero,
1073 2034 1215 2088 sicut
1242 2033 1347 2086 viri
1371 2031 1512 2087 docti
1532 2031 1738 2094 volunt,
1758 2031 2010 2087 enelitica

433 2143 557 2183 esse
586 2126 767 2182 debet.
794 2125 895 2192 Qui
929 2141 1056 2178 vero
1076 2125 1180 2178 hoc
1206 2126 1395 2179 audire
1425 2125 1653 2191 fastidit,
1673 2126 1829 2182 nobis
1859 2140 2012 2196 pror-

435 2234 527 2274 sus
567 2219 750 2274 illaasis
791 2230 1089 2288 prmtereat.

507 2311 597 2364 82.
641 2313 770 2377 Quae
823 2329 949 2365 vero
1019 2314 1430 2384 θεαρχικωτάτη
1494 2311 1715 2373 dicitur,
1795 2325 2010 2363 omnem

437 2403 746 2464 splendoris
779 2405 1137 2457 intentionem
1179 2405 1413 2458 excedit.
1463 2402 1727 2472 Superior
1748 2417 1896 2455 enim
1930 2411 2016 2456 est

441 2511 543 2547 ina
578 2496 744 2548 altera
802 2495 1118 2564 fulguratio,
1175 2497 1348 2566 magis
1409 2513 1513 2550 una
1579 2496 1799 2561 divina;
1850 2504 2014 2563 atque

436 2589 606 2641 altera
643 2588 888 2656 quaedam
911 2588 1252 2658 principalis,
1272 2597 1325 2642 et
1359 2587 1738 2657 principalior,
1768 2597 1823 2643 et
1860 2587 2012 2656 prin-

437 2682 810 2746 cipalissima:
845 2681 936 2737 sed
985 2681 1169 2735 divina
1218 2681 1792 2750 principalissimaque
1835 2681 2013 2749 fulgu-

437 2775 649 2829 ratione
681 2773 938 2843 Spiritus,
975 2783 1030 2828 et
1071 2773 1246 2828 Patris
1269 2781 1324 2827 et
1351 2772 1494 2838 Filii,
1524 2789 1632 2828 non
1690 2785 1833 2829 recte
1864 2773 2016 2828 dice-

439 2883 619 2920 remus
655 2867 861 2936 aliquid
887 2881 1009 2919 esse
1039 2865 1414 2934 precstantius.
1457 2864 1583 2921 llaec
1651 2866 1796 2920 enim
1856 2881 2013 2920 sum-

441 2975 580 3011 mam
614 2959 879 3026 significat
909 2958 997 3010 Dei
1029 2959 1302 3024 virtutem,
1339 2959 1674 3026 sapientiam
1749 2959 2012 3015 mundum

439 3050 805 3105 diversimodc
857 3051 1140 3105 docentem
1203 3060 1257 3104 et
1325 3051 1394 3104 ita
1464 3052 1760 3106 salvantcm
1828 3070 1841 3106 :
1903 3067 2015 3123 quo

2105 558 2200 612 νῦν
2229 561 2302 623 ὡς
2329 565 2530 636 εὑρέθη
2558 570 2590 636 ἡ
2621 571 3014 640 ἀκατάσχετος,
3038 565 3107 642 ἦς
3130 571 3228 624 οὐκ
3253 569 3369 622 ἔστι
3391 565 3646 621 λαϐέσθαι

2103 657 2256 726 δηλοῖ
2285 658 2342 712 δέ
2371 674 2500 712 ποτε
2533 661 2566 730 ἡ
2594 661 2737 724 λέξις
2770 662 3060 732 ὁμώνυμος
3091 661 3225 716 οὖσα
3255 663 3348 714 καὶ
3372 659 3464 714 τὸν
3497 660 3671 726 ἀμεμ-

2101 767 2257 817 πτον,
2285 749 2317 818 ἢ
2345 751 2628 820 ἄνθρωπον
2650 753 2684 820 ἢ
2720 752 2856 821 βίον,
2890 745 2952 806 οὗ
2981 755 3076 806 καὶ
3114 751 3278 805 αὐτοῦ
3311 751 3386 812 ὼς
3420 749 3670 816 ἐναρέτου

2101 844 2401 914 δράξασθαί
2422 862 2506 908 τις
2535 845 2595 897 ού
2618 843 2837 899 δύναται
2853 845 2997 915 λόγῳ
3019 845 3328 906 αἰτιάσεωςο
3347 842 3566 896 δοκείδέ
3587 857 3673 908 με-

2101 935 2418 1002 τενεχθῆναι
2464 936 2497 1004 ή
2551 935 2693 1002 λέξις
2727 938 2790 989 ἐκ
2836 936 3146 990 παλαιστῶν
3179 935 3465 1005 τεχνικῶν,
3495 932 3544 985 οἳ
3589 932 3672 982 καὶ

2103 1022 2452 1091 ἀλειφόμενοι
2485 1024 2576 1077 ἔλα
2586 1043 2683 1089 ιον,
2717 1026 2810 1079 καί
2830 1025 3002 1089 ἄλλως
3023 1027 3077 1079 δέ
3094 1025 3470 1084 ὑποκλίνοντες
3489 1021 3671 1085 δεξιῶς

2083 1115 2522 1184 ’ἐπιτηδεύονται
2573 1118 2649 1188 μὴ
2677 1117 2940 1172 ἐνδιδόναι
2973 1119 3085 1180 τοῖς
3125 1116 3440 1178 ἀντιπάλοις
3471 1114 3672 1175 λαϐάςο

2104 1210 2229 1262 ὅθεν
2267 1211 2408 1264 πάνυ
2442 1211 2686 1277 γλυκέως
2722 1212 2967 1281 ἄληπτος
3015 1211 3214 1278 λέγοιτ’
3247 1211 3314 1264 ἂν
3363 1212 3392 1263 6
3443 1208 3674 1277 σώφρων

2119 1301 2342 1372 Ἰωσὴφ,
2373 1306 2402 1357 6
2429 1302 2528 1371 τὴν
2564 1304 2871 1370 Αἰγυπτίαν
2899 1305 3194 1358 δέσποιναν
3227 1303 3435 1368 γυμνὸς
3469 1301 3676 1368 φυγὼν,

2106 1395 2182 1457 ὡς
2210 1395 2284 1464 μὴ
2316 1396 2590 1465 ληφθῆναι
2637 1395 3072 1465 καταδεξάμενος
3094 1411 3110 1428 ⁸
3147 1395 3223 1463 τῷ
3258 1395 3315 1448 δὲ
3347 1393 3518 1455 οὕτως
3547 1393 3678 1462 ἀλήο

2110 1504 2226 1555 πτῳ
2275 1489 2422 1542 κατά
2468 1488 2627 1556 λόγον
2662 1487 2864 1559 πάλης,
2903 1489 3207 1542 ἀντίκειται
3252 1488 3280 1540 ὀ
3322 1484 3576 1554 εὐλαϐὴς.
3624 1475 3679 1536 οῦ

2109 1580 2310 1651 δηλαδὴ
2346 1582 2476 1652 ῥᾷον
2507 1582 2534 1633 6
2561 1581 2880 1652 βουλόμενος
2913 1581 3150 1635 λάϐοιτο.
3188 1579 3260 1632 Τὸ
3291 1579 3349 1632 δὲ
3400 1579 3548 1630 ἐστὶν
3595 1577 3682 1630 διὰ

2111 1670 2208 1743 τὴν
2240 1672 2563 1726 ἀκολουθίαν
2589 1672 2683 1726 τοῦ
2717 1673 2914 1744 εἰρμοῦ
2945 1673 3215 1740 ὀξύνεται,
3246 1671 3331 1724 ἵνα
3357 1670 3418 1724 τδ
3447 1668 3682 1738 ἄληπτός

2115 1769 2252 1833 ἐστὶ,
2286 1768 2503 1838 συνᾴδοι
2535 1768 2613 1836 τῷ
2660 1767 2858 1838 ἔρρηξε
2885 1766 3143 1837 γαστρὸς,
3189 1764 3328 1818 κατὰ
3363 1764 3464 1834 τὴν
3503 1761 3685 1828 ὀξυτό-

2114 1877 2268 1929 νησιν
2289 1877 2302 1890 ·
2335 1861 2512 1923 ἄλλως
2543 1861 2622 1924 δέ,
2668 1861 2744 1922 ὡς
2775 1859 2825 1912 οἰ
2874 1861 3115 1929 τεχνικοί
3153 1856 3456 1926 βούλονται,
3507 1853 3686 1921 ἐγκλί-

2113 1955 2297 2007 νεσθαι
2326 1954 2568 2023 ὀφείλει·
2605 1956 2634 2007 6
2682 1954 2738 2007 δὲ
2790 1953 2964 2006 ὀκνῶν
3010 1950 3231 2005 ἀκούειν
3278 1950 3462 2013 τοῦτο,
3504 1963 3683 2018 παρα-

2117 2049 2324 2102 κουέτω
2355 2048 2551 2104 θλίϐων
2576 2035 2723 2119 ἡμᾶς
2755 2048 2930 2101 οὐδέν.

2187 2314 2294 2384 πβ’.
2345 2316 2409 2369 'll
2458 2317 2513 2367 δὲ
2549 2317 2962 2384 θεαρχικωτάτη
3008 2315 3190 2369 πᾶσαν
3240 2315 3492 2367 ἐπίτασιν
3523 2313 3690 2381 ὕπερο

2116 2410 2290 2461 ϐαίνει
2349 2408 2647 2478 λάμψεως·
2706 2409 2981 2478 ὑπερτέρα
3031 2408 3131 2476 μὲν
3183 2407 3294 2478 γὰρ
3343 2407 3479 2474 ἄλλη
3524 2405 3690 2472 ἄλλης

2115 2502 2425 2570 ἀστραπῆς,
2469 2500 2562 2552 καὶ
2589 2500 2862 2570 θειοτέρα,
2893 2499 2984 2554 καὶ
3013 2499 3214 2569 άρχική
3257 2515 3341 2561 τις
3375 2499 3568 2562 ἑτέρα,
3596 2495 3689 2548 καὶ

2116 2593 2492 2664 ἀρχικωτέρα.
2529 2594 2624 2648 καὶ
2674 2594 3063 2664 ἀρχικωτάτηο
3103 2594 3203 2661 τῆς
3234 2592 3290 2646 δέ
3321 2590 3689 2661 θεαρχικωτᾶ-

2117 2705 2216 2757 της
2267 2686 2562 2755 ἀστραπῆς
2596 2686 2693 2740 τοῦ
2745 2685 3092 2754 Πνεύματος,
3139 2684 3336 2738 αὐτίκα
3367 2681 3424 2736 δὲ
3470 2679 3691 2736 καὶτοῦ

2119 2780 2358 2850 Πατρὸς,
2391 2778 2488 2833 καὶ
2523 2777 2621 2832 τοῦ
2653 2776 2808 2840 Υίοῦ,
2834 2777 2934 2830 οὐκ
2967 2777 3032 2830 ἂν
3074 2775 3248 2845 ὀρθῶς
3279 2776 3530 2844 εἴποιμεν
3557 2771 3692 2828 εἷναί

2115 2891 2169 2926 τι
2209 2874 2532 2944 ὑπέρτερον.
2567 2872 2703 2926 Θεοῦ
2737 2871 2845 2943 γὰρ
2889 2869 3025 2942 αὕτη
3077 2869 3356 2940 ἐνέργειαν
3399 2867 3694 2922 τελικωτά·

2115 2983 2216 3034 την
2243 2967 2499 3034 σημαίνει
2529 2965 2854 3032 σοφίζουσαν
2880 2964 3082 3032 κόσμον
3107 2961 3399 3021 πολυειδῶς
3433 2961 3528 3013 καί
3551 2959 3692 3024 οὕτω

2122 3058 2442 3124 σώζουσαν·
2481 3051 2541 3110 οὗ
2593 3059 2645 3111 τί
2699 3057 2764 3111 ἂν
2805 3055 3106 3124 ὑπερφέροι
3161 3055 3323 3124 ἔργον
3375 3052 3510 3107 Θεοῦ
3561 3054 3693 3124 μετὰ

443 3144 571 3210 quid
610 3142 959 3211 praestantius
1011 3158 1148 3212 opus
1203 3143 1292 3196 Dei
1347 3153 1495 3198 esset
1547 3145 2016 3213 prreterincarna—

2123 3151 2219 3221 τὴν
2259 3151 2520 3219 ἐνσαρκον
2557 3148 2891 3214 οἰκονομίαν,
2929 3147 3056 3200 ἔνθα
3104 3149 3168 3200 τὰ
3202 3148 3379 3201 πάντα
3409 3151 3490 3210 εἰς
3519 3165 3692 3216 σωτη-

443 3235 607 3289 tionis
635 3237 1020 3300 oeconomiam,
1083 3235 1176 3289 ubi
1213 3245 1408 3289 cuncta
1463 3247 1592 3290 sunt
1651 3237 1717 3290 ad
1770 3247 2014 3293 nostram

443 3328 674 3381 salutem
699 3337 752 3382 et
781 3326 848 3381 ad
913 3327 1283 3397 itnpletionem
1325 3328 1626 3397 superioris
1682 3330 1866 3385 mundi
1900 3347 2019 3400 spe-

441 3422 630 3476 ctant?
655 3422 741 3477 Est
771 3431 952 3477 autem
989 3422 1300 3490 theologica
1331 3437 1432 3476 vox
1461 3423 1697 3492 θεαρχία
1750 3433 1806 3478 ct
1863 3439 2018 3494 quae-

444 3530 662 3584 cunque
695 3515 819 3569 inde
878 3515 1124 3569 veniunt.
1160 3513 1272 3569 Vox
1302 3526 1481 3568 autem
1513 3517 1720 3586 ρἧρας
1775 3531 1870 3584 per
1909 3517 2020 3570 cir-

445 3607 773 3662 cumflexum
801 3623 897 3678 pro
923 3611 1180 3680 ῥήτορας,
1212 3625 1318 3662 non
1350 3618 1431 3663 est
1455 3609 1610 3663 valde
1632 3611 1854 3676 usitata,
1879 3609 2022 3664 sicut

447 3713 621 3769 neque
655 3698 869 3769 πάτρας
925 3715 1020 3768 pro
1080 3701 1342 3769 πατέρας,
1403 3700 1638 3769 μήτρας,
1701 3715 1797 3769 pro
1857 3700 2022 3768 μητέ-

449 3811 569 3862 ρας,
601 3793 678 3848 vel
707 3793 850 3848 aliud
893 3793 1020 3863 quid
1053 3794 1254 3848 simile.
1287 3793 1605 3863 Θυγατέρας
1631 3802 1809 3847 tamen
1868 3791 2021 3845 inve-

448 3887 595 3940 nitur
625 3901 746 3941 cum
777 3901 1032 3957 syncope.
1065 3885 1230 3956 Igitur
1288 3887 1470 3942 noscit
1501 3885 1702 3955 aliquis
1739 3884 2022 3939 undecun-

448 3997 554 4044 que
581 3981 842 4035 dictionis
873 3981 1035 4050 hujus
1069 3994 1249 4044 usum,
1289 3979 1374 4033 vel
1431 3978 1822 4034 remittendum
1853 3985 1936 4032 est
1957 3977 2022 4031 ad

449 4073 720 4128 licentiam
749 4073 1014 4141 poeticam
1040 4071 1122 4124 vel
1151 4072 1310 4124 aliam
1332 4079 1555 4140 propter
1575 4079 1806 4124 metrmn
1838 4084 2024 4124 neces-

451 4168 688 4220 sitatem.
724 4167 975 4218 Attamen
1010 4166 1216 4234 ῥῆτρας
1254 4177 1377 4217 cum
1407 4170 1634 4216 accentu
1696 4177 1862 4230 super
1893 4176 2027 4230 pen-

455 4258 698 4311 ultimam
747 4256 978 4309 dicimus
1009 4269 1204 4323 genere
1236 4253 1523 4316 feminino,
1549 4269 1674 4307 cum
1696 4253 2023 4323 quibusdam

453 4347 856 4403 conditionibus
889 4347 1282 4400 conventiones
1309 4363 1324 4410 ;
1358 4359 1597 4415 quarum
1628 4345 1909 4413 singulare
1940 4354 2026 4401 est

467 4445 569 4496 hoc
605 4458 619 4494 :
657 4439 826 4509 Euge,
857 4440 1067 4510 ῥήτρην
1098 4437 1382 4504 faciamus,
1437 4445 1491 4491 et
1558 4444 1637 4492 est
1691 4437 1832 4492 istud
1885 4438 2028 4492 sicut

454 4536 692 4607 φρήτρη.
724 4542 780 4589 et
814 4533 1035 4590 similia.
1066 4530 1362 4601 Ἐξέφηνεν
1391 4540 1570 4586 autem
1597 4532 1887 4601 spectatatl
1912 4530 2023 4585 ful-

455 4639 836 4699 gurattonem,
918 4641 1022 4695 qua
1087 4625 1506 4678 manifestantur
1561 4639 1682 4692 quae
1738 4623 2023 4692 hucusque

453 4721 505 4774 in
527 4718 860 4774 obscuritate
878 4728 1054 4780 crant,
1081 4711 1536 4784 quemadmodum
1556 4724 1608 4768 et
1630 4713 1900 4784 discipuli,
1928 4713 2020 4783 qui

454 4819 612 4865 erant
639 4810 884 4872 obscuri,
918 4808 1248 4863 tnanifestali
1276 4817 1430 4872 sunt,
1467 4823 1588 4861 cum
1617 4821 1646 4858 a
1674 4804 1881 4874 Spit-itu
1903 4822 2027 4859 san-

456 4913 543 4958 cto
569 4902 858 4956 illuminati
889 4899 1133 4954 fuerunt.
1162 4900 1226 4952 Et
1251 4914 1358 4952 non
1401 4900 1577 4953 solum
1612 4899 1714 4966 ipsi
1751 4897 2028 4959 luxerunt,

457 4992 549 5046 sed
580 5001 631 5044 et
660 4992 782 5045 aliis
807 4993 1004 5045 bonam
1037 4991 1178 5061 hanc
1207 4989 1545 5044 ali'ectionem
1584 4989 1874 5043 dederunt.
1896 4987 2028 5041 Illit-

458 5093 664 5138 teratos
697 5093 875 5136 autem
899 5083 1053 5148 dicit,
1081 5083 1164 5137 vel
1199 5083 1290 5150 qui
1316 5097 1539 5150 prorsus
1571 5082 1784 5136 litteras
1819 5082 2034 5135 nescie-

459 5175 610 5238 bant,
653 5191 901 5246 quosque
954 5175 1157 5231 dixeris
1208 5175 1620 5244 analphabetos,
1659 5174 1737 5228 vel
1766 5174 1859 5244 qui
1898 5188 2031 5242 pan-

459 5281 554 5321 cas
581 5267 826 5322 st-iebant
859 5267 1108 5323 litteras:
1169 5282 1274 5337 qua
1323 5264 1724 5337 signiﬁcatione
1773 5279 1902 5319 usus
1954 5272 2035 5317 est

460 5359 624 5413 etiam
645 5357 736 5426 qui
767 5359 985 5428 scripsit
1007 5359 1318 5430 episcopum
1341 5373 1460 5413 esse
1493 5371 1649 5426 posse
1668 5355 2032 5421 illitteratum,

462 5451 578 5505 sive
604 5451 697 5520 qui
727 5453 914 5520 paucis
967 5467 1247 5506 sacrarunt
1299 5453 1601 5505 litterarum
1639 5449 1794 5504 libris
1814 5463 2032 5518 operam

465 5543 590 5598 dat:
619 5560 741 5598 nam
769 5545 914 5599 illttnt
934 5546 1026 5613 qui
1052 5546 1184 5599 nihil
1210 5545 1430 5598 omnino
1451 5543 1598 5597 novit
1625 5542 1853 5612 pigeret,
1879 5549 2029 5610 puto.

460 5651 673 5690 sacram
715 5637 988 5693 lucernam
1017 5637 1335 5692 accendere.

533 5727 620 5781 83.
660 5726 770 5782 Vox
806 5728 923 5790 ἃλις
946 5743 1066 5798 qua:
1097 5727 1363 5798 signiﬁcat
1405 5725 1757 5788 sufficienter,
1783 5736 2035 5792 tanquam

467 5816 801 5885 adverbium,
840 5818 988 5872 venit
1019 5832 1084 5872 ex
1119 5815 1287 5878 ἀλίζω
1321 5815 1511 5879 alim,
1543 5813 1594 5868 id
1632 5823 1713 5868 est
1757 5829 1910 5883 cogo,
1941 5830 2038 5883 po-

2124 3242 2247 3310 ρίαν
2274 3240 2454 3310 ήμῶν,
2492 3241 2584 3292 καὶ
2613 3237 2787 3301 οὕτως
2818 3239 3210 3309 ἀναπλήρωσιν
3233 3238 3328 3292 τοῦ
3353 3237 3466 3292 ἄνω
3485 3239 3692 3307 κόσμου

2123 3336 2348 3404 ἀφορᾷς
2385 3334 2685 3403 Θεολογικὴ
2739 3333 2794 3387 δὲ
2828 3333 2974 3398 λέξις
3027 3334 3122 3387 καί
3156 3333 3188 3401 ἡ
3224 3332 3458 3402 θεαρχία
3507 3335 3603 3387 καὶ
3629 3333 3695 3387 τὰ

2123 3427 2378 3481 ἐντεῦθεν
2431 3428 2816 3497 παραγόμενα.
2851 3428 2923 3479 T6
2971 3427 3028 3478 δὲ
3055 3426 3275 3496 ’ρῆτρας
3308 3426 3694 3496 προπερισπὼ·

2127 3537 2311 3591 μενον,
2349 3521 2516 3574 ὅέστι
2554 3521 2815 3588 ῥήτορας,
2856 3518 2915 3572 ού
2963 3517 3254 3588 τέτριπται
3307 3519 3388 3582 εἰς
3437 3518 3696 3571 πλατεῖαν

2124 3614 2324 3683 χρῆσιν
2363 3651 2378 3676 ν
2409 3613 2485 3673 ὼς
2521 3611 2640 3664 οὐδὲ
2670 3612 2731 3665 τὸ
2763 3611 3006 3680 πατέρας
3039 3610 3274 3678 πάτρας,
3309 3610 3556 3679 μητέρας
3593 3609 3694 3677 μή-

2125 3723 2282 3776 τρας,
2313 3705 2344 3776 ἢ
2380 3704 2508 3758 ἄλλο
2534 3723 2586 3758 τι
2615 3703 2853 3772 τοιοῦτον
2874 3720 2888 3736 ο
2920 3703 3226 3774 θυγατέρας
3255 3701 3439 3771 μέντοι
3471 3701 3695 3771 εὓρηται

2127 3797 2578 3867 συγκεκομμένον
2612 3797 2674 3850 ἐκ
2702 3795 2796 3849 τοῦ
2833 3795 3006 3849 ἁπλοῦ
3028 3813 3041 3827 ·
3071 3797 3240 3868 ἤγουν
3261 3790 3369 3848 οἶδέ
3397 3812 3481 3858 τις
3504 3794 3694 3864 χρῆσιν

2125 3891 2223 3959 τῆς
2255 3889 2453 3953 λέξεως
2482 3886 2722 3951 ὁθενοῦν,
2750 3887 2782 3955 ἥ
2817 3887 2954 3942 ἀλλά
2981 3886 3371 3954 ἀναπεμπτέον
3405 3888 3488 3949 είς
3518 3886 3695 3940 ἄδειαν

2127 3983 2418 4050 ποιητικὴν
2467 3979 2562 4032 καὶ
2602 3979 2700 4047 τὴν
2757 3979 2846 4031 διὰ
2911 3979 3108 4048 μέτρον
3168 3978 3373 4047 ταύτην
3427 3978 3692 4043 ἀνάγκην.

2132 4073 2343 4135 Ἀλλως
2403 4072 2587 4142 μέντοι
2631 4073 2840 4140 ῥήτρας
2899 4071 3078 4140 φαμὲν
3133 4069 3516 4140 παροξυτόνως
3551 4071 3695 4135 γένει

2130 4163 2370 4236 θηλυκῷ,
2395 4163 2493 4227 τὰς
2517 4163 2609 4216 ἐπί
2635 4179 2744 4216 τισι
2771 4164 2955 4229 ῥητοῖς
2983 4162 3256 4233 συνθήκας
3277 4178 3289 4192 ’
3318 4155 3393 4215 ὧν
3420 4162 3600 4215 ἑνικὸν
3617 4159 3692 4221 τὸ,

2129 4258 2246 4313 ἀλλ’
2277 4259 2377 4326 ἆγε
2415 4258 2625 4328 ῥήτρην
2657 4258 3014 4327 ποιήσωμεν⁹
3047 4257 3142 4309 καὶ
3177 4256 3322 4309 ἐστιν
3357 4257 3534 4308 ἐκεῖνο
3559 4251 3694 4306 κατὰ

2130 4349 2188 4402 τδ
2219 4349 2437 4419 φρήτρη
2480 4348 2573 4400 καὶ
2597 4348 2666 4401 τά
2712 4347 2955 4401 τοιαῦτα.
3007 4347 3080 4398 Τὸ
3123 4346 3179 4398 δέ
3215 4346 3475 4413 ἐξέφηνεν
3505 4345 3694 4397 οἰκεῖον

2135 4443 2271 4512 πρὸς
2303 4443 2402 4512 τὴν
2434 4440 2744 4510 ἀστραπὴν,
2784 4434 2853 4508 ἧς
2900 4438 3254 4507 ἐλλαμψάσης
3286 4437 3600 4502 ἐκφαίνεται
3628 4432 3696 4486 τά

2133 4535 2271 4598 τέως
2301 4533 2430 4586 ὅντα
2468 4535 2523 4586 ἐν
2561 4532 2763 4600 σκότῳ,
2801 4532 2945 4585 καθὰ
2993 4531 3084 4584 καί
3117 4530 3167 4583 οἰ
3205 4530 3445 4598 μαθηταὶ
3481 4527 3696 4594 ἀφανεῖς

2132 4625 2318 4688 ὄντες,
2375 4623 2735 4692 ἐξεφάνησαν,
2769 4619 2851 4685 οἷς
2888 4622 2994 4675 ὑπὸ
3042 4619 3138 4673 τοῦ
3180 4620 3338 4687 ἀγίου
3389 4618 3697 4687 Πνεύματος

2133 4716 2588 4786 ὲνελάμφθησαν⁸
2623 4717 2716 4768 καὶ
2742 4715 2802 4768 ού
2832 4713 2992 4781 μόνον
3018 4712 3174 4766 αὺτοί
3207 4710 3534 4779 ἐξέλαμψαν,
3569 4706 3700 4760 ἀλλὰ

2132 4813 2225 4862 καὶ
2254 4808 2433 4872 ἄλλοις
2463 4809 2671 4862 ἔδωκαν
2698 4807 2757 4860 τὸ
2803 4805 3008 4874 ἀγαθὸν
3037 4802 3195 4858 τοῦτο
3228 4803 3420 4865 πάθος.
3461 4802 3696 4868 Ἀγραμ-

2141 4903 2345 4973 μάτους
2371 4900 2426 4954 δὲ
2461 4899 2492 4970 ἢ
2523 4900 2652 4962 τοὺς
2681 4897 2756 4968 μὴ
2792 4898 2997 4958 εἰδότας
3031 4894 3166 4957 ὅλως
3201 4894 3503 4964 γράμματα
3535 4891 3696 4955 λέγει,

2135 4993 2226 5056 οὓς
2259 4992 2674 5062 ἀναλ.φα6ήτους
2699 4991 2802 5060 ἔφη
2829 5007 2936 5054 τις,
2959 4989 2992 5059 ἦ
3021 4989 3148 5050 τοὺς
3173 4985 3694 5055 όλιγογραμμάτονς·

2137 5087 2207 5139 δι’
2245 5080 2304 5138 οἵ)
2343 5083 2756 5154 σημαινομένου
2785 5099 2918 5151 συνη
2935 5081 3172 5151 γορεῖται
3213 5079 3306 5131 καὶ
3336 5080 3363 5130 6
3394 5075 3597 5146 γράψας
3631 5070 3701 5139 μὴ

2141 5175 2446 5230 κωλύεσθαι
2476 5171 2617 5228 εἶναι
2670 5174 2765 5228 καὶ
2799 5171 3162 5242 ἀγράμματον
3187 5169 3504 5232 ἐπίσκοπον,
3532 5165 3702 5231 εἴγονν

2140 5269 2342 5336 ὀλίγοις
2387 5267 2702 5336 ἐντριϐἐντα
2754 5266 2980 5337 βιϐλίοις
3025 5263 3186 5333 ἱερῶν
3240 5263 3596 5331 γραμμάτων.
3643 5253 3703 5306 ’0

2142 5361 2251 5431 γὰρ
2285 5360 2378 5414 καὶ
2424 5359 2590 5430 μηδὲν
2624 5358 2760 5422 ὀλως
2798 5355 2976 5422 εἰδὼς,
3025 5354 3249 5416 ὀκνήσοι
3279 5353 3367 5419 ἂν,
3395 5347 3566 5420 οἴμαι,
3593 5343 3678 5398 καὶ

2145 5454 2268 5524 ἱερά
2293 5452 2458 5522 λύχνα
2487 5452 2766 5506 ἀνάπτειν.

2218 5726 2333 5787 πγ’.
2368 5719 2442 5771 T6
2469 5719 2524 5770 δέ
2555 5719 2693 5784 ἅλις,
2731 5718 2758 5771 ὂ
2790 5719 3046 5786 σημαίνει
3081 5716 3179 5784 μὲν
3209 5714 3268 5767 τὸ
3301 5714 3602 5781 αὐτάρκως.
3635 5703 3701 5763 ὡς

2150 5815 2457 5884 ἐπίῤῥημα·
2481 5813 2686 5881 γίνεται
2704 5811 2758 5866 δέ
2777 5813 2838 5866 ἐκ
2856 5809 2946 5864 τοῦ
2967 5807 3158 5876 eum,
3181 5806 3369 5873 ἀλίσω,
3390 5806 3450 5858 τὸ
3466 5800 3702 5874 ἀθροί-πω,
