3966 6248
267 363 372 427 597

1094 366 1180 429 IN
1210 371 1547 433 HYMNUM
1594 375 2247 443 PENTECOSTALEM
2283 385 2740 450 DAMASCENI.

3417 338 3519 453 598

264 483 376 552 ἔχει
407 483 848 552 συμϐίβάζεσθαι
895 486 1169 552 ὰϐιάστως
1200 491 1292 544 καὶ
1327 493 1463 560 arpi;
1517 493 1577 547 τὸ
1628 497 1834 565 ρἦρας

1966 510 2047 555 est
2081 503 2269 559 referri
2303 506 2366 559 ad
2397 521 2662 571 oratores.
2695 521 2749 563 et
2783 510 3113 574 illitteratos,
3176 517 3224 563 et
3254 524 3316 562 os
3361 508 3519 562 obtu-

262 576 356 626 καὶ
410 574 545 644 πρδς
594 575 654 628 τὸ
693 576 1122 646 ἀγραμμάτους,
1159 583 1256 635 καὶ
1292 583 1430 648 πρδμς
1480 584 1542 636 τὸ
1577 586 1835 651 συστομί-

262 666 478 729 ζοντας.
513 668 769 736 Σοφισταὶ
802 668 860 723 δὲ
901 670 1033 742 παρ’
1064 672 1295 741 Ἕλλησι
1327 675 1511 744 διχῶς,
1556 680 1650 731 xui.
1683 679 1834 747 μάλι-

263 773 369 810 στα
423 758 523 825 μὲν
575 757 626 810 οἱ
675 758 1174 830 πλασματογράφοι
1228 763 1489 833 ῥήτορες·
1526 765 1840 832 σοφίζοντες

262 848 462 901 ἐκεῖνοι
499 850 555 900 ἐν
595 849 675 919 τῷ
717 850 949 920 μελετᾷν
977 852 1228 916 πλαστὰς
1258 852 1567 923 ὑποθέσεις,
1600 856 1725 918 τοὺς
1754 856 1843 909 ἐπ’

262 937 492 1008 ἀληθείᾳ
521 935 874 1009 δικηγόρους.
923 942 1082 995 Οὕτω
1114 943 1247 1010 γοῦν
1287 946 1552 1015 σοφιστὴς
1583 946 1840 1011 Λιϐάνιός

262 1045 351 1089 τις
384 1031 478 1081 καὶ
519 1028 800 1097 Ἀφθὸνιος
834 1033 932 1085 καὶ
962 1033 1162 1088 λοιποί.
1197 1030 1385 1089 Ἦσαν
1423 1035 1479 1089 δὲ
1515 1038 1607 1089 καὶ
1632 1038 1847 1104 φιλόσο-

263 1137 358 1186 φοι
389 1125 638 1186 σοφισταὶ
661 1121 998 1178 διαλεκτικοὶ
1043 1128 1389 1196 σοφιζόμενον.
1421 1130 1685 1197 τεχνικῶς
1721 1131 1845 1187 τοὺς

263 1212 446 1275 αὐτοῖς
469 1215 887 1277 κοινωνοῦντας,
917 1220 1010 1271 καὶ
1036 1218 1547 1286 παταλογιζὸμενοι,
1571 1224 1667 1276 καὶ
1689 1223 1745 1273 ἐν
1769 1219 1845 1290 τῷ

263 1304 411 1357 οὕτω
442 1310 621 1359 ποιεῖν
658 1308 1012 1377 ἐλεγχόμενοι
1044 1313 1137 1362 καὶ
1182 1311 1527 1381 ἐλέγχοντεςθ
1561 1314 1622 1366 οὐ
1656 1312 1804 1381 ξηὶω
1826 1344 1842 1352 -

263 1399 350 1447 τοὶ
383 1398 481 1462 μὲν
501 1400 704 1452 ἐκεῖνοι
737 1401 812 1461 ὡς
843 1403 938 1453 καὶ
970 1404 1409 1472 προκεθέζεσθαι
1435 1405 1844 1470 διδασκαλείων,

265 1489 593 1559 πονούμενοι
624 1492 679 1545 δὲ
725 1492 880 1562 ὅμως
913 1495 1041 1563 περὶ
1093 1495 1291 1567 τέχνην
1333 1495 1537 1566 ταύτην
1586 1498 1845 1568 ὀχληράν.

271 1582 440 1645 ’ὓθεν
473 1583 731 1648 λαϐόντες
775 1587 957 1656 ἡμεῖς,
999 1587 1262 1657 σοφιστὴν
1298 1589 1495 1651 κακίας
1540 1591 1717 1658 φαμὲν
1754 1593 1849 1644 καὶ

265 1676 451 1729 πάντα
504 1679 606 1746 μὲν
657 1680 852 1744 κακδν,
889 1679 1123 1748 μάλιστα
1151 1680 1207 1733 δὲ
1237 1685 1327 1732 τὸν
1385 1680 1694 1749 ἀρχέκακον
1732 1683 1847 1737 δαί-

271 1785 414 1838 μονα
435 1787 451 1802 ο
490 1771 923 1839 συστομίζοντας
945 1771 1001 1824 δὲ
1026 1772 1146 1825 ἀντὶ
1175 1771 1267 1825 τοῦ
1303 1773 1362 1825 τὸ
1405 1772 1578 1841 στόμα
1608 1776 1850 1845 ἐμφράτ-

1946 602 2150 651 rantes.
2193 595 2570 665 Sophistarum
2606 616 2733 656 vero
2761 602 2902 670 apud
2931 600 3148 657 Graecos
3174 601 3286 656 duo
3316 613 3516 668 genera

1944 686 2330 746 habebantur:
2370 695 2673 760 praesertim
2707 694 3168 765 plasmatographi
3219 704 3468 748 oratores
3498 709 3513 746 :

1944 770 1997 824 hi
2037 775 2156 829 ficta
2202 777 2450 846 subjecta
2500 781 2892 844 declamantes,
2945 799 3106 838 veros
3155 782 3520 836 ell‘ormahant

1944 860 2008 913 ad
2037 865 2358 932 sapientiam
2402 868 2716 927 advocatos.
2750 872 2897 927 Talis
2925 872 3026 927 fuit
3056 874 3330 943 sophistes
3360 872 3523 927 Liba.

1946 959 2091 1024 nius,
2118 969 2171 1011 et
2197 961 2564 1030 Aphthonius,
2590 972 2644 1017 et
2676 965 2883 1020 creteri.
2920 967 3087 1021 Erant
3144 980 3313 1034 porro
3339 965 3518 1034 philo-

1947 1052 2102 1115 sophi
2139 1053 2399 1119 sophista:
2427 1054 2720 1119 dialectici,
2757 1057 2849 1126 qui
2880 1071 3064 1113 secum
3116 1066 3513 1114 conversantes

1945 1144 2177 1211 argutiis
2204 1145 2459 1200 ludebant
2484 1156 2538 1202 et
2576 1148 2656 1201 sic
2693 1157 2851 1203 erant
2878 1150 3118 1205 convicti
3185 1160 3239 1206 et
3294 1150 3522 1204 convin-

1950 1245 2178 1301 centcs;
2218 1252 2323 1290 non
2362 1238 2600 1295 zelantes
2628 1247 2687 1294 ttt
2744 1241 3048 1309 disciplinis
3079 1251 3403 1310 praeessent,
3437 1242 3521 1295 la—

1949 1324 2207 1381 borantes
2241 1337 2421 1383 tamen
2451 1331 2596 1385 circa
2630 1331 2797 1385 istam
2824 1332 3113 1386 molestam
3143 1341 3341 1386 artem.
3363 1332 3522 1389 Unde

1949 1435 2157 1472 morem
2189 1423 2591 1491 assumpsimus
2624 1440 2747 1485 nos.
2788 1425 3089 1494 sopbistam
3151 1422 3373 1478 malitia:
3429 1439 3525 1479 vo-

1951 1509 2112 1563 candi
2140 1525 2356 1565 omnem
2391 1514 2725 1583 improbum,
2763 1517 3061 1580 {rmsertim
3087 1515 3352 1569 malorum
3376 1516 3529 1583 prin-

1952 1600 2125 1671 cipem
2175 1602 2497 1661 daemonem.
2555 1607 2992 1676 Συστομίζοντας
3045 1617 3228 1661 autem
3297 1608 3549 1663 sumitur-

1955 1707 2074 1762 pro,
2113 1695 2430 1749 obturantes
2463 1711 2558 1750 ora
2585 1716 2598 1762 ;
2624 1707 2696 1764 et,
2726 1708 2784 1753 ut
2806 1715 2973 1753 unum
2998 1714 3093 1767 pro
3119 1700 3295 1753 altero
3317 1700 3545 1759 dicam,-

1956 1783 2431 1851 ὲπιστομίζοντας.
2496 1785 2670 1841 Dictio
2716 1805 2840 1843 vero
2897 1791 3180 1859 desdmpta
3235 1801 3377 1846 esta
3437 1805 3531 1843 va-

265 1879 485 1928 τοντας,
523 1865 621 1917 καὶ
652 1863 728 1925 ὡς
760 1863 818 1916 ἓν
852 1864 970 1917 ἀνθ’
1010 1865 1130 1929 ἑνδς
1163 1868 1338 1918 εἰπεῖν
1368 1869 1841 1935 ἐπιστομίζοντας.

1966 1871 2095 1928 tibus
2133 1875 2312 1930 tenuis
2334 1877 2481 1943 colli,
2511 1893 2629 1947 quze
2650 1878 2907 1935 dicuntur
2958 1882 3025 1934 ab
3056 1856 3297 1948 antiquis
3343 1879 3534 1933 σύστο-

267 1954 545 2022 Εῗληπται
574 1956 632 2010 δὲ
662 1958 696 2025 ἡ
727 1956 871 2021 λέξις
898 1956 1006 2009 ἀπὸ
1036 1956 1274 2025 ἀγγείων
1305 1958 1723 2027 βραχυστὸμων,
1750 1961 1847 2014 καὶ

268 2047 350 2122 ὥς
380 2047 433 2099 oi
473 2047 699 2101 παλαιοί
730 2065 865 2115 φασι
900 2047 1187 2118 συστόμων
1211 2064 1227 2081 ο
1258 2050 1480 2103 τοιαῦτα
1518 2051 1573 2103 δέ
1609 2052 1749 2104 εἰσιν
1772 2043 1846 2104 ὧν

268 2142 340 2196 τὰ
372 2143 620 2212 στόματα
654 2145 920 2212 συνῆκται
953 2144 1254 2215 είς,κομιδῇ
1291 2146 1497 2205 στενδν,
1546 2145 1620 2206 ὡς
1651 2147 1849 2214 πωμά-

270 2236 469 2297 ζεσθαι
493 2236 753 2305 ὀλιγίστῳ
782 2237 1083 2306 δερματίῳ,
1118 2238 1149 2306 ἢ
1178 2238 1484 2306 στυππείῳ,
1519 2238 1552 2306 ἢ
1583 2238 1845 2310 ξυληφίῳ·

270 2330 390 2382 ἐστι
427 2329 521 2383 οὖν
559 2330 911 2398 συστομίζειν
933 2330 993 2382 τδ
1018 2328 1195 2400 ἀχανῆ
1233 2332 1408 2382 ποιεῖν
1439 2329 1530 2382 τὸν
1558 2330 1852 2399 ἐλεγχόμε-

270 2438 385 2482 νον,
418 2421 505 2474 διὰ
536 2422 597 2474 τὸ
632 2419 706 2490 μὴ
751 2420 1012 2475 δύνασθαι
1057 2420 1323 2491 προάγειν
1369 2422 1507 2484 ὅλως
1548 2421 1706 2489 λόγον
1753 2421 1849 2475 τού

272 2513 544 2579 στόματος
589 2528 605 2545 ο
633 2512 708 2576 ὡς
734 2513 782 2565 εί
812 2513 905 2565 κοιλ⁴
940 2514 1014 2582 μὴ
1047 2511 1221 2566 πλατὺ
1263 2512 1472 2582 χαίνειν
1505 2508 1677 2583 εἶχεν,
1708 2513 1846 2567 ἀλλὰ

276 2603 516 2672 συνῆκτο
561 2604 628 2656 τὰ
674 2604 827 2673 χείλη
883 2603 1028 2657 κατὰ
1078 2601 1366 2671 βαλάντιον
1402 2603 1446 2671 ’ἦ
1480 2621 1604 2657 τινα
1661 2604 1850 2675 βῖκον·

273 2695 416 2759 ὅπερ
449 2694 757 2761 ἐμάνθανον
790 2697 840 2748 οἱ
875 2700 989 2758 τοῖς
1020 2697 1347 2767 ἁγιωτάτοις
1378 2700 1474 2753 τοῦ
1508 2701 1643 2754 Θεοῦ
1681 2701 1854 2771 μαθη-

273 2795 399 2853 ταῖς
436 2788 963 2860 άντικαθεστάμενοι
1015 2796 1271 2860 σοφισταὶ
1305 2836 1318 2859 ,
1360 2795 1422 2848 οὐ
1457 2795 1608 2865 φόϐῳ
1656 2797 1687 2868 ἦ
1740 2798 1853 2870 ﬁt}.

276 2886 422 2952 λόγῳ
446 2886 502 2939 δὲ
532 2887 990 2957 συστομιζὸμενοι
1024 2888 1369 2958 ἀποστολικῷ
1392 2890 1469 2961 τῷ
1504 2893 1566 2944 ἐκ
1588 2890 1681 2944 τοῦ
1715 2908 1856 2944 παν-

280 2979 449 3045 σόφου
482 2976 643 3032 Θεοῦ.

357 3065 464 3124 πδ’.
509 3066 776 3121 Ἐντσῦοα
805 3068 860 3122 δὲ
890 3069 951 3122 ού
986 3070 1165 3140 πάντη
1200 3071 1430 3140 ἄκαιρον
1462 3071 1553 3125 καὶ
1598 3071 1858 3139 ἀπερίερ-

281 3180 377 3229 γον
419 3163 708 3230 ἱστορῆσαι
760 3161 841 3215 ὅτι
890 3163 1054 3229 σοφός
1087 3180 1171 3226 τις
1217 3163 1312 3217 δύο
1363 3164 1646 3233 φοιτηταῖς
1681 3181 1859 3232 παρα-

284 3253 613 3321 σπιζὸμενος
634 3252 776 3305 πάνυ
800 3251 947 3321 αὐτῷ
974 3253 1317 3323 μελομένοις,
1345 3249 1419 3309 ὧν
1443 3256 1469 3307 ὁ
1498 3254 1598 3322 μὲν
1620 3254 1856 3323 εὐχερῶς

283 3344 376 3398 καὶ
397 3343 599 3413 μικροῦ
624 3343 737 3395 δεῖν
754 3343 998 3413 ἀχρόνως
1024 3344 1418 3412 ἀναλαμϐάνων
1435 3347 1501 3398 τὰ
1516 3344 1857 3403 διδασκάλια.

285 3430 406 3485 εἶτα
432 3430 820 3496 ἐξελανθάνετο
848 3436 1008 3503 ταχὺ,
1044 3433 1072 3486 ὁ
1100 3433 1155 3486 δὲ
1193 3434 1378 3503 μόχθῳ
1411 3435 1588 3504 πολλῷ
1623 3435 1861 3506 εἰσδεχὸ-

291 3541 450 3593 μενος
486 3524 547 3575 τὸ
578 3524 903 3594 ἐρμήνευμα
940 3527 1346 3595 παρακατεῖχε-ν
1392 3528 1472 3589 είς
1504 3528 1724 3597 μνήμην
1748 3529 1864 3593 διη-

288 3617 421 3687 νεκῆ
479 3616 842 3687 στεγόμενονο
880 3618 974 3671 τὸν
1011 3619 1110 3687 μὲν
1145 3618 1365 3689 πρῶτον
1400 3621 1609 3672 ἐκεῖνον
1644 3619 1864 3689 λαγύνῳ

290 3710 507 3774 εἴκαζεν
538 3710 884 3780 εύρυστόμῳ,
925 3712 1054 3781 ῥᾷον
1105 3712 1206 3781 μὲν
1233 3713 1610 3784 πληρουμένη,
1647 3714 1777 3782 ῥᾷον
1809 3711 1862 3764 δὲ

292 3805 706 3875 ἀποκενουμένῃ
727 3819 743 3833 ⁶
792 3805 884 3856 τὸν
918 3804 974 3857 δὲ
1005 3802 1257 3875 δεύτερον
1297 3805 1557 3875 ἁγγειδίῳ
1582 3807 1863 3874 συστὸμῳ,

297 3897 516 3966 βράδιον
548 3897 644 3949 καὶ
677 3896 1060 3966 είσδεχομὲνῳ,
1092 3898 1186 3950 καὶ
1216 3897 1554 3951 ἀποπτύοντι
1582 3898 1644 3951 τὸ
1676 3898 1864 3964 ὑγρὸν,

296 3990 388 4042 καὶ
415 3987 666 4042 τοιοῦτον
695 3987 795 4057 μὲν
825 3988 888 4041 τὸ
911 3987 1201 4057 σύστομον.
1228 3989 1462 4042 Βαθεῖαν
1484 3989 1542 4043 δὲ
1569 3989 1668 4058 τὴν
1695 3990 1868 4043 νύκτα

297 4079 445 4146 λέγει
478 4080 580 4150 τὴν
619 4081 962 4148 παλαιτάτην
1005 4081 1062 4133 ὲν
1094 4082 1206 4142 τοῖς
1241 4080 1471 4143 ἐθνικαῖς
1518 4081 1750 4151 πλάνην,
1801 4081 1866 4133 δι’

299 4172 365 4240 ἦν
404 4171 479 4232 ὡς
514 4173 574 4224 ἐν
611 4170 803 4240 σκοτίᾳ
838 4172 1307 4242 περιπατοῦντες,
1354 4174 1454 4226 οὐκ
1487 4168 1633 4244 εἶχον
1678 4176 1737 4226 τὸ
1771 4174 1868 4240 τῆς

300 4264 556 4336 ἀληθείας
584 4263 807 4335 βλέπειν
854 4267 988 4330 φῶς,
1022 4265 1132 4318 οὐδ’
1181 4264 1339 4319 αὐτοὶ
1382 4266 1667 4336 Ἕλληνες,
1715 4263 1795 4330 οἷς
1835 4270 1867 4337 ἡ

302 4356 444 4409 κατὰ
492 4355 701 4426 κόσμον
759 4355 924 4425 σοφία
975 4356 1285 4424 ὲνέλαμπεο
1327 4358 1424 4412 καὶ
1471 4354 1541 4430 ἦν
1574 4358 1804 4424 ἐκείνοις
1836 4363 1869 4430 ή

310 4448 395 4513 ιῦξ
425 4447 565 4518 αὕτη
600 4432 989 4519 καινότροπος·
1021 4450 1083 4503 ού
1119 4451 1229 4520 γάρ
1278 4451 1452 4522 ἥλιος,
1487 4452 1591 4522 γῆν
1645 4454 1870 4520 ὑποδὺς,

1956 1984 2054 2035 μα.
2080 1967 2230 2021 Talia
2258 1979 2388 2023 sunt
2408 1987 2468 2026 ea
2499 1988 2731 2042 quorum
2789 1988 2851 2026 os
2905 1973 2956 2026 in
3011 1981 3220 2027 arctam
3285 1972 3543 2026 iutrodu-t

1956 2055 2194 2111 etionem
2225 2067 2498 2127 tenuatur,
2539 2068 2595 2114 ut
2616 2061 2832 2115 obtrudi
2866 2061 3037 2131 possit
3064 2061 3382 2117 tenuissima
3416 2060 3529 2130 pcl-

1957 2149 2141 2217 licula,
2170 2152 2249 2203 vel
2283 2161 2500 2221 stuppa,
2554 2154 2635 2206 vel
2698 2154 2872 2225 lignea
2922 2154 3208 2222 particula.
3262 2154 3534 2219 Συστομί-

1957 2240 2070 2305 ζειν
2090 2252 2175 2296 est
2217 2245 2379 2312 igitur
2408 2254 2615 2298 mutum
2656 2245 2832 2299 facere
2855 2245 3191 2309 convictum,
3249 2259 3316 2299 eo
3380 2243 3530 2314 quod

1957 2335 2181 2388 omnino
2216 2336 2405 2404 nequit
2436 2353 2500 2393 ex
2542 2353 2637 2393 ore
2687 2338 2931 2407 proferre
2963 2354 3289 2403 sermonem,
3330 2346 3389 2391 et
3417 2346 3535 2391 tan-

1958 2442 2120 2495 quam
2156 2428 2221 2481 ad
2251 2429 2468 2483 modum
2501 2445 2776 2483 crumena!
2828 2430 2907 2484 vel
2945 2431 3146 2484 urceoli
3199 2446 3306 2502 non
3355 2437 3535 2497 potest

1956 2521 2066 2577 late
2097 2521 2267 2588 hiare,
2299 2522 2391 2576 sed
2424 2523 2821 2577 contrahuntur
2855 2523 3012 2579 labia.
3047 2523 3200 2590 Quod
3227 2523 3538 2577 didicerunt

1960 2612 2446 2668 sam-tissimisiDei
2480 2614 2769 2683 discipulis
2786 2614 3084 2670 adversarii
3115 2617 3394 2685 saphistm,
3427 2630 3533 2668 non

1964 2713 2109 2757 metu
2138 2712 2229 2756 aut
2255 2705 2531 2768 violentia,
2566 2707 2658 2760 sed
2697 2708 3000 2776 apostolico
3056 2724 3311 2763 sermone
3333 2725 3362 2761 ιι
3427 2708 3536 2762 lico

1961 2795 2377 2859 sapientissimo
2404 2799 2776 2865 provenicute.
2812 2818 2904 2852 ora
2935 2800 3198 2854 ohtnrati.

2035 3067 2124 3124 84.
2166 3065 2265 3122 llic
2287 3076 2465 3121 autem
2517 3082 2627 3120 non
2676 3080 2907 3134 prorsus
2942 3064 3402 3134 intempestiuum
3447 3072 3545 3119 aut

1964 3158 2294 3229 superﬂuum
2327 3167 2409 3213 est
2447 3171 2705 3213 enarrare
2754 3157 2901 3226 quod
2936 3155 3158 3224 quidam
3192 3155 3567 3225 philosophus

1967 3253 2182 3307 duobus
2236 3250 2598 3316 auditoribus,
2651 3264 2793 3318 quos
2839 3263 3035 3318 magna
3111 3247 3545 3316 prosequebatur

1966 3359 2116 3405 rura,
2145 3342 2380 3409 deditus,
2407 3356 2638 3412 quorum
2684 3357 2826 3397 unus
2863 3340 3021 3394 facile
3053 3355 3117 3394 ac
3155 3339 3340 3396 subito
3367 3338 3547 3394 susci-

1965 3436 2144 3504 piebat
2170 3435 2523 3499 documenta,
2560 3434 2653 3490 sed
2687 3434 2834 3488 brevi
2873 3444 3058 3503 postea
3095 3431 3543 3493 obliviscebatur.

1965 3529 2104 3582 alter
2133 3542 2331 3596 magno
2391 3527 2580 3581 labore
2640 3534 2954 3595 susceptam
3011 3523 3433 3592 explicationem
3484 3523 3540 3576 in

1966 3620 2230 3674 memoria
2254 3627 2518 3688 perpetuo
2544 3618 2913 3682 custodiebat.
2951 3617 3188 3686 primum
3212 3613 3428 3683 quidem
3454 3626 3544 3667 as-

1967 3710 2242 3766 similahat
2295 3725 2389 3763 ore
2441 3710 2590 3777 largo
2621 3708 2829 3775 lageuae
2885 3721 3005 3776 qua:
3056 3705 3215 3760 facile
3268 3703 3542 3773 impletur,

1969 3805 2059 3860 sed
2095 3802 2249 3859 facile
2274 3814 2331 3858 et
2360 3810 2669 3867 vacuatur;
2722 3801 3024 3855 secundum
3083 3808 3265 3853 autem
3329 3796 3542 3866 augusti

1968 3896 2082 3949 oris
2105 3910 2290 3958 urceo,
2327 3894 2534 3948 tardius
2567 3892 2848 3962 recipienti
2903 3901 2957 3944 et
2999 3889 3260 3957 rejirienti
3321 3902 3543 3952 aquam.

1970 3986 2101 4039 Tale
2161 3985 2378 4048 quidem
2430 3993 2511 4038 cst
2564 3982 2812 4047 verbum,
2867 3981 3156 4048 σύστομον.
3206 3974 3542 4033 Prol'ttndam

1971 4090 2147 4133 autem
2179 4090 2388 4130 noctem
2423 4075 2554 4129 dicit
2580 4072 2961 4143 antiquissimo
2988 4087 3018 4122 u
3083 4068 3429 4123 ethnicorum
3460 4080 3549 4121 er-

1973 4186 2173 4235 rorem,
2206 4185 2300 4239 per
2324 4182 2481 4234 quem
2516 4168 2661 4221 velut
2691 4169 2743 4220 iu
2782 4164 3022 4219 tenebris
3049 4161 3419 4221 ambulantes,
3439 4173 3545 4212 non

1973 4265 2222 4320 valebant
2243 4262 2484 4316 veritatis
2509 4260 2753 4329 aspicere
2777 4259 2984 4321 lumen,
3026 4270 3125 4309 nec
3142 4254 3358 4324 ipsimct
3376 4249 3548 4307 Graeci

1974 4357 2175 4426 quibus
2209 4354 2474 4423 sapientia
2491 4354 2792 4408 secundum
2819 4351 3084 4405 muudum
3114 4348 3390 4402 illuxerat.
3422 4344 3553 4400 Erat

1978 4456 2156 4502 autem
2220 4446 2324 4501 illis
2367 4445 2465 4498 ista
2531 4460 2635 4499 nox
2703 4441 2826 4500 uovi
2909 4440 3142 4510 generis.
3224 4436 3341 4492 Non
3406 4435 3551 4490 enim

301 4545 368 4609 τῇ
398 4539 612 4594 ἐκεῖθεν
648 4543 777 4611 σκιᾷ
806 4540 997 4597 ἐλύπει
1026 4541 1124 4613 τὴν
1152 4543 1358 4596 κτίσιν·
1378 4545 1495 4597 ἀλλ’
1526 4547 1554 4598 ὁ
1591 4546 1693 4616 μὲν
1722 4546 1859 4618 ἥλιος

1978 4542 2057 4595 sol
2095 4541 2195 4596 sub
2230 4550 2427 4594 terram
2452 4537 2675 4592 subiens
2691 4544 2993 4591 creaturam
3041 4532 3235 4586 eximie
3268 4527 3558 4585 contrista-

303 4633 401 4700 τῆς
428 4631 693 4700 ἀληθείας
720 4633 747 4686 δ
784 4633 1178 4701 ὑπερουράνιος
1213 4634 1451 4705 ἐπλήρου
1491 4637 1582 4689 τὸν
1632 4636 1872 4705 κόσμον

305 4726 505 4778 ἐκεῖνοι
531 4725 587 4778 δὲ
616 4724 911 4795 βλέποντες
941 4725 1041 4778 οὐκ
1074 4724 1305 4778 ἔϐλεπον
1324 4741 1337 4756 ⁸
1368 4726 1562 4793 ἔμελλε
1597 4727 1652 4779 δὲ
1678 4727 1786 4794 ἄρα
1818 4728 1874 4780 ὲν

303 4814 379 4884 τῷ
408 4815 639 4885 ὕστερον
665 4815 935 4869 ἀνάπαλιν
975 4814 1217 4882 θαύματι
1245 4817 1302 4869 τὸ
1334 4816 1574 4884 ἔμπαλιν
1599 4818 1692 4869 τοῦ
1723 4817 1874 4888 πρὼο

305 4921 398 4957 του
447 4906 654 4968 πάθους
706 4890 1025 4971 ἐγγενέσθαι
1071 4908 1186 4967 τοῖς
1245 4905 1475 4959 ἔθνεσιν.
1509 4908 1640 4960 Ὅτε
1694 4908 1802 4978 γάρ
1848 4908 1875 4961 ὁ

309 4997 496 5060 άδυτος
526 4999 676 5067 ἣλιος
709 4997 1003 5066 οὐρανόθεν
1036 4997 1312 5050 κατελθὼν
1346 5000 1433 5065 ἐφ’
1465 5000 1610 5069 ἡμᾶς
1643 5001 1748 5054 ὑπὸ
1772 5002 1875 5068 γῆν

310 5089 541 5155 γένοιτο,
578 5087 885 5153 τηνικαῦτα
907 5090 1140 5151 ἐκείνοις
1171 5091 1204 5158 ἠ
1232 5090 1426 5160 πρώτη
1482 5093 1580 5158 μὲν
1622 5090 1876 5162 ἀπηλάθη

308 5182 422 5246 νὺξ,
451 5179 735 5250 ἐπέλαμψε
777 5180 836 5233 δὲ
869 5180 985 5249 φῶς
1013 5181 1074 5232 τὸ
1100 5181 1426 5251 ἁνέσπερον.
1483 5183 1679 5236 ’ἰστέον
1711 5184 1765 5237 δὲ
1801 5185 1877 5243 ὡς

309 5273 495 5342 βαθεῖα
527 5273 626 5338 νὺξ
654 5274 803 5342 δηλοῖ
828 5274 927 5340 μὲν
950 5274 1050 5343 τὴν
1076 5272 1265 5343 ἄκρως
1300 5275 1580 5343 μέλαιναν,
1613 5277 1708 5329 καὶ
1738 5276 1880 5330 καθά

311 5384 387 5429 τις
427 5368 533 5436 ἔφη
569 5367 962 5434 σκοτομήνιονο
997 5366 1098 5436 τὴν
1130 5368 1447 5436 μεταφορὰν
1478 5368 1536 5421 δὲ
1568 5369 1782 5438 εἴληχεν
1819 5372 1880 5423 ἐκ

312 5460 417 5513 τῶν
458 5459 695 5531 βαθέων,
725 5459 821 5511 καὶ
860 5457 1136 5527 φρεάτων,
1168 5461 1263 5513 καὶ
1307 5461 1632 5530 φαράγγων,
1665 5462 1760 5514 καὶ
1790 5461 1882 5531 βό-

312 5549 475 5619 θρων,
530 5550 625 5602 καὶ
679 5545 968 5614 πελαγέων
1002 5547 1125 5599 καθ’
1174 5544 1249 5601 ὧν
1304 5550 1362 5602 οὐ
1417 5550 1703 5603 διικνεῖται
1764 5549 1881 5618 φῶς

315 5640 572 5712 καθαρὸν,
601 5641 744 5710 ὅπερ
772 5637 885 5691 άνω
916 5639 1253 5707 φορούμενον
1301 5641 1483 5708 φύσει.
1522 5640 1682 5709 ὀλίγα
1710 5640 1881 5709 πέφυ-

314 5750 402 5786 κεν
435 5732 787 5802 ἀσχολεῖσθαι
829 5731 957 5798 περὶ
990 5730 1058 5783 τὰ
1091 5731 1123 5799 ἢ
1162 5729 1335 5801 βαθέα
1363 5731 1397 5800 ἢ
1445 5730 1624 5793 ἄλλως
1653 5732 1881 5799 γωνιού-

314 5842 447 5893 μενα
468 5825 564 5880 καὶ
587 5819 923 5884 παράϐυστα
942 5835 957 5852 °
993 5820 1247 5877 ἐντεῦθεν
1281 5822 1338 5876 δὲ
1368 5822 1590 5894 νοητέον
1623 5823 1715 5878 καὶ
1745 5822 1880 5892 βαθὺ

1977 4634 2065 4690 bat
2098 4636 2285 4688 nmhra
2319 4651 2331 4690 :
2364 4648 2551 4686 verum
2576 4631 2665 4683 hic
2708 4629 2925 4698 quilem
2987 4624 3228 4678 cmlestis
3290 4617 3553 4674 mundum

1977 4725 2219 4792 replebat
2250 4723 2333 4778 Sttl
2360 4721 2633 4779 veritatis;
2680 4718 2780 4771 sed
2815 4717 2889 4769 illi
2918 4716 3245 4783 aspicientes
3269 4725 3374 4764 non
3400 4708 3555 4765 vide-

1980 4820 2126 4873 bant.
2160 4815 2394 4869 Dehebat
2423 4811 2649 4881 proinde
2680 4808 2791 4862 fieri
2839 4805 3092 4876 gentibus
3127 4805 3177 4857 in
3202 4801 3394 4857 ultimo
3428 4815 3560 4868 pro-

1977 4908 2124 4979 digio
2157 4906 2454 4975 quidquam
2488 4903 2613 4956 huic
2641 4900 2828 4968 prima:
2881 4895 3151 4954 aﬂ‘ectioui
3177 4892 3555 4956 contrarium;

1978 5001 2175 5055 ctenim
2204 5013 2325 5050 eum
2358 4996 2445 5048 ille
2483 4995 2561 5048 sol
2598 4991 2945 5053 indeficiens,
2978 4988 3042 5042 ad
3078 5002 3177 5041 nos
3229 5002 3291 5041 ex
3342 4983 3451 5037 alto
3479 4981 3561 5046 di-

1979 5092 2203 5155 missus,
2235 5088 2336 5142 sub
2361 5100 2559 5142 terram
2594 5083 2928 5141 intravisset.
2979 5080 3181 5136 statim,
3215 5078 3332 5131 haec
3388 5075 3560 5143 prima

1983 5198 2087 5236 nox
2119 5180 2357 5240 evanuit.
2397 5178 2588 5246 eisque
2619 5177 2797 5228 lumen
2833 5174 3039 5241 absque
3079 5184 3307 5239 vespere
3361 5167 3560 5220 illuxit.

1981 5272 2289 5326 Notandum
2329 5277 2414 5324 est
2452 5278 2628 5323 autem
2655 5265 2800 5335 quod
2825 5264 2991 5321 dictio
3048 5259 3315 5333 profunda
3347 5274 3451 5312 nos:
3471 5272 3561 5312 os-

1984 5365 2148 5417 tendit
2179 5362 2321 5417 illam
2360 5359 2532 5415 fuisse
2576 5374 2787 5412 summe
2845 5356 3076 5426 nigram,
3120 5353 3344 5408 illunem
3392 5365 3454 5404 ac
3486 5356 3564 5401 tc-

1981 5455 2344 5509 nebricosam.
2366 5451 2674 5522 Metaphora
2694 5466 2819 5503 vero
2841 5457 3054 5516 sumpta
3074 5455 3155 5501 est
3172 5445 3239 5499 de
3260 5438 3381 5511 prof
3383 5439 3566 5507 mults,

1983 5546 2183 5617 puteis,
2211 5544 2509 5611 baratltris,
2542 5542 2730 5605 foveis,
2768 5540 2989 5610 pelagis.
3017 5539 3069 5592 in
3094 5551 3215 5606 quas
3244 5546 3352 5587 non
3390 5542 3559 5596 Ρε¹¹θ⁶

1982 5644 2090 5696 trat
2116 5652 2309 5707 purum
2339 5636 2518 5690 lumen
2542 5650 2557 5701 ;
2583 5634 2724 5704 quod
2762 5642 2953 5686 natura
2983 5642 3197 5684 sursum
3272 5622 3560 5679 elevatum.

1985 5730 2130 5786 circa
2166 5726 2438 5799 profunda
2469 5726 2554 5781 vel
2584 5725 2719 5780 alias
2751 5724 3005 5794 angulata
3042 5732 3136 5773 seu
3202 5711 3400 5799 furtiva
3444 5721 3565 5799 Apa-

1988 5837 2108 5879 rum
2139 5797 2222 5879 est
2252 5819 2455 5877 versari
2491 5826 2702 5874 natum.
2738 5813 2944 5871 Exinde
2972 5821 3190 5880 quoque
3246 5797 3564 5868 concipien-
