3966 6248
378 284 483 347 509

1058 283 1403 344 EUSTATH
1419 283 1477 340 Il
1519 282 1622 341 ΤΠ
1634 282 1804 341 ESSA
1817 281 1965 345 LON
1977 282 2273 345 [CENSIS
2313 284 2873 346 METROPOLlT/E

3516 288 3649 347 600'

376 397 505 451 dum
533 404 617 450 est
649 395 798 450 illam
828 395 892 450 ad
918 397 1094 452 solum
1121 410 1294 460 usque
1319 392 1644 464 profundam
1682 393 1959 448 adoratio-

2080 400 2341 471 τροσκύνη
2354 417 2426 470 μα
2467 400 2528 452 τὸ
2554 400 2660 462 ἕως
2692 400 2941 467 ἐδάφους,
2975 400 3069 453 καὶ
3112 399 3335 471 βαθεῖαν
3366 401 3625 473 γαλήνην.

382 503 504 543 nem
559 495 613 543 et
649 488 975 558 profundam
1031 488 1401 550 serenitatem,
1453 501 1618 555 quam
1687 487 1779 556 qui
1842 500 1950 541 non

390 580 574 646 habet,
607 596 672 635 ex
706 580 862 649 aquis
889 578 1176 648 profundis
1202 577 1344 649 eripi
1374 591 1433 632 se
1464 588 1743 646 precatur.

452 671 665 728 85.Vox
716 673 1139 742 ὲξαιρουμένους
1201 681 1282 726 est
1340 686 1438 741 pro
1487 671 1953 740 ὲκλαμδάνοντας,

382 774 434 821 et
467 767 548 821 sic
596 767 909 821 educentes.
938 767 1052 820 Diei
1083 768 1223 821 solet
1273 766 1338 821 de
1379 767 1444 821 iis
1475 781 1594 836 qure
1632 782 1697 819 ex
1727 765 1957 836 profun-

381 860 451 913 do
485 866 776 914 eruuntur.
820 857 1069 913 Extrahit
1102 857 1265 926 igitur
1297 858 1496 926 aliquis
1548 873 1670 911 eum
1709 856 1803 927 qui
1865 857 1959 911 de-

380 951 671 1020 mergendo
724 949 1043 1014 suffocatur,
1107 958 1200 1003 aut
1254 950 1306 1002 in
1355 948 1686 1018 profundum
1741 962 1957 1003 etenum

381 1044 564 1111 lapsus
589 1051 674 1097 est
702 1059 717 1110 ;
754 1043 836 1095 vel
866 1044 1036 1111 magis
1075 1042 1303 1109 tropico,
1334 1041 1426 1109 qui
1464 1041 1660 1096 cecidit
1684 1039 1737 1093 in
1782 1040 1956 1106 capti-

378 1135 618 1188 vitatem.
648 1134 783 1188 lfuir.
813 1143 990 1187 autem
1041 1133 1275 1202 ἐξαιρεῖν
1322 1131 1499 1187 aﬂittia
1532 1141 1659 1186 sunt
1686 1129 1960 1196 ἐξελέσθαι

382 1233 437 1278 et
471 1223 698 1287 ἐξελεῖν.
745 1223 897 1278 Talia
959 1238 1087 1277 vero
1149 1239 1258 1277 non
1318 1232 1444 1277 sunt
1520 1223 1866 1291 ἀναιρεῖσθαι
1907 1233 1963 1277 ct

383 1314 670 1368 ἀνελέσθαι
699 1331 712 1367 :
738 1329 844 1368 non
876 1315 1018 1368 enim
1041 1330 1102 1367 ex
1139 1314 1407 1382 profundo
1440 1314 1827 1384 suscipientes,
1863 1313 1959 1368 sed

382 1404 593 1475 lapsum
623 1407 914 1475 erigentes,
939 1407 1173 1475 aliquem
1201 1406 1479 1460 elevamus
1513 1423 1528 1474 ;
1556 1420 1609 1460 et
1631 1407 1709 1462 sic
1745 1406 1959 1460 indica-

385 1497 468 1552 bit
505 1497 649 1552 istud
699 1497 982 1552 εάνείλετο
1024 1500 1253 1553 ἐκεῖνον.
1287 1497 1442 1566 Quod
1492 1511 1669 1556 autem
1715 1499 1776 1553 τὸ
1819 1500 1964 1566 ὲξαι-
2010 1574 2047 1585 κ

389 1586 602 1658 ρεϊσθαι
630 1600 683 1644 et
703 1592 731 1642 ὁ
761 1589 1170 1660 ἐξαιρούμενος,
1193 1606 1256 1645 ex
1281 1592 1479 1660 quibus
1499 1600 1626 1645 sunt
1657 1590 1967 1662 ὑπεξαιρετ-

391 1678 515 1732 σθαι
571 1689 625 1732 et
667 1681 697 1733 ό
754 1680 1242 1750 ὑπεξαιρούμενος,
1325 1684 1594 1750 passivam
1674 1679 1965 1751 aliquando

390 1770 847 1839 significationem
879 1771 1135 1836 habeant,
1182 1788 1285 1825 non
1310 1781 1391 1826 est
1421 1773 1726 1841 ambigendi
1789 1774 1964 1830 locus.

392 1864 625 1933 Populos
674 1872 850 1917 autem
928 1867 1224 1920 immensos
1301 1865 1646 1920 solummodo
1694 1866 1827 1920 dicit
1871 1880 1967 1920 eos

389 1955 479 2025 qui
518 1955 726 2025 fulgore
772 1956 1007 2025 Spiritus
1066 1956 1355 2011 illuminati
1415 1963 1564 2012 sunt.
1629 1954 1784 2011 Licet
1818 1958 1964 2012 enim

390 2041 528 2104 alias
560 2049 796 2104 maxime
833 2048 1119 2116 gentilium
1149 2047 1489 2104 immensitas
1523 2057 1723 2116 pateat.
1768 2049 1814 2103 si
1846 2049 1970 2119 quis

387 2153 483 2195 eos
506 2140 598 2210 qui
628 2141 790 2195 etiam
822 2154 966 2193 nunc
1004 2138 1058 2193 in
1093 2139 1335 2193 tenebris
1372 2154 1622 2193 errorum
1651 2141 1955 2205 ambulant,

394 2234 449 2285 et
480 2241 752 2286 nocturno
783 2241 1029 2300 tempore
1057 2239 1249 2286 contra
1287 2246 1383 2283 nos
1410 2229 1762 2297 insidiantur,
1789 2234 1972 2286 consi-

390 2325 578 2391 deret;
611 2332 848 2376 attameu
894 2322 1150 2377 immensi
1197 2338 1417 2391 quoque
1483 2332 1612 2377 sunt
1662 2324 1968 2377 secundum

2059 492 2126 564 ἠν
2157 495 2184 546 ὁ
2217 494 2291 563 μὴ
2318 492 2477 564 ἔχων,
2512 492 2725 558 εὔξεται
2755 492 3020 564 ῥυσθῆναι
3050 494 3115 546 ἐκ
3145 493 3254 547 τῶν
3280 493 3488 564 βαθέων
3508 494 3629 551 d61-

2058 600 2189 636 των.

2134 675 2237 733 πε’,
2295 678 2367 728 Τὸ
2415 677 2470 731 δὲ
2522 677 2940 747 ὲξαιρουμένους
2972 676 3187 747 εἴρηται
3221 677 3321 747 μὲν
3359 679 3486 747 ἄρτι
3515 679 3632 731 ἀντὶ

2060 770 2154 821 τοῦ
2186 770 2635 834 ἐκλαμϐάνοντας
2672 771 2769 823 καὶ
2809 770 2980 832 οὕτως
3007 770 3305 838 ἐξάγοντας
3329 788 3344 803 ·
3383 769 3632 836 λέγεσθαι

2061 862 2116 914 δὲ
2153 861 2343 916 εῐωθεν
2372 862 2465 915 ἐπὶ
2496 862 2605 916 τῶν
2639 863 2703 915 ὲκ
2746 862 2946 933 βάθους
2972 861 3309 915 ἀνελκόντων
3330 863 3631 931 ὁτιδήποτε.

2074 952 2405 1022 Ἐξαιρεῖται
2472 955 2603 1022 γοῦν
2653 971 2739 1017 τις
2802 954 2895 1007 τὸν
2958 956 3016 1006 ὲν
3077 953 3152 1022 τῷ
3211 954 3634 1024 κατακολυμεᾷν

2064 1045 2320 1113 πνιγμὶν,
2352 1047 2445 1098 καὶ
2476 1047 2566 1098 τὸν
2610 1045 2919 1112 ἐμπεσόντα
2968 1046 3073 1099 ίλύῖ
3108 1044 3298 1115 βαθείᾳ
3325 1061 3341 1077 ·
3390 1046 3635 1099 ἐντεῦθεν

2062 1137 2119 1190 δὲ
2147 1138 2556 1206 τροπικώτερον
2585 1138 2684 1191 καὶ
2720 1137 2810 1189 τον
2842 1137 3198 1207 αἰχμαλωσίᾳ
3230 1138 3636 1205 περ·.πεσόντα’

2063 1229 2143 1295 τῷ
2173 1228 2228 1281 δὲ
2257 1230 2486 1296 τοιούτῳ
2520 1228 2757 1297 ἐξαιρεῖν
2791 1227 3073 1297 σύστοιχόν
3113 1229 3229 1281 ἐστι
3261 1227 3357 1280 καὶ
3382 1228 3442 1281 τὸ
3470 1228 3641 1293 agat.

2068 1320 2193 1373 σθαι
2242 1321 2334 1372 καὶ
2362 1320 2564 1386 ἐξελεῖν
2587 1336 2601 1351 ⁶
2626 1321 2688 1374 οὐ
2713 1319 2941 1374 τοιαῦτα
2965 1321 3022 1373 δὲ
3054 1320 3145 1373 καὶ
3173 1320 3517 1390 ἀναιρεῖσθαι
3548 1322 3640 1374 καὶ

2066 1412 2375 1467 ἀνελέσθαι.
2411 1413 2484 1466 Οὐ
2512 1412 2619 1484 γὰρ
2655 1413 2717 1466 ἐκ
2753 1412 2951 1484 βάθους
2990 1411 3467 1482 ἀναλαμϐάνοντές
3497 1431 3639 1478 τινα,

2067 1503 2302 1557 πεσόντα
2355 1503 2410 1557 δὲ
2458 1503 2748 1574 ὀρθοῦντες
2795 1503 3193 1570 ἀναιρούμεθα.
3253 1504 3348 1557 καὶ
3379 1504 3453 1567 ὡς
3484 1504 3643 1556 τοῦτο

2067 1594 2286 1663 ποιήσει
2321 1594 2564 1648 ἀνείλετο
2593 1596 2823 1648 ἐκεῖνον.
2851 1594 2976 1648 Ὀτι
3004 1596 3061 1648 δὲ
3107 1594 3166 1646 τὸ
3197 1594 3528 1665 ἐξαιρεῖσθαι
3551 1595 3644 1647 καὶ

2070 1684 2098 1737 ὁ
2132 1683 2524 1753 ἐξαιρούμενος
2557 1685 2653 1738 καὶ
2684 1685 2996 1753 παθητικήν
3028 1703 3156 1738 ποτε
3185 1686 3461 1751 σημασίαν
3489 1684 3642 1755 ἐχου-
3714 1694 3727 1709 ⁸

2070 1793 2177 1839 σιν,
2205 1776 2262 1842 ἐξ
2284 1768 2359 1829 ὧν
2394 1777 2489 1830 καὶ
2512 1776 2575 1830 τὸ
2607 1775 3021 1846 ὑπεξαιρεῖσθαι
3056 1779 3150 1831 καὶ
3182 1779 3210 1831 ὁ
3240 1777 3642 1847 ὑπεξαιρούμε-

2069 1885 2180 1935 νος,
2216 1870 2315 1921 οὐκ
2340 1869 2490 1922 ἔστιν
2528 1869 2880 1939 ἀμτιὸολεῖν.
2917 1870 3094 1933 Λαοὺς
3126 1870 3183 1924 δι
3221 1871 3484 1939 ἀπείρους
3518 1870 3643 1931 τοὺς

2069 1958 2134 2029 τῇ
2174 1962 2430 2031 ἀστραπῇ
2463 1958 2950 2028 καταλαμφθέντας
2977 1960 3073 2011 τοῦ
3106 1959 3420 2027 Πνεῦματος
3453 1957 3648 2026 μόνους

2071 2052 2259 2121 φησίν.
2307 2051 2368 2102 El
2419 2051 2528 2120 γὰρ
2558 2049 2732 2113 ἄλλως
2773 2050 3009 2119 μάλιστα
3061 2050 3170 2104 τῶν
3208 2050 3382 2105 ἐθνῶν
3413 2048 3646 2117 ἀπειρία

2072 2143 2467 2210 κατακέχυται,
2502 2140 2558 2194 εἴ
2593 2158 2676 2204 τις
2708 2142 2833 2203 τοὺς
2865 2141 2945 2194 ἔτι
2978 2142 3072 2194 καὶ
3099 2141 3463 2211 νυκτιπόρους
3491 2141 3548 2192 ἐν
3576 2142 3642 2208 τῇ

2072 2232 2274 2305 πλάνῃ,
2312 2235 2408 2286 καὶ
2435 2232 2790 2303 νυκτιλόχους
2834 2233 2890 2285 δὲ
2945 2233 3068 2286 καθ’
3110 2233 3268 2302 ἡμῶν
3314 2233 3645 2286 σκέπτοιτοο

2074 2325 2311 2379 ἀλλὀῦν
2355 2325 2577 2394 ἄπῑιροι
2612 2324 2707 2377 καὶ
2759 2326 2807 2379 οί
2854 2327 2992 2380 κατὰ
3041 2326 3173 2378 Θεὸν
3218 2328 3646 2392 πεφορτισμένοι,

392 2414 561 2467 Deum
619 2412 1033 2467 illuminati.:et
1059 2412 1220 2466 nobis
1287 2423 1413 2466 ante
1448 2412 1640 2467 oculos
1697 2413 1972 2467 ducantur

2080 2420 2168 2472 καὶ
2203 2419 2639 2489 προαχθήτωσαν
2674 2419 2806 2486 ἡμῖν
2836 2420 2914 2480 εἰς
2944 2418 3152 2470 ἔννοιαν
3181 2419 3229 2471 οί
3255 2416 3399 2486 ἅγιοι
3426 2418 3649 2481 πάντες,

390 2521 583 2561 omnes
613 2506 807 2570 sancti,
841 2520 1174 2576 prorsusque
1213 2504 1540 2560 mirabimur
1594 2520 1785 2560 corum
1849 2505 1972 2560 infl-

2080 2510 2171 2565 καὶ
2229 2510 2447 2573 πάντως
2500 2508 2902 2579 θαυμασόμεθα
2960 2508 3019 2561 τὸ
3059 2510 3115 2560 ἐν
3150 2508 3334 2570 αὐτοῖς
3388 2507 3641 2578 ἄπειρον,

391 2599 640 2665 nitatem,
712 2600 810 2654 etsi
858 2614 966 2657 non
1027 2599 1246 2670 proprie
1321 2615 1607 2655 sumamus
1673 2600 1854 2655 istam.
1914 2599 1971 2654 Si

2080 2604 2133 2656 οῦ
2167 2601 2698 2672 κυριολεκτούμενον
2729 2601 2848 2656 οὐδὲ
2877 2601 3027 2655 αὐτό.
3061 2602 3123 2654 El
3143 2602 3252 2670 γάρ
3282 2601 3415 2670 μηδὲ
3448 2603 3648 2663 πάντες

393 2692 538 2745 enim
574 2705 675 2744 nec
701 2704 892 2744 omnes
924 2690 1172 2745 homines
1203 2690 1293 2758 qui
1327 2692 1396 2747 ab
1417 2691 1587 2745 Adam
1616 2692 1681 2745 ad
1713 2707 1972 2747 consum-

2080 2693 2355 2764 ἄνθρωποι
2405 2692 2456 2747 οί
2507 2690 2569 2756 ἐξ
2604 2690 2777 2758 Ἀδὰμ
2823 2692 2918 2745 καὶ
2962 2692 3125 2761 μέχρι
3187 2691 3498 2754 συντελείας
3548 2690 3641 2744 τοῦ

400 2781 692 2836 tuationcm
749 2798 923 2852 usque
973 2783 1157 2838 saeculi
1186 2794 1334 2850 sunt,
1375 2799 1557 2840 coram
1598 2785 1711 2840 Deo
1756 2784 1972 2856 proprie

2080 2787 2285 2855 κόσμου
2320 2785 2542 2853 ἄπειροι
2572 2783 2725 2852 παρά
2762 2781 2837 2853 τῷ
2873 2782 2993 2854 Θεῷ
3028 2782 3234 2851 κυρίως
3263 2781 3643 2857 λεχθήσονττι,

397 2872 650 2927 dicentur
707 2872 976 2925 innumeri
1030 2872 1113 2925 vel
1160 2870 1380 2934 infiniti,
1433 2871 1711 2940 quomodo
1766 2872 1972 2927 sanctis

2080 2880 2194 2941 πῶς
2229 2878 2294 2931 ἂν
2319 2879 2432 2940 τοῖς
2464 2877 2642 2943 ἁγίοις
2669 2876 2904 2939 ἐκείνου,
2941 2876 3035 2928 καὶ
3063 2878 3175 2938 τοῖς
3207 2874 3388 2938 ἄλλοις
3416 2874 3473 2928 δὲ
3506 2873 3642 2942 ὁμοῦ

395 2963 520 3034 ejus
546 2972 601 3018 ct
644 2964 857 3018 caeteris
891 2964 1054 3018 siuml
1085 2963 1416 3018 Christianis
1450 2962 1690 3017 infinitas
1753 2976 1972 3031 compe-

2080 2971 2430 3037 Χριστιανοίς
2462 2968 2692 3037 ἀπειρία
2729 2968 3157 3035 ὲπαληθεύοιτο;
3191 2966 3344 3021 Εἰσὶν
3391 2962 3487 3021 οὖν
3527 2966 3645 3021 λαοὶ

398 3054 581 3112 teret?
613 3055 755 3110 Sunt
786 3070 915 3125 ergo
938 3054 1120 3125 populi
1147 3054 1369 3118 infiniti,
1404 3045 1636 3123 quorum
1662 3053 1972 3118 multitudo,

2087 3062 2327 3127 ἄπειροι,
2357 3054 2432 3113 ὧν
2460 3060 2522 3112 τὸ
2550 3058 2752 3126 πλῆθος
2785 3059 2834 3111 εί
2862 3060 2957 3113 καὶ
2990 3061 3356 3129 πεπέρασται,
3384 3057 3500 3112 ἀλλ’
3519 3059 3647 3130 ἡμῖν

397 3149 527 3205 licet
556 3148 753 3203 habeat
785 3150 968 3215 finem,
1000 3147 1160 3204 nobis
1195 3156 1378 3202 tamen
1419 3163 1526 3202 non
1561 3157 1646 3203 est
1677 3150 1846 3217 magis
1878 3159 1976 3200 no-

397 3255 474 3309 ta,
506 3258 668 3314 quam
704 3242 847 3310 quod
883 3251 967 3296 est
993 3241 1209 3310 proprie
1256 3240 1548 3295 infinitum.
1589 3240 1645 3294 Si
1679 3255 1807 3294 vero
1837 3254 1977 3309 quo-

396 3353 504 3406 que
523 3341 668 3389 terra
694 3343 805 3387 tum
828 3346 945 3387 esse
966 3331 1166 3387 dicitur
1197 3331 1484 3396 immensa,
1514 3339 1627 3384 tum
1652 3330 1851 3386 habere
1870 3343 1977 3386 ter-

400 3427 602 3494 minos,
638 3423 1041 3479 observandum
1086 3432 1168 3476 est
1205 3423 1306 3476 huc
1349 3425 1510 3476 etiam
1538 3421 1665 3475 utile
1698 3422 1977 3490 praesenti-

399 3521 503 3576 btts
534 3518 800 3573 futurum.
832 3516 1016 3571 Eidem
1069 3516 1230 3569 etiam
1267 3516 1388 3569 usui
1442 3515 1675 3569 inservit
1716 3515 1921 3571 dictum
1959 3534 1972 3570 :

403 3633 425 3668 ι
486 3612 708 3686 Populis
752 3609 983 3666 infinitis
1036 3608 1510 3663 consentientilnts
1550 3629 1591 3669 ι,
1629 3610 1772 3677 quod
1829 3610 1975 3678 apud

401 3709 568 3762 alium
597 3714 812 3774 poetam
844 3701 1139 3756 invenitur.

472 3796 563 3852 86.
592 3794 910 3865 Fttlguratio
939 3807 1065 3845 vero
1097 3790 1268 3843 sancti
1306 3784 1565 3856 Spiritus,
1591 3803 1641 3842 et
1677 3790 1974 3858 praesertim

401 3890 492 3946 illa
521 3904 640 3958 qua:
671 3893 883 3952 spectat
910 3883 979 3938 ad
1015 3882 1335 3937 hodiernam
1370 3881 1744 3946 festivitatem,
1782 3881 1836 3936 in
1867 3898 1974 3951 qua

402 3989 533 4038 sunt
587 3978 813 4048 spiritus
862 3975 1154 4030 vehemens
1193 3982 1248 4027 et
1288 3973 1453 4041 ignita
1509 3973 1716 4044 lingua,
1769 3973 1972 4040 aliquid

401 4068 690 4129 suavitatis
719 4069 963 4124 additum
1018 4064 1286 4136 maiestati
1323 4066 1485 4120 habet
1530 4080 1594 4118 ex
1618 4066 1848 4118 naturali
1885 4080 1977 4119 co-

403 4164 665 4237 gitatione
696 4177 791 4232 per
822 4174 985 4230 quam
1020 4159 1084 4213 ad
1113 4155 1512 4212 divinlssitnam
1547 4156 1974 4225 speculationem

403 4256 704 4327 anagogice
735 4253 1007 4308 ducimur.
1045 4249 1263 4304 Scimus
1298 4248 1442 4300 enim
1511 4244 1656 4316 quod
1699 4246 1977 4302 sensibilis

403 4348 698 4419 fulguratlo
744 4347 1055 4405 sensibilem
1087 4344 1361 4414 spiritum,
1405 4353 1533 4397 ante
1579 4342 1855 4411 propriam
1889 4358 1977 4409 ge-

2082 3153 2183 3204 οὐκ
2213 3150 2483 3216 ἔγνωσται
2517 3148 2593 3212 ὡς
2619 3150 2741 3203 οὐδὲ
2772 3148 2834 3202 τὸ
2861 3149 3066 3219 κυρίως
3093 3149 3343 3220 ἄπειρον.
3378 3150 3440 3202 El
3474 3150 3531 3204 δὲ
3554 3149 3643 3202 καὶ

2074 3246 2147 3314 γῆ
2180 3242 2315 3296 ποτὲ
2343 3243 2440 3313 μὲν
2471 3243 2718 3313 ἀπείρων
2747 3237 2890 3295 εἶναι
2920 3242 3162 3310 λέγεται,
3196 3241 3324 3295 ποτὲ
3354 3242 3410 3295 δὲ
3438 3242 3645 3309 πέρατα

2076 3335 2242 3403 ἔχειν,
2267 3335 2626 3386 ἐπισκεπτέον
2652 3335 2748 3384 καὶ
2772 3335 2948 3386 ἐκεῖνο
2978 3333 3253 3402 χρήσιμον
3273 3334 3385 3395 τοῖς
3417 3331 3647 3384 ἐνταῦθα

2076 3425 2338 3493 ἐσόμενον
2358 3442 2373 3457 ο
2412 3423 2745 3494 ἐνθυμητέον
2772 3423 2827 3475 δὲ
2863 3424 2998 3493 πρὸς
3033 3423 3226 3491 ὁμοίαν
3254 3424 3448 3495 χρείαν
3477 3424 3569 3476 καὶ
3592 3421 3647 3475 τὸ

2076 3516 2226 3569 λαῶν
2280 3517 2525 3584 ἀπείρων
2563 3517 3027 3584 συμφωνούντων,
3081 3513 3109 3567 ὃ
3159 3515 3223 3585 δὴ
3286 3498 3439 3584 παρὰ
3484 3515 3647 3583 ἑτέρῳ

2078 3609 2259 3662 κεῖται
2293 3605 2540 3678 μελῳδῷ.

2157 3789 2277 3849 πς⁹.
2304 3782 2370 3835 Ἠ
2399 3781 2455 3833 δὲ
2480 3781 2734 3851 ἀστραπὴ
2760 3779 2854 3833 τοῦ
2879 3779 3035 3847 ἁγίου
3062 3780 3203 3833 Πνεῦ
3214 3798 3407 3849 ματος,
3437 3781 3528 3833 καὶ
3555 3781 3646 3850 μάο

2076 3877 2238 3932 λιστα
2271 3873 2467 3944 ἠκατὰ
2496 3873 2596 3942 τὴν
2634 3873 2876 3942 σήμερον
2917 3872 3134 3941 ἑορτὴν,
3176 3872 3234 3924 ὲν
3332 3872 3472 3943 πνοὴ
3508 3871 3648 3936 βιαῖα

2080 3968 2177 4022 καὶ
2227 3966 2476 4035 γλῶσσαι
2527 3964 2722 4030 πυρὸς,
2770 3964 2884 4032 ἔχει
2935 3963 3276 4033 γλυκύτητός
3323 3980 3378 4016 τι
3410 3964 3544 4032 πρὸς
3578 3965 3650 4031 τῷ

2082 4058 2267 4129 σεμνῷ
2321 4057 2417 4110 καὶ
2450 4057 2515 4108 ὲκ
2554 4055 2655 4124 τῆς
2707 4055 2852 4108 κατά
2901 4053 3065 4123 φύσιν
3118 4055 3349 4116 ἐννοίας,
3383 4053 3451 4105 δι’
3481 4048 3547 4126 ἧς
3578 4054 3653 4113 είς

2081 4149 2321 4219 θεωρίαν
2354 4147 2640 4217 θειοτάτην
2670 4144 3007 4216 ἀναγόμεθα.
3054 4144 3290 4215 Οἴδαμεν
3319 4145 3429 4215 γὰρ
3460 4145 3535 4206 ὡς
3565 4141 3654 4195 καὶ

2084 4243 2117 4310 ἡ
2150 4240 2275 4294 κατ’
2309 4240 2564 4308 αἴσθησιν
2621 4240 2874 4309 ἀστραπὴ
2933 4235 3152 4303 πνεῦμα
3190 4236 3446 4305 αἰσθητὸν
3496 4237 3654 4304 προῦ-

2085 4334 2302 4403 πάρξαν
2333 4333 2575 4386 αἰτιᾶται
2609 4332 2705 4403 τῆς
2741 4331 2953 4392 οίκείας
2985 4331 3287 4397 γενέσεως·
3342 4321 3404 4381 οὗ
3442 4327 3650 4395 ἐγκλει-

408 4442 751 4499 Iteralionem
769 4444 879 4512 jam
901 4439 1278 4504 exsistentetn,
1301 4436 1547 4506 hancque
1568 4434 1972 4504 producentem,

2090 4425 2306 4479 σθέντος
2337 4423 2445 4476 ἔσω
2499 4422 2725 4490 νεφέλης
2773 4419 2867 4473 καὶ
2896 4420 2961 4489 τῇ
2998 4420 3210 4488 κινήσει
3243 4417 3654 4485 ἔκπυρωθέντος

403 4536 573 4606 arguit
602 4551 619 4592 :
647 4551 756 4604 quo
781 4535 920 4587 intra
947 4531 1192 4586 nebulam
1220 4529 1456 4588 incluso,
1482 4541 1742 4598 tuomque
1768 4528 1977 4584 inflam-

406 4639 577 4696 mato,
607 4636 771 4697 atque
805 4626 1011 4680 exitum
1038 4634 1339 4692 quwreme,
1366 4622 1713 4675 tenebrarum
1741 4620 1977 4675 violenta

407 4722 650 4777 scissura
687 4719 988 4773 tonitruum
1022 4715 1204 4779 efﬁcit,
1257 4711 1674 4781 fulguratinnmu
1709 4725 1836 4765 vero
1861 4722 1983 4779 qua:

408 4813 626 4869 diurnis
649 4810 929 4866 coloribus
958 4822 1083 4861 aera
1113 4805 1306 4874 pingit,
1332 4803 1558 4873 spiritus
1585 4810 1828 4871 generat.
1849 4803 1979 4865 Quze

412 4921 572 4976 porro
598 4903 819 4974 physica
844 4915 966 4955 eum
990 4901 1122 4963 sint,
1143 4898 1194 4952 in
1219 4898 1470 4967 praesenti
1494 4894 1783 4950 festivitate
1804 4892 1983 4945 sciunt

412 5013 537 5054 eum
566 4997 762 5051 docere
784 4993 876 5063 qui
904 4991 1053 5060 cupit
1077 4990 1318 5058 undique
1348 4989 1488 5056 quod
1516 4987 1663 5059 pium
1688 4995 1772 5040 est
1802 4986 1985 5039 lucro-

413 5104 475 5143 se
513 5101 777 5156 quaerere.
812 5081 965 5148 Quod
998 5089 1201 5143 autem,
1236 5081 1379 5134 sicut
1418 5089 1636 5133 noctem
1674 5077 1819 5146 ignis
1856 5076 1982 5131 illu-

417 5176 609 5239 minat,
642 5183 826 5228 etnon
855 5173 980 5227 dico
1041 5170 1220 5239 ignem
1258 5170 1403 5224 hunc
1447 5170 1729 5238 antiquum
1782 5165 1987 5220 Juda-is

418 5264 684 5323 auxilium
751 5270 1123 5333 prae-tantem,
1156 5260 1248 5314 sed
1292 5260 1590 5329 simplicem
1647 5261 1846 5327 ignem,
1911 5257 1988 5309 sic

420 5358 586 5412 etiam
621 5354 1229 5425 fulguratio;qnodque
1271 5367 1414 5420 saepe
1467 5352 1695 5405 multum
1728 5351 1880 5416 jttVal
1935 5359 1989 5403 et

418 5450 660 5504 viatores
676 5458 728 5503 et
748 5448 1108 5518 navigatores,
1130 5456 1184 5500 et
1201 5448 1336 5515 ipsis
1359 5454 1443 5500 est
1461 5444 1648 5505 saluti,
1674 5453 1873 5498 norunt
1894 5443 1985 5512 qui

420 5548 552 5595 sunt
595 5541 829 5608 experti,
863 5541 1005 5609 apud
1039 5555 1177 5609 quos
1208 5540 1369 5593 etiam
1420 5539 1715 5605 gratiarum
1782 5534 1986 5597 debita,

419 5642 573 5703 puto,
596 5634 799 5690 talibus
818 5632 1064 5703 fulgetris
1090 5639 1462 5687 reservantur.
1486 5628 1654 5682 Multo
1672 5644 1799 5681 vero
1818 5627 1991 5697 magis

423 5730 477 5776 et
499 5723 646 5778 omni
672 5724 836 5779 modo
865 5723 1134 5777 maximas
1156 5721 1419 5775 drbcmus
1445 5718 1647 5787 gratias
1670 5717 1840 5772 sancti
1867 5716 1987 5784 Spi-

2090 4514 2185 4568 xa‘t
2214 4512 2507 4582 ζητοῦντος
2539 4511 2892 4579 ἐκπόρευσιν,
2941 4511 2973 4578 ἡ
3015 4510 3113 4578 μὲν
3152 4506 3247 4560 τοῦ
3295 4506 3495 4574 γνόφου
3525 4506 3655 4575 πρὸς

2091 4608 2215 4679 βίαν
2248 4603 2657 4678 ρἦιςβροντὴν
2675 4602 2944 4665 ἀποτελεῖ,
2972 4599 3262 4670 ἀστραπὴν
3279 4598 3414 4650 δὲτὸ
3440 4596 3656 4665 Πνεῦμα

2087 4701 2253 4765 ποιεῖ,
2286 4699 2378 4751 τὸν
2401 4698 2538 4766 ἀέρα
2561 4694 2881 4766 χρώζουσαν
2903 4689 3238 4763 ήμεροφαῶς
3261 4704 3275 4721 '
3308 4688 3342 4742 ἃ.
3367 4688 3430 4757 δὴ
3459 4683 3657 4754 τρυσικὰ

2087 4793 2217 4844 ὅντα
2269 4788 2645 4860 ἐορταστικῶς
2700 4780 2810 4840 οἵδε
2857 4784 2949 4836 νῦν
2997 4782 3241 4851 σοφίζειν
3277 4779 3367 4832 τθιν
3412 4777 3660 4829 ἐθέλοντα

2087 4881 2395 4950 κερδαίνειν
2428 4879 2694 4933 πάντοθεν
2728 4877 2786 4929 τὸ
2815 4874 3098 4935 θεοσεϐὲς·
3136 4873 3219 4925 ὃτι
3272 4872 3328 4922 δὲ
3358 4868 3460 4922 καὶ
3491 4865 3658 4922 καθά·

2089 4990 2195 5040 περ
2230 4971 2399 5024 νύκτα
2433 4970 2493 5022 τὸ
2541 4969 2653 5039 πῦρ
2692 4967 2939 5035 φωτίζει,
2972 4965 3066 5018 καὶ
3113 4963 3175 5015 οῦ
3210 4961 3352 5027 λέγω
3397 4960 3460 5013 τὸ
3495 4957 3655 5011 πάλαι

2089 5065 2222 5118 ποτὲ
2255 5065 2369 5125 τοῖς
2408 5060 2683 5122 Ἰουδαίοις
2715 5055 3063 5125 ὲπικουροῦν,
3090 5052 3226 5106 ἀλλά
3247 5059 3341 5104 καὶ
3370 5051 3423 5103 2b
3453 5048 3659 5111 ἁπλῶς,

2087 5158 2231 5211 οὕτω
2257 5157 2352 5209 καὶ
2378 5154 2412 5225 ἡ
2442 5151 2720 5221 ἀστραπὴ,
2746 5150 2839 5201 καὶ
2865 5146 2948 5201 ὅτι
2975 5145 3180 5213 ὠφελεῖ
3204 5144 3470 5204 πολλάκις
3498 5142 3663 5210 μυρία
3696 5152 3701 5158 ’

2090 5255 2185 5306 καὶ
2219 5250 2556 5317 ὁδοιπόρους,
2588 5246 2678 5297 καὶ
2703 5246 2820 5298 ὅσοι
2856 5242 2912 5294 δὲ
2947 5237 3342 5299 ναυτίλλονται,
3370 5235 3468 5286 καὶ
3495 5248 3665 5301 σωτη-

2094 5347 2181 5414 ρία
2228 5342 2412 5404 αὐτοῖς
2465 5340 2719 5406 γίνεται,
2760 5334 2938 5387 ἴσασιν
2982 5334 3030 5385 οἱ
3083 5327 3499 5400 πεπειραμένοι.
3527 5323 3662 5396 ,παρ’

2088 5434 2287 5499 οῖς,,καὶ
2304 5432 2518 5502 ὀφειλαὶ
2540 5430 2802 5500 χαρίτων,
2827 5421 3004 5496 οἶμαι,
3027 5425 3147 5485 ταῖς
3165 5421 3444 5485 τοιαύταις
3464 5418 3664 5485 ἀστρα-

2096 5530 2228 5590 παῖς
2253 5524 2608 5593 ταμιεύονται
2629 5539 2644 5554 ο
2682 5520 2888 5591 μυρίως
2923 5515 2986 5586 δὴ
3020 5517 3260 5586 μάλιστα
3294 5511 3350 5563 δὲ
3380 5509 3461 5578 τῷ
3505 5504 3663 5561 παντὶ

2092 5619 2331 5687 ὅφλομεν
2378 5616 2643 5684 ἀπείρους
2695 5613 2923 5682 χάριτας
2962 5611 3025 5679 τῇ
3062 5607 3320 5675 ἀστραπῇ
3359 5601 3453 5654 τοῦ
3508 5597 3658 5665 ἁγίου

2097 5710 2433 5781 Πνεῦμα-ξος,
2462 5706 2529 5758 δι’
2556 5700 2620 5776 ἧς
2658 5704 2852 5766 νυκτὸς
2895 5698 3195 5780 πολυειδῶς
3244 5695 3470 5768 βαθείας
3516 5688 3652 5754 ἐξαι-
