3788 6246
433 321 542 386 ιοτι

1114 320 1535 382 EUS’I‘ATllll
1585 323 1684 381 ΤΗ
1702 323 2348 385 ESSALONICENSIS
2384 325 2948 389 ΜΕΤΒΟΡΟΙᾸΤᾹΞ
3540 343 3621 407 6M

431 455 565 498 trem
592 456 611 508 ;
636 440 692 496 in
724 440 967 497 secundo
990 449 1168 494 autem
1199 455 1380 502 versu,
1416 439 1596 494 lumen
1633 456 1698 495 ac
1745 441 1972 512 fulgoret

2117 443 2214 507 λας
2235 461 2250 475 ’
2277 445 2352 512 τῷ
2375 445 2431 498 δὲ
2461 445 2628 513 τρίτῳ
2653 448 2751 501 καὶ
2777 444 2950 515 φανόν
2976 463 3095 499 τινα
3133 450 3470 517 παραυγάσας
3492 476 3619 513 meo.

427 532 648 601 posuit;
686 531 738 586 in
775 533 934 586 tertio
964 545 1092 585 vero
1117 531 1409 599 quamdam
1466 534 1718 600 exposuit
1748 532 1922 588 facem
1951 540 2006 588 et

426 624 668 691 ejusdem
697 622 906 677 ordinis
941 625 1171 691 pharnm
1202 623 1449 678 accendit
1483 640 1497 689 ;
1543 625 1596 677 in
1646 626 1843 694 quinto
1872 639 2005 681 vero

430 724 481 769 et
522 715 717 768 ultimo
784 714 1007 783 iguitam
1042 716 1415 768 resonantiam
1450 715 1680 771 stridere
1711 716 1859 771 fecit.

498 805 587 858 S9.
629 806 701 858 De
728 805 1079 881 processione
1107 821 1257 871 vero,
1286 807 1429 875 quod
1466 806 1572 877 ipsi
1600 817 1653 861 et
1680 809 1781 863 soli
1811 809 2007 865 decer-

427 905 588 951 natur
617 896 843 966 Spiritni
870 906 1062 953 sancto
1089 909 1233 953 sucnt
1275 897 1417 952 Filio
1449 900 1730 968 generatio
1766 903 2003 970 passiva,

425 988 706 1056 activaqne
733 987 879 1042 Patri
915 990 1177 1059 (generat
1238 1005 1432 1060 nempe
1464 991 1642 1054 Pater,
1704 993 1876 1049 Filius
1910 1011 2007 1049 au-

424 1089 529 1132 tem
564 1079 690 1134 inde
722 1081 1124 1149 generationem
1152 1082 1333 1147 habet,
1362 1091 1417 1136 et
1442 1083 1684 1151 procedit
1714 1098 1779 1136 ex
1811 1084 2003 1137 eodem

426 1168 585 1223 Patre
638 1168 875 1241 Spiritus
914 1170 1194 1241 sanctus),
1229 1172 1332 1228 hoc
1384 1174 1603 1242 quidem
1663 1184 1746 1229 est
1804 1176 2006 1232 divinis

422 1263 725 1334 Seripturis
758 1274 1070 1321 constanter
1101 1268 1383 1334 usitatum,
1433 1269 1723 1337 probatum
1790 1282 1843 1324 et
1876 1286 2009 1339 pro-

427 1352 632 1409 fessum
661 1374 674 1421 ;
703 1366 755 1411 et
774 1355 909 1411 sicut
938 1357 1028 1411 ille
1057 1357 1146 1425 qui
1190 1358 1245 1412 in
1275 1358 1437 1413 Creta
1474 1361 1539 1414 de
1562 1361 1755 1415 animm
1786 1362 2008 1417 immor-

430 1444 646 1501 talitate
701 1447 1151 1515 colloquebatur,
1208 1465 1439 1519 magnus
1514 1452 1732 1522 sapiens
1791 1454 2006 1524 egregie

424 1535 560 1591 dixit
626 1537 767 1606 quod
852 1539 1171 1593 immortalis
1256 1549 1340 1595 est
1432 1543 1633 1607 anima,
1713 1543 1791 1600 sic
1841 1545 2004 1598 etiam

421 1640 568 1681 nunc
598 1628 776 1682 dicere
819 1644 1110 1699 possumus
1137 1635 1279 1698 quod
1314 1633 1703 1702 dogmatizare,
1737 1636 1866 1706 quia
1892 1637 2004 1691 sola

422 1717 525 1771 tria
578 1718 689 1773 lure
722 1727 777 1774 et
829 1718 1038 1774 Patrem
1109 1739 1371 1791 generare
1429 1735 1483 1779 et
1563 1725 2007 1782 Filiumal’atre

420 1809 691 1878 generari,
722 1818 774 1864 et
802 1825 830 1865 a
862 1810 1020 1866 Patre
1070 1787 1365 1883 procedere
1391 1815 1672 1884 Spiritum,
1725 1818 2007 1872 characte-
2041 1787 2079 1843 Β

420 1912 508 1952 res
540 1908 671 1952 sunt
700 1900 809 1955 illis
843 1904 1130 1969 speciales,
1175 1916 1373 1961 caetera
1415 1924 1543 1964 vero
1577 1920 1775 1965 cuncta
1808 1910 2005 1964 divini-

420 1991 546 2045 tatis
591 1994 791 2060 pariter
849 1996 1198 2067 applicantur
1259 2001 1431 2057 tribus
1471 2002 1589 2057 sive
1648 2005 2006 2061 sanctissima:

418 2082 696 2153 Trinitati,
758 2089 943 2144 verius
996 2099 1080 2145 est
1137 2105 1301 2159 quam
1352 2092 1496 2161 quod
1528 2093 1660 2147 hora
1703 2110 1866 2164 quum
1904 2097 2004 2151 ista

419 2188 552 2227 sane
582 2174 908 2243 proferimus
962 2177 1015 2231 in
1059 2177 1419 2247 Scriptor-am,
1488 2182 1670 2236 aestiva
1705 2198 2006 2255 serenath

420 2276 603 2320 nostra
630 2276 732 2324 est.
772 2268 865 2322 Est
896 2271 1058 2340 igitur
1087 2272 1220 2327 mihi
1262 2274 1591 2328 desiderium
1626 2276 1705 2330 ab:
1753 2277 1853 2332 hac
1886 2280 2002 2335 die-

423 2358 574 2411 tione
604 2357 828 2415 minime
868 2361 1154 2426 desistere,
1198 2364 1290 2419 sed
1328 2365 1496 2418 solam
1545 2367 1684 2422 hanc
1736 2368 2003 2423 sinceram

424 2460 638 2515 semper
679 2447 877 2503 habere
909 2464 1070 2519 super
1101 2451 1363 2522 linguam.
1423 2451 1539 2507 Non
1588 2456 1730 2524 quod
1797 2456 2001 2510 benum

423 2552 530 2590 non
575 2546 657 2593 est
685 2541 847 2595 ct’am
880 2545 1183 2612 productio,
1209 2547 1364 2617 juxta
1401 2562 1563 2616 quam
1621 2548 1828 2603 ratione
1867 2548 2005 2602 divi-

424 2643 506 2681 nze
529 2629 914 2701 polyonymize,
948 2635 1276 2690 sanctissimi
1320 2635 1507 2693 Patres
1538 2637 1798 2706 Spiritum
1840 2654 2003 2693 sanc-

426 2730 540 2775 tum
574 2735 693 2776 esse
714 2722 1041 2792 productum
1073 2725 1262 2781 dicunt
1298 2742 1397 2782 nec
1430 2742 1535 2782 non
1565 2727 1654 2781 alii
1691 2744 1828 2798 quos
1856 2727 1998 2784 indi-

420 2821 547 2866 eant
575 2813 946 2879 characteres,
1000 2816 1092 2870 sed
1125 2818 1274 2887 quod
1306 2834 1370 2873 ex
1426 2817 1721 2890 Evangelio
1762 2830 1997 2893 protnty-

423 2919 549 2973 pum
586 2915 670 2959 est
720 2907 881 2972 hujus
929 2909 1286 2976 specialitatis
1354 2911 1459 2964 hoc
1516 2926 1713 2967 nomen
1751 2923 1807 2969 et
1843 2917 1997 2985 quasi

422 2995 658 3052 radicem
687 2997 868 3067 gerit;
908 3005 963 3052 et
990 3015 1053 3053 ex
1112 3000 1253 3069 ipso,
1310 3012 1567 3072 tanquam
1602 3019 1666 3059 ex
1724 3007 1997 3075 principio

419 3089 653 3157 quodam
688 3089 991 3160 theologiee
1054 3093 1387 3161 praestituto,
1436 3097 1618 3151 omnis
1669 3097 1832 3151 dictio
1870 3115 1993 3167 pro-

424 3179 670 3248 cedendi,
706 3180 860 3250 juxta
894 3196 1116 3237 sensum
1171 3184 1571 3254 evangelicum,
1593 3191 1852 3258 erumpit.

489 3360 579 3417 90.
605 3361 841 3417 Coactus
873 3361 1036 3432 igitur
1068 3363 1305 3434 Spiritus
1350 3368 1524 3421 sancti
1588 3367 1993 3436 processionem

418 3453 473 3508 iu
504 3453 705 3509 exitum
744 3455 1011 3523 accipere,
1042 3456 1168 3511 licet
1198 3457 1312 3512 habe
1360 3459 1522 3512 ambo
1563 3460 1628 3513 ad
1684 3476 1851 3514 tinum
1915 3478 1997 3515 rc-

423 3547 693 3600 ducantur
722 3559 943 3601 sensum
997 3555 1213 3616 propter
1248 3545 1447 3602 Filium
1481 3549 1748 3603 dicentem
1785 3568 1800 3606 :
1841 3549 1992 3604 Exivi

419 3652 450 3692 a
493 3638 693 3704 Patre;
729 3639 841 3693 seio
863 3638 1079 3708 quidem
1118 3654 1147 3693 a
1182 3640 1289 3694 Deo
1324 3641 1587 3710 prolatam
1623 3643 1759 3697 hanc
1784 3658 1992 3705 vocem,

417 3739 473 3784 ct
503 3730 568 3784 ad
603 3730 965 3786 rectissimam
1025 3732 1354 3786 sententiam
1384 3732 1649 3802 adaptatis
1701 3750 1866 3802 amo;
1898 3736 1991 3790 sed

419 3836 596 3879 tamen
662 3825 730 3878 ab
794 3825 908 3895 ipsa
967 3826 1312 3894 processioue
1367 3842 1474 3881 non
1535 3828 1763 3883 desisto.
1823 3828 1890 3882 Et
1922 3831 1994 3884 ita

415 3918 633 3983 quidem
667 3914 879 3971 aPatre
929 3919 1225 3987 procedens
1288 3930 1371 3973 est
1434 3920 1669 3990 Spiritus
1748 3931 1993 3978 sanctus.

418 4009 618 4063 Lumen
677 4016 856 4063 autem
916 4010 982 4063 ad
1014 4011 1144 4078 quid
1190 4011 1400 4066 Patrem
1459 4013 1628 4067 dicit?
1656 4011 1823 4068 Nemo
1886 4024 1993 4069 tam

423 4101 618 4155 tuentis
650 4101 859 4155 visione
904 4102 1137 4157 obtusus
1167 4111 1269 4167 est,
1300 4114 1358 4158 ut
1408 4104 1622 4175 ignoret
1675 4120 1734 4161 se
1770 4122 1874 4160 non
1908 4109 1994 4162 in-

415 4191 553 4244 tncri
588 4193 767 4245 lumen
800 4192 946 4248 illius
989 4203 1246 4262 tauquam
1290 4196 1490 4266 aliquid
1547 4199 1690 4267 quod
1727 4200 1994 4271 attingere

417 4295 730 4348 possumus,
780 4297 880 4336 nec
910 4283 1056 4339 illius
1086 4284 1388 4340 claritatem
1459 4287 1776 4358 intelligere.
1840 4292 1997 4361 inge-

420 4374 592 4428 uitttm
627 4383 807 4430 autem
841 4373 944 4429 hoc
1010 4375 1189 4430 lumen
1235 4377 1311 4430 ait
1352 4387 1573 4447 propter
1627 4380 1844 4450 Filium,
1901 4386 1991 4450 qui

2113 537 2343 605 ματικδν
2377 538 2463 589 διά
2512 536 2606 589 τοῦ
2645 536 2959 605 ἐμφανίζει
3006 540 3271 606 ῥήματος,
3301 541 3387 594 καὶ
3419 561 3623 613 φρυκτω.

2112 630 2234 701 ρίαν
2269 628 2552 697 σύστοιχον
2606 630 2914 698 ὲξανάψαςο
2969 632 3027 681 ὲν
3072 631 3128 683 es
3175 630 3251 701 τῷ
3293 634 3505 708 πέμπτῳ
3547 644 3618 695 καὶ

2109 720 2407 787 τελευταίῳ
2443 720 2701 789 ροιζήσας
2730 716 2863 791 ἦχον
2899 723 3193 790 πυρόεντα.

2182 814 2292 866 πθν,
2332 814 2466 882 Περὶ
2489 815 2544 866 δὲ
2570 813 2668 867 τοῦ
2699 814 3096 882 ἐκπορεύεσθαι
3127 816 3208 869 ὅτι
3240 817 3375 886 αὐτῷ
3395 820 3477 873 καὶ
3505 825 3621 896 μόνῳ

2113 904 2260 967 ἰδίως
2295 904 2609 972 ἀφώρισται
2653 906 2730 973 τῷ
2763 907 2907 975 ἁγίῳ
2949 907 3249 975 Πνεῦματι,
3295 910 3427 963 καθὰ
3454 915 3534 967 καὶ
3566 918 3626 981 τῷ

2110 995 2225 1063 Υἱῷ
2255 996 2315 1048 τὸ
2355 997 2674 1062 γεννᾶσθαι,
2714 999 2810 1051 καὶ
2838 998 2916 1067 τῷ
2947 1000 3124 1067 Πατρὶ
3153 1000 3213 1052 τὸ
3239 988 3464 1072 εγεννᾷν·
3494 1011 3625 1080 γεννᾷ

2113 1086 2213 1155 μὲν
2246 1086 2355 1153 γὰρ
2380 1090 2407 1140 ὁ
2442 1088 2656 1155 Πατὴρ.
2692 1090 2952 1153 γεννᾶται
2984 1090 3042 1141 δὲ
3076 1090 3287 1145 ἐκεῖθεν
3332 1094 3360 1146 ὁ
3404 1094 3535 1157 Υἱὸς.
3561 1099 3631 1150 ἑκ-

2111 1178 2407 1248 πορεύεται
2439 1178 2494 1231 δὲ
2533 1178 2629 1230 τοῦ
2664 1180 2830 1232 αὐτοῦ
2866 1181 3081 1250 Πατρὶς
3126 1183 3187 1234 τὸ
3235 1182 3384 1248 ᾶγιον
3423 1186 3626 1254 Πνεῦμα,

2107 1268 2399 1337 τέτριπται
2428 1271 2506 1332 είς
2539 1269 2914 1334 ἀττλαγίαστον
2943 1274 3066 1334 ταῖς
3092 1272 3266 1335 θείαις
3296 1274 3539 1343 Γραφαῐς,
3559 1281 3633 1332 καὶ

2109 1361 2507 1421 ἀποδέδεικται,
2543 1364 2633 1414 καὶ
2669 1362 2843 1423 οὕτως
2891 1363 3268 1431 ὡμολόγηται,
3297 1368 3389 1419 καὶ
3421 1366 3631 1438 ὥσπερὸ

2110 1454 2168 1503 ὲν
2196 1452 2385 1521 Κρήτη
2417 1452 2798 1520 διαλεγόμενος
2827 1457 3003 1522 μέγας
3038 1456 3202 1520 σοφὸς
3229 1458 3356 1525 περὶ
3384 1459 3634 1524 ἀθανασίας

2109 1540 2308 1611 ψυχῆς,
2348 1542 2453 1610 ἔφη
2484 1543 2733 1610 γλυκέως
2768 1544 2844 1606 ὡς
2870 1546 2931 1597 τὸ
2960 1545 3063 1615 τὴν
3104 1546 3287 1615 ψυχὴν
3316 1549 3558 1603 ἀθάνατον
3579 1549 3639 1604 εῖ-

2111 1651 2220 1699 ναι,
2252 1632 2425 1695 οὕτως
2449 1634 2566 1688 ἐστι
2603 1636 2768 1703 φάναι
2818 1638 2909 1691 καὶ
2957 1638 3053 1690 νῦν
3084 1639 3235 1708 ἡμᾶς
3266 1641 3347 1693 ὅτι
3390 1642 3446 1694 τὸ
3474 1644 3640 1713 δογμα-

2112 1720 2281 1787 τίζειν
2308 1722 2382 1785 ὡς
2419 1722 2557 1793 μόνα
2593 1724 2659 1794 δὴ
2689 1724 2858 1778 ταῦτα
2899 1726 3028 1794 τρία
3068 1727 3164 1779 καὶ
3194 1727 3289 1779 τὸν
3326 1727 3529 1796 Πατέρα
3546 1746 3641 1795 γενυ

2110 1815 2227 1884 νᾷν,
2262 1816 2321 1867 τὸ
2346 1815 2435 1868 τὸν
2468 1816 2597 1868 Υἶὸν
2636 1817 2933 1883 γεννᾶσθαι
2981 1818 3045 1871 ἐκ
3093 1818 3186 1870 τοῦ
3234 1819 3459 1888 [ἰατρὸς.
3492 1819 3642 1872 καὶτὸ

2109 1907 2379 1974 πατρόθεν
2409 1908 2812 1977 ἐκπορεύεσθαι
2840 1914 2902 1962 τδ
2936 1909 3180 1975 Πνεῦμα,
3209 1910 3501 1973 ίδιάζουσιν
3526 1912 3644 1962 ἐκεί.

2104 2017 2217 2061 νοις
2248 2003 2766 2070 χαρακτηριστικώς
2788 2020 2800 2034 '
2833 2005 2901 2057 τὰ
2950 2003 2999 2058 δ’
3038 2005 3177 2058 ἄλλα
3229 2008 3408 2060 πάντα
3439 2008 3527 2077 τῆς
3551 2007 3644 2060 θεό-

2104 2109 2267 2162 τητος
2325 2093 2526 2163 ἐπίσης
2580 2096 2960 2163 προσαρμόζει
2994 2100 3101 2161 τοῖς
3137 2099 3349 2164 τρισὶν,
3403 2100 3559 2167 ἤγουν
3594 2100 3647 2167 τῇ

2105 2184 2388 2254 ἁγιωτάτῃ
2428 2184 2647 2254 Τριάδι,
2674 2185 3037 2256 ἀληθέστερόν
3069 2190 3184 2240 ἐστι
3224 2188 3322 2240 τοῦ
3352 2192 3442 2241 νῦν
3470 2190 3550 2242 ὅτε
3574 2188 3651 2256 51;-

2103 2272 2238 2343 λαδὴ
2272 2274 2443 2327 ταῦτα
2474 2277 2823 2345 προφέρομεν
2853 2280 2932 2340 εἰς
2966 2280 3194 2348 Γραφὴν
3223 2280 3445 2349 θερινὴν
3471 2281 3652 2350 αἰθριά-

2105 2364 2308 2428 ζουσαν
2336 2368 2616 2437 ἡμετέραν
2651 2365 2790 2422 εἶναι
2813 2387 2825 2400 ·
2863 2373 2957 2424 καὶ
2983 2371 3165 2424 τοίνυν
3189 2373 3324 2440 ἐμοὶ
3355 2372 3523 2440 ὄρεξις
3554 2370 3653 2441 μηδ’

2103 2456 2241 2521 ὅλως
2292 2459 2627 2526 ἀφίστασθαι
2680 2462 2903 2528 λέξεως.
2942 2463 3079 2516 ἀλλὰ
3122 2466 3305 2535 μόνην
3337 2466 3654 2536 άπαραποίη-

2101 2568 2192 2604 τον
2226 2551 2397 2624 αὐτὴν
2430 2555 2517 2607 ἀεὶ
2545 2554 2689 2624 ὀχεῖν
2726 2556 2820 2609 ἐπὶ
2852 2556 3099 2627 γλώττης
3122 2574 3137 2588 ·
3163 2560 3272 2629 οὐχ
3302 2559 3386 2615 ὅτι
3427 2559 3497 2629 μὴ
3520 2559 3654 2613 καλὸν

2105 2644 2202 2695 καὶ
2250 2646 2284 2715 ἡ
2340 2646 2579 2717 προὸολὴ
2635 2646 2759 2701 καθ’
2813 2647 2882 2718 ἦν
2929 2649 3026 2702 καὶ
3075 2651 3395 2721 προϐλητδν
3440 2652 3496 2706 τὸ
3531 2652 3658 2718 ἅγιον

2104 2734 2358 2805 Πνεῦμα,
2395 2741 2491 2791 καὶ
2522 2739 2622 2791 ὅσα
2654 2739 2711 2791 δὲ
2760 2739 2897 2793 ἄλλα
2946 2743 3439 2812 χαρακτηριστικὰ
3484 2744 3658 2796 πολυω-

2101 2826 2305 2894 νυμίας
2332 2824 2481 2889 Θείας
2511 2827 2675 2898 λόγῳ,
2705 2831 2756 2881 oi
2796 2830 3095 2897 ἁγιώτατοι
3125 2834 3384 2904 lla-cepa;
3413 2834 3537 2888 αὐτὶ)
3563 2836 3660 2885 im-

2101 2914 2378 2983 λέγουσιν,
2416 2918 2535 2971 ἀλλ’
2562 2919 2645 2972 ὅτι
2693 2921 3063 2989 εὐαγγελικῶς
3096 2927 3459 2994 πρωτόθετον
3496 2925 3660 2990 ἰδιότηο

2099 3025 2189 3069 τος
2220 3009 2424 3079 ταύτης
2450 3010 2620 3081 ὄνομα
2645 3012 2825 3081 τοῦτο,
2863 3017 2960 3068 καὶ
2985 3015 3062 3078 ὡς
3100 3018 3296 3072 εἰπεῖν
3326 3015 3663 3086 ριζικόνικαὶ

2100 3099 2158 3163 ἐξ
2189 3098 2352 3151 αὑτοῦ
2386 3101 2485 3151 ὅσα
2519 3102 2613 3154 καὶ
2655 3101 2715 3166 te
2749 3104 2923 3172 ἀρχῆς
2958 3121 3104 3167 τινος
3144 3106 3659 3176 προκαταὸεϐλημέο

2102 3210 2198 3254 νας
2229 3192 2580 3261 θεολογικῶς,
2618 3199 2858 3267 ὁρμᾶται
2890 3198 3034 3264 λέξις
3075 3200 3279 3255 ἅπασα
3315 3199 3663 3272 ὲκπορευτικὴ

2100 3287 2239 3337 κατᾶ
2272 3286 2631 3355 εὐαγγελικὴν
2664 3288 2894 3345 ἔννοιαν.

2171 3373 2240 3442 [η’.
2279 3378 2349 3428 Συ
2364 3377 2711 3446 πελλόμενος
2742 3382 2873 3447 γοῦν
2905 3383 3249 3437 ἔκλαϐἑσθαι
3279 3386 3384 3456 τὴν
3430 3404 3668 3456 νκπορευ-

2102 3485 2188 3519 σιν
2234 3469 2327 3519 ἐπὶ
2355 3469 2451 3521 τοῦ
2488 3470 2645 3534 ἁγίου
2684 3472 3003 3540 Πνεῦματος
3051 3477 3131 3538 είς
3167 3478 3479 3541 ἐξέλευσιν,
3516 3482 3561 3534 εί
3592 3482 3667 3532 καὶ

2102 3559 2271 3628 ἄμφω
2317 3561 2489 3614 ταῦτα
2546 3565 2626 3625 εἰς
2664 3563 2789 3617 νοῦν
2838 3566 2933 3619 ἕνα
2963 3568 3341 3639 συνέρχονται
3388 3574 3477 3628 διὰ
3503 3575 3585 3627 τὴν
3609 3573 3671 3624 ti-

2100 3652 2272 3705 πὸντα
2312 3652 2461 3721 Υέὸν,
2488 3655 2745 3723 Ἐξῆλοον
2781 3659 2843 3711 ἐκ
2872 3660 2968 3712 τοῦ
3009 3662 3270 3733 Πατρός·
3307 3669 3407 3719 καὶ
3436 3664 3548 3719 οἶδα
3593 3665 3672 3733 μὲν

2099 3743 2429 3812 οεῦφθογγον
2465 3748 2643 3800 ἐκεῖνο
2689 3749 2749 3801 τὸ
2781 3751 2953 3821 ῥῆμα,
3010 3754 3107 3806 καὶ
3139 3756 3296 3824 φιλῶ
3330 3759 3472 3812 αὐτὸ
3499 3757 3673 3827 ἁρμᾶτ-

2097 3852 2206 3887 των
2239 3837 2319 3899 είς
2354 3838 2655 3909 ὀρθοτάτην
2682 3840 2893 3896 ἔννοιαν
2920 3860 2934 3875 ⁸
2967 3847 3068 3898 οὐκ
3099 3847 3437 3919 ἀφίσταμαι
3467 3851 3520 3904 δὲ
3546 3851 3673 3919 ὅμως

2097 3929 2271 3996 αὐτῆς
2302 3929 2363 3998 δὴ
2402 3932 2498 3999 τῆς
2528 3934 2942 4003 ἐκπορεύσεως·
2979 3939 3075 3991 καὶ
3106 3939 3265 3994 οὕτω
3297 3943 3405 4011 μὲν
3440 3944 3675 4006 ἐκπορευ-

2096 4020 2189 4072 τίν
2230 4022 2445 4091 [Ιατρδς
2480 4024 2541 4075 τὸ
2580 4023 2736 4090 ἅγιον
2770 4027 3030 4096 Πνεῦμαο
3086 4032 3240 4098 φάος
3290 4034 3351 4086 δὲ
3383 4035 3472 4087 διὰ
3515 4034 3565 4085 τί
3605 4032 3677 4083 τὸν

2098 4114 2316 4182 Πατέρα
2352 4113 2501 4180 λέγει
2530 4133 2543 4183 ;
2572 4118 2758 4181 Οὐδεὶς
2805 4119 2946 4172 οὕτω
2977 4121 3393 4194 εὐδυσώπητος
3432 4125 3529 4195 τὴν
3561 4122 3676 4176 κατὰ

2096 4201 2222 4255 νοῦν
2254 4203 2399 4272 ὄψιν,
2431 4206 2505 4269 ὡς
2537 4209 2751 4276 ἀγνοεῖν
2791 4211 2867 4281 μὴ
2894 4213 3191 4281 ἐμϐλέπων
3222 4216 3313 4279 τῷ
3346 4217 3476 4270 κατ’
3499 4219 3683 4269 ἐκεῖνον

2097 4295 2238 4363 φωτὶ
2269 4298 2410 4350 καθὰ
2438 4301 2681 4366 ἐφικτὸν,
2717 4303 2811 4355 καὶ
2860 4307 3318 4376 κατανοοῦμενος
3351 4309 3456 4379 τὴν
3488 4324 3681 4376 (prowe-

2100 4389 2222 4455 ρίαν
2254 4390 2420 4443 αὐτοῦ
2447 4406 2459 4419 ο
2491 4391 2787 4463 ἀγέννητον
2818 4395 2873 4448 δὲ
2904 4395 3017 4462 φῶς
3050 4398 3282 4453 ἐκεῖνόν
3316 4419 3466 4472 φησι
3499 4402 3583 4455 διὰ
3609 4400 3684 4451 τὸν

415 4467 589 4521 lumen
623 4466 739 4535 ipse
767 4466 986 4537 quidem
1017 4477 1120 4536 est,
1146 4468 1238 4523 sed
1262 4472 1529 4538 genitum,
1562 4481 1621 4526 ut
1651 4474 1854 4530 dictum
1877 4491 1958 4534 est

2110 4480 2265 4533 Υίόνο
2298 4482 2414 4549 φῶς
2446 4484 2545 4550 μὲν
2587 4486 2682 4538 καὶ
2731 4488 2938 4542 ἐκεῖνον
2980 4490 3131 4555 ὄντα,
3183 4466 3476 4565 γεννητὸν
3503 4496 3580 4559 δὲ,
3621 4491 3684 4553 ὥς

410 4566 466 4610 at
495 4555 729 4625 quadam
777 4556 843 4610 ad
883 4557 1021 4611 idem
1052 4556 1139 4611 hic
1175 4557 1527 4629 polyonymite
1563 4562 1770 4618 ratione
1838 4565 1984 4624 Patri

415 4650 596 4702 lumen
624 4656 708 4702 est
730 4650 1054 4703 attributum
1081 4667 1095 4703 :
1119 4650 1276 4704 aliter
1302 4652 1444 4706 enim
1467 4667 1576 4706 non
1604 4666 1727 4724 apte
1751 4656 1811 4709 τὸ
1831 4660 1990 4725 ἀγέν-

411 4756 574 4808 νητον
600 4741 814 4807 lumini,
852 4742 955 4795 nisi
993 4750 1253 4811 tanquam
1292 4741 1397 4798 Deo
1425 4744 1595 4808 Patri,
1629 4748 1982 4806 tribueretur.

420 4829 591 4884 Dictio
652 4846 778 4885 vero
832 4831 1418 4903 πανσθενουργόφωτον
1474 4849 1502 4889 a
1553 4837 1763 4892 dicendi
1819 4840 1988 4894 tardi-

416 4928 526 4971 tate
594 4935 687 4987 per
753 4919 1084 4974 celeritatem
1145 4924 1423 4992 synthesis
1477 4935 1693 4995 poetam
1746 4928 1980 4983 liberat:

411 5020 646 5077 quatuor
683 5011 827 5064 enim
873 5026 1033 5066 voces
1065 5013 1190 5077 πᾶν,
1229 5015 1438 5080 σθένος,
1467 5017 1655 5087 ἔργον,
1690 5021 1825 5086 φῶς,
1862 5030 1981 5074 tan-

412 5117 575 5170 quam
610 5103 933 5171 glomeratas
974 5104 1024 5156 in
1076 5105 1315 5172 plurium
1366 5124 1472 5162 una
1529 5122 1981 5180 congregatarum

413 5191 658 5260 globum,
689 5191 945 5245 velociter
975 5192 1128 5259 dixit,
1167 5194 1294 5250 huic
1333 5200 1639 5254 necessario
1657 5202 1982 5270 applicatus,

417 5295 592 5336 metro
624 5292 865 5351 cegente.
892 5283 948 5336 Si
979 5299 1109 5338 vero
1142 5286 1367 5342 comicis
1406 5290 1584 5358 poetis
1618 5293 1732 5347 haec
1779 5308 1982 5348 conve-

414 5372 533 5426 nire
566 5380 774 5424 veteres
804 5380 1066 5441 statuunt,
1125 5373 1462 5430 rarissimam
1510 5382 1654 5450 apud
1723 5383 1982 5451 antiquos

412 5477 536 5516 esse
563 5461 724 5515 talem
772 5463 1065 5532 synthesim
1121 5464 1465 5533 adnotantes,
1530 5469 1700 5538 legem
1762 5472 1980 5525 sibimet

412 5553 547 5622 ipsis
577 5560 839 5616 statuant,
885 5553 1127 5610 sitientes
1180 5555 1396 5611 divinos
1470 5558 1619 5614 viros
1676 5562 1979 5631 spiritualia

414 5644 768 5715 spiritualiter
833 5645 1005 5715 loqui,
1055 5646 1505 5718 qualiter-cunque
1554 5661 1838 5708 excedant.
1896 5654 1983 5709 Si-

414 5732 631 5803 gniﬁcat
657 5743 834 5790 autem
869 5750 970 5790 vox
1000 5737 1255 5805 praedicta
1291 5741 1433 5808 quod
1462 5741 1787 5813 πανσθενὴς,
1817 5744 1867 5798 id
1901 5754 1984 5801 eat

2093 4572 2331 4642 εἴρηται,
2367 4573 2510 4644 λόγῳ
2546 4575 2601 4628 δέ
2652 4594 2759 4630 τινι
2793 4579 3195 4651 πολυωνυμίας
3242 4590 3337 4651 είς
3375 4588 3573 4642 ταυτὸν
3615 4587 3687 4637 ὲν-

2094 4662 2268 4715 ταῦθα
2302 4659 2469 4734 ἦκται
2498 4665 2574 4735 τῷ
2608 4669 2782 4735 Πατρὶ
2823 4670 2884 4721 τὸ
2912 4671 3067 4739 φάος.
3103 4675 3343 4741 ’Ἄλλως
3369 4680 3487 4750 γὰρ
3514 4674 3685 4730 οὑκ-ἃν

2092 4751 2337 4824 εὐξήλως
2363 4757 2426 4808 τὸ
2468 4756 2768 4826 ἀγέννητον
2804 4762 2944 4828 φωτὶ
2982 4769 3517 4836 προσαρμόττοιτο,
3550 4769 3687 4839 εἰμὴ

2093 4840 2167 4903 ti);
2201 4842 2320 4913 Θεῷ
2372 4845 2579 4913 Πατρί’
2633 4846 2694 4899 τὸ
2746 4848 2802 4900 δὲ
2853 4853 3689 4928 πανσοενουργόφωτονᾼβραδυ-

2091 4932 2370 4999 γλωσσίας
2420 4936 2758 4991 ἀπαλλάττει
2789 4938 2880 4993 τὸν
2918 4940 3247 5012 μελουργὸν
3304 4952 3379 5017 τῇ
3419 4952 3562 5003 κατὰ
3592 4947 3693 5000 stiv-

2096 5021 2245 5077 θεσιν
2276 5027 2592 5098 γοργότητι.
2641 5027 2829 5094 Λέξεις
2874 5033 2981 5101 γὰρ
3010 5033 3340 5105 τέσσαρας,
3377 5040 3445 5092 τὸ
3494 5041 3618 5103 πᾶν,
3641 5037 3691 5088 τὸ

2095 5115 2302 5183 σθένος,
2340 5119 2401 5172 τὸ
2433 5121 2617 5191 ἔργον,
2673 5125 2766 5176 καὶ
2817 5123 2877 5175 τὸ
2927 5125 3065 5192 φῶς,
3112 5131 3453 5197 γογγυλίας
3488 5128 3599 5188 οἷον
3624 5131 3691 5192 εἰς

2096 5208 2227 5279 μίαν
2259 5214 2623 5282 συνημμένων
2671 5216 2826 5285 ὐφὲν,
2856 5220 3069 5289 γοργῶς
3093 5220 3400 5293 ἔφρασεν,
3428 5228 3695 5297 ἐπιτηδευο

2093 5302 2330 5369 σάμενος
2382 5304 2513 5356 ait?)
2568 5307 2919 5374 ἀναγκαίως,
2966 5310 3179 5380 μέτρου
3240 5321 3696 5387 κατεπείγοντος.

2092 5389 2155 5442 Εἰ
2208 5392 2265 5444 δὲ
2314 5394 2363 5445 oi
2420 5396 2642 5449 παλαιοὶ
2674 5402 2944 5468 κωμικοῖς
2974 5409 3251 5470 ποιηταῖς
3306 5411 3616 5481 ἁρμόττειν
3641 5412 3697 5460 τά

2088 5483 2315 5537 τοιαῦτα
2343 5488 2649 5554 νομίζουσι,
2682 5493 3260 5561 παρασημειούμενοι
3298 5503 3600 5570 σπανίζειν
3631 5503 3701 5558 ὅτι

2097 5576 2242 5643 μάλα
2269 5578 2421 5644 παρὰ
2448 5582 2558 5641 τοῖς
2591 5581 2760 5633 πάλαι
2790 5582 2887 5653 τὴν
2917 5585 3194 5651 τοιαύτην
3226 5595 3529 5660 σύνθεσιν,
3561 5592 3701 5662 νομοὶ

2088 5664 2717 5737 θετείτωσανοέαυτοῖς,
2781 5674 3032 5742 ἀφιέντες
3075 5680 3222 5745 τοὺς
3285 5685 3485 5752 θείους
3517 5686 3701 5757 ἄνδρας

2091 5754 2321 5825 φράζειν
2356 5760 2742 5829 πνευματικῶς
2787 5760 2858 5817 τὰ
2887 5770 3285 5839 πνευματικὰ,
3327 5776 3488 5841 ὅπως
3515 5777 3581 5831 ἂν
3617 5754 3699 5829 καί
