3966 6248
264 365 374 431 65

1086 368 1170 429 IN
1214 366 1557 429 HYMNUM
1600 366 2248 431 PENTECOSTALEM
2274 368 2737 433 DAMASCENI.

3411 367 3518 436 om

262 487 615 558 ικχωροτντο.
637 486 799 555 Δηλοϊ
822 486 880 541 δὲ
906 488 938 554 ὴ
970 486 1201 559 ρηθεῖσα
1220 490 1385 556 λέξις,
1408 491 1490 572 ὅτι
1519 491 1836 555 πανσθενὲς,

1962 493 2355 549 iotentissimus
2377 503 2461 549 est
2514 491 2753 562 Spiritus
2782 497 3006 547 sanctus
3056 488 3129 565 ad
3179 489 3514 558 operandqu

261 582 288 635 6
340 582 461 633 ἐστι
513 580 926 649 παντοδύναμον
959 580 1128 644 6116
1158 582 1315 651 ἅγιον
1346 583 1573 652 Πνεῦμα
1605 585 1830 652 ἐργάζε-

265 677 389 730 σθαι
415 679 484 728 τὰ
520 674 824 742 θεοπρεπῆ.
871 674 964 727 καὶ
1000 675 1180 744 φωτὸς
1209 671 1349 730 εἶναι
1384 675 1604 731 δύναται
1643 679 1838 731 ἀποτε-

260 766 515 819 λεστικδν
543 764 772 832 ἀφθίτου
802 764 829 817 6
855 766 1099 835 σήμερον
1131 765 1472 836 ἑορτάζομεν
1492 785 1506 800 ο
1538 769 1631 822 καὶ
1664 769 1840 831 ἄλλως

263 858 319 911 δὲ
354 859 516 922 σέλας
544 859 729 911 όποῖον
756 856 973 927 εἴρηται
1005 860 1065 912 τὸ
1093 856 1250 928 ἅγιον
1285 860 1506 928 Πνεῦμα
1543 861 1645 929 ἔφη
1676 862 1703 912 6
1744 879 1838 929 ue~

261 950 431 1018 λῳδδς
480 951 622 1003 κατὰ
675 949 952 1016 ἐξαίρετον
1007 949 1346 1021 παράδοξονο
1404 951 1523 1005 οὐδὲ
1569 953 1679 1023 γὰρ
1711 953 1839 1008 ἄλλο

1942 600 2007 640 ea
2042 599 2161 653 quae
2195 583 2304 638 Deo
2328 591 2664 653 competunt,
2697 589 2752 635 et
2799 578 3077 650 purissimi
3122 578 3346 633 luminis
3376 572 3516 647 quod

1940 678 2103 734 hodie
2143 675 2508 739 celebramus,
2538 674 2763 730 effector
2792 681 2898 729 est.
2934 671 3165 727 Aliunde
3190 682 3320 726 vero
3348 668 3520 737 fulgo-

1946 786 2080 836 rem,
2123 770 2304 838 qualis
2333 767 2569 838 Spiritus
2602 777 2825 822 sanctus
2868 766 3047 821 dictus
3075 772 3181 830 est,
3207 763 3361 831 juxta
3398 764 3528 829 spe;

1942 865 2293 920 eialissimam
2333 861 2704 931 acceptionem
2741 858 3033 913 declaravit
3088 864 3243 926 poeta
3275 872 3289 907 :
3335 854 3517 909 nullus

1944 958 2094 1014 enim
2126 957 2266 1011 alius
2294 955 2470 1025 fulgor
2499 955 2566 1008 ad
2599 949 3018 1008 illuminandtim
3053 957 3136 1006 est
3161 949 3516 1018 omniparens

270 1043 429 1100 σέλας
462 1043 602 1111 πρὸς
657 1042 716 1094 τὸ
752 1043 1011 1111 φωτίζειν
1071 1046 1165 1097 καὶ
1221 1043 1521 1108 πανσθενὲς
1570 1037 1690 1098 ἐστί
1745 1047 1838 1100 καὶ

1962 1060 1996 1106 :t
2026 1050 2394 1119 omnipotens.

169 1141 175 1147 '
266 1120 635 1203 παντουργόνί

334 1232 446 1296 (ια’.
482 1228 556 1281 Τὸ
583 1228 638 1281 δὲ
670 1228 898 1295 ἄφθιτον
927 1228 1068 1279 εἴποι
1104 1230 1203 1297 μὲν
1233 1229 1298 1282 ἄν
1328 1248 1412 1283 τις
1443 1231 1700 1299 ἀσφαλῶς
1725 1235 1841 1287 ἴσον

268 1320 528 1374 δύνασθαι
554 1321 634 1385 τῷ
663 1321 873 1381 ἄδυτον.
915 1322 990 1383 ὠς
1043 1321 1135 1374 ἐπὶ
1170 1325 1346 1390 φωτὺς
1394 1326 1661 1394 ἡλιακιιῦο
1720 1329 1841 1379 ἐπεὶ

269 1416 359 1468 καὶ
393 1416 425 1482 ἡ
469 1415 609 1467 κατᾶ
660 1414 756 1482 τὴν
787 1413 1015 1483 ἡλιακὴν
1049 1414 1202 1468 δύσιν
1250 1416 1365 1485 ὥρα
1420 1419 1619 1487 φθινάς
1667 1424 1837 1475 ἔστιν.

281 1505 412 1557 Ἀπὸ
446 1504 540 1557 τοῦ
574 1504 717 1571 φθῖω
748 1504 801 1557 δὲ
833 1505 866 1575 ἡ
899 1505 1044 1569 λέξις
1075 1507 1310 1572 γίνεται,
1343 1509 1466 1561 ὅθεν
1508 1510 1600 1562 καὶ
1642 1511 1670 1565 6
1722 1510 1843 1579 φθί-

272 1613 430 1664 μενος
466 1596 564 1649 καὶ
597 1598 625 1649 6
676 1596 899 1663 (plit'tdc'
959 1598 1163 1652 κωλύει
1210 1598 1266 1653 δὲ
1296 1600 1449 1654 οὐδὲν
1481 1602 1575 1655 καὶ
1608 1602 1717 1657 ἀπὸ
1746 1603 1842 1657 τοῦ

268 1688 441 1758 φθίνω
470 1688 775 1759 παρῆχθαι.
814 1689 877 1741 Εί
925 1688 982 1743 δὲ
1034 1691 1132 1744 οὐκ
1166 1690 1409 1758 ἔγκειται
1452 1693 1514 1747 τὸ
1548 1694 1844 1762 θεματικὸν

268 1779 607 1849 ἀμετᾰὸολον
641 1781 707 1850 τῇ
741 1781 966 1851 τοιαύτῃ
1001 1780 1145 1845 λέξει
1204 1782 1290 1836 ἵνα
1421 1784 1705 1854 ἄφθιντον,
1766 1787 1842 1849 ὡς

266 1873 646 1944 ἁνάκλιντρον,
674 1873 863 1927 καινὸν
893 1873 1067 1939 οὐδὲν,
1099 1874 1224 1927 ἐπεί
1253 1892 1334 1928 τοι
1369 1876 1489 1928 οὐδὲ
1521 1879 1548 1931 6
1577 1878 1842 1944 κατάκρι-

2011 1234 2102 1289 9l.
2128 1231 2330 1319 Vocem
2357 1242 2486 1283 vero
2510 1226 2736 1295 ἄφθιτον
2766 1232 2883 1280 tuto
2913 1232 3092 1293 posset
3126 1220 3320 1290 aliquis
3345 1221 3521 1288 arqui;

1944 1340 2132 1393 parem
2154 1311 2337 1379 dicere
2365 1320 2479 1377 voci
2508 1321 2722 1379 ἄδυτον,
2748 1327 3003 1386 tanquam
3036 1315 3103 1369 de
3132 1313 3334 1367 lumine
3360 1311 3518 1382 solis;

1945 1417 2215 1485 siquidem
2248 1414 2382 1470 solis
2405 1410 2784 1467 oceumbentis
2812 1409 2945 1463 hora
2978 1406 3233 1463 desinens
3266 1403 3507 1476 (φθινᾶς)

1943 1518 2049 1565 est.
2082 1509 2121 1563 Δ
2172 1507 2338 1562 verbo
2375 1514 2551 1560 autem
2589 1502 2730 1568 φθίω
2761 1500 2929 1564 venit,
2957 1497 3099 1553 unde
3141 1510 3361 1565 quoque
3388 1502 3521 1549 sunt

1946 1603 2203 1670 φθίμενος
2258 1606 2312 1652 et
2365 1596 2575 1664 φθιτός.
2621 1594 2764 1648 Nihil
2808 1603 2988 1647 autem
3032 1590 3257 1657 impedit
3288 1587 3420 1658 quin
3451 1601 3517 1642 ex

1948 1695 2122 1763 φθίνω
2169 1693 2464 1748 derivetur.
2503 1690 2557 1744 Si
2604 1702 2736 1741 vero
2777 1701 2883 1740 non
2935 1686 3144 1746 integra
3184 1682 3335 1738 radix
3392 1681 3524 1735 huic

1947 1790 2063 1841 voci
2104 1788 2386 1848 iuhmreat,
2430 1792 2487 1837 ut
2511 1783 2577 1838 sit
2625 1781 2904 1850 ἇφθιντον,
2955 1779 3097 1833 sicut
3146 1773 3525 1842 ἀνάκλιντρον,

1950 1897 2054 1934 non
2090 1890 2166 1933 est
2214 1880 2456 1944 mirum;
2506 1873 2774 1943 siquidem
2834 1887 2935 1927 nec
2984 1867 3366 1936 όκατάκριτος
3418 1876 3523 1918 nec

268 1982 380 2028 τος,
425 1965 548 2018 οὐδὲ
576 1967 604 2018 ό
632 1966 839 2037 κριτὸς,
876 1967 952 2029 ὡς
986 1967 1049 2018 ἐκ
1094 1966 1190 2020 τοῦ
1246 1968 1418 2036 κρίνω
1460 1969 1753 2039 ἐπάγονται
1786 1972 1847 2024 τὸ

1962 1975 1973 2025 5
2014 1970 2219 2040 κριτὸς,
2254 1978 2510 2037 tanquam
2574 1982 2637 2019 cx
2685 1965 2877 2032 κρίνω,
2927 1962 3213 2029 praesentis
3254 1958 3518 2029 liquidam

265 2054 360 2111 τοῦ
391 2058 689 2122 ἐνεστῶτος
717 2060 905 2128 ὑγρόν.
935 2058 1042 2113 Τοῦ
1091 2060 1273 2130 μέντοι
1327 2062 1466 2116 πίνω
1511 2063 1634 2117 οὔτε
1670 2064 1845 2118 τοιοῦ-

267 2149 356 2203 τόν
377 2168 435 2202 τι
470 2149 755 2217 ἐξεγένετο
784 2150 905 2203 οὔτε
940 2152 1154 2206 ἀλλοῖον
1176 2170 1191 2183 ⁸
1223 2138 1343 2206 ἀλλ⁴
1369 2155 1547 2207 ἐκεῖνο
1580 2155 1680 2223 μὲν
1707 2155 1844 2208 ἀπό-

271 2262 450 2298 κειται
492 2242 748 2313 μονῆρες,
783 2244 810 2314 ί)
850 2244 906 2296 δὲ
942 2245 1224 2314 σύστοιχος
1258 2246 1405 2315 αὐτῷ
1427 2246 1568 2311 λέξις
1596 2247 1658 2302 τὸ
1684 2248 1846 2301 ποτὸν

272 2337 499 2390 ἄλλοθεν
531 2335 903 2399 ἀπολείϐεται,
939 2335 1084 2390 οὕτω
1121 2336 1178 2389 δὲ
1213 2338 1305 2391 καί⁵
1343 2338 1404 2391 τὸ
1455 2342 1613 2404 πῖσος
1654 2340 1772 2411 ἦτοι
1821 2343 1847 2393 ὀ

275 2426 442 2497 ὑγρὸς
471 2427 655 2491 τόπος,
694 2426 753 2492 ἐξ
781 2420 841 2481 οῦ
878 2427 1080 2497 δηλαδὴ
1115 2427 1231 2481 ἔστι
1267 2430 1459 2501 πιεῖν,ὶ
1481 2429 1556 2492 ὡς
1589 2429 1653 2483 τὸ
1684 2430 1847 2484 πίσεα

273 2518 554 2592 ποιήεντα.
587 2520 695 2574 Τοῦ
754 2522 862 2574 πίω
910 2521 1021 2591 γὰρ
1069 2521 1163 2575 καὶ
1216 2520 1349 2576 αὐτὸ
1402 2522 1741 2593 ἐξώρμηται,
1785 2517 1849 2578 οῦ

275 2617 470 2686 χρῆσις
498 2614 783 2683 μέλλοντος
801 2615 952 2680 παρὰ
977 2614 1055 2686 τῷ
1070 2614 1299 2685 λυρικῷ,
1320 2615 1442 2669 ὅθεν
1470 2617 1561 2669 καὶ
1591 2618 1616 2685 ἡ
1653 2615 1851 2687 Ὀλυμ-

279 2707 449 2774 πιακὴ
490 2706 654 2772 Πίσα,
707 2706 782 2768 ὡς
813 2705 868 2759 εῐ
897 2723 982 2768 τις
1038 2709 1155 2777 ὲρεῖ
1188 2708 1491 2778 ποτίστραδ
1540 2708 1751 2761 ἐκεῖθεν
1791 2708 1849 2763 δὲ

277 2802 370 2853 καὶ
404 2800 702 2871 φάρμακον
757 2798 950 2854 πιστὸν
987 2798 1048 2852 τὸ
1078 2800 1386 2871 πινόμενον,
1415 2799 1603 2871 ὥσπερ
1630 2800 1851 2871 χριστὸν

275 2893 334 2947 τὸ
382 2893 693 2963 χριόμενον.
764 2893 965 2947 Ἰστέον
1016 2892 1074 2946 δὲ
1113 2893 1195 2947 ὅτι
1255 2892 1852 2962 πανσθενουργόφωτον

280 2986 443 3049 σύλας
468 2987 530 3040 τὺ
565 2987 721 3054 ἅγιον
773 2987 999 3056 Πνεῦμα
1034 2986 1290 3057 εἰρῆσθαι
1344 2987 1597 3056 φαίνεται
1640 2986 1717 3051 ὦς
1745 2986 1852 3041 ἀπὸ

280 3082 456 3151 ἡλίου,
491 3081 586 3134 τοῦ
644 3080 740 3134 καὶ
796 3079 1160 3142 πολυσθενοῦς
1211 3080 1307 3134 καὶ¹
1343 3080 1635 3150 φωσφόρου
1682 3079 1741 3133 ἒν
1771 3079 1849 3146 τῷ

1947 2074 2256 2121 aSsumunt.
2304 2062 2384 2117 Ex
2434 2060 2599 2114 verho
2626 2069 2804 2114 tamen
2840 2057 2982 2109 πίνω
3014 2070 3115 2109 nec
3172 2052 3378 2122 aliquid
3419 2053 3527 2109 tale

1948 2172 2046 2209 uer,
2083 2155 2358 2208 diversum
2394 2150 2663 2221 provenit,
2695 2150 2788 2205 sed
2827 2147 2958 2202 illud
2995 2146 3213 2216 quidem
3244 2145 3527 2212 reponitur

1948 2246 2277 2302 solitarium.
2341 2242 2453 2298 Vox
2528 2250 2709 2297 autem
2780 2240 3025 2310 ejusdem
3098 2236 3306 2290 ordinis
3361 2235 3528 2289 ποτόν

1949 2339 2169 2395 aliunde
2218 2336 2541 2395 desumitur,
2606 2346 2817 2386 necnon
2871 2331 3032 2385 etiam
3071 2329 3131 2381 τδ
3157 2331 3337 2389 πϊσος.
3399 2325 3515 2381 sive

1951 2431 2172 2488 humida
2238 2429 2379 2494 loca,
2432 2428 2575 2481 unde
2619 2440 2749 2480 sane
2770 2424 2917 2476 venit
2944 2424 3112 2483 πιεῖν,
3165 2421 3302 2475 sicut
3368 2418 3531 2472 πίσεα

1951 2526 2211 2591 ποιήεντα
2249 2522 2384 2583 (loca
2441 2517 2668 2574 humida
2718 2531 2779 2569 ac
2827 2513 3060 2583 ﬂorida)
3102 2529 3115 2566 :
3160 2512 3333 2582 ipsum
3383 2509 3528 2564 cnim

1952 2619 2168 2673 eruitur
2197 2632 2259 2673 ex
2294 2616 2425 2676 πίω,
2475 2612 2631 2679 cujus
2662 2610 2905 2664 futurum
2941 2612 2994 2662 in
3029 2622 3129 2661 usu
3182 2604 3332 2658 venit
3381 2601 3528 2667 apud

1953 2709 2205 2778 lyricum,
2237 2706 2377 2759 unde
2420 2717 2641 2772 quoque
2668 2702 2946 2755 derivatur
2983 2693 3329 2764 Ὀλυμπιακὴ
3359 2693 3524 2754 Πίσα,

1954 2809 2211 2864 tanquam
2242 2795 2441 2861 aliquis
2477 2792 2679 2845 diceret
2706 2788 2990 2856 ποτίστρα.
3044 2787 3170 2840 Inde
3200 2784 3405 2852 Pariter
3435 2797 3531 2835 ve-

1953 2892 2038 2945 nit
2068 2885 2369 2943 remedium
2422 2882 2614 2936 πιστὸν
2646 2879 2788 2951 quod
2824 2888 3009 2948 potum
3068 2883 3171 2943 est,
3204 2871 3365 2930 sicuti
3395 2871 3532 2925 chri-

1954 2994 2119 3043 stum,
2154 2980 2238 3034 vel
2268 2985 2490 3032 unctum
2528 2971 2793 3044 (χριστδν)
2822 2970 2967 3040 quod
3004 2978 3233 3023 unctum
3287 2971 3390 3021 est.
3420 2961 3532 3018 No-

1956 3078 2179 3132 tandum
2209 3081 2291 3127 est
2318 3080 2498 3125 autem
2526 3068 2669 3136 quod
2730 3051 3316 3132 πανσθενουργόφωτον
3348 3057 3529 3111 lumen

279 3147 469 3240 ιίόσμῳ
501 3171 766 3241 στοιχείου
791 3187 807 3204 ·
835 3171 914 3225 διὸ
936 3173 1187 3240 χωρίζων
1218 3147 1394 3243 πάντη
1425 3174 1517 3226 τδν
1542 3147 1689 3242 ⁷ὑπὲρ
1721 3172 1846 3226 νοῦν

1962 3169 2197 3240 Spiritus
2257 3172 2482 3220 sanctus
2519 3160 2625 3216 dici
2667 3157 2883 3213 videtur
2932 3171 2996 3211 ex
3029 3153 3144 3210 sole
3182 3151 3273 3221 qui
3305 3147 3530 3204 validis-

278 3266 431 3335 ἥλιον
465 3265 559 3319 τοῦ
594 3263 854 3334 αἰσθητοῦ
899 3265 926 3318 6
966 3263 1223 3334 μελῳδδς,
1262 3263 1491 3333 ἄφθιτον
1520 3264 1728 3317 ἐκεῖνον
1761 3263 1852 3316 λέ-

279 3376 368 3425 γει
404 3360 433 3412 6
458 3359 612 3412 ἐστιν
656 3357 872 3421 ἄδυτον,
910 3357 985 3417 ὡς
1020 3354 1115 3410 τοῦ
1153 3356 1365 3426 φθίνειν
1395 3357 1489 3411 καὶ
1520 3357 1614 3409 ἐπὶ
1645 3354 1852 3418 δύσεως

282 3452 434 3523 ⁴ἡλίου
467 3450 790 3521 λεγομένου,
824 3450 966 3504 καθὰ
997 3450 1235 3520 εἴρηται.

353 3725 465 3797 ιβ’.
504 3724 580 3779 Τδ
604 3724 662 3779 δὲ
702 3723 862 3789 σέλας
890 3724 1007 3794 ἔχει
1044 3724 1147 3794 μὲν
1192 3722 1458 3794 διαφοράν
1497 3739 1621 3777 τινα
1653 3722 1858 3788 λεπτὴν

286 3821 424 3892 πρὸς
448 3818 510 3872 τὺ
537 3817 727 3881 ἁπλῶς
757 3818 872 3888 φῶς
903 3816 1056 3887 παρὰ
1083 3816 1196 3879 τοῖς
1222 3815 1498 3886 ἀρχαίοις,
1533 3815 1630 3868 νῦν
1669 3815 1726 3869 δὲ
1756 3831 1859 3867 πο-

286 3914 611 3985 λυωνυμίας
637 3912 781 3981 λόγῳ
810 3911 930 3964 ἀντὶ
960 3908 1137 3977 φωτὸς
1161 3908 1436 3979 εἴληπται.
1469 3907 1533 3960 Ἡ
1564 3906 1619 3961 δὲ
1654 3906 1740 3960 διὰ
1759 3907 1860 3975 τῆς

290 4006 566 4076 πατρικῆς
613 4003 709 4058 τοῦ
746 4001 877 4057 Υἱοῦ
927 4000 1178 4065 ἔξουσίας
1198 3999 1471 4069 συμφυὴς,
1506 3998 1582 4060 ὡς
1620 3997 1858 4067 εἴρηται,

289 4099 618 4170 φρυκτωρία
638 4095 734 4151 τοῦ
770 4096 928 4163 ἁγίου
964 4093 1304 4162 Πνεύματος,
1331 4092 1391 4145 ού
1426 4090 1728 4162 περιορίζει
1761 4088 1864 4159 τὴν

290 4193 486 4265 θεῖκὴν
515 4191 763 4257 ἐξουσίαν
788 4190 868 4252 είς
900 4187 1060 4258 μόνον
1087 4186 1178 4238 τὸν
1210 4185 1430 4254 Πατέρα
1451 4181 1541 4237 οἶα
1572 4184 1650 4246 είς
1680 4183 1864 4252 πηγήν

293 4306 417 4342 τινα
466 4285 500 4358 ἢ
551 4282 872 4354 δεξαμενὴν,
906 4280 980 4343 ὡς
1013 4277 1222 4331 ἐκεῖθεν
1256 4276 1358 4345 μὲν
1396 4274 1566 4345 αὐτὴν
1588 4274 1681 4328 τὸν
1709 4274 1860 4341 Υίδν,

295 4379 391 4434 ἀπ’
419 4376 589 4433 αὐτοῦ
619 4376 676 4430 δὲ
713 4370 1165 4444 μετοχετεύεσθαι
1208 4367 1303 4421 καὶ
1345 4366 1639 4421 διαΰαίνειν
1673 4365 1755 4429 είς
1806 4365 1866 4419 τὺ

292 4470 456 4539 ἅγιον
487 4466 713 4535 Πνεῦμα
739 4461 1208 4554 σαρισενέργητος
1234 4456 1315 4524 δὲ,
1354 4458 1432 4520 ὥς
1467 4456 1639 4520 οὕτως
1669 4457 1863 4518 εἰπεῖν,
1901 4500 1943 4555 D

294 4556 683 4628 ἑξουσιαστικὴ
705 4540 987 4610 κάνταῦθα
1009 4551 1331 4623 φρυκτωρία
1353 4547 1611 4619 δηλοῦται
1628 4548 1863 4617 Πατρὸς,

294 4651 428 4710 Υίοῦ
461 4653 557 4707 καὶ
588 4651 748 4715 ἁγίου
803 4648 1142 4717 Πνεύματος,
1166 4643 1303 4714 ὁμοῦ
1334 4643 1426 4696 καὶ
1443 4640 1707 4706 ὡσαύτως
1733 4657 1869 4711 προ-

296 4745 608 4813 δαλλομένη
631 4742 735 4797 ὑπὸ
751 4740 860 4795 τῶν
879 4739 1067 4809 τριῶν·
1092 4738 1186 4807 μία
1205 4735 1313 4806 γὰρ
1329 4734 1547 4800 ἐξουσία
1565 4736 1623 4789 ἐν
1648 4736 1711 4805 τῇ
1736 4734 1869 4803 ἁγίᾳ

295 4837 490 4910 Τριὰδι
523 4833 620 4889 καὶ
655 4830 935 4894 παντελῶς
969 4829 1002 4899 ἠ
1031 4827 1168 4898 αὐτὴ
1197 4828 1297 4879 οὐκ
1328 4825 1779 4895 ὲπεισερχομένη.
1808 4825 1871 4878 οὐ

294 4928 721 5000 διαπεμπομένη
757 4924 893 4994 πρὸς
938 4922 1149 4984 ἐνδείας
1188 4919 1599 4989 ἀναπλήρωσιν,
1641 4917 1702 4970 οὐ
1731 4917 1872 4970 κατὰ

294 5024 460 5095 χάριν
477 5017 836 5086 διαδιδομένη,
864 5011 981 5069 ἀλλ’
1003 5010 1287 5079 αὐτοφυῶς
1307 5010 1444 5081 αὐτῇ
1466 5009 1553 5062 ἀεὶ
1572 5007 1871 5076 προσοῦσα,

298 5117 393 5171 καὶ
410 5112 687 5186 παροῦσα,
715 5106 1113 5176 καὶόμοτίμως
1151 5102 1475 5172 ὲνεργοῦσα·
1498 5100 1547 5153 εί
1572 5099 1666 5153 καὶ
1690 5101 1722 5170 ἡ
1749 5096 1874 5151 καθ’

300 5207 460 5278 ἡμῶν
492 5203 716 5275 γλῶσσα
746 5201 843 5255 καὶ
873 5199 1075 5270 φράσις
1102 5196 1460 5261 ἀνθρωπίνως
1496 5190 1875 5263 ἔρμηνεύουσα

297 5301 369 5355 τὰ
422 5298 698 5361 θειότατα,
736 5292 832 5348 καὶ
880 5290 1033 5361 ὑγρῷ
1079 5288 1237 5360 πηλῷ
1269 5287 1346 5358 τῷ
1390 5285 1534 5340 κατᾶ
1577 5283 1751 5351 στόμα
1785 5281 1878 5335 καὶ

299 5391 554 5460 γλῶσσαν
607 5384 917 5441 ὲντυποῦσα
974 5379 1338 5452 χαρακτῆρας
1384 5376 1621 5442 θεῖκοὺς,
1658 5374 1880 5444 ἐξακρι-

304 5482 432 5537 ϐοῦν
479 5482 541 5535 οὐ
587 5479 810 5533 δύναται
857 5476 920 5529 τδ
959 5476 1195 5545 ἀόρατον
1227 5470 1599 5538 ὲξεικόνισμα.
1643 5467 1711 5520 Ἦ
1746 5465 1880 5536 γοῦν

306 5573 559 5646 Πατρικὴ
606 5571 826 5639 ἐξουσία
860 5569 895 5640 ἡ
929 5566 1067 5636 αὑτὴ
1112 5567 1208 5619 καὶ
1247 5562 1342 5617 τοῦ
1390 5560 1521 5615 Υίοῦ
1553 5563 1670 5613 ἐστι
1701 5560 1795 5613 καὶ
1824 5561 1882 5612 ὲν

308 5669 386 5738 τῷ
415 5668 534 5737 Υίῷ
569 5669 719 5720 ἐστι’
756 5663 849 5716 καὶ
881 5661 915 5730 ἡ
964 5657 1060 5714 τοῦ
1104 5656 1237 5711 Υίοῦ
1288 5656 1344 5708 δὲ
1386 5652 1648 5715 ὡσαύτως
1696 5651 1754 5703 ὲν
1806 5650 1883 5720 τῷ

314 5761 618 5831 Πνεύματι.
650 5755 1049 5826 Ἐμφανίζεται
1080 5750 1135 5803 δὲ
1166 5748 1257 5802 διὰ
1285 5747 1384 5816 τῆς
1421 5744 1691 5813 πατρόθεν
1735 5742 1885 5808 ἐξου-

323 5854 440 5916 σίας
469 5847 565 5903 τοῦ
597 5848 730 5902 Υίοῦ
774 5845 810 5912 ἡ
844 5842 1098 5912 συμφυὴς
1125 5838 1201 5908 τῷ
1232 5836 1511 5906 Πνεύμσιτι
1540 5833 1884 5905 φρυκτωρία,

1954 3264 2153 3319 simum
2185 3267 2239 3314 et
2271 3254 2668 3313 lucidissimum
2699 3261 2780 3307 est
2834 3249 2886 3304 iu
2925 3247 3128 3302 mundo
3160 3242 3482 3314 principium
3511 3255 3532 3294 τ

1953 3356 2078 3411 ideo
2104 3352 2271 3409 solem
2306 3347 2399 3420 qui
2440 3360 2605 3415 supra
2630 3350 2871 3399 mentem
2930 3348 3014 3395 est
3066 3354 3093 3391 a
3136 3334 3377 3392 sensibili
3413 3331 3530 3388 sole

1954 3449 2276 3505 discernens
2308 3448 2467 3514 poeta
2495 3438 2642 3494 illum
2675 3433 2810 3490 dicit
2847 3428 3340 3499 incorruptibilem,
3372 3426 3425 3480 id
3453 3429 3537 3478 est

1957 3538 2328 3599 inocciduum,
2385 3531 2509 3602 quia
2566 3528 2775 3598 φθίνειν
2837 3526 3001 3580 etiam
3044 3522 3112 3576 de
3150 3519 3279 3577 solis
3332 3530 3532 3573 occasu

1957 3632 2178 3696 dicitur,
2213 3637 2274 3683 ut
2309 3631 2556 3680 notatum
2580 3631 2688 3678 est.
3077 3652 3083 3661 .

2030 3722 2119 3779 92.
2179 3719 2345 3779 Σέλας
2370 3728 2589 3785 parvam
2621 3709 2842 3783 quidem
2875 3704 3237 3762 differentiam
3274 3715 3303 3755 a
3327 3697 3538 3766 simpli-

1960 3815 2010 3870 ci
2051 3813 2257 3870 lumine
2296 3808 2457 3880 (φῶς)
2514 3806 2657 3876 apud
2690 3804 2946 3871 antiquos
3008 3796 3192 3861 habet,
3255 3807 3401 3847 nunc
3437 3805 3537 3880 au-

1962 3916 2069 3961 tem
2137 3879 2349 3958 ratione
2396 3894 2755 3969 polyonymire
2790 3908 2883 3962 pro
2938 3888 3142 3943 lumine
3185 3884 3406 3939 dicitur.
3441 3879 3535 3933 Ille

1962 4014 2090 4053 vero
2119 4012 2215 4067 per
2246 4004 2530 4065 paternam
2578 3986 2703 4043 Filii
2757 3991 3080 4054 potestatem
3142 3981 3537 4047 congeneratum

1964 4066 2198 4159 Spiritus
2252 4085 2424 4141 sancti
2470 4081 2666 4153 fulgor,
2697 4094 2809 4133 non
2863 4070 3266 4131 circumscribit
3296 4066 3535 4122 divinam

1966 4189 2288 4252 potestatem
2321 4178 2388 4233 ad
2421 4177 2600 4233 solum
2655 4174 2874 4227 Patrem
2912 4179 3169 4237 tanquam
3205 4163 3269 4217 ad
3299 4160 3536 4228 aliquem

1969 4276 2173 4330 fontem
2209 4279 2304 4325 aut
2337 4265 2782 4337 'receptaculum,
2840 4270 2895 4318 et
2917 4257 3114 4315 exinde
3165 4252 3384 4325 quidem
3420 4260 3540 4304 eam

1968 4368 2217 4436 accipere
2239 4359 2612 4426 Filiutnﬁtah
2656 4357 2777 4427 ipso
2820 4351 3050 4409 derivari
3104 4346 3444 4413 transircque
3474 4339 3541 4393 ad

1969 4434 2225 4530 Spiritum
2278 4466 2568 4519 sanetum;
2608 4450 2875 4505 teretilcax
2910 4453 3115 4503 autem,
3141 4451 3201 4494 ut
3230 4440 3302 4492 ita
3333 4434 3535 4500 dicam,

1970 4526 2351 4619 imperatorias
2397 4544 2485 4599 hic
2516 4543 2692 4610 fulgor
2741 4536 3047 4594 ostenditur
3107 4531 3301 4594 Patris,
3337 4526 3456 4580 Filii
3486 4531 3542 4578 et

1973 4641 2210 4711 Spiritus
2246 4637 2442 4701 sancti,
2496 4632 2658 4689 simul
2692 4642 2746 4686 et
2784 4627 2945 4685 simili
2976 4626 3132 4679 modo
3159 4638 3188 4676 a
3216 4620 3391 4675 trilms
3414 4630 3542 4686 pro-

1971 4710 2186 4790 ductus.
2222 4729 2339 4786 Una
2366 4741 2558 4794 nempe
2578 4732 2817 4795 potestas
2837 4729 2918 4775 est
2949 4718 3003 4772 in
3042 4725 3228 4770 sancta
3253 4710 3543 4775 Trinitatc,

1973 4826 2306 4891 omninoque
2326 4821 2537 4882 eadem,
2569 4832 2677 4871 non
2733 4809 3142 4882 superveniens,
3175 4820 3281 4860 non
3312 4800 3377 4859 ad
3423 4816 3546 4872 ege-

1976 4919 2135 4974 statis
2170 4913 2538 4983 impletionem
2580 4906 2922 4966 transmissa,
2961 4918 3066 4957 non
3106 4898 3404 4956 secundum
3425 4910 3548 4966 gra-

1978 5011 2107 5065 tiam
2160 5007 2378 5067 tradita,
2413 5003 2506 5059 sed
2532 4998 2903 5055 essentialitcr
2934 4994 3035 5066 ipsi
3091 5006 3305 5061 semper
3340 4997 3544 5063 astans

1976 5108 2032 5156 et
2061 5101 2354 5158 inhaerens,
2401 5104 2454 5148 et
2528 5076 2810 5159 aequaliter
2857 5098 3125 5156 operans;
3178 5083 3304 5136 licet
3360 5089 3546 5133 nostra

1980 5195 2161 5263 lingua
2200 5188 2534 5254 locutioque,
2567 5179 2911 5236 divinissima
2936 5177 3252 5230 humanitus
3287 5174 3553 5241 interpre-

1982 5294 2123 5349 tans,
2152 5294 2202 5337 et
2230 5276 2597 5347 humido‘oris
2622 5283 2676 5330 et
2721 5272 2920 5339 linguae
2961 5270 3076 5323 luto
3134 5266 3351 5322 divinos
3395 5271 3552 5336 typos

1981 5373 2313 5444 exprimens,
2342 5366 2669 5423 invisibilem
2729 5362 2956 5434 efﬁgiem
2987 5359 3322 5416 adamussim
3358 5355 3551 5409 adum-

1985 5467 2145 5520 brare
2224 5468 2476 5531 nequeat.
2528 5458 2764 5512 Paterna
2821 5455 3031 5510 scilicet
3086 5461 3325 5523 potestas
3365 5446 3553 5504 eadem

1985 5556 2105 5610 Filii
2132 5566 2216 5609 est
2255 5564 2309 5609 et
2341 5553 2393 5606 in
2443 5550 2580 5604 Filio
2622 5558 2703 5603 est
2732 5563 2748 5614 ;
2774 5556 2829 5602 et
2857 5548 2970 5600 haec
3015 5543 3135 5598 Filii
3179 5546 3414 5611 potestas
3463 5549 3554 5602 pa-

1987 5650 2120 5703 riter
2146 5655 2231 5702 est
2274 5646 2325 5699 iu
2366 5642 2598 5713 Spiritu.
2658 5639 3035 5694 Manifvslaltlr
3092 5642 3273 5688 autem
3313 5642 3404 5696 per
3432 5623 3555 5680 Filii

1988 5757 2018 5796 a
2061 5742 2215 5796 Patre
2254 5745 2577 5809 potestatem
2643 5737 3039 5800 congcneratus
3098 5719 3323 5793 Spiritui
3353 5718 3552 5787 fulgor,

1992 5830 2117 5897 quia
2147 5808 2444 5887 secundum
2474 5824 2619 5881 illius
2646 5820 3087 5888 promissionem,
3123 5821 3181 5867 ut
3202 5808 3407 5866 dictum
3442 5813 3549 5867 est.
