3966 6248
415 297 518 363 οιι

1122 285 1542 353 EUSTATHII
1583 273 2330 345 THESSALONICENSIS
2366 262 2932 333 METROPOLITE

3553 251 3650 315 612

421 416 653 481 habeat;
692 408 991 482 procedens
1039 416 1231 462 autem
1267 403 1748 459 exindcsolussive
1798 395 2035 468 ναῖεν-ι

2144 408 2199 452 ος
2251 391 2370 460 ἢτοι
2405 389 2699 459 μονογενὴς
2744 387 2836 439 καὶ
2862 379 2941 448 εἷς
2995 382 3056 449 ἐξ
3079 384 3193 437 οἴου
3247 379 3410 448 μόνου
3446 374 3656 444 Πατρδς

422 510 588 567 nitus,
616 514 671 556 et
692 516 832 555 unus
885 514 950 553 ex
967 512 1075 551 uno
1099 496 1214 551 solo
1261 493 1414 547 Patre
1440 492 1559 548 sine
1583 501 1788 555 matre;
1826 505 1860 543 ο
1892 504 1982 543 rex

2144 498 2212 552 χα
2248 482 2481 551 μητρός.
2515 475 2588 532 ’Ὦ
2615 476 2745 546 γοῦν
2772 474 2985 530 τοιοῦτε
3037 467 3417 536 Παμϐασὼῶ.
3444 468 3473 520 ὁ
3505 468 3657 535 μόνος

422 597 789 663 omnipotens,
824 601 878 644 tu
912 591 1083 652 solus,
1119 597 1192 646 et.
1229 596 1291 641 ut
1333 593 1405 640 ita
1436 584 1638 646 dicam,
1683 582 1988 637 solissimus

2144 576 2208 639 tl,
2241 574 2317 636 ὡς
2345 573 2516 636 οὓτως
2564 573 2762 634 εἰπεῖν,
2800 567 3111 637 μονώτατος
3155 559 3436 632 προελθὼν
3460 555 3569 620 οἷος
3605 556 3661 621 ἐξ

426 684 734 756 procedens
766 697 909 736 unus
971 697 1037 734 ex
1088 695 1217 744 uno,
1277 678 1420 734 sicut
1478 676 1740 739 diximus,
1790 672 1987 740 Patre;

2089 667 2227 735 οἴου,
2266 666 2342 730 ὡς
2393 666 2625 735 ἔφαμεν,
2670 661 2882 731 Πατρός
2909 654 3262 724 ’ἐξέπεμψας
3302 652 3377 714 ὡς
3411 648 3661 719 ἀψευδὴς,

428 781 647 843 misisti,
721 776 935 830 mentiri
1001 772 1259 838 nescius,
1326 772 1401 825 uti
1466 771 1817 841 promiseras,
1884 769 1994 824 tuis

2144 760 2237 814 ιϐὰ
2265 758 2504 828 ὑπόσχου
2545 759 2660 819 τοῖς
2695 759 2810 819 σοῖς
2856 749 3199 814 ἀποστόλοις,
3247 743 3522 802 ἰσοσθενές
3573 757 3663 792 σου

428 867 713 937 apostolis,
760 868 1085 937 :rquiparem
1159 865 1254 919 tibi
1290 875 1343 920 et
1410 879 1657 919 veraccm
1689 862 1993 932 Spiritum:

431 976 527 1029 per
567 961 740 1028 ipsum
777 959 922 1013 enim
977 960 1120 1012 sicut
1145 972 1242 1027 per
1277 968 1326 1008 te
1366 972 1430 1011 ac
1467 955 1683 1009 Patrem
1719 956 1997 1024 spiramus

431 1063 660 1121 utraque
686 1052 790 1106 vita
818 1053 1059 1105 viventes
1090 1066 1105 1115 ;
1146 1060 1414 1118 quatenus
1440 1049 1601 1103 etiam
1636 1046 2002 1102 communiter

433 1142 725 1196 benefacit.
773 1141 986 1207 Quibus
1018 1139 1235 1194 autent?
1255 1138 1396 1192 Tuis
1420 1136 1701 1206 apostolis,
1731 1134 1873 1189 istud
1911 1148 2002 1186 ca-

435 1233 692 1289 nentibus
718 1232 1133 1302 propheticum:
1171 1229 1353 1286 Gloria
1406 1227 1656 1295 potestati
1714 1237 1843 1288 tum,
1902 1223 2006 1275 Do-

435 1325 624 1390 mine;
664 1326 743 1379 sic
770 1324 917 1378 enim
946 1330 1162 1393 prastat
1194 1320 1455 1382 scribi-re,
1477 1318 1634 1383 δόξαν
1668 1332 1791 1372 cum
1829 1316 2007 1369 littera

437 1433 488 1470 ν.
522 1416 633 1470 Rex
671 1431 859 1486 regum
905 1428 1036 1489 vero
1079 1411 1330 1467 Salvator
1381 1419 1485 1471 est.
1545 1425 1672 1479 qua,
1720 1409 1870 1479 juxta
1921 1423 2012 1460 sa—

440 1509 680 1576 pientem
730 1504 1160 1574 parmmiastam,
1222 1522 1240 1553 ι
1283 1517 1378 1571 per
1402 1502 1578 1570 ipsum
1630 1499 1815 1554 cuncti
1859 1512 2013 1568 rcges

445 1608 694 1671 regnant,
740 1617 760 1651 ι
804 1607 1085 1668 pascentes
1115 1610 1211 1651 eos
1248 1595 1338 1662 qui
1372 1595 1519 1648 circa
1555 1594 1702 1663 ipsos
1730 1601 1861 1646 sunt
1890 1607 2013 1647 cum

444 1693 715 1762 adiutorio
749 1690 923 1745 baculi
954 1698 1008 1745 et
1034 1689 1235 1759 virgae;
1272 1702 1466 1754 «quam
1496 1686 1647 1740 dabit
1680 1685 1785 1741 illis
1815 1683 2008 1739 Deus.»

444 1785 564 1839 Non
603 1798 733 1838 vero
766 1780 1067 1838 secundum
1117 1788 1423 1835 accuratam
1453 1778 1782 1832 locutionem
1817 1776 2019 1845 praedi-

445 1884 605 1930 catur
684 1886 777 1928 rex
836 1887 1049 1940 regum,
1133 1880 1390 1940 tanquam
1453 1868 1755 1923 obsistente
1807 1875 2014 1921 metro:

449 1982 564 2022 non
637 1964 784 2020 enim
861 1962 1184 2032 simpliciter
1268 1976 1362 2015 rex
1446 1973 1679 2028 regum,
1745 1958 1832 2012 ille
1899 1955 2019 2011 Rex

448 2067 535 2112 est
586 2068 857 2112 summus.
915 2051 1057 2107 Mille
1112 2066 1346 2116 namque
1386 2064 1540 2119 reges
1592 2050 1646 2104 in
1704 2048 1907 2104 mundo
1933 2050 2025 2104 fu-

450 2155 611 2203 erunt
667 2155 720 2201 et
777 2155 943 2208 sunt,
1005 2144 1095 2211 qui
1147 2151 1328 2196 tamen
1406 2158 1515 2195 non
1550 2139 1809 2195 dicuntur
1877 2154 2028 2193 sum-

456 2237 529 2292 mi
558 2251 712 2307 reges
760 2244 853 2290 aut
906 2235 1107 2290 summi
1130 2234 1317 2287 duces.
1367 2232 1563 2287 Tutius
1592 2247 1721 2301 ergo
1754 2230 2023 2302 pedestris

454 2339 612 2381 sacer
664 2323 952 2379 Psalmista
998 2324 1063 2378 de
1091 2322 1200 2378 Deo
1229 2322 1409 2377 dixit:
1445 2341 1464 2375 ι
1496 2321 1599 2389 Qui
1666 2320 1781 2376 Rex
1836 2337 2027 2390 regum

455 2425 543 2473 est
585 2430 650 2470 ac
698 2416 860 2470 Deus.
895 2433 913 2467 ι

530 2507 620 2562 97.
654 2508 711 2563 ιιι
739 2507 841 2562 hoc
856 2517 1037 2570 autem
1086 2504 1198 2570 οἶος
1231 2516 1284 2561 et
1314 2507 1366 2560 in
1397 2509 1498 2560 hoc
1542 2508 1721 2577 μόνος,
1773 2505 2033 2563 ditl‘cren-

460 2598 593 2653 tiam
652 2599 1004 2654 exsistentem
1055 2601 1431 2653 examincmus
1483 2599 1627 2669 quod
1677 2599 1869 2669 μόνος
1917 2599 2035 2667 qui-

462 2691 606 2755 dem,
628 2705 774 2756 cum,
798 2700 853 2744 ut
872 2690 1024 2745 aiunt
1047 2691 1341 2758 sapientes.
1373 2693 1438 2746 ad
1462 2691 1662 2761 aliquid
1681 2691 2032 2758 conjunctqu

462 2784 685 2846 dicitur,
715 2783 797 2837 sie
827 2782 894 2836 ad
924 2782 1026 2836 sibi
1077 2781 1402 2851 coniunctos
1461 2798 1648 2837 omnes
1708 2783 1846 2837 alios
1896 2783 2034 2837 lilios

463 2875 873 2946 pronuntiatur.
909 2871 1033 2936 Οίος
1084 2883 1263 2928 autem
1322 2874 1388 2927 ad
1430 2874 1629 2943 aliquid
1688 2890 1854 2931 unum
1889 2876 1941 2930 in
1978 2891 2037 2930 se

465 2966 688 3027 dicitur.
721 2963 870 3034 quod
901 2979 1007 3016 non
1048 2964 1209 3017 habet
1237 2963 1457 3017 fratrem
1508 2963 1660 3030 juxta
1718 2965 2036 3020 similitudi«

2097 852 2321 921 Πνεῦμα
2362 850 2458 904 κα)⁹
2486 847 2720 920 ἀληθέςο
2762 845 2831 901 δι’
2870 843 3035 898 αὐτοῦ
3073 842 3180 912 γὰρ
3222 840 3297 897 ὡς
3329 835 3425 890 καὶ
3452 833 3540 887 διὰ
3576 829 3668 885 σ’λῦ

2099 947 2192 998 καὶ
2226 944 2439 1014 Πατρὸς
2476 942 2712 1012 πνέομεν
2743 938 2943 1002 ζῶντες
2971 938 3239 1005 ἑκατέραν
3262 932 3408 1000 ζωήν
3430 943 3444 958 ’
3479 925 3671 982 καθότι

2101 1038 2196 1090 καὶ
2233 1039 2386 1107 κοινῇ
2418 1035 2759 1105 εὐεργετεῖτε
2781 1048 2795 1063 ’
2827 1029 3006 1093 ποίοις
3041 1029 3101 1082 δέ
3128 1043 3145 1092 ;
3171 1021 3525 1083 ’Δποστόλοις
3554 1034 3671 1081 σου,

2103 1134 2214 1195 τοῖς
2248 1130 2467 1201 ᾄδουσιν
2495 1130 2673 1182 ἐκεῖνο
2708 1122 3049 1196 προφητικὸν
3092 1119 3174 1181 τὸ,
3203 1119 3340 1183 Δόξα
3371 1116 3448 1184 τῷ
3480 1113 3675 1180 κράτει

2108 1240 2226 1285 σου,
2259 1221 2432 1292 Κύριε
2456 1236 2470 1252 ·
2512 1218 2656 1283 οῦσω
2683 1218 2791 1288 γὰρ
2825 1218 3052 1284 άμεινον
3080 1212 3314 1281 γράφειν
3347 1209 3495 1278 ἢπερ
3525 1201 3678 1267 δόξαν

2112 1316 2252 1385 μετὰ
2279 1313 2373 1367 τοῦ
2403 1332 2452 1367 ν.
2482 1311 2654 1376 ’Λναξ
2687 1311 2746 1364 δὲ
2788 1310 3039 1363 ἀνάκτων
3065 1306 3093 1358 ὁ
3127 1303 3341 1371 Σωτὴρ.
3369 1300 3510 1352 διότι
3539 1293 3677 1350 κατὰ

2111 1407 2204 1461 τὸν
2238 1406 2402 1475 σοφὸν
2429 1403 2841 1475 παροιμιαστὴν
2870 1400 2939 1454 δι’
2970 1395 3139 1452 αὐτοῦ
3174 1394 3413 1465 βασιλεῖς
3449 1391 3682 1448 ἅπαντες

2118 1497 2486 1568 βασιλεύουσι,
2538 1493 2917 1563 ποιμαίνοντες
2956 1492 3083 1551 τοὺς
3110 1487 3238 1554 περὶ
3269 1482 3465 1543 αύτούς
3501 1494 3682 1546 παριε-

2117 1594 2310 1661 κλήσει
2345 1589 2547 1662 ῥάϐδου
2584 1591 2676 1643 καὶ
2703 1584 3008 1657 βακτηρίας
3047 1582 3240 1636 ὁποίαν
3266 1579 3429 1632 δώσει
3454 1574 3682 1636 ἐκείνοις

2050 1736 2092 1791 Β
2119 1688 2147 1739 ό
2189 1685 2342 1745 Θεός.
2377 1683 2456 1736 Οὐ
2510 1681 2645 1752 πρὸς
2687 1678 2978 1749 ἀκρίϐειαν
3009 1674 3066 1728 δὲ
3118 1674 3435 1742 πέφρασται
3464 1669 3528 1722 τὸ
3556 1664 3686 1729 ἄναξ

2135 1780 2145 1790 .
2203 1779 2215 1791 ο
2461 1768 2489 1791 τ’
2646 1790 2687 1791 ,,
2738 1789 2785 1791 κ-
2880 1773 2990 1791 ι-.---
3036 1767 3125 1791 --1⁵1
3169 1767 3365 1791 ...ι---.ι
3390 1777 3405 1791 ο
3435 1761 3496 1791 ιη’.
3531 1758 3686 1791 φλοριλ

2122 1779 2390 1839 ἀνάκτων,
2432 1768 2520 1827 οἷα
2556 1773 2992 1842 προσισταμένου
3034 1767 3128 1821 τοῦ
3167 1767 3366 1835 μέτρου
3390 1777 3405 1793 ο
3435 1761 3497 1813 ού
3531 1758 3687 1828 γάρὸ

2122 1869 2309 1930 ἁπλῶς
2337 1866 2585 1920 ἀνάκτων
2610 1863 2765 1928 ἄναξ,
2786 1864 2989 1926 ἐκεῖνος
3008 1863 3108 1914 καὶ
3129 1851 3510 1927 παμϐασιλεύς
3538 1853 3651 1904 ἐστι
3669 1864 3683 1878 ⁸

2126 1962 2311 2031 μυρίοι
2345 1956 2477 2026 γοῦν
2507 1958 2564 2009 ὲν
2591 1955 2668 2025 τῷ
2697 1955 2890 2024 κόσμῳ
2915 1950 3164 2007 ἀνάκτων
3190 1949 3284 2002 καὶ
3313 1944 3575 2013 γεγόνασι
3604 1941 3691 1995 καὶ

2125 2056 2263 2107 εἰσὶν
2295 2054 2549 2115 ἄνακτες,
2577 2050 2673 2103 καὶ
2697 2050 2848 2118 ὅμως
2886 2047 2946 2100 ού
2975 2045 3224 2113 λέγονται
3261 2037 3633 2113 παμϐασιλεῖς
3659 2036 3692 2105 ἢ

2129 2148 2525 2207 παντάνακτες.
2565 2141 2625 2198 '0
2645 2140 2776 2210 γοῦν
2798 2138 3147 2208 πεζολογικὸς
3175 2138 3216 2190 ia
3227 2135 3499 2207 ροψάλτης
3525 2133 3698 2198 ἀσφα-

2128 2239 2380 2307 λέστερον
2412 2233 2571 2303 εἶπεν,
2597 2236 2691 2288 ἐπὶ
2741 2233 2876 2291 Θεοῦ
2914 2232 2998 2298 τὸ,
3045 2230 3106 2283 Ὀ
3140 2229 3247 2283 τῶν
3276 2227 3529 2281 ἀνάκτων
3562 2220 3699 2284 ἄναξ

2133 2338 2226 2390 καὶ
2260 2333 2411 2398 Θεός.

2205 2517 2311 2585 ιςξν.
2353 2517 2441 2570 Ἐν
2465 2514 2523 2569 δὲ
2546 2513 2626 2585 τῷ
2656 2508 2767 2576 οἷος
2812 2511 2907 2566 καὶ
2934 2511 2992 2563 ἐν
3022 2506 3099 2578 τῷ
3132 2507 3291 2575 μόνος
3324 2502 3433 2575 χρὴ
3470 2501 3696 2571 ἐπιστῆ-

2138 2631 2229 2667 σαι
2257 2613 2323 2683 τῇ
2356 2610 2480 2665 κατ’
2507 2607 2646 2663 αὐτὰ
2694 2607 2951 2677 διαφορᾷ,
2996 2606 3094 2658 καὶ
3142 2600 3335 2672 νοῆσαι
3366 2600 3450 2653 ὅτι
3500 2598 3564 2650 τὸ
3610 2599 3700 2668 μὲν

2141 2707 2300 2776 μόνος
2332 2704 2466 2773 πρός
2486 2719 2540 2755 τι
2565 2699 2856 2768 συζυγοῦν,
2885 2697 2960 2761 ὥς
2990 2712 3155 2765 φασιν
3181 2695 3233 2748 al.
3266 2695 3443 2761 σοφοὶ,
3468 2691 3702 2759 λεγόμε-

2138 2814 2248 2861 νον,
2277 2796 2349 2858 ὡς
2381 2796 2517 2865 πρὸς
2559 2791 2926 2860 συζυγοῦντας
2963 2789 3109 2860 αὐτῷ
3141 2787 3422 2859 φράζεται
3459 2787 3589 2849 τοὺς
3619 2783 3705 2837 ἄ).-

2140 2891 2267 2953 λους
2299 2887 2544 2950 ἅπαντας
2577 2886 2725 2949 υιούς
2753 2884 2865 2937 ’τὸ
2892 2884 2948 2938 δὲ
2972 2878 3085 2947 οἷος
3107 2882 3242 2952 πρός
3263 2897 3316 2935 τι
3343 2879 3405 2933 ὃν
3431 2879 3532 2932 καὶ
3558 2878 3703 2938 αὑτό.

2140 2987 2240 3038 οὐκ
2276 2983 2388 3053 ἔχει
2422 2981 2655 3049 σύζυγον
2700 2977 2931 3047 ἀδελφὸν
2964 2976 3105 3030 κατὰ
3147 2975 3208 3029 τὸ
3259 2974 3407 3037 είκός
3432 2978 3473 3004 ’⁸
3496 2972 3641 3027 ὥστε
3663 2971 3707 3023 εί

467 3072 595 3111 nem
651 3055 996 3142 adiunctum.
1032 3055 1089 3107 Si
1125 3069 1256 3123 ergo
1296 3054 1632 3124 synonymia:
1688 3070 1852 3110 causa
1894 3056 2033 3110 idem

2144 3078 2238 3132 καὶ
2270 3076 2467 3129 ταυτόν
2507 3077 2625 3126 ἐστι
2677 3069 3021 3140 συνωνυμίας
3049 3069 3194 3137 λόγῳ
3239 3063 3352 3130 οἷος
3402 3068 3583 3120 εἰπεῖν
3619 3062 3707 3119 καὶ

467 3155 554 3202 est
582 3144 784 3209 dicere,
849 3141 962 3208 οἷος
990 3154 1046 3198 et
1083 3145 1264 3212 μόνος,
1301 3145 1447 3199 clara
1482 3154 1661 3200 tamen
1713 3146 2041 3217 interpreta-

473 3240 551 3294 tio
576 3237 957 3294 contusionem
1017 3237 1142 3292 inde
1205 3246 1471 3293 amovet:
1509 3238 1643 3292 dicit
1692 3240 1835 3293 enim
1892 3255 2045 3295 sacer

472 3340 632 3401 poeta
661 3330 751 3385 Dei
793 3329 1029 3385 Verbum
1064 3329 1239 3383 solum
1275 3329 1456 3397 ipsum
1496 3345 1562 3384 ex
1610 3331 1868 3387 omnibus
1923 3332 2045 3389 [iliis

474 3422 720 3493 generari
754 3416 888 3482 οἷον,
919 3420 1035 3475 sive
1066 3435 1257 3483 unum,
1308 3435 1373 3473 ex
1402 3420 1498 3491 οἴῳ
1549 3421 1730 3486 Patre,
1769 3423 1884 3477 sive
1937 3440 2045 3479 non

476 3514 795 3584 conjuncta,
826 3512 1059 3582 ideoque
1091 3512 1230 3566 solo.
1254 3511 1458 3567 Similis
1487 3522 1571 3567 est
1614 3513 1869 3576 loquendi
1931 3530 2048 3569 mo-

478 3608 582 3664 dus
601 3622 665 3663 ac
693 3607 737 3663 si
769 3606 892 3677 quis
917 3606 1198 3674 speciatim
1232 3606 1521 3674 quemdam
1565 3607 1619 3661 in
1649 3607 1810 3662 laude
1867 3621 2050 3676 segre-

478 3716 639 3773 gans,
673 3714 738 3755 ac
765 3700 958 3754 nolens
989 3699 1154 3753 aliuin
1179 3710 1374 3769 praeter
1402 3702 1575 3770 ipsum
1612 3701 1871 3769 reputari,
1903 3701 2053 3755 dice-

482 3804 564 3849 ret
593 3793 737 3864 quod
762 3788 874 3856 οἷος
930 3792 1047 3848 sive
1087 3808 1228 3860 unus
1259 3793 1348 3847 ille
1381 3792 1621 3862 possidet
1673 3793 1818 3847 istud
1877 3792 2053 3848 laudis

481 3901 672 3953 genus,
699 3886 850 3942 solus
879 3894 935 3939 et
964 3901 1068 3941 non
1126 3901 1252 3940 cum
1290 3887 1398 3941 alio
1450 3901 1803 3956 quocunque.
1876 3885 2051 3940 Simili

484 3975 648 4033 modo
698 3976 947 4032 melodus
1002 3991 1166 4031 voces
1230 3971 1345 4039 οἷος
1391 3987 1447 4030 et
1497 3976 1655 4044 μόνος
1718 3976 1784 4030 ad
1854 3975 2054 4031 Filium

485 4068 582 4124 Dei
607 4068 977 4133 consociavit;
1039 4061 1155 4120 οἷον
1195 4067 1405 4133 dit-ens,
1455 4069 1577 4137 quia
1624 4068 1772 4123 solus
1829 4066 1931 4121 iste
1964 4066 2058 4120 Fi-

487 4159 615 4224 lius,
642 4173 744 4212 nec
773 4159 934 4223 alius,
966 4172 1107 4211 unus
1145 4154 1319 4211 Filius
1344 4167 1637 4224 generatus
1681 4167 1765 4211 est
1802 4158 1954 4211 Solus
1977 4157 2059 4209 in-

2149 3171 2331 3240 μόνος,
2367 3166 2502 3219 ά).λὰ
2528 3165 2563 3234 ἡ
2599 3162 2773 3232 σαφὴς
2800 3159 3066 3231 ἑρμηνεία
3111 3156 3486 3228 διευκρινήσει
3518 3157 3622 3228 τὴν
3650 3157 3705 3208 ιν

2149 3261 2331 3320 αὐτοῖς
2368 3260 2629 3327 σύγχυσιν
2654 3271 2667 3287 ·
2709 3256 2857 3322 λέγει
2901 3253 3009 3323 γὰρ
3038 3254 3067 3306 ό
3097 3252 3241 3323 ἱερὸς
3273 3243 3430 3314 οὗτος
3481 3250 3709 3320 ποιητὴς

2147 3353 2238 3406 τὸν
2268 3350 2361 3404 τοῦ
2392 3348 2526 3402 θεοῦ
2554 3348 2725 3415 Λόγον
2767 3346 2928 3416 μόνον
2959 3344 3124 3399 αὐτὸν
3161 3346 3227 3397 ἑκ
3256 3343 3477 3397 πάντων
3521 3358 3710 3412 γεννηο

2152 3443 2311 3511 Θῆναι
2358 3440 2491 3492 υἱῶν
2529 3433 2664 3505 οἷον,
2716 3438 2884 3508 ἠγουν
2930 3435 3027 3489 ἕνα
3078 3434 3140 3502 ἑξ
3198 3436 3310 3488 οῑου
3345 3433 3555 3503 πατρὸς
3602 3434 3715 3504 ἢτοι

2152 3533 2518 3588 άσυνδυάστου
2551 3531 2646 3584 καὶ
2674 3528 2742 3581 δι’
2789 3527 2920 3581 αὐτὸ
2951 3528 3113 3598 μόνου
3142 3544 3156 3559 ·
3182 3528 3278 3580 καὶ
3308 3526 3457 3580 ἐστιν
3486 3526 3667 3596 ὅμοιος
3690 3526 3716 3577 ό

2150 3628 2331 3694 λόγος,
2358 3624 2432 3687 ὡς
2459 3626 2508 3678 εί
2530 3629 2625 3676 καί
2656 3638 2738 3684 τις
2780 3621 2888 3693 ἰδίᾳ
2921 3617 3175 3690 μονάζων
3210 3619 3338 3674 τινὰ
3364 3619 3490 3673 κατ’
3513 3619 3719 3687 ὲξαίριθ

2153 3736 2246 3771 τον
2271 3717 2367 3769 καὶ
2398 3715 2573 3769 ὀκνῶν
2603 3713 3056 3783 συνεπινοηθῆναι
3100 3710 3249 3783 αύτῷ
3281 3713 3374 3765 καὶ
3398 3711 3613 3783 ἕτερον,
3646 3710 3720 3763 εἰ·

2156 3826 2247 3862 ποι
2278 3809 2360 3860 ὅτι
2410 3803 2520 3868 οἷος
2572 3805 2740 3875 ἤγουν
2770 3801 2851 3867 εἷς
2897 3801 3050 3867 οὗτος
3096 3803 3214 3857 τόδε
3263 3820 3316 3856 τι
3370 3802 3498 3874 ἔσχε
3534 3803 3722 3872 σεμνὸν

2160 3901 2320 3970 μόνος
2351 3900 2447 3950 καὶ
2474 3899 2535 3951 ού
2587 3896 2683 3949 σύν
2716 3913 2825 3951 τινι
2859 3896 3032 3968 ἑτάρῳ
3062 3913 3078 3928 ·
3109 3895 3251 3950 ὥστε
3302 3899 3399 3949 καὶ
3422 3898 3452 3949 ό
3487 3894 3721 3966 μελῳδὸς

2157 3991 2384 4060 τοιούτῳ
2411 3989 2556 4060 λόγῳ
2604 3988 2899 4042 συνεδύασι
2930 3989 2991 4043 τδ
3044 3986 3155 4052 οἷος
3189 3989 3287 4043 καὶ
3331 3987 3403 4057 τὸ.
3442 3988 3607 4059 μόνος
3637 3986 3725 4039 ἐπὶ

2157 4082 2254 4135 τοῦ
2287 4082 2415 4134 Υἰοῦ
2449 4080 2542 4133 τοῦ
2599 4079 2736 4133 Θεοῦ
2764 4096 2778 4110 ·
2815 4080 2890 4142 ὡς
2921 4076 3033 4132 οἷον
3059 4080 3229 4133 εἰπὼν
3258 4080 3341 4134 ὅτι
3387 4079 3552 4150 μόνος
3577 4070 3725 4138 οὗτος

2161 4175 2288 4238 Υἱὸς
2324 4176 2417 4227 καὶ
2462 4173 2635 4236 οὐδείς
2667 4188 2795 4225 ποτε
2849 4170 3088 4241 οὐδαμοῦ
3131 4171 3313 4239 ἄλλος,
3347 4166 3430 4233 εἷς
3482 4170 3614 4232 rte;
3642 4170 3729 4236 γὲι-

487 4250 670 4319 genito
693 4258 902 4318 patrum
936 4247 1119 4311 Patri;
1152 4247 1469 4316 signiﬁcans
1536 4248 1619 4302 his
1666 4263 1784 4317 quae
1804 4248 2035 4320 praclarl

2162 4282 2286 4333 γονε
2333 4265 2490 4334 μόνο,
2535 4266 2817 4334 ἀνεννήτῳ
2856 4266 3109 4334 πατέρων
3148 4263 3323 4334 Πατρί
3346 4281 3362 4298 ο
3390 4263 3526 4317 νοῶν
3571 4266 3631 4315 ὲν
3654 4255 3729 4321 οἷς

488 4342 641 4406 dicit,
663 4343 805 4409 quod
834 4341 981 4394 mille
1010 4339 1230 4409 quidem
1263 4349 1391 4393 sunt
1435 4339 1578 4393 mille
1603 4340 1844 4404 patrihus
1877 4341 2035 4408 uuige

2169 4358 2384 4428 γοργῶς
2428 4358 2644 4426 φράζει,
2680 4358 2766 4412 ὅτι
2794 4358 3104 4427 μονογενετς
3145 4357 3243 4426 μὲν
3284 4355 3472 4426 μυρίοι
3502 4355 3618 4417 τοῖς
3640 4352 3732 4406 ait»

491 4427 762 4499 niti;ala;
811 4440 994 4486 autem
1022 4432 1104 4487 vel
1148 4447 1291 4487 unus
1341 4431 1689 4495 Filius,quud
1749 4441 1833 4485 est
1880 4433 2033 4486 solus

2144 4412 2568 4503 ’etiiv'ra'xsiietv
2585 4465 2599 4480 ο
2631 4412 2743 4513 οἷος
2791 4412 2845 4502 δὲ
2875 4412 2996 4520 ἢτοι
3045 4412 3501 4512 είςιυίὸςξὸὶστι
3558 4412 3733 4517 μόνος,

490 4537 608 4588 seu,
630 4522 772 4591 quod
801 4521 946 4577 idem
974 4532 1055 4576 est
1085 4520 1295 4585 dicere,
1334 4521 1674 4591 unigenitus,
1706 4538 1770 4574 cx
1812 4522 1908 4593 οἴῳ
1939 4523 2055 4579 sive

496 4627 606 4667 uno
665 4611 782 4667 solo
843 4612 1019 4676 Patre,
1049 4612 1228 4668 nullus
1277 4622 1360 4666 est
1411 4611 1701 4691 alius,uisi
1738 4621 1792 4667 tu
1835 4616 2059 4669 ortinino

490 4704 660 4759 solus.

561 4816 652 4873 9S.
690 4815 955 4869 Memento
985 4829 1145 4883 porro
1177 4812 1318 4882 quod
1351 4812 1393 4866 si
1418 4821 1497 4865 ter
1522 4825 1622 4864 vox
1643 4807 1752 4875 οἷος
1781 4812 1866 4867 vel
1899 4813 2057 4882 μόνος

492 4908 548 4963 in
582 4922 722 4962 nexu
757 4915 922 4967 esset.
956 4904 1146 4958 eadem
1178 4902 1445 4958 sententia
1470 4904 1554 4971 pie
1585 4904 1893 4958 conservari
1929 4920 2061 4972 pos-

495 5007 600 5054 set.
631 4996 793 5052 Solus
828 4998 971 5049 enim
1024 4993 1274 5048 Salvator
1329 4994 1428 5048 soli
1490 4993 1633 5047 Patri
1682 4995 1831 5049 solus
1889 4995 2059 5051 Filius

497 5099 787 5158 generatus
821 5098 923 5141 est.
959 5086 1050 5139 Sic
1080 5094 1258 5138 autem
1288 5088 1451 5138 ctinnt
1504 5081 1616 5147 οἷος
1656 5086 1750 5139 ille
1776 5102 1843 5140 ex
1897 5086 2057 5141 Patre

497 5182 593 5252 οῐῳ
647 5177 757 5244 οἷος
789 5179 975 5233 exivit.
1007 5178 1249 5232 Melodus
1305 5194 1430 5233 vero
1492 5180 1819 5234 locutionem
1875 5181 2059 5250 dispo-

497 5275 629 5337 suit,
660 5274 956 5334 alternans,
990 5283 1048 5325 ut
1077 5284 1311 5326 metrum
1351 5272 1534 5326 dabat.
1569 5272 1860 5327 Sciendum
1893 5283 2056 5329 etiam

496 5360 643 5431 quod
684 5360 870 5414 istud:
906 5374 1071 5415 unum
1134 5375 1199 5413 ex
1238 5376 1347 5413 uno
1397 5358 1557 5414 Patre
1591 5360 1768 5414 solum
1825 5361 2056 5417 Verbum

496 5455 706 5519 exiens,
776 5469 882 5506 non
939 5453 1171 5509 absurde
1224 5453 1346 5522 quis
1401 5453 1601 5509 diceret
1658 5457 2058 5525 antistrophnm

498 5559 593 5600 seu
627 5546 980 5616 agqttipollens
1017 5548 1190 5601 huic:
1235 5546 1393 5601 Solus
1436 5545 1745 5614 unigenitor
1797 5549 2063 5619 unigeniti

498 5635 596 5699 lilii
625 5635 806 5694 Pater.
841 5640 997 5694 Circa
1039 5639 1139 5692 cad
1162 5653 1227 5691 un
1265 5637 1408 5690 enim
1434 5652 1499 5690 ex
1529 5652 1684 5707 :cquo
1737 5650 2066 5696 convertun-

2175 4541 2370 4594 ταυτὸν
2398 4539 2443 4594 δ’
2468 4541 2643 4594 εἰπεῖν
2682 4542 3004 4612 μονογενὴς,
3034 4541 3093 4607 ἐξ
3130 4541 3243 4595 οἵου
3272 4540 3393 4611 ῆτοι
3426 4539 3547 4600 ἑνὸς
3580 4538 3734 4610 μόνου

2171 4632 2263 4686 τοῦ
2284 4633 2515 4723 Πατρός,
2548 4633 2722 4715 οὐδεὶς
2753 4633 2912 4699 ἄλλος
2941 4636 3023 4689 ότι
3047 4633 3126 4706 μὴ
3157 4634 3223 4689 σὺ
3259 4633 3595 4706 μονώτατος.

2244 4817 2356 4881 ιιηῆ
2393 4813 2588 4867 Ἰστέον
2615 4813 2673 4867 δὲ
2711 4815 2787 4878 ὡς
2825 4814 2875 4866 εἰ
2906 4817 3000 4868 καὶ
3026 4815 3147 4884 τρὶς
3181 4814 3242 4868 τὸ
3278 4810 3411 4881 οἶος,
3440 4815 3554 4887 ﬂre
3586 4816 3738 4885 μόνος

2174 4906 2232 4957 ὲν
2279 4904 2359 4975 τῷ
2405 4905 2582 4975 είρμῷ
2612 4906 2811 4969 ἔκειτο,
2860 4907 2894 4976 ή
2945 4906 3083 4977 αὐτὴ
3131 4906 3311 4960 ἔννοια
3349 4907 3593 4971 εὐσεϐῶς
3630 4902 3734 4976 εἶχε

2179 4998 2485 5062 σώζεσθαι·
2520 4999 2680 5068 μόνος
2702 4998 2812 5071 γὰρ
2852 5001 2881 5052 ό
2914 5000 3107 5070 Σωτὴρ
3142 5000 3220 5070 τῷ
3248 5002 3428 5073 Πατρὶ
3474 5004 3622 5072 μόνῳ
3652 5004 3739 5069 μίζ-

2176 5106 2266 5152 νος
2299 5090 2425 5154 Υἱὸς
2468 5094 2690 5158 γέγονεν
2713 5106 2727 5121 °
2764 5092 2907 5147 οὕτω
2943 5094 3001 5147 δὲ
3042 5095 3138 5148 καὶ
3174 5092 3287 5160 οἷος
3338 5097 3503 5161 αὐτὸς
3542 5097 3609 5150 ἐκ
3640 5097 3742 5148 ih-

2180 5183 2309 5249 τρὸς
2338 5182 2450 5234 οἴου
2481 5179 2591 5246 οἶος
2623 5184 2918 5256 προῆλθεν.
2960 5184 3019 5238 Ὀ
3048 5186 3102 5239 δὲ
3131 5172 3368 5259 μελῳδὸς
3394 5189 3629 5260 διῴκησε
3652 5192 3743 5257 τὴν

2179 5277 2402 5343 φράσιν,
2454 5274 2693 5339 ἀλλάξεις
2720 5276 2794 5340 ὡς
2835 5277 2895 5331 τὸ
2928 5279 3127 5348 μέτρον
3165 5279 3360 5334 ἐδίδου.
3402 5281 3522 5333 Ἔτι
3573 5282 3743 5333 ίστέον

2180 5366 2274 5419 καὶ
2292 5366 2373 5420 ὅτι
2394 5368 2455 5420 τὸ
2480 5362 2590 5431 οἶος
2616 5369 2674 5436 ἐξ
2699 5370 2812 5424 οἵου
2839 5373 2996 5441 μόνος
3016 5375 3187 5442 Λόγος
3215 5374 3496 5445 προελθὼν
3520 5376 3746 5444 Πατρός,

2180 5458 2535 5529 ἀντίστροφον
2568 5460 2711 5514 εἴποι
2733 5479 2817 5526 τις
2838 5466 2903 5518 ἂν
2923 5467 3024 5519 οὐκ
3049 5466 3412 5535 ἁπροσφυῶς,
3440 5467 3617 5519 show
3647 5464 3746 5519 ἰσό-

2184 5567 2415 5621 στροφον
2444 5553 2545 5623 τῷ,
2570 5555 2712 5609 Μόνε
2736 5559 3130 5627 μονογεννῆτορ
3155 5561 3475 5628 μονογενοῦς
3495 5559 3624 5611 Υὶοῦ
3650 5560 3748 5611 Ua-

2174 5647 2307 5712 τήρ.
2341 5644 2476 5715 Περὶ
2529 5645 2596 5698 τὰ
2623 5649 2761 5701 αὐτὰ
2801 5652 2908 5720 γὰρ
2949 5649 3009 5717 ἐξ
3065 5652 3178 5705 ἴσου
3227 5653 3543 5721 στρέφονται
3583 5650 3745 5720 ἄμφω
