3966 6248
283 293 394 358 613

1113 289 1195 352 IN
1235 292 1579 353 HYMNUM
1625 292 2279 375 PENTECOSTALEM
2309 295 2777 357 DAMASCENI.

3454 296 3567 364 614

276 415 532 483 νοήματα
561 427 576 444 ⁸
602 415 650 465 εί
687 412 778 466 καὶ
809 412 984 464 ἐκεῖνο
1015 411 1114 480 μὲν
1151 411 1214 462 ἐκ
1245 411 1338 463 τοῦ
1388 413 1601 484 Πατρδς
1637 413 1850 482 ἀρξὰμε

1981 424 2069 466 ιιιι·
2132 415 2305 466 amba:
2359 416 2660 477 sententim,
2695 416 2818 467 licet
2885 413 2995 467 lucc
3037 429 3064 468 a
3108 411 3267 468 Patre
3296 413 3564 485 incipiens

278 523 371 557 νον
394 503 472 566 ὡς
517 504 680 572 μόνου
710 502 1170 572 μονογεννήτορος
1203 503 1282 563 εἰς
1311 500 1404 554 τὸν
1453 502 1721 570 μονογενῆ
1769 518 1860 553 κα-

279 596 503 666 τέληξεν
543 595 708 649 ⁴Υίόν.
768 594 940 647 Τοῦτο
999 597 1054 648 δὲ
1113 594 1424 648 ἀνάπαλινο
1487 592 1746 663 διάφορον
1805 593 1862 645 δὲ

278 690 510 760 ἀμφοῖν,
541 689 624 742 ὅτι
649 689 766 740 ἐκεῖ
797 687 898 756 μὲν
930 689 1227 758 ἐξήρκεσεν
1257 687 1514 757 ἀσφαλῶς
1555 685 1862 757 τριπλωθὲν

280 785 344 836 τὸ
396 783 594 853 μόνος,
654 779 887 832 ἐνταῦθα
922 779 978 831 δὲ
1035 779 1184 844 ἅπαξ
1225 780 1356 832 αὐτὸ
1409 780 1611 850 ὲρῤἐθη
1663 779 1735 841 ὡς
1768 777 1862 831 τοῦ

282 867 396 935 οἷος
426 874 493 941 τῇ
531 868 788 924 διπλὼσει
824 870 915 921 τὸν
960 869 1169 922 ἐκείνου
1221 870 1388 922 τόπον
1430 870 1862 940 ἀναπληρώσαν-

282 983 375 1027 τος
398 980 413 995 ³
443 964 526 1016 ὅτι
559 963 615 1016 δὲ
651 961 902 1031 ψιλοῦται
936 961 1118 1022 καλῶς
1163 961 1225 1015 τὸ
1253 957 1361 1025 οἷος
1397 965 1425 1016 6
1465 965 1643 1031 μόνος,
1678 979 1862 1032 παρα-

281 1058 520 1112 διδόασιν
556 1057 606 1108 oi
640 1056 863 1108 παλαιοὶ
907 1055 1159 1121 λέγοντες
1187 1055 1262 1117 ὡς
1291 1057 1356 1108 ὲκ
1402 1057 1497 1108 τοῦ
1529 1057 1607 1119 ῐος
1637 1057 1858 1126 ἀρσενι-

283 1153 380 1204 κὸν
407 1151 508 1221 μὲν
531 1154 693 1219 γένος
727 1152 787 1204 οὐ
816 1151 1200 1222 παρελάϐομεν
1227 1167 1240 1182 ·
1267 1149 1503 1221 θηλυκὸν
1530 1151 1588 1205 δὲ
1625 1149 1856 1222 εὓρηται

283 1243 337 1298 ta
377 1246 412 1315 ἡ
446 1247 542 1315 μία
575 1261 590 1276 ο
631 1243 883 1312 φαίνεται
934 1244 989 1297 δὲ
1020 1243 1115 1297 καὶ
1164 1244 1450 1313 οὐδέτερον
1507 1243 1674 1298 αὐτοῦ
1715 1242 1859 1298 εἶναι

281 1338 362 1390 τον
394 1338 456 1389 τὸ
494 1338 573 1399 ἓν,
604 1337 747 1391 κατὰ
775 1337 866 1391 τὸν
915 1337 1139 1389 εἰπόντα
1176 1339 1358 1389 θανεῖν
1389 1353 1541 1400 τινας
1583 1337 1648 1406 ίῷ
1682 1337 1858 1408 ἤματι

279 1433 313 1502 ἢ
347 1432 423 1493 ὼς
457 1429 536 1484 ἑνί
562 1446 573 1458 ·
621 1429 649 1482 6
700 1426 1116 1500 περισπώμενον
1166 1429 1590 1498 καταφευξεῖται
1635 1432 1714 1492 είς
1756 1431 1856 1500 τὴν

278 1524 579 1593 ἀναλογίαν
611 1523 706 1576 τοῦ
751 1522 1010 1592 θηλυκοῦ.
1047 1522 1256 1593 Ὥσπερ
1288 1525 1398 1592 γὰρ
1444 1523 1500 1574 ία
1556 1524 1656 1590 μὲν
1694 1522 1861 1592 βαρυ-

277 1620 472 1681 τόνως,
506 1619 538 1688 ἡ
572 1616 627 1670 δὲ
653 1617 845 1686 γενικὴ
881 1618 966 1678 lci;
997 1617 1437 1686 περισπωμένως
1468 1617 1543 1679 ὡς
1578 1617 1676 1687 μία
1705 1617 1857 1687 μιᾶς,

276 1709 422 1765 οὕτω
476 1710 573 1765 καὶ
613 1709 694 1763 ἴον
730 1710 828 1777 μὲν
864 1710 924 1762 τὸ
973 1709 1034 1763 ἓν
1085 1709 1230 1777 κατὰ
1259 1709 1646 1782 βαρυτόνησιν,
1692 1710 1774 1764 ίοῦ
1802 1712 1858 1766 δὲ

278 1806 373 1857 καὶ
406 1803 474 1874 ίῷ
509 1803 652 1874 μετά
678 1803 1133 1874 περισπωμένης,
1169 1803 1226 1855 αἱ
1265 1801 1510 1872 πλάγιοι.

349 1982 456 2049 μοι.
508 1980 774 2036 Ἀναίτιον
797 1979 854 2033 δὲ
884 1979 1104 2050 Πατέρα
1126 1978 1220 2034 τὸν
1252 1981 1552 2051 ἀγέννητον
1586 1982 1754 2052 λέγει,
1783 1984 1860 2048 ὡς

281 2076 358 2147 μὴ
394 2073 686 2144 γενόμενον
732 2075 830 2126 καὶ
860 2072 1023 2126 αὐτὸν
1073 2074 1318 2127 αίτιατὸν
1369 2075 1424 2126 ὲν
1458 2075 1534 2143 τῷ
1572 2079 1723 2145 σχεῖν
1754 2095 1861 2131 πα-

278 2169 411 2238 τέρα
443 2167 619 2222 αἴτιον
670 2166 770 2234 τῆς
808 2162 974 2216 αὑτοῦ
1011 2164 1280 2232 γενέσεως
1327 2165 1470 2219 κατά
1513 2166 1636 2234 τοὺς
1676 2170 1734 2221 ἐν
1782 2167 1861 2236 τῷ

281 2261 496 2328 κόσμῳ.
532 2260 623 2312 Διὸ
665 2257 826 2320 αὐτὸς
859 2257 958 2327 μὲν
987 2258 1160 2321 αἴτιός
1204 2259 1355 2311 ἐστιν
1390 2259 1464 2321 ὡς
1502 2261 1694 2330 Πατὴρ
1728 2261 1858 2315 Υίοῦ

278 2351 524 2407 αἰτιατοῦ
572 2355 712 2406 κειτά
760 2354 923 2422 μόνον
955 2351 1015 2406 τὸ
1051 2351 1408 2422 γεννηθῆναι.
1441 2353 1633 2416 Ἀλλος
1680 2353 1738 2405 δέ
1773 2371 1861 2416 τις

276 2445 377 2495 οὐκ
402 2443 552 2496 ἔστιν
581 2442 744 2496 αὐτοῦ
783 2443 848 2514 δὴ
872 2441 963 2497 τοῦ
996 2443 1210 2514 Πατρὸς
1235 2443 1407 2506 αἴτιος
1427 2460 1440 2476 ·
1473 2445 1672 2498 οὐκοῦν
1701 2445 1856 2499 ἀναίο

278 2539 458 2600 τιοςό
516 2536 704 2606 Πατὴρ
740 2536 959 2603 λέγεται
1016 2539 1169 2606 παρά
1217 2536 1278 2588 τὸ
1321 2536 1398 2607 μὴ
1439 2536 1586 2607 ἔχειν
1636 2537 1858 2608 Πατέρα

279 2628 454 2680 αῐτιον
505 2626 600 2680 τοῦ
641 2623 784 2681 εἶναι
817 2625 1029 2680 τοῦτον.
1062 2627 1184 2680 Ὀτι
1223 2625 1279 2679 δὲ
1331 2629 1394 2680 τὸ
1429 2628 1528 2696 μὲν
1577 2628 1754 2681 αἴτιον
1782 2627 1859 2698 τῷ

280 2723 457 2791 Πατρὶ
511 2721 943 2791 προσαρμόττ-ει,
984 2723 1045 2775 τὸ
1086 2721 1143 2773 δὲ
1183 2720 1428 2776 αἰτιατδν
1467 2719 1545 2790 τῷ
1590 2719 1727 2790 Υίῷ,
1761 2737 1861 2772 πα-

281 2816 571 2885 ραδέδοται
601 2815 696 2867 καὶ
742 2813 1071 2883 Θεολογικῶς
1096 2830 1110 2844 ⁸
1143 2815 1451 2882 σημείωσαι
1485 2812 1542 2866 δὲ
1591 2813 1674 2866 ὅτι
1707 2811 1859 2882 ὁμώ-

276 2925 448 2976 νυμος
500 2907 646 2974 λέξις
677 2910 704 2960 6
738 2908 1003 2971 ἀναίτιος,
1032 2909 1059 2958 6
1089 2906 1164 2974 μὴ
1194 2904 1335 2974 ἔχων
1379 2903 1580 2970 αἰτίαν,
1609 2903 1640 2972 ῆ
1673 2902 1750 2966 ὡς
1779 2903 1855 2973 μὴ

275 3000 638 3068 ὑποκείμενος
676 2999 989 3066 αἰτιάματι,
1029 2999 1057 3052 6
1106 3000 1222 3050 ἐστι
1254 2999 1443 3066 μομφῇ
1484 3014 1612 3062 τινι,
1650 2997 1710 3061 ὃς
1763 2996 1858 3050 καὶ

275 3092 374 3144 οὐκ
423 3091 598 3154 αἴτιος
641 3089 882 3156 λέγεται,
917 3091 993 3153 ὠς
1019 3089 1100 3151 τὸ,
1139 3088 1276 3141 Οῦτι
1305 3105 1406 3156 μοι
1455 3087 1613 3155 αἰτίη
1665 3087 1811 3140 ἐσσί
1839 3101 1854 3118 ⁸

275 3183 308 3252 ἦ
339 3182 415 3242 ὡς
445 3183 544 3251 οὺχ
592 3181 860 3252 ὑπάρχεις
897 3197 987 3250 μοι
1010 3179 1320 3248 -μεμπτέα,
1369 3177 1492 3231 οὐδὲ
1531 3179 1638 3250 ἔχω
1672 3179 1855 3233 αἱτιὰ·

277 3275 478 3327 σασΘαί
530 3289 590 3325 σε
619 3289 632 3303 ·
691 3273 786 3326 καὶ
841 3267 1015 3324 τοῦτο
1058 3269 1156 3340 μὲν
1205 3269 1262 3322 ἓν
1301 3270 1704 3340 σημαινόμενον
1761 3270 1854 3325 τοῦ

278 3367 562 3428 ἀναίτιος·
627 3365 802 3428 ἄλλως
850 3364 906 3417 δὲ
957 3362 1266 3431 φιλοσόφως
1323 3363 1568 3422 ἀναίτιος
1619 3363 1855 3416 ἐνταῦθα

280 3457 494 3528 Πατὴρ,
540 3459 568 3511 6
602 3459 677 3528 μὴ
732 3457 872 3527 ἔχων
925 3456 1097 3509 αἴτιον
1133 3455 1440 3526 γεννήσεως
1489 3457 1587 3522 τῆς
1635 3455 1853 3519 ἑαυτοῦ,

275 3548 394 3602 ἀλλ’
425 3549 589 3611 αὐτὸς
611 3549 814 3618 δηλαδὴ
840 3549 1012 3610 αἴτιος
1034 3547 1342 3617 γεννήσεως
1366 3545 1461 3600 τοῦ
1492 3545 1642 3612 Υἰοῦ,
1677 3550 1855 3601 αἰτια-

277 3640 373 3695 τοῦ
403 3641 607 3712 δηλαδὴ
661 3641 828 3694 αὑτοῦ
886 3641 1068 3702 ὄντος·
1113 3640 1174 3692 τὸ
1230 3641 1337 3710 γὰρ
1385 3640 1559 3693 αἴτιον
1592 3641 1680 3694 ἀεὶ
1718 3641 1854 3710 πρὸς

280 3735 526 3786 αίτιατὸν
554 3734 793 3801 λέγεται,
833 3733 906 3796 ὡς
936 3735 1029 3786 καὶ
1061 3732 1304 3785 αἰτιατὸν
1352 3733 1487 3801 πρὸς
1515 3731 1688 3786 αἴτιον
1717 3749 1732 3763 ο
1761 3734 1854 3785 καὶ

275 3827 366 3880 ἀεὶ
394 3828 566 3890 αἴτιος
606 3827 704 3896 μὲν
737 3827 766 3878 ὁ
794 3827 982 3897 Πατὴρ
1011 3826 1146 3897 πρὸς
1195 3827 1349 3890 Υίὺν,
1382 3825 1623 3888 αἱτιατὸς
1669 3827 1724 3878 δὲ
1757 3828 1852 3878 αὑ-

273 3920 366 3983 τδς
397 3920 535 3989 πρὸς
577 3921 796 3988 Πατέρα
822 3937 836 3950 ο
871 3922 966 3974 καὶ
1014 3920 1158 3974 οὕτω
1208 3922 1308 3989 μὲν
1345 3921 1654 3990 σεμνότατα
1682 3922 1710 3974 ὁ
1746 3923 1853 3973 [Ια-

273 4012 381 4082 τὴρ
411 4011 540 4074 Θεὸς
568 4013 808 4075 ἀναίτιος
833 4011 1051 4080 λέγεται
1077 4028 1090 4044 °
1121 4013 1300 4076 ἄλλως
1332 4012 1389 4065 δὲ
1424 4013 1564 4067 κατὰ
1593 4013 1690 4084 τὴν
1732 4031 1853 4067 κοι-

278 4101 379 4171 νὴν
437 4098 716 4172 σημασίαν
768 4104 942 4156 εἰπεῖν
1007 4103 1170 4156 αὑτὸν
1235 4105 1478 4156 ἀναίτιον
1542 4103 1850 4167 ἰδιωτικῶς,

277 4193 478 4265 ἀληθὲς
506 4195 605 4262 μέν
637 4196 810 4260 ἐστιν,
849 4196 910 4248 οὐ
945 4197 1083 4250 πάνυ
1127 4197 1183 4248 δὲ
1219 4197 1438 4266 σεμνόν.
1474 4197 1538 4249 Τί
1577 4199 1685 4266 γὰρ
1719 4196 1856 4269 ὑψη;

275 4287 370 4339 λὸν
399 4289 642 4340 ἀναίτιον
680 4287 849 4358 ήγουν
878 4289 1082 4358 ἀψογον
1107 4291 1201 4340 καὶ
1225 4289 1523 4357 ἄμεμπτον
1556 4291 1735 4342 εἰπεῖν
1762 4292 1852 4342 τὸν

279 4378 434 4445 Θεὸν,
467 4381 562 4433 καὶ
582 4381 674 4432 ἐπὶ
701 4379 828 4450 ποίᾳ
869 4382 1141 4446 αἰτιάσει;
1179 4381 1318 4450 ὅπερ
1347 4381 1471 4435 οὐδὲ
1515 4380 1724 4447 ἔνδοξος
1759 4382 1854 4436 ἄν-

1978 515 2236 574 tanquam
2299 508 2416 560 solo
2458 509 2802 574 nnigenitore
2849 509 2910 560 ad
2966 506 3160 560 Filium
3221 508 3560 575 unigenitum

1975 597 2209 659 desinat,
2237 599 2323 651 illa
2361 615 2484 653 vero
2509 615 2535 652 ε
2569 602 2866 654 contrario.
2894 601 3176 652 Ambobus
3223 608 3403 651 autem
3443 600 3561 652 dis-

1977 692 2276 758 crepantia,
2327 692 2469 756 quod
2525 693 2609 744 hic
2645 693 2862 746 sull‘ecit
2911 693 3175 760 lllpilCnla
3206 709 3308 746 vox
3366 696 3562 762 μόνος,

1979 783 2094 836 illic
2154 799 2282 837 vero
2339 784 2505 836 semel
2570 785 2714 837 dicta
2757 783 2879 845 fuit,
2945 795 3205 853 tauquam
3263 803 3391 837 \nce
3447 783 3562 845 οἷος

1981 875 2255 945 duplicata
2288 877 2463 929 locum
2495 877 2656 942 hujus
2700 877 2977 944 implente.
3005 879 3159 944 Quod
3221 889 3402 931 autem
3467 889 3553 931 re;

1976 976 2061 1022 cte
2094 970 2284 1036 spiritu
2319 969 2460 1021 tenui
2502 979 2721 1022 ametur
2743 966 2851 1020 οἷος
2883 969 3075 1036 (ςιιιιιε)
3139 969 3364 1022 tradunt
3422 971 3562 1023 auti-

1981 1061 2097 1129 qui,
2125 1061 2365 1115 dicentrs
2401 1077 2499 1114 nos
2533 1078 2594 1114 ex
2633 1062 2724 1124 ίος
2780 1076 2953 1131 genus
3012 1063 3233 1128 quidem
3302 1063 3560 1117 masculi-

1978 1167 2108 1205 num
2160 1167 2266 1205 non
2318 1154 2614 1222 accepisse,
2666 1153 2755 1207 sed
2813 1153 3137 1206 femininum
3197 1153 3428 1208 inveniri
3493 1153 3557 1208 τα

1978 1244 2160 1312 (sola).
2200 1242 2426 1298 Videtur
2475 1256 2652 1300 autem
2694 1247 2855 1299 etiam
2922 1245 3096 1314 ipsius
3134 1256 3381 1300 neutrum
3440 1261 3560 1302 esse

1978 1334 2076 1389 τον
2108 1337 2345 1407 (unum),
2417 1341 2716 1393 secundum
2785 1341 3054 1393 dicentem
3116 1339 3381 1409 quosdam
3435 1353 3557 1393 esse

1978 1437 2222 1484 mortuos
2274 1429 2335 1498 ἰῷ
2367 1430 2472 1484 telo
2518 1444 2612 1484 seu
2653 1441 2910 1498 tanquam
2946 1445 3086 1492 uno;
3117 1429 3259 1498 quod
3317 1429 3555 1483 circum-

1973 1518 2171 1574 ﬂexum
2236 1519 2481 1591 aufugiet
2541 1521 2605 1575 ad
2673 1523 2978 1592 analogiam
3035 1519 3281 1576 feminini
3339 1539 3353 1576 :
3415 1521 3556 1576 sicut

1975 1613 2121 1667 enim
2174 1616 2230 1667 ῐα
2261 1613 2480 1684 quidem
2539 1616 2687 1685 gravi
2741 1625 2874 1669 tono
2907 1625 3011 1680 est,
3049 1615 3322 1686 genitivus
3373 1625 3552 1669 autem

1973 1704 2350 1769 circumflexo,
2389 1717 2646 1778 tanquam
2690 1708 2788 1778 μία
2814 1709 2984 1776 piat;
3023 1710 3100 1763 sic
3123 1709 3285 1762 etiam
3320 1709 3400 1760 i'ov
3433 1707 3555 1776 qui-

1967 1796 2090 1850 dem
2148 1798 2387 1868 (unum),
2444 1801 2550 1853 erit
2587 1815 2710 1854 cum
2745 1801 2895 1869 gravi
2959 1811 3108 1864 tono,
3147 1814 3312 1855 casus
3370 1809 3550 1853 autem

1967 1890 2173 1959 obliqui
2207 1890 2284 1943 ίοῦ
2321 1901 2378 1947 et
2414 1891 2476 1962 ἰῷ
2505 1908 2628 1946 cum
2659 1892 3030 1948 circumflexo.

2035 1983 2124 2037 99.
2157 1983 2423 2038 Ἀναίτιον
2471 1999 2597 2037 vero
2654 1984 2865 2037 Patrem
2919 1984 3222 2053 ingenitum
3256 1985 3408 2047 dicit,
3442 2001 3547 2039 non

1965 2087 2184 2128 causam
2218 2075 2396 2144 ipsum
2427 2084 2810 2146 agnoscentem
2851 2075 2902 2129 in
2943 2075 3192 2129 lnhendo
3251 2085 3404 2145 patre
3435 2092 3549 2132 sua:

1967 2167 2336 2234 generationis
2365 2181 2554 2233 causa,
2590 2167 2888 2221 secundum
2920 2181 3017 2220 eos
3045 2167 3136 2236 qui
3171 2179 3296 2222 sunt
3320 2168 3372 2220 in
3395 2184 3550 2221 mun-

1965 2257 2054 2310 do.
2095 2256 2222 2311 Ideo
2249 2257 2363 2326 ipse
2394 2258 2613 2326 quidem
2653 2270 2922 2314 estcausa
2965 2257 3206 2312 utPater
3237 2257 3361 2312 Filii
3417 2275 3549 2313 cau-

1964 2363 2080 2402 sam
2112 2349 2362 2404 habentis
2398 2349 2451 2403 in
2497 2350 2614 2404 solo
2669 2349 3038 2418 generationis
3096 2359 3342 2419 puncto;
3408 2351 3551 2404 alius

1967 2452 2146 2495 autem
2183 2442 2304 2508 quis
2348 2458 2454 2495 non
2486 2452 2597 2513 gest
2626 2441 2808 2497 Patris
2838 2443 3188 2512 principium.
3231 2442 3414 2512 Itaque
3443 2443 3549 2498 Ρα-

1964 2543 2047 2589 ter
2084 2535 2208 2590 ideo
2238 2536 2440 2590 dicitur
2461 2537 2722 2600 ἀναίτιος,
2760 2545 3030 2606 quatenus
3083 2537 3200 2605 ipse
3228 2552 3332 2591 non
3386 2538 3548 2592 habet

1962 2635 2172 2696 patrem
2197 2640 2309 2681 suae
2337 2627 2636 2680 existentia:
2666 2642 2911 2680 causam.
2938 2625 3094 2692 Quod
3157 2637 3333 2680 autem
3365 2643 3532 2682 causa

1965 2713 2108 2770 Patri
2134 2714 2444 2777 conveniat,
2504 2724 2790 2768 causatum
2850 2731 2976 2769 vero
3030 2714 3188 2777 Filio,
3241 2717 3543 2786 theologice

1965 2806 2219 2859 traditum
2243 2815 2349 2860 est.
2379 2805 2686 2859 Notandum
2720 2817 2802 2860 est
2835 2814 3012 2860 autem
3042 2806 3338 2861 dictionem
3372 2807 3545 2862 ἀναί-

1965 2911 2088 2960 τιος
2118 2895 2231 2964 (qui
2293 2913 2399 2950 non
2436 2896 2597 2949 habet
2648 2896 2915 2965 causam),
2952 2911 3072 2950 esse
3134 2895 3542 2966 homonymam,

1964 2984 2080 3038 sive
2105 2988 2248 3053 quod
2283 2987 2384 3040 iste
2427 3003 2530 3039 non
2562 2985 2847 3053 subiaceat
2871 3003 3072 3052 caus-.e,
3105 2987 3285 3055 idest,
3318 2989 3535 3043 cuidam

1964 3078 2354 3144 criminationi,
2386 3080 2661 3133 ctdicitur
2689 3079 2788 3131 οὐκ
2839 3079 3029 3143 αἴτιος,
3087 3090 3144 3134 ιιι
3180 3082 3321 3136 istud
3359 3098 3372 3133 :
3411 3082 3544 3136 nihil

1963 3171 2089 3222 milii
2121 3187 2283 3223 causa
2305 3180 2381 3224 est
2403 3212 2416 3235 ,
2479 3171 2592 3226 sive
2623 3171 2766 3240 quod
2794 3171 3042 3226 dicatur:
3076 3171 3155 3224 'l‘u
3183 3174 3313 3226 mihi
3347 3175 3462 3228 cria
3489 3177 3538 3226 i-

1961 3264 2267 3315 nandanon
2324 3277 2406 3325 es,
2467 3279 2566 3316 nec
2613 3277 2714 3331 ego
2783 3271 2832 3316 te
2894 3277 3152 3318 accusare
3201 3264 3432 3318 habeo:
3489 3276 3542 3318 et

1962 3353 2066 3407 hoc
2113 3355 2332 3423 quidem
2367 3363 2450 3408 est
2485 3370 2656 3408 unum
2691 3354 2842 3410 vocis
2871 3355 3108 3417 ἀναίτιος
3147 3356 3537 3423 significatum;

1959 3447 2114 3503 aliter
2143 3457 2322 3502 autem
2349 3449 2434 3502 hic
2459 3448 2833 3517 philosophice
2860 3448 3062 3502 dicitur
3084 3450 3328 3511 ἀναίτιος
3356 3450 3539 3517 Pater,

1959 3540 2050 3607 qui
2075 3552 2182 3592 non
2217 3539 2377 3591 habet
2406 3554 2518 3593 sua:
2569 3540 2940 3607 generationis
2991 3555 3236 3604 causam,
3269 3541 3363 3595 sed
3422 3541 3538 3609 ipse

1963 3645 2096 3684 sane
2128 3645 2292 3684 causa
2353 3640 2436 3685 est
2493 3632 2861 3699 generationis
2905 3629 3299 3690 Filii.causam
3357 3634 3533 3701 reipsa

1958 3719 2227 3773 habentis.
2278 3721 2479 3774 Αἴτιον
2517 3726 2662 3775 enim
2693 3736 2907 3790 semper
2943 3721 3009 3776 ad
3052 3724 3319 3777 αἰτιατόν
3350 3726 3528 3779 refer-

1960 3819 2068 3875 tur,
2103 3810 2247 3865 velut
2289 3811 2520 3866 aliectus
2576 3811 2640 3864 ad
2688 3825 2952 3878 causam;
3012 3823 3062 3865 et
3119 3829 3334 3882 semper
3366 3830 3532 3871 causa

1956 3903 2118 3958 Pater
2143 3915 2226 3957 est
2256 3904 2434 3972 quoad
2470 3901 2687 3967 Filium,
2721 3910 2980 3958 causatus
3003 3913 3183 3957 autem
3215 3906 3301 3959 hic
3347 3912 3524 3974 quoad

1958 3997 2196 4052 Patrem.
2229 3995 2294 4051 Et
2333 3999 2404 4050 ita
2435 3997 2653 4064 quidem
2687 3995 2984 4051 honorifice
3019 3996 3160 4053 Deus
3195 3997 3350 4053 Pater
3377 4002 3533 4055 ἀναί-

1954 4108 2067 4152 τιος
2099 4091 2320 4143 dicitur.
2351 4088 2502 4144 Alias
2537 4098 2740 4154 autem,
2769 4089 2922 4158 juxta
2954 4104 3300 4145 communem
3363 4092 3532 4163 signi-

1957 4181 2286 4246 ficationem,
2317 4183 2494 4253 ipsum
2528 4183 2778 4252 privatim
2807 4183 3082 4237 ἀναίτιον
3103 4186 3304 4251 dicere,
3336 4202 3525 4244 verum

1955 4275 2176 4344 quidem
2209 4285 2311 4341 est,
2355 4291 2459 4329 non
2483 4287 2663 4330 autem
2699 4277 2928 4332 multum
2987 4277 3330 4335 honorabilc.
3387 4281 3528 4348 Quid

1956 4366 2100 4422 enim
2132 4367 2362 4422 sublime
2389 4369 2652 4433 ἀναίτιον,
2685 4370 2798 4425 sive
2823 4371 3116 4434 insontem,
3149 4372 3262 4427 sive
3298 4374 3525 4443 irrepre-

279 4470 501 4541 θρωπος
522 4472 762 4536 ἀκούσας
785 4473 926 4543 ὑπὲρ
949 4473 1168 4540 ἑαυτοῦ,
1197 4473 1521 4540 ἀποδέξαιτο
1541 4475 1606 4529 ἂν
1626 4478 1684 4538 ἐς
1709 4475 1849 4528 λίαν.

1967 4461 2208 4525 liensum,
2247 4463 2425 4515 dicere
2465 4460 2655 4527 Deum,
2691 4471 2742 4517 et
2767 4476 2938 4532 super
2971 4478 3134 4532 quam
3186 4464 3531 4519 criminatio-

349 4739 419 4811 ρ’.
465 4739 664 4794 ’ἰστέον
693 4739 749 4793 δὲ
784 4740 866 4793 ὅτι
911 4756 973 4793 τε
1001 4741 1062 4792 οὐ
1104 4740 1301 4794 ταυτὸν
1351 4741 1595 4804 αἰτιατὸς
1634 4744 1727 4795 καὶ
1773 4744 1856 4798 αί-

272 4831 515 4897 τιατέος,
547 4830 684 4884 ἀλλά
715 4831 744 4884 6
778 4831 876 4901 μὲν
926 4830 1168 4894 αἰτιατὸς
1197 4832 1379 4902 ἀγαθὴ
1429 4831 1596 4898 λέξις,
1622 4833 1650 4884 6
1673 4833 1730 4887 δὲ
1765 4835 1855 4886 ai-

273 4927 493 4990 τιατέος
559 4925 824 4994 ἐπίψογος
854 4939 869 4956 ο
909 4926 1004 4977 καὶ
1056 4924 1140 4978 ὅτι
1178 4925 1228 4977 εἰ
1265 4926 1513 4986 ἀναίτιος
1559 4926 1796 4978 ἐνταῦθα
1825 4927 1854 4978 6

274 5019 488 5088 Πατὴρ,
520 5019 666 5072 καθά
687 5019 926 5088 είρηται,
961 5017 1097 5070 ἀλλὰ
1122 5019 1322 5089 τρόπον
1355 5017 1514 5071 ἄλλον
1537 5017 1710 5080 αἴτιός
1739 5021 1854 5072 ἐστι

273 5113 499 5166 πάντων
553 5111 664 5164 τῶν
697 5110 890 5174 ὄντων,
932 5111 1027 5163 καὶ
1077 5111 1239 5163 αὑτὸν
1293 5109 1598 5179 αἰτιώμεθα
1651 5112 1856 5174 παντὸς

272 5203 470 5268 καλοῦ,
506 5205 626 5273 ἤτοι
671 5205 844 5258 αἴτιον
879 5203 1140 5275 κρίνομεν
1189 5204 1410 5256 πάντων
1450 5203 1555 5255 τῶν
1602 5203 1848 5270 ἀγαθῶν.

270 5297 482 5366 Μηδεὶς
517 5297 574 5350 δὲ
614 5296 827 5359 παίζων
851 5297 1062 5365 λεγέτω
1092 5295 1187 5348 καὶ
1223 5298 1280 5347 τὸ
1325 5295 1398 5365 μὴ
1431 5295 1491 5346 ὃν
1519 5298 1615 5348 καὶ
1654 5296 1714 5347 τὸ
1756 5313 1854 5366 μη-

267 5390 360 5443 δὲν
387 5389 609 5445 ἀναίτια
664 5386 826 5453 εἶναι,
855 5388 926 5450 ὼς
964 5388 1039 5458 μὴ
1088 5387 1238 5450 ὄντος
1271 5387 1413 5449 τινὸς
1443 5389 1618 5454 αἰτίου
1646 5387 1848 5442 αὐτῶν.

269 5481 346 5534 Τὸ
393 5480 497 5551 μὲν
522 5481 632 5550 γὰρ
687 5480 862 5534 αἴτιον
910 5480 1062 5542 ὗντος
1109 5481 1252 5543 τινὸς
1301 5481 1496 5545 αἴτιον,
1546 5482 1658 5533 εἴτε
1693 5480 1851 5533 οὐσία

269 5574 452 5626 ἐκεῖνο
490 5571 548 5624 τὸ
577 5571 640 5624 6v
677 5571 790 5624 εἴτε
823 5570 1169 5640 συμϐεϐηκός
1197 5587 1210 5601 ·
1243 5570 1304 5623 τὸ
1344 5570 1401 5623 δὲ
1443 5572 1518 5639 μή
1555 5569 1635 5634 ὃν,
1673 5571 1851 5623 καὶτὸ

273 5664 466 5733 μηδὲν,
499 5665 660 5733 οὐσίᾳ
694 5663 770 5734 μὴ
819 5664 970 5726 ὅντα,
1002 5663 1189 5734 ὥσπερ
1240 5663 1300 5715 οὐ
1341 5664 1401 5714 τὸ
1431 5661 1630 5729 αἴτιον,
1678 5662 1850 5725 οὕτως

273 5755 395 5809 οὐδὲ
422 5755 484 5808 τὸ
520 5757 760 5812 ἀναίτιον
793 5754 974 5823 ἕξουσι
1010 5754 1488 5826 κατηγορούμενον
1520 5755 1763 5808 ἑαυτῶν⁹
1799 5756 1847 5808 εξ

1961 4569 2084 4608 nem
2110 4553 2132 4606 τ
2155 4552 2310 4619 Quod
2343 4569 2443 4608 nec
2474 4554 2700 4609 illustris
2725 4555 2888 4608 homo
2917 4555 2982 4608 de
3005 4571 3064 4609 se
3090 4556 3270 4610 taliter
3299 4557 3528 4612 audiens

1961 4647 2016 4699 in
2051 4660 2303 4714 magnum
2335 4654 2625 4715 acetpercl.

2030 4735 2153 4790 100.
2183 4737 2322 4789 Nota
2354 4745 2532 4790 autem
2570 4737 2708 4789 idem
2764 4751 2869 4790 non
2925 4751 3047 4811 esse
3079 4739 3326 4804 αίτιατὸς
3353 4750 3408 4795 et
3441 4745 3527 4794 ai-

1958 4828 2195 4892 τιατέος,
2238 4828 2334 4882 scd
2375 4827 2641 4893 αἱτιατὸς
2675 4840 2867 4880 nonam
2901 4843 3025 4884 esse
3059 4829 3408 4900 locutionem,
3438 4837 3530 4888 al-

1957 4921 2191 4986 τιατέος
2241 4921 2672 4988 vituperabilem.
2709 4921 2939 4992 Insuper
2997 4925 3042 4977 si
3099 4925 3260 4979 Pater
3313 4927 3399 4983 hic
3442 4940 3524 4985 cst

1957 5012 2284 5079 ἀναίτιος,ιιι
2321 5012 2419 5064 fuit
2453 5012 2678 5080 dictum,
2709 5025 2764 5067 at
2797 5014 2904 5068 alio
2931 5019 3088 5070 modo
3120 5016 3385 5072 bonorum
3413 5037 3526 5072 oni-

1959 5107 2109 5158 nium
2146 5113 2228 5158 est
2283 5105 2456 5166 αἴτιος
2489 5119 2586 5157 seu
2624 5119 2811 5168 causa,
2879 5105 3166 5177 ipsumque
3239 5109 3527 5180 cujuslibet

1961 5199 2086 5252 boni
2125 5195 2359 5250 facimus
2396 5206 2703 5262 auctorem,
2739 5198 2852 5252 sive
2900 5213 3122 5252 causam
3157 5204 3400 5255 omnium
3429 5206 3524 5257 bo-

1956 5305 2150 5344 norum
2181 5287 2511 5358 jndicamus.
2547 5286 2716 5342 Nemo
2741 5305 2868 5344 vero
2899 5291 3088 5347 ludens
3121 5293 3266 5348 dicat
3302 5297 3350 5348 id
3385 5303 3525 5366 quod

1957 5399 2064 5439 non
2103 5392 2184 5437 est
2218 5393 2269 5436 et
2308 5382 2359 5436 id
2390 5383 2536 5452 quod
2600 5394 2684 5438 est
2748 5384 2904 5448 nihil,
2955 5387 3170 5439 ἀναίτια
3214 5405 3353 5452 esse,
3389 5407 3525 5457 qua-

1959 5485 2110 5530 tenus
2137 5475 2380 5544 ipsorum
2407 5491 2512 5530 non
2538 5476 2834 5546 estaliquis
2859 5487 3080 5543 auctor;
3109 5479 3254 5548 quod
3281 5481 3424 5534 enim
3443 5491 3528 5536 est

1954 5569 2151 5631 αἴτιον,
2193 5583 2317 5623 cum
2350 5568 2421 5624 sit
2461 5569 2696 5639 alicujus
2730 5571 2874 5625 cutis
2934 5586 3121 5636 causa,
3150 5571 3203 5625 id
3254 5570 3369 5625 sive
3398 5575 3527 5627 sub-

1954 5660 2153 5714 stantia
2181 5661 2296 5714 sive
2323 5660 2578 5716 accidens
2604 5675 2721 5729 eSt;
2757 5663 2901 5732 quod
2961 5672 3135 5716 autem
3174 5675 3280 5713 non
3338 5671 3419 5716 est
3473 5677 3529 5718 et

1953 5751 2095 5824 quod
2119 5761 2201 5807 est
2232 5753 2386 5808 nihil.
2423 5769 2546 5808 cum
2575 5755 2896 5811 substantia:
2932 5769 3038 5807 non
3079 5751 3215 5817 sint,
3243 5753 3387 5807 sicut
3416 5771 3523 5810 uon
