3966 6248
425 281 538 349 515
1147 277 1575 343 EUSTATHII
1608 279 1903 341 TlIESSA
1916 277 2061 339 LON
2072 277 2244 338 ICEN
2253 279 2322 338 Si
2328 279 2370 338 S
2421 273 2986 339 METROPOLITAZ
3599 275 3703 341 61%

426 397 603 451 αἰτιον
659 394 741 451 sic
774 409 948 464 neque
1004 393 1251 447 ἀναίτιον
1281 392 1347 446 de
1378 391 1691 462 semetipsis
1741 391 2017 445 habt-bunt

2137 394 2173 443 il:
2204 391 2366 460 τυχὸν
2396 390 2595 444 οὐσίαν
2617 389 2712 443 τοῦ
2742 389 2896 453 ὄντος
2944 391 3041 444 καὶ
3069 385 3166 441 τοῦ
3209 388 3441 460 μηδενὸς
3475 387 3591 458 ἐρεῖ
3620 387 3704 439 ττς

430 489 871 560 pronuntiatum.
904 487 959 541 Si
992 502 1122 540 vero
1153 486 1287 538 forte
1317 489 1441 554 quis
1469 486 1617 540 dicat
1644 483 2007 541 substantiam

2137 476 2263 534 εἶναι
2300 480 2433 534 αὐτὸ
2460 481 2518 532 τὸ
2552 480 2742 550 μηδὲν,
2772 478 2963 543 παίζει
2985 480 3078 532 καὶ
3103 476 3282 542 οὗτος,
3312 477 3505 533 οὐσίαν
3528 477 3702 542 λέγων

434 586 584 640 illius
618 582 764 652 quod
790 597 898 635 non
936 591 1017 632 est
1060 578 1144 631 vel
1174 586 1250 632 est
1285 580 1440 644 nihil,
1468 579 1647 647 ipsum
1674 558 1809 631 nihil
1853 592 2000 640 esse,

2137 572 2217 625 ιαὶ
2239 569 2320 636 ὃν,
2362 569 2422 622 τὸ
2456 570 2783 641 αὐτόχρημα
2814 569 2891 641 μὴ
2920 569 2978 623 δν
3015 570 3112 623 καὶ
3164 569 3334 640 μηδέν
3354 583 3371 600 ’
3403 569 3498 622 καὶ
3537 566 3708 632 υἷι-ως

431 678 569 734 ludit
602 676 689 728 ille
720 673 1083 729 substantiam
1120 680 1173 723 et
1218 687 1318 724 ens
1380 671 1681 734 allirmans,
1742 670 1795 723 id
1861 668 2008 737 quosi

2137 666 2202 725 εἰς
2232 662 2431 716 ἄτοπον
2494 662 2728 730 ἀπάγων
2764 659 2852 712 τὸν
2898 660 3059 729 λόγον
3089 654 3169 722 οἷς
3228 659 3558 730 ἀντιφὰσκει
3582 675 3596 688 ·
3627 659 3705 715 ἔτι

432 769 747 836 reipsa‘nun
783 774 942 818 estet
970 773 1054 816 est
1089 763 1219 816 nihil
1249 780 1265 829 ;
1302 763 1541 816 etvelba
1579 778 1673 828 per
1708 776 1830 831 qtne
1881 775 2014 814 cou-

434 857 652 913 tradicit
702 857 756 910 in
809 856 1110 909 absurdum
1156 855 1438 909 abdttcens
1490 868 1822 907 sermonem.
1862 848 2016 915 Adde

435 949 585 1003 illum
621 946 786 1000 etiam
816 960 933 999 esse
964 945 1134 998 αῐῖιον
1155 959 1247 997 seu
1290 941 1640 1011 principium,
1677 956 1800 993 cum
1840 937 2020 992 medio

437 1039 661 1103 dicitur,
690 1041 780 1104 qui
803 1035 896 1088 dat
919 1035 1214 1102 impulsum
1239 1032 1470 1086 actionis
1496 1031 1572 1084 vel
1594 1029 1884 1099 passionis,
1905 1025 2021 1082 sive

437 1128 834 1198 irreprehensa:
865 1126 979 1180 sive
1001 1125 1364 1194 reprehensa.
1413 1120 1694 1175 Invenitur
1731 1129 1909 1174 autem
1942 1116 2020 1171 lo-

434 1221 587 1276 cutio
646 1218 900 1289 privatim
943 1224 1166 1285 accepta
1239 1217 1302 1269 ad
1364 1214 1569 1283 aliquid
1627 1211 1931 1268 solitarium
1967 1219 2022 1266 et

438 1314 494 1367 in
558 1312 1062 1380 vituperationem;
1120 1307 1351 1377 qualiter
1397 1307 1567 1369 αἴτιος
1627 1304 1720 1374 qui
1776 1303 2023 1373 scripstit

438 1403 759 1460 Callimachi
808 1416 1006 1457 causas
1060 1401 1177 1455 sive
1222 1401 1528 1469 culpandus
1589 1399 1672 1452 vel
1729 1398 2024 1467 reprehen—

439 1499 651 1554 dendus
700 1506 783 1553 est
833 1496 927 1566 qui
965 1496 1093 1551 talia
1154 1495 1417 1565 scripstit.
1473 1494 1677 1548 Nomen
1737 1490 2016 1564 proprium

442 1592 735 1652 Παναίτιος
761 1631 777 1656 ,
817 1589 1179 1644 venerabilem
1232 1588 1445 1642 videtur
1471 1598 1650 1640 tamen
1685 1585 1883 1640 habere
1908 1586 2024 1637 lau-

441 1688 588 1751 dem,
622 1682 950 1753 philosopho
997 1689 1410 1750 congruentem,
1439 1693 1661 1733 causam
1729 1676 2026 1746 cujuslibet

2128 755 2302 813 ἰστέον
2331 756 2426 807 καὶ
2459 753 2541 806 ὅτι
2577 753 2748 815 αἴτιός
2782 754 2903 806 εστι
2927 754 3048 824 μὲν,
3074 753 3163 806 ὅτε
3190 752 3407 821 λέγεται
3433 753 3640 822 μέσως,
3680 755 3708 807 6

2123 847 2382 916 ἀφορμὴν
2411 843 2535 908 δοὺς
2565 843 2822 914 πράξεως
2857 843 2893 913 ἧ
2923 842 3127 906 πάθους
3162 842 3310 904 τινὸ;
3341 841 3374 912 ἢ
3430 842 3639 911 ἀψόγου
3671 843 3702 912 ἠ

2127 936 2396 1006 ἑπιψόγου
2421 952 2435 967 ο
2475 933 2709 1005 εὓρηται
2736 934 2793 986 δὲ
2826 934 2858 1004 ἡ
2898 932 3040 997 λέξις
3082 933 3227 997 ἰδίως
3260 932 3533 1001 ληφθεῖσα
3567 934 3705 986 κατὰ

2127 1047 2179 1082 τι
2215 1030 2449 1101 μονῆρες
2474 1030 2573 1082 καὶ
2604 1030 2696 1083 ἐπὶ
2720 1028 2891 1098 ψόγου
2917 1045 2930 1058 ·
2979 1023 3093 1081 οἷον
3121 1026 3291 1090 αίτιος
3320 1030 3349 1082 6
3373 1025 3593 1097 γράψας
3622 1026 3707 1079 ατο

2126 1139 2219 1176 τια
2263 1122 2640 1190 Καλλιμάχου,
2700 1121 2821 1190 ἦτοι
2874 1119 3145 1181 αἰτιατέος
3194 1117 3290 1172 καὶ
3343 1118 3643 1179 κολαστέος
3685 1118 3709 1170 ό

2126 1214 2344 1289 γράψας
2371 1215 2575 1267 ἐκεῖνα.
2621 1215 2679 1266 '0
2713 1213 2896 1282 μέντοι
2941 1211 3230 1275 Παναίτιος
3276 1210 3338 1263 τὸ
3372 1207 3592 1281 κύριον,
3624 1210 3711 1261 εὖ·

2132 1306 2347 1376 φημίαν
2407 1306 2552 1376 ἔχειν
2584 1306 2730 1359 δοκεί
2772 1305 2998 1375 σεμνὴν,
3038 1302 3314 1373 φιλοσόφῳ
3366 1306 3708 1371 πρέπουσαν,

2132 1394 2333 1455 παντὸς
2366 1395 2695 1463 πράγματος
2726 1394 2909 1447 αἰτίαν
2933 1394 3237 1446 ἀποδιδόντι
3265 1392 3490 1444 δέουσαν
3517 1409 3530 1422 ⁶
3565 1390 3592 1443 ὃ
3618 1391 3711 1459 τῆς

2132 1486 2466 1538 buxeos-cun
2502 1484 2823 1552 φιλοσοφίας
2870 1485 3003 1539 ίδιόν
3051 1485 3190 1549 ἐστι,
3230 1484 3325 1536 καὶ
3370 1484 3516 1537 θετον
3556 1483 3712 1535 αὑτό-

2132 1594 2344 1646 χρημα,
2387 1580 2479 1628 κα¹ι
2515 1575 2634 1646 Θεῴ
2675 1576 2906 1645 πρέπον,
2942 1575 3072 1645 παρ’
3113 1569 3157 1641 ᾧ
3190 1575 3411 1628 πάντων
3453 1574 3512 1627 αί
3541 1571 3712 1626 αἰτίαι

2132 1658 2246 1722 τῶν
2298 1668 2519 1735 ἀγαθῶν
2571 1669 2646 1730 ὡς
2703 1666 3032 1737 πανταιτίῳ,
3083 1664 3178 1718 καὶ
3233 1664 3291 1730 ὃς
3342 1663 3523 1719 πάντα
3560 1663 3714 1725 εἰδὼς

445 1780 523 1834 rei
557 1748 793 1831 tradenti
833 1748 1126 1829 debitama
1157 1771 1301 1841 quod
1368 1771 1615 1839 positivze
1673 1766 2030 1838 philosophiae

2137 1762 2434 1831 διαπέμπει
2474 1759 2676 1827 γνῶσιν
2721 1762 2958 1822 καὶτοῖς
2992 1758 3114 1812 κατ’
3134 1748 3439 1829 ἄνθρωπον
3493 1757 3713 1826 φιλοσο-

443 1871 718 1939 proprium
754 1878 860 1930 est,
893 1882 1124 1934 vereque
1155 1865 1401 1918 divinum
1427 1872 1480 1918 ct
1510 1863 1621 1918 Deo
1654 1863 2017 1925 conveniens,

443 1964 581 2031 apud
609 1976 794 2031 quem,
821 1972 873 2015 ut
914 1962 1160 2017 omnium
1207 1976 1451 2023 causam,
1496 1965 1840 2012 cunctorum
1894 1961 2025 2010 sunt

2129 1855 2313 1924 φοῧσις
2344 1856 2458 1917 τοῖς
2508 1853 2605 1923 μὲν
2649 1852 2707 1917 ἐξ
2761 1852 3085 1924 ἐπιμέτρου,
3139 1855 3252 1916 τοῖς
3295 1849 3342 1909 δ’
3404 1851 3606 1916 ἄλλως,
3637 1849 3714 1911 ὥς

2137 1949 2409 2020 βούλεται.

444 2057 712 2129 principia
741 2057 1030 2119 boum-nni,
1067 2054 1271 2124 quique
1300 2060 1491 2108 cuncta
1519 2050 1722 2114 sciens,
1752 2046 1997 2102 immittit
2020 2044 2306 2100 scientiam
2336 2012 2444 2096 iiiis
2472 2041 2564 2111 qui
2589 2039 2888 2109 secundum
2918 2040 3190 2095 hominem
3222 2036 3579 2111 philosophia:
3603 2042 3718 2087 stu-

444 2149 594 2215 dent,
648 2150 771 2205 aliis
816 2149 1034 2218 quidem
1090 2162 1213 2202 cum
1248 2145 1603 2211 abundantia,
1658 2143 1783 2199 aliis
1815 2151 1997 2197 autem
2036 2140 2214 2206 aliter,
2242 2145 2406 2209 prout
2448 2136 2581 2192 vult.

522 2335 645 2390 101.
699 2334 1161 2408 Ειιιιὶροιιοηιοιη
1196 2337 1280 2390 vel
1305 2336 1550 2406 ejusdem
1607 2336 1864 2406 potentiae
1889 2334 2034 2389 dico-

450 2445 510 2482 re
576 2429 866 2496 Spiritum.
949 2427 1199 2483 eamdem
1275 2430 1381 2482 vim
1469 2428 1652 2485 habet.
1724 2428 1872 2483 idem
1950 2434 2036 2482 est

447 2521 631 2575 dicere
662 2521 730 2575 de
778 2521 1095 2590 ὁμοσθενὲς,
1150 2535 1256 2583 non
1305 2530 1486 2576 autem
1535 2521 1605 2577 de
1633 2520 2032 2593 όμοιοσθενέςι

451 2613 595 2666 sicut
611 2612 754 2665 enim
772 2612 1081 2682 dOginatire
1098 2612 1455 2681 prohibemur
1473 2614 1652 2669 dicere
1673 2612 2036 2682 ὁμοιοούσιον,

450 2706 533 2758 sic
587 2704 752 2759 etiam
816 2704 1177 2774 ὁμοιοσθε.ὲς
1244 2721 1458 2759 necnon
1513 2704 1929 2774 όμοιοδύναμον,
1983 2704 2036 2758 in

455 2795 539 2851 his
562 2812 685 2865 qua:
713 2804 966 2866 spectant
1002 2797 1068 2850 ad
1095 2805 1339 2851 salictam
1372 2795 1721 2853 Trinitatem.
1743 2795 2035 2852 Sciendum

452 2899 634 2943 autem
664 2889 830 2943 etiam
862 2890 1006 2956 quod
1039 2890 1082 2943 si
1110 2890 1333 2959 quidem
1369 2890 1700 2945 scriberetur
1740 2907 1757 2944 :
1796 2887 1904 2944 Par
1939 2887 2037 2941 tibi

454 2981 721 3049 potentia,
771 2981 993 3033 verbum
1030 2982 1279 3036 eamdem
1320 2982 1427 3037 vim
1460 2982 1691 3036 haberet
1726 2996 1828 3036 nec
1851 2981 2035 3053 aliqua

451 3072 835 3142 explanatione
867 3080 1069 3141 egeret.
1097 3071 1151 3127 Si
1180 3088 1307 3127 vero
1336 3073 1473 3128 alias
1494 3073 1776 3129 scribitur:
1804 3075 2033 3145 Πνεῦμα

455 3182 550 3217 σου
598 3180 696 3234 par
738 3166 1004 3234 potentia,
1061 3175 1119 3219 ut
1167 3164 1357 3234 legas:
1395 3167 1623 3236 spiritus
1651 3176 1776 3223 tuus
1804 3183 1902 3238 par
1933 3168 2031 3224 tibi

455 3253 723 3322 potentia,
759 3255 1030 3309 sententia
1061 3256 1387 3311 remittenda
1417 3266 1500 3312 est
1541 3257 1611 3311 ad
1668 3257 1986 3327 psallentem
2011 3274 2028 3341 :
2057 3280 2103 3341 α

454 3344 714 3414 Spiritum
749 3343 844 3414 qui
877 3359 1030 3399 meus
1059 3353 1144 3399 est
1171 3351 1227 3399 et
1256 3343 1456 3412 Patris,
1483 3345 1720 3413 mittam,
1744 3346 1858 3416 jam
1894 3343 2034 3402 alias

454 3434 784 3491 suﬁcienter
803 3436 1159 3506 explicatum.
1191 3437 1486 3508 Νημερτὲς
1526 3447 1704 3494 autem
1742 3439 1892 3494 venit
1916 3456 1948 3496 a
1971 3456 2038 3512 νη

454 3529 724 3599 privativa
748 3539 802 3583 et
829 3545 859 3582 a
888 3529 1054 3583 verbo
1085 3528 1447 3600 ἁμαρτάνειν,
1475 3539 1530 3585 et
1562 3530 1839 3602 signiﬁcat
1870 3548 2037 3588 ve:ax

452 3631 509 3677 et
537 3619 851 3687 infallibile,
912 3622 1410 3690 quomodocunque
1452 3624 1717 3678 veracitas
1767 3624 1909 3679 inter
1940 3625 2039 3680 ho—

459 3715 635 3769 mines
689 3713 943 3768 exerceri
999 3713 1174 3783 possit
1226 3723 1282 3770 et
1306 3715 1612 3770 secundum
1646 3716 1703 3770 id
1746 3717 1893 3787 quod
1927 3732 2035 3772 non

455 3808 734 3862 diceretur
763 3806 928 3860 homo
959 3807 1217 3863 utendas.
1245 3805 1364 3861 Non
1394 3816 1577 3862 autem
1605 3823 1637 3862 a
1667 3820 1821 3864 recto
1852 3800 2040 3864 deVia-

456 3906 561 3965 ret,
596 3898 695 3968 qui
740 3904 1002 3967 tanquam
1057 3897 1378 3953 adverbium
1431 3900 1572 3956 hanc
1625 3901 2035 3970 expressionem

456 3988 747 4057 acciperet,
780 3989 860 4042 uti
893 3989 1045 4057 prius
1075 3991 1179 4043 hoc
1230 3997 1600 4044 monstratum
1664 3998 1772 4053 est,
1836 3989 1917 4045 ita
1974 3998 2034 4045 ut

458 4090 618 4147 poeta
656 4079 836 4135 dicat:
882 4079 1017 4135 Vere
1040 4081 1263 4135 misisti.
1292 4079 1414 4136 Non
1443 4081 1592 4137 enim
1626 4092 1746 4137 erat
1775 4080 2038 4152 possibile

459 4183 513 4226 te
534 4172 822 4226 mentitum
843 4170 1012 4226 fuisse
1033 4172 1337 4229 discentem
1365 4190 1378 4227 :
1418 4174 1836 4242 promissionem
1859 4173 2037 4231 Patris

458 4269 513 4315 te
542 4260 828 4331 discipulis
914 4259 1032 4316 fore
1064 4263 1390 4317 missurum.
1450 4261 1603 4320 Tuus
1660 4266 1809 4320 enim
1856 4279 2037 4321 sermo

460 4354 664 4409 veritas
692 4361 796 4419 est,
831 4363 888 4407 et
909 4361 961 4407 te
994 4352 1201 4408 scimus
1221 4368 1349 4409 esse
1376 4355 1661 4411 veritatem
1691 4357 1890 4426 ipsam,
1924 4372 2036 4413 non

460 4446 642 4496 minus
676 4455 744 4496 ac
775 4451 897 4499 tuos
955 4443 1011 4497 in
1040 4445 1334 4499 sanctitate
1365 4459 1652 4515 compares
1711 4445 1927 4503 Patrem
1982 4455 2038 4503 et

458 4536 750 4605 Spiritum.
770 4533 1040 4591 Locutio:
1069 4536 1263 4593 Misisti
1287 4539 1574 4608 apostolis,
1602 4541 1808 4611 aliquid
1832 4541 2037 4598 habere

2214 2337 2318 2403 ρα’.
2364 2329 2657 2395 Ἰσοσθενὲς
2705 2330 2761 2383 δὲ
2789 2330 3016 2393 Πνευμα
3064 2331 3245 2382 εἰπεῖν
3277 2330 3373 2382 καὶ
3422 2328 3718 2383 ταυτοσθε-

2137 2425 2251 2489 νὲς,
2288 2426 2386 2492 τὴν
2415 2421 2588 2492 αὐτὴν
2628 2421 2742 2490 ἔχει
2772 2420 3008 2492 δύναμιν
3029 2434 3048 2452 ⁸
3076 2418 3178 2490 ἤδη
3204 2418 3261 2473 δὲ
3286 2419 3380 2472 καὶ
3403 2418 3716 2489 όμοσθενὲς,

2137 2516 2197 2567 οὐ
2238 2512 2346 2585 μὴν
2376 2514 2472 2567 καὶ
2503 2512 2879 2582 όμοιοσθενές.
2926 2511 3015 2573 Ὧς
3044 2502 3153 2580 γὰρ
3184 2509 3494 2564 κεκώλυται
3521 2510 3721 2579 δογμαο

2136 2605 2305 2669 τικῶς
2341 2607 2400 2658 rb
2426 2603 2789 2673 όμοιοούσιον,
2826 2602 2971 2657 οὕτω
3018 2603 3200 2657 καὶτὸ
3244 2602 3595 2672 ὁμοιοσθενὲς
3629 2600 3720 2654 ἐπὶ

2143 2699 2244 2768 τῆς
2277 2699 2440 2768 ἁγίας
2463 2696 2715 2766 Τριάδος,
2736 2696 2956 2750 καθάτε
2982 2697 3043 2750 rb
3070 2695 3483 2766 όμοιοδύναμον.
3522 2693 3720 2749 ’ἰστέον

2142 2791 2200 2845 δὲ
2231 2793 2328 2846 καὶ
2354 2790 2432 2855 ὡς
2461 2791 2511 2844 εί
2547 2791 2648 2860 μὲν
2677 2790 2954 2860 γράφεται
2984 2788 3258 2852 ἰσοσθενές
3282 2805 3390 2857 σοι,
3418 2788 3521 2860 τὴν
3550 2787 3717 2858 αὐτὴν

2138 2884 2256 2956 ἔχει
2286 2883 2541 2953 δύναμιν,
2576 2882 2639 2937 οὐ
2679 2881 2862 2937 δέεταί
2893 2898 3038 2948 τινος
3066 2880 3391 2946 ἱπιστασίας
3414 2865 3481 2936 ’τὸ
3517 2881 3713 2951 ῥητόν·

2136 2978 2188 3032 εί
2221 2975 2266 3029 δ’
2321 2975 2499 3039 ἄλλως
2543 2975 2816 3047 γράφεται
2869 2972 3142 3037 ίσοσθενές
3192 2990 3290 3029 σου
3324 2971 3581 3044 Πνεῦμα,
3636 2972 3718 3029 ίνα

2138 3069 2271 3141 λέγῃ
2303 3069 2363 3123 rb
2406 3069 2636 3140 Πνεῦμά
2662 3086 2756 3122 σου
2787 3069 2848 3122 τὺ
2885 3069 3154 3133 ἰσοσθενές
3190 3085 3293 3135 σοι,
3326 3066 3715 3137 ἀναπεμπτέον

2135 3162 2237 3233 τὴν
2263 3161 2479 3221 ἔννοιαν
2506 3164 2587 3224 είς
2611 3163 2704 3215 τὸν
2736 3160 3036 3231 ψάλλοντα,
3062 3161 3122 3215 rb
3157 3157 3386 3226 Πνεῦμα
3408 3160 3469 3213 rb
3498 3159 3633 3230 ὲμόν
3657 3175 3715 3213 τε

2137 3257 2231 3309 καὶ
2270 3254 2483 3326 Πατρὸς
2513 3253 2824 3321 ἀποστελῶ,
2857 3253 3202 3325 ἑξηγημένον
3251 3254 3460 3326 ἑτέροις
3491 3251 3714 3316 ίκανῶς.

2136 3346 2210 3400 Τὸ
2245 3345 2303 3400 δὲ
2330 3346 2608 3416 νημερτὲς
2636 3344 2846 3415 γίνεται
2892 3345 2991 3416 μιν
3029 3347 3095 3400 ἐκ
3121 3344 3218 3398 τοῦ
3266 3361 3347 3416 νη
3391 3341 3714 3419 στερητικοῦ

2137 3440 2235 3493 καὶ
2267 3437 2363 3493 τοῦ
2403 3437 2766 3508 ἁμαρτάνειν,
2815 3439 2912 3492 καὶ
2941 3436 3093 3510 δηλοῖ
3138 3436 3341 3507 ἀληθὲς
3372 3438 3469 3493 καὶ
3518 3438 3719 3492 ἀπται-

2139 3547 2265 3585 στον
2291 3532 2350 3584 ὲν
2381 3529 2462 3601 τῷ
2489 3528 2741 3584 ὁπωσοῦν
2782 3528 3138 3602 ἀνθρωπίνως
3175 3530 3463 3600 ἀληθεύειν
3486 3546 3501 3562 ·
3535 3529 3658 3584 καθ’
3686 3528 3715 3582 δ

2136 3624 2236 3676 καὶ
2259 3622 2550 3692 ἄνθρωπος
2574 3623 2677 3677 οὐκ
2700 3623 3143 3695 ἀφαμαρτοεπής
3168 3624 3364 3695 ῥηθείη
3389 3623 3479 3680 ἄν.
3508 3623 3626 3678 Οὐκ
3651 3623 3715 3679 ἂν

2134 3715 2192 3769 δὲ
2227 3715 2458 3787 σφαλείη
2489 3715 2582 3769 τοῦ
2612 3715 2845 3783 δέοντος,
2879 3716 2934 3770 εί
2961 3733 3047 3781 τις
3078 3717 3170 3771 καὶ
3192 3717 3269 3783 ὡς
3304 3718 3594 3789 ὲπίρῤημα
3622 3719 3708 3771 ὲν-

2136 3809 2312 3864 ταῦθα
2343 3809 2488 3883 λάὸῃ
2514 3809 2615 3880 τὴν
2660 3807 2806 3874 λέξιν
2849 3808 3077 3877 ταύτην,
3118 3808 3264 3864 καθὰ
3292 3810 3389 3863 καὶ
3420 3810 3556 3864 αὐτὸ
3583 3827 3716 3881 προ-

2134 3904 2453 3978 δεδήλωται,
2477 3903 2566 3983 ἵνα
2594 3901 2729 3975 λέγῃ
2753 3905 2783 3957 6
2802 3902 3035 3973 Ποιητὴς
3056 3903 3162 3971 ότι,
3191 3900 3463 3974 ’Δψευδῶς
3485 3902 3715 3973 ἐξέτεμ-

2134 3998 2266 4070 ψας.
2322 3999 2398 4054 Οὐ
2456 3999 2565 4071 γὰρ
2622 3994 2692 4069 ἦν
2736 3996 3045 4067 ψεύσασθαί
3103 4015 3163 4052 σε
3202 3998 3428 4053 εἰπόντα
3483 3998 3561 4062 ὡς
3613 3997 3712 4067 τὴν

2137 4091 2469 4163 ἐπαγγελίαν
2493 4092 2591 4146 τοῦ
2618 4090 2829 4165 Πατρός
2857 4091 3244 4158 ὲξαποστελεῖς
3267 4095 3381 4157 τοῖς
3410 4091 3710 4162 μαθηταῖς.

2151 4183 2212 4239 '0
2248 4185 2359 4255 γὰρ
2384 4185 2545 4253 λόγος
2574 4186 2603 4239 6
2630 4184 2721 4248 σὸς
2746 4183 2980 4256 ἀλήθειά
3003 4186 3142 4249 sort,
3164 4183 3356 4241 καθότι
3387 4185 3483 4242 καὶ
3514 4185 3710 4239 αὐτοα-

2137 4275 2361 4347 λήθειάν
2393 4293 2452 4333 σε
2476 4276 2703 4347 οἴδαμεν
2729 4278 2850 4331 κατ’
2878 4277 2991 4331 ίσον
3029 4281 3145 4343 τοῖς
3183 4278 3612 4347 συναγιωτάτοις
3632 4278 3710 4350 τῷ

2140 4369 2315 4438 Πατρὶ
2343 4369 2438 4422 καὶ
2466 4367 2543 4439 τῷ
2567 4368 2846 4440 Πνεύματι
2863 4385 2879 4400 ·
2913 4370 2977 4425 rb
3000 4371 3085 4437 δὲ,
3106 4368 3458 4441 Ἐξέπεμψας
3481 4371 3714 4427 ἀποστό-

2138 4460 2274 4525 λοις,
2308 4460 2455 4532 εχειν
2485 4479 2541 4517 τι
2563 4462 2691 4534 ἄρτι
2731 4463 2828 4521 καὶ
2853 4466 2916 4517 τὸ
2958 4464 3113 4533 ἅγιον
3140 4464 3368 4535 Πνεῦμα
3390 4466 3547 4535 δηλοῖ
3569 4480 3586 4499 °
3618 4466 3713 4519 καὶ

2139 4554 2325 4610 καινὸν
2353 4555 2508 4609 οὐδέν
2551 4556 2702 4610 ἐστιν
2747 4555 2894 4611 οὕτω
2925 4558 3153 4626 νοῆσαι·
3192 4558 3556 4629 Παράκλητον
3606 4558 3713 4626 γὰρ

458 4640 604 4681 nunc
626 4627 788 4681 etiam
812 4637 1063 4682 sanctum
1097 4626 1358 4696 Spiritum
1390 4627 1733 4685 demonstrat
1755 4646 1774 4699 ς
1798 4645 1902 4687 nec
1932 4635 2031 4687 mi-

2143 4646 2203 4698 rb
2236 4646 2393 4714 ἅγιον
2435 4646 2663 4717 Πνεῦμα
2710 4650 2823 4711 τοῖς
2854 4647 3129 4719 μαθηταῖς
3167 4626 3523 4716 ἀπέσταλται,
3565 4653 3656 4704 καὶ
3685 4652 3713 4702 6

455 4734 576 4772 rum
607 4727 694 4772 est
725 4720 795 4773 ita
831 4721 1072 4774 sentire:
1109 4718 1429 4775 Paracletus
1454 4722 1601 4776 enim
1637 4732 1860 4778 sanctus
1907 4723 2032 4793 Spi-

455 4812 593 4866 ritus
622 4813 886 4881 apostolis
917 4811 1119 4867 missus
1148 4823 1267 4879 est;
1299 4811 1548 4868 Salvator
1571 4824 1751 4870 autem
1784 4815 2033 4873 Christus

457 4900 682 4955 nuntius
716 4902 877 4956 nobis
908 4917 937 4954 a
974 4901 1133 4956 Patre
1168 4904 1430 4960 salutaris
1490 4907 1659 4973 venit;
1691 4907 1836 4963 sicut
1863 4923 2031 4978 ange-

455 4988 671 5057 lus,qui
694 5004 861 5059 super
883 5006 1074 5046 onines
1120 4994 1343 5064 angelos
1380 5005 1484 5062 est,
1509 5007 1698 5068 utpote
1734 5002 2034 5069 supersub—

457 5082 752 5136 stantiatis.
782 5083 895 5136 Vox
919 5096 1099 5138 autem
1127 5085 1387 5154 beneﬁcus
1425 5092 1665 5144 ostendit
1698 5092 2033 5149 manifestis-

458 5175 598 5228 sime
617 5175 1026 5227 beneticentiam
1040 5192 1159 5231 esse
1179 5194 1299 5246 qua:
1317 5193 1345 5231 a
1364 5178 1474 5235 Deo
1494 5180 1718 5237 veniunt
1733 5184 2037 5240 charisma-

458 5273 535 5328 ta,
559 5278 659 5318 nec
671 5266 895 5319 omnino
916 5273 1127 5329 tantum
1151 5270 1202 5322 in
1221 5274 1559 5341 particulari,
1583 5277 1676 5332 sed
1718 5277 2030 5332 communi-

457 5366 571 5411 ter:
594 5357 794 5411 bonum
813 5359 976 5429 igitur
994 5370 1123 5417 tunc
1140 5365 1402 5433 apostolis
1421 5367 1670 5433 missum,
1691 5369 1757 5424 ad
1783 5383 1881 5424 nos
1899 5370 2040 5427 huc-

457 5465 633 5520 usque
651 5453 894 5519 pervenit
916 5464 968 5508 et
990 5455 1043 5509 in
1064 5466 1325 5512 aeternum
1360 5461 1658 5529 perveniet.
1688 5461 1804 5517 ΙΙοο
1825 5473 2033 5533 autem,

458 5540 642 5597 Gloria
664 5549 914 5612 potestati
933 5559 1058 5613 tute,
1079 5549 1375 5605 insinuatio
1406 5563 1491 5608 est
1513 5555 1655 5623 quod
1673 5566 1924 5625 patentes
1967 5559 2037 5616 ad

456 5638 810 5696 imitationem
849 5641 939 5697 Dei
970 5644 1244 5700 beneﬁcos
1296 5660 1417 5703 esse
1442 5657 1679 5717 oportet.

2141 4738 2333 4808 Σωτὴρ
2371 4738 2428 4793 δὲ
2455 4739 2693 4809 Χριστὸς
2723 4740 3025 4804 ἀπόστολος
3067 4743 3198 4811 ἡμῖν
3225 4742 3500 4813 πατρόθεν
3544 4744 3715 4813 auri;-

2145 4842 2258 4901 ριος
2288 4827 2489 4901 ἦλθεν
2543 4832 2690 4906 καθὰ
2723 4833 2819 4887 καὶ
2869 4833 3101 4902 ἄγγελος
3129 4836 3159 4887 6
3206 4834 3349 4906 ὑπὲρ
3378 4836 3588 4899 πάντας
3610 4836 3709 4903 ἀγ⁴

2140 4921 2356 4991 γέλους,
2385 4924 2468 4977 ὄτι
2521 4929 2618 4978 καὶ
2673 4925 3030 4996 ὑπεροὺσιοςο
3079 4927 3138 4980 τὸ
3180 4926 3239 4981 δὲ
3268 4928 3349 4994 ὡς
3376 4927 3712 5000 εὐεργέτης,

2139 5014 2290 5085 δηλοῖ
2334 5017 2654 5087 σαφέστατα
2699 5021 3026 5088 εὐεργεσίαν
3054 5018 3199 5076 εἶναι
3227 5023 3297 5075 τὰ
3330 5023 3517 5077 θεόθεν
3558 5025 3712 5095 χαρί-

2142 5125 2347 5178 σματα,
2387 5112 2486 5163 καὶ
2516 5111 2738 5175 πάντως
2768 5112 2868 5182 οὐχ
2900 5114 3090 5177 ἁπλῶς
3118 5115 3178 5168 ἐν
3208 5116 3385 5186 μέρει,
3424 5116 3560 5171 ἀλλὰ
3595 5133 3708 5169 κοι-

2141 5200 2260 5263 νάς.
2300 5201 2373 5255 Τὸ
2406 5203 2538 5270 γοῦν
2565 5208 2678 5264 τοῖς
2704 5207 3026 5270 ἀποστόλοις
3052 5209 3303 5277 πεμφθὲν
3329 5226 3460 5267 ποτε
3484 5207 3707 5279 ἀγαθὸν,

2143 5294 2237 5347 καὶ
2265 5294 2345 5356 είς
2363 5295 2511 5364 ἡμᾶς
2539 5295 2808 5350 διαϐαίνει
2832 5297 2998 5368 μέχρι
3019 5303 3115 5353 καὶ
3139 5300 3256 5368 νῦν,
3285 5305 3377 5356 καὶ
3404 5304 3486 5367 είς
3510 5302 3713 5365 αίῶνας

2141 5384 2493 5456 διαδήσεταιο
2526 5389 2588 5443 τὸ
2619 5390 2700 5456 δὲ,
2731 5393 2889 5458 Δόξα
2940 5392 3020 5459 τῷ
3066 5393 3270 5464 κράτει
3308 5412 3450 5464 σου,
3486 5396 3713 5468 αἰνιγμά

2144 5477 2261 5529 ἐστι
2295 5477 2390 5529 τοῦ
2425 5480 2623 5549 χρῆναι
2655 5483 2784 5546 τοὺς
2812 5485 3110 5554 κραταιοὺς
3150 5486 3536 5557 εὐεργετικοὺς
3575 5482 3715 5563 εἰνᾳ

2144 5570 2281 5639 πρὸς
2313 5570 2447 5624 Θεοῦ
2482 5574 2735 5644 μίμησιν.
