3966 6248
503 372 832 444 Τροπὰριον
863 372 1100 440 πρῶτον
1126 373 1236 443 τῆς
1259 375 1548 442 τετάρτης
1571 367 1751 437 ᾠδῆς.

407 466 552 523 VIII.
584 468 826 537 Λουτρδν
864 467 925 520 τὸ
951 467 1094 520 θετον
1122 467 1220 538 τῆς
1251 463 1669 534 παλιγγενεσίας

584 561 748 628 Λογῳ
779 561 1048 628 κεραννὺς
1087 559 1476 629 συντεθειμὲνῃ
1525 557 1706 624 φύσει.

599 651 1031 724 Ὀμσροόλυτεῖς
1069 669 1162 721 μοι
1197 651 1412 722 ῥεῖθρον
1449 653 1507 716 te
1535 651 1818 721 ἀκηράτου

587 747 954 817 Νενυγμένης
987 763 1084 800 σου
1111 747 1377 816 πλευρᾶς,
1407 737 1452 798 ὧ
1484 745 1621 798 Θεοῦ
1655 743 1819 812 Λόγε,

601 837 1053 910 Ἐπισφραγίζων
1079 839 1146 909 τῇ
1184 836 1335 902 ζέσει
1381 835 1477 890 τοῦ
1512 834 1852 906 Πνεύματος.

409 933 516 1006 ρβ’.
551 933 812 1004 Χορεύων
842 930 1320 1002 ὲκκλησιαστικῶς
1351 931 1380 984 6
1409 929 1556 1000 ἱερὸς
1583 923 1738 992 οὗτος
1769 944 1930 981 πνευο

337 1027 610 1098 ματῳδὸς,
649 1028 743 1080 καὶ
771 1023 1109 1080 δαιταλεύων
1153 1023 1446 1094 φιλοτήσια
1489 1023 1585 1076 καὶ
1626 1038 1930 1093 πνευματι-

336 1120 447 1184 κῶς
495 1119 766 1190 τρυφερά,
821 1118 916 1171 καὶ
973 1115 1248 1184 ἀγλαῖζων
1297 1115 1397 1186 τὴν
1455 1113 1652 1186 ἑορτὴν
1708 1114 1930 1169 ἑννοιὼν

337 1214 660 1278 ποικιλίαις,
689 1212 767 1277 ὡς
811 1211 1046 1277 ἔξεστιν,
1076 1209 1320 1282 ὀχετεύει
1367 1211 1421 1273 ἐς
1455 1209 1555 1279 τὴν
1585 1207 1713 1280 ἄρτι
1759 1225 1928 1262 πνευο

340 1306 578 1375 ματικὴν
606 1289 943 1374 πανήγυριν,
965 1307 1059 1356 καὶ
1084 1301 1365 1356 θειοτάτου
1395 1301 1622 1370 λουτροῦ
1651 1301 1927 1372 κέρασμα,

335 1398 396 1452 οῦ
439 1397 519 1466 τῷ
557 1398 698 1468 ἁγίῳ
740 1399 1023 1469 Πνεῦματι
1062 1398 1313 1467 μέτεστι,
1345 1396 1409 1450 τὸ
1444 1395 1504 1450 δέ
1529 1397 1650 1450 ἔστι
1694 1400 1758 1448 τὸ
1789 1395 1931 1448 κατὰ

334 1491 396 1544 τὸ
427 1489 590 1559 άγιον
623 1490 931 1560 βάπτισμα,
975 1489 1068 1543 καὶ
1106 1487 1413 1543 διατίθεται
1442 1489 1541 1558 τὴν
1587 1487 1802 1542 ἔννοιαν
1829 1488 1924 1543 τοῦ

335 1583 639 1653 τροπαρίου
669 1583 918 1652 γλυκέως
961 1582 1037 1644 ὡς
1071 1581 1208 1652 πρὸς
1261 1579 1588 1635 ἀκολουθίαν
1629 1579 1930 1650 λουτρῶνος

1140 265 1224 326 IN
1255 263 1592 329 HYMNUM
1631 250 2288 321 PENTECOSTALEM
2330 249 2797 313 DAMASCENI.

3505 247 3614 316 618

2423 357 2740 427 ’I'roparium
2773 358 2792 410 l
2833 363 3040 427 quarta:
3071 355 3210 413 odia.
3263 399 3266 404 .

2244 476 2504 533 Balneum
2541 474 2787 531 divinum
2824 472 3255 545 regenerationis

2243 571 2424 628 Verbo
2457 570 2697 627 miscens
2734 567 3056 639 compositae
3082 577 3312 633 naturae,

2243 664 2573 736 Suppeditas
2607 661 2739 717 mihi
2779 675 2975 732 aquam
3010 676 3076 716 ex
3107 661 3426 730 incorrupto

2247 759 2543 813 Vulnerato
2565 765 2660 811 tuo
2687 756 2879 817 latere,
2907 769 2942 808 ο
2979 753 3074 808 Dei
3111 751 3374 820 Verbum,

2247 849 2508 919 Sigillans
2534 847 2747 902 fervore
2773 845 3035 915 Spiritus.

2106 943 2222 998 £02.
2259 943 2472 998 Chorus
2499 941 2704 994 ducens
2732 939 3140 998 ecclesiasticos
3165 954 3324 997 sacer
3353 940 3446 998 ille
3494 937 3621 1011 δρία

2047 1036 2154 1089 ritu
2181 1035 2397 1105 plenus,
2429 1041 2484 1087 et
2517 1032 2761 1086 invitans
2788 1031 2856 1084 ad
2888 1031 3204 1102 spirituales
3235 1032 3620 1105 amabilesque

2032 1127 2281 1193 delicias,
2308 1135 2472 1198 atque
2535 1127 2934 1182 sententiarum
2987 1125 3369 1194 varietatibus,
3429 1137 3494 1184 ut
3531 1128 3616 1196 fit,

2034 1216 2389 1273 festivitatem
2438 1231 2737 1284 exornans,
2767 1215 2978 1273 diducit
3008 1218 3064 1274 in
3115 1228 3442 1288 praesentem
3507 1218 3621 1289 spi-

2035 1310 2288 1366 ritualem
2319 1318 2524 1367 emtum
2585 1310 2750 1366 etiam
2805 1310 3134 1367 divinissimi
3200 1311 3378 1369 balnei
3406 1313 3633 1369 mistio--

2037 1421 2184 1468 nem,
2217 1405 2364 1472 quod
2391 1419 2515 1460 cum
2561 1416 2754 1461 sancto
2785 1403 2995 1476 Spiritu
3020 1411 3230 1476 partem
3268 1405 3431 1462 habet
3487 1405 3618 1478 (hoc

2034 1513 2138 1561 εει.
2177 1500 2354 1553 sancti
2402 1499 2747 1569 baptismatis
2786 1500 3088 1568 lavacrum)
3134 1538 3150 1565 ,
3181 1506 3239 1554 et
3266 1499 3466 1554 eximie
3497 1513 3624 1555 scn-

2039 1592 2264 1644 tentiam
2297 1591 2535 1660 stropha:
2565 1590 2829 1660 disponit,
2865 1601 3125 1661 tanquam
3153 1591 3222 1646 ad
3258 1591 3437 1647 balnei
3487 1603 3622 1647 con-

335 1678 559 1740 ὁποίους
593 1677 645 1730 οἱ
696 1676 1112 1746 καθαρειὸτεροι
1167 1673 1540 1739 σκευάζουσιο
1597 1673 1933 1742 κεράννυται

2045 1684 2292 1743 scctaria,
2321 1685 2502 1752 qualia
2536 1683 2880 1740 balneatores
2926 1695 3141 1754 parant.
3171 1685 3428 1741 Miscetur
3473 1687 3630 1742 enim-

347 1774 446 1840 γὰρ
494 1770 624 1841 παρ’
676 1771 908 1831 ἐκείνοις
945 1769 1005 1822 τὸ
1061 1767 1257 1838 λοῦμα,
1313 1765 1560 1837 θυμῆρες
1609 1765 1744 1819 αὐτὸ
1784 1767 1925 1819 κατὰ

2045 1775 2108 1829 ab
2139 1777 2256 1830 istis
2298 1777 2595 1842 lavacrum,
2624 1778 2680 1832 in
2716 1791 2879 1848 caput
2911 1787 2965 1834 et
2989 1780 3249 1834 humeros
3305 1777 3438 1833 illud
3491 1792 3622 1850 gra-

337 1864 539 1934 κράτος
594 1879 652 1914 τε
702 1861 796 1916 καὶ
846 1859 1012 1930 ὤμων
1065 1859 1494 1930 κερασκμὲνοις,
1547 1857 1643 1910 καὶ
1698 1857 1912 1929 ῥεῖθρον

338 1962 524 2014 ἐκεῖσε
553 1960 870 2030 χορηγεῐτςι
903 1957 1086 2026 ἱλαρὸν
1112 1955 1300 2008 ὁποῖόν
1328 1971 1382 2007 τι
1417 1955 1506 2007 καὶ
1535 1954 1598 2007 τὸ
1645 1953 1877 2024 δμὸριον
1905 1972 1918 1984 ο

338 2051 756 2122 φιλοτιμοῦνται
799 2050 861 2102 δῖ
887 2048 1037 2113 ζέσιν
1093 2048 1291 2102 ἐκεῖνοι
1340 2044 1740 2114 ἀγαθύνουσαν.
1781 2046 1924 2117 Πρὸς

338 2146 472 2213 γοῦν
524 2144 787 2212 τοιαύτην
825 2141 972 2194 ἰδέαν
1021 2139 1199 2194 ἕλκων
1223 2142 1250 2195 6
1281 2138 1520 2211 μελῳδὸς
1562 2137 1661 2208 τὴν
1685 2138 1926 2192 διάθεσιν

337 2238 435 2292 τοῦ
491 2233 848 2306 ὲορταστικοῦ
883 2232 1037 2286 τοῦδε
1078 2233 1403 2302 τροπαρίου,
1457 2230 1668 2284 ἔννοιαν
1719 2230 1922 2300 γράφει

338 2329 550 2385 τοιάνδε
573 2346 586 2360 ·
613 2326 685 2382 ’Ὢ
738 2327 874 2381 Θεοῦ
911 2329 1073 2394 Λὸγι,
1107 2327 1166 2380 το
1199 2325 1344 2378 θεῖον
1385 2323 1609 2395 λουτρὸν
1654 2325 1751 2394 τῆς
1787 2324 1922 2394 Χρι-

341 2421 629 2491 στιανικῆς
652 2420 1078 2488 παλιγγενεσίας
1127 2418 1400 2490 κεραννῦς
1437 2420 1505 2488 τῇ
1538 2418 1662 2472 κατ’
1709 2418 1924 2490 ἀνθρω-

340 2533 441 2568 πον
459 2514 560 2585 οὐχ
582 2514 753 2584 ἁπλῇ,
774 2514 913 2566 ἀλλὰ
936 2511 1325 2582 συντεθειμένῃ
1353 2512 1536 2582 φύσει,
1562 2515 1628 2584 τῇ
1654 2514 1721 2566 ὲκ
1746 2512 1925 2583 ψυχῆς

340 2608 547 2679 δηλαδὴ
595 2607 868 2661 ἀθανάτου
925 2605 1020 2658 καὶ
1071 2604 1318 2676 φθαρτοῦ
1374 2605 1664 2676 σώματος’
1718 2604 1836 2666 πῶς
1868 2603 1924 2656 δὲ

342 2701 478 2756 αὐτὸ
531 2698 949 2770 συγκεραννύς;
1010 2696 1154 2767 λόγῳ
1212 2695 1417 2766 δηλαδὴ
1479 2696 1594 2764 σῷ,
1648 2696 1926 2750 τουτέστιν

344 2795 549 2862 ἐλλόγῳ
580 2791 828 2846 κελεύσει
882 2792 978 2845 καὶ
1023 2789 1293 2866 ἀναλογίᾳ
1348 2792 1636 2860 πρεπούσῃ
1689 2789 1758 2857 τῇ
1805 2785 1926 2840 κατ’

347 2885 637 2954 ἄνθρωπον
683 2882 1011 2956 θεοπλαστίᾳ
1036 2899 1048 2914 ·
1081 2883 1115 2953 ἦ
1151 2883 1246 2935 καὶ
1286 2881 1484 2944 άλλως,
1518 2881 1675 2950 Λόγῳ
1705 2880 1782 2950 τῷ
1826 2879 1916 2932 διὰ

345 2978 455 3030 τῶν
495 2977 816 3045 ἁγιωτάτων
851 2973 1327 3046 ἐκκλησιαστικῶν
1374 2971 1577 3044 εὐχῶν,
1617 2970 1926 3042 ὀμϐροϐλυ-

2035 1877 2149 1922 tum
2177 1868 2606 1935 infundentibus,
2633 1869 2872 1940 huicque
2907 1870 3053 1927 velut
3075 1870 3251 1925 imber
3279 1870 3437 1925 dulce
3460 1869 3623 1925 didu-

2033 1960 2177 2013 citur
2207 1960 2491 2015 iluentum.
2523 1960 2736 2017 Lurant
2766 1973 2947 2018 autem
2979 1961 3065 2018 isti
3098 1961 3366 2017 fervorem
3393 1963 3618 2017 bonum.

2035 2049 2382 2106 .luxtatalcm
2438 2053 2602 2122 igitur
2635 2053 2799 2124 hujus
2845 2055 3082 2124 strophae
3117 2054 3419 2124 disponens
3474 2054 3622 2109 ordi-

2035 2158 2158 2197 nem
2197 2143 2467 2208 melotlus,
2498 2145 2706 2200 hancce
2752 2146 2946 2202 scribit
3005 2146 3331 2202 sententiam
3364 2161 3380 2198 :
3411 2141 3458 2202 0
3485 2145 3624 2200 Deus

2043 2233 2275 2288 Verbum
2301 2235 2395 2305 qui
2411 2235 2737 2292 Christianae
2755 2236 3186 2307 regenerationis
3202 2236 3448 2292 divinum
3472 2237 3622 2291 lavav

2035 2339 2189 2379 t'rum
2225 2325 2488 2382 miscuisti
2525 2334 2736 2382 naturai
2767 2328 3044 2394 humanae,
3078 2343 3188 2383 non
3222 2326 3478 2394 simplici,
3529 2325 3632 2382 sed”

2035 2417 2375 2488 compositio,
2392 2433 2458 2477 ex
2473 2419 2655 2474 anima
2668 2419 2873 2476 scilicet
2893 2419 3191 2476 immortali
3210 2431 3262 2476 et
3277 2418 3630 2492 corruptibili:

2034 2526 2283 2581 corpore.
2307 2511 2592 2578 Quomodo
2606 2522 2788 2568 autem
2818 2513 2950 2570 illud
2978 2511 3414 2570 commiscuisti?
3444 2510 3622 2570 Verbo

2037 2611 2154 2666 tuo,
2182 2602 2234 2657 id
2252 2611 2359 2668 est,
2377 2603 2630 2660 rationali
2659 2603 3011 2660 ordinatione
3031 2612 3086 2659 et
3106 2603 3359 2674 analoqia
3380 2605 3450 2657 ad
3485 2603 3629 2658 divi-

2039 2711 2162 2750 nam
2205 2695 2443 2751 hominis
2505 2694 2997 2752 conformationem
3067 2692 3435 2750 convenknti.
3485 2693 3668 2748 aliis.

2037 2789 2241 2854 verbis,
2275 2791 2441 2845 verbo
2465 2799 2556 2844 tuo
2579 2805 2675 2861 per
2714 2789 3092 2846 sanctissimas
3127 2786 3386 2845 Ecclesia:
3412 2779 3625 2857 pl'eces,

2041 2880 2200 2946 mihi,
2256 2881 2401 2937 uitta
2437 2893 2690 2938 ceteram
2721 2882 3080 2938 imitationem
3107 2896 3229 2953 qua:
3268 2880 3628 2951 corporaliter

2039 2980 2282 3042 apparet,
2333 2982 2387 3028 et
2440 2974 2658 3028 aliunde
2687 2973 2989 3029 theoretice
3025 2980 3328 3043 reputatur,
3365 2979 3626 3041 tanqua

346 3068 460 3130 τεῖς
502 3083 594 3134 μοι
625 3066 886 3118 ἐπέκεινα
923 3065 1022 3135 τῆς
1049 3064 1242 3134 λοιπῆς
1275 3063 1673 3133 ἱεροτελεστίας
1713 3064 1810 3130 τῆς
1839 3062 1932 3116 καὶ

2045 3065 2265 3120 imbrem
2309 3065 2555 3122 infundis
2585 3065 2848 3122 fluentum
2874 3081 2936 3120 ex
2965 3065 3261 3137 purissimo
3287 3075 3389 3121 tuo;
3434 3063 3635 3128 latere,

351 3159 677 3228 σωματικῆς
708 3158 1067 3229 φαινομένης,
1095 3157 1194 3212 καὶ
1227 3155 1403 3218 ἄλλως
1434 3155 1491 3209 δὲ
1526 3153 1934 3224 θεωρητικώτε-

353 3269 445 3322 ρον
475 3252 801 3322 νοουμένης,
836 3253 934 3306 καὶ
977 3251 1039 3304 τὸ
1069 3251 1136 3304 ὲκ
1187 3249 1286 3320 τῆς
1315 3248 1606 3318 ἀκηράτου
1634 3264 1731 3302 σου
1765 3247 1957 3300 πλευο.

353 3347 455 3414 pi;
506 3345 723 3417 ῥεῖθρον
775 3345 916 3414 τῆς,
964 3341 1254 3414 γραφικῶς
1315 3342 1537 3407 εἰπεῖν,
1593 3339 1932 3409 νενυγμένης

350 3438 524 3510 λόγχῃ
567 3438 960 3508 στρατιωτικῇ,
1012 3437 1108 3491 καὶ
1144 3434 1224 3506 τῷ
1273 3433 1504 3505 τοιούτῳ
1539 3433 1672 3505 θείῳ
1723 3433 1937 3504 λουτρῷ

355 3529 818 3600 προσεπιδάλλεις
849 3526 1265 3598 φιλοτιμότερον
1303 3525 1405 3597 τὴν
1437 3524 1623 3580 ἔνθεον
1661 3524 1812 3588 ζέσιν
1840 3525 1936 3578 τοῦ

356 3623 701 3692 Πνεύματος,
740 3621 836 3691 τὴν
875 3620 1375 3690 διαθερμαίνουσαν
1400 3616 1526 3681 τοὺς
1553 3617 1630 3686 τῷ
1655 3616 1937 3684 Πνεύματι

355 3717 599 3779 ζέοντας,
654 3709 722 3786 ἧς
773 3715 1026 3784 προφανῆ
1053 3711 1302 3780 σύμϐολα
1349 3713 1443 3763 καὶ
1486 3714 1554 3763 τὰ
1584 3711 1646 3763 ὲκ
1683 3710 1938 3780 Πατέρων

356 3808 528 3878 άγίων
578 3808 755 3860 τύπου
809 3808 988 3879 θερμὰ
1035 3807 1206 3862 ὕδατα
1234 3819 1248 3836 ⁸
1287 3807 1371 3860 ὅτι
1412 3805 1470 3858 δὲ
1504 3806 1536 3876 ἡ
1582 3803 1806 3872 τοιαύτη
1845 3804 1940 3856 τοῦ

355 3901 516 3970 ἁγίου
564 3899 880 3972 Πνεύματος
916 3900 1087 3968 ζέσις,
1122 3900 1157 3970 η
1210 3897 1436 3970 ζωτικὴ,
1495 3899 1529 3968 ή
1575 3895 1868 3964 ζωογ6νοςυ
1906 3897 1942 3966 ἠ

357 3993 500 4046 θεῖον
552 3991 713 4061 ζῆλον
761 3992 1066 4063 ἐντήκουσα
1109 3993 1180 4063 τῇ
1234 3990 1403 4061 ψυχῇ,
1455 3989 1516 4041 τὸ
1567 3984 1941 4040 τελικὼτατόν

357 4085 508 4136 ἐστιν
553 4071 727 4139 αἴτιον
772 4083 868 4136 καὶ
918 4081 1343 4152 σκοπιμώτατον
1391 4075 1489 4132 τοῦ
1537 4077 1702 4145 άγίου
1748 4075 1942 4146 βαπτί-

359 4193 585 4246 σματος,
615 4174 769 4245 δηλοῐ
813 4177 840 4228 6
887 4173 1173 4244 μελοποιὸς
1225 4169 1397 4226 εἰπὼν
1446 4167 1944 4239 ὲπισερραγίζεσθαι

357 4269 457 4338 τὴν
485 4267 747 4338 τοιαύτην
787 4268 920 4338 ὅλην
951 4263 1350 4335 ίεροτε).εστίαν
1372 4266 1438 4334 τῇ
1469 4261 1624 4332 Cios!
1644 4259 1740 4314 τοῦ
1772 4259 1939 4314 [lasti-

363 4377 551 4430 ματος.
595 4359 685 4422 Ὠς
715 4361 827 4430 γὰρ
874 4355 1255 4418 ὲπιϐουλευτὸς
1287 4354 1563 4426 θησαυρὸς
1592 4355 1621 4407 6
1665 4353 1973 4422 accppdytg

2037 3158 2206 3227 quod,
2245 3168 2302 3212 ut
2348 3173 2607 3229 expresse
2644 3159 2858 3230 loquar,
2898 3160 3087 3215 lancea
3148 3159 3341 3214 militis
3370 3150 3454 3213 est
3501 3171 3628 3226 per-

2039 3265 2262 3308 cussum
2309 3268 2325 3320 ;
2358 3252 2562 3324 talique
2589 3251 2776 3308 divino
2809 3250 3026 3308 lavacro
3052 3249 3354 3323 pretiosum
3389 3250 3631 3321 Spiritus

2043 3349 2308 3404 fervorem
2350 3345 2615 3404 divinitus
2669 3344 3012 3416 superaddis,
3043 3347 3136 3414 qui
3162 3345 3360 3416 spiritu
3388 3347 3632 3402 viventes

2041 3442 2311 3510 calefacit,
2399 3443 2671 3513 cujusque
2724 3439 3012 3497 manifesta
3068 3451 3201 3497 sunt
3255 3443 3506 3514 symbols
3559 3457 3628 3498 ex

2040 3545 2352 3594 Sunt-torum
2397 3537 2620 3592 Patrum
2678 3545 2828 3608 typo,
2876 3535 3097 3593 fervidae
3119 3551 3298 3608 aqum.
3335 3534 3490 3603 Quod
3533 3549 3632 3592 au-

2045 3643 2149 3685 tem
2179 3632 2300 3686 talis
2340 3629 2578 3701 Spiritus
2602 3629 2777 3684 sancti
2817 3628 3020 3695 fervor,
3055 3629 3255 3695 vitalis,
3321 3628 3627 3696 viv‘iticans,

2042 3724 2285 3775 divinum
2341 3723 2516 3777 zelum
2560 3723 2757 3775 animae
2806 3719 3241 3792 contmunicans,
3313 3721 3503 3776 ultima
3560 3711 3632 3776 sit

2045 3818 2184 3869 ratio
2231 3829 2537 3885 scopusquc
2595 3821 2902 3886 praecipuus
2968 3817 3107 3873 sacri
3136 3815 3503 3885 baptismatis,
3534 3829 3630 3870 os-

2046 3906 2218 3961 tendit
2256 3917 2412 3977 poeta
2443 3907 2633 3962 dicens
2658 3917 2823 3962 totam
2855 3907 2998 3962 hanc
3023 3921 3237 3962 sacram
3263 3907 3626 3962 initiationem

2047 3999 2287 4069 Spiritus
2341 3997 2558 4054 fervore
2609 3999 2905 4069 obsignari.
2939 3998 3260 4054 Sicutenim
3309 4014 3414 4056 non
3443 4001 3630 4072 signa.

2048 4104 2134 4149 tus
2167 4095 2459 4150 thesaurus
2489 4091 2701 4150 insidiis
2727 4093 3008 4164 obiicitur,
3033 4093 3114 4150 sic
3135 4095 3410 4165 impurum
3454 4096 3630 4168 bapti-

2047 4202 2187 4255 suta,
2247 4188 2392 4258 quod
2439 4201 2546 4241 non
2569 4195 2655 4241 est
2694 4200 2790 4254 per
2840 4188 3022 4256 ipsum
3056 4184 3322 4256 Spiritum
3353 4195 3628 4250 sanetum.

2049 4280 2387 4336 daanionibus
2441 4277 2826 4335 insidiantibus
2873 4279 3033 4335 facile
3073 4281 3362 4336 lacessitur
3403 4285 3630 4352 :qualia

2050 4383 2176 4427 sunt
2237 4382 2560 4427 ceterorum
2626 4371 3003 4428 haereticorum
3040 4374 3364 4442 baptismata
3417 4390 3632 4430 necnon

364 4466 508 4514 στος,
539 4448 715 4510 οὕτως
761 4449 1074 4520 ἀκάθαρτον
1103 4447 1411 4518 βάπτισμα,
1459 4447 1554 4502 καὶ
1582 4447 1694 4509 τοῖς
1726 4443 1935 4498 ἐπιδού-

2051 4465 2521 4533 anabaptistarum
2581 4463 2828 4533 quotidie
2874 4463 3292 4534 baptizant—ittm,
3348 4481 3378 4521 a
3431 4468 3634 4538 quibus

360 4541 472 4604 λοις
519 4541 771 4612 δαίμοσιν
817 4539 1290 4610 εὐπεριφρόνητον
1338 4538 1399 4592 τὸ
1431 4537 1508 4608 μὴ
1538 4536 1606 4591 δι’
1645 4537 1812 4591 αὐτοῦ
1845 4535 1941 4590 τοῦ

360 4635 519 4700 άγίου
553 4633 870 4702 Πνεύματος
895 4649 910 4667 ο
943 4634 1105 4687 ὁποῖα
1133 4633 1203 4686 τά
1247 4648 1306 4686 τε
1351 4630 1528 4686 ἄλλων
1556 4630 1942 4700 αἱρετιζόντων

364 4729 456 4777 καὶ
483 4726 552 4777 τὰ
594 4727 703 4778 τῶν
758 4723 1243 4788 άναὸαπτιξὸντων
1294 4722 1815 4794 ἡμεροδαπτιστῶν,
1867 4716 1943 4777 ὧν

363 4816 560 4869 ἄπεστι
609 4816 670 4868 τὸ
715 4814 874 4884 ἅγιον
922 4813 1172 4884 Πνεῦμα,
1202 4813 1277 4874 ὡς
1331 4811 1407 4882 μὴ
1435 4811 1574 4874 είδὸς
1620 4813 1861 4876 ἐκείνους
1894 4813 1944 4864 εἰ

367 4911 460 4962 καὶ
520 4905 920 4969 ἐπικαλοῦντας
969 4905 1124 4959 αὑτό.
1179 4903 1549 4973 Ἐνθυμητέον
1607 4901 1652 4955 δ’
1711 4905 1946 4957 ἐνταῦθα

368 5001 595 5070 λουτρὸν
624 4998 768 5052 εἶναι
799 4999 944 5053 θεῖον
994 4997 1090 5051 καὶ
1119 4996 1179 5050 τὸ
1205 4996 1294 5050 διὰ
1324 4999 1437 5050 τῶν
1478 4993 1730 5064 δακρύων
1762 4997 1855 5048 καὶ
1883 4996 1948 5047 τὸ

371 5093 664 5162 μοναχικόν
687 5107 700 5121 ·
735 5085 816 5153 οἷς
847 5091 942 5143 καὶ
988 5091 1170 5151 αὐτοῖς
1203 5086 1520 5158 Πνεύματος
1547 5085 1946 5157 άνθρακεύεται

370 5185 463 5237 καὶ
491 5183 805 5254 ἀναλάμπει
856 5183 1007 5248 ζέσις
1036 5181 1189 5250 παρὰ
1237 5183 1349 5245 τοῖς
1381 5180 1601 5252 θερμῶς
1653 5182 1948 5249 προσιεμέ-

369 5293 477 5340 νοις
528 5277 690 5330 αὑτά.
747 5274 1230 5345 Προσενθυμητέον
1269 5273 1326 5325 δὲ
1372 5273 1468 5328 καὶ
1515 5273 1598 5325 ὅτι
1653 5271 1797 5325 καθὰ
1848 5274 1947 5341 τὴν

369 5369 666 5439 εἰρημένην
711 5369 868 5431 ζέσιν
913 5366 1207 5435 ἐπικοσμεῖ
1236 5365 1294 5416 τὸ
1345 5364 1569 5434 Πνεῦμα
1601 5380 1948 5433 συνεκφωνη-

367 5458 480 5523 θὲν,
527 5459 675 5511 οὕτω
722 5459 814 5510 καὶ
862 5457 923 5510 τδ
975 5458 1120 5530 θεῖον
1166 5455 1646 5526 προστεθειμένον,
1683 5455 1950 5525 σέμνωμά

367 5550 482 5601 ἐστι
535 5549 631 5602 τοῦ
662 5547 891 5620 λουτροῦ
917 5565 931 5579 ·
965 5549 1062 5601 καὶ
1114 5550 1141 5600 ὁ
1170 5547 1327 5616 λόγος
1379 5549 1433 5600 δὲ
1465 5550 1492 5601 6
1548 5549 1642 5601 τοῦ
1693 5549 1947 5618 δευτέρον

372 5643 553 5710 στίχου
602 5643 961 5711 προκείμενος
1010 5641 1274 5711 κόσμημα
1319 5643 1434 5694 ἐστι
1490 5641 1588 5709 τῆς
1617 5643 1848 5707 ἐννοίας,
1878 5642 1952 5704 ὡς

385 5737 463 5784 ’.αὶ
489 5734 704 5802 εἴρηται
733 5736 828 5786 καὶ
857 5731 1004 5794 αὖθι,
1036 5735 1336 5801 εἰρήσεται.

695 5831 966 5884 etiam.
1016 5829 1128 5885 (in.
1179 5805 1552 5885 cum;

2052 4555 2205 4610 abest
2274 4555 2512 4623 Spiritus
2542 4564 2784 4618 sanctus,
2824 4565 2882 4610 ut
2936 4558 3188 4611 nesciens
3219 4556 3363 4618 illos,
3415 4547 3634 4613 tametsi

2055 4652 2228 4717 ipsum
2275 4646 2550 4701 invocent.
2626 4645 2727 4700 Hic
2755 4655 2936 4699 autem
2969 4649 3378 4716 recogitandum
3427 4660 3514 4704 est
3549 4652 3631 4704 la-

2053 4752 2272 4790 vacrum
2363 4751 2483 4791 esse
2536 4747 2754 4804 quoque
2804 4735 3072 4802 divinum,
3111 4733 3246 4790 illud
3276 4737 3419 4805 quod
3453 4739 3511 4794 fit
3539 4755 3634 4810 per

2053 4819 2341 4897 lacrymas,
2411 4836 2468 4882 et
2521 4825 2654 4880 illud
2713 4826 2856 4897 quod
2903 4827 3278 4882 monachicum
3321 4839 3437 4882 est:
3471 4831 3557 4885 his
3583 4840 3638 4885 et

2057 4919 2191 4987 ipsis
2227 4915 2464 4984 Spiritus
2500 4915 2678 4970 fervor
2725 4916 3039 4973 accenditur
3093 4929 3147 4974 et
3212 4919 3368 4974 ardet
3423 4921 3478 4975 in
3533 4923 3645 4975 illis

2053 5013 2146 5079 qui
2199 5007 2400 5064 fervide
2435 5009 2740 5080 suscipiunt
2814 5023 2898 5065 ca.
2955 5011 3011 5066 ιη
3040 5023 3221 5069 mente
3283 5028 3414 5069 vero
3475 5015 3644 5068 sintut

2057 5102 2365 5158 habendum
2426 5114 2532 5166 est,
2583 5103 2730 5172 quod
2795 5105 2939 5159 sicut
2986 5105 3189 5160 dictum
3239 5103 3506 5162 fervorem
3548 5123 3643 5163 es-

2054 5204 2217 5249 Ornat
2280 5193 2521 5264 Spiritus
2551 5197 2715 5251 simul
2776 5198 3118 5264 enuntiatus,
3176 5201 3256 5254 sic
3288 5201 3452 5255 etiam
3494 5201 3638 5256 divi-

2060 5295 2189 5342 num
2213 5287 2623 5357 superaddilttm
2660 5296 2745 5344 est
2777 5289 2976 5346 lavacri
3003 5289 3475 5349 decoramentum.
3505 5293 3638 5348 Ver-

2060 5385 2184 5438 bum
2211 5392 2391 5436 autem
2418 5381 2596 5460 λόγος,
2633 5385 2724 5454 qui
2755 5385 3059 5441 secundum
3085 5403 3302 5443 versum
3331 5390 3638 5458 antegredi—

2062 5486 2170 5538 tur,
2221 5486 2606 5531 ornamentum
2629 5488 2714 5531 est
2741 5479 3047 5546 sententiae,
3073 5481 3216 5537 sicut
3239 5481 3445 5536 dictum
3469 5490 3553 5533 est
3581 5495 3639 5536 et

2063 5571 2256 5624 iterum
2308 5569 2541 5623 dicetur.

3149 5818 3226 5878 20
