3966 6248
355 345 464 410 595
547 293 550 295 λ

1142 353 1226 416 ΙΝ
1290 309 1632 415 ΗΥΜιλιυιι
1697 355 2343 422 PEN'I‘ECOSTALEM
2387 362 2846 428 DAMASCENI.

3515 369 3622 431 636

355 465 606 532 τίσθητε,
643 467 735 521 ἶνα
763 469 1007 537 δηλονότι
1039 473 1195 527 καλοὶ
1234 475 1466 542 γένησθε
1493 491 1515 507 ’⁷
1543 476 1637 530 καὶ
1671 476 1943 534 ἀνακεκα-

2070 480 2458 550 lluminamini,
2519 495 2579 539 ut
2636 501 2833 554 nempe
2887 485 3012 539 boui
3066 485 3206 546 sitis,
3267 492 3322 539 et
3381 485 3619 540 revelata

355 557 622 630 λυμμένῳ
671 564 951 634 προσώπῳ
1009 564 1299 635 βλέποντες
1354 568 1488 622 Θεὸν
1551 569 1936 637 ἀγγελοειδῶςν

362 653 532 722 μηδὲν
563 655 780 708 σκοτίου
829 659 1054 725 αἴσχους
1087 661 1463 729 προκάλυμμα
1512 663 1809 732 προσώπου
1844 664 1941 732 φέ-

361 765 568 816 ροντες.
597 749 688 802 Διὸ
721 750 815 803 καὶ
845 751 1039 820 ἐπάγει
1069 755 1096 807 6
1135 754 1299 810 Aa6i8
1334 756 1472 824 μετὰ
1502 758 1585 821 τὸ,
1607 759 1939 827 Φωτίσθητε,

359 840 444 903 τὸ,
476 842 587 894 Καὶ
611 841 678 894 τὰ
709 843 979 908 πρόσωπα
1009 845 1162 912 ὑμῶν
1188 849 1248 900 οὐ
1279 849 1354 916 μὴ
1383 849 1773 919 καταισχυνθῇ.
1797 850 1944 904 Ἀλλ’

361 931 518 984 οὔπω
556 934 655 998 μὲν
704 935 998 1002 ἀπρόσιτος
1042 939 1074 1006 ἠ
1134 939 1262 1006 ἁγία
1327 941 1516 1010 Τριὰς,
1563 943 1591 996 6
1635 937 1717 1004 εἷς
1769 941 1943 1006 Θεός⁶

363 1025 594 1094 ἅχρονος
644 1028 722 1094 δὲ,
757 1028 838 1082 ὅτι
869 1031 1034 1094 αὐτὸς
1066 1031 1140 1102 μὴ
1185 1033 1267 1087 ὃτι
1321 1050 1382 1101 γε
1415 1036 1642 1103 χρόνους
1677 1035 1772 1090 καὶ
1824 1053 1946 1090 και-

366 1119 516 1184 ρους,
548 1119 682 1172 ἀλλὰ
736 1122 829 1174 καὶ
878 1126 1002 1185 τοὺς
1049 1126 1254 1191 αἰῶνας
1289 1128 1536 1198 ἐποίησε.
1585 1130 1682 1183 Διὸ
1726 1129 1845 1184 οὐδὲ
1876 1126 1946 1200 ἦν

366 1209 550 1280 χρόνῳ
579 1211 882 1283 ὑπέχεσθαι
905 1216 998 1271 τὸν
1018 1217 1217 1281 παντὸς
1239 1220 1434 1290 χρόνου
1465 1221 1701 1290 ποιητὴν
1728 1221 1822 1274 καὶ
1849 1223 1945 1274 κύρ

366 1319 505 1365 ριον.
544 1303 617 1354 Τὸ
649 1306 728 1371 δὲ,
761 1306 1009 1374 κάμπτει
1042 1309 1196 1376 γόνυ,
1227 1312 1256 1365 ὅ
1291 1313 1406 1366 ἐστι
1437 1315 1737 1382 προσκυνεῖ
1763 1313 1822 1367 ὲν
1871 1312 1947 1383 τῷ

365 1398 709 1462 γονυπετεῖν,
756 1399 926 1467 ἤγουν
975 1401 1068 1455 ἐπὶ
1101 1403 1230 1470 γόνυ
1287 1406 1508 1459 πίπτειν
1549 1405 1646 1459 καὶ
1695 1406 1949 1474 γονυκλι-

367 1491 506 1553 τεῖν,
537 1490 810 1560 μετῆκται
846 1494 954 1548 ἀπὸ
995 1497 1237 1551 τετανῶν
1265 1499 1556 1565 σωμάτων,
1588 1499 1624 1554 ἃ
1662 1499 1950 1554 ταπεινού-

370 1599 515 1648 μενα
547 1584 893 1650 κάμπτονται
915 1603 930 1620 ο
959 1589 1144 1644 ὁποῖόν
1173 1608 1232 1645 τι
1262 1591 1358 1646 καὶ⁵
1400 1591 1623 1645 τεταναὶ
1649 1593 1950 1661 λεγόμεναι

369 1673 593 1741 τρίχες⁶
627 1673 837 1728 ἔστιδὲ
888 1678 921 1747 ἢ
974 1679 1226 1742 ἐπίτασις
1275 1679 1502 1734 τετανοῦ
1546 1680 1607 1733 τὸ
1652 1681 1840 1744 ἀτενὲς
1875 1683 1951 1745 ὡς

2043 570 2183 628 facie
2244 573 2410 630 Deum
2467 577 2708 645 angelice
2759 584 2992 632 tuentes.
3043 575 3289 646 nihilque
3337 575 3617 644 opprobrii

2043 665 2318 720 tenebrosi
2393 660 2642 723 velamen
2693 669 2850 724 faciei
2921 668 3184 723 ferentes.
3231 668 3421 738 itaque
3450 677 3619 736 post:

2043 756 2458 820 llluminamini,
2517 759 2682 813 David
2731 761 2960 827 adjicit:
2994 771 3049 814 et
3092 759 3258 815 facies
3281 771 3479 815 vestra:
3511 774 3621 813 non

2045 847 2474 906 confundantur.
2533 849 2652 906 Non
2721 852 2897 907 solum
2955 860 3164 907 autent
3198 851 3476 906 inadibilis
3533 859 3620 906 est

2045 952 2232 998 sancta
2286 941 2551 1010 Trinitas,
2597 959 2742 1000 unus
2783 943 2926 999 Deus
2979 952 3110 1000 :est
3147 944 3310 999 etiam
3368 951 3620 1005 teter-nus,

2044 1034 2192 1103 quod
2223 1036 2340 1105 ipse
2380 1049 2488 1090 non
2539 1043 2748 1090 tantum
2808 1044 3024 1102 tempus
3068 1045 3123 1090 et
3169 1033 3391 1098 saecula,
3435 1033 3528 1086 sed
3560 1040 3618 1086 et

2045 1125 2386 1181 aternitates
2416 1123 2564 1180 fecit.
2604 1124 2732 1180 Ideo
2767 1125 2997 1194 tempori
3030 1141 3136 1180 non
3163 1134 3281 1180 erat
3314 1123 3617 1190 subjicien-

2047 1219 2170 1280 dus,
2202 1217 2290 1287 qui
2323 1216 2619 1287 cujuslibet
2635 1219 2898 1286 temporis
2927 1228 3010 1274 est
3039 1225 3232 1272 auctor
3255 1227 3311 1271 et
3335 1217 3620 1272 Dominus;

2049 1309 2167 1364 Hoc
2223 1318 2405 1364 autem
2439 1326 2456 1365 :
2489 1309 2737 1379 κάμπτει
2791 1310 2944 1378 γόνυ,
2983 1308 3132 1379 quod
3187 1317 3273 1364 est
3318 1309 3510 1362 adorat
3567 1307 3621 1360 in

2047 1402 2126 1472 τῷ
2168 1405 2510 1471 γονυπετεῖν,
2550 1405 2666 1459 sive
2713 1404 2768 1459 in
2828 1403 3226 1473 prosternentlo
3273 1417 3334 1458 se
3380 1411 3432 1458 et
3482 1417 3624 1470 genu

2051 1492 2335 1559 ﬂectendo,
2386 1495 2708 1551 translatum
2752 1505 2834 1551 est
2885 1495 2955 1550 ab
2990 1495 3228 1550 extentis
3278 1495 3628 1564 corporibus,

2050 1602 2172 1657 qua:
2221 1586 2456 1643 demissa
2533 1585 2866 1655 ﬂectuntur,
2914 1587 3151 1656 qualiter
3206 1591 3374 1642 etiam
3427 1587 3632 1642 extenti

2052 1679 2182 1736 dicti
2210 1679 2413 1736 crines.
2456 1678 2551 1735 Est
2595 1689 2775 1736 autem
2814 1678 3077 1735 tensionis
3101 1693 3388 1743 excessus,
3422 1676 3636 1732 innexi-

369 1763 493 1816 λίαν
525 1767 822 1836 τεταμένον
850 1769 932 1826 είς
965 1769 1170 1840 ὄρθιον,
1198 1771 1230 1841 ἦ
1267 1772 1524 1843 στέρησις
1550 1770 1626 1832 ὡς
1654 1772 1729 1842 μὴ
1761 1773 1955 1840 δεόμε-

2069 1772 2180 1832 ›ἱ1θ.
2210 1780 2265 1825 ιι
2294 1771 2459 1827 nimis
2491 1779 2704 1827 tensum
2737 1771 2791 1826 in
2824 1780 3057 1836 rectum,
3089 1769 3170 1825 vel
3201 1771 3456 1840 privatio,
3489 1770 3634 1826 sicut

372 1872 464 1906 νον
516 1831 724 1920 τάσεως
779 1831 1042 1924 πλείονος,
1276 1831 1549 1926 ἀπολέσας
1603 1831 1945 1933 κέκάμπται.

2069 1880 2163 1939 non
2208 1879 2376 1934 egens
2435 1865 2643 1931 majore
2687 1866 2970 1930 tensionc;
3021 1831 3214 1935 quam-
3247 1865 3341 1935 qui
3398 1831 3636 1934 perdidit

373 1946 618 2001 Τοιαῦτα
643 1949 700 2001 δὲ
739 1949 808 2002 τὰ
844 1950 919 2019 μὴ
969 1952 1128 2020 ὄρθια
1161 1953 1339 2006 πάντα
1394 1952 1647 2021 σώματα,
1680 1955 1739 2007 ὲν
1785 1949 1865 2014 οἷς
1899 1956 1952 2008 αἱ

373 2036 529 2090 οὖλαι
586 2040 796 2110 τρίχες,
845 2041 944 2095 καὶ
983 2042 1050 2096 τά
1095 2044 1359 2114 γναμπτᾶι
1409 2045 1685 2116 ἄγκιστρα
1743 2047 1836 2098 καὶ
1885 2047 1955 2100 τά

374 2129 805 2197 άγκιστροειδῶς
835 2133 1226 2204 περιηγμένα.
1262 2135 1362 2204 οὐχ
1409 2134 1614 2208 ἥκιστα
1660 2135 1716 2188 δὲ
1765 2134 1856 2188 καὶ
1888 2137 1956 2188 τὰ

374 2222 574 2290 κυρτὰ.
624 2216 700 2276 ὧν
729 2225 1064 2294 παρωνυμία
1087 2224 1138 2278 oi
1183 2225 1482 2282 άλιευτικοὶ
1531 2225 1744 2297 κύρτοι.
1785 2226 1954 2280 ’Υπο-

374 2313 549 2379 ταγῆς
577 2314 636 2367 δὲ
685 2313 956 2383 σύμϐολον
997 2315 1176 2382 ἄκρας
1209 2314 1271 2369 τδ
1324 2315 1599 2384 κάμπτειν
1649 2313 1822 2382 γόνυ⁸
1875 2310 1958 2366 διδ

375 2407 472 2460 sui
505 2409 618 2469 τοῖς
664 2408 949 2474 κραταιοϊ;
983 2407 1296 2478 βασιλεῦσιν
1340 2407 1432 2462 ὅτε
1480 2426 1582 2461 που
1615 2406 1768 2470 ἔθνος
1826 2406 1956 2460 ὑπο-

377 2499 551 2567 ταγῇ,
581 2497 859 2566 κάμπτειν
891 2498 1040 2565 αὐτῷ
1071 2500 1200 2566 γόνυ
1229 2498 1451 2566 λέγεται
1480 2515 1495 2530 ·
1526 2499 1588 2554 τὸ
1630 2499 1689 2554 δὲ
1724 2498 1955 2570 μελῳδι-

381 2587 498 2649 κῶς
527 2589 815 2643 τὰ¹πὰντα
857 2591 1049 2648 εἰπεῖν,
1080 2590 1112 2660 ἢ
1159 2592 1219 2643 τὸ
1253 2591 1377 2647 πᾶν
1431 2593 1826 2658 άποστολικῶς,
1858 2593 1954 2663 τῆς

382 2678 559 2749 αὐτῆς
592 2679 801 2757 ἐννοίας
843 2682 951 2735 εἰσὶ
988 2681 1084 2736 ἐπὶ
1126 2684 1238 2746 τοῖς
1293 2686 1478 2752 σοφοῖς
1505 2700 1523 2716 ο
1576 2685 1818 2758 κοσμικὴ
1849 2685 1958 2758 γὰρ

379 2769 572 2841 ὁλότης
601 2771 669 2825 δι’
694 2772 976 2843 ἑκατέρων
1007 2776 1360 2843 σημαίνεται.

458 2862 550 2934 ρι’.
583 2864 942 2933 Παράκλητον
967 2866 1021 2919 δὲ
1047 2867 1138 2920 τὸν
1172 2868 1300 2922 Υίδν
1328 2869 1465 2937 πρὸς
1502 2870 1594 2924 τὸν
1625 2871 1847 2939 Πατέρα
1868 2871 1963 2926 λέ-

379 2974 580 3024 γομεν,
614 2957 760 3011 καθὰ
792 2959 888 3012 καὶ⁵
917 2961 977 3011 τὸ
1023 2961 1279 3028 Πνεῦμω
1315 2961 1414 3015 οὐκ
1463 2963 1530 3016 ἂν
1561 2965 1683 3017 οὐδὲ
1711 2963 1806 3018 τοῦ
1843 2966 1956 3019 Πα-

379 3049 512 3118 τρὸς
561 3049 920 3114 ἀπαξιοῦντος
948 3050 1009 3103 τὸ
1057 3053 1292 3121 πρᾶγμα
1338 3052 1579 3122 ἢᾶλλως
1628 3055 1960 3126 ἀποστερου-

2057 1955 2398 2012 incurvatur.
2432 1955 2588 2012 Talia
2613 1967 2744 2012 sunt
2769 1962 2956 2012 autem
2985 1956 3178 2012 omnia.
3195 1971 3304 2012 non
3336 1964 3484 2011 recta
3509 1970 3636 2009 cor-

2056 2061 2212 2114 pora,
2250 2047 2305 2100 in
2336 2047 2538 2116 quibus
2572 2047 2741 2117 crispi
2768 2056 2901 2103 sunt
2928 2048 3132 2112 crines,
3164 2057 3220 2102 et
3252 2047 3402 2101 corvi
3452 2045 3626 2109 hami,

2056 2145 2110 2189 et
2142 2138 2192 2190 in
2220 2137 2369 2192 hami
2405 2136 2579 2193 forma
2627 2147 2784 2194 torta
2832 2152 2947 2202 res,
2972 2139 3068 2194 sed
3101 2147 3158 2193 et
3185 2138 3638 2192 muime‘curvm

2059 2227 2281 2298 (κυρτὰ)
2340 2244 2572 2298 quorum
2639 2237 2724 2285 est
2752 2229 3028 2285 derivatio
3077 2228 3373 2298 piscatoria
3441 2242 3645 2284 nassa."

2061 2319 2303 2376 Summae
2337 2336 2466 2378 vero
2513 2322 2878 2390 subiectionis
2913 2321 3226 2392 symbolum
3275 2328 3364 2374 est:
3402 2333 3639 2374 curvare

2059 2426 2202 2479 genu
2233 2431 2247 2467 :
2285 2413 2518 2482 ideoque
2550 2429 2675 2468 cum
2713 2414 3028 2483 potentibus
3068 2412 3289 2482 regibus
3335 2425 3470 2480 gens
3503 2412 3635 2466 sub-v

2057 2505 2265 2575 jicitur,
2330 2505 2430 2572 ipsi
2484 2519 2718 2560 curvare
2778 2519 2922 2574 genu
2985 2505 3211 2560 dicitur.
3263 2503 3456 2559 Dicere
3515 2519 3642 2558 vero

2061 2609 2184 2650 cum
2236 2604 2392 2664 porta
2450 2595 2654 2662 omnia,
2715 2596 2801 2651 vel
2836 2610 2962 2650 cum
3001 2595 3250 2663 apostolo
3310 2611 3482 2654 omne.
3539 2609 3644 2662 pro

2062 2685 2402 2754 sapientibus
2453 2687 2701 2757 ejusdem
2750 2697 2836 2743 est
2881 2687 3214 2744 sententiae;
3265 2686 3334 2741 ab
3392 2696 3634 2754 utroque.

2063 2778 2207 2834 enim
2247 2779 2582 2857 universitas
2611 2779 2800 2836 mundi
2827 2779 3186 2848 signiﬁcatur.

2143 2872 2280 2927 110..
2342 2872 2683 2928 Paracletum
2730 2881 2911 2928 autem
2960 2872 3101 2943 apud
3169 2869 3384 2926 Patrem
3441 2869 3642 2926 Filium

2066 2963 2322 3026 dicimus,
2363 2964 2505 3020 sicut
2535 2973 2589 3019 et
2625 2962 2931 3034 Spiritum;
2979 2978 3104 3018 cum
3131 2979 3191 3018 re
3232 2979 3341 3017 non
3383 2963 3646 3031 indignus

2067 3063 2214 3111 esset
2246 3054 2362 3124 ipse
2393 3054 2572 3121 Pater,
2607 3070 2709 3110 nec
2739 3054 2964 3109 aliunde
3013 3052 3266 3108 frustrari
3304 3061 3484 3123 potest
3536 3052 3643 3107 hu-

386 3139 551 3207 μένου
577 3140 671 3193 τοῦ
729 3141 1012 3196 καλεῖσθαι
1043 3141 1184 3195 οὕτω
1209 3161 1222 3174 ·
1260 3147 1322 3196 οὐ
1375 3145 1534 3213 μόνον
1583 3147 1664 3200 ὅτι
1703 3165 1957 3217 παρακα-

2069 3145 2299 3216 iusmodi
2337 3145 2580 3201 nomine.
2617 3144 2740 3217 ipse
2765 3146 2971 3216 quippe
2997 3145 3062 3199 ad
3098 3159 3186 3200 res
3212 3154 3434 3200 nostras
3481 3143 3653 3199 αάοοι

381 3232 559 3284 λεῖται
596 3234 692 3287 καὶ
723 3233 887 3297 αὐτὸς
914 3235 1019 3288 ὑπὸ
1046 3237 1146 3304 τῆς
1177 3236 1386 3300 οἰκείας
1431 3236 1841 3308 φιλανθρωπίας
1877 3240 1958 3304 εἰς

381 3327 452 3377 τὰ
490 3325 630 3394 ὑπὲρ
657 3325 838 3396 ἡμῶν,
875 3326 954 3381 ἔτι
984 3329 1038 3381 δὲ
1065 3330 1156 3383 καὶ
1189 3329 1278 3397 ὑφ’
1306 3332 1338 3400 ἠ
1350 3331 1468 3399 μῶν
1498 3331 1960 3403 προκαλουμένων

383 3419 486 3485 τὴν
514 3417 726 3476 ἐκεῖθεν
759 3419 1037 3490 βοήθειαν,
1073 3423 1208 3477 ἀλλά
1240 3423 1334 3476 καὶ
1358 3424 1442 3478 ὅτι
1472 3426 1792 3496 παρακαλεῖ
1812 3427 1964 3497 ἡμᾶς

381 3513 459 3576 ὡς
494 3512 543 3566 εἰ
596 3514 690 3566 καὶ
735 3513 968 3584 κατέψα,
1018 3515 1112 3568 καὶ
1161 3516 1464 3581 ποππύζων
1515 3519 1833 3586 ἐκολάκευε,
1867 3523 1966 3577 καὶ

387 3605 574 3658 πάντα
609 3604 811 3673 τρόπον
860 3605 1098 3675 ἐπήγετο
1126 3608 1208 3670 εἰς
1251 3607 1311 3660 τὸ
1338 3609 1434 3662 καὶ
1464 3611 1613 3673 υἱοὺς
1645 3612 1738 3664 κοιλ⁵
1768 3611 1964 3682 κληροη

385 3699 588 3766 νόμους
618 3697 943 3752 ἀποτελέσαι
969 3697 1162 3754 αὑτοῦ.
1194 3699 1256 3752 Εἰ
1283 3699 1392 3768 γὰρ
1422 3700 1496 3771 μὴ
1519 3703 1548 3755 6
1576 3702 1765 3773 Πατὴρ
1793 3705 1966 3758 ἐθέλει

388 3789 487 3843 καὶ
518 3791 744 3848 δύναται
783 3790 1127 3861 παρακαλεῖν
1156 3793 1306 3862 ἡμᾶς
1337 3793 1417 3854 είς
1443 3793 1511 3847 τά
1542 3795 1798 3864 κρείττω,
1824 3797 1968 3866 τάχα

387 3883 456 3937 ἃν
490 3882 611 3937 οὐδὲ
639 3882 669 3936 6
714 3883 864 3949 Υἱὸς,
894 3884 1016 3937 οὐδὲ
1043 3883 1102 3937 τὸ
1136 3883 1358 3952 Πνεῦμα
1405 3885 1587 3950 ἕξουσι
1636 3888 1696 3942 τὸ
1723 3887 1970 3942 τοιοῦτον

393 3978 665 4046 σέμνωμα
685 3990 702 4007 ·
734 3977 832 4030 καὶ
874 3975 1051 4039 ἄλλως
1080 3976 1138 4030 δὲ
1183 3977 1280 4031 τοῦ
1332 3978 1490 4044 ἁγίου
1524 3979 1840 4047 Πνεύματος
1871 3982 1969 4036 σὺν

389 4070 471 4136 τῷ
510 4069 686 4138 Πατρὶ
711 4067 804 4122 καὶ
835 4067 915 4138 τῷ
961 4066 1076 4137 Υἱῷ
1125 4072 1749 4140 συμπροοκυνουμένου,
1796 4075 1884 4126 ναὶ
1912 4074 1969 4128 δὲ

393 4160 493 4216 καὶ
543 4159 1000 4231 συνδοξαζομένου
1055 4161 1142 4226 ἐφ’
1198 4155 1280 4224 οἷς
1331 4167 1714 4233 τερατουργεῖ,
1768 4167 1969 4221 ἄτοπόν

395 4255 548 4306 ἐστιν
574 4253 898 4322 ἀποστερεῖν
929 4252 1096 4307 αὐτοῦ
1123 4253 1222 4322 τὴν
1253 4253 1413 4323 ἡμῶν
1441 4255 1803 4324 παράκλησιν.

471 4343 599 4416 ρια’.
630 4345 750 4415 Χρὴ
801 4346 907 4413 γὰρ
959 4344 1155 4396 εἰδέναι
1185 4344 1260 4406 ὡς
1295 4345 1402 4413 πρὸ
1449 4347 1668 4400 πάντων
1707 4347 1815 4402 τῶν
1850 4349 1973 4403 κατ’

395 4436 722 4508 ἀνθρώπους
753 4435 1099 4506 θεομιμήτως
1133 4435 1228 4488 καὶ
1253 4432 1652 4500 διδασκαλικῶς
1681 4440 1841 4492 οἱονεὶ
1869 4457 1975 4494 πα·-

2063 3248 2238 3302 catur,
2285 3251 2394 3294 non
2435 3237 2610 3294 solum
2655 3251 2686 3292 a
2727 3251 2824 3293 sua
2859 3235 3198 3308 benignitate
3248 3243 3468 3306 propter
3517 3251 3640 3298 nos,

2063 3331 2157 3387 sed
2188 3331 2352 3386 etiam
2382 3343 2411 3384 a
2445 3329 2608 3385 nobis
2631 3328 2810 3400 ipsius
2833 3328 3101 3386 auxilium
3137 3329 3203 3383 ad
3231 3342 3332 3388 nos
3374 3329 3644 3390 aduocau-

2064 3423 2227 3478 tibus.
2260 3422 2487 3492 Insuper
2515 3422 2744 3478 advocat
2786 3434 2921 3486 nos,
2965 3420 3126 3490 quasi
3172 3435 3276 3476 nos
3307 3429 3650 3484 attrectaret,

2065 3513 2447 3584 sibilandoque
2518 3513 2739 3581 leniret,
2766 3522 2822 3569 et
2852 3513 3004 3569 omni
3041 3511 3205 3568 modo
3237 3527 3342 3568 nos
3367 3511 3559 3576 allicit,
3586 3521 3648 3566 ut

2067 3607 2208 3661 ﬁlios
2234 3615 2290 3662 et
2333 3605 2578 3662 Itaaredcs
2629 3619 2758 3662 suos
2811 3622 2914 3662 nos
2946 3604 3165 3661 alliciat.
3204 3606 3322 3659 lmo
3350 3604 3454 3659 nisi
3483 3603 3645 3657 Pater

2066 3699 2196 3756 velit
2243 3707 2298 3753 et
2342 3700 2522 3768 possit
2571 3714 2674 3756 nos
2722 3699 2791 3754 ad
2841 3698 3062 3754 meliora
3108 3713 3328 3764 vocare,
3379 3695 3655 3751 continuet

2069 3807 2247 3860 neque
2296 3789 2467 3847 Filius
2501 3805 2678 3861 neque
2727 3789 2968 3860 Spiritus
3011 3790 3118 3846 hoc
3165 3790 3338 3844 decus
3397 3787 3643 3840 haberet.

2071 3884 2308 3939 Aliunde
2352 3899 2483 3940 vero
2531 3884 2624 3940 ubi
2675 3891 2901 3940 sanctus
2958 3881 3198 3953 Spiritus
3240 3895 3366 3935 cum
3396 3877 3556 3933 Patre
3592 3887 3650 3931 et

2072 3974 2212 4029 Filio
2261 3976 2421 4030 simul
2468 3978 2729 4031 adorator
2773 3981 2828 4029 et
2871 3972 3311 4045 congloritlcatur
3344 3985 3442 4041 pro
3483 3969 3651 4024 mira-

2072 4067 2212 4122 culis
2239 4084 2362 4137 quae
2414 4077 2612 4138 [.atrat,
2652 4065 2951 4122 absurdum
3003 4074 3153 4121 esset
3197 4060 3498 4120 advocandi
3547 4075 3654 4116 nos

2072 4157 2224 4214 illum
2255 4159 2462 4215 honore
2490 4159 2722 4229 privare.

2149 4340 2272 4397 111.
2319 4339 2472 4395 Scire
2503 4338 2646 4394 enim
2682 4346 2897 4408 oportet
2934 4336 3100 4409 quod,
3133 4349 3246 4408 prae
3271 4332 3531 4390 omnibus
3557 4333 3654 4402 qui

2076 4433 2222 4488 inter
2256 4432 2508 4488 homines
2533 4431 2600 4486 ad
2634 4429 2727 4486 Dei
2760 4433 3260 4500 magistrorumque
3311 4427 3487 4481 instar
3519 4431 3651 4480 sunt

399 4532 711 4604 ρακλήτιυν,
739 4532 766 4582 6
816 4528 1022 4598 κυρίως
1059 4525 1416 4597 ίίαράκλητος
1446 4528 1636 4598 Πατὴρ
1675 4530 1772 4583 καὶ
1802 4530 1964 4599 Λόγος

2079 4524 2244 4594 quasi
2307 4523 2599 4588 pararleti,
2645 4521 2733 4575 ille
2783 4521 2876 4590 qui
2941 4519 3157 4589 preprie
3199 4515 3516 4570 Paracletus
3566 4522 3654 4567 est

400 4627 493 4679 καὶ
524 4623 748 4691 Πνεῦμα
781 4621 874 4676 ἐπὶ
904 4621 1028 4682 τοὺς
1064 4619 1519 4690 μακαριωτάτους
1543 4614 1676 4692 ἦλθε
1706 4621 1976 4692 μαθητὰς,

401 4717 499 4769 καὶ
537 4713 655 4783 μετ’
681 4713 925 4776 ἐκείνους
959 4712 1056 4764 ὲπὶ
1085 4711 1213 4774 τοὺς
1243 4707 1312 4762 δι’
1343 4709 1569 4764 ἐκείνων
1600 4711 1981 4777 ὲπεγνωκότας

402 4804 491 4856 t’w
519 4802 650 4854 Θεὸν
683 4817 695 4829 ·
725 4800 782 4864 ὃς
815 4800 876 4854 οὗ
908 4801 1070 4870 μόνον
1105 4796 1413 4852 λαλούντων
1442 4796 1549 4865 τῶν
1594 4798 1762 4865 αὑτοῦ
1797 4799 1982 4869 δεομέο

403 4913 532 4956 νων⁹
568 4893 702 4946 ἀλλὰ
735 4893 829 4946 καὶ
886 4893 1054 4962 μήπω
1086 4891 1221 4960 μηδὲ
1271 4891 1644 4963 λαλησάντων,
1675 4891 1943 4962 πάρεστιν
1967 4907 1981 4923 ο

403 4987 431 5038 ὃ
461 4986 526 5055 δὴ
571 4983 913 5054 παρακαλεῖν
964 4983 1412 5054 ὁμολογουμένως
1466 4983 1606 5036 ἐστί.
1669 4981 1988 5054 Παρακαλεῖ

406 5074 484 5140 δὲ,
535 5073 816 5126 τουτέστιν
868 5073 1034 5140 ἔγγὺς
1087 5071 1251 5126 αὐτοῦ
1294 5072 1471 5136 καλεῖ,
1518 5072 1656 5143 πρὸς
1711 5071 1987 5143 σωτηρίαν

409 5169 534 5229 τοὺς
592 5168 678 5218 τὸν
732 5165 990 5235 λογισμὸν
1021 5165 1244 5236 ἔχοντας
1289 5164 1423 5231 πρὸς
1476 5164 1628 5234 αὐτῷ
1675 5164 1984 5234 μυριαχῶς,

406 5255 520 5312 οἷον
537 5259 624 5312 διὰ
637 5258 747 5311 τῶν
775 5260 1092 5329 κτισμάτων
1114 5258 1400 5323 καλλονῆς,
1427 5255 1461 5311 ἆ
1485 5258 1552 5312 δι’
1573 5259 1722 5328 ἡμᾶς
1738 5258 1986 5328 ἐποίησε,

409 5355 505 5407 καὶ
525 5355 623 5423 τῆς
649 5351 860 5406 ἐκεῖθεν
891 5352 1243 5421 παντοδαπῆς
1269 5350 1514 5421 ἀμόχθου
1538 5353 1675 5423 ἡμῖν
1697 5349 1988 5420 ὠφελείας,

403 5439 500 5500 ¹καὶ
540 5447 631 5500 διὰ
682 5447 778 5499 τοῦ
818 5445 998 5512 ἁγοὲι
1057 5446 1157 5514 μὲν
1208 5448 1319 5508 τοῖς
1363 5445 1588 5514 ἀγαθοῖς
1645 5446 1988 5515 ὲπιμετρείν,

403 5543 519 5602 τοῖς
551 5539 610 5591 δὲ
655 5534 847 5601 κτικοὶς
906 5537 1079 5600 ἄλλως
1129 5537 1578 5606 προσφέρεσθαι·
1632 5536 1726 5589 καὶ
1775 5534 1864 5588 διὰ
1894 5533 1988 5590 τοῦ

406 5631 974 5702 ἑπιφιλοτιμήσασθαι
1009 5631 1134 5681 νοῦν
1184 5631 1278 5682 καὶ
1321 5629 1560 5682 διάνοιαν
1608 5627 1992 5696 ἐπιγνώμονας

404 5721 623 5789 ἀγαθοῦ
658 5740 716 5775 τε
754 5724 842 5775 καπ.
875 5721 1050 5776 κακοῦ
1080 5739 1091 5748 ·
1129 5723 1203 5784 ὡς
1227 5719 1289 5774 τὸ
1322 5721 1422 5791 μὲν
1449 5719 1725 5789 ἐγκρίνειν
1753 5721 1848 5774 καὶ
1873 5721 1992 5772 ἐπι-

406 5816 687 5887 λέγεσθαι,
723 5818 783 5869 τὸ
804 5815 861 5867 δὲ
897 5814 1217 5886 ἀποκρίνειν
1241 5813 1337 5866 καὶ
1364 5812 1586 5894 ἐξωθεῖν
1611 5805 1700 5868 οἷα
1726 5810 1822 5866 τοῦ
1853 5813 1993 5868 κατὰ

2081 4614 2264 4677 Pater,
2327 4612 2564 4667 Verbum
2606 4621 2661 4665 et
2715 4608 2956 4680 Spiritus
3015 4608 3082 4662 ad
3112 4606 3464 4662 beatissimos
3511 4605 3661 4660 venit.

2083 4705 2405 4775 discipulos,
2438 4713 2490 4758 et
2522 4711 2644 4773 post
2671 4701 2792 4756 illos
2821 4701 2886 4756 ad
2918 4714 3016 4754 eos
3044 4699 3138 4771 qtti
3173 4713 3268 4768 per
3302 4697 3452 4767 ipsos
3486 4696 3656 4750 Deum

2083 4805 2492 4869 cognoverunt;
2525 4804 2822 4863 atquenon
2871 4793 3046 4846 solum
3099 4789 3477 4860 loquentibus,
3539 4788 3663 4868 ipso

2083 4888 2395 4962 egentibus,
2432 4887 2524 4943 sed
2573 4887 2738 4942 etiam
2789 4885 3032 4940 nondum
3068 4883 3290 4949 loeutis,
3333 4883 3487 4940 adest
3505 4898 3530 4954 ι,
3557 4883 3664 4938 hoc

2085 4993 2169 5039 est
2217 4988 2422 5046 autem,
2456 4980 2535 5033 uti
2574 4986 2811 5044 constat,
2852 4977 3196 5049 παρακαλεῖν
3234 4994 3250 5032 :
3293 4975 3525 5033 advocat
3556 4991 3660 5030 au-

2089 5085 2222 5142 tem,
2272 5073 2322 5128 id
2363 5082 2468 5136 est,
2525 5071 2591 5125 ad
2645 5087 2706 5126 se
2765 5071 2990 5142 pmpius
3026 5077 3182 5126 vocat
3209 5069 3276 5125 ad
3294 5069 3536 5127 salutem
3565 5083 3664 5124 eos

2089 5166 2181 5238 qui
2218 5179 2403 5221 secum
2438 5171 2666 5218 utuntur
2698 5161 2909 5217 ratione
2955 5160 3146 5216 multis
3193 5159 3392 5226 modis,
3426 5159 3663 5230 qualiter

2091 5273 2184 5330 per
2210 5266 2584 5311 creaturarum
2621 5253 3110 5323 pulchritudinem,
3141 5267 3278 5324 quas
3311 5261 3531 5323 propter
3559 5263 3663 5306 nos

2093 5349 2243 5416 fecit,
2275 5359 2328 5404 et
2359 5346 2753 5403 multiformem
2801 5345 3000 5402 exinde
3057 5345 3214 5402 nobis
3241 5345 3449 5414 absque
3479 5341 3664 5397 labore

2094 5441 2401 5506 utilitatem,
2459 5450 2516 5495 et
2574 5453 2674 5509 per
2731 5437 3026 5494 bonitatem
3085 5452 3194 5508 qua
3246 5436 3386 5492 bona
3441 5431 3664 5502 quidem

2093 5533 2309 5588 abunde
2340 5532 2568 5603 largitur
2599 5529 2780 5596 bonis,
2809 5530 2964 5586 malis
2995 5540 3178 5585 autem
3205 5528 3339 5583 alias
3363 5523 3662 5586 succurrit.

2095 5641 2306 5681 necnon
2365 5640 2461 5696 per
2514 5623 2862 5679 dilectionem
2901 5638 3008 5693 qua
3044 5617 3396 5691 prosequitur
3432 5625 3671 5672 mentem

2095 5727 2148 5773 et
2175 5734 2270 5772 cor
2307 5733 2428 5788 quae
2468 5716 2667 5772 bonum
2695 5725 2748 5771 et
2784 5714 2986 5769 malum
3018 5712 3370 5776 discernunt;
3413 5719 3473 5763 u‘.
3497 5724 3666 5762 unum

2099 5810 2314 5884 quidem
2375 5810 2667 5866 admittant
2717 5816 2772 5863 et
2819 5805 3042 5874 eligant,
3093 5801 3321 5856 alterunt
3371 5810 3550 5855 autem
3585 5815 3672 5852 re-
