3966 6248
379 405 483 471 631

1054 395 1472 473 EUS'I‘ATHH
1515 411 2275 474 THESSALONICENSIS
2319 414 2880 477 MEl‘liOPOLlTAi

3522 409 3616 475 639.

378 517 779 576 impressionem
813 532 841 567 a
884 517 1037 570 Patre
1093 519 1408 586 distinctus,
1462 520 1773 575 concedunt
1821 521 1950 580 alia,

2077 524 2122 577 τὰ
2155 525 2291 579 ἄλλκ
2321 525 2500 578 πάντα
2551 521 2708 576 κοινά
2757 519 2899 575 εἶναι
2930 519 3091 575 ὁποῖα
3122 521 3269 575 εῖποι
3303 535 3386 582 τις
3413 517 3477 573 ἄν
3500 539 3511 551 ·
3548 523 3618 589 ὡς

377 621 717 678 ιμιωοιιηιιιιθ
747 607 930 664 dicere
953 609 1077 680 quis
1135 621 1344 680 posset,
1402 626 1528 668 esse
1597 612 1953 679 communia;

379 700 452 755 ita
477 709 535 753 ut
574 698 822 769 proinde,
855 699 1111 756 salutaris
1166 703 1328 758 nobis
1377 706 1656 773 omnibus,
1715 706 1955 764 Trinitas

375 792 506 858 ista,
545 792 783 862 propriis
843 793 1065 862 quidem
1120 794 1535 853 characterihns
1597 800 1956 855 circumscri-

379 895 496 952 pta.
524 885 618 939 sed
654 884 706 938 in
737 884 1068 941 immensum
1101 886 1296 944 diﬂusa
1320 889 1837 958 supersubstantiali
1859 907 1959 947 na-

378 986 500 1030 tura
530 978 893 1045 potentiarum
929 992 1155 1031 suarum
1191 980 1242 1034 in
1271 981 1550 1047 operando
1578 992 1742 1051 atque
1775 984 1958 1053 provi-

373 1067 574 1132 dendo,
605 1084 705 1123 nos
730 1085 948 1140 quoque
996 1069 1184 1126 doceat
1236 1073 1485 1126 homines
1533 1075 1586 1128 in
1659 1075 1953 1144 quamdam

376 1160 794 1230 multipartitam
864 1163 1217 1235 divinamqne
1288 1170 1732 1224 ronnnnnionem
1783 1169 1956 1224 infor-

378 1253 541 1311 mari.

449 1347 570 1406 “6.
613 1347 679 1402 Et
711 1350 792 1405 sic
823 1351 1058 1420 illiquod
1100 1369 1266 1408 unum
1330 1367 1412 1410 est
1461 1357 1562 1410 tria
1625 1359 1954 1426 cogitantes,

381 1454 488 1525 non
524 1442 786 1496 omittunt
834 1445 966 1512 quin
1005 1446 1186 1499 statim
1234 1447 1606 1514 continuoque
1654 1464 1718 1504 ac
1773 1451 1958 1524 subito

379 1551 442 1588 ra
475 1550 616 1604 qum,
645 1537 785 1590 sicut
817 1537 1023 1592 dictum
1055 1549 1158 1601 0st,
1188 1543 1534 1605 suntdivisa.
1574 1543 1639 1596 ad
1681 1560 1846 1599 nnttm
1877 1561 1958 1598 re-

379 1625 620 1693 ducant;
653 1638 707 1684 ct
735 1629 838 1685 hoc
866 1631 1028 1688 c‘tius
1057 1648 1220 1702 quam
1249 1635 1454 1690 diceret
1485 1636 1683 1706 aliquis
1710 1637 1759 1691 id
1789 1654 1957 1694 unum

381 1719 702 1775 Trinitatem
733 1722 816 1777 vel
880 1723 1020 1779 hanc
1080 1722 1405 1781 Trinitatem
1468 1741 1591 1784 esse
1641 1728 1954 1784 monadem.

380 1812 614 1884 Ideoque
635 1815 1044 1874 distinctionem
1076 1817 1360 1884 facientes,
1395 1815 1541 1876 sicut
1595 1833 1792 1877 mutuo
1818 1823 1956 1876 rami

383 1908 886 1968 consubsianliales
911 1920 966 1968 et
994 1913 1160 1969 veluti
1202 1928 1564 1984 congeneres.
1594 1914 1760 1971 simul
1800 1930 1960 1987 sopa-

383 2007 577 2055 rentur
607 2011 873 2071 quantum
898 2004 1034 2060 satis
1069 2016 1154 2061 est
1178 2014 1237 2059 ut
1291 2005 1604 2071 videantur,
1655 2015 1717 2064 et
1773 2007 1960 2062 statim

385 2094 450 2146 ad
480 2093 710 2162 primam
741 2095 1103 2154 cohaesionem
1133 2109 1444 2160 recurrant.
1501 2099 1662 2154 iidem
1689 2100 1757 2155 ad
1809 2115 1964 2156 men-

386 2185 814 2243 tetnlittmanam
841 2206 905 2246 ac
937 2191 1203 2247 rationem
1243 2204 1295 2244 et
1347 2192 1602 2261 spiritum
1652 2192 1707 2247 in
1766 2193 1960 2247 eodem

294 2289 304 2300 “
387 2277 580 2334 ordine
603 2280 1475 2348 conﬂantemetconcurrentem,
1528 2292 1735 2341 sancta:
1774 2283 1962 2339 Trini-

391 2369 522 2424 tatis
553 2381 878 2440 conceptum
914 2374 1255 2442 producunt;
1284 2384 1360 2440 et,
1391 2375 1709 2431 adumbrata
1738 2355 1833 2446 per
1868 2375 1938 2428 hu

383 2461 623 2530 jnsmodi
654 2462 935 2530 pulchram
968 2467 1022 2520 in
1049 2466 1208 2522 nobis
1275 2467 1602 2523 Trinitatem
1661 2467 1751 2523 illa
1807 2483 1965 2522 vene-

389 2550 558 2605 randa
583 2560 750 2622 atque
777 2553 1185 2621 colendissima,
1205 2572 1307 2613 nos
1369 2559 1636 2615 inducunt
1689 2563 1756 2615 all
1819 2560 1967 2630 cogi-

389 2644 640 2709 tandum,
671 2653 732 2700 ut
764 2647 1047 2717 possibile,
1079 2663 1176 2718 per
1205 2651 1391 2716 istam,
1430 2653 1710 2721 quomodo
1745 2654 1817 2708 sit
1849 2654 1964 2708 lucc

388 2738 490 2794 tria
513 2739 680 2796 simul
707 2749 763 2796 et
794 2755 988 2796 unum.
1025 2739 1162 2796 Cum
1187 2745 1336 2798 enim
1358 2745 1412 2798 in
1455 2746 1613 2801 nobis
1656 2753 1812 2816 pater
1837 2747 1960 2800 auio

390 2847 536 2898 mus,
557 2841 613 2888 et
634 2833 687 2888 in
720 2833 841 2902 ipso
864 2835 1026 2901 ratio,
1066 2845 1120 2892 et
1150 2852 1220 2894 ex
1253 2839 1374 2908 ipso
1396 2848 1451 2894 et
1482 2853 1582 2907 per
1606 2838 1787 2909 ipsum
1849 2839 1966 2909 spi-

389 2927 549 2991 ritus,
572 2941 692 2994 quae
735 2928 840 2983 tria
866 2939 995 2985 sunt
1015 2940 1068 2984 et
1102 2940 1446 2992 mensurata.
1473 2930 1527 2987 in
1553 2931 1759 3003 aliquid
1793 2948 1964 2988 unum

391 3019 831 3089 inseparabiliter
864 3023 1214 3092 conspirant,
1241 3026 1516 3082 maximus
1565 3027 1729 3082 etiam
1799 3025 1962 3081 Pater

389 3124 442 3169 et
493 3114 901 3171 sanctissimum
961 3116 1079 3185 ejus
1134 3115 1390 3183 Verbum,
1448 3127 1506 3174 et
1559 3119 1968 3176 sacratissimns

2062 619 2204 674 οὕτω
2232 623 2334 691 τὴν
2366 621 2585 675 πάντων
2616 619 2776 692 ἡμῶν
2805 615 3082 688 σωστικὴν
3107 615 3319 689 Τριάδα
3359 632 3620 688 μεμετρητ

2063 720 2233 787 μένην
2287 717 2388 786 μὲν
2435 717 2551 779 τοῖς
2599 715 3127 785 χαρακτηριστικοῖς
3165 709 3442 780 ίδιώμασι,
3472 725 3618 780 κεχυ-

2063 809 2232 877 μάνην
2285 807 2342 861 δὲ
2377 807 2458 870 είς
2512 806 2742 877 ἄπειρον
2769 803 2848 874 τῷ
2900 799 3334 872 ὕπερουσιασμῷ
3369 800 3474 854 τῶν
3512 799 3624 854 κατ’

2061 901 2234 968 αὐτὴν
2267 898 2585 967 ἐνεργειῶν,
2617 897 2731 953 τῶν
2779 915 2840 951 τε
2895 892 3334 966 δημιουργικῶν.
3365 894 3457 945 καὶ
3503 910 3622 960 προ-

2060 995 2349 1063 νοητικῶν,
2381 994 2477 1049 καὶ
2500 993 2607 1048 τῶν
2637 992 2846 1047 λοιπῶν
2875 988 3158 1045 παιδεύειν
3191 988 3286 1040 καῖ
3327 987 3476 1054 ἡμᾶς
3512 987 3628 1046 τοὺς

2060 1087 2385 1158 ἀνθρώπους
2427 1087 2509 1148 είς
2541 1101 2670 1138 τινα
2714 1082 2976 1152 τοιαύτην
3024 1077 3312 1148 πολυμερῆ
3351 1077 3625 1130 κοινωνίαν

2059 1181 2256 1234 ἔνθεον.

2134 1358 2271 1428 ρις’.
2305 1359 2414 1414 Καὶ
2447 1359 2621 1422 οὕτως
2651 1359 2851 1412 ἐκεῖνοι
2899 1359 3029 1428 τρία
3060 1357 3311 1420 νοοῦντες
3342 1355 3405 1409 τδ
3438 1356 3514 1416 ἓν,
3542 1355 3635 1408 οὐκ

2059 1455 2257 1521 ἀφιᾶσι
2301 1455 2377 1524 μὴ
2436 1454 2559 1524 οὐχὶ
2595 1454 2879 1524 συντόμως
2913 1458 3008 1508 καὶ
3039 1453 3282 1523 ἀχρὸνως
3324 1452 3421 1504 καὶ
3452 1450 3636 1517 ἀκαρεὶ

2059 1545 2149 1604 τὰ.
2195 1546 2271 1600 ὼε
2319 1547 2561 1616 εἴρηται,
2609 1545 2917 1617 διῃρημένα
2968 1547 3288 1613 συναιρεῖνο
3322 1543 3422 1596 καὶ
3480 1543 3628 1595 τοῦτο

2061 1640 2257 1694 θᾶττον
2287 1641 2434 1712 ἢπερ
2467 1639 2666 1709 φράσοι
2711 1657 2796 1703 τις
2828 1639 2915 1705 ἂν,
2954 1638 3190 1693 ἐνταῦθα
3231 1637 3292 1692 ea
3325 1637 3385 1691 ἐν
3419 1637 3634 1704 Τριάδα,

2063 1731 2232 1802 ἢτήν
2268 1732 2478 1801 Τριάδα
2526 1731 2735 1802 μονέιδα
2782 1728 2947 1788 εἶναι.
2984 1733 3095 1786 Καὶ
3149 1731 3333 1785 τοίνυν
3381 1729 3642 1792 διελόντες

2063 1826 2137 1890 ὡς
2172 1825 2222 1879 εί
2260 1827 2357 1880 καὶ
2402 1829 2677 1895 συμφυεῖς
2715 1825 2905 1880 κλάδοι
2953 1825 3198 1894 ἀλλήλων
3249 1824 3502 1893 ἐχόμενοι
3553 1822 3640 1874 καὶ

2066 1913 2177 1972 οἷον
2205 1919 2645 1986 συμπεφυκότες,
2675 1917 2793 1986 ἅμα
2822 1918 3118 1972 διαστῶσιν
3151 1918 3232 1980 είς
3259 1917 3388 1970 ὅσον
3424 1914 3644 1979 ίδέσθαι,

2065 2013 2164 2065 καὶ
2191 2009 2390 2064 αὐτίκα
2416 2012 2496 2074 είς
2534 2015 2816 2080 συμφυίαν
2858 2009 3196 2081 δραμοῦνται
3229 2013 3327 2076 τὴν
3363 2009 3642 2077 πρότερον,

2065 2105 2113 2156 o!
2157 2100 2316 2156 αὐτοὶ
2367 2101 2464 2155 καὶ
2499 2103 2580 2164 είς
2610 2102 2738 2156 νοῦν
2773 2101 2865 2155 τὸν
2899 2102 3021 2156 κατ’
3075 2102 3366 2170 ἄνθρωπον
3422 2101 3518 2154 καὶ
3570 2099 3646 2160 είς

2065 2195 2224 2260 λόγον
2271 2194 2554 2256 τοιοῦτον,
2615 2197 2708 2248 καὶ
2755 2195 2834 2255 είς
2891 2193 3112 2260 πνεῦμα
3171 2194 3375 2263 στοίχῳ
3423 2191 3647 2260 τοιούτῳ

2069 2288 2353 2354 σύμπνουν
2402 2289 2496 2342 καὶ
2553 2287 2880 2356 σύνδρομον,
2929 2285 3331 2354 προϐιϐάζουσι
3397 2285 3497 2343 τὴν
3550 2281 3646 2350 τῆς

2068 2381 2229 2448 ἁγίας
2280 2380 2516 2448 Τριάδος
2579 2379 2802 2449 νόησιν
2834 2380 2931 2432 καὶ
2984 2378 3372 2445 ἐξεικάσαντες
3413 2380 3480 2448 τῇ
3529 2375 3648 2430 καθ’

2069 2475 2217 2545 ἡμᾶς
2245 2472 2388 2542 καλῇ
2415 2473 2609 2543 Τριάδι
2637 2471 2810 2542 ταύτῃ
2839 2474 2941 2543 τὴν
2985 2473 3258 2539 πάντιμον
3304 2469 3529 2537 ἐκείνην
3557 2467 3651 2522 καὶ

2071 2568 2394 2638 ὑπέρτιμον,
2427 2567 2681 2634 ὲνάγουσι
2710 2567 2998 2620 κατανοεῖν
3033 2564 3182 2630 ἡμᾶς
3211 2562 3287 2626 ῶς
3319 2561 3557 2616 δυνατὸν
3590 2561 3650 2612 ὲκ

2069 2664 2295 2731 ταύτης,
2325 2661 2442 2714 πῶς
2472 2661 2567 2714 καὶ
2613 2660 2797 2728 ἐκείνη
2833 2663 2931 2712 καὶ
2963 2658 3088 2728 τρία
3122 2658 3234 2711 ἐστὶ
3268 2656 3368 2709 καὶ
3406 2655 3487 2710 ἓν.
3522 2655 3651 2708 Ὅτε

2070 2759 2180 2828 γᾶρ
2209 2757 2268 2810 ἐν
2298 2757 2430 2824 ἡμῖν
2464 2756 2650 2826 πατὴρ
2683 2754 2829 2818 νοῦς,
2893 2755 2988 2806 καὶ
3022 2754 3049 2807 ὁ
3075 2753 3131 2804 ἐν
3167 2750 3315 2818 αύτῷ
3351 2750 3538 2818 λόγος,
3564 2747 3654 2801 καὶ

2068 2850 2131 2904 τὸ
2181 2849 2238 2916 ἐξ
2279 2848 2445 2902 αὑτοῦ
2493 2848 2585 2901 καὶ
2618 2847 2689 2899 δι’
2737 2845 2902 2899 αὐτοῦ
2953 2844 3195 2913 πνεῦμα.
3233 2845 3362 2908 τρία
3395 2843 3494 2896 καὶ
3534 2841 3658 2895 ὄντα

2069 2943 2164 2996 καὶ
2216 2940 2562 3010 μετρούμενα
2597 2939 2673 3000 είς
2721 2937 2779 2990 ἓν
2815 2955 2868 2989 τι
2921 2935 3276 2988 συννεύουσιν
3306 2934 3657 3004 ἀχωρίστιιις,

2070 3033 2164 3086 καὶ
2211 3032 2242 3086 ὁ
2304 3031 2559 3101 μέγιστος
2615 3029 2828 3099 Πατὴρ,
2882 3029 2978 3081 καὶ
3031 3029 3060 3080 ὁ
3115 3025 3430 3095 ἀγιώτατος
3493 3022 3660 3078 αὑτοῦ

2071 3125 2264 3189 Λόγος,
2309 3124 2406 3175 καὶ
2453 3121 2512 3174 τὸ
2569 3121 2840 3187 πανάγιον
2891 3116 3142 3186 Πνεῦμα,
3197 3115 3376 3187 ὁμοίῳ
3444 3115 3509 3180 δή
3561 3131 3664 3166 τινι

387 3205 654 3277 Spiritus,
714 3208 900 3276 aliquo
949 3209 1114 3263 simili
1167 3209 1328 3264 modo
1377 3226 1510 3266 sane
1559 3212 1964 3283 concipiuntur.

2077 3214 2262 3284 τρόπῳ
2313 3211 2859 3280 καταλαμϐάνονται·
2907 3209 2967 3264 ἓν
3017 3209 3075 3262 δὲ
3125 3209 3354 3270 πάντως
3415 3209 3449 3278 ἠ
3497 3207 3663 3272 Τριάς

395 3296 577 3355 Unum
605 3309 785 3354 autem
821 3314 1047 3369 prorsus
1080 3309 1166 3357 est
1198 3304 1298 3358 ista
1328 3301 1594 3366 Trinitas,
1636 3314 1694 3359 et
1719 3303 1824 3358 tria
1859 3306 1971 3360 haec

393 3405 613 3457 monas,
647 3407 757 3447 non
782 3391 938 3462 juxta
973 3408 1095 3460 qua
1124 3405 1257 3449 sunt
1284 3395 1340 3449 in
1372 3395 1530 3451 nobis
1560 3396 1815 3452 habentia
1839 3412 1970 3450 cau-

394 3499 514 3540 sam
539 3484 826 3556 producta,
861 3485 1040 3552 facta;
1081 3486 1328 3542 omnium
1389 3502 1524 3543 vero
1595 3497 1848 3544 nostrum
1918 3499 1973 3544 et

394 3593 579 3635 rerum
612 3594 736 3648 qua:
773 3585 906 3634 sunt
929 3592 1149 3635 sursum
1182 3589 1237 3634 et
1257 3578 1424 3643 infra,
1447 3579 1565 3650 ipsa
1593 3589 1745 3637 certe
1767 3592 1823 3636 et
1853 3583 1970 3636 sola

394 3672 614 3745 proprie
645 3685 832 3728 causa.
929 3721 936 3728 .

465 3763 592 3821 H7.
631 3764 700 3820 Et
737 3774 1025 3836 postquam
1065 3765 1136 3820 ita
1171 3767 1593 3836 propemodum,
1630 3779 1739 3822 non
1776 3780 1974 3823 secun.

393 3860 524 3916 dum
553 3859 827 3926 homines,
867 3859 961 3914 sed
991 3857 1308 3928 angelorum
1345 3857 1571 3926 linguis,
1603 3857 1771 3915 locuti
1813 3867 1975 3913 erant

395 3953 597 4019 sancti,
625 3952 710 4008 vel
735 3951 937 4021 potius,
965 3960 1192 4007 auctore
1215 3949 1343 4015 Deo.
1372 3951 1502 4005 talia
1529 3951 1969 4012 constituerant,

397 4049 545 4105 sicut
579 4047 740 4102 nobis
791 4061 858 4102 ex
914 4045 1115 4101 divinis
1143 4044 1425 4112 sacrisque
1455 4042 1790 4119 Scripturis.
1824 4043 1980 4099 colli-

400 4153 529 4207 gere
553 4138 735 4200 datur,
764 4135 922 4192 aliter
943 4135 1109 4190 etiam
1130 4133 1290 4189 nobis
1313 4133 1370 4188 in
1429 4144 1670 4187 mentem
1729 4133 1975 4188 eamdem

399 4228 805 4300 philosOphiam
863 4233 1015 4281 recte
1067 4225 1320 4279 simulac
1385 4224 1666 4294 sapienter
1721 4225 1980 4280 inducere

401 4319 713 4378 studebant.
741 4317 1025 4374 Ponchant
1065 4315 1310 4386 quidem,
1343 4326 1402 4368 ut
1431 4314 1671 4383 aliquam
1728 4315 1978 4381 domum,

401 4413 701 4468 maximum
737 4409 1022 4474 mundum,
1064 4417 1119 4464 et
1147 4415 1258 4462 tres
1291 4405 1365 4462 ibi
1417 4405 1828 4474 suspendebant
1885 4405 1982 4477 hy-

401 4506 615 4577 pothesi
643 4502 945 4575 lampades.
982 4511 1231 4558 sanctam
1299 4499 1681 4571 trit‘ulgentem
1735 4500 1980 4554 Trinita-

2074 3307 2237 3378 αῦτη,
2265 3307 2361 3361 καὶ
2393 3306 2522 3377 τρία
2551 3307 2582 3375 ἡ
2619 3304 2808 3375 μονὰς,
2841 3305 2902 3357 οὗ
2940 3304 3084 3357 κατά
3108 3303 3178 3356 τὰ
3208 3304 3267 3355 ὲν
3303 3303 3445 3372 ἡμῖν
3489 3301 3557 3356 τὰ
3588 3299 3670 3354 αἱ·

2071 3401 2256 3468 τιατὰ,
2297 3401 2367 3454 τὰ
2417 3399 2768 3471 παρηγμὲνα,
2798 3398 2867 3452 τὰ
2914 3397 3154 3468 ποιητά·
3189 3397 3422 3450 πάντων
3467 3395 3525 3448 δὲ
3579 3392 3667 3444 καὶ

2073 3493 2232 3564 ἡμῶν
2262 3493 2356 3546 καὶ
2386 3491 2493 3546 τῶν
2525 3509 2585 3546 τε
2637 3491 2750 3546 ἀνω
2794 3490 2887 3544 καὶ
2933 3488 3045 3543 τῶν
3089 3489 3264 3552 κάτω,
3305 3488 3460 3542 αὐτὰ
3483 3485 3549 3557 δὴ
3581 3481 3672 3537 καὶ

2077 3587 2214 3654 μόνα
2248 3587 2456 3654 κυρίως
2487 3583 2656 3638 αίτια.

2151 3766 2273 3838 ριζ’.
2307 3765 2418 3818 Καὶ
2451 3763 2593 3818 οὕτω
2629 3780 2746 3827 πως
2777 3764 2827 3817 oi
2880 3763 3027 3832 ἅγιοι
3068 3764 3130 3816 ού
3161 3762 3286 3817 κατ’
3333 3761 3674 3832 ἀνθρώπους

2076 3858 2432 3930 λαλήσαντες,
2483 3856 2620 3911 ἀλλά
2679 3856 2957 3925 γλώσσαις
3006 3857 3277 3926 ἀγγέλων,
3335 3857 3558 3927 μᾶλλον
3620 3855 3674 3907 δὲ

2080 3951 2494 4022 θεοπαραδὸτως
2521 3949 2588 4004 τὰ
2615 3949 2844 4004 τοιαῦτα
2891 3949 3363 4018 καταστήσαντες,
3399 3948 3482 4013 ὡς
3529 3948 3675 4001 ἔστιν

2079 4047 2214 4114 ἡμῖν
2246 4041 2609 4111 ἀναλέγεσθαι
2649 4040 2714 4094 ἐκ
2741 4041 2852 4094 τῶν
2893 4041 3053 4094 θείων
3075 4040 3171 4094 καὶ
3205 4039 3377 4111 ίερῶν
3410 4040 3677 4110 Γραφῶν,

2081 4136 2538 4205 ὲφιλοτιμήσαντο
2583 4133 2890 4204 ἐμϐιϐάσαι
2916 4134 3053 4203 ἡμῖν
3085 4133 3163 4193 είς
3197 4131 3324 4186 νοῦν
3359 4134 3465 4186 καὶ
3507 4131 3683 4191 ἄλλως

2081 4224 2179 4294 τὴν
2205 4224 2463 4296 τοιαύτην
2491 4223 2816 4292 φιλοσοφίαν
2843 4221 3152 4286 εὐθυσόλως
3181 4221 3299 4292 ἅμα
3327 4223 3433 4276 καὶ
3466 4220 3648 4290 σοφῶς
3667 4235 3686 4254 ο

2082 4315 2159 4380 ὡς
2179 4311 2326 4369 οἶκον
2352 4315 2452 4385 μέν
2476 4333 2599 4369 τινα
2622 4314 2990 4385 ὑπερθέμενοι
3012 4314 3106 4367 τὸν
3133 4314 3406 4383 μέγιστον
3442 4314 3680 4382 κόσμον,

2083 4407 2252 4477 λύχνα
2287 4407 2345 4462 δὲ
2383 4401 2498 4462 οἷον
2542 4405 2930 4474 ὑπανάψαντες
2984 4404 3327 4467 ὑποθετικῶς
3387 4404 3549 4476 τρία,
3591 4404 3690 4472 τὴν

2083 4497 2362 4569 τρίφωτον
2393 4498 2559 4568 ἁγίαν
2601 4497 2809 4569 Τριάδα
2833 4513 2848 4527 °
2882 4497 2979 4551 καὶ
3008 4498 3138 4560 τοὺς
3173 4497 3274 4567 μὲν
3301 4496 3550 4568 λύχνους
3582 4495 3690 4565 ἰδίᾳ

407 4571 540 4652 ient.
578 4596 688 4653 Has
716 4571 899 4653 autem
935 4595 1217 4666 lampades
1263 4581 1675 4650 contuebantur
1728 4593 1970 4663 privatim

2088 4588 2418 4660 θεωροῦντες
2443 4589 2829 4660 ἐκλάμποντας
2863 4589 2957 4643 καὶ
2981 4587 3074 4642 τὸν
3108 4585 3258 4642 οἶκον
3288 4587 3653 4656 φωτίζοντας
3673 4601 3690 4618 '

403 4688 642 4744 nitentes
671 4698 722 4742 et
755 4687 980 4742 domum
1010 4685 1390 4741 illuminantes
1421 4685 1648 4747 ;exinde
1699 4699 1830 4739 vero
1870 4684 1984 4739 cla-

402 4780 594 4834 ritates
627 4788 684 4834 et
712 4779 1048 4835 radiationes
1079 4779 1470 4850 excogitabant
1497 4787 1713 4843 mutuo,
1772 4793 1870 4848 per
1925 4792 1984 4832 se

407 4873 764 4926 venienteset
791 4881 1175 4940 cooperantes,
1208 4887 1378 4926 unum
1411 4871 1626 4927 eﬂicere
1660 4871 1862 4926 bonum
1890 4885 1985 4925 sue

409 4976 656 5031 premum
685 4968 745 5014 et
793 4959 972 5027 ﬁnale,
1036 4959 1261 5029 hospitii
1309 4959 1846 5016 administrationem
1889 4975 1986 5031 per

407 5054 866 5110 illuminationem
924 5063 982 5108 et
1021 5056 1412 5122 pragmaticam
1459 5053 1866 5116 ostensionem.
1930 5055 1983 5106 in

407 5146 568 5214 cuius
599 5145 829 5214 gratiam
865 5144 999 5199 tales
1025 5152 1270 5200 accenSa:
1301 5145 1521 5200 fuerant
1567 5145 1888 5213 lampades;
1933 5153 1988 5199 et

405 5235 726 5305 lmjnsmodi
747 5235 996 5304 exemplo
1021 5234 1309 5302 docebant,
1329 5251 1493 5289 unam
1512 5236 1988 5304 compositamque

407 5337 615 5386 Sancta:
643 5327 933 5384 Trinitatis
977 5329 1377 5396 operationem,
1434 5337 1492 5382 ut
1541 5344 1720 5396 neque
1780 5331 1985 5384 trinum

409 5437 509 5494 per
536 5420 919 5479 confusionem
948 5423 1004 5477 in
1039 5437 1101 5477 ea
1131 5422 1423 5488 velaretur,
1453 5423 1548 5477 sed
1575 5421 1865 5478 inaniieste
1895 5439 1990 5492 pa-

400 5525 583 5580 teret;
607 5525 661 5572 et
685 5516 950 5585 operatio,
977 5517 1109 5586 quin
1149 5527 1294 5571 esset
1327 5516 1638 5571 communis
1689 5525 1744 5570 et
1799 5517 1990 5570 incon.-

407 5603 550 5668 fusa,
574 5619 682 5660 non
711 5603 1088 5676 impediretur.
1113 5603 1265 5668 Sunt
1311 5606 1532 5673 quidem
1583 5606 1986 5676 sapientissima

408 5699 791 5768 sublimiaque,
813 5708 1012 5767 praeter
1043 5699 1149 5753 alia
1213 5699 1405 5761 multa,
1449 5699 1581 5753 talia
1632 5700 1990 5765 documenta,

411 5803 622 5844 necnon
660 5798 935 5846 rectarum
991 5789 1386 5858 cOgitationum
1421 5789 1664 5854 inventa,
1709 5792 1805 5846 sed
1869 5793 1991 5860 ipsa

412 5892 596 5942 tamen
619 5882 874 5940 breviora
901 5891 1033 5942 sunt
1080 5896 1146 5936 ac
1197 5881 1509 5950 corporalia
1573 5883 1812 5952 taliaque
1865 5900 1988 5954 quae

2087 4681 2185 4745 τὰς
2236 4681 2294 4736 δὲ
2340 4681 2553 4735 ἐκεῖθεν
2609 4679 2849 4752 λάμψεις
2894 4680 2990 4735 καὶ
3027 4679 3420 4744 ἀκτινοϐολίας
3470 4680 3694 4751 φιλοσο-

2087 4774 2316 4844 φοῦντες
2361 4773 2431 4827 δι’
2465 4773 2714 4846 ἀλλήλων
2761 4773 3004 4845 ἡκούσας
3054 4773 3150 4826 καὶ
3187 4773 3607 4842 συνεργούσας,
3639 4771 3697 4825 ἓν

2089 4871 2264 4923 ποιεῖν
2288 4868 2492 4937 ἀγαθὸν
2528 4867 2918 4940 καιριώτατον,
2951 4867 3047 4920 καὶ
3077 4865 3525 4936 σκοπιμὼτατον
3556 4867 3703 4920 τελι-

2089 4962 2223 5028 κῶς,
2253 4963 2353 5032 τὴν
2396 4960 2492 5014 τοῦ
2525 4961 2790 5031 δσπητίου
2837 4960 3107 5029 διοίκησιν
3143 4957 3231 5012 διά
3265 4958 3576 5031 φωτισμοῦ
3608 4957 3704 5012 καὶ

2092 5054 2528 5118 καθυποδείξεως
2555 5054 2974 5124 πραγματικῆς,
3011 5049 3078 5125 ἦς
3124 5053 3285 5124 χάριν
3330 5053 3411 5105 τὰ
3460 5051 3704 5106 τοιαῦτα

2090 5149 2264 5220 λύχνα
2319 5147 2727 5219 ὲξανήφθησαν,
2780 5148 2878 5201 καὶ
2921 5145 3234 5202 διδάσκουσι
3285 5145 3387 5198 καὶ
3465 5145 3540 5199 ὲκ
3602 5143 3704 5213 τῆς

2092 5244 2352 5313 τοιαύτης
2393 5241 2784 5311 παραδείξεως,
2823 5241 2886 5292 τὸ
2917 5240 3018 5307 τῆς
3051 5237 3216 5308 ἁγίας
3241 5238 3495 5307 Τριάδος
3536 5255 3707 5308 μονεο

2091 5335 2357 5406 νέργητον
2393 5339 2776 5404 συνὲργασμα,
2808 5332 2885 5396 ὡς
2921 5332 3060 5402 μήτε
3095 5332 3157 5386 τὸ
3190 5330 3493 5402 τριαδικδν
3528 5331 3708 5402 αὐτῆς

2093 5427 2381 5482 ἐσκιάσθαι
2421 5426 2508 5480 διὰ
2557 5426 2892 5496 συγχύσεως,
2931 5423 3070 5478 ἀλλά
3121 5422 3380 5494 φανερῶς
3437 5425 3712 5494 ἐκφαίνε-

2094 5519 2218 5572 σθαι
2241 5535 2252 5550 ·
2282 5520 2375 5572 καὶ
2415 5519 2476 5570 τὸ
2524 5520 2810 5587 ἐνέργημα
2844 5517 2902 5570 δὲ
2951 5516 3287 5577 κοινωνικῶς
3315 5515 3426 5568 καὶ
3459 5514 3716 5588 ἀσυγχύ-

2091 5630 2199 5675 τως
2243 5610 2654 5664 ἀνεπικώλυτον
2705 5606 2846 5665 εἶναι
2895 5611 3033 5682 αὐτῇ
3065 5626 3078 5640 ⁸
3115 5610 3208 5663 καὶ
3242 5608 3353 5661 sisi.
3411 5611 3528 5676 μὲν
3577 5611 3718 5662 πάν-

2094 5719 2233 5770 cupa
2264 5704 2358 5755 καὶ
2389 5705 2457 5755 τὰ
2484 5704 2711 5756 τοιαῦτα
2733 5704 2870 5774 πρὸς
2901 5703 3121 5773 μυρίοις
3151 5701 3330 5763 ἄλλοις
3357 5701 3715 5756 διδασκάλια

2095 5793 2186 5846 καὶ
2220 5791 2424 5860 ὑψηλὰ,
2465 5794 2558 5845 καὶ
2607 5792 2864 5846 διανοιῶν
2911 5791 3116 5845 εὺθέων
3168 5790 3504 5860 εὑρήματα,
3536 5791 3715 5861 ταχύ·

2093 5901 2228 5954 τερα
2261 5883 2322 5937 δὲ
2364 5884 2461 5936 καὶ
2501 5885 2640 5938 αύτά
2678 5885 2854 5956 ὅμως,
2891 5888 2986 5941 καὶ
3017 5882 3300 5954 σωματικὰ
3351 5884 3461 5936 καὶ
3496 5878 3595 5939 οἷα
3633 5881 3724 5958 μὴ
