3966 6248
305 360 416 422 633

1106 365 1196 426 ΙΝ.
1229 367 1570 433 HYMNUM
1609 367 2271 436 PENTECOSTALEM
2311 375 2772 438 DAMASCENI.

3369 353 3379 366 ”
3483 376 3612 464 6η¹

306 469 456 539 ἔχειν
505 471 879 543 πληροφορεῖν
928 473 1224 546 ἄνθρωπον
1276 481 1720 550 πολυπράγμονα
1755 484 1892 552 πρὸς

2010 489 2331 543 :onvincere
2364 498 2642 558 nequeant
2665 488 2948 545 hominem
2977 491 3042 545 de
3062 489 3406 546 inscrutahili
3436 507 3588 549 eom-

305 561 656 636 άσυζήτητον
691 564 1028 637 κατάληψιν,
1059 571 1109 623 εί
1146 571 1224 638 μὴ
1257 573 1422 636 αὐτὸς
1459 576 1488 628 ὁ
1513 575 1648 636 Θεὸς
1681 577 1896 628 ἀποκα-

304 655 483 724 λύψας
537 659 664 723 τοὺς
727 659 1047 731 ὀφθαλμοὺς
1101 663 1213 718 τῶν
1263 664 1296 735 ἢ
1344 667 1829 735 άμδλυωπούντων
1862 669 1918 740 η-

305 747 486 812 dum;
540 749 983 820 δυσωπουμένων
1011 753 1110 824 τὴν
1160 756 1299 826 πρὸς
1331 757 1426 810 τὸν
1449 758 1604 827 ἥλιον
1631 758 1733 824 τῆς
1761 757 1897 826 ἁλη-

308 840 466 906 θείας
512 844 833 912 ἀνάϐλεψιν,
877 847 1074 902 ἑαυτὸν
1106 849 1403 918 ἔμφανίσει
1435 852 1534 905 καὶ
1582 852 1782 917 διδάξει
1827 854 1899 906 τὰ

307 935 454 1006 ὑπὲρ
483 935 842 1009 άνθρωπικὴν
867 941 1222 1012 κατανόησιν.
1257 942 1470 998 Οὐκοῦν
1501 945 1588 998 ἴνα
1619 945 1694 1016 μὴ
1723 947 1897 1015 ἀναγ-

308 1030 610 1100 κασθῶμεν
634 1033 960 1104 αὐτόχρημα
995 1035 1446 1104 μεταλαμϐάνειν
1480 1036 1550 1092 τά
1580 1038 1690 1092 τῶν
1724 1037 1898 1107 ἁγίων

311 1112 584 1191 Πατέρων
613 1122 673 1188 ἐξ
708 1125 1066 1195 ἀντιγράφων
1107 1128 1488 1198 ἑρανιζόμενοι
1519 1133 1590 1182 τὰ
1618 1129 1716 1184 καὶ
1739 1129 1901 1199 ήμῶν

307 1215 436 1284 δίχα
472 1216 674 1289 ἔκδηλα
701 1220 782 1284 είς
827 1218 1057 1284 ἔνδειξιν
1087 1221 1338 1291 φανερὰν
1367 1221 1463 1276 τοῦ
1503 1221 1636 1293 μίαν
1664 1226 1724 1277 ἐν
1751 1215 1924 1295 τρισί

308 1311 632 1379 προσώποις
673 1309 815 1365 εῐναι
862 1314 966 1383 τὴν
1013 1317 1330 1387 άγιωτάτην
1357 1316 1616 1388 θεότητα,
1648 1318 1748 1372 καὶ
1775 1319 1900 1388 είκῆ

309 1403 602 1470 φανεῖσθαι
651 1405 781 1476 περὶ
831 1407 901 1460 τὰ
945 1409 1116 1462 πᾶσιν
1165 1410 1492 1480 εὐπόριστα,
1546 1411 1902 1480 περιωρίσθω

308 1493 449 1558 ἡμῖν
474 1492 580 1557 ἔως
606 1487 712 1548 ὦδε
741 1495 883 1550 καὶὸ
903 1497 1148 1556 τοιοῦτος
1172 1499 1327 1562 νοῦς⁶
1351 1499 1414 1556 τὸ
1433 1499 1512 1563 δὲ,
1546 1499 1758 1571 ἔλαμψε
1786 1501 1903 1567 φῶς

309 1583 346 1652 ἡ
378 1585 543 1654 χάρις
595 1587 690 1638 τοῦ
721 1586 1062 1658 Πνεύματος,
1091 1589 1256 1660 διχῶς
1300 1591 1551 1661 νοητέον*
1585 1592 1619 1665 ἢ
1664 1593 1775 1664 γὰρ
1819 1594 1901 1647 ὅτι

311 1674 618 1728 ἀπετέλεσε
667 1677 874 1746 λάμψιν
921 1681 1271 1748 φωτίζουσαν
1314 1681 1494 1751 ψυχάς
1541 1683 1574 1753 ἡ
1615 1684 1776 1754 χάρις
1806 1684 1930 1737 τοῦ·

2003 580 2371 650 prehensione
2399 583 2707 647 curiosum,
2744 582 2851 637 nisi
2873 581 3015 638 Deus
3039 583 3153 651 ipse.
3181 583 3430 639 revelans
3452 601 3586 640 ocu-
3611 579 3614 582 ’

2001 671 2083 726 los
2116 673 2374 730 debilium
2405 683 2458 727 et
2493 689 2682 728 eorum
2721 675 2816 744 qui
2848 674 2985 730 alias
3043 674 3264 731 difﬁcile
3314 676 3587 733 sustinent

2001 767 2136 823 solis
2166 768 2414 823 veritatis
2447 767 2818 834 intuitionem,
2847 769 3207 838 semetipsum
3277 768 3588 835 manifestet

2001 874 2052 915 et
2078 875 2138 914 ca
2165 876 2286 929 quae
2310 862 2606 915 humanam
2624 853 2896 930 ’superant
2915 861 3335 934 intelligentiam
3365 863 3580 920 doceat.

2006 954 2197 1022 Itaque
2225 967 2293 1009 ne
2328 953 2508 1023 reipsa
2536 968 2798 1023 cogamur
2861 970 2924 1009 ex
2989 955 3272 1024 rescriptis
3329 965 3588 1012 eruentes

2002 1049 2276 1118 explicare
2296 1048 2438 1102 dicta
2473 1056 2787 1102 sanctorum
2816 1045 3064 1110 Patrum,
3099 1064 3223 1118 quae
3246 1050 3366 1104 sine
3429 1049 3586 1104 nobis

2003 1141 2067 1195 ad
2100 1139 2746 1195 claredemonstrandum
2783 1140 2835 1192 in
2892 1139 3066 1194 tribus
3115 1140 3368 1209 personis
3418 1156 3583 1195 unam

2002 1247 2126 1286 esse
2147 1229 2551 1284 sanctissimam
2593 1227 3179 1284 Deitatemmanifesm
3219 1237 3369 1293 sunt,
3421 1232 3583 1285 vani-

2003 1341 2112 1394 que
2145 1322 2432 1379 videamur
2466 1323 2611 1378 circa
2637 1338 2728 1377 res
2763 1321 3023 1378 omnibus
3055 1321 3265 1385 obvias,
3299 1322 3588 1394 hucusque

2003 1418 2492 1474 circumscribatur
2531 1417 2691 1471 nobis
2756 1416 2872 1471 haec
2925 1417 3053 1470 talis
3124 1416 3418 1469 sententia.
3476 1415 3590 1469 Hoc

2003 1521 2182 1566 autem
2213 1528 2228 1564 ι
2262 1508 2474 1579 ἔλαμψε
2496 1509 2615 1577 φ’ὦς
2651 1509 2685 1580 ἡ
2716 1509 2877 1579 χάρις
2896 1507 2992 1561 τοῦ
3027 1508 3373 1577 Πνεύματος,
3403 1508 3602 1573 ᾶυνιίι

2005 1605 2141 1660 citer
2169 1603 2639 1674 intelligendum:
2704 1612 2797 1658 aut
2842 1604 3012 1666 enim,
3072 1602 3217 1671 quod
3277 1601 3585 1656 claritatem

2005 1701 2219 1756 animas
2241 1698 2635 1753 illuminantem
2654 1697 2883 1767 perfecit
2909 1698 3164 1752 celebrati
3199 1694 3440 1765 Spiritus
3467 1709 3589 1764 gra-

311 1767 718 1879 ioptafopévou
746 1771 1086 1843 Πνεύματος,
1119 1775 1153 1844 ἢ
1185 1774 1270 1828 ὅτι
1307 1776 1551 1845 σήμερον
1595 1775 1904 1846 ἐξέλαμψεν

2011 1792 2103 1855 tia,
2131 1791 2213 1845 vel
2247 1790 2392 1859 quod
2429 1789 2594 1845 hodie
2619 1789 2758 1843 luxit
2789 1789 3046 1844 exoriens
3072 1788 3259 1841 lumen
3324 1800 3430 1839 non
3497 1798 3587 1836 as-

310 1859 604 1914 ἀνατείλαν
646 1863 761 1930 φῶς
810 1865 872 1918 οὐ
907 1865 967 1917 τὸ
1004 1866 1258 1938 σύνηθες,
1290 1868 1386 1921 καὶ
1423 1867 1565 1937 πρὸς
1609 1867 1898 1938 αἴσθησιν,

313 1951 456 2006 ἀλλὰ
491 1956 523 2022 ἡ
555 1955 719 2024 χάρις
739 1957 834 2010 τοῦ
876 1958 1036 2025 ἁγίου
1081 1961 1424 2029 Πνεύματος,
1454 1963 1544 2016 ἵνα
1577 1962 1775 2016 ταυτὸν
1813 1963 1901 2034 είη

315 2045 438 2112 φῶς
478 2045 714 2101 ἐνταῦθα
758 2051 960 2116 εἰπεῖν,
1012 2053 1110 2106 καὶ
1151 2055 1314 2126 χάριν
1365 2053 1460 2109 τοῦ
1521 2053 1680 2124 ἁγίου
1729 2057 1905 2112 Πνεῦ-

319 2155 517 2206 ματος.

619 2235 946 2305 Τρσπάριον
968 2238 1179 2308 τρίτον
1203 2238 1316 2309 τῆς
1338 2241 1389 2295 δ’
1416 2239 1601 2310 ᾠδῆς.

390 2323 461 2381 Χ.
493 2327 750 2382 Τελείσθε
785 2330 988 2397 πάντες
1017 2335 1086 2404 τῇ
1118 2333 1544 2410 θεαρχικωτάτῃ

501 2421 660 2474 Ὅσοι
683 2421 980 2492 λατρευταὶ
1009 2427 1109 2492 τῆς
1133 2428 1474 2497 τριφεγγοῦς
1495 2429 1688 2494 οὐσίας
1709 2447 1725 2462 ο

509 2513 840 2584 ’Υπερφυῶς
867 2514 1018 2570 τελεῖ
1049 2518 1159 2588 γάρ
1197 2519 1276 2582 ὡς
1299 2520 1622 2592 εὐεργέτης,

497 2604 610 2660 Καὶ
643 2610 1027 2678 πυρσομορφοῖ
1047 2611 1279 2681 Χριστὸς
1301 2615 1382 2676 είς
1416 2615 1696 2684 σωτηρίαν

500 2695 594 2749 Ὀ)
605 2713 674 2768 ην
693 2714 789 2765 πορ
803 2698 931 2762 ίξων
953 2699 1052 2769 τὴν
1071 2701 1234 2771 χάριν
1259 2701 1352 2757 τοῦ
1381 2704 1522 2758 Πνεύ
1531 2722 1722 2774 ματος.

393 2789 524 2859 ριη’.
566 2791 912 2847 Ἠθικεύεται
945 2795 973 2847 ὁ
1027 2794 1269 2866 μελῳδὸς
1331 2797 1450 2865 ἁμα
1493 2797 1727 2868 παρόντι
1777 2815 1909 2868 τρο-

316 2882 530 2952 παρίῳ,
562 2885 658 2940 καὶ
710 2886 781 2940 τὰ
829 2886 938 2957 τῆς
981 2889 1177 2959 ἑορτῆς
1226 2889 1530 2958 φιλοσοφεῖ.
1581 2891 1690 2944 Καὶ
1731 2891 1764 2960 ή
1807 2891 1908 2961 μὲν

316 2977 462 3047 πρὸς
504 2973 639 3049 ἦθος
700 2981 984 3046 παίδευσις
1029 2981 1204 3050 λέγει,
1235 2983 1320 3036 ὅτι
1353 2983 1565 3046 Πάντες
1611 2984 1726 3037 ὅσοι
1779 2983 1908 3038 ἐστὶ

317 3070 620 3142 λατρευταὶ
644 3071 745 3142 τῆς
773 3072 1103 3143 τρι·ρεγγοῦς
1132 3074 1324 3137 οὐσίας
1358 3074 1625 3141 τελείσθε,
1659 3075 1907 3129 τουτέστι

323 3163 532 3231 μύσται
587 3165 828 3234 γίνεσθε,
859 3166 1084 3239 τελετὴν
1152 3167 1535 3239 ἑορτάζοντες,
1605 3169 1698 3222 καὶ
1761 3168 1907 3222 οὕτω

319 3257 630 3312 uicto-330s
673 3261 740 3329 τῇ
790 3259 1022 3332 τοιαύτῃ
1071 3260 1492 3333 θεαρχικωτάτῃ
1541 3259 1739 3332 οὐσίᾳ·
1769 3263 1804 3331 ή
1847 3261 1906 3314 δὲ

321 3353 615 3421 φιλόσοφος
661 3351 866 3423 θεωρία
919 3353 1264 3426 πληροφορεί
1302 3353 1389 3407 ὅτι
1425 3354 1460 3424 ἠ
1489 3353 1716 3424 τοιαύτη
1745 3353 1906 3407 οὐσία

321 3444 414 3499 διὰ
443 3442 540 3498 τοῦ
574 3443 834 3511 Χριστοῦ,
861 3443 922 3507 ὃς
967 3444 1267 3516 εὐεργέτης
1307 3445 1481 3510 ὅντως
1518 3447 1693 3510 ἔστιν,
1737 3446 1907 3516 ὕπερο

322 3537 479 3607 φυῶς
501 3553 564 3590 τε
590 3535 735 3590 τελεῖ
761 3529 932 3608 ἡγόυν
976 3539 1126 3608 μυεῖ,
1166 3539 1417 3593 τουτέστι
1446 3541 1799 3610 μυσταγωγεῖ
1825 3538 1905 3592 δι-

320 3630 564 3696 δάσκων,
599 3630 696 3684 καὶ
750 3629 1028 3684 παιδεύων
1079 3631 1175 3684 καὶ
1216 3636 1609 3703 πυρσομορφοῖ
1653 3633 1716 3685 οὐ
1768 3631 1906 3704 πρὸς

323 3722 582 3792 ἐρύθημα
611 3720 795 3787 αἰδοῦς
831 3722 946 3777 είτε
995 3723 1249 3790 κάλλους,
1281 3724 1423 3778 άλλά
1473 3727 1555 3789 είς
1599 3725 1904 3798 σωτηρίαν,

323 3814 570 3882 πορίζων
623 3815 739 3875 τοῖς
772 3813 1009 3882 μύσταις
1067 3814 1235 3868 αὐτοῦ
1279 3814 1412 3887 ὅλην
1449 3814 1551 3885 τὴν
1598 3816 1764 3886 χάριν
1809 3815 1906 3870 τοῦ

326 3907 669 3974 Πνεύματος.
700 3907 776 3962 Οὐ
817 3909 928 3979 γὰρ
969 3906 1168 3970 ἀτελὴς
1207 3909 1236 3961 ὀ
1283 3906 1439 3972 Θεὸς,
1470 3906 1662 3978 ὥσπερ
1693 3907 1756 3961 οὐ
1805 3907 1907 3980 τὴν

321 3997 715 4069 πληρεστάτην
771 3997 934 4067 φύσιν
968 3996 1136 4052 αὐτοῦ
1169 3997 1210 4070 ,ἢ
1257 3998 1387 4052 ἄλλο
1422 4015 1475 4052 τι
1507 3998 1618 4054 τῶν
1649 3999 1774 4054 κατ’
1803 4002 1906 4055 αὐ-

322 4089 440 4154 τὸν,
472 4093 566 4142 καὶ
591 4091 721 4161 περὶ
746 4088 932 4158 αὐτὸν,
966 4088 1142 4154 οὕτως
1168 4089 1292 4143 οὐδὲ
1314 4087 1416 4160 τὴν
1446 4089 1772 4160 εὐεργεσίαν
1809 4090 1907 4146 καὶ

322 4181 430 4254 τὴν
464 4183 625 4253 χάριν
679 4181 780 4252 τὴν
823 4180 883 4248 ἐξ
915 4181 1081 4236 αὐτοῦ
1132 4183 1274 4254 πρὸς
1326 4182 1422 4236 τοῦ
1473 4183 1666 4239 αὑτοῦ.
1702 4184 1764 4237 Εί
1797 4185 1906 4256 γὰρ

327 4290 363 4324 κ
393 4273 427 4324 .ὶ
475 4273 618 4326 πάνυ
673 4271 845 4344 μικρά
901 4271 1200 4339 λαμϐάνων
1250 4273 1539 4344 προσίεται
1587 4273 1647 4337 ὃς
1695 4289 1760 4343 γε
1812 4277 1906 4329 καὶ

324 4363 698 4433 προσκυνήσει
738 4363 922 4434 χαίρει
966 4365 1035 4433 τῇ
1082 4362 1208 4418 κατ’
1249 4363 1524 4436 ὀρθότητα
1553 4365 1650 4418 καὶ
1683 4365 1908 4439 εὐλογίᾳ

326 4456 635 4527 εὐγνώμονι
687 4456 762 4520 ὥς
811 4457 910 4511 καὶ
978 4456 1150 4520 ὄντως
1198 4458 1518 4527 εὐλογητὸς,
1576 4457 1692 4512 ἀλλ’
1743 4457 1906 4522 αὐτὸς

327 4551 712 4622 μεγαλὸωρὸς
745 4551 919 4616 ἐστιν,
947 4551 1030 4605 ὅτι
1057 4551 1154 4605 καὶ¹
1189 4551 1635 4624 ἐλευθεριότητος
1661 4553 1906 4622 ἁπάσης,

325 4646 420 4699 καὶ
459 4642 938 4713 μεγαλοπρεπείας
964 4643 1237 4715 δεσπότης
1277 4642 1395 4715 ἅμα
1427 4645 1522 4698 καὶ
1551 4643 1906 4714 παραδότης·

324 4737 422 4792 καὶ
442 4736 473 4790 ὁ
499 4736 590 4789 τὸν
614 4736 1004 4807 ἀναμάρτητον
1027 4736 1316 4806 ἄνθρωπον
1341 4737 1463 4791 ὅλον
1487 4737 1682 4791 ἑαυτὸν
1711 4737 1911 4808 ἐκείνῳ

324 4829 667 4885 άντιδίδωσιν
701 4831 862 4902 εἴπερ
893 4829 1042 4895 ἄξιος
1076 4829 1272 4884 τούτου
1305 4829 1557 4900 γένηται.

400 4922 522 4991 ριθ¹.
571 4921 770 4976 Ἰστέον
802 4921 861 4976 δὲ
901 4924 984 4976 ὅτι
1038 4923 1452 4992 προστακτικῆς
1485 4938 1548 4975 τε
1605 4922 1912 4991 ἐγκλίσεως

324 5013 387 5066 τὸ
412 5013 680 5080 τελεῖσθε,
709 5014 806 5069 καὶ
832 5014 918 5068 ὅτι
955 5013 1238 5083 μυστικῶς
1279 5015 1410 5084 ἁγία
1437 5016 1470 5085 ἡ
1497 5015 1723 5086 τοιαύτη
1760 5015 1909 5081 λέξις

328 5105 611 5176 σύστοιχος
647 5107 716 5176 τῇ
763 5106 974 5176 τελετῇ,
1019 5106 1116 5159 καὶ
1160 5110 1227 5177 τῇ
1273 5107 1620 5178 τελεταρχίᾳ,
1655 5108 1750 5160 καὶ
1792 5111 1907 5172 τοῖς

325 5196 606 5261 τελεσταίς
645 5197 757 5251 τῶν
791 5197 1114 5268 μυστηρίων
1157 5197 1494 5268 ἔκφάντορσι
1521 5213 1536 5230 ο
1574 5198 1820 5252 τοιοῦτον
1851 5199 1907 5253 δὲ

327 5292 423 5344 καὶ
450 5290 513 5344 τὸ
537 5289 703 5355 τελεῖ,
733 5290 876 5362 ὅπερ
895 5291 1156 5360 ἀνωτέρω
1186 5293 1392 5346 κεῖται.
1432 5290 1912 5364 Ἀποκαρανοῦται

327 5383 408 5449 δὲ,
439 5383 469 5437 ὸ
499 5383 565 5453 δή
612 5400 698 5446 τις
746 5383 875 5456 ἔφη,
909 5383 1088 5439 ταῦτα
1134 5387 1230 5438 καὶ⁵
1278 5385 1380 5438 ὅσα
1430 5382 1680 5450 τοιαῦτα,
1707 5378 1786 5440 ὧν
1819 5385 1914 5440 καὶ

332 5475 836 5548 προεμνήσθημεν·
894 5476 1080 5546 σαφῶς
1148 5477 1204 5531 δὲ
1265 5479 1443 5530 εἰπεῖν
1511 5477 1912 5546 κεφαλαιοῦται

333 5570 430 5624 καὶ
485 5570 670 5642 ἀφορᾷ
719 5570 800 5634 είς
845 5571 948 5640 τὴν
998 5571 1122 5624 κατ’
1161 5571 1454 5641 ἄνθρωπον
1504 5571 1812 5639 τελείωσιν,
1843 5573 1912 5643 ἥν

331 5663 706 5733 εὐπραγοῦσιν
749 5663 800 5716 οί
825 5661 961 5730 πρὸς
977 5663 1150 5734 ὀρθὴν
1186 5662 1450 5733 ἀλήθειαν
1482 5664 1576 5716 καὶ
1608 5665 1908 5736 ὀρθότητα,

334 5755 394 5808 οὐ
426 5754 536 5824 μὴν
574 5755 656 5816 είς
701 5755 936 5826 κρίμαῆ
972 5757 1052 5817 είς
1074 5755 1412 5824 κατάκριμα,
1451 5756 1518 5808 τὰ
1555 5756 1674 5808 θεία
1707 5757 1908 5825 μιμού-

337 5860 524 5914 μενοι·
559 5847 700 5916 τάχα
761 5844 818 5904 δὲ
873 5845 1098 5918 τοιαύτη
1149 5863 1230 5910 τις
1286 5845 1464 5900 ἔννοια
1516 5847 1611 5900 καὶ
1661 5849 1786 5911 τοὺς
1842 5849 1901 5901 ὲν

2004 1894 2244 1947 suetum,
2271 1891 2326 1938 et
2353 1881 2634 1943 sensibile,
2657 1880 2801 1950 quod
2825 1889 3004 1935 tamen
3041 1885 3126 1935 est
3181 1879 3355 1950 gratia
3413 1878 3585 1931 sancti

2006 1974 2267 2045 Spiritus,
2303 1984 2363 2031 ut
2400 1975 2569 2036 idem.
2596 1975 2666 2030 sit
2699 1973 2882 2028 lumen
2909 1971 3208 2044 hichicerc
3239 1971 3588 2041 Spiritusque

2003 2070 2180 2126 sancti
2206 2067 2466 2140 gratiam.

2374 2244 2691 2314 Troparium
2718 2245 2754 2298 ’5
2795 2244 2912 2298 udae
2950 2253 3180 2311 quarla’.

2152 2342 2382 2398 Servitis
2409 2353 2602 2394 omnes
2639 2336 2982 2391 divinissimo
3011 2332 3364 2403 principatui,

2077 2437 2222 2504 Quot
2254 2433 2396 2492 servi
2432 2433 2564 2487 estis
2598 2428 2894 2484 triluminis
2923 2426 3258 2480 substantiae.

2081 2525 2583 2598 Snpernaturaliter
2607 2525 2748 2578 enim
2791 2520 3000 2590 perficit
3031 2530 3088 2575 ut
3114 2518 3447 2580 lwnefactor,

2079 2620 2146 2677 Et
2184 2621 2396 2692 igneam
2429 2616 2655 2670 formam
2686 2613 2939 2669 Christus
2962 2613 3055 2666 (lat
3089 2613 3143 2666 in
3173 2612 3425 2678 salutem,

2077 2712 2266 2766 Totam
2300 2710 2582 2779 porrigens
2609 2707 2838 2776 gratiam
2866 2703 3124 2772 Spiritus.

2080 2803 2205 2858 H8.
2239 2801 2293 2854 ln
2321 2797 2575 2871 praesenti
2617 2795 2837 2865 quidem
2872 2794 3096 2863 stropha
3128 2803 3281 2862 poeta
3309 2792 3602 2847 moraliter'

2009 2912 2073 2952 ac
2095 2893 2473 2966 philosophice
2491 2905 2612 2960 qua:
2644 2899 2767 2943 sunt
2799 2886 3113 2943 festivitatis
3135 2892 3354 2940 tractat.
3380 2883 3446 2938 Et
3469 2884 3594 2953 qui-

2007 2991 2130 3045 dem
2161 2985 2382 3042 moralls
2412 2983 2700 3040 instructio
2746 2981 2878 3036 dicit
2916 2979 3282 3047 :Quicunqtte
3325 2978 3589 3031 substan-

2011 3085 2098 3138 tiae
2129 3091 2209 3136 ter
2239 3079 2466 3135 lucentis
2501 3077 2634 3132 estis
2665 3071 3000 3131 adoratores.
3036 3071 3351 3137 initiamini,
3383 3073 3435 3123 id
3483 3077 3589 3136 est,

1934 3157 1979 3217 ο
2011 3183 2200 3246 mystae
2243 3171 2368 3229 sitis
2405 3169 2665 3241 mysteria
2698 3168 3062 3228 celebrantes.
3099 3177 3152 3219 et
3180 3165 3254 3218 ita
3294 3163 3386 3216 tali
3415 3164 3592 3216 omni-

2009 3265 2215 3337 potenti
2235 3263 2552 3320 substantiae
2576 3259 3006 3318 consecramini.
3035 3256 3426 3324 Philosopltica
3460 3270 3591 3310 vero

2007 3358 2217 3415 theoria
2250 3357 2471 3429 plenam
2512 3355 2643 3410 facit
2683 3354 2845 3409 fidem
2881 3352 3028 3423 quod
3104 3351 3230 3406 talis
3279 3348 3589 3404 substantia
3704 3341 3708 3344 ’

2008 3465 2105 3522 ρει·
2133 3450 2436 3516 Christum,
2486 3449 2577 3517 qui
2641 3459 2770 3501 vere
2823 3445 3105 3500 beneficus
3163 3449 3268 3506 est,
3334 3440 3592 3510 superius

2008 3542 2318 3616 pertleit,id
2347 3550 2450 3604 est,
2480 3537 2662 3594 initlat
2702 3547 2758 3593 et
2805 3535 2982 3593 sacris
3032 3541 3340 3600 consecrat,
3389 3532 3594 3586 docens

2005 3646 2060 3692 et
2083 3635 2364 3701 erudiens,
2393 3644 2448 3690 et
2469 3633 2613 3703 ignis
2666 3631 2905 3686 formam
2978 3627 3209 3698 ingerit,
3271 3640 3385 3681 non
3431 3623 3589 3694 juxta

2007 3729 2266 3786 ruborem
2299 3725 2525 3798 pudoris
2563 3723 2648 3779 vel
2680 3721 3131 3794 pulchritudinis,
3164 3720 3259 3774 sed
3325 3717 3393 3772 ad
3445 3715 3591 3772 salu-
3622 3717 3628 3724 '

2008 3831 2138 3887 tem,
2172 3819 2289 3876 suis
2318 3817 2513 3890 mystis
2538 3830 2756 3871 omnem
2785 3809 3022 3883 Spiritus
3045 3811 3276 3882 gratiam
3309 3809 3586 3880 praebens.

2006 3914 2125 3970 Non
2151 3923 2234 3968 est
2263 3913 2408 3967 enim
2440 3907 2798 3979 imperfectus
2848 3905 3017 3967 Deus,
3084 3904 3231 3959 sicut
3285 3917 3386 3957 nec
3437 3900 3587 3954 circa

2008 4001 2464 4076 perfectissimam
2497 3998 2619 4069 ejus
2651 4007 2927 4063 naturam,
2956 3993 3040 4048 vel
3061 3993 3208 4048 aliud
3230 3991 3361 4063 quid
3396 4005 3586 4046 eorum

2007 4098 2074 4154 ad
2099 4098 2278 4166 ipsum
2312 4091 2754 4164 respicientium,
2792 4089 2873 4145 sic
2895 4101 3075 4158 neque
3107 4085 3253 4142 circa
3283 4083 3590 4140 beneficen-

1985 4191 2141 4246 -tiam
2179 4196 2234 4242 et
2269 4186 2503 4258 gratiam
2551 4198 2674 4254 quae
2705 4197 2774 4237 ex
2834 4180 2957 4252 ipso
2997 4186 3051 4235 et
3100 4193 3199 4248 per
3250 4176 3428 4246 ipsum
3482 4183 3588 4228 est.

2010 4282 2125 4337 Etsi
2148 4279 2292 4336 enim
2320 4277 2478 4333 valde
2515 4291 2680 4348 parva
2710 4272 3018 4339 suscipiens
3075 4271 3441 4340 concipiatur,
3495 4267 3589 4338 qui
3621 4285 3624 4288 ‘

2009 4374 2151 4432 facta
2220 4370 2524 4430 secundum
2584 4368 2966 4425 rectitudinem
3029 4365 3345 4422 adoratione
3393 4364 3592 4435 gaudet

2011 4482 2225 4523 necnon
2265 4463 2529 4521 benevola
2563 4463 2744 4526 laude,
2765 4463 2922 4532 quasi
2952 4475 3139 4516 revera
3162 4460 3440 4518 laudatus,
3475 4458 3594 4525 ipse

2013 4568 2195 4616 tamen
2231 4561 2285 4614 in
2317 4558 2477 4614 donis
2512 4556 2836 4628 magniﬁcus
2884 4563 2994 4618 est,
3027 4561 3217 4622 utpote
3250 4551 3342 4620 qui
3378 4559 3593 4606 cuncta:

2011 4651 2355 4708 liberalitatis
2389 4657 2444 4703 et
2475 4645 2863 4715 magnitudinis
2889 4652 2974 4699 εει
3015 4644 3270 4698 dominus
3300 4651 3354 4696 et
3401 4641 3590 4704 dator,

2012 4745 2217 4815 quique
2249 4743 2592 4797 innocentem
2658 4737 2935 4794 hominem
2985 4746 3158 4792 totum
3223 4736 3464 4806 seipsum
3513 4735 3592 4790 illi

2009 4835 2130 4890 vice
2149 4847 2245 4890 sua
2279 4832 2444 4888 tradit
2475 4829 2604 4886 dum
2634 4829 2721 4884 ille
2755 4829 2951 4890 dignus
2989 4829 3090 4883 hoc
3124 4827 3236 4884 llat.

2087 4926 2213 4982 119.
2241 4923 2536 4980 Sciendum
2571 4931 2654 4977 est
2683 4932 2872 4977 autem
2931 4921 3234 4989 imperativi
3269 4919 3414 4974 modi
3469 4935 3594 4976 esse

2011 5033 2202 5073 vocem
2241 5014 2527 5080 τελείσθε;
2589 5014 2929 5084 mysticeque
2984 5022 3230 5068 sanctam
3275 5027 3397 5068 esse
3454 5013 3595 5067 hanc

2015 5108 2348 5164 locutionem
2381 5121 2504 5178 quae
2532 5106 2773 5176 ejusdem
2811 5114 2894 5160 est
2921 5105 3139 5175 generis
3187 5121 3251 5160 ac
3279 5103 3521 5177 ήτελετή
3542 5111 3598 5158 ει

2013 5199 2417 5272 ήτελεταρχία,
2443 5208 2499 5254 ει
2536 5201 2587 5252 οἱ
2619 5197 2859 5264 τελεταί,
2897 5198 2990 5268 qui
3025 5207 3152 5253 sunt
3205 5197 3593 5270 mysteriorum

2014 5294 2363 5364 interpretes.
2397 5291 2527 5348 Tale
2558 5302 2640 5347 est
2669 5307 2886 5362 quoque
2950 5293 3176 5347 verbum
3225 5293 3393 5359 τελεῖ,
3445 5292 3590 5360 quod

2021 5385 2279 5454 superius
2313 5383 2582 5440 habemus
2600 5383 3075 5454 Ἀποκαρανοῦται
3103 5397 3306 5448 autem,
3325 5393 3382 5437 ut
3398 5383 3598 5452 aliquis

2015 5477 2173 5541 dixit,
2214 5477 2329 5533 haec
2361 5477 2574 5546 aliaque
2602 5477 2827 5540 similia,
2857 5493 3089 5547 quorum
3151 5477 3466 5531 memoriam
3515 5475 3590 5529 fe-

2013 5569 2228 5623 cimus:
2267 5569 2371 5635 vel,
2403 5578 2464 5624 ut
2501 5569 2702 5624 clarius
2734 5576 2947 5636 tequar,
2981 5570 3290 5622 summatim
3339 5567 3600 5623 dicuntur

2014 5673 2067 5718 et
2094 5670 2344 5732 spectant
2367 5660 2433 5716 ad
2461 5662 2698 5716 hominis
2725 5661 3006 5715 τελείωσιν
3034 5675 3194 5727 quam
3217 5667 3360 5712 recte
3391 5659 3598 5715 faciunt

2015 5755 2107 5822 qui
2132 5753 2286 5823 juxta
2335 5763 2540 5809 rectam
2581 5755 2860 5807 veritatem
2899 5760 2951 5805 ct
2998 5749 3358 5805 orthodoxam
3413 5750 3594 5817 ﬁdem,

2012 5859 2117 5899 non
2152 5844 2204 5897 in
2230 5842 2491 5912 judicium
2521 5852 2575 5897 et
2602 5840 3133 5904 condemnationem,
3165 5837 3348 5892 divina
3370 5837 3620 5893 imitan-'
