3966 6248
245 297 340 359 ϋιι
1035 304 1114 362 ΙΝ
1153 307 1493 370 HYMNUM
1542 309 1822 372 ΡΕΝΤΕ(

1926 315 2204 378 δΤΑιΕΜ
2239 317 2648 384 DAMASCEN
2659 321 2707 385 Ι.
3422 329 3528 394 642

247 407 479 475 δικαίου,
509 409 585 475 ὡς
624 407 736 466 οἷον
764 414 1026 485 στέρησιν
1057 419 1327 493 δηλούσης
1375 423 1476 494 τῆς
1519 425 1585 481 ἐκ
1637 429 1822 499 προοέ.

1939 435 2084 504 quod
2147 447 2299 490 extra
2363 440 2694 494 conveniens
2756 454 2820 494 ac
2877 439 3145 511 justitiam
3192 450 3300 509 est,
3355 445 3528 512 signi-

250 516 386 564 σεως
407 518 424 534 ⁸
462 505 616 574 παρά
645 505 703 558 δὲ
732 508 843 570 τοῖς
891 507 1122 580 ὕστερον
1149 513 1386 579 ἐξαίσιον
1416 515 1540 569 κατ’
1568 519 1822 573 ἐπίτασιν

1936 525 2080 595 ﬁcat,
2111 529 2470 596 privationem
2505 532 2829 588 ostendente
2851 535 3225 604 propositione
3254 551 3318 590 ea:
3338 553 3360 602 ,'
3382 538 3525 606 apud

246 594 338 648 καὶ
359 593 576 648 ἔκδικον
605 597 667 649 τὸ
699 597 840 665 λίαν,
890 602 1032 656 πάνυ
1065 605 1240 658 αἶσιον
1267 608 1360 661 καὶ
1390 606 1597 662 δίκαιον
1621 625 1639 643 ο
1684 611 1822 664 οὖτνιι

1933 614 2270 675 recentiores
2299 631 2479 676 autem
2509 622 2749 688 ἐξαίσιον
2773 633 2859 680 est
2909 639 3032 680 cum
3100 626 3412 682 intensione
3471 639 3527 684 et

247 689 339 738 καὶ
381 687 694 756 ἐκπορίζειν
724 685 790 759 ἦν
848 695 950 762 μὲν
1002 698 1090 750 ὅτε
1146 699 1209 752 τὸ
1253 687 1330 772 μὴ
1375 703 1652 772 πορίζειν,
1688 705 1828 758 ἀλλᾶ

247 779 517 846 ἁπάγειν·
554 781 604 834 οἱ
642 781 698 836 δὲ
741 783 1122 857 ὑστερογενεῖς
1163 793 1393 864 ῥήτορες
1425 797 1506 858 είς
1537 796 1734 850 ταυτὸν
1766 800 1827 850 τὸ

247 866 494 937 πορίζειν
523 867 720 933 ἄγουσι
745 873 920 928 καὶτὸ
950 878 1288 948 ἐκπορίζειν,
1329 885 1406 947 ὡς
1433 885 1588 956 δηλοῖ
1615 887 1710 940 καὶ
1737 887 1823 955 τὸ,

247 959 601 1031 παρασκευὴν
644 965 854 1036 τροφῆς
904 969 1210 1042 ἑκπορίζει,
1242 974 1270 1027 ὅ
1299 975 1418 1029 ὲστι
1462 977 1700 1048 δαψιλῶς
1727 998 1824 1050 χο-

246 1057 423 1121 ρηγεί.

787 1240 968 1311 ’ῼδῆς
996 1240 1040 1295 ε’
1071 1245 1295 1311 είρμός.

248 1325 336 1382 XI.
379 1330 684 1401 Λουτήριον
714 1333 987 1404 κάθαρσιν
1022 1337 1488 1406 ἀμπλακημάτων

382 1422 692 1491 Πυρίπνοον
719 1425 947 1491 δέξασθε
983 1428 1310 1497 Πνεῦματος
1344 1431 1556 1498 δρόσον,

382 1510 454 1569 Ὦ
479 1517 644 1570 τέκνα
675 1520 1015 1591 φωτὸμορφα
1043 1521 1142 1590 τῆς
1167 1520 1500 1595 Ἐκκλησίας
1523 1542 1538 1555 ο

380 1607 496 1661 Νῦν
521 1611 586 1662 ἐκ
614 1609 752 1663 Σιὼν
774 1611 884 1682 γὰρ
913 1611 1202 1684 ἐξελήλυθε
1234 1616 1416 1683 νόμος,

392 1701 456 1754 Ἦ
501 1701 1118 1775 γλωσσοπυρσόμορφος
1157 1707 1475 1777 Πνεύματος
1501 1709 1680 1780 χάρις.

312 1794 450 1862 ρκζη
494 1794 610 1865 Πρὸ
670 1796 923 1868 βραχέων
971 1798 1204 1868 λουτροῦ
1263 1801 1411 1854 θείου
1471 1805 1735 1873 μνησθεὶς
1793 1807 1820 1856 ὁ
1860 1801 1896 1852 Β

241 1887 403 1948 καλὸς
449 1886 603 1950 οὗτος
637 1890 896 1960 μελῳδὸς,
932 1893 1028 1943 καὶ
1070 1892 1252 1958 ὀλίγον
1296 1897 1543 1958 ἀποστὰς
1581 1900 1819 1961 ὲκεὶνου,

239 1979 630 2050 ἐπανέκαμψεν
681 1981 758 2046 ὡς
812 1979 904 2036 οἷά
957 1998 1041 2048 τις
1103 1984 1455 2057 φιλόλουτρος
1506 1989 1672 2043 πάλιν
1733 1989 1824 2043 ἐπ’

238 2071 368 2123 αὑτό
390 2090 402 2100 ·
442 2075 534 2125 καὶ
569 2073 632 2126 οὐ
677 2073 1062 2130 διαπετάννυσι
1099 2078 1202 2147 μὲν
1249 2077 1380 2149 ὃλην
1409 2082 1686 2150 τροπικῶς
1717 2085 1822 2155 τὴν

237 2162 467 2230 εἴσοδον,
485 2165 560 2227 ὼς
583 2167 700 2219 ἐκεῖ
723 2166 1065 2234 ἑνεσάθυνιν,
1084 2169 1256 2224 είπὼν
1279 2173 1364 2238 τὸ,
1393 2169 1824 2243 Ὂμδροϐλυτεῖς

240 2273 332 2324 μοι
363 2257 604 2326 ῥεῖθρον,
635 2260 726 2311 καὶ
754 2258 918 2328 siin.-
950 2261 1240 2332 Ιιροκύψας
1268 2263 1326 2316 δὲ
1369 2264 1546 2328 ἄλλως
1578 2269 1661 2330 είς
1699 2269 1822 2320 ὅσον

237 2347 424 2418 ἠρέμα
452 2349 731 2404 κάνταῦθα
758 2352 1150 2424 προσάψασθαι
1179 2354 1275 2409 τοῦ
1309 2357 1539 2426 ἀγαθοῦ,
1565 2359 1822 2428 ἐπιστρέ-

236 2454 400 2508 φεται
427 2445 508 2504 εἰς
537 2443 609 2496 τὰ
637 2444 1070 2516 ἐκκλησιαστικὰ
1096 2448 1287 2516 τέκνα,
1329 2451 1425 2502 καὶ
1453 2452 1819 2521 προκαλεῖται

234 2535 377 2588 αὑτὰ
403 2534 774 2607 καθήρασθαι,
808 2537 1111 2610 λελουμὲνα
1139 2542 1244 2612 μὲν
1269 2543 1369 2614 ήδη
1397 2543 1526 2598 ὄντα
1552 2545 1647 2598 καὶ
1674 2544 1822 2600 οὕτω

235 2627 600 2699 φωτόμορφα,
635 2629 868 2699 δεόμενα
905 2630 964 2685 ὁὶ
1000 2631 1150 2702 ὅμως
1181 2634 1278 2687 καὶ
1309 2635 1484 2688 εἰσαεὶ
1512 2637 1612 2706 τῆς
1643 2639 1820 2705 αὐτῆς

233 2723 484 2793 χὰριτος.
513 2724 580 2796 ἢν
611 2725 868 2780 οὐδέποτε
905 2727 1136 2800 ὀκνήσει
1165 2731 1194 2783 ὁ
1240 2732 1530 2802 φιλότιμος
1563 2735 1822 2802 Χριστια-

235 2818 329 2880 νὸς
366 2819 734 2874 ἐπιτείνεσθαι
763 2819 949 2892 ζητεῖν
978 2825 1040 2876 ὲκ
1070 2823 1226 2879 Θεοῦ.
1289 2827 1461 2896 Φησὶν
1507 2824 1600 2880 οὖν
1630 2831 1819 2882 τοιαῦ-

233 2927 299 2961 τα
327 2931 337 2937 -
369 2907 441 2961 Ὦ
485 2912 650 2964 τέκνα
707 2915 1043 2984 φωτόμορφα
1090 2917 1543 2988 ἐκκλησιαστικά,
1595 2918 1820 2986 δέξασθε

234 3001 508 3072 νάϐαρσιν
552 3003 1014 3075 ἀμπλακημάτων
1068 3007 1390 3078 λουτήριον,
1449 3011 1618 3080 ἤγουν
1683 3013 1820 3063 ἀπο-

231 3094 501 3147 λοῦουσαν
533 3096 609 3157 ὡς
651 3091 762 3150 οἷον
797 3099 966 3167 ῥύπον
1013 3098 1183 3151 πολὺν
1230 3099 1328 3152 καὶ
1353 3101 1495 3154 οὕτω
1529 3103 1719 3172 βαρὺν,
1751 3103 1819 3156 τὰ

231 3189 290 3238 ἐν
320 3188 458 3257 ἡμῖν
507 3189 887 3260 ἁμαρτήματα
910 3205 925 3222 ο
1059 3193 1124 3262 δὴ
1158 3195 1428 3264 καθάρσει
1461 3196 1816 3268 πλυνάμενοι,

231 3284 324 3332 καὶ
362 3279 497 3332 ὡσεὶ
541 3279 688 3350 ἔριον
717 3281 1174 3353 λευκανθήσεσθε,
1222 3289 1289 3357 τῇ
1323 3286 1418 3339 τοῦ
1469 3287 1606 3342 Θεοῦ
1645 3292 1818 3362 σκηνῇ

231 3374 690 3443 χρησιμεύοντες,
727 3376 820 3428 καὶ
865 3375 1008 3447 ὑπὲρ
1059 3377 1216 3449 χιόνα
1267 3374 1334 3450 ἦς
1391 3379 1526 3433 πολύ
1567 3398 1619 3434 τι
1657 3383 1821 3436 καλὸν

231 3468 350 3528 τοῖς
398 3469 494 3519 ἐπὶ
543 3469 644 3536 γῆς
702 3467 762 3519 τὸ
819 3469 1171 3539 ἀποτέλεσμα
1221 3473 1278 3523 ὲν
1330 3472 1532 3544 καιρῷ.
1568 3469 1734 3528 Ποίαν
1763 3475 1819 3529 δὲ

229 3557 381 3625 λέγω
411 3559 686 3628 κάθαρσιν
706 3576 721 3626 ;
748 3561 857 3628 Τὴν
875 3561 966 3614 τοῦ
997 3563 1155 3631 ἁγίου
1184 3563 1501 3632 Πνεύμπτος
1525 3567 1820 3634 πυρὶπνοον

230 3653 431 3721 δρόσον
455 3668 472 3684 ο
499 3653 567 3724 ἢν
601 3652 799 3706 αὐτίκα
835 3653 1097 3724 Σιωνίτην
1140 3655 1303 3722 νόμον
1355 3657 1706 3728 ἑρμηνεύσει,
1747 3659 1821 3711 εί-

228 3744 392 3796 τ.ὡνο
437 3743 554 3796 Νῦν
605 3743 714 3814 γὰρ
743 3747 806 3797 ὲκ
854 3743 952 3815 τῆς
1010 3749 1340 3816 περικλυτου
1377 3748 1540 3814 Σιὼν,
1573 3742 1638 3819 ἦς
1674 3750 1821 3801 πλεῖ-

228 3851 358 3899 στος
386 3837 552 3905 λόγος
575 3840 850 3907 πανταχοῦ
874 3841 970 3909 τῆς
995 3839 1123 3909 γῆς,
1143 3841 1428 3912 ἐξελήλυθε
1457 3843 1643 3909 νόμος.
1662 3841 1821 3904 flcio;

225 3929 448 3991 ἐκεῖνος
479 3930 640 3996 νόμος
663 3943 679 3996 ;
715 3929 778 3982 Ἦ
798 3932 957 4002 χάρις
986 3931 1080 3985 τοῦ
1107 3933 1264 4000 ἁγίου
1301 3931 1640 4000 ιινεύματος,
1663 3933 1722 4002 ἡ,
1747 3931 1821 3995 ὡς

225 4036 252 4072 ε
267 4043 270 4066 :
284 4037 482 4090 ρηται,
503 4021 1137 4094 γλωσσοπυρσόμορφος.
1647 4020 1649 4022 ’

305 4112 458 4184 ρκη’.
501 4113 702 4166 ’ἰστέον
733 4115 789 4168 δὲ
838 4121 933 4168 καὶ
986 4117 1072 4171 ὅτι
1111 4115 1205 4171 τοῦ
1255 4118 1491 4173 ἐνταῦθα
1528 4116 1818 4189 λουτηρίου

225 4210 602 4279 παράφρασις
656 4202 796 4260 εἴναι
853 4207 1000 4262 δοκεῖ
1053 4208 1149 4263 τοῦ
1196 4213 1256 4264 ὲν
1302 4213 1368 4282 τῇ
1425 4211 1658 4282 τετάρτῃ
1707 4209 1817 4281 ᾠδῇ

225 4305 384 4358 θείου
446 4301 698 4371 λουτροῦ.
755 4303 863 4355 K11
913 4301 1097 4355 τοίνυν
1154 4301 1216 4355 τό
1271 4304 1370 4373 μὲν
1430 4304 1572 4357 θεῖον
1631 4306 1664 4373 ἡ
1714 4304 1822 4356 τῶν

223 4393 706 4467 ἀμπλακημάτων
771 4392 1041 4462 κάθαρσις
1117 4390 1572 4462 περιφραστικῶς
1646 4391 1824 4461 ἑρμη-

1930 705 2144 760 εκδικον
2176 723 2296 762 cum
2323 711 2705 780 amplitudine,
2741 713 2887 782 quod
2923 715 3152 768 omnino
3176 717 3518 772 cenveniens

1931 806 1984 852 et
2011 799 2222 868 justum
2243 810 2326 856 est
2358 820 2370 853 :
2403 804 2474 857 ita
2495 803 2660 859 etiam
2690 805 3007 877 ἐκπορίζειν
3045 814 3165 862 erat
3199 808 3330 864 olim
3399 824 3510 870 non

1931 906 2213 962 praestare,
2244 896 2335 948 sed
2377 896 2692 961 abducere;
2735 897 2828 952 sed
2871 899 3204 966 posteriores
3269 899 3519 957 rhetores

1931 982 1985 1036 in
2014 1001 2182 1039 unum
2257 987 2514 1054 redigunt
2545 987 2792 1058 πορίζειν
2827 1002 2880 1042 et
2933 989 3267 1058 ἐκπορίζειν,
3298 999 3357 1044 ιιι
3389 991 3518 1046 illud

1930 1077 2171 1130 ostendit
2203 1097 2215 1130 :
2254 1079 2704 1147 praeparationem
2731 1081 3170 1153 οῑὺίἑκπορίζει,
3223 1083 3368 1154 quod
3427 1093 3512 1139 est

1897 1181 1901 1183 ·
1932 1165 2077 1221 laute
2103 1169 2385 1238 pr0ponit.

2501 1261 2724 1316 [firmus
2749 1251 2862 1317 add!
2889 1264 2943 1318 5.

2111 1349 2409 1405 Snluliilem
2442 1357 2814 1424 purgationem
2845 1355 3162 1422 criminum,

2111 1441 2201 1511 lgn
2231 1451 2343 1496 tum
2379 1445 2607 1514 accipite
2636 1445 2872 1515 Spiritus
2902 1463 3105 1514 rorem,

2106 1531 2150 1587 Ο
2188 1534 2280 1586 ﬁlii
2317 1533 2631 1589 lucifortnes
2665 1537 2918 1592 Ecclesia:
2948 1557 2961 1592 :

2100 1623 2254 1680 Nunc
2279 1628 2423 1680 enim
2456 1642 2522 1681 ex
2559 1627 2687 1682 Sion
2720 1629 2889 1684 exivit
2917 1630 3026 1697 lex,

2101 1715 2273 1786 Ignea}
2299 1718 2498 1790 linguae
2530 1718 2724 1785 forma,
2756 1720 2993 1792 Spiritus
3014 1725 3210 1796 gratia.

1999 1803 2124 1859 l27.
2158 1805 2329 1861 Paulo
2375 1819 2500 1862 ante
2533 1808 2704 1864 divini
2768 1809 2969 1866 lavacri
3025 1815 3302 1872 mentione
3367 1816 3510 1874 facta

1930 1897 2323 1968 paululumque
2350 1904 2618 1968 prmtcrila
2648 1902 2826 1957 bonus
2853 1915 3004 1973 poeta
3044 1916 3231 1962 noster
3262 1919 3320 1964 ut
3347 1911 3511 1965 homo

1929 1989 2108 2042 balnei
2151 1990 2398 2062 cupidus,
2438 1991 2504 2046 ad
2539 1991 2668 2047 illud
2697 1993 2893 2050 iterum
2927 1997 3084 2055 redit.
3117 1995 3233 2052 Non
3277 2001 3514 2070 explicat

1925 2081 2143 2148 quidem
2167 2085 2499 2154 tropol0gice
2528 2095 2701 2140 totum
2731 2087 2963 2155 aditum,
3024 2089 3166 2146 sicut
3226 2091 3337 2147 illic
3385 2109 3511 2163 pro-

1927 2169 2092 2225 funde
2129 2180 2429 2241 penetravit
2455 2175 2642 2231 diccns
2685 2195 2700 2232 :
2739 2175 3026 2249 Tanquam
3075 2182 3302 2237 imbrem
3375 2183 3509 2238 milii

1923 2263 2178 2318 ﬂuentem
2208 2264 2476 2332 immittis,
2504 2275 2557 2322 et
2581 2269 2821 2340 reliqua;
2863 2271 2957 2326 sed
2983 2272 3121 2328 alias
3151 2276 3507 2333 inclinatione

1926 2355 2067 2410 facta
2110 2369 2368 2426 tanquam
2409 2359 2474 2413 ad
2506 2360 2781 2431 paululum
2819 2362 2982 2434 hujus
3025 2366 3149 2420 boni
3220 2367 3305 2424 hic
3341 2371 3506 2423 etiam

1923 2445 2275 2506 delibandum
2313 2457 2606 2524 revertitur
2654 2457 2719 2510 ad
2757 2455 3015 2513 Ecclesiae
3057 2460 3216 2527 ﬁlios,
3265 2471 3319 2516 et
3387 2463 3510 2517 illus

1925 2541 2176 2598 hortatur
2202 2555 2260 2600 ut
2291 2561 2352 2601 se
2379 2547 2688 2615 puriliccnl,
2719 2548 2832 2619 jam
2865 2551 3026 2605 lavati
3075 2563 3129 2606 et
3183 2552 3501 2622 illuminati,

1923 2633 2017 2686 sed
2042 2644 2223 2694 tamen
2255 2636 2433 2691 adhuc
2465 2637 2516 2691 in
2555 2650 2874 2708 perpetuum
2906 2644 3094 2696 eadem
3131 2655 3354 2714 egentes
3380 2653 3506 2713 gra-

1923 2724 2015 2786 tia,
2049 2743 2211 2794 quam
2248 2728 2462 2783 fervens
2486 2723 2832 2786 Christianus
2864 2751 2892 2786 a
2927 2739 3032 2788 Deo
3063 2738 3339 2805 postulare
3367 2756 3506 2792 Illlll-

1921 2827 2084 2878 quam
2106 2817 2256 2882 pigre
2281 2818 2512 2872 curabit.
2565 2817 2690 2874 Haec
2721 2820 3032 2891 igitul'dicit
3062 2842 3074 2876 :
3111 2830 3152 2877 υ
3215 2827 3507 2884 illuminati

1922 2900 2179 2957 Ecclesiae
2214 2903 2329 2972 ﬁlii,
2370 2909 2804 2976 puriﬁcationem
2838 2924 3188 2982 peccatorum
3242 2920 3496 2988 accipite,

1923 2995 2230 3051 abluentem
2287 2999 2450 3053 veluti
2507 3003 2722 3056 sordem
2765 3005 2991 3059 multam
3046 3016 3100 3062 et
3150 3008 3503 3078 profundam,

1925 3103 2046 3156 qlia!
2103 3099 2231 3143 sunt
2298 3090 2349 3144 in
2416 3093 2575 3147 nobis
2643 3106 2913 3164 peccata:
2952 3098 3053 3154 bac
3120 3101 3506 3171 purificatione

1928 3179 2107 3241 l;t\':lll,
2138 3181 2277 3234 sicut
2311 3181 2433 3236 lana
2469 3184 2820 3250 dealbatuini,
2851 3188 2940 3242 Dei
2973 3191 3323 3248 tabernaculi
3386 3212 3506 3249 srr-

1926 3272 2150 3336 rientes,
2178 3283 2230 3326 et
2264 3289 2430 3342 super
2461 3277 2660 3341 nivem,
2690 3280 2848 3349 cujus
2904 3283 2959 3336 in
3012 3293 3257 3354 tempore
3305 3303 3504 3358 oppor-

1925 3373 2054 3416 tuno
2083 3366 2333 3420 elfcctum
2360 3379 2444 3423 est
2474 3369 2677 3440 aliquid
2705 3375 2856 3430 valde
2887 3375 3088 3430 bonum
3113 3379 3194 3432 liis
3223 3395 3342 3450 qua:
3377 3389 3505 3435 sunt

1923 3471 2090 3526 super
2122 3472 2344 3515 terram.
2389 3459 2611 3528 Qualem
2645 3475 2824 3520 autem
2849 3469 2970 3524 dico
3021 3470 3454 3540 puriﬁcationem
3484 3475 3510 3529 τ

1924 3549 2220 3617 l5nil'erum
2285 3559 2460 3609 sancti
2497 3555 2732 3627 Spiritus
2793 3575 2970 3615 rorem
3000 3579 3017 3630 ;
3046 3579 3206 3634 quem
3239 3569 3504 3621 continuo

1925 3642 2246 3701 Sionilicam
2319 3647 2522 3719 legem'
2562 3652 3031 3721 interpretabltur,
3069 3660 3300 3712 dicens:
3339 3657 3503 3716 Nunc

1922 3730 2156 3792 eiiiniex
2190 3739 2386 3811 inclyta
2422 3741 2579 3809 Sion,
2633 3743 2790 3814 cujus
2845 3746 3110 3815 plurimus
3166 3757 3250 3803 est
3302 3753 3505 3822 ubique

1924 3842 2193 3887 terrarum
2231 3849 2434 3901 sermo,
2462 3838 2608 3890 venit
2634 3837 2742 3891 lex.
2776 3839 3035 3905 Quisnam
3070 3843 3172 3897 ista
3200 3843 3328 3897 lex?
3363 3845 3501 3900 Gra-

1923 3923 1994 3977 tia
2025 3925 2198 3977 sancti
2234 3923 2493 3994 Spiritus,
2534 3941 2676 3997 quat,
2715 3930 2860 3983 sicut
2893 3931 3095 3985 dictum
3125 3941 3231 3998 est,
3268 3935 3408 4004 ignis
3445 3943 3502 3990 et

1925 4014 2123 4084 lingua:
2157 4013 2262 4086 [ign
2275 4032 2384 4070 ram
2421 4018 2580 4088 gerit.
3008 4033 3018 4044 ‘
3235 4033 3238 4038 '

1996 4107 2118 4163 1'28.
2163 4109 2455 4165 Sciendum
2490 4120 2670 4166 autem
2706 4113 2868 4168 etiam
2903 4124 2987 4170 est
3017 4115 3159 4185 quod
3193 4115 3266 4172 ibi
3307 4116 3504 4188 λουτηέ

1924 4198 2042 4273 ρίου
2092 4201 2443 4271 paraplirasis
2479 4215 2599 4257 esse
2675 4204 2888 4260 videtur
2954 4207 3125 4262 divini
3195 4211 3395 4264 lavacri
3445 4211 3501 4267 in

1923 4303 2122 4362 quarto
2154 4296 2397 4349 carmine
2435 4301 2873 4355 commemorati.
2907 4301 3100 4371 Itaque
3155 4305 3379 4358 verbum
3419 4305 3506 4359 di-

1925 4386 2105 4439 riuum
2133 4399 2485 4456 peccatorum
2527 4391 2835 4460 puriﬁcatio
2883 4393 3372 4453 circumlocutione
3418 4399 3504 4451 ine

221 4492 380 4542 νεύει
409 4504 423 4516 ·
461 4487 604 4539 θεῖον
649 4484 706 4538 δὲ
735 4485 874 4554 αὑτὴ
904 4485 1123 4546 πάντως
1165 4481 1224 4536 οὗ
1237 4500 1300 4535 σα
1333 4483 1558 4551 λουτρόν
1579 4499 1592 4512 ·
1629 4487 1731 4553 τὴν
1761 4484 1816 4534 δὲ

1926 4487 2270 4547 Ierpretatur,
2310 4493 2435 4533 cum
2485 4479 2606 4549 ipsa
2667 4482 2734 4536 sit
2799 4479 3025 4539 omn'ino
3059 4485 3298 4541 divinum
3355 4487 3505 4542 lava-

221 4584 349 4634 ἐκεῖ
397 4580 554 4644 ζέσιν
607 4578 702 4630 τοῦ
760 4577 1162 4646 ῐινεύματος,ή
1216 4577 1274 4629 ἐν
1322 4576 1400 4645 τῷ
1431 4575 1607 4646 εἱρμῴ
1645 4575 1821 4644 τούτῳ

217 4674 378 4737 λέξις
405 4673 666 4741 ἂμφαίνει
694 4668 789 4720 τοῦ
820 4668 1120 4737 πυρίπνοον
1145 4683 1160 4698 ο
1195 4668 1228 4735 ἡ
1259 4666 1316 4719 δὲ
1347 4666 1539 4735 δρόσος
1583 4666 1677 4718 τὸν
1705 4666 1823 4718 ἐκεῖ

216 4768 444 4838 δμϋρον
478 4761 656 4816 καὶτὸ
697 4762 914 4832 ῥεῖθρον
939 4777 954 4791 ·
982 4762 1042 4813 οὺ
1083 4759 1193 4831 γὰρ
1229 4759 1521 4828 ἑτερογενῆ
1552 4759 1580 4810 ὁ
1610 4757 1820 4827 δμϐρος

215 4863 320 4911 καὶ
356 4857 395 4928 ἡ
429 4855 643 4925 δρόσος,
675 4852 819 4908 καθὰ
871 4853 993 4905 οὐδὲ
1034 4851 1097 4904 τὸ
1142 4853 1382 4922 ῥεῖθρον.
1414 4851 1488 4902 Τὸ
1518 4850 1575 4902 δὲ
1619 4847 1820 4917 ἐφεξῆς

214 4953 345 5019 φῶς
391 4950 492 5000 καὶ⁸
541 4949 572 4999 ὁ
623 4949 832 5016 πυρσὺς
879 4946 948 4999 τὰ
998 4948 1058 4999 ἐν
1108 4943 1189 5014 τῷ
1240 4945 1411 5014 τρίτῳ
1449 4942 1543 4994 καὶ
1585 4944 1820 5011 πέμπτῳ

205 5045 404 5114 στίχῳ
441 5041 750 5109 λάμποντα,
799 5037 1165 5109 σεμνύνουσιν
1199 5037 1341 5106 ὑπὲρ
1374 5034 1476 5105 τὴν
1507 5032 1652 5104 ᾠδὴν
1677 5033 1818 5085 ἐκεί·

209 5155 349 5207 νην,
391 5135 495 5206 τὴν
540 5133 810 5204 φωτεινὴν
870 5135 1012 5185 κατὰ
1057 5131 1282 5200 Πνεῦμα
1324 5128 1616 5198 κάθαρσιν,
1645 5126 1821 5178 show

207 5232 536 5285 ἁπόλουσιν
563 5226 671 5278 τῶν
699 5222 1175 5294 ἑκκλησιαστικῶν
1203 5222 1411 5274 τίκνων
1431 5236 1444 5251 ·
1479 5222 1596 5289 ἅμα
1635 5217 1695 5271 δὲ
1721 5220 1820 5290 τὴν

207 5325 539 5394 εἰρημένην
576 5319 768 5391 δρόσον
816 5316 911 5370 τοῦ
965 5315 1282 5385 ιΙνεύματος
1320 5313 1460 5382 ἴαμα
1506 5306 1677 5364 οὖσαν
1707 5312 1820 5373 τοῖς

203 5417 450 5475 τέκνοις
483 5414 582 5483 τῆς
612 5412 962 5482 Ἐκκλησίας,
995 5409 1090 5464 τοῦ
1127 5409 1478 5479 χαρακτῆρος
1528 5408 1628 5475 τῆς
1682 5407 1821 5474 πέμ-

211 5525 382 5580 πτης
426 5510 570 5561 κατὰ
623 5506 715 5560 τὸν
774 5503 1020 5559 Ἡσαΐαν
1062 5501 1204 5574 ᾠδῆς
1259 5501 1592 5570 ἐνθυμητέον
1636 5493 1818 5551 εἶναι’

205 5607 387 5657 καθα
436 5600 620 5652 καὶτὸ
676 5599 789 5669 φῶς
837 5597 866 5649 ὃ
923 5597 1237 5668 προλάμπει
1285 5593 1394 5647 τῶν
1454 5591 1674 5646 είδότων
1719 5591 1821 5642 ὅσα

209 5694 576 5765 προστάσσει
627 5690 656 5742 ὸ
689 5691 848 5754 θεός·
906 5689 967 5742 οὗ
1020 5691 1136 5758 φῶς
1169 5689 1239 5739 τὰ
1287 5685 1693 5756 προστάγματα
1728 5683 1820 5734 ἐπὶ

207 5765 328 5858 τῆς
366 5784 492 5853 γῆς.
533 5785 594 5836 ὐ
621 5782 677 5835 δὲ
725 5782 931 5854 πυρσὸς
968 5784 996 5835 ὁ
1031 5780 1321 5852 εἰρημένος
1378 5780 1436 5832 ὲν
1483 5778 1563 5845 τῷ
1609 5775 1818 5845 πυρσό-

1922 4583 2096 4623 crum.
2135 4567 2420 4626 Fervnrem
2480 4586 2659 4626 autem
2699 4574 2807 4627 illic
2841 4574 3103 4644 Spiritus,
3144 4579 3310 4633 dictio
3341 4579 3502 4650 πυρί-

1923 4678 2088 4714 πνουν
2122 4663 2173 4715 in
2201 4663 2304 4716 hoc
2336 4679 2472 4718 nexu
2501 4666 2858 4719 demonstrat.
2889 4666 2984 4720 Hic
3014 4679 3103 4722 ros
3133 4669 3358 4724 imbrem
3388 4671 3503 4727 illic

1921 4768 1975 4808 et
2007 4754 2265 4810 ﬂuctuum
2314 4757 2538 4810 denotat
2567 4773 2581 4810 :
2614 4771 2722 4810 non
2755 4757 2900 4810 enim
2927 4757 3088 4812 alieni
3115 4762 3332 4830 generis
3375 4767 3503 4818 sunt

1923 4849 2095 4902 imber
2122 4859 2176 4902 et
2209 4861 2316 4914 ros,
2353 4849 2566 4902 sicutet
2599 4846 2886 4903 ﬂuentum.
2919 4846 3125 4903 Lumen
3153 4860 3205 4904 et
3237 4849 3325 4906 fax
3383 4867 3506 4923 qua;

1925 4952 2114 5010 postea
2149 4942 2312 4994 tertio
2340 4940 2646 5011 quintoque
2678 4955 2840 4996 versu
2879 4941 3083 5012 lucent,
3118 4944 3173 5008 in
3229 4945 3327 5000 illo
3378 4962 3502 5000 car-

1923 5035 2068 5088 mine
2095 5031 2531 5103 puriﬁcationem
2557 5034 2857 5088 secundum
2902 5035 3168 5104 Spiritum
3237 5035 3498 5106 lucidam,

1879 5129 1886 5131 ’
1925 5129 2041 5182 sive
2087 5128 2326 5180 hliorum
2356 5127 2858 5182 ecclesiasticarum
2913 5129 3292 5204 purgationem
3341 5145 3503 5200 exora

1921 5229 2038 5275 nat.
2069 5219 2242 5274 Simul
2276 5228 2456 5274 autem
2493 5229 2704 5289 oportet
2737 5230 2797 5275 ut
2831 5222 3159 5277 meditemur
3189 5224 3504 5291 praedictum

1925 5313 2162 5384 Spiritus
2186 5313 2513 5383 rorem,‘qui
2555 5309 2682 5370 ﬁliis
2734 5309 2992 5370 Ecclesiae
3037 5317 3339 5372 remedium
3401 5326 3504 5379 est.

1922 5418 2242 5463 cnaraetere
2271 5407 2444 5476 quinti
2479 5409 2780 5462 secundum
2815 5405 3009 5463 Isaiam
3037 5409 3295 5463 carminis
3352 5423 3507 5476 esse;

1923 5501 2063 5554 sicut
2102 5508 2156 5554 et
2188 5499 2395 5564 lumen,
2431 5500 2576 5570 quod
2602 5499 2862 5569 praelucet
2897 5500 3210 5554 videntibus
3239 5507 3505 5568 quantum

1923 5593 2163 5665 praecipit
2197 5593 2360 5657 Dens,
2393 5594 2548 5662 cujus
2578 5593 2760 5647 lumen
2829 5603 2958 5648 sunt
3017 5603 3282 5661 precepts
3346 5603 3510 5656 super

1924 5694 2148 5742 terram.
2190 5683 2339 5738 Dicta
2381 5701 2509 5740 Vcl‘u
2541 5684 2630 5739 fax
2669 5686 2898 5756 πυρσὸς,
2937 5683 2990 5736 in
3031 5696 3158 5747 voce
3186 5681 3504 5748 πυρσόμορο

1926 5793 2023 5849 φος
2091 5785 2368 5846 contenta,
2435 5793 2540 5833 non
2595 5782 2804 5848 absque
2860 5769 3336 5831 verisimilitudine
3400 5769 3509 5826 dici
