3788 6246
488 316 583 379 ἰ)ῦί

1167 311 1522 375 EUSTATH
1537 313 1589 371 ll
1636 312 2388 379 THESSALUNICENSIS
2424 316 2983 385 METIiOPOLITA!
3372 323 3376 327 ’
3551 345 3626 410 ὅδε

485 433 711 502 Propter
738 432 936 487 multas
963 444 1088 486 vero
1111 430 1301 485 breves
1331 429 1549 484 vocales
1586 439 1640 484 et
1680 428 1877 485 falsam
1901 433 2043 486 exin-

2161 437 2414 506 μετρίαν,
2455 439 2736 494 ὲττενθέσει
2765 441 2858 495 τοῦ
2891 461 2921 495 σ
2973 444 3164 512 γέγονε
3209 449 3457 518 φερέσϐιος
3489 471 3500 484 ⁸
3531 461 3622 513 οὔτε,

485 524 552 578 de
575 536 910 587 mensuram,
944 520 1217 575 additione
1243 520 1438 574 litterae
1485 537 1519 572 σ
1574 519 1777 576 factum
1819 530 1903 576 est
1932 537 2053 578 ver-

464 597 617 667 ilium
679 612 985 682 φερέσϐιος.
1026 609 1118 664 Sic
1178 625 1397 680 quoque
1453 610 1698 674 θεόδοτος
1755 611 1810 666 in
1875 623 2054 668 metro

490 703 766 764 0e6.50w;
799 700 1094 755 diceretur.
1153 699 1362 753 Similis
1421 714 1552 755 vero
1613 700 1752 755 ratio
1805 700 1990 756 littera
2025 719 2056 754 σ

484 795 708 850 donavit
739 793 900 848 etiam
935 790 1244 858 θεσπέσιον,
1277 800 1332 845 et
1362 806 1431 846 ex
1496 792 1784 862 θεοεικέλῳ
1809 791 2052 860 θέκελον,

481 901 666 959 pOStea
698 886 974 940 θέσκελον.

755 977 1074 1046 Troparium
1099 979 1381 1032 secundum
1407 979 1523 1033 eda:
1543 979 1766 1050 quinta.

551 1074 790 1130 Curabat
824 1078 1034 1127 mentes
1062 1071 1277 1140 quidem
1313 1084 1340 1125 a
1373 1082 1592 1140 peccato

479 1165 544 1219 Et
576 1165 678 1221 sibi
707 1164 1008 1234 apparabat
1035 1162 1433 1233 apostolorum,
1636 1218 1646 1226 _

481 1258 620 1312 Deus
646 1254 908 1320 Verbum,
935 1255 1178 1309 omnium
1202 1255 1478 1324 princeps,
1504 1254 1852 1314 immaculata
1865 1259 2050 1327 domo;

481 1347 782 1417 lEquabilis
808 1347 1024 1403 roboris
1060 1362 1240 1403 autem
1269 1357 1322 1403 et
1352 1349 1866 1416 consubstantialis,

480 1439 630 1493 Nunc
657 1437 985 1494 informatur
1014 1439 1256 1510 Spiritus
1277 1439 1483 1496 lumen.

550 1531 671 1585 1358.
707 1529 921 1586 Gratias
951 1530 1150 1586 debere
1177 1545 1376 1602 magno
1401 1531 1613 1589 doctori
1663 1532 1885 1591 Christo
1919 1550 2046 1592 san-

482 1633 603 1676 ctos
635 1623 908 1692 apostolos
937 1623 1306 1694 philosophice
1333 1627 1490 1681 docet
1522 1637 1703 1696 poeta,
1733 1643 1838 1684 non
1875 1625 2052 1685 mino-

479 1729 562 1768 res
612 1714 807 1770 deinde
858 1714 1086 1786 Spiritui
1143 1725 1392 1784 sancto;
1450 1734 1664 1774 necnon
1716 1721 1820 1790 ipsi
1874 1720 2046 1777 Patri.

2164 531 2258 583 ml.
2281 533 2310 584 ό
2331 533 2568 598 Θεόδοτος
2600 535 2877 599 θεόσδοτος
2906 538 2964 589 ὲν
2995 539 3176 610 μέτρῳ
3203 541 3394 615 λεχθείη
3418 547 3471 599 ἄν
3492 565 3503 577 ·
3524 554 3629 615 ὅμοι.

2161 640 2218 686 ος
2246 622 2306 676 δὲ
2338 622 2495 692 λόγος
2523 628 2848 698 ἐσιγμάτισε
2894 630 2990 684 καὶ
3011 631 3070 684 τὸ
3111 632 3396 703 θεσπέσιον,
3419 641 3497 695 καὶ
3525 646 3572 698 τὸ
3590 648 3632 698 ἐκ

2162 714 2466 771 θεοεικέλου
2495 718 2738 787 θέκελον,
2766 716 2883 774 εἶτα
2915 723 3194 791 θέσκελον,

2307 982 2636 1051 Τροπὰριον
2664 985 2946 1056 δεύτερον
2979 988 3089 1056 τῆς
3119 991 3380 1061 πέμπτης
3405 996 3552 1067 ᾠδῆς.

2159 1070 2301 1128 XIII.
2347 1074 2488 1143 ’ἰῆτο
2517 1076 2620 1136 τὰς
2655 1078 2858 1148 φρένας
2891 1081 2993 1148 μὲν
3027 1080 3087 1144 ἐξ
3114 1082 3394 1152 ἁμαρτίας,

2335 1166 2401 1219 X‘
2431 1167 2580 1236 αύτῷ
2618 1173 2988 1236 κατεσκεύαζε
3020 1174 3131 1228 τῶν
3180 1175 3485 1241 ἀποστόλων,

2333 1257 2468 1322 Θεὸς
2494 1259 2667 1329 Λόγος
2689 1263 2864 1316 πάντα
2874 1281 3002 1334 ρχος
3029 1267 3293 1337 ἄχραντον
3312 1271 3454 1340 δόμον
3477 1287 3492 1302 ο

2345 1349 2708 1420 Ὀμοσθενοῦς
2735 1353 2813 1422 δὲ,
2853 1358 2949 1409 καὶ
3012 1362 3429 1430 συνουσιωμένου

2333 1441 2448 1495 Νῦν
2471 1445 2902 1512 ἐγκατοικίζοιτο
2945 1449 3259 1519 Πνεύματος
3288 1457 3432 1522 φάος.

2229 1531 2371 1604 ρλη’.
2408 1534 2654 1605 Χάριτας
2685 1539 2996 1607 ἰποφείλειν
3024 1543 3104 1614 τῷ
3147 1546 3362 1616 μεγάλῳ
3417 1549 3651 1624 διδασκάὶῳ

2157 1622 2378 1694 Χριστῷ
2403 1629 2531 1690 τοὺς
2566 1629 2756 1698 ἁγίους
2787 1633 3123 1698 ἀποστόλους
3164 1637 3429 1706 φιλοσοφεί
3453 1642 3478 1694 ὁ
3520 1622 3652 1712 ptio-

2154 1713 2248 1778 δός
2280 1732 2295 1746 ·
2325 1717 2414 1771 ναὶ
2434 1717 2499 1789 δὴ
2522 1721 2613 1773 καὶ
2637 1721 2714 1792 τῷ
2763 1723 2907 1794 ἁγίῳ
2946 1725 3226 1797 Πνεύματι
3268 1731 3563 1796 ἔξάπαντος·
3585 1735 3652 1802 δῆ-

477 1803 776 1873 Supremus
796 1805 940 1860 enim
1001 1805 1318 1863 Dominator
1369 1807 1561 1874 Filius,
1586 1819 1861 1880 quatenus
1909 1812 2043 1866 ratio

2155 1804 2245 1858 λον
2273 1807 2330 1860 δὲ
2351 1811 2568 1874 πάντως
2598 1811 2674 1875 ὡς
2704 1813 2904 1867 αὐτίκα
2933 1818 3029 1870 καὶ
3053 1817 3133 1886 τῷ
3165 1821 3338 1889 ἰίατρί
3356 1839 3369 1852 ·
3405 1824 3430 1874 ό
3448 1825 3539 1894 γὰρ
3557 1826 3654 1878 πάν-

477 1906 791 1966 eunctzeque
826 1907 1146 1968 persecutor
1171 1901 1444 1967 amentiae,
1477 1901 1596 1972 ἰῆτο
1617 1903 1699 1957 vel
1717 1904 1832 1957 ἰᾶτο
1854 1919 2048 1974 pecca-

476 1995 527 2036 to
563 1995 689 2040 ante
715 1985 1119 2052 ascensionem,
1151 1997 1207 2042 ct
1230 1989 1462 2045 curabat
1530 1991 1745 2046 animos
1776 1993 2052 2062 apostolo-

477 2093 628 2142 rum;
659 2084 806 2134 recte
837 2093 967 2134 vero
1014 2081 1118 2135 sub
1153 2080 1455 2150 imperfecti
1507 2083 1682 2138 forma
1727 2086 1877 2140 verbi
1909 2087 2048 2148 ἰᾶτο,

475 2167 904 2237 subintelligeres
931 2186 944 2234 ;
982 2170 1172 2239 ἰήσατο
1193 2171 1363 2235 αὐτὰς
1389 2173 1628 2245 sivejam
1664 2187 1796 2232 tunc
1814 2178 2047 2234 curavit.

477 2256 656 2312 Ethoc
672 2273 838 2328 agens
873 2262 1226 2328 ctperiicicns
1250 2264 1608 2332 parabatsive
1650 2267 2046 2339 paravitabrt‘p,

475 2350 587 2404 sive
613 2350 814 2421 ἐαυτῷ,
839 2366 961 2406 cum
994 2367 1188 2423 aspero
1217 2355 1432 2422 spiritu,
1463 2371 1653 2425 puram
1687 2359 2046 2428 domum,seu

476 2451 717 2496 sanctam
748 2443 1164 2511 habitationem,
1224 2461 1664 2519 unumquemque
1713 2452 2043 2520 apostolum.

475 2531 536 2586 Ει
568 2533 674 2587 hoc
727 2534 944 2603 quidem
1002 2536 1445 2606 sapientissimus
1495 2551 1819 2596 meonomus
1876 2539 2046 2598 Filius

475 2622 569 2677 Dei
601 2623 712 2693 jam
740 2633 865 2680 ante
894 2625 1037 2681 diem
1080 2628 1402 2696 hodiernam
1438 2630 1494 2684 in
1558 2641 1782 2688 sanctos
1831 2642 2049 2703 aposto-

475 2715 553 2769 los
579 2715 902 2785 perfecerat,
937 2733 1031 2774 eos
1059 2718 1163 2774 sibi
1199 2720 1394 2778 domos
1425 2720 1630 2777 atl‘abre
1686 2723 1871 2780 divina
1911 2740 2043 2782 cura

472 2818 802 2864 construens
845 2826 859 2864 :
915 2811 1164 2882 quzcdam
1208 2813 1354 2868 enim
1408 2813 1704 2870 artificiosa
1745 2816 1910 2871 dictio
1962 2827 2048 2875 est

415 2883 418 2885 λ
473 2901 904 2966 κατασκευάζειν
926 2919 943 2969 ς
984 2912 1099 2970 aut,
1127 2904 1349 2960 utidcm
1369 2906 1571 2973 dicam,
1596 2910 2045 2969 architectonica:

475 2993 618 3046 unde
640 2993 954 3047 nominatur
997 2994 1137 3063 apud
1163 2997 1436 3064 sapientes
1470 2998 1748 3070 ἀνασκευή
1781 3010 1839 3057 et
1874 3021 2042 3058 κατα-

475 3085 666 3150 σκευή.
701 3081 856 3138 Nunc
901 3095 1078 3138 autem
1130 3085 1367 3155 Spiritus
1421 3098 1668 3156 sanctus,
1723 3103 1782 3148 ut
1831 3108 2046 3165 semper

2151 1914 2353 1969 ταρχος
2383 1900 2512 1965 Υἱὸς
2547 1903 2686 1956 καθὸ
2711 1905 2884 1973 Λόγος
2909 1908 3001 1962 καὶ
3023 1911 3206 1981 πάσης
3233 1912 3443 1982 ἀλογίας
3458 1916 3654 1985 διῶκτης,

2155 1987 2294 2058 ἰῆτο,
2317 1990 2488 2060 ἤγουν
2515 1993 2632 2046 ἰᾶτο
2660 1993 2718 2060 ἐξ
2747 1996 3016 2066 ἁμαρτίας
3047 2001 3141 2053 καί
3177 2002 3463 2073 ἐθεράπευε
3483 2007 3568 2074 πρὸ
3585 2007 3657 2074 τῆς

2124 2081 2474 2152 ’ἀναλήψεως
2502 2085 2604 2150 τάς
2629 2088 2839 2156 φρένας
2869 2089 2976 2143 τῶν
3039 2093 3358 2149 ἀποστόλων
3383 2113 3399 2129 θ
3443 2098 3590 2168 ὀρθῶς
3619 2100 3659 2150 δὲ

2150 2170 2217 2226 ἂν
2245 2172 2324 2242 τῷ
2381 2175 2528 2229 κατὰ
2588 2182 2964 2248 παρατατικὸν
3021 2187 3391 2258 σχηματισμῷ
3435 2190 3512 2242 τοῦ
3559 2190 3660 2253 ἰᾶτο,

2150 2268 2601 2338 συνεπινοήσοιτό
2624 2287 2708 2335 τις
2741 2272 2836 2325 καὶ
2863 2274 2925 2326 τὸ
2957 2275 3147 2346 ἰήσατο
3182 2279 3372 2343 αὐτὰς,
3403 2281 3551 2351 ἤγουν
3573 2281 3660 2333 ἐθε-

2153 2357 2430 2427 ράπευσεν
2455 2360 2665 2416 ἔκτοτε.
2699 2363 2808 2416 Καὶ
2831 2364 2986 2418 τοῦτο
3013 2366 3265 2433 ἐξανύων
3301 2372 3393 2423 καί
3438 2371 3662 2435 ἐξανύσας,
3727 2387 3730 2390 ’

2147 2449 2556 2514 κατεσκεύαζεν
2591 2453 2710 2524 ήτοι
2761 2457 3175 2511 κατεσκεύασεν
3203 2459 3374 2530 αὐτῷ,
3408 2462 3554 2530 ἤγουν
3577 2462 3668 2514 ἰαυ-

2148 2543 2248 2614 τῷ,
2305 2545 2448 2597 κατά
2511 2545 2728 2614 πνεῦμα
2775 2547 2934 2615 δασὺ,
2996 2549 3166 2621 δόμον
3217 2552 3492 2623 ἄχραντον,
3540 2555 3666 2624 imm

2150 2635 2304 2704 ἀγιον
2333 2630 2481 2690 οἷκον
2507 2637 2737 2692 ἕκαστον
2769 2639 3068 2696 ἀπόστολον
3100 2659 3116 2675 ·
3179 2649 3278 2699 καὶ
3331 2645 3483 2699 τοῦτο
3527 2646 3607 2715 μὲν
3650 2647 3671 2697 ὸ

2151 2727 2462 2796 σοφώτατος
2481 2729 2768 2800 οἰκοδόμος
2799 2733 3007 2798 erit;
3049 2735 3150 2790 τοῦ
3202 2737 3339 2791 Θεοῦ
3393 2739 3566 2809 ἧνυσεν
3596 2736 3696 2814 ήδη*

2149 2822 2365 2890 φθάσας
2397 2823 2503 2894 πρὸ
2530 2823 2629 2895 τῆς
2660 2827 2902 2897 σήμερον
2933 2828 3024 2881 ἐπὶ
3049 2833 3172 2894 τοῖς
3227 2831 3405 2901 ἁγίοις
3435 2833 3674 2902 μαθηταῖς,

2148 2915 2328 2976 οἴκους
2358 2915 2602 2978 ἐκείνους
2633 2916 2814 2988 ἑαυτῷ
2847 2923 3273 2992 συστησάμενος
3329 2926 3672 2993 ἑπιστημονιιρ-

2145 3005 2317 3074 χικῶς
2345 3006 2516 3078 ὲνθέῳ
2539 3011 2818 3082 σκευωρία
2841 3026 2856 3042 ·
2886 3015 3182 3086 τεκτονικὴ
3215 3017 3333 3088 γάρ
3367 3035 3446 3081 τις
3471 3017 3596 3084 λέξις
3634 3017 3677 3067 τὸ

2149 3099 2583 3163 κατασκευάζειν
2618 3117 2632 3132 ·
2671 3103 2868 3158 ταυτὸν
2890 3104 2937 3158 δ’
2968 3107 3147 3161 εἰπεῖν
3212 3113 3313 3164 καὶ
3367 3110 3674 3178 οἰκοδομική·

475 3176 692 3248 dignam
735 3192 987 3248 quaerens
1027 3179 1482 3236 inhabitationem
1511 3199 1574 3238 ac
1605 3187 2042 3254 permansiouem

2151 3191 2270 3244 ὅθεν
2310 3193 2622 3263 ὠνόμασται
2651 3196 2802 3270 καὶὴ
2854 3200 3006 3271 παρὰ
3059 3204 3179 3267 τοῖς
3231 3207 3420 3275 σοφοῖς
3458 3176 3682 3271 ἀνασκευή

475 3267 603 3332 sibi,
654 3269 890 3324 inventis
932 3280 1246 3325 sanctorum
1307 3273 1677 3342 apostolorum
1738 3279 1958 3347 animis,
1992 3279 2047 3334 id

473 3369 577 3427 est,
609 3361 1063 3420 intellectualibus
1110 3363 1385 3432 domibus,
1449 3368 1631 3437 scapis
1681 3371 1955 3426 mundatis
1993 3382 2049 3427 ct

465 3455 879 3524 pulchritudine
921 3457 1353 3527 splendentibus,
1414 3470 1720 3515 aromatum
1768 3463 1962 3532 plenis,
1992 3474 2047 3520 et

473 3547 541 3601 ad
594 3545 746 3601 illum
805 3545 1156 3602 allicicndum
1216 3548 1370 3603 valde
1434 3549 1665 3613 idoneis,
1719 3551 2044 3608 iultabitavit

475 3635 789 3706 huiusmodi
816 3636 1092 3704 domibus,
1128 3644 1315 3706 utpote
1364 3638 1456 3706 qui
1495 3653 1618 3693 cum
1660 3641 1751 3694 illo
1803 3642 2044 3710 ejusdem

470 3737 556 3783 est
612 3729 834 3783 virtutis
882 3737 936 3784 et
993 3728 1501 3787 consubstantialis.
1561 3729 1660 3786 llic
1716 3733 1880 3789 etiam
1939 3736 2043 3806 ipsi

470 3821 693 3880 libertos
713 3821 871 3891 plena
912 3835 1010 3877 nec
1051 3821 1159 3876 ulla
1225 3824 1690 3880 senatusconsulti
1721 3828 2044 3894 necessitas,

473 3911 562 3966 ubi
591 3927 689 3968 nee
718 3911 924 3966 invidia
959 3925 1058 3966 nec
1085 3912 1364 3966 contentio
1407 3911 1705 3981 reperitur.
1762 3911 1915 3968 llanc
1945 3915 2046 3985 igi-

471 4013 560 4057 tur
583 4003 741 4058 Verbi
764 4005 1009 4070 domum,
1035 4020 1153 4074 qum
1175 4005 1339 4058 simul
1367 4011 1452 4057 est
1471 4001 1673 4072 Patris,
1697 4006 1854 4062 hodie
1878 4006 2054 4078 Spiri-

475 4103 561 4148 tus
614 4105 835 4151 sanctus
861 4095 1214 4165 ingredietur,
1240 4095 1344 4160 vel,
1381 4105 1438 4151 ut
1490 4095 1791 4166 simplicius
1843 4099 2045 4166 dicam,

476 4186 704 4244 habitat.

2150 3287 2244 3338 καὶ
2273 3289 2612 3359 κατασκευή.
2647 3289 2761 3344 Νῦν
2787 3291 2842 3344 δὲ
2871 3292 2932 3346 τδ
2977 3294 3214 3365 Πνεῦμα
3235 3299 3297 3351 τὸ
3330 3297 3481 3366 ἅγιον
3522 3297 3585 3358 ὡς
3615 3296 3679 3346 ἀεὶ

2147 3379 2344 3450 ζητοῦν
2372 3380 2524 3446 ἀξίαν
2549 3383 2822 3454 ἐνοίκησιν
2867 3385 2962 3439 καί¹
2987 3389 3329 3460 παραμονὴν
3377 3389 3574 3456 ἑαυτοῦ,
3615 3389 3685 3441 εὓ-

2151 3475 2244 3544 ρὸν
2267 3475 2368 3538 τὰς
2392 3474 2502 3528 τῶν
2539 3475 2710 3543 ἁγίων
2741 3477 3059 3534 ἀποστόλων
3085 3479 3304 3551 ψυχὰς,
3360 3483 3390 3535 ὅ
3441 3485 3546 3534 ἐστι
3588 3482 3683 3539 τοὺς

2147 3567 2423 3631 τοιούτους
2451 3569 2674 3638 νοητοὺς
2701 3568 2885 3634 οἴκους
2937 3571 3142 3639 αὐτῶν,
3175 3567 3574 3646 ’σεσαρωμὲνας
3618 3574 3686 3625 καὶ

2148 3665 2226 3724 εἰς
2261 3662 2456 3726 κάλλος
2489 3662 2869 3732 λαμπομένας,
2898 3666 2996 3719 καὶ
3027 3667 3338 3738 ἀποφορᾶς
3377 3670 3592 3731 εὐώδους
3615 3685 3686 3718 πε-

2151 3756 2490 3826 πλησμένας,
2520 3758 2614 3810 καὶ
2641 3757 2778 3810 πολὺ
2811 3760 2873 3810 τὸ
2924 3759 3161 3829 ὲφολκὺν
3207 3763 3385 3816 αὑτοῦ
3439 3760 3693 3830 εὐπραγού-

2150 3864 2265 3911 σας,
2287 3846 2531 3917 ὲνῴκησε
2554 3851 2667 3912 τοῖς
2708 3849 2974 3912 τοιούτοις
3020 3852 3204 3917 οἴκοις
3261 3857 3360 3910 τοῦ
3417 3853 3693 3926 όμοσῦενοῦς

2152 3937 2299 4006 αὐτῷ
2329 3938 2423 3990 καὶ
2453 3940 2888 4009 συνουσιωμένου
2919 3942 3080 4012 ἁγίου
3139 3945 3477 4016 Πνεύματος
3513 3963 3526 3978 ·
3551 3941 3696 4003 αἰτιξ·

2150 4026 2334 4082 ούσιον
2382 4030 2660 4084 κάνταῦθα
2716 4033 2815 4086 καὶ
2865 4034 3367 4107 προϐουλεύματος
3417 4038 3477 4089 ού
3553 4036 3697 4100 δεόμεο

2150 4137 2263 4187 νον,
2291 4119 2418 4174 ἔνθα
2443 4120 2566 4175 οὔτε
2593 4121 2807 4192 φθόνος,
2844 4123 2968 4176 οὔτε
2995 4125 3198 4190 στάσις
3252 4127 3486 4198 ἡτισοῦν
3512 4137 3697 4196 παρεισ-

2150 4213 2417 4284 κρίνεται.
2456 4214 2546 4285 Τῷ
2573 4216 2703 4283 γοῦν
2737 4215 2871 4287 οῐκῳ
2903 4217 2998 4270 τοῦ
3028 4217 3243 4287 Λόγου,
3278 4222 3486 4274 αὐτίκα
3541 4217 3588 4270 δὲ
3632 4217 3699 4265 xz‘:

2149 4306 2240 4361 τοῦ
2272 4309 2502 4380 Πατρὸς,
2541 4311 2633 4362 καὶ
2667 4309 2726 4362 τὸ
2760 4308 2918 4376 ἀγιον
2950 4311 3182 4382 Πνεῦμα
3221 4314 3473 4386 σήμερον
3499 4314 3704 4380 ἐγκατει-

2150 4400 2375 4468 κίζοιτο,
2412 4401 2578 4471 ἤγουν
2606 4402 2878 4464 ἁπλοϊκῶς
2907 4406 3100 4471 εἰπεῖν,
3140 4407 3386 4460 ἐνοικεῖ.

552 4484 674 4542 159.
710 4485 943 4541 Verbum
1004 4484 1120 4556 ἰῆτο
1174 4490 1393 4556 poterat
1439 4485 1602 4542 etiam
1666 4486 1849 4542 dicere
1908 4490 2043 4554 ἰᾶτο,

2223 4495 2356 4564 ρλϐ’.
2387 4495 2460 4549 Τὸ
2524 4495 2582 4548 δὲ
2643 4495 2758 4567 ἰῆτο
2795 4493 2907 4568 εἶχε
2954 4499 3053 4568 μὲν
3111 4500 3218 4554 καὶ
3253 4503 3379 4555 ἰᾶτο
3423 4501 3588 4554 εἰπεῖν
3621 4513 3706 4549 κοι-

431 4596 440 4600 ·
472 4578 820 4635 communius
850 4590 946 4646 per
967 4574 1205 4631 litteram
1225 4592 1281 4631 α.
1303 4578 1549 4648 Sequens
1566 4588 1768 4644 autem,
1790 4586 2044 4648 tanquam

472 4683 786 4736 extraneos,
813 4671 979 4734 istud,
1018 4671 1202 4741 ἰητρὸς
1224 4678 1281 4725 et
1308 4670 1567 4742 ἰητρεῖον,
1601 4670 1776 4726 ionice
1797 4673 1999 4728 dictum
2026 4688 2042 4739 ;

472 4776 526 4821 et
563 4767 664 4820 hoc
699 4783 712 4820 :
743 4779 848 4819 non
881 4765 1102 4818 oculum
1134 4762 1366 4833 ἰήσεται,
1398 4762 1688 4832 nequidem
1719 4764 2040 4834 Neptunus;

469 4858 661 4912 scribit
690 4867 744 4911 et
773 4855 1038 4924 ἰνεοίἧτο
1087 4869 1187 4923 pro
1218 4855 1455 4925 ἰάτρευε.
1491 4854 1716 4910 Pectora
1741 4871 1868 4910 vero
1889 4854 2042 4911 Chri-

471 4961 613 5006 stum
672 4962 868 5004 sanare
927 4946 1078 5009 dicit,
1134 4961 1240 4999 non
1303 4945 1534 5010 viscera,
1598 4948 1682 5001 vel
1739 4946 2041 5016 corporalia

473 5051 715 5109 pectora,
749 5051 982 5104 quorum
1011 5035 1282 5091 derivatio
1315 5049 1398 5092 cst
1438 5039 1700 5107 φρενῖτις,
1752 5039 1846 5094 sed
1875 5039 2042 5109 spiri-

471 5130 659 5193 tualia,
687 5126 988 5181 secundum
1018 5139 1141 5194 quae
1172 5127 1375 5181 sensati
1401 5127 1740 5197 (φρενήρεις)
1786 5139 2042 5197 parentes

469 5237 614 5284 csse,
645 5228 699 5273 et
726 5232 831 5271 non
861 5217 1234 5272 seductionem
1266 5232 1442 5287 neque
1480 5219 1808 5276 dementiam
1832 5220 2039 5283 subire,

473 5321 727 5380 putamus
792 5307 882 5361 illa
940 5309 1236 5376 quidquam
1295 5309 1457 5362 etiam
1500 5309 1670 5365 fuisse
1723 5320 2037 5379 coeperata.

473 5400 618 5458 Istud
648 5399 792 5453 enim
839 5398 1135 5468 aliquando
1188 5397 1349 5453 faciet
1416 5400 1682 5467 medicus,
1731 5402 1931 5456 timens
1974 5419 2038 5457 uc

478 5490 887 5562 hypochondria
914 5498 1136 5544 curatus
1165 5490 1339 5546 morbi
1365 5493 1719 5561 perversitate
1780 5495 2034 5564 patiatur.

471 5582 709 5637 Medicus
739 5589 919 5635 autem
955 5581 1283 5646 animarum,
1327 5582 1422 5638 Dei
1449 5583 1646 5650 Filius,
1696 5587 1748 5640 in
1813 5597 2035 5657 aposto-

469 5676 533 5728 lis
587 5673 955 5730 liabitaculum
993 5673 1120 5740 sibi,
1150 5684 1380 5730 mentem
1406 5686 1580 5743 curat,
1605 5694 1727 5748 qua:
1755 5693 1945 5749 sapere
1978 5683 2032 5735 in

466 5767 776 5826 hominibus
807 5777 908 5834 est.
962 5782 1056 5824 seu
1114 5768 1367 5840 φρονοῦν,
1433 5771 1579 5841 quod
1629 5772 1832 5842 φρένας
1896 5774 2034 5830 dixit

2149 4585 2366 4657 νότερον
2387 4585 2475 4640 διὰ
2510 4586 2605 4640 τοῦ
2635 4605 2670 4641 α
2703 4603 2716 4617 ·
2751 4588 3065 4642 ἀκολουθῶν
3094 4589 3158 4642 δὲ
3194 4590 3277 4656 ὼς
3307 4586 3400 4644 οἷα
3430 4587 3710 4656 ὲξωτερικδς

2146 4677 2222 4748 τῷ
2247 4678 2428 4749 ἰητρὸς
2450 4680 2542 4732 καὶ
2574 4680 2810 4749 ἰητρεῖον
2847 4681 3099 4747 ἰωνικῶς,
3127 4683 3235 4735 καὶ
3260 4684 3348 4753 τῷ
3365 4713 3393 4725 -
3421 4683 3522 4737 οὐκ
3551 4677 3710 4758 630:0.-

2148 4770 2248 4838 μὲν
2302 4771 2538 4839 ἰήσεται,
2598 4769 2708 4822 οὐδ’
2753 4769 3079 4840 Ἐνοσίχθων
3107 4801 3138 4813 -
3175 4775 3397 4849 γράφει
3443 4776 3535 4828 καὶ
3589 4769 3713 4827 αὐτὸς

2143 4859 2379 4915 ἐνταῦθα
2413 4862 2534 4931 ἰῆτο
2591 4861 2714 4915 ἀντί
2779 4861 2874 4915 τοῦ
2947 4863 3170 4933 ἰάτρευε
3212 4879 3228 4893 °
3299 4867 3514 4936 φρένας
3562 4863 3610 4916 δὲ
3645 4860 3712 4910 τᾶν

2143 4950 2377 5021 Χριστὸν
2400 4952 2580 5006 ἰᾶσθαι
2611 4954 2797 5023 φησὶν,
2823 4953 2884 5006 οὐ
2921 4954 2982 5006 τδ
3013 4953 3381 5026 σπλάγχνον,
3438 4959 3536 5020 τὰς
3566 4968 3718 5022 σωμα-

2142 5041 2299 5102 τικὰς
2339 5041 2561 5113 δηλαδὴ,
2592 5037 2666 5097 ὧν
2698 5044 3030 5114 παρώνυμος
3062 5049 3091 5115 ή
3139 5051 3436 5117 φρενῖτις,
3471 5049 3600 5101 ἀλλά
3643 5043 3717 5102 τὰς

2141 5133 2405 5203 ψυχικὰς,
2435 5133 2560 5187 καθ’
2596 5133 2664 5197 ἃς
2692 5138 2986 5206 φρενήρεις
3047 5142 3402 5212 φαινόμενοι
3462 5140 3613 5204 εἶναι,
3653 5139 3725 5190 21‘.

2145 5223 2270 5277 οὔτε
2331 5225 2688 5296 φρεναπάτην
2759 5228 3013 5297 πάσχειν,
3081 5227 3226 5282 οὔτε
3302 5233 3720 5302 φρενοϐλάϐειαν.

2143 5316 2449 5385 φρονοῦμεν
2485 5317 2841 5381 συντελούσας
2873 5336 2926 5372 τι
2958 5320 3050 5373 καὶ
3104 5323 3330 5386 αὐτὰς.
3408 5327 3611 5380 Ἐκεῖνο
3651 5322 3727 5391 pl"

2142 5410 2250 5479 γὰρ
2282 5411 2462 5478 ἰατρός
2505 5427 2628 5462 ποτε
2658 5412 2894 5480 ποιήσει,
2923 5410 3116 5475 δεδιὼς
3151 5415 3239 5484 μὴ
3274 5419 3377 5469 καὶ
3431 5418 3494 5470 τὸ
3533 5415 3726 5483 ὑποχόν-

2139 5501 2333 5571 δριονό
2371 5501 2750 5571 ἰατρευόμενος
2784 5503 3108 5576 δυσπαθήσῃ
3150 5510 3529 5579 κακοτροπίᾳ
3556 5509 3727 5562 νόσου·

2141 5595 2168 5644 ό
2192 5594 2248 5645 δὲ
2279 5593 2386 5645 τῶν
2418 5593 2608 5662 ψυχῶν
2643 5593 2848 5662 ἰατρὸς,
2883 5595 2911 5646 ὁ
2945 5594 3039 5646 τοῦ
3095 5596 3258 5651 Θεοῦ
3334 5601 3493 5659 Υἱὸς,
3549 5603 3602 5652 ἐν
3643 5598 3731 5650 rei;

2140 5685 2460 5747 ἀποστόλοις
2483 5686 2542 5738 τὸ
2574 5685 2720 5754 αὐτῷ
2750 5686 2937 5751 οἰκεῖν,
2974 5686 3061 5738 τὸν
3113 5689 3262 5742 νοῦν
3316 5692 3637 5762 Θεραπεύεε,
3690 5692 3732 5739 ξιε

2139 5781 2253 5832 ἐστι
2286 5777 2344 5830 τὸ
2377 5779 2434 5831 ὲν
2459 5777 2765 5847 ἀνθρώποις
2798 5777 3052 5848 φρονοῦν,
3081 5778 3116 5830 ὃ
3155 5785 3390 5853 φρένας
3413 5782 3570 5837 εἶπεν
3597 5787 3622 5835 ά
3649 5796 3731 5849 με.
