3966 6248
271 324 381 387 653

1095 322 1177 383 IN
1216 321 1553 383 HYMNUM
1596 312 2251 380 PENTECOSTALEM
2288 314 2743 383 DAMASCENI.

3407 320 3513 387 654

271 436 439 504 2.3m;
459 452 473 466 ο
511 437 570 488 τὸ
597 436 655 490 δὲ
679 436 739 500 ἐξ
766 438 1040 507 ἁμαρτίας
1101 439 1239 509 πρὸς
1294 440 1580 509 ἀκρίϐειαν
1636 440 1845 500 ἐννοίας

1966 444 2131 489 )oeta.
2165 432 2279 490 iloc
2313 444 2491 488 autem
2526 454 2538 489 :
2572 435 2629 501 ἐξ
2660 438 2958 507 ἁμαρτίας,
2990 440 3057 495 ad
3108 440 3389 495 sententia:
3423 456 3514 495 ac-

272 529 452 583 κετται
481 542 496 557 ⁸
532 527 746 595 φρενῶν
774 528 883 597 γὰρ
908 527 1156 599 ψυχικῶν
1192 531 1401 599 ἰατρεία
1428 529 1501 590 ῶς
1553 530 1648 583 καὶ
1705 546 1839 599 κιρ-

269 618 409 682 δίας,
434 619 468 688 ἠ
496 620 592 689 τῆς
616 621 889 691 ἁμαρτίας
916 622 1206 693 ἐξαίρεσις.

345 715 459 777 ρμ’.
493 709 601 761 Καὶ
633 712 941 780 σημείωσαι
972 713 1030 765 τὸ
1064 713 1203 780 ίῆτο,
1236 714 1405 785 ἤγουν
1447 714 1665 783 ίάτρευε
1713 716 1843 783 φρέ-

271 817 369 860 νας
402 800 459 866 ἐξ
492 801 764 870 ἁμαρτίας
797 819 812 834 ·
847 803 916 857 δι’
945 805 1003 857 οὗ
1063 806 1316 875 δηλοῦται
1357 806 1439 860 ὅτι
1501 806 1645 859 καθὰ
1696 807 1843 861 νόσοι

272 892 546 959 σωμάτων
576 894 633 946 αί
660 895 781 947 κατ’
828 897 1006 949 ἐκεῖνο
1055 897 1321 968 καχεξίαι,
1382 898 1524 953 οὕτω
1570 899 1668 953 καὶ
1712 917 1841 971 φρε-

270 982 379 1033 νῶν
406 983 462 1035 αί
495 984 761 1054 ἁμαρτίαι
790 1002 804 1015 ·
838 987 932 1038 καὶ
956 986 1037 1039 ὅτι
1065 986 1182 1056 ἅμα
1214 988 1439 1041 ἐκείνων
1469 990 1609 1052 τασις
1642 991 1842 1043 ἀποτε-

270 1075 471 1133 λεῖται.
496 1075 591 1128 καὶ
613 1075 810 1129 αὐτίκα
833 1075 997 1145 δόμος
1026 1078 1161 1130 Θεοῦ
1211 1079 1419 1147 γίνεται
1450 1083 1478 1133 6
1518 1080 1843 1152 τεθεραπευ-

277 1164 439 1232 μένος
481 1180 493 1193 ·
530 1164 604 1227 ὼς
630 1165 684 1219 δὲ
712 1166 962 1233 σώματος
997 1166 1386 1223 καθικνοῦνται
1436 1171 1581 1224 νόσοι
1634 1174 1728 1226 καὶ
1774 1174 1842 1226 δι’

270 1257 571 1326 ἁμαρτίας,
603 1257 772 1326 ἔμαθε
811 1262 906 1313 καὶ
928 1261 954 1312 6
979 1260 1217 1323 ἀκούσας
1244 1262 1324 1322 τὸ,
1357 1263 1463 1317 Ἴδε
1488 1262 1644 1333 ὑγιὴς
1691 1264 1845 1333 γέγο-

270 1367 373 1411 νας
396 1365 410 1378 ·
446 1351 647 1418 μηκέτι
678 1351 962 1421 ἁμάρτανε
992 1369 1005 1384 ο
1040 1353 1135 1407 καὶ
1158 1354 1270 1423 ἔχει
1300 1355 1536 1423 εὐλόγως
1570 1356 1663 1410 καὶ
1692 1359 1843 1411 τουτὶ

271 1444 331 1495 τὸ
367 1445 622 1513 πρᾶγμα.
661 1445 718 1496 Ei
749 1445 854 1513 γὰρ
876 1444 938 1498 τὸ
958 1446 1079 1500 κατ’
1106 1446 1395 1516 ἄνθρωπον
1422 1450 1712 1519 ὀργανικὸν
1740 1450 1841 1503 σῶ-

275 1551 351 1602 μα
406 1534 641 1603 βλάπτει
690 1536 872 1606 ψυχὴν
925 1536 1070 1590 καθά
1118 1538 1214 1591 καὶ
1258 1541 1510 1610 τεχνίτην
1556 1540 1843 1610 ἄνθρωπον

271 1628 367 1679 καὶ
395 1628 733 1696 ἐπιστήμονα
786 1628 1045 1691 πολλάκις
1092 1631 1455 1700 τραυματίζει
1514 1633 1609 1685 καὶ
1668 1633 1844 1698 ἄλλως

272 1718 329 1768 δὲ
356 1717 519 1770 λυπεῖ
543 1719 602 1771 τὸ
636 1718 762 1771 κατ’
790 1720 955 1772 αὑτὸν
983 1720 1234 1791 ὄργανον,
1271 1723 1380 1776 οὐδ’
1408 1727 1586 1778 ἐκεῖνο
1633 1725 1842 1789 ἀπαθὲς

1949 524 2287 577 curationem
2328 525 2593 593 ponitur:
2634 536 2915 595 pectorum
2971 531 3117 584 enim
3152 530 3514 601 spiritualium

1950 618 2159 670 sicutet
2182 616 2364 671 cordis
2389 620 2625 682 curatio,
2655 628 2745 674 est
2767 620 2938 690 culpae
2968 622 3199 676 avulsio.

2021 708 2143 763 1ιο.
2168 708 2473 763 Notandum
2500 719 2585 764 est
2617 712 2863 766 hocloco
2896 729 2909 765 :
2947 712 3086 782 ἰῆτο,
3152 713 3268 768 sive
3324 714 3517 767 libera-
3623 754 3631 763 .

1953 800 2042 853 bat
2083 800 2317 869 peccatis
2342 810 2558 869 pectora
2584 818 2598 854 :
2625 802 2750 856 hinc
2767 802 3171 858 demonstratur
3199 805 3345 875 quod
3370 806 3519 859 sicut

1952 893 2129 946 morbi
2159 894 2475 963 corporales
2507 903 2636 948 sunt
2666 895 2818 948 maiae
2851 897 3099 965 corporis
3138 895 3511 959 habitudines,

1950 986 2030 1039 sic
2054 994 2107 1040 et
2134 996 2412 1053 pectorum
2457 986 2673 1054 culpat;
2733 988 3007 1056 quodque,
3056 988 3240 1043 statim
3283 998 3342 1043 ut
3400 989 3520 1043 illo-

1950 1092 2070 1131 rum
2114 1077 2326 1133 sanatio
2388 1079 3017 1147 completur,continuo
3064 1079 3259 1135 domus
3313 1080 3405 1134 Dei
3460 1080 3519 1135 lit

1949 1177 2162 1225 sanata.
2191 1168 2347 1237 Quod
2379 1178 2559 1224 autem
2589 1171 2655 1224 ad
2686 1185 2882 1240 corpus
2912 1171 3183 1241 attingant
3232 1174 3407 1227 morbi
3433 1174 3516 1228 vel

1950 1277 2045 1330 per
2060 1264 2267 1332 culpas,
2299 1261 2388 1316 ille
2405 1261 2593 1316 didicit
2624 1263 2713 1328 qui
2750 1263 2831 1317 sic
2861 1263 3067 1316 audivit
3102 1282 3116 1319 ε
3149 1261 3304 1329 Vide,
3342 1279 3513 1320 sanus

1951 1351 2129 1406 factus
2153 1366 2210 1405 es
2235 1366 2251 1417 ;
2280 1352 2388 1420 iam
2416 1352 2524 1405 noli
2557 1366 2801 1421 peccare.
2828 1350 2893 1405 Et
2922 1352 3024 1407 hoc
3084 1368 3301 1424 quoque
3344 1356 3517 1409 ratio-

1951 1444 2130 1499 nabile
2152 1454 2257 1498 est.
2280 1444 2339 1499 Si
2366 1445 2510 1499 enim
2534 1446 2850 1515 organicum
2886 1445 3123 1500 hominis
3163 1461 3361 1516 corpus
3395 1448 3513 1501 ani-

1951 1551 2096 1591 mam
2123 1536 2267 1590 laedit
2299 1535 2762 1606 quemadmodum
2796 1537 3155 1592 artiﬁciosum
3188 1545 3242 1592 et
3275 1540 3514 1607 peritum

1952 1626 2224 1680 hominem
2259 1640 2402 1695 saepe
2457 1627 2670 1681 sauciat
2722 1627 2964 1697 aliasque
3025 1629 3386 1684 contristatur
3436 1630 3519 1696 ip-

1950 1717 2066 1771 sius
2098 1715 2537 1779 instrumentum,
2565 1715 2710 1785 quod
2744 1731 2848 1769 non
2890 1726 2976 1770 est
3018 1730 3233 1787 semper
3264 1718 3517 1787 impassi-

272 1811 359 1861 ἀεὶ
376 1809 456 1874 δν,
478 1811 660 1869 καλῶς
682 1828 810 1864 ποτε
844 1814 940 1866 καὶ
970 1813 1102 1866 αὐτὸ
1128 1816 1329 1884 πάσχει
1384 1817 1442 1867 ἐν
1482 1817 1660 1888 καιρῷ
1706 1819 1848 1873 κατά

1966 1810 2076 1873 ἠιο,
2105 1808 2241 1862 bene.
2268 1808 2561 1879 aliquando
2589 1807 2749 1862 etiam
2813 1807 2991 1878 ipsum
3034 1824 3159 1863 cum
3189 1810 3511 1879 opportuni-

272 1918 325 1952 τι
353 1901 735 1956 ἀντιπάθειαν.
772 1905 968 1957 Ἰστέον
996 1904 1052 1958 δὲ
1081 1905 1161 1958 ὅτι
1216 1922 1276 1959 τε
1313 1907 1341 1959 6
1406 1908 1505 1976 μὲν
1550 1909 1844 1978 σύνδεσμος

277 1991 519 2045 ἐνταῦθα
547 1994 649 2047 οὐκ
674 1994 997 2050 ἀποδέδοται
1028 1997 1299 2067 συνήθως,
1331 1998 1469 2051 ἀλλὰ
1524 1999 1674 2054 δοκεί
1716 2002 1846 2055 άνα-

278 2087 504 2149 πόδοτος
534 2083 673 2141 εῖναι
698 2088 966 2158 μερισμὸς
1004 2091 1186 2152 ὁποῖος
1211 2091 1304 2144 καὶ
1353 2092 1409 2144 ὲν
1474 2094 1539 2161 τῇ
1597 2096 1846 2164 καταρχῇ

279 2180 458 2230 κεῖται
518 2177 614 2231 τοῦ
672 2178 970 2249 σεϐασμίου
1013 2179 1219 2249 βιΰλίου
1272 2181 1380 2235 τῶν
1423 2180 1681 2253 Πράξεων
1742 2182 1850 2235 τῶν

281 2270 622 2324 ἀποστόλων.
669 2272 732 2325 El
765 2275 839 2343 μή
872 2291 956 2336 τις
985 2276 1094 2342 άρα
1134 2275 1323 2340 δεξιῶς
1375 2276 1540 2329 αὑτὸν
1600 2277 1849 2347 συνδήσει

278 2367 338 2416 ὲν
369 2363 452 2433 τῷ
477 2364 804 2433 ὁμοσθενοῦς
836 2366 893 2419 δὲ
938 2369 1031 2421 καὶ
1063 2369 1499 2437 συνουσιωμένου
1533 2387 1546 2400 ·
1579 2369 1665 2423 ἵνα
1719 2371 1853 2443 λέγῃ

280 2453 355 2514 ὼς
386 2456 454 2508 τά
487 2453 587 2522 μὲν
609 2454 716 2525 πρὸ
738 2456 930 2509 τούτου
960 2457 1123 2527 δόμον
1164 2457 1434 2528 ἄχραντον
1456 2462 1485 2513 6
1521 2460 1652 2524 Θεὸς
1682 2462 1854 2529 Λόγος

280 2560 415 2598 κατε
427 2542 656 2607 σκεύαζε
687 2561 704 2575 ·
744 2545 840 2599 νῦν
860 2546 917 2600 δὲ
942 2546 1021 2617 τῷ
1061 2550 1288 2620 τοιούτῳ
1315 2549 1449 2620 οίκῳ
1475 2549 1628 2619 ἆγιον
1688 2552 1854 2605 Πνιῦ-

286 2635 850 2706 μαὲγκατοικίζεται.
885 2638 1100 2709 Μέτρου
1121 2640 1181 2694 δὲ
1213 2644 1434 2714 πιεσμῷ
1489 2644 1854 2714 σφιγγόμενος

283 2732 313 2781 6
335 2727 575 2798 μελῳδὸς
604 2730 663 2781 τὸ
697 2732 791 2782 καὶ
822 2730 996 2801 ἐαυτῷ
1022 2734 1392 2800 κατεσκεύαζε
1445 2735 1629 2807 δόμον,
1657 2738 1707 2806 χ’
1765 2738 1855 2790 αὑ·

283 2822 363 2891 τῷ
394 2822 563 2888 λέγει,
596 2823 922 2895 ἀφελόμενος
952 2828 1051 2897 μὲν
1078 2830 1139 2881 τὸ
1169 2828 1288 2882 κατ’
1319 2829 1492 2900 ἀρχὴν
1516 2830 1655 2899 εντῆς
1680 2833 1856 2886 ἀντω-

285 2913 487 2983 νυμίας
528 2914 628 2984 τῆς
663 2917 753 2970 καὶ
777 2914 945 2979 οὕτως
978 2917 1141 2972 πάλιν
1166 2919 1549 2992 δασυνομίνηςο
1579 2924 1782 2994 τρέψας
1800 2925 1858 2979 δὲ

286 3007 349 3059 τὸ
375 3024 410 3058 κ
441 3006 534 3060 τοῦ
585 3008 681 3062 καὶ
714 3011 1010 3081 συνδέσμου
1042 3014 1122 3075 είς
1143 3014 1479 3086 ἀντίστοιχον
1530 3016 1665 3070 δασὺ
1694 3019 1753 3071 τὸ
1797 3038 1831 3089 χ

1950 1907 2060 1954 tate
2089 1898 2486 1969 quodammodo
2513 1900 2715 1967 patitur
2748 1899 3126 1969 antipathiam.
3154 1898 3305 1955 Scito
3335 1911 3516 1955 autem

1950 1991 2095 2061 quod
2128 1988 2446 2056 coniunctio
2478 1990 2577 2058 μὲν
2611 1989 2699 2045 hic
2722 2004 2826 2044 non
2860 2004 2926 2045 ex
2985 2006 3136 2047 more
3168 1992 3513 2061 producitur,

1953 2083 2045 2139 sed
2076 2082 2291 2137 videtur
2320 2097 2439 2138 esse
2465 2084 2583 2138 sine
2611 2084 2971 2153 respondente
3006 2084 3292 2154 particula,
3326 2083 3507 2153 qualis

1954 2176 2005 2229 in
2037 2174 2189 2229 initio
2219 2175 2507 2229 venerandi
2541 2176 2769 2232 Actuum
2797 2176 3168 2246 apostolorum
3231 2176 3354 2231 libri
3388 2176 3521 2245 legi-

1952 2277 2080 2334 tur;
2112 2269 2215 2322 nisi
2237 2267 2360 2337 quis
2382 2282 2501 2323 eam
2535 2268 2831 2340 coniungat
2853 2283 2974 2324 cum
3007 2268 3153 2323 isto:
3188 2266 3519 2337 ὀμοσθενοῦς

1953 2360 2009 2412 δὲ
2043 2360 2138 2413 καὶ
2160 2362 2591 2429 συνουσιωμένου
2617 2378 2631 2426 ;
2665 2362 2883 2415 utdicat
2915 2362 3095 2431 :quod
3126 2369 3285 2416 antea
3307 2360 3519 2437 quidem

1958 2466 2148 2522 puram
2172 2451 2396 2506 domum
2431 2452 2569 2507 Deus
2596 2450 2832 2508 Verbum
2860 2453 3122 2521 parabat;
3156 2466 3302 2507 nunc
3331 2462 3511 2507 autem

1958 2546 2012 2599 in
2068 2544 2173 2600 ista
2218 2544 2382 2599 domo
2442 2543 2676 2614 Spiritus
2740 2551 2967 2599 sanctus
3033 2543 3326 2600 inhabitat.
3366 2544 3524 2599 Metri

1956 2649 2089 2691 vero
2120 2634 2506 2689 constrictione
2533 2648 2754 2704 pressus
2778 2643 2959 2703 poeta,
2990 2634 3094 2690 hoc
3126 2635 3307 2705 ἐαυτῷ
3356 2651 3523 2687 κατε-

1961 2723 2197 2790 σκεύαζε
2252 2725 2562 2795 δόμον,-χ’
2596 2723 2745 2795 αὐτῷ
2811 2724 2967 2792 dicit,
3026 2724 3252 2779 dimissa
3306 2724 3526 2795 quidem

1962 2816 2155 2871 initiati
2199 2816 2423 2870 litterae
2462 2813 2827 2885 pronominis,
2866 2812 3012 2881 quod
3051 2814 3133 2869 sic
3160 2812 3327 2868 etiam
3367 2827 3528 2882 aspe-

1961 2923 2026 2964 ro
2068 2907 2259 2977 spiritu
2286 2916 2538 2974 notatur;
2572 2922 2837 2961 conversa
2891 2914 3070 2960 autem
3121 2904 3526 2975 coniunctionis

1965 3000 2142 3055 littera
2172 3017 2208 3053 κ
2234 2998 2287 3053 iu
2315 3012 2561 3069 asperam
2585 2998 2829 3067 eiusdem
2862 2996 3070 3052 ordinis
3094 3013 3149 3067 χ,
3173 3006 3298 3066 post
3342 2996 3528 3051 elisio-

290 3098 432 3165 μετὰ
462 3099 561 3165 τὴν
585 3100 727 3167 λόγῳ
758 3102 1082 3171 συναλοιφῆς
1116 3102 1365 3174 ἔκθλιψιν
1400 3104 1501 3177 τῆς
1554 3123 1614 3161 αι
1640 3088 1857 3177 διφθόγ-

1966 3105 2211 3162 nem,per
2234 3090 2628 3161 synalmpham,
2650 3088 2971 3158 diphthongi
2990 3106 3041 3141 αι
3066 3102 3220 3158 ;quae
3237 3088 3529 3158 diphthon-

286 3202 429 3259 γουο
496 3191 619 3262 ἥτις
663 3192 950 3261 δίφθογγος
1008 3194 1180 3261 οὕτως
1238 3196 1449 3267 ὑπῆλθε
1500 3201 1858 3269 κουφισθεῖσα

1966 3197 2065 3254 gus
2108 3182 2198 3237 'sic
2230 3181 2543 3236 insinuatur
2569 3180 2703 3235 elisa
2748 3180 2801 3234 in
2828 3180 2973 3235 hoc:
3024 3179 3217 3251 ἔρχομ’
3255 3179 3395 3251 ἔχων
3436 3183 3529 3234 ἐπὶ

290 3284 389 3335 καὶ
424 3285 482 3335 ἐν
504 3285 582 3353 τῷ
611 3310 640 3323 -
674 3282 907 3355 Ἐρχομ⁹
954 3286 1091 3358 ἔχων
1115 3288 1209 3342 ἐπὶ
1240 3288 1370 3359 νῆας
1401 3306 1416 3319 ·
1444 3319 1469 3333 ο
1496 3290 1608 3360 ἔχει
1659 3292 1717 3347 δὲ
1767 3296 1862 3348 καὶ

290 3375 634 3445 άρχετυπίαν
673 3380 920 3449 χρήσεως
951 3382 1287 3453 παλαιτάτης
1311 3384 1341 3435 6
1369 3383 1608 3453 μελῳδὸς
1646 3386 1710 3439 ἐκ
1767 3388 1862 3440 τοῦ

290 3469 562 3537 τυράννου
596 3470 869 3533 Οἰδίποδος
890 3472 997 3525 τὸ-
1026 3472 1077 3544 χ’
1104 3475 1268 3529 αὑτοῦ
1302 3503 1329 3518 ο
1356 3476 1476 3546 ἦτοι
1516 3478 1611 3533 καὶ
1646 3479 1859 3533 ἑαυτοῦ.

366 3557 519 3630 ρμα’.
546 3560 620 3612 Τὸ
650 3560 707 3613 δὲ
728 3562 1037 3633 πάνταρχος
1068 3564 1182 3617 ἴσον
1211 3564 1327 3618 ἐστὶ
1350 3566 1429 3636 τῷ
1460 3566 1861 3635 παμϐασιλεὺς,

294 3654 392 3704 καὶ
459 3652 759 3720 παντάναξ,
822 3656 917 3707 καὶ
957 3655 1092 3721 ἄναξ
1144 3657 1414 3725 ἀνάκτων,
1469 3658 1563 3712 καὶ
1612 3658 1863 3729 βασιλεὺς

297 3744 585 3814 βασιλέων,
621 3746 713 3800 καὶ
770 3746 959 3817 κύριος
1023 3750 1404 3818 κυριευόντων,
1465 3752 1526 3804 τὸ
1569 3753 1627 3805 δὲ
1683 3753 1866 3823 μεῖζον

296 3838 393 3890 καὶ
421 3836 555 3899 Θεὸς
585 3837 744 3894 θεῶν.
768 3838 1101 3911 Σεμνότερον
1129 3840 1186 3895 δὲ
1219 3843 1527 3914 πάνταρχος
1559 3846 1742 3913 λέγειν
1777 3849 1866 3901 διὰ

276 3926 392 3985 ,τοῦ
423 3946 475 3995 τ,
509 3928 697 3999 ὥσπερ
722 3931 815 3985 καὶ
846 3932 1142 3997 παντάναξ,
1207 3933 1352 4004 ἥπερ
1379 3934 1467 3987 δια
1496 3935 1656 4005 μόνου
1685 3938 1777 3991 τοῦ
1812 3957 1861 4008 ν,

301 4021 396 4075 καὶ
420 4022 455 4092 η
475 4023 625 4075 αίτία
650 4022 783 4094 δήλη
819 4040 834 4056 ·
869 4023 949 4077 διὸ
977 4025 1072 4078 καὶ
1094 4026 1124 4079 6
1167 4028 1508 4097 παντουργὸς
1568 4031 1867 4102 προεκρίθη

300 4114 647 4182 ἐπιλέγεσθαι
676 4114 753 4185 τῷ
784 4115 926 4186 Θεῷ,
964 4116 1059 4170 τοῦ
1121 4118 1434 4188 πανούργου
1480 4121 1867 4193 ἀφορισθέντος

303 4206 701 4276 ὼςεπιρῤήτου
745 4207 815 4260 τὰ
870 4208 1079 4262 πλείωο
1129 4212 1179 4263 εί
1237 4213 1332 4265 καὶ
1376 4214 1403 4264 6
1461 4216 1866 4285 παροιμιαστὴς

302 4296 511 4369 ἀγαθὴν
538 4297 747 4352 ἔννοιαν
786 4301 1163 4369 παρεισκρίνει
1215 4302 1386 4372 αύτῷ,
1449 4305 1578 4360 ἔνθα
1631 4307 1867 4360 ἐπαινῶν

296 4393 618 4460 ἑκφαίνεται
642 4392 732 4444 τὸν
761 4392 1088 4462 πανοῦργον.
1110 4394 1268 4464 Λόγῳ
1302 4394 1357 4447 δὲ
1383 4396 1556 4468 ὁμοίῳ
1583 4398 1677 4449 καὶ
1698 4414 1866 4451 παντ-

1965 3275 2118 3345 νῆας.
2162 3271 2336 3327 Habet
2358 3281 2535 3327 autem
2561 3271 2866 3341 exemplum
2893 3270 3333 3340 antiquissimum
3367 3285 3528 3342 poeta

1964 3380 2032 3421 cx
2064 3364 2275 3434 (Edipo
2304 3379 2427 3434 rege
2472 3364 2802 3419 locutionem
2836 3364 2886 3435 χ’
2909 3364 3095 3430 αὐτοῦ,
3124 3363 3239 3419 sive
3282 3366 3373 3419 καὶ
3406 3366 3533 3420 ἑαυ-

1964 3455 2079 3514 τοῦ.

2038 3550 2162 3603 Hi.
2194 3549 2307 3605 Vox
2335 3549 2642 3620 πάνταρχος
2667 3549 2954 3619 aequivalet
2985 3552 3105 3607 voci
3132 3552 3534 3624 παμδασιλεὺς,

1967 3657 2178 3697 necnon
2208 3643 2434 3698 vocibus
2466 3642 2771 3709 παντάναξ,
2810 3643 2951 3709 ἄναξ
2987 3646 3261 3713 ἀνάκτων,
3283 3646 3536 3717 βασιλεὺς

1969 3733 2252 3804 βασιλέων,
2292 3733 2479 3804 κύριος
2503 3737 2898 3804 κυριευόντων;
2935 3748 3012 3804 et,
3072 3740 3216 3807 quod
3271 3742 3394 3810 pius
3425 3752 3530 3807 est,

1966 3826 2095 3889 Θεὸς
2128 3826 2290 3883 θεῶν.
2324 3826 2508 3882 Satius
2542 3837 2725 3883 autem
2760 3829 2944 3886 dicere
2995 3833 3309 3903 πάνταρχος
3362 3850 3461 3904 per
3504 3852 3536 3887 τ

1967 3920 2113 3973 sicut
2135 3920 2434 3986 παντάναξ,
2464 3935 2625 3990 quam
2659 3936 2756 3991 per
2786 3922 2963 3977 solum
2983 3939 3032 3978 ν.
3056 3922 3211 3978 Ratio
3247 3924 3536 3980 manifesta

1967 4023 2066 4080 est,
2097 4014 2375 4084 ideoqued
2400 4014 2743 4083 παντουργὸς
2771 4014 2955 4070 dicere
2998 4014 3067 4071 de
3124 4016 3235 4071 Deo
3292 4026 3537 4087 prastat,

1970 4122 2133 4179 quam
2184 4104 2584 4175 ὁπανοῦργος,
2618 4105 2712 4175 qui
2740 4107 3064 4177 plerumque
3115 4108 3259 4163 malo
3305 4110 3539 4165 sumitur

1971 4215 2172 4279 sensu:
2217 4198 2275 4255 Si
2324 4197 2743 4255 Proverbiorum
2795 4208 2985 4256 auctor
3046 4202 3244 4256 bonam
3272 4202 3322 4257 ei
3353 4204 3543 4259 tribuit

1970 4293 2445 4364 signiﬁcationem,
2477 4292 2566 4347 hic
2603 4292 2890 4349 manifeste
2914 4294 3126 4349 videtur
3185 4295 3408 4350 laudare
3445 4299 3542 4351 τὸν

1972 4384 2304 4457 πανοῦργον.
2342 4385 2518 4441 Simili
2542 4387 2757 4442 ratione
2790 4391 3082 4443 πανταιτία
3105 4387 3306 4445 dicitur
3328 4392 3543 4461 sapien-

299 4483 451 4537 αιτία
487 4482 650 4552 σοφία
676 4482 891 4550 λέγεται
923 4486 957 4553 ἡ
1017 4482 1109 4536 τοῦ
1145 4484 1280 4536 Θεοῦ
1315 4485 1465 4555 παρὰ
1492 4486 1694 4555 ἑταίρῳ
1722 4487 1858 4556 ἁγίῳ

1970 4480 2040 4534 tia
2064 4478 2159 4534 Dei
2181 4479 2321 4548 apud
2352 4480 2563 4535 socium
2619 4488 2868 4536 sanctum
2899 4481 3194 4548 melodum,
3244 4499 3353 4539 non
3410 4499 3545 4539 cou-

303 4574 547 4645 μελῳδῷ,
570 4574 631 4628 ού
664 4575 800 4646 πρὸς
824 4575 1143 4629 ἀκολουθίαν
1190 4577 1283 4630 τοῦ
1336 4578 1624 4642 Παναίτιος
1680 4580 1868 4647 κυρίου

300 4667 569 4731 ὀνόματος
592 4681 606 4697 ⁸
641 4667 721 4719 ὅτι
760 4666 818 4720 δὲ
843 4668 938 4720 καλ⁵
965 4667 1089 4739 δίχα
1120 4668 1211 4721 τοῦ
1244 4686 1275 4721 τ
1306 4670 1364 4721 iv
1409 4672 1519 4731 τοῖς
1548 4670 1806 4734 τοιούτοις
1835 4673 1870 4742 ἡ

303 4758 446 4827 αὐτὴ
466 4758 646 4811 ἔννοια
678 4757 908 4822 σώζεται
936 4760 1097 4814 ὁποία
1122 4755 1189 4831 ἦν
1219 4759 1286 4814 ἂν
1325 4762 1418 4815 καὶ
1475 4762 1613 4831 μετά
1678 4763 1773 4815 τοῦ
1817 4781 1867 4831 τ,

303 4850 462 4920 δῆλον
490 4850 611 4920 δίχα
641 4849 851 4903 πολλῶν
889 4849 1066 4905 ἄλλων
1096 4854 1190 4904 καὶ
1238 4855 1300 4906 ὲκ
1358 4852 1452 4906 τοῦ
1504 4855 1868 4926 πανωλεθρίᾳ,

307 4942 402 4995 καὶ
426 4941 522 4995 τοῦ
553 4941 831 5011 πανόπτην
865 4939 1065 4993 κύκλον
1127 4942 1278 5014 ήλίου
1336 4942 1485 4996 καλῶ
1514 4961 1529 4976 ο
1577 4946 1773 4998 ταυτὸν
1828 4945 1874 4996 δ’

308 5034 485 5086 εἰπεῖν
511 5032 603 5085 τὸν
632 5032 786 5085 πάντ’
814 5031 1120 5103 ἐφορῶντα,
1152 5034 1245 5086 καὶ
1273 5033 1347 5095 ὠς
1374 5032 1440 5086 ἂν
1465 5035 1593 5105 φαίη
1627 5053 1711 5099 τις
1746 5052 1874 5088 παν-

310 5125 588 5192 τεπόπτην
615 5140 628 5154 ·
658 5124 922 5193 ἄχραντος
952 5122 1010 5176 δὲ
1039 5124 1199 5192 δόμος
1229 5126 1256 5177 6
1283 5125 1424 5195 ὑπὲρ
1489 5128 1596 5179 πᾶν
1651 5126 1878 5196 ἀρχικὸν

314 5216 584 5286 ὑπερῷον,
623 5216 651 5266 6
693 5214 919 5284 πρέπων
976 5213 1189 5276 πάντως
1240 5212 1380 5281 Θεῷ.
1442 5215 1692 5278 Τοιοῦτος
1736 5215 1791 5269 δὲ
1850 5218 1879 5268 6

311 5308 433 5370 ναὸς
461 5306 595 5360 Θεοῦ
621 5305 719 5371 ὢν,
744 5310 950 5369 ἐκεῖνος
979 5301 1126 5368 οἶκος
1154 5321 1168 5335 ·
1199 5303 1339 5359 ὥστε
1362 5306 1501 5358 κατά
1541 5307 1638 5375 τὴν
1671 5307 1877 5360 δαυιτι-

311 5402 410 5469 κῆν
446 5399 703 5462 ἱκετείαν,
734 5394 801 5470 ἦς
833 5400 1309 5467 προεμνήσθημεν,
1336 5399 1404 5451 τά
1458 5398 1691 5451 ἐνταῦθα
1735 5400 1882 5466 γίνε-

313 5510 401 5543 ται
432 5508 444 5521 ·
478 5489 880 5554 κατασκευάζει
922 5490 1021 5559 μὲν
1056 5490 1162 5559 γὰρ
1193 5492 1221 5542 ό
1256 5490 1380 5553 Υἱὸς
1410 5492 1505 5543 καὶ
1533 5491 1663 5553 Θεὸς
1715 5491 1880 5561 δόμου

313 5582 583 5652 ἀχράντου
603 5583 729 5644 τοὺς
757 5582 1109 5645 ἀποστόλους,
1142 5581 1368 5649 καρδίαν
1397 5581 1641 5650 καθαράν
1685 5584 1884 5647 κτίζων

314 5677 369 5725 ὲν
401 5675 584 5736 αὐτοῖς
613 5689 626 5703 ·
660 5674 1096 5742 ὲγκατοικίζεται
1116 5671 1172 5725 δὲ
1214 5674 1353 5726 κατά
1391 5673 1481 5725 τὸν
1510 5672 1746 5741 μελῳδὸν
1790 5672 1885 5723 αὐ.

315 5766 428 5819 τόοι
459 5766 677 5836 πνεῦμα
709 5767 885 5833 εύθὲς,
908 5764 1265 5835 ὲγκαινισμοῦ
1297 5763 1461 5831 λόγῳ.

1972 4580 2227 4640 gruenter
2248 4571 2312 4624 ad
2327 4585 2525 4626 nomen
2545 4572 2831 4641 proprium
2847 4574 3155 4638 Παναίτιος.
3185 4575 3340 4640 Quod
3359 4588 3540 4633 autem
3568 4586 3571 4589 '

1973 4662 2137 4715 etiam
2173 4661 2225 4715 in
2254 4662 2524 4716 similibus
2548 4663 2751 4731 absque
2774 4679 2804 4715 τ
2835 4678 3084 4719 servetur
3115 4667 3304 4721 eadem
3328 4678 3544 4723 senten-

1975 4753 2047 4807 tia
2073 4754 2249 4823 qualis
2272 4763 2419 4808 esset
2445 4768 2568 4810 cum
2594 4754 2696 4809 hac
2722 4755 2919 4820 littera,
2951 4764 3119 4825 patet,
3158 4768 3355 4827 prater
3386 4770 3546 4815 czete-

1976 4859 2061 4906 ra,
2094 4860 2156 4897 ex
2191 4844 2568 4914 πανωλεθρίᾳ;
2605 4853 2659 4900 ct
2687 4845 2970 4917 πανόπτην
2997 4850 3183 4905 orbem
3205 4850 3336 4906 solis
3374 4867 3543 4922 voco;

1976 4933 2029 4985 id
2064 4944 2381 4999 est,cuncta
2412 4937 2783 5006 speculantem
2814 4954 2831 5006 ;
2863 4946 2940 5005 et,
2969 4944 3124 5009 quasi
3145 4942 3315 5006 dicas,
3347 4961 3548 4999 παντε-

1979 5023 2199 5093 πόπτην
2256 5026 2561 5100 Ἀχραντος
2586 5028 2782 5085 deinde
2811 5039 2895 5085 est
2924 5031 3087 5099 δόμος
3122 5047 3353 5103 surgens
3384 5052 3549 5106 super

1982 5128 2199 5170 omnem
2227 5119 2543 5185 primarium
2571 5120 2848 5190 ordinem,
2875 5132 2928 5177 et
2954 5123 3061 5178 Deo
3084 5140 3310 5195 prorsus
3333 5142 3551 5198 compe-

1982 5217 2125 5263 tens.
2155 5209 2301 5264 Talis
2332 5226 2483 5276 vero,
2513 5228 2635 5279 qua:
2662 5214 2922 5284 templum
2948 5214 3039 5270 Dei
3069 5226 3172 5282 est,
3199 5218 3288 5273 illa
3313 5218 3548 5286 domus;

1985 5301 2213 5368 utjuxta
2246 5300 2554 5357 Davidicam
2610 5306 3085 5374 supplicationem,
3144 5310 3211 5364 de
3240 5326 3346 5379 qua
3402 5328 3552 5365 meu-

1984 5396 2184 5448 tionem
2225 5396 2472 5463 iecimus,
2498 5414 2583 5453 res
2644 5399 2716 5453 ibi
2768 5401 2917 5456 sint:
2969 5412 3121 5471 parat
3152 5405 3295 5458 enim
3328 5405 3549 5473 quidem

1985 5482 2155 5538 Filius
2182 5499 2244 5539 ac
2280 5487 2440 5553 Deus,
2471 5490 2521 5543 in
2547 5492 2767 5545 domum
2801 5493 3230 5558 immaculatam,
3255 5496 3548 5564 apostolos,

1984 5592 2081 5630 cor
2110 5580 2374 5635 mundum
2403 5594 2594 5638 creans
2627 5584 2680 5637 in
2735 5585 2845 5652 eis;
2883 5586 3148 5641 inhabitat
3175 5598 3351 5640 autem
3397 5586 3552 5656 iuxta

1987 5678 2198 5738 poetam
2226 5671 2423 5726 ibidem
2459 5675 2684 5744 spiritus
2709 5687 2908 5742 rectus,
2959 5676 3339 5732 dedicationis.

2412 5873 2493 5881 —.-—o
