3966 6248
427 312 435 329 ι
450 288 564 351 Ἐνῖιὸ

423 496 618 552 .Sacra
656 509 784 549 vero
817 492 973 547 lectio
1008 499 1093 546 est
1121 490 1329 559 ἵδρυσις
1364 503 1429 541 ex
1493 487 1769 542 extraneis
1817 486 2018 539 intror-

448 605 570 643 sum
635 588 846 641 invecta
908 584 1127 650 Deoqne
1184 588 1422 637 sacrata.
1470 579 1760 633 Dicebatur
1830 585 2014 631 autem

452 679 592 748 apud
621 677 837 733 Grmcus
878 674 1104 749 ίδρύειν,
1152 672 1386 740 primum
1423 671 1714 726 instituere
1769 668 1825 723 in
1880 678 2017 723 tent-

1159 277 1580 340 EUSTATHII
1620 275 2033 345 THESSAIDI

2138 272 2375 334 IENSIS
2414 273 2973 334 ΜΕἮΚΟΡΟῌΤΕ

520 404 647 460 ιιι.
691 402 782 457 Vel
834 411 894 455 ut
956 401 1097 455 idem
1154 399 1351 457 diram,
1393 395 1719 465 ἐνιδρύσεως
1783 394 2014 448 ratione.

2194 396 2339 463 ρμβ’.
2370 393 2577 447 Ταυτὸν
2602 393 2646 445 δ’
2676 396 2850 447 εἰπεῖν
2882 384 3201 462 ἐνιδρύσεὼς
3234 405 3247 420 ⁶

2122 488 2217 539 καὶ
2245 489 2276 555 ἠ
2306 487 2515 555 ἵδρυσις
2546 486 2609 537 ὲκ
2659 486 2766 538 τῶν
2796 484 2898 547 ἔξω
2946 483 3386 551 παρελκυσθεῖσα
3444 484 3572 547 ἔσω,
3607 486 3693 536 καὶ

3591 276 3689 338 6L6

3304 391 3426 461 ἱερὰ
3456 391 3513 444 δὲ
3561 392 3690 457 λέξις

2123 576 2487 646 ἀφιερωθεῖσα
2514 576 2592 645 τῷ
2618 576 2738 646 Θεῷ
2770 592 2780 604 ’
2814 576 3031 642 ἐλέγετο
3056 574 3113 627 δὲ
3168 574 3371 644 ίδρύειν
3398 575 3533 643 παρ’
3575 573 3690 625 Ἐλ-

2125 671 2249 740 λησι
2279 671 2341 723 τὸ
2365 671 2465 738 τὴν
2496 669 2671 740 ἀρχὴν
2722 669 2982 740 καθιστᾷν
3033 669 3112 731 εἰς
3146 667 3269 725 ναὸν
3330 669 3469 737 μετὰ
3516 668 3694 734 τιμίας

450 771 598 840 plum
632 782 753 821 cum
784 764 1081 821 honoriﬁco
1116 764 1378 818 comitatu
1409 778 1439 817 a
1461 762 1579 831 lege
1607 771 1833 821 statuto.
1860 761 2019 831 quod

2138 762 2446 825 ίικολοοθίας
2485 763 2909 832 νενομισμένης,
2932 762 2992 814 τὸ
3016 762 3143 831 παρ’
3171 761 3357 825 αὐτοῖς
3393 760 3695 828 τιμώμενον

452 861 595 929 apud
630 858 778 928 ipsos
842 856 1199 922 undecunque
1230 854 1597 909 venerandum
1627 861 1743 909 erat
1773 853 2019 907 divinum

2138 856 2184 921 ιξ
2207 854 2425 909 οίασσῦν
2453 855 2591 918 ὅλως
2622 855 2857 917 θεοειδὲς
2887 856 3138 925 ὁμοίωμα
3163 855 3344 908 εἶτουν
3392 853 3693 921 ἀφίδρυμα.

424 932 802 1007 ’διιιιυιοοιηυηι
833 960 929 1004 aut
967 961 1167 1004 statua.
1218 946 1528 1002 Notandum
1570 960 1699 1002 vero
1758 945 1902 1015 quod
1954 945 2023 1001 de

454 1043 803 1096 iuuuaculata
838 1057 935 1095 seu
973 1055 1111 1111 pura
1180 1039 1342 1093 domo
1372 1039 1644 1093 sententia
1707 1038 1773 1093 ad
1833 1037 2025 1107 praedi-

453 1144 603 1189 ctum
639 1131 915 1186 lavacrum
957 1131 1143 1199 aliquo
1200 1130 1361 1185 modo
1410 1130 1689 1199 pertinens
1775 1127 2022 1186 converti

456 1233 653 1296 potest.
688 1221 854 1278 Valde
879 1236 1111 1290 namque
1136 1221 1365 1278 solerter
1413 1222 1820 1291 artiﬁcioseque
1870 1233 2026 1275 sacer

461 1317 725 1379 melodus,
766 1324 983 1370 servato
1013 1312 1211 1369 lavacri
1239 1321 1418 1382 tropo,
1452 1315 1593 1369 sicut
1618 1314 1672 1367 in
1705 1313 1981 1368 locutione
2009 1329 2025 1367 :

459 1409 702 1463 divinum
747 1404 1176 1477 regenerationis
1203 1403 1508 1470 lavacrum,
1548 1405 1629 1460 sic
1654 1405 1817 1459 etiam
1852 1402 2028 1473 paulo

461 1509 588 1553 ante
617 1514 633 1551 :
668 1497 966 1553 Lavacrum
999 1504 1348 1564 peccatorum
1381 1493 1851 1564 puriﬁcationem;
1876 1494 2028 1563 puri-

464 1591 645 1646 licatio
676 1603 916 1660 namque
935 1586 1322 1644 convenienter
1345 1586 1564 1642 lavacro
1585 1586 1846 1653 inhaeret;
1877 1585 2031 1641 simi-

463 1684 585 1738 liter
618 1691 797 1737 autem
863 1681 1029 1750 ignis,
1087 1694 1196 1750 quo
1246 1689 1371 1750 eget
1422 1678 1705 1744 balneum,
1738 1676 2034 1748 praeposito

462 1792 587 1831 vero
611 1790 772 1831 sensu
815 1773 944 1829 huic
982 1772 1160 1829 amico
1190 1773 1499 1837 sententia,
1529 1772 1635 1827 isto
1666 1786 1682 1824 :
1716 1771 1883 1825 τέκνα
1913 1786 2028 1839 φω-
2062 1750 2103 1806 Β

462 1865 738 1935 τόμορφα,
767 1866 912 1934 quod
943 1873 1052 1927 est,
1081 1863 1182 1938 lilii
1208 1863 1350 1917 nivei
1378 1876 1441 1918 ac
1471 1862 1592 1932 puri
1616 1877 1632 1926 ;
1672 1860 1820 1925 iuxta
1843 1859 1979 1914 illud
2008 1876 2022 1911 :

464 1956 765 2021 Luvamini,
808 1955 930 2024 puri
981 1961 1179 2017 estote,
1227 1952 1584 2022 puriﬁcantes
1633 1949 1845 2005 scilicet
1871 1949 2033 2006 vesti-

463 2059 643 2104 menta
674 2058 874 2113 vestra,
894 2046 1052 2118 quod
1079 2055 1183 2113 est,
1229 2047 1560 2103 exteriorem
1588 2058 1657 2099 ac
1706 2044 2031 2112 circumpo-

462 2144 625 2199 situm
659 2139 1044 2196 vestimentum
1082 2137 1279 2193 animae
1302 2147 1596 2208 purgantes
1623 2146 1678 2191 et
1742 2134 1836 2189 tali
1888 2136 2034 2188 lava-

461 2248 558 2290 cro
582 2232 925 2288 dealbantes.
969 2229 1062 2287 Sic
1086 2229 1253 2299 igitur
1303 2229 1406 2284 hac
1455 2228 1772 2297 metaphora
1816 2226 2033 2295 sapiens

464 2335 626 2393 poeta
663 2332 810 2378 recte
834 2320 1121 2392 producta,
1148 2320 1349 2375 dictam
1378 2319 1787 2375 immaculatam
1809 2318 2029 2372 domum

466 2416 541 2470 illi
578 2413 1048 2480 accommodavit;
1085 2411 1378 2482 siquidem,
1431 2422 1491 2466 ut
1536 2410 1919 2467 vestimentum
1950 2419 2035 2464 est

464 2510 661 2563 animm
686 2520 907 2576 corpus,
936 2504 1011 2559 ita
1042 2518 1262 2574 quoque
1315 2503 1513 2559 domus
1563 2501 1711 2557 illius
1756 2510 1844 2557 est
1890 2501 2031 2557 idem

467 2613 690 2675 corpus.
748 2601 958 2669 Itaque,
1008 2596 1151 2652 sicut
1211 2602 1433 2665 oportet
1485 2596 1591 2651 tale
1646 2594 2033 2651 vestimentum

464 2707 718 2763 purgare,
755 2691 839 2747 sic
891 2688 1059 2745 etiam
1110 2689 1364 2743 eamdem
1410 2686 1751 2758 spiritualem
1809 2688 2031 2742 domum

468 2783 751 2849 mundare,
777 2789 1046 2853 quatenus
1075 2793 1293 2850 semper
1321 2780 1381 2835 in
1427 2794 1491 2835 ea
1527 2790 1749 2833 maneat
1802 2779 2032 2847 inaugu-

468 2875 700 2931 rationis
728 2874 907 2944 gratia
955 2873 1040 2929 vel
1072 2871 1461 2938 dedicationis,
1512 2870 1748 2940 Spiritus
1777 2880 2034 2939 sanctus;

468 2977 531 3023 ut
559 2968 649 3023 illa
677 2967 875 3027 domus
899 2972 954 3021 et
990 2980 1111 3035 qua;
1148 2974 1277 3020 sunt
1324 2964 1375 3019 ei
1416 2964 1626 3020 similes
1672 2965 1866 3020 domus
1896 2978 2039 3035 prte—

2129 950 2248 1001 Ἐτι
2291 948 2466 1002 ίστιον
2491 949 2585 1001 καὶ
2608 948 2683 1010 ὡς
2714 949 2858 1001 κατά
2885 947 2977 1000 τὸν
3009 947 3273 1017 ἄχραντον
3300 947 3334 1017 ἢ
3367 944 3441 1009 ὡς
3468 944 3697 1012 utaentva

2126 1041 2291 1110 δόμον
2337 1040 2515 1093 ἔννοια
2548 1039 2686 1103 δόξοι
2706 1038 2773 1093 ἂν
2799 1039 3000 1108 τρόπον
3028 1039 3150 1092 τινὰ
3179 1038 3269 1092 τοῦ
3301 1036 3697 1107 προειρημένον

2127 1132 2354 1199 λουτροῦ
2375 1131 2594 1200 ἔχεσθαι
2625 1145 2642 1163 ο
2672 1130 2815 1183 πάνυ
2862 1131 2971 1200 γὰρ
3015 1127 3202 1193 δεξιῶς
3242 1124 3486 1198 φυλάξας
3510 1130 3538 1183 6
3565 1128 3699 1197 ἱερὸς

2126 1223 2380 1286 ἐποποιδς
2396 1221 2495 1292 τὴν
2514 1220 2637 1275 κατ’
2656 1224 2832 1275 ἐκεῖνο
2851 1221 3083 1293 τροπὴν,
3102 1223 3195 1275 καὶ
3207 1221 3472 1292 τεχνικῶς
3495 1220 3633 1273 καθᾶ
3649 1222 3698 1274 ὲν

2127 1314 2206 1386 τῷ
2226 1345 2254 1357 -
2276 1315 2502 1385 λουτρὸν
2544 1314 2605 1368 τὸ
2628 1316 2768 1369 θεῖον
2786 1315 2886 1382 τῆς
2906 1315 3329 1382 παλιγγενεσίας
3353 1330 3369 1346 ⁸
3397 1345 3423 1359 ο
3444 1312 3588 1367 οὕτω
3615 1317 3701 1367 καὶ

2130 1409 2243 1479 πρὸ
2271 1408 2454 1477 ὀλίγον
2477 1410 2535 1463 ιν
2552 1408 2630 1479 τῷ
2647 1437 2668 1448 -
2686 1408 2968 1479 λουτήριον
3009 1408 3276 1478 κάθαρσιν
3324 1408 3591 1479 ἀμπλακη
3602 1408 3701 1476 μά-

2126 1516 2237 1555 των
2253 1517 2267 1533 ο
2286 1502 2320 1571 ἡ
2349 1499 2612 1570 κάθαρσίς
2631 1516 2686 1553 τε
2707 1499 2817 1570 γὰρ
2835 1499 2914 1568 τῷ
2932 1498 3203 1570 λουτηρίῳ
3223 1499 3519 1569 εὐπρεπῶς
3536 1515 3701 1567 παρα-

2133 1592 2379 1647 κολουθεῖ
2394 1609 2409 1626 ·
2432 1593 2635 1661 ὁμοίως
2648 1593 2707 1646 δδ
2725 1593 2820 1646 καὶ
2839 1592 2900 1645 τὸ
2918 1591 3029 1661 πῦρ
3048 1591 3109 1644 οῦ
3126 1589 3306 1645 δέεται
3323 1591 3384 1644 τὸ
3406 1590 3701 1661 λουτήριον.

2128 1685 2477 1759 Προθέμσνος
2492 1683 2549 1738 δὲ
2569 1685 2694 1740 νοῦν
2719 1684 2875 1755 φίλον
2891 1683 3118 1755 τοιαύτῃ
3144 1683 3319 1753 ἐννοίᾳ
3340 1685 3436 1737 καὶ
3466 1684 3528 1735 τδ
3547 1682 3701 1736 τέκνα

2135 1780 2493 1850 φωτόμορφα,
2523 1780 2551 1832 ὅ
2578 1780 2697 1832 ἔστι
2715 1778 2885 1831 λευκὰ
2914 1780 3009 1831 καὶ
3030 1776 3268 1845 καθαρὰ,
3294 1779 3434 1831 κατὰ
3462 1777 3523 1829 τὸ
3545 1806 3571 1818 -
3592 1776 3701 1829 λού-

2137 1874 2324 1937 σασθε,
2356 1875 2591 1942 καθαροὶ
2624 1872 2847 1941 γένεσθε
2874 1901 2900 1913 -
2931 1870 3234 1935 πλύναντες
3262 1871 3470 1941 δηλαδὴ
3515 1889 3702 1941 γραφι-

2136 1967 2246 2028 κῶς
2279 1967 2465 2020 καὶτὰ
2501 1966 2693 2035 ἱμάτια
2730 1964 2907 2032 ὑμῶν,
2945 1966 2973 2018 ὃ
3011 1967 3125 2018 ἐστι
3157 1965 3247 2018 τὸν
3280 1963 3386 2029 ἔξω
3436 1963 3703 2037 καθῄραν-

2134 2074 2227 2120 τες
2255 2057 2351 2110 καὶ
2382 2056 2668 2125 πιρίθετον
2700 2051 2815 2108 οἷον
2877 2055 3174 2125 ἱματισμὸν
3234 2054 3334 2125 τῆς
3388 2054 3585 2124 ψυχῆς,
3616 2056 3705 2107 καὶ

2135 2149 2500 2211 λευκάναντις
2554 2147 2632 2217 τῷ
2695 2147 2919 2215 τοιούτῳ
2963 2145 3196 2217 λουτρῷ.
3237 2145 3393 2199 Οῦτω
3432 2144 3560 2214 γοῦν
3612 2144 3705 2215 τὴν

2139 2241 2454 2308 μεταφορὰν
2503 2239 2722 2308 ἐκείνην
2771 2238 3087 2303 ἁπευθύνας
3140 2240 3169 2291 ό
3220 2238 3383 2308 σοφὸς
3439 2238 3703 2306 μελῳδὸςν

2134 2332 2412 2402 ᾠκιίωσεν
2440 2330 2624 2402 ἐκείνῃ
2644 2331 2740 2385 καὶ
2771 2330 2863 2384 τὸν
2897 2330 3187 2401 εἰρημένον
3213 2332 3483 2402 ἄχραντον
3512 2332 3665 2402 δόμον
3684 2346 3703 2365 ο

2136 2422 2294 2491 εἴπερ
2322 2420 2510 2490 ὥσπερ
2545 2419 2840 2490 ἱματισμὸν
2877 2420 3057 2493 ψυχῆς
3104 2421 3163 2473 τὸ
3228 2422 3390 2493 σῶμα
3430 2421 3573 2477 οὕτω
3616 2425 3706 2476 καὶ

2136 2508 2282 2575 olm;
2313 2510 2532 2579 ἐκείνης
2561 2509 2622 2562 τὸ
2652 2509 2784 2562 αὐτὸ
2812 2509 2992 2580 σῶμα.
3036 2510 3126 2563 Διὸ
3158 2511 3299 2564 καθὰ
3335 2512 3557 2565 πλύνειν
3607 2498 3706 2583 χρὴ

2136 2604 2195 2655 τὸ
2219 2600 2460 2656 τοιοῦτον
2495 2600 2731 2671 ἱμάτιον,
2753 2599 2895 2654 οὓτω
2926 2603 3022 2654 καὶ
3049 2603 3140 2654 τὸν
3174 2601 3337 2655 αὐτὸν
3406 2620 3705 2671 πνευματι-

2136 2696 2230 2749 ιιὸν
2259 2689 2410 2748 οἶκον
2440 2693 2674 2762 σαίρειν,
2710 2694 2787 2756 ὼς
2816 2693 2997 2749 διόλου
3032 2695 3215 2764 μένειν
3269 2696 3584 2762 ἑνοικισμοῦ
3617 2697 3705 2767 χὰ-

2138 2802 2225 2853 ριν
2245 2785 2301 2837 ὲν
2323 2783 2491 2854 αὐτῷ,
2521 2784 3114 2854 εἵτουν-ὲγκαινισμοῦ,
3149 2788 3208 2840 τὸ
3239 2787 3396 2854 ἅγιον
3439 2789 3660 2858 Πνεῦμα
3689 2806 3704 2822 ’

2136 2878 2224 2931 ενα
2263 2873 2411 2939 οἶκος
2437 2870 2590 2939 οὗτος
2617 2877 2713 2930 καὶ
2731 2878 2781 2930 οἱ
2815 2879 2936 2931 κατ’
2966 2878 3130 2931 αὐτὸν
3186 2874 3324 2932 οἶκοι
3385 2880 3480 2933 τοῦ
3535 2898 3702 2949 προει-

2142 2969 2377 3037 ρημένου
2428 2967 2687 3020 Σνωνίτου
2740 2967 2905 3037 νόμον
2967 2968 3067 3036 τῆς
3126 2968 3347 3037 χάριυς
3409 2971 3503 3022 το]
3556 2969 3704 3037 ἁγίαν

466 3062 624 3116 dictae
643 3058 777 3115 Sion
805 3056 965 3127 legis,
994 3059 1182 3127 gratia:
1203 3054 1440 3126 Spiritus
1468 3057 1663 3121 sancti,
1689 3057 2033 3111 tlestructivae

2139 3059 2479 3129 Πνεύματος,
2510 3057 2889 3128 καθαιρετικοι
2930 3060 3200 3127 γένωνται
3251 3061 3417 3113 οἴκων
3473 3059 3704 3129 ἀνομιῶν

470 3153 603 3207 ilant
631 3150 918 3206 domorum
976 3147 1310 3218 iniquarum,
1346 3148 1415 3202 de
1451 3148 1655 3218 quibus
1690 3147 1857 3217 igitur
1888 3147 2032 3217 apud

471 3241 668 3307 David,
701 3240 845 3297 sicut
872 3240 962 3295 illa
988 3239 1246 3311 spelunca
1286 3250 1473 3295 sancta
1499 3239 1801 3294 nativitatis
1829 3238 2033 3294 Christi

469 3338 856 3408 speluncarum
912 3334 1188 3390 latronum
1246 3331 1487 3411 scholam
1552 3331 1888 3402 reprobavit,
1918 3347 2038 3401 qua

470 3430 727 3500 probrum
760 3438 813 3483 et
834 3425 1268 3497 objurgationctn
1304 3425 1502 3479 trahent
1531 3423 1586 3477 in
1637 3432 1830 3478 sancto
1862 3422 2037 3477 Evan-

471 3522 632 3595 gelio.

536 3699 668 3755 145.
706 3697 865 3755 Paris
886 3697 1037 3754 sicut
1073 3709 1242 3765 aequat
1273 3694 1486 3751 virtutis
1515 3703 1600 3750 est
1644 3693 1881 3764 Spiritus
1906 3710 2034 3751 cum

468 3776 827 3848 sanctissimo
871 3788 1031 3854 Filio,
1098 3801 1338 3853 necnon,
1380 3796 1439 3839 ut
1494 3786 1696 3841 dictum
1750 3796 1855 3855 est,
1911 3802 2035 3843 cum

468 3889 662 3953 Patre;
689 3886 783 3942 sed
816 3898 922 3938 non
952 3880 1151 3937 similis
1178 3896 1193 3932 :
1227 3881 1328 3937 hoc
1356 3880 1501 3935 enim
1538 3888 1624 3935 est
1667 3879 1912 3936 haeresis.
1942 3880 2035 3936 Sic

468 3992 644 4049 neque
681 3975 877 4032 similis
902 3973 1241 4035 substantia,
1288 3972 1381 4026 sed
1418 3971 1667 4042 ejusdem
1712 3972 2032 4027 substantia:

470 4069 612 4141 (οὐδὲ
640 4066 1001 4139 όμοιοούσιον,
1035 4064 1172 4118 ἀλλὰ
1199 4062 1516 4132 ὀμοούσιον)
1545 4064 1651 4127 vel,
1684 4063 1805 4118 aliis
1829 4063 2034 4128 verbis,

473 4154 981 4212 consubstantialis.
1039 4150 1200 4208 Unde
1251 4166 1469 4221 quoque
1522 4152 2032 4209 ctutsnbstantivum

471 4246 607 4299 h'ilio
638 4245 902 4315 Spiritum
956 4242 1031 4296 ibi
1064 4242 1219 4297 dicit.
1250 4239 1366 4296 Non
1426 4250 1607 4296 autem
1666 4226 2031 4311 respuendum

469 4338 650 4391 dicere
677 4334 953 4398 συσθενὲς,
1001 4334 1081 4388 vel
1114 4332 1497 4399 ταυτοσθενὲς,
1557 4334 1639 4388 vel
1688 4333 2032 4404 ταυτούσιον,

2137 3150 2245 3204 τῶν
2281 3155 2433 3220 παρὰ
2459 3150 2538 3221 τῷ
2568 3150 2758 3214 Δασὶδ,
2795 3151 2941 3204 καθὰ
2969 3153 3061 3205 καὶ
3097 3151 3360 3220 σπήλαιον
3385 3150 3544 3218 ἇγιον
3574 3154 3703 3205 satan

2136 3262 2198 3298 νο
2228 3244 2290 3298 τὸ
2323 3245 2423 3312 τῆς
2458 3247 2763 3315 γεννήσεως
2794 3246 2889 3298 τοῦ
2925 3242 3168 3314 Χριστοῦ
3220 3243 3417 3315 σχολὴν
3471 3245 3701 3313 κατεψη-

2138 3336 2333 3404 φίσατο
2360 3336 2643 3408 σπηλαίων
2661 3336 2992 3408 λῃστρικῶν,
3022 3336 3058 3391 ἃ
3084 3338 3142 3388 ἐν
3161 3336 3239 3406 τῷ
3275 3337 3419 3406 ἁγίῳ
3470 3335 3701 3404 Euant-

2136 3428 2235 3498 λίῳ
2268 3426 2383 3498 ἔχει
2416 3428 2641 3498 μομφὴν
2672 3430 2769 3481 καὶ
2802 3420 3044 3497 ἔλεγχον.

2212 3687 2362 3756 ρμγ’.
2406 3686 2730 3757 Ὀμοσθενδς
2764 3688 2820 3742 δὲ
2853 3687 2928 3751 ὡς
2954 3690 3051 3745 καὶ
3101 3689 3379 3753 ίσοσθενὲς
3409 3690 3492 3759 τῷ
3545 3690 3700 3758 ἁγιω-

2139 3779 2284 3850 τάτῳ
2311 3780 2424 3849 Υίῷ
2461 3780 2523 3834 τδ
2552 3779 2799 3852 Πνεῦμα,
2832 3780 2973 3835 οὕτω
2994 3782 3051 3835 δὲ
3088 3782 3179 3834 καὶ
3211 3780 3290 3852 τῷ
3345 3781 3522 3852 Πατρὶ
3572 3782 3700 3836 καθὰ

2144 3874 2471 3943 προεγράφη
2499 3888 2512 3902 °
2544 3873 2605 3927 οὐ
2644 3873 2751 3943 μὴν
2775 3872 3121 3943 όμοιοσθενὲς
3150 3890 3165 3904 ⁸
3199 3875 3413 3946 αἵρεσις
3458 3878 3564 3946 γὰρ
3594 3876 3700 3929 τοξ-

2133 3957 2198 4019 ῖτό
2226 3983 2286 4036 γε
2317 3981 2334 3999 ο
2365 3966 2509 4021 οὕτω
2536 3966 2592 4020 δὲ
2638 3968 2764 4020 οὐδὲ
2805 3968 3167 4038 ὀμοιοούσιον,
3221 3968 3357 4023 ἀλλὰ
3411 3969 3698 4040 ὁμοοῦσιον,

2138 4061 2314 4114 εἰπεῖν
2342 4059 2399 4114 δὲ
2433 4058 2629 4125 ἄλλως,
2660 4046 2944 4114 συνούσιον
2973 4076 3007 4092 ·’
3049 4062 3172 4114 ὅθεν
3197 4062 3293 4116 xui.
3352 4064 3698 4131 συνουσιωμέ-

2140 4170 2228 4206 νον
2251 4149 2481 4205 ἐνταῦθα
2519 4150 2597 4221 τῷ
2620 4151 2735 4221 Υίῷ
2762 4153 2820 4205 τὸ
2853 4152 3078 4223 Πνεῦμα
3097 4152 3260 4223 φησιν
3294 4169 3309 4186 ο
3339 4153 3443 4207 οὐκ
3479 4154 3697 4222 ἀπόϐλη-

2140 4261 2229 4296 τον
2258 4242 2312 4295 δὲ
2350 4244 2444 4296 καὶ
2511 4241 2769 4304 συσθενὲς
2817 4244 3017 4309 εἰπεῖν,
3070 4242 3162 4296 καὶ
3209 4244 3561 4305 ταυτοσθενὲς
3620 4243 3697 4295 καὶ

2141 4333 2480 4398 ταυτούσιον,
2501 4332 2636 4387 ἀλλὰ
2656 4331 2795 4403 ὀρθὰ
2819 4334 2998 4388 πάντα
3026 4333 3198 4386 ταῦτα
3257 4332 3355 4387 καὶ
3388 4334 3497 4389 ὅσα
3536 4334 3697 4388 τοιαῦ-

468 4433 524 4478 οι
555 4433 696 4478 recta
730 4430 861 4477 sunt
912 4422 1015 4476 ista
1050 4422 1263 4493 aliaque
1311 4421 1533 4476 similia.
1585 4421 1819 4478 Evitlens
1850 4435 2031 4480 autem

2141 4444 2228 4479 τα.
2256 4426 2423 4492 Δῆλον
2452 4425 2508 4478 δὲ
2542 4426 2617 4489 ὡς
2646 4426 2908 4479 ἀδύνατον
2930 4425 2993 4479 τὸ
3031 4428 3465 4495 συνουσιωμένον
3497 4428 3572 4496 τῷ
3613 4426 3698 4479 Λό-

467 4526 553 4575 est
585 4514 921 4586 impossibile
949 4529 1071 4571 esse
1102 4513 1367 4585 Spiritum
1390 4524 1665 4580 sanctum,
1695 4517 1873 4574 Verbo
1909 4535 2040 4575 con-

471 4600 893 4670 sitlistautivtttn,
934 4622 1042 4662 non
1075 4607 1323 4663 eamdem
1351 4622 1472 4661 cum
1509 4607 1599 4662 illo
1636 4609 1857 4664 domum
1888 4612 2040 4668 inha-

469 4704 662 4757 bitare.
698 4701 808 4757 lloc
839 4711 1021 4755 autem
1065 4699 1389 4770 Πνεύματος
1411 4699 1566 4767 φάος,
1604 4701 1676 4756 ob
1728 4703 2041 4760 festivitatis

469 4795 700 4848 habetur
725 4793 933 4848 lumen.
972 4790 1075 4845 Per
1095 4791 1457 4862 periphrasim
1485 4806 1617 4847 vero
1668 4793 1876 4849 dictum
1909 4806 1990 4851 cst
2024 4814 2036 4846 :

469 4902 565 4954 pro
602 4884 811 4955 Spiritu
852 4898 1089 4953 namque
1148 4890 1447 4951 sumptum.
1487 4881 1551 4937 Et
1585 4884 1656 4937 ibi
1693 4887 1905 4954 poetice
1956 4888 2039 4942 lo-

468 4980 654 5046 quitur
689 4986 842 5046 poeta
872 4993 884 5027 ε
926 4977 1099 5043 iigura
1116 4992 1369 5046 namque
1409 4977 1617 5045 poetica
1645 4986 1726 5033 est
1758 4980 2039 5048 periphra-

470 5075 568 5124 sis.
611 5068 738 5123 Sive
791 5076 974 5122 autem
1026 5066 1148 5136 quis
1203 5068 1395 5123 dicat:
1448 5068 1720 5124 inhabitat
1774 5070 2039 5139 Spiritus,

468 5167 621 5231 juxta
658 5159 831 5214 illud:
870 5159 1133 5229 Spiritum
1162 5170 1371 5215 rectum
1401 5162 1597 5216 iunova
1644 5164 1696 5216 in
1730 5164 2041 5220 visceribus

472 5255 637 5319 meis;
680 5254 794 5308 sive
847 5251 1086 5321 Spiritus
1143 5252 1339 5321 gratia,
1388 5253 1503 5310 sive
1557 5254 1790 5322 Spiritus
1833 5257 2037 5318 lumen,

472 5349 583 5401 haec
612 5344 703 5398 uni
759 5344 1043 5401 sententia:
1092 5352 1503 5398 consecrantur.
1542 5343 1599 5397 Si
1634 5359 1762 5398 vero
1798 5344 2037 5413 Spiritus

470 5439 651 5492 lumen
705 5435 864 5490 dictae
924 5436 1110 5490 tlnmui
1167 5436 1351 5491 divine
1410 5445 1726 5505 prteparatte
1760 5438 2039 5499 iusidct,a

473 5530 581 5581 Deo
601 5525 830 5597 proinde
852 5525 1008 5595 juxta
1038 5525 1207 5581 David
1230 5525 1334 5585 ista
1363 5525 1561 5581 domus
1588 5534 1671 5581 est
1703 5535 2037 5592 constructa,

469 5619 521 5669 iu
571 5632 732 5686 quam
801 5631 908 5672 non
969 5616 1172 5672 frustra
1236 5617 1623 5672 laboraverunt
1681 5616 2037 5681 cdiﬁcantes,

464 5709 695 5777 ejusque
724 5707 914 5763 lucida:
941 5718 1108 5775 portae
1144 5704 1251 5761 Deo
1294 5716 1495 5773 paratm
1530 5715 1658 5761 sunt
1704 5705 1770 5759 ad
1805 5704 2031 5762 liberam

2146 4536 2226 4587 γῳ
2249 4517 2405 4584 ἅγιον
2442 4517 2666 4586 Πνεῦμα
2698 4517 2774 4587 μὴ
2808 4517 2900 4570 τὸν
2927 4517 3088 4570 αὐτὸν
3116 4516 3310 4588 ἐκείνῳ
3326 4517 3493 4587 δόμον
3515 4520 3697 4571 οἰκεῖν

2141 4612 2203 4662 τὸ
2228 4610 2283 4663 δὲ
2314 4610 2627 4678 ιινεύματος
2654 4611 2810 4674 φάος,
2841 4610 2932 4663 διὰ
2960 4611 3060 4680 μὲν
3090 4611 3185 4664 τοῦ
3213 4611 3381 4678 φάους
3407 4611 3586 4681 ἔχεται
3608 4611 3697 4676 τῆς

2143 4703 2335 4770 ἑορτῆς
2361 4717 2374 4731 ·
2402 4701 2848 4772 περιπέφρασται
2878 4701 2956 4755 δέ.
3002 4703 3146 4757 ’Δντὶ
3173 4704 3282 4772 γὰρ
3331 4704 3427 4756 τοῦ
3472 4703 3695 4772 Πνεῦμα-

2143 4809 2234 4853 της
2267 4791 2521 4860 εἴληπται
2556 4806 2571 4821 ⁸
2604 4792 2696 4844 καὶ
2722 4790 3126 4862 ποιητικεύεται
3174 4791 3456 4846 κάνταῦθα
3484 4793 3512 4845 ό
3545 4792 3696 4860 μελῳ·

2140 4883 2250 4946 δός·
2275 4883 2461 4953 σχῆμα
2479 4885 2585 4955 γάρ
2608 4901 2660 4936 τι
2682 4884 2964 4953 ποιητικὸν
2980 4882 3119 4951 καὶὴ
3141 4882 3495 4954 περίφρασις.
3523 4882 3635 4936 Εἴτε
3650 4881 3697 4933 δὲ

2146 4974 2582 5042 ἐγκατοικίζεται
2604 4974 2827 5045 Πνεῦμα
2854 4974 2999 5030 εἴποι
3028 4991 3115 5038 τις
3133 4973 3274 5029 κατὰ
3290 4975 3375 5043 τὸ,
3395 4976 3607 5046 Πνεῦμα
3620 4976 3697 5027 εύ-

2143 5065 2235 5128 θὲς
2267 5066 2578 5133 ὲγκαίνισον
2595 5067 2653 5120 ἐν
2675 5068 2785 5129 τοῖς
2817 5064 3067 5132 ὲγκάτοις
3093 5060 3197 5134 μου
3223 5080 3239 5096 ’
3260 5065 3372 5118 εἴτε
3409 5067 3699 5135 Πνεῦματος

2142 5157 2323 5227 χάρις,
2349 5154 2458 5211 εἴτε
2482 5156 2800 5226 Πνεύματος
2831 5158 2985 5226 φάος,
3019 5157 3119 5228 μιᾷ
3139 5157 3318 5226 ἐννοίᾳ
3350 5156 3523 5211 ταῦτα
3548 5156 3698 5210 καθα-

2144 5249 2447 5317 γιάζονται.
2473 5248 2534 5302 Εἰ
2553 5250 2606 5301 δὲ
2640 5250 2952 5318 Πνεῦματος
2974 5250 3108 5321 φάος
3127 5248 3205 5319 τῷ
3228 5250 3449 5319 ῥηθέντι
3467 5251 3699 5303 θεοσκενο

2143 5343 2291 5413 ἀστῳ
2313 5342 2461 5411 δόμῳ
2482 5324 2939 5407 ὲγκατοικίζεται,
2964 5341 3256 5411 Θεόδμητός
3286 5359 3344 5394 τε
3370 5341 3479 5412 ἄρα
3496 5343 3525 5395 ὁ
3548 5340 3699 5393 τοιοῦ-

2143 5452 2232 5497 τος
2254 5434 2402 5495 οἶκος
2433 5434 2573 5485 κατὰ
2595 5432 2683 5486 τὸν
2701 5432 2891 5499 Δαῦὶδ,
2906 5435 2987 5496 εἰς
3014 5432 3073 5485 δν
3093 5434 3153 5486 οὐ
3182 5436 3362 5504 μάτην
3384 5431 3701 5502 οἰκοδομοῦν-

2143 5528 2234 5588 τὲς
2262 5541 2406 5586 τινες
2437 5522 2763 5587 ἐκοπιάσαν,
2799 5525 2895 5578 καὶ
2918 5526 2977 5578 αἱ
3026 5526 3144 5578 κατ’
3172 5526 3336 5577 αὐτὸν
3393 5521 3702 5593 φωταγωγοὶ

2145 5616 2329 5685 θύραι,
2363 5614 2483 5684 θεῷ
2502 5615 2774 5685 ἤσκηνται
2805 5619 2884 5680 είς
2912 5615 3192 5672 ἀκώλυτον
3226 5621 3400 5686 φωτὸς
3446 5615 3696 5683 εἰσδοχήν,

2148 5710 2283 5775 ὅπερ
2313 5706 2520 5767 ἐκεῖνος
2581 5706 2921 5761 ἀκτινοϐολεί
2948 5724 2961 5736 ⁸
2997 5711 3089 5763 καὶ
3140 5710 3308 5771 φάους
3350 5699 3700 5763 πνευαατικοῦ
