3966 6248
513 308 638 404 ’659

2269 216 2344 235 ν.

1243 339 1662 399 ΕυδΤΑΤΗΙΙ
1701 337 2090 399 THESSALO

2199 339 2450 402 IENSIS
2472 343 2521 402 Μ
2535 343 2626 402 ET
2636 343 3027 404 ROPOLlT/E
3632 344 3708 404 660

520 448 796 518 superﬂue
826 465 974 505 nunc
997 461 1398 518 exponeretur:
1427 466 1490 503 ex
1522 451 1688 504 verbo
1719 448 1872 514 ίλάω,
1904 450 2094 512 ἱλάσω.

2201 452 2432 506 ἐνταῦθα
2454 453 2548 506 νῦν
2579 453 2870 523 ἐκτεθῆναι
2903 467 2915 482 ⁸
2952 453 3018 506 ἑκ
3050 451 3143 506 τοῦ
3203 453 3360 519 ίλάω,
3394 453 3575 515 ίλάσω.
3629 475 3712 509 κοι-

521 540 872 595 communiut
907 539 1134 595 verbum
1177 537 1384 592 ἱλάσκω
1439 538 1605 592 venit.
1661 537 1853 604 Quoad
1905 549 2090 593 autem

521 647 706 686 vocem
750 631 1019 700 σωτηρία,
1057 629 1199 684 scito
1229 629 1374 698 quod
1404 641 1507 682 vox
1568 629 1777 699 σωτήρ,
1811 627 1972 697 cujus
2011 638 2095 683 est

520 722 784 779 derivatio
816 721 1087 792 σωτηρία,
1115 737 1182 776 ex
1211 721 1491 777 extraneis
1522 719 1588 774 ad
1625 734 1712 776 res
1752 710 2093 775 nostras‘di-

526 817 680 871 vinas
711 824 797 870 est
835 814 1092 880 deducta,
1122 815 1267 870 sicut
1304 823 1358 868 et
1384 811 1661 883 βασιλεύς.
1714 812 1912 868 Atticis
1944 811 2090 867 enim

418 965 428 978 ε
518 907 782 977 populare
813 907 1056 979 regimen
1092 906 1536 978 praeferentibus,
1565 921 1663 962 nec
1705 913 1892 960 tamen
1943 901 2090 959 haud

516 997 897 1068 ignorantibus
923 998 1124 1065 regiam
1153 1002 1479 1066 potestatem
1506 995 1632 1050 aliis
1663 994 1944 1049 meliorem
1970 1008 2093 1049 esse

516 1089 912 1157 potestatibus,
971 1086 1183 1157 Jupiter
1240 1085 1730 1158 cognominabatur
1784 1083 2089 1154 Ιβασιλεύς,

517 1181 672 1250 quasi
703 1180 900 1250 dignus
929 1195 1037 1234 non
1091 1190 1237 1236 esset
1269 1180 1433 1234 homo
1476 1179 1572 1248 qui
1631 1193 1727 1232 rex
1771 1186 1918 1233 esset
1951 1177 2093 1232 inter

517 1286 700 1340 ipsos;
747 1280 802 1326 et
845 1271 1026 1340 ipsum
1082 1269 1442 1326 nominabant
1489 1268 1737 1338 σωτῆρα,
1784 1267 1872 1322 cui
1925 1267 2090 1322 etiam

518 1363 770 1434 κρατῆρα
804 1377 1104 1433 cognomen
1155 1361 1209 1416 in
1239 1360 1507 1418 conviviis
1541 1359 1919 1430 imponebant.
1957 1357 2091 1413 Ver-

518 1455 646 1509 bum
680 1463 862 1510 autem
896 1453 1142 1523 έλαμψεν
1173 1463 1232 1508 υι
1263 1452 1330 1507 de
1352 1453 1468 1508 sole
1491 1451 1904 1522 pronuntiavit;
1935 1452 2088 1518 juxta

519 1560 680 1613 quem
714 1543 1104 1614 augustissima
1135 1542 1363 1613 Deipara
1392 1543 1592 1599 malum
1622 1555 1728 1610 est,
1758 1558 1826 1598 ex
1873 1557 1982 1614 quo
2006 1542 2092 1611 ju-

519 1635 681 1692 stitite
709 1634 800 1690 Sol
829 1633 1026 1688 illuxit.
1059 1634 1196 1690 Aliis
1225 1645 1406 1688 autem
1435 1635 1638 1702 verbis,
1685 1651 1749 1689 ex
1779 1651 1906 1706 qua,
1945 1633 2092 1689 velut

2198 542 2418 614 νότερον
2446 544 2603 614 ῥῆμα
2633 545 2694 596 τὸ
2725 545 2930 599 ἱλάσκω
2954 545 3180 614 γίνεται.
3222 545 3312 600 Ἐν
3339 547 3395 599 δὲ
3424 547 3501 614 τῷ
3529 553 3716 614 σωτηρία

2199 635 2374 688 ίστέον
2403 635 2484 689 ὅτι
2508 636 2604 690 καὶ
2633 639 2660 690 6
2691 637 2902 707 Σωτὴρ,
2938 636 2998 689 οὗ
3027 639 3360 706 παρώνυμον
3411 640 3444 706 ὴ
3509 643 3715 709 σωτηρία,

2193 728 2260 780 ὲκ
2291 726 2403 782 τῶν
2432 727 2538 792 ἔξω
2571 729 2929 799 παρείλκυται
2956 731 3036 792 είς
3065 730 3135 783 τὰ
3161 730 3286 783 καθ’
3325 732 3472 800 ἡμᾶς
3503 731 3718 798 θειότατα,

2193 819 2339 874 καθά
2370 820 2466 873 καὶ
2497 821 2524 872 6
2559 819 2836 890 βασιλεύς.
2870 821 3140 885 Ἀττικοῖς
3177 821 3284 889 γὰρ
3313 822 3720 891 δημοκρατεῖσθαι

2197 912 2296 980 μὲν
2316 913 2746 984 προῃρημένοις,
2777 914 2878 966 οὐκ
2928 913 3227 983 ἠγνοηκόσι
3261 914 3320 967 δὲ
3366 915 3596 984 κρείττω
3621 911 3722 970 εἶναι

2192 1004 2301 1054 τῶν
2323 1002 2496 1056 ἄλλων
2532 1005 2718 1076 ἀρχῶν
2744 1004 2843 1076 τὴν
2875 1005 3184 1074 βασιλικὴν,
3217 1007 3245 1058 6
3269 1007 3408 1070 Ζεὺς
3452 1007 3726 1060 ἐπεκαλεῖτο

2194 1095 2470 1165 βασιλεὺς,
2493 1097 2570 1160 ὡς
2599 1097 2676 1168 μὴ
2696 1097 2846 1162 ἄξιον
2867 1097 2928 1152 ὃν
2954 1097 3243 1168 ἄνθρωπον
3279 1099 3338 1152 ὲν
3377 1099 3562 1164 αὐτοῖς
3615 1100 3728 1168 βασι·

2191 1189 2292 1243 λέα
2352 1186 2493 1244 εἶναι
2523 1206 2538 1222 ’
2604 1190 2698 1244 καὶ
2745 1191 2968 1260 σωτῆρα
3021 1190 3186 1244 αὑτὸν
3231 1190 3482 1259 ἐνόμιζον
3517 1208 3532 1222 ·
3661 1197 3729 1245 καὶ

2192 1282 2446 1352 κρατῆρα
2486 1281 2652 1336 ἴστων
2710 1285 2771 1334 ἐν
2829 1281 3156 1351 συμποσίοις
3207 1282 3497 1348 ἐπώνυμον
3536 1299 3552 1314 ο
3589 1285 3647 1337 Τὸ
3690 1286 3730 1338 δὲ

2191 1374 2434 1444 ἔλαμψεν
2452 1373 2528 1438 ὡς
2549 1375 2638 1426 ἐπὶ
2669 1374 2820 1446 ⁴ιιλίου
2857 1370 2978 1427 εἷπε
3007 1390 3023 1407 ·
3051 1373 3173 1428 καθ’
3199 1373 3260 1428 ὃν
3293 1373 3522 1444 οὐρανὸς
3555 1376 3588 1444 ὴ
3607 1375 3731 1447 ὑπέρ-

2192 1485 2358 1533 αγνος
2398 1467 2681 1532 Θεοτόκος,
2712 1467 2770 1533 ἐξ
2799 1462 2862 1520 οὗ
2897 1469 2926 1520 6
2975 1470 3074 1536 τῆς
3131 1467 3479 1538 δικαιοσύνης
3537 1467 3732 1538 ἔλαμψεν

2197 1561 2414 1625 Ἥλιος.
2443 1560 2652 1626 Φράσαι
2683 1559 2738 1615 δὲ
2763 1562 2851 1613 καὶ
2882 1561 3078 1624 ἄλλως,
3112 1561 3172 1625 ἐξ
3201 1556 3268 1630 ἧς
3294 1556 3380 1615 οἷα
3403 1562 3631 1631 νεφέλης
3655 1581 3733 1626 cto-

2191 1654 2377 1722 τεινῆς
2410 1655 2504 1708 καὶ
2537 1657 2759 1723 τοιαύτη
2793 1655 3060 1724 σωτήριος
3090 1653 3298 1723 λάμψις
3347 1654 3564 1723 γέγονε.
3602 1655 3680 1708 καὶ
3716 1658 3737 1707 ὁ

519 1730 700 1785 lucida
729 1729 906 1786 nubes
947 1737 1001 1783 et
1033 1729 1147 1783 hate
1177 1727 1454 1794 salutaris,
1491 1727 1826 1783 illuminatio
1860 1729 2010 1784 venit
2037 1736 2092 1782 et

2199 1745 2460 1808 σωστικὸς
2482 1747 2512 1815 ἡ
2523 1745 2638 1814 μῶν
2669 1746 2823 1809 ὑετὸς
2852 1745 3062 1818 epam
3099 1746 3190 1798 ἐπὶ
3216 1746 3320 1814 γῆς
3345 1765 3356 1776 ·
3387 1745 3590 1798 Διδκαὶ
3619 1746 3737 1813 apti-

518 1821 830 1878 salviiicans
864 1835 964 1877 nos
1006 1821 1182 1876 imber
1204 1836 1372 1892 super
1425 1829 1630 1876 terram
1690 1821 1912 1887 irrupit.
1969 1821 2092 1876 Ideo

2199 1853 2345 1905 κρινε
2374 1835 2476 1907 τὴν
2506 1837 2762 1904 τοιαύτην
2792 1837 2936 1903 λέξιν
2967 1836 3060 1890 τοῦ
3087 1837 3314 1904 ἔφανας,
3363 1837 3396 1907 ἢ
3429 1837 3686 1908 πέφηνας,
3712 1853 3737 1921 ἡ

517 1915 756 1982 pra-tulit
790 1913 1102 1986 bujusmodi
1135 1912 1439 1968 dictionem
1484 1912 1609 1969 istis
1657 1929 1672 1967 :
1723 1912 1951 1982 ἔφανας,
2000 1921 2093 1966 aut

519 2006 786 2072 πέφανας,
843 2014 940 2060 aut
976 2001 1252 2075 ἧσταψας,
1299 2013 1423 2074 quin
1463 2012 1592 2060 sunt
1627 2003 1763 2075 ipsae
1792 2001 2092 2072 Splendida

519 2096 803 2153 dictiones.

591 2187 716 2243 H7.
773 2185 874 2242 Hic
927 2187 1155 2258 insuper
1203 2187 1595 2243 advertendum
1646 2187 1847 2242 nubem
1929 2186 2090 2240 modo

529 2289 888 2334 memoratam
923 2293 1032 2335 non
1074 2279 1400 2349 simpliciter
1425 2291 1646 2349 etymon
1694 2277 1892 2333 habere
1935 2277 2091 2346 juxta

521 2370 907 2442 qualecunque
940 2371 1222 2435 nebulum,
1291 2371 1457 2425 veluti
1495 2371 1704 2439 nigram
1745 2383 1809 2424 ac
1839 2367 2092 2423 tenebro-

519 2478 659 2527 sam,
694 2461 814 2537 sed,
840 2471 900 2518 ut
933 2463 1006 2517 ita
1037 2462 1240 2530 dicam,
1266 2461 1420 2530 juxta
1445 2461 1699 2517 nebulum
1736 2461 1938 2524 solare,
1971 2471 2092 2515 tan-

520 2570 688 2625 quam
755 2553 1180 2610 obumbrantem
1228 2555 1374 2609 intra
1440 2554 1677 2622 seipsam
1730 2551 1976 2607 veritatis
2031 2565 2094 2607 ac

519 2647 740 2713 iustitiae
771 2645 964 2702 solem.
1003 2645 1118 2701 Vox
1153 2655 1336 2702 autem
1370 2647 1400 2698 6
1438 2646 1719 2716 Δεσπότης
1763 2644 2094 2701 admirative

519 2736 664 2792 dicta
695 2745 802 2804 est,
832 2736 1104 2809 siquidem
1137 2737 1226 2792 hic
1255 2736 1566 2793 dominator
1593 2739 1665 2793 ita
1690 2737 1872 2792 illuxit
1891 2738 2090 2801 servis,

518 2831 658 2885 nihil
682 2830 878 2886 durum
925 2830 1244 2886 ostendens.
1278 2829 1453 2886 Dictio
1502 2847 1516 2882 :
1551 2845 1617 2885 ex
1661 2827 1912 2898 Virgine,
1946 2829 2094 2898 cogi-

519 2934 639 2978 tare
666 2922 909 2993 suggerit
938 2922 1162 2977 verbum
1193 2923 1467 2992 ἐλαμψας,
1523 2938 1631 2978 non
1691 2938 1853 2980 secus
1901 2939 1964 2978 ac
2008 2922 2094 2977 ln-

518 3023 781 3070 carnatus
811 3029 873 3070 es
909 3029 938 3068 e
967 3013 1190 3084 Virgine
1220 3015 1464 3083 puritate
1511 3013 1868 3083 splendente;
1905 3013 2094 3084 sicque

519 3107 731 3163 lumine
755 3106 950 3162 salutis
980 3121 1081 3162 nos
1108 3106 1163 3163 in
1193 3118 1544 3177 peccatorum
1570 3107 1808 3163 tenebris
1847 3105 2092 3175 jacentes

521 3195 961 3254 circumiulsisti.
984 3195 1085 3251 Per
1117 3198 1526 3267 expressionem
1559 3213 1686 3253 vero
1708 3199 1819 3252 τῶν
1852 3198 2094 3268 στέρνων
2123 3181 2168 3240 C

520 3287 615 3341 τοῦ
646 3289 876 3359 κήτους,
907 3289 1079 3359 ipsius
1116 3300 1386 3356 ventrem,
1445 3299 1503 3344 ut
1547 3299 1798 3344 materno
1829 3304 1981 3344 more
2030 3288 2094 3342 li-

519 3380 703 3448 cebat,
737 3381 1030 3454 signiﬁcat.
1084 3380 1318 3438 Prorsus
1377 3393 1556 3437 autem
1594 3380 1909 3449 hujusmodi
1974 3396 2097 3449 pec-

521 3473 736 3531 toribus
780 3487 843 3528 ac
875 3482 1086 3539 ventre,
1144 3488 1266 3542 quae
1297 3478 1427 3530 sunt
1458 3473 1657 3528 inferni
1691 3471 1918 3543 ﬁgurate
1951 3473 2096 3543 cogi-

521 3566 686 3622 tanda
736 3572 902 3632 sunt;
961 3564 1106 3620 unde
1163 3565 1290 3635 fuga
1346 3565 1563 3622 liberati
1634 3565 2095 3622 resurrectionem

522 3655 893 3723 obtinuimus;
949 3666 1002 3711 et
1061 3657 1245 3727 aliquo
1297 3657 1461 3712 modo
1513 3658 1643 3714 dicit
1689 3675 1703 3712 :
1751 3658 2024 3724 Quoniam
2066 3674 2096 3713 e

522 3758 714 3802 ventre
770 3746 1020 3816 virginali
1054 3746 1198 3804 sicut
1249 3747 1328 3802 sol
1381 3746 1633 3812 illuxisti,
1667 3748 1982 3802 dominator
2035 3762 2099 3802 ae

523 3839 773 3894 Salvator
796 3837 1027 3902 Christe.
1057 3838 1127 3894 de
1144 3846 1333 3894 ventre
1367 3836 1567 3893 inferni
1593 3835 1878 3892 mortifero
1907 3837 2096 3892 eruisti

522 3947 651 3996 nos,
680 3932 1101 4002 jaxtaveterem
1149 3940 1335 4004 typum
1368 3930 1649 3998 propheta:
1695 3927 1867 3984 Jonze.
1905 3927 2100 3983 Scien-

523 4024 651 4077 dum
717 4031 898 4078 autem
949 4023 1095 4092 quod
1146 4035 1244 4091 pro
1295 4021 1534 4091 στέρνων
1589 4019 1775 4076 dicere
1828 4021 2100 4090 potuisset

531 4115 879 4185 σπλάγχνων,
906 4113 1008 4168 nisi
1043 4115 1152 4182 jam
1187 4113 1254 4167 ab
1289 4112 1396 4166 alio
1428 4113 1643 4168 melodo
1673 4120 1978 4182 prmventus
2011 4127 2100 4167 cs-

523 4219 627 4262 sct.
656 4208 791 4264 Vide
828 4225 958 4264 vero
1003 4208 1297 4263 dictionem
1338 4227 1351 4263 :
1386 4208 1595 4277 φθορᾶς
1643 4208 1983 4278 διαρπάσας,
2034 4209 2100 4264 dc

527 4304 811 4357 Salvatore
858 4300 1077 4356 Christo
1116 4315 1347 4370 prorsus
1409 4299 1604 4355 festive.
1662 4300 2100 4372 liducialiterque

524 4393 824 4451 adhibitam
858 4407 870 4442 :
902 4392 997 4462 qui
1032 4392 1176 4444 enim
1224 4391 1569 4461 praevalentis
1598 4392 1729 4446 olim
1771 4403 1962 4449 contra
2000 4411 2098 4450 nos

2195 1927 2502 1998 ἧστραψας,
2528 1929 2582 1983 αἳ
2609 1929 2829 1996 φαειναὶ
2861 1930 2954 1982 καὶ
2980 1928 3144 1984 αὗταί
3197 1930 3305 1982 είσι
3360 1929 3558 1997 λέξεις.

2268 2193 2415 2263 ρμζθ.
2449 2192 2921 2263 Παρασημαντέον
2957 2193 3002 2246 δ’
3050 2193 3282 2247 ἐνταῦθα
3337 2194 3436 2263 τὴν
3493 2194 3742 2263 προσεχῶς

2198 2284 2677 2354 μνημονευοεῖσαν
2693 2284 2928 2352 νεφέλην
2977 2284 3076 2354 οὐχ
3113 2285 3298 2345 ἁπλῶς
3329 2285 3744 2354 έτυμολογεῖσθαι

2195 2377 2343 2431 κατά
2370 2393 2420 2429 τι
2450 2377 2611 2444 νέφος
2630 2377 2691 2428 τὸ
2738 2377 3065 2448 προστυχὸν,
3094 2372 3182 2430 οἶα
3213 2379 3482 2447 δνοφεράν
3536 2396 3656 2432 τινα
3676 2379 3744 2430 καὶ

2197 2470 2552 2534 σκοτόεσσαν,
2585 2468 2701 2523 ἀλλ’
2727 2469 2802 2532 ὡς
2823 2469 2996 2534 οὕτως
3027 2471 3202 2523 εἰπεῖν
3231 2473 3575 2540 φερωνύμως
3615 2472 3745 2537 νέφος

2195 2562 2395 2633 ¹ίιλιόεν,
2423 2559 2512 2616 οἷα
2539 2563 2776 2616 σκιάσαν
2809 2561 2956 2616 ἔνδον
3005 2562 3170 2616 αὑτοῦ
3219 2563 3311 2618 τὸν
3362 2563 3464 2634 τῆς
3520 2561 3746 2630 ἀληθείας

2196 2657 2290 2710 καὶ
2307 2654 2657 2724 δικαιοσύνης
2679 2654 2833 2725 ἥλιον
2863 2669 2880 2687 ο
2906 2655 2968 2708 τδ
3020 2655 3079 2710 δὲ
3112 2655 3140 2708 ὁ
3171 2657 3443 2726 δεσπότης
3481 2655 3748 2724 θαυμαστι·

2196 2749 2308 2812 κῶς
2347 2747 2590 2820 εἴρηται,
2623 2747 2674 2801 εί
2701 2749 2730 2800 6
2760 2747 3030 2816 δεσπότης
3070 2747 3217 2801 οὕτω
3247 2748 3456 2818 λάμπει
3507 2750 3618 2807 τοῖς
3656 2747 3751 2802 δού-

2194 2839 2306 2902 λοις
2371 2837 2537 2908 μηδέν
2564 2855 2616 2891 τι
2677 2838 3044 2908 παραδεικνὺς
3075 2835 3438 2908 ἀγριώτατον.
3466 2836 3561 2898 ,Τὸ
3606 2839 3658 2892 δὲ
3707 2840 3752 2890 ὲκ

2195 2932 2294 2998 τῆς
2317 2929 2598 2998 Παρθένου
2634 2932 2777 2982 νοεῖν
2807 2929 3101 2982 ὑποϐάλλει
3153 2929 3217 2982 τὸ
3271 2929 3546 2999 έλαμψας,
3591 2931 3753 3000 ὅμοιον

2194 3024 2273 3094 τῷ
2330 3022 2657 3096 έσαρκώθης
2712 3022 2772 3086 ἐξ
2835 3021 3200 3091 ἀειπαρθένου
3251 3021 3646 3091 φωσφορούσης
3702 3023 3754 3088 τῇ

2200 3116 2396 3187 ἁγνεία
2425 3132 2439 3147 ·
2469 3105 2564 3170 καλ
2592 3114 2735 3168 οὕτω
2765 3113 2906 3182 φωτὶ
2940 3113 3210 3183 σωτηρίας
3243 3115 3390 3182 ἡμᾶς
3423 3114 3549 3170 τοὺς
3575 3115 3626 3165 ὲν
3647 3112 3753 3164 σκό-

2199 3229 2281 3264 τει
2309 3207 2598 3279 ἁμαρτιῶν
2621 3205 3003 3276 περιηύγασας
3033 3223 3048 3237 ο
3082 3205 3169 3260 διά
3195 3206 3304 3258 τῶν
3333 3206 3568 3276 στέρνων
3597 3206 3648 3256 δὲ
3671 3203 3754 3259 rei

2200 3305 2398 3370 κήτους
2425 3302 2525 3363 τὴν
2553 3299 2766 3353 ἐκείνου
2796 3299 3008 3352 κοιλίαν
3050 3299 3127 3361 ὡς
3191 3299 3476 3367 μητρικῶς
3521 3297 3756 3368 ἐνεχώρει

2197 3394 2369 3464 δηλοῖ.
2435 3391 2660 3454 Πάντως
2690 3389 2747 3444 δὲ
2775 3391 3017 3460 στέρνοις
3045 3391 3151 3444 καλ⁵
3210 3391 3389 3461 κοιλίᾳ
3446 3389 3658 3460 τοιαύτῃ
3699 3392 3755 3443 τὰ

2199 3486 2338 3539 κατὰ
2367 3485 2458 3538 τὸν
2485 3485 2619 3556 ᾅδην
2651 3483 2938 3537 εἰκαστέον
2977 3501 2989 3514 ·
3023 3483 3149 3537 ὅθεν
3179 3485 3450 3551 φυγόντες
3507 3483 3752 3552 ἐτύχομεν

2197 3581 2548 3642 ἀναστάσεως
2579 3595 2593 3610 ·
2623 3577 2717 3632 καί
2753 3595 2874 3640 πως
2910 3577 3062 3646 λέγει
3089 3578 3169 3632 ὅτι
3215 3577 3280 3630 ὲκ
3309 3577 3638 3645 παρθενικῆς
3661 3593 3758 3628 κοι-

2197 3675 2318 3738 λίας
2352 3673 2571 3743 λάμψας
2601 3665 2646 3726 ὦ
2673 3673 2922 3726 Δέσποτα
2943 3671 3132 3741 Σῶτερ
3160 3671 3366 3740 Χριστὲ
3391 3669 3682 3740 ἡλιοειδῶς,
3704 3670 3758 3720 ὲκ

2201 3765 2412 3828 κοιλίας
2437 3765 2567 3836 ᾆδον
2593 3765 2907 3834 θανατηρᾶς
2930 3763 3236 3829 ἐξέσπασας
3267 3765 3442 3830 ἡμᾶς,
3487 3763 3625 3817 κατὰ
3680 3761 3758 3813 τὸν

2200 3860 2367 3913 πάλαι
2399 3860 2528 3912 ποτὲ
2563 3857 2734 3912 τύπον
2767 3858 2860 3912 τοῦ
2923 3857 3210 3927 προφήτου
3244 3857 3422 3912 Ἰωνᾶ.
3470 3855 3661 3909 ’ἰστέον
3709 3851 3757 3904 δὲ

2198 3953 2280 4006 ὅτι
2311 3951 2370 4004 τὸ
2394 3952 2632 4020 στέρνων
2659 3947 2773 4020 εἶχε
2806 3949 3136 4016 σπλάγχνων
3167 3949 3363 4008 εἰπεῖν,
3395 3949 3445 3999 εί
3475 3948 3548 4018 μὴ
3573 3961 3773 4016 πρωίαν

2199 4044 2442 4114 τελήφθη
2477 4044 2651 4112 ἑτέρῳ
2683 4041 2931 4112 μελῳδῶ.
2967 4041 3110 4112 Ὅρα
3143 4039 3284 4093 δὲτὸ
3312 4041 3522 4110 φθορᾶς
3548 4036 3759 4106 διαρπά-

2201 4154 2302 4200 σας
2347 4137 2492 4191 πάνυ
2537 4133 2772 4198 ἀστείως
2820 4134 3012 4203 λεχθὲν
3072 4134 3168 4185 καὶ
3219 4133 3641 4202 τεθαρρημένως
3681 4129 3758 4180 ἐπὶ

2203 4231 2452 4300 Σωτῆρος
2479 4229 2741 4293 Χριστοῦ.
2783 4229 2844 4281 ὐ
2876 4227 2985 4297 γάρ
3025 4226 3092 4280 τὰ
3116 4224 3287 4276 σκῦλα
3316 4224 3410 4276 τοῦ
3457 4224 3579 4277 καθ’
3618 4221 3758 4292 ἡμῶν

2201 4344 2332 4380 ποτε
2362 4324 2591 4380 δυνατοῦ
2629 4323 2906 4395 ἁρπάσας,
2944 4323 3045 4374 οὐκ
3079 4319 3318 4390 ἐμέλησε
3351 4319 3449 4372 καὶ
3477 4318 3564 4372 τὸν
3606 4317 3760 4382 Ἀδάμ

2201 4419 2298 4487 τῆς
2329 4418 2536 4487 φθορᾶς
2570 4415 2898 4485 ἀφαρπάσαι
2936 4430 2950 4445 ·
2987 4411 3174 4483 ἆρπαξ
3204 4409 3429 4480 ἄριστος
3481 4409 3759 4478 εὐδοκήσας

522 4487 694 4558 spolia
723 4485 972 4555 diripuit,
1012 4498 1120 4539 non
1162 4483 1514 4552 praztcrmisit
1555 4483 1686 4554 quin
1725 4485 1888 4539 etiam
1925 4485 2094 4538 Adam

2204 4483 2473 4576 κληθῆναι
2499 4507 2592 4561 καὶ
2621 4483 2786 4568 αὑτός
2811 4523 2826 4537 ο
2860 4505 2918 4568 ὃς
2952 4505 3048 4558 καὶ
3074 4505 3224 4574 ἡμᾶς
3273 4502 3515 4566 ἐδίδαξεν
3546 4501 3675 4556 ἄλλα
3712 4515 3762 4548 τε

521 4596 544 4640 :
565 4578 946 4649 'corruptione
977 4577 1289 4646 subriperet
1339 4596 1352 4632 :

521 4673 706 4729 vacari
739 4679 1052 4734 contentus,
1085 4670 1177 4733 qui
1227 4684 1329 4724 nos
1377 4668 1590 4735 docuit,
1628 4680 1826 4738 pra'ter
1855 4669 1961 4723 alia
2010 4685 2099 4725 sa-

523 4766 741 4831 iutaria,
775 4779 966 4834 rapere
1014 4770 1250 4830 tempus,
1283 4759 1452 4830 quod,
1481 4760 1621 4814 sicut
1646 4762 1845 4830 aliquis
1872 4762 2096 4831 sapiens

523 4857 682 4923 dixit,
701 4853 1136 4926 pretiosissimus
1163 4864 1249 4907 est
1282 4864 1558 4922 sumptus.
1581 4851 1780 4908 Netum
1809 4865 1892 4909 est
1915 4868 2094 4909 autem

523 4952 719 5021 lingua:
770 4948 962 5018 peritis
1002 4946 1152 5015 quod
1185 4947 1248 4998 τὸ
1295 4947 1565 5015 ἁρπάζειν
1604 4949 1849 5013 leonum,
1883 4951 2097 5017 leopar-

525 5044 742 5106 dorum,
803 5041 1151 5108 aliorumque
1209 5038 1469 5094 similium
1527 5043 1812 5111 preprium
1859 5042 2095 5109 positum

525 5142 627 5189 est.
667 5133 782 5187 Hoc
816 5142 999 5187 autem
1035 5147 1052 5184 :
1086 5131 1286 5184 Totum
1337 5131 1532 5196 Adam,
1575 5131 1764 5187 referri
1803 5143 1981 5202 potest
2031 5133 2097 5188 ad

526 5230 574 5281 td
599 5245 615 5282 :
640 5229 888 5294 lapsum;
914 5236 975 5280 ut
1002 5224 1332 5294 intelligatur
1359 5225 1545 5296 lapsus
1567 5227 1737 5282 Adam
1769 5236 1939 5290 totus,
1971 5228 2096 5281 ani-

524 5339 608 5375 ma
641 5319 861 5388 quidem
903 5317 973 5373 ob
1020 5324 1330 5387 peccatum,
1393 5331 1625 5386 corpore
1681 5333 1808 5371 vero
1873 5330 2096 5388 propter

522 5411 1032 5480 condemnationem
1089 5411 1154 5464 ad
1204 5419 1474 5474 mortem;
1507 5409 1666 5478 cujus
1701 5409 1953 5464 liberatio
1983 5428 2090 5464 non

523 5517 638 5562 erat
678 5506 782 5562 nisi
835 5521 931 5576 per
965 5502 1264 5559 Salvatoris
1300 5502 1471 5558 nostri
1509 5500 1635 5556 Jcsu
1672 5502 1876 5558 Christi
1909 5519 2094 5558 resur-

522 5600 840 5652 rectionem.
1793 5583 1820 5601 “’

596 5689 1062 5744 148..Νυιυιιι1ιιιιι
1129 5698 1313 5741 autem
1355 5687 1495 5754 quod
1553 5686 1935 5741 sanctissimus
1991 5686 2095 5740 Da-

526 5794 817 5837 mascenus
853 5782 1056 5852 lapsam
1085 5787 1332 5834 nostram
1379 5788 1628 5833 naturam
1669 5778 2092 5850 rcdiutegratam

1403 4577 1645 4670 ρΡιῘίιιυε
1677 4588 1860 4646 raptor
1891 4587 1946 4670 βῑ
1980 4578 2098 4647 ipse
2129 4577 2171 4586 —
2205 4599 2474 4669 ἁρπάζειν
2510 4599 2754 4670 σωτήρια
2787 4598 2880 4651 καὶ
2907 4597 3069 4650 αὐτὸν
3095 4596 3186 4648 τὸν
3224 4593 3436 4663 καιρὸν,
3496 4593 3586 4645 τὸν
3637 4588 3767 4642 καθά

2203 4708 2289 4753 τις
2315 4690 2420 4759 ἔφη
2459 4687 2644 4758 σοφὸς,
2675 4687 3139 4741 πολυτελέστατον
3175 4685 3497 4752 δαπάνημα.
3535 4680 3767 4736 Γνωστὸν

2201 4781 2258 4834 δὲ
2285 4784 2397 4844 τοῖς
2422 4783 2552 4850 περὶ
2586 4780 2781 4850 λόγους
2817 4780 2901 4832 ὅτι
2949 4777 3009 4830 τὸ
3068 4775 3342 4845 ἁρπάζειν
3394 4775 3643 4836 λεόντων,
3683 4771 3766 4824 καὶ

2203 4874 2542 4944 παρδάλεων,
2567 4875 2662 4927 καὶ
2687 4872 2863 4928 ἄλλων
2886 4873 2996 4924 τῶν
3026 4871 3144 4924 κατ’
3179 4869 3318 4922 αὐτὰ
3350 4869 3485 4920 ίδιον
3506 4867 3734 4920 τέθειται
3751 4878 3764 4891 ο

2201 4969 2262 5021 τὸ
2288 4969 2346 5021 δὲ
2368 4967 2488 5021 ὅλον
2515 4968 2610 5020 τὸν
2650 4965 2824 5034 Ἀδάμ
2871 4963 3099 5015 δύναται
3124 4959 3545 5026 διαϐιὸασθῆναι
3575 4956 3666 5011 καὶ
3695 4955 3767 5012 εἰς

2200 5062 2281 5124 τὸ,
2310 5058 2638 5114 πεπτωκότα
2663 5073 2678 5088 ⁸
2717 5056 2808 5110 ἵνα
2837 5056 3026 5124 νοῆται
3051 5051 3339 5113 πεπτωκὸς
3366 5052 3394 5103 6
3427 5050 3591 5118 ’Λδὰμ
3633 5047 3759 5106 ὅλος,

2199 5154 2346 5224 ψυχῇ
2377 5153 2477 5223 μὲν
2507 5151 2596 5205 διὰ
2641 5151 2703 5204 τὸ
2751 5147 3154 5219 ἡμαρτηκέναι,
3208 5143 3424 5212 σώματι
3475 5141 3530 5195 δὲ
3575 5140 3662 5193 διὰ
3709 5139 3762 5187 τὶ

2202 5245 2600 5315 κατακριθῆναι
2631 5243 2866 5296 θάνατον
2892 5257 2906 5271 ο
2940 5237 3000 5292 οὗ
3029 5239 3303 5305 λύτρωσις
3354 5236 3455 5288 οὐκ
3484 5230 3549 5304 ἦν
3593 5234 3641 5285 εί
3695 5227 3762 5297 μὴ

2199 5337 2288 5390 διά
2317 5337 2415 5406 τῆς
2446 5334 2544 5388 τοῦ
2575 5333 2828 5404 Σωτῆρος
2853 5331 3012 5402 ἡμῶν
3050 5324 3226 5398 Ἰησοῦ
3282 5323 3522 5394 Χριστοῦ
3581 5320 3762 5384 ἐξανα-

2203 5446 2468 5491 στασεως.

2277 5696 2422 5760 mnf.
2455 5690 2770 5757 Σημείωσαι
2803 5688 2857 5741 δὲ
2888 5690 2967 5742 ὅτι
2999 5690 3025 5741 6
3085 5688 3184 5756 μὲν
3236 5686 3535 5754 ἀγιώτατος
3595 5687 3768 5747 Δαμα-

2205 5782 2398 5851 σκηνὸς
2429 5783 2522 5850 τὴν
2547 5788 2903 5836 πεπτωκυῖαν
2939 5780 3095 5849 ἡμῶν
3127 5779 3292 5848 φύσιν
3349 5768 3768 5842 ἀνοικοδομηθῆ·
