3966 6248
264 301 363 367 661

1083 286 1169 375 1N
1198 315 1530 380 HYMNUM
1575 316 2226 380 PENTECOSTAIEM
2275 320 2735 384 DAMASCENI-

3412 325 3520 387 σοι

265 438 356 473 ναι
384 413 545 472 εἶπεν
571 419 907 485 ἀναστάντος
945 421 1063 490 τοῦ,
1087 423 1162 488 ὡς
1187 426 1215 478 6
1261 426 1450 491 Ἰωνᾶς
1475 427 1850 498 προδιετύπω-

1975 426 2126 482 'uissc
2170 427 2329 492 dixit,
2388 440 2728 499 resurgente,
2768 428 2886 501 qui,
2945 429 3091 485 sicut
3138 427 3309 485 Jonas
3346 427 3521 498 prmﬁ'

269 531 349 578 σε,
380 513 648 576 παθόντος
675 515 772 567 καὶ
805 518 949 585 ταφῇ
975 516 1223 583 δοθέντος
1251 522 1350 574 καὶ
1370 524 1429 575 ἐν
1454 526 1522 592 τῇ
1549 521 1728 592 κοιλίᾳ
1752 521 1847 589 τῆς

265 607 370 677 τῆς
399 608 694 677 γενομένου
723 609 961 676 Χριστοῦ
993 627 1007 641 ⁸
1037 613 1069 682 ἡ
1106 612 1164 666 δὲ
1197 613 1446 685 παροῦσα
1474 615 1586 687 ᾠδὴ
1611 613 1850 682 σωθῆναί

267 719 437 771 φησιν
464 701 866 771 ἁφαρπαγέντα
914 704 1120 774 φθορᾶς
1148 706 1240 759 τὸν
1278 708 1452 777 Ἀδὰμ
1498 709 1846 773 πεπτωκότα,

268 794 513 863 Χριστοῦ
542 795 860 866 λάμψαντος
903 797 968 851 ἐκ
995 801 1097 869 τῆς
1132 799 1518 870 Ἀειπαρθινου
1545 817 1559 831 ·
1599 780 1851 865 δεξιώτα-

268 903 340 941 τα
358 886 460 956 τῆς
493 886 759 959 μελῳδίας
784 889 1132 958 ἀνατιθείσης
1162 889 1223 944 τὸ
1249 890 1383 944 αὐτὸ
1411 890 1578 945 καλὸν
1610 891 1725 943 ικεί
1751 889 1852 959 μὲν

268 982 336 1050 τῇ
358 981 626 1053 θεοσὼμῳ
653 985 799 1052 ταφῇ
844 983 941 1037 τοῦ
971 982 1210 1054 Χριστοῦ
1261 986 1329 1055 τῇ
1385 985 1849 1055 ἑπισφραγιστικῇ

269 1070 373 1139 τῆς
402 1071 564 1140 ήμῶν
611 1075 886 1144 σωτηρίας
917 1086 934 1102 ο
986 1074 1223 1130 ἐνταῦθα
1286 1075 1344 1129 δὲ
1393 1077 1460 1146 τῇ
1508 1077 1851 1147 καταρκτικῇ

272 1161 367 1217 τοῦ
392 1165 641 1234 σωθῆναι
665 1165 729 1219 τὺ
749 1165 1039 1232 ἁδαμιαίον
1073 1166 1306 1238 φύραμα
1337 1170 1592 1239 γεννήσει
1616 1169 1848 1222 ἐκείνου·

271 1256 332 1307 ἐν
353 1251 436 1319 οἷς
463 1258 663 1311 ταυτόν
691 1259 839 1310 ἐστιν
864 1257 930 1311 ὲκ
958 1258 1084 1328 χοὸς
1129 1259 1308 1312 είπεϊν
1351 1259 1851 1330 ἁνοικοδομηθῆναι

271 1348 374 1418 τὴν
405 1349 529 1400 κατ’
554 1348 842 1420 ἄνθρωπον
868 1348 1077 1413 ούσίαν,
1105 1351 1131 1403 ὃ
1186 1352 1306 1404 ἐστι
1343 1350 1521 1419 ,φύσιν
1570 1349 1711 1404 κατὰ
1764 1348 1853 1402 τδν

275 1437 665 1509 Δαμασκηνὸν,
688 1442 785 1494 καὶ
815 1442 881 1494 lx
939 1439 1149 1511 φθορᾶς
1201 1442 1516 1512 ἀρπαγῆναι
1575 1440 1666 1494 τὸν
1732 1441 1855 1496 ὅλον

287 1526 497 1598 Ἀδὰμσ
537 1529 959 1601 συμσιὸάζοντος
985 1531 1081 1586 τοῦ
1113 1532 1306 1604 είρμοῦ
1339 1533 1434 1587 καὶ
1480 1532 1542 1586 τὸ
1571 1534 1713 1588 κατὰ
1764 1532 1855 1587 τὸν

290 1621 502 1685 Ἰωνᾶν,
526 1623 606 1683 είς
640 1639 764 1677 τινα
796 1623 990 1692 ὁμοίαν
1028 1626 1223 1697 ἐκείνῳ
1251 1625 1485 1689 ἔννοιαν,
1524 1625 1601 1688 ὡς
1633 1624 1855 1680 δύναται

1951 520 2190 587 guravit,
2229 535 2427 590 passus
2465 532 2548 578 est
2577 534 2630 577 et
2661 523 2868 578 tumulo
2901 525 3142 580 creditus
3169 531 3224 578 et
3249 522 3302 577 in
3330 529 3518 577 ventre

1950 621 2111 667 terrae
2170 615 2402 683 positus,
2443 613 2705 670 Christo:
2761 632 3000 688 prmscns
3050 628 3232 672 autem
3293 629 3513 670 carmcn

1952 702 2163 771 lapsum
2217 704 2413 770 Adam,
2461 721 2493 760 e
2530 707 2879 775 corruptione
2939 715 3179 775 raptum,
3228 705 3304 760 ait
3349 704 3520 760 fuisse

1952 796 2248 862 salvatum,
2296 812 2420 853 cum
2471 797 2724 856 Christus
2754 814 2785 854 e
2831 814 3046 867 semper
3079 797 3302 868 Virgine
3354 797 3515 863 lu\ll,

1952 889 2182 946 melodia
2219 890 2357 947 idem
2392 890 2594 947 bonum
2623 892 2907 948 commode
2947 892 3220 947 tribuente
3258 890 3366 946 illic
3398 891 3521 970 qui-

1952 980 2074 1037 dem
2110 983 2421 1039 venerando
2471 983 2676 1039 Christi
2766 983 3018 1055 sepulcro
3072 982 3268 1040 salutis
3323 992 3523 1038 nostra:

1952 1074 2163 1145 sigillo;
2190 1075 2281 1130 hic
2327 1085 2506 1132 autem
2542 1075 2822 1146 incipienti
2864 1090 3099 1130 massam
3151 1074 3509 1129 Adamiticam

1953 1168 2184 1231 salvare,
2235 1165 2504 1222 nativitati
2555 1167 2676 1237 ejus
2722 1165 2827 1220 :in
2880 1165 3080 1236 quibus
3113 1166 3255 1221 idem
3308 1174 3391 1221 est
3449 1180 3515 1218 ex

1955 1260 2126 1315 humo
2152 1269 2514 1315 rcstauratam
2539 1259 2708 1315 fuisse
2735 1259 3096 1316 substantiam
3131 1259 3391 1323 hominis.
3419 1261 3522 1313 hoc

1954 1362 2059 1414 est,
2117 1359 2392 1417 naturam,
2435 1350 2591 1421 juxta
2632 1354 3053 1414 Damascenum,
3110 1358 3164 1405 et
3213 1365 3279 1405 ex
3334 1367 3527 1406 corru-

1956 1445 2138 1513 ptione
2191 1444 2361 1499 fuisse
2402 1452 2617 1513 raptum
2666 1452 2842 1497 totum
2875 1443 3043 1497 Adam
3088 1443 3242 1510 juxta
3304 1458 3527 1505 nexum,
3638 1460 3647 1463 "

1954 1535 2049 1604 qui
2081 1534 2228 1603 quod
2272 1534 2339 1589 ad
2361 1531 2556 1588 Ionam
2614 1534 2846 1599 attinet,
2905 1533 3149 1590 concinit
3198 1532 3414 1588 cuidam
3454 1534 3528 1587 illi

1955 1624 2122 1682 simili
2172 1625 2478 1691 sententiae,
2535 1633 2596 1680 ut
2646 1628 2937 1696 concipere
2976 1635 3159 1696 potest
3214 1626 3268 1680 in
3328 1625 3534 1679 divinis

277 1714 639 1772 διασκευάσαι
672 1721 701 1773 ὁ
731 1719 800 1773 τὰ
827 1718 948 1774 θεῖα
976 1721 1163 1787 σοφός.
1194 1720 1356 1772 Δοκεῖ
1391 1719 1448 1772 δὲ
1489 1720 1524 1790 ﬂ
1582 1719 1685 1789 μὲν
1739 1721 1858 1773 ἐκεῖ

1975 1722 2203 1791 sapiens.
2240 1720 2469 1777 Videtur
2519 1731 2701 1778 autem
2762 1721 2875 1776 illic
2917 1730 3041 1792 post
3084 1735 3270 1776 casum
3320 1728 3533 1775 restau-

283 1808 424 1878 μετὰ
460 1810 672 1864 πτῶσιν
696 1812 1183 1883 ἀνοικοδομηθεῐσα
1251 1814 1372 1867 θεία
1428 1814 1607 1880 ούσία,
1657 1813 1859 1880 πτῶμα

1975 1822 2084 1869 rata
2112 1814 2295 1869 divina
2326 1814 2661 1883 substantia,
2700 1823 3016 1870 terrestrem
3049 1827 3240 1869 casum
3275 1813 3328 1867 in
3356 1812 3534 1883 ipsum

278 1903 464 1973 χοῖκὺν
493 1903 693 1976 δηλοῦν
720 1906 782 1959 τὺ
810 1906 888 1969 είς
922 1906 1087 1961 αὑτὸν
1119 1908 1213 1961 τὸν
1240 1906 1374 1979 ᾅδην
1400 1921 1413 1937 ο
1446 1907 1475 1960 ὁ
1519 1905 1576 1959 δὲ
1605 1907 1682 1970 ὡς
1708 1904 1830 1976 allen
1848 1932 1862 1943 -

279 2008 370 2047 ται
403 1994 712 2057 πεπτωκὼς
754 1994 950 2065 Ἀδὰμ,
985 1996 1267 2066 ἔμπτωσιν
1318 1997 1396 2059 ὡς
1465 1994 1547 2060 είς
1586 1994 1719 2068 ᾅδην
1765 1995 1865 2057 τὴν

281 2083 495 2139 κοιλίαν
514 2083 610 2138 τοῦ
639 2086 842 2159 κήτους
875 2102 891 2119 ·
928 2089 1009 2144 είς
1047 2088 1103 2142 δὲ
1132 2089 1193 2142 τὸ
1228 2088 1486 2159 παγγενῆ
1539 2086 1865 2161 χρησιμεύει

280 2176 427 2231 κατά
447 2194 510 2231 τε
536 2179 759 2252 γραφὴν
793 2180 885 2233 καὶ
912 2181 1036 2234 κατ’
1066 2180 1276 2236 ἔννοιαν
1297 2184 1332 2253 ἡ
1365 2181 1680 2254 ψαλλομένη
1720 2196 1863 2249 παγ-

282 2270 446 2340 γενὴς
483 2271 699 2344 κατάρα
722 2274 823 2343 τῆς
852 2274 1223 2346 προμήτορος.

500 2363 831 2434 Τροπὰριον
855 2366 1090 2435 πρῶτον
1117 2365 1226 2437 τῆς
1259 2367 1437 2435 ἕκτης
1465 2365 1651 2436 ᾠδῆς.

284 2453 405 2512 ιν.
438 2455 689 2529 Ίμερτδν
716 2459 850 2528 ἡμῖν
877 2459 1034 2523 esse;
1066 2461 1124 2513 ἐν
1155 2462 1268 2525 τοῖς
1295 2461 1553 2530 ὲγκᾶτοις

425 2548 670 2612 Δίωνίως
699 2549 880 2617 ἕξουσι
909 2550 1130 2621 πνεῦμα
1154 2553 1440 2622 καινίσοῑς,

431 2640 944 2714 Πατροπροσλήτως
993 2643 1226 2697 πάντοτε
1287 2643 1653 2714 ξυνημμένον,
1682 2686 1709 2699 κ.

430 2736 608 2806 Ὕλης
637 2735 909 2806 ἀπεχθοῦς
934 2736 1257 2798 καυστικδςιι
1273 2735 1656 2806 μολυσμάτων,

443 2831 650 2886 Ῥύπου
680 2848 739 2885 τε
775 2831 975 2894 παντὸς
1000 2831 1262 2902 ῥυπτικὸν
1289 2831 1692 2901 παντοκράτορ.

360 2921 511 2994 ρμθθ.
550 2921 825 2994 Καθαρῶς
851 2922 910 2975 τὸ
947 2922 1121 2992 παρίιν
1154 2922 1453 2993 τροπάριον
1479 2925 1578 2993 τὴν
1628 2923 1726 2992 τῆς
1780 2924 1870 2976 ιν-

289 3015 439 3081 νοίας
460 3015 719 3087 ἀφορμὴν
740 3015 807 3068 ὲκ
835 3013 929 3083 τοῦ
952 3016 1232 3085 πανσόφου
1261 3015 1373 3085 εχει
1392 3013 1584 3081 Δαδὶδ,
1633 3014 1694 3068 οὗ
1749 3014 1867 3067 θεο-

1966 1904 2240 1962 infernum
2270 1905 2513 1962 indicare
2538 1905 2748 1977 lapsum
2775 1920 2789 1960 :
2820 1905 3005 1975 lapsus
3021 1912 3227 1971 autem,
3252 1913 3313 1958 ut
3327 1904 3534 1960 dictum

1968 2006 2073 2063 est,
2104 1997 2303 2061 Adam.
2338 1999 2576 2068 lapsum,
2608 2010 2866 2068 tanquam
2890 1997 2946 2052 in
2982 1996 3291 2058 infernum,
3338 1996 3392 2050 in
3432 1995 3534 2050 ceti

1967 2103 2238 2148 ventrem.
2295 2090 2435 2167 Hpic
2483 2100 2667 2146 autem
2714 2109 2726 2146 :
2777 2089 3054 2158 παγγενῆ,
3097 2087 3305 2144 servire
3360 2096 3534 2158 potest

1967 2186 2146 2256 quoad
2175 2183 2438 2255 scriptum
2458 2183 2709 2252 etquoad
2732 2196 2981 2245 sensum,
3011 2179 3238 2251 psalmis
3268 2178 3535 2233 celebrata

1972 2276 2257 2351 παγγενὴς
2290 2277 2427 2331 aviae
2459 2274 2796 2331 maledictio.

2292 2368 2606 2436 Traparium
2637 2371 2867 2439 primum
2895 2368 3008 2423 adre
3036 2375 3217 2422 sextis.

2148 2462 2518 2519 Desideratum
2550 2462 2707 2518 nobis
2731 2473 2935 2518 rectum
2968 2461 3025 2515 in
3056 2458 3414 2515 interioribus

2074 2556 2300 2614 Eterue
2319 2556 2591 2613 habituris
2624 2554 2885 2620 Spiritum
2915 2556 3160 2615 innoves,

2076 2650 2118 2702 A
2149 2647 2309 2702 Patre
2336 2647 2720 2719 procedentem
2755 2646 2996 2716 undique
3024 2646 3363 2715 copulatum,

2077 2736 2311 2793 Materiae
2346 2737 2583 2794 inimicat
2604 2737 2984 2793 combustilem
3019 2735 3472 2804 inquinationem,

2080 2827 2380 2901 Sardisque
2402 2831 2582 2886 omnis
2610 2829 2975 2901 purgativum,
3006 2842 3040 2883 ο
3070 2828 3436 2896 omnipOtens.

2043 2924 2168 2979 M9.
2189 2922 2390 2979 Puram
2432 2922 2597 2993 hujus
2648 2922 2938 2979 sentcntiae
2975 2920 3542 2992 originempreesens

1973 3015 2197 3084 strophe
2248 3023 2457 3070 tenete
2489 3011 2899 3085 sapientissimo
2935 3013 3124 3080 David,
3179 3028 3364 3082 quem,
3412 3022 3535 3064 eum

288 3106 669 3177 κλυτήσαντος
700 3104 929 3176 καρδίαν
960 3105 1108 3174 αύτῷ
1140 3105 1388 3176 καθαρὰν
1428 3106 1739 3175 κτισθῆναι,
1771 3107 1867 3161 καὶ

1975 3105 2260 3176 petivisset
2335 3121 2364 3160 a
2406 3107 2513 3161 Deo
2562 3104 2669 3162 sibi
2720 3121 2814 3160 cor
2843 3105 3104 3165 mundum
3145 3102 3342 3169 creari,
3377 3101 3539 3171 spiri-

289 3195 518 3268 πνεῦμα
551 3196 709 3261 εύθὶς
738 3197 1151 3270 ἐγκαινισθῆναι
1187 3198 1303 3260 τοῖς
1363 3196 1616 3265 ἔγκὰτοις
1678 3197 1868 3261 αὐτοῦ,

290 3289 438 3344 καθὰ
488 3289 586 3343 καὶ
648 3288 1105 3360 προεγράψαμεν,
1165 3287 1535 3360 παμφράσας
1573 3291 1601 3343 6
1633 3289 1871 3360 μελῳδὸς

291 3376 662 3447 ύπερεύχεται
690 3377 772 3440 είς
798 3376 999 3441 κοινὸν,
1028 3375 1177 3431 οὕτω
1200 3377 1340 3448 πρὸς
1376 3377 1702 3443 ἀκολουθίαν
1753 3379 1872 3449 ἐορ-

290 3467 563 3540 ταστικὴν
599 3469 956 3540 παραμιγνὺς
988 3469 1086 3523 καὶ
1114 3468 1400 3537 θεολογίαν
1424 3485 1440 3501 ·
1469 3464 1541 3523 Ὦ
1564 3473 1875 3543 παντοκρά-

290 3574 392 3628 τορ
422 3557 885 3627 Δόγε,καινίσοις
912 3557 1027 3612 εἴθε
1066 3560 1181 3622 τοῖς
1238 3558 1494 3629 ἐγκάτοις
1544 3559 1699 3630 ήμῶν
1764 3561 1874 3612 τῶν

291 3649 625 3721 χριστιανῶν
652 3648 872 3720 πνεῦμα
897 3648 1120 3721 ἱμερτὸν
1167 3651 1263 3703 καὶ
1290 3649 1467 3717 εύθὲς,
1522 3652 1550 3705 δ
1604 3651 1700 3707 καὶ
1739 3653 1874 3706 αίω-

292 3742 425 3807 νίως
449 3742 670 3813 ἓξοιμεν
695 3759 710 3774 ·
746 3742 835 3796 ἴνα
860 3742 936 3806 ὡς
962 3744 1024 3797 τδ
1062 3742 1219 3812 ἅγιον
1248 3741 1473 3815 Πνεῦμα
1501 3744 1769 3813 συνῆπται
1790 3761 1874 3799 σοι

292 3839 408 3902 ἀεὶ,
445 3836 621 3899 οὕτως
653 3837 689 3907 ἡ
722 3837 884 3908 χάρις
913 3854 1007 3892 σου
1038 3839 1173 3909 μένῃ
1200 3839 1492 3902 διαπαντὸς
1517 3883 1531 3893 ,
1551 3837 1670 3907 μεθ’
1719 3837 1876 3909 ἡμῶν

295 3920 404 3985 ἕως
436 3923 750 3987 συντελείας
784 3925 1004 3990 αίῶνος,
1065 3926 1128 3978 οὐ
1196 3927 1647 3996 μεταμελομένου
1703 3927 1753 3979 εί
1800 3927 1874 3998 μὴ

299 4013 618 4083 φθάσαντες
648 4017 811 4086 ἡμεῖς
844 4017 1174 4088 πταίσομεν,
1214 4019 1339 4072 οὐδὲ
1368 4018 1600 4082 διδόντος
1630 4035 1874 4089 πνευμαι

293 4107 470 4172 τικῶς
500 4110 835 4180 πρόσκαιρα.
868 4103 1001 4164 Εἶτα
1053 4111 1366 4181 φιλοσοφῶν
1408 4110 1758 4180 θεολογικῶς,
1790 4111 1879 4165 λέ-

295 4214 385 4267 γει
418 4198 654 4252 πάντοτε
691 4200 753 4253 τὸ
804 4200 962 4269 ἅγιον
1024 4200 1249 4270 Πνεῦμα
1301 4200 1569 4271 ξυνῆφοαι
1617 4201 1696 4271 τῷ
1765 4202 1878 4273 Υίῷ

296 4289 398 4343 καὶ
418 4288 581 4360 Λόγῳ
622 4288 716 4344 τοῦ
759 4291 897 4344 Θεοῦ
935 4291 1469 4363 πατροπροὸλήτως,
1498 4294 1556 4347 ὲν
1590 4293 1754 4358 τῷ-ὲκ
1781 4295 1876 4349 τοῦ

302 4382 523 4452 Πατρδς
546 4382 748 4455 δηλαδὴ
804 4383 1215 4456 προϐεϐλῆσθαι
1283 4386 1380 4439 καὶ
1437 4386 1874 4459 ἐκπορεύεσθαιο

269 4472 375 4537 .ιῖ›ς
400 4473 547 4544 λόγῳ
572 4460 925 4544 συνωνυμίας
963 4476 1237 4546 μυστικῆς
1289 4476 1618 4548 ἀμφοτέρων
1669 4479 1878 4532 τούτων

298 4565 707 4637 ταυτιζομένων
744 4567 855 4622 τῶν
881 4569 1098 4636 λέξεων.

375 4664 474 4728 ρνν.
507 4659 779 4729 Πρόδηλον
827 4660 883 4715 δὲ
934 4662 1017 4716 ὅτι
1084 4664 1362 4733 συνῆπται
1401 4667 1489 4720 ἀεὶ
1530 4667 1591 4719 τδ
1655 4665 1881 4738 Πνεῦμα

301 4748 399 4804 καὶ
418 4750 499 4822 τῷ
526 4750 665 4823 Υίῷ,
723 4753 819 4806 καὶ
842 4753 917 4817 ὡς
949 4754 1182 4809 πάντοτε
1202 4756 1231 4808 6
1267 4756 1458 4827 Πατὴρ
1497 4758 1555 4811 ἐν
1589 4758 1761 4828 αὐτῷ,
1791 4757 1883 4812 οῦ-

299 4859 384 4895 τω
417 4844 515 4896 καὶ
546 4845 607 4897 τὸ
634 4842 793 4912 ἅγιον
822 4844 1054 4916 Πνεῦμα
1080 4863 1094 4877 ·
1129 4845 1247 4902 εἶτα
1278 4848 1373 4903 καὶ
1401 4848 1501 4918 τὴν
1558 4851 1694 4919 ήμῖν
1731 4851 1884 4923 ἐνέρ-

301 4951 461 5007 γεριν
497 4937 594 4990 τοῦ
631 4936 794 5006 ἁγίου
826 4937 1142 5009 Πνεύματος
1175 4940 1237 4993 ἐν
1294 4939 1552 5011 ὀλιγίστῳ
1605 4942 1882 5012 διασαφῶν

303 5024 335 5077 6
363 5024 631 5095 μελῳδὸς,
668 5028 765 5081 καὶ
787 5028 1159 5100 παραδεικνὺς
1203 5028 1317 5101 πῦρ
1350 5030 1754 5084 καταναλίσκον
1807 5026 1885 5085 εἴ·

302 5133 395 5172 ναι
426 5117 581 5183 αὐτὸ,
614 5120 912 5174 καυστικίιν
955 5117 1098 5176 εἷναί
1147 5139 1282 5193 φησι
1328 5122 1694 5194 μολυσμάτων
1751 5122 1887 5194 ὕλης

306 5209 607 5283 ἀπεχθοῦς,
640 5212 737 5266 καὶ
776 5212 1042 5284 ῥυπτικὸν
1092 5215 1120 5268 δ
1152 5215 1271 5267 ἐστι
1318 5214 1652 5286 καθαρτικὸν
1709 5212 1883 5286 ῥύπου

307 5304 530 5370 παντὸς,
567 5304 665 5360 τοῦ
695 5306 838 5360 κατὰ
867 5305 993 5361 νοῦν
1017 5306 1242 5379 δηλαδὴ,
1302 5307 1332 5361 ὃ
1374 5307 1630 5381 δηλοῦται
1675 5309 1733 5365 iv
1781 5310 1884 5380 τῷο

307 5395 632 5468 Καοάρισον
682 5397 835 5467 ἡμᾶς
891 5396 1001 5452 ἀπὸ
1054 5398 1237 5470 πάσης
1283 5400 1538 5468 κηλῖδος⁸
1573 5401 1641 5472 ἢν
1692 5401 1887 5473 κηλῖδα

308 5488 402 5539 καὶ
431 5486 490 5539 ὃν
531 5485 704 5559 ῥύπον
727 5489 775 5540 οἱ
807 5488 1239 5560 ἁπλουσάμενοι,
1301 5492 1535 5563 καθαροὶ
1561 5494 1629 5564 τῇ
1684 5493 1887 5565 καρδίᾳ

310 5576 403 5632 καὶ
425 5576 570 5633 οὕτω
602 5578 829 5633 θεόπται
853 5581 1114 5649 γίνονται,
1144 5583 1238 5636 καὶ
1269 5583 1387 5654 φῶς
1423 5583 1543 5654 Θεῷ
1600 5584 1754 5652 φίλον
1811 5585 1887 5649 ὡς

310 5669 530 5739 ἱμάτιον
553 5670 973 5728 ἀναϐάλλονται.
1013 5674 1211 5730 ’ἰστέον
1245 5675 1301 5729 δὲ
1339 5675 1425 5730 δτι
1463 5693 1520 5728 τε
1557 5676 1615 5731 ἐν
1638 5677 1884 5740 παλαιοῖς

311 5760 669 5833 ἀντιγράφοις
728 5761 960 5835 εὕρηται
1029 5764 1201 5833 ῥύπου
1261 5765 1476 5834 φρενῶν
1508 5784 1567 5822 τε
1620 5768 1886 5833 ῥυπτικὸν

1978 3207 2201 3264 tumque
2244 3205 2451 3251 rectum
2483 3195 2537 3251 in
2564 3197 2865 3252 visceribus
2896 3195 3011 3251 suis
3052 3194 3325 3258 innovari,
3349 3207 3541 3264 quem-

1974 3286 2263 3340 admodum
2314 3295 2471 3341 antea
2514 3274 2861 3355 scripsimus,
2917 3291 3318 3340 commentatus
3367 3292 3545 3352 poeta.

1974 3378 2040 3433 ad
2075 3378 2377 3434 l‘estivalem
2428 3378 2896 3435 continuationem
2950 3377 3263 3433 admiscens
3321 3389 3545 3445 quoque

1978 3469 2328 3540 theologiam,
2361 3470 2442 3524 sic
2464 3470 2829 3526 communiter
2865 3469 3234 3538 deprecatur:
3274 3465 3320 3521 0
3370 3466 3547 3520 omni.

1976 3570 2170 3630 potens
2202 3559 2467 3628 Verbum,
2500 3561 2706 3616 utinam
2736 3561 2962 3617 innoves
2992 3559 3049 3614 in
3081 3559 3388 3614 visceribus
3422 3572 3548 3610 nos-

1978 3663 2118 3709 trum
2185 3651 2628 3737 Christianorum
2681 3654 2931 3724 spiritum
2988 3650 3409 3708 desiderabilem
3472 3663 3534 3702 ac

1975 3757 2204 3816 rectum,
2238 3762 2400 3818 quem
2428 3748 2482 3803 in
2515 3750 2904 3818 sempiternum
2939 3745 3272 3800 habeamus!
3299 3754 3377 3809 ut,
3398 3741 3540 3795 sicut

1980 3839 2221 3910 Spiritus
2244 3830 2466 3897 sanctus
2494 3853 2674 3895 tecum
2725 3847 2809 3894 est
2846 3852 3062 3907 semper
3098 3836 3307 3900 unitus,
3339 3836 3420 3888 sic
3454 3843 3547 3887 tua

1978 3932 2150 4004 gratia
2187 3945 2405 4001 semper
2450 3930 2739 3987 nobiscum
2789 3939 3007 3987 maneat
3063 3928 3131 3983 ad
3179 3927 3363 3983 szeculi
3417 3940 3550 3979 cou-

1980 4024 2427 4090 summationem,
2459 4031 2513 4078 te
2543 4037 2652 4078 non
2685 4022 2931 4078 variante
2957 4020 3061 4075 nisi
3096 4020 3249 4091 prius
3289 4032 3390 4073 nos
3421 4032 3546 4087 pec-

1979 4131 2191 4181 cemus,
2221 4129 2320 4171 nec
2342 4115 2664 4183 spiritaliter
2710 4120 3094 4169 momentanea
3131 4112 3314 4167 dante.
3346 4108 3551 4162 Deinde

1981 4209 2283 4283 theologice
2313 4208 2728 4280 philosophatus,
2749 4207 2825 4262 ait
2848 4204 3114 4278 Spiritum
3136 4213 3385 4260 sanctum
3413 4217 3552 4257 sem-

1983 4319 2078 4374 per
2106 4302 2364 4374 conjungi
2406 4318 2529 4357 cum
2582 4300 2720 4357 Filio
2753 4299 3041 4370 Vcrboque
3092 4298 3183 4353 Dei
3233 4312 3547 4364 πατροπρο-

1985 4394 2217 4458 amem,
2240 4393 2294 4447 in
2325 4408 2392 4448 eo
2415 4394 2558 4462 quod
2590 4406 2723 4447 sane
2747 4408 2810 4445 ex
2841 4390 2998 4446 Patre
3036 4389 3354 4461 producitur
3388 4387 3551 4456 (προ-

1941 4458 2335 4555 ¹6ε6λῆσθαι),
2378 4458 2729 4555 ει-ρτοοοόὶι,
2780 4458 3061 4550 tanquam,
3111 4479 3337 4550 mystica
3372 4493 3553 4559 syno-

1983 4579 2192 4651 nymia,
2221 4588 2455 4645 utraque
2502 4577 2744 4631 dictione
2775 4573 2916 4628 idem
2956 4570 3315 4640 signiﬁcante.
3410 4602 3419 4607 —

2059 4670 2186 4728 150.
2229 4668 2579 4724 Manifestum
2631 4675 2713 4720 cst
2772 4673 2952 4719 autem
3016 4662 3160 4730 quod
3204 4660 3367 4714 etiam
3430 4672 3554 4712 cum

1984 4763 2122 4819 Filio
2149 4776 2368 4831 semper
2393 4758 2748 4828 coniungitur
2791 4752 3068 4824 Spiritus;
3106 4763 3161 4807 et
3197 4749 3554 4823 quemadmo-

1983 4855 2112 4910 dum
2141 4854 2306 4910 Pater
2326 4865 2540 4919 semper
2568 4856 2652 4904 est
2686 4849 2739 4901 in
2773 4847 2911 4915 ipso,
2944 4843 3026 4900 sic
3085 4844 3247 4899 etiam
3303 4840 3544 4911 Spiritus

1984 4954 2230 5002 sanctus.
2265 4941 2471 4998 Deinde
2506 4938 2662 4994 nobis
2693 4938 2855 4993 etiam
2894 4935 3065 4992 sancti
3099 4933 3340 5004 Spiritus
3373 4932 3557 4989 emea-

1985 5030 2123 5096 ciam
2144 5034 2464 5092 brevissime
2483 5029 2843 5088 manifestans
2865 5026 3330 5100 hymnographus,
3347 5025 3554 5093 ipsoru-

1985 5147 2089 5202 que
2106 5135 2520 5187 consumentem
2545 5125 2724 5196 ignem
2746 5138 2868 5180 esse
2884 5122 3291 5185 demonstrans,
3310 5129 3554 5174 urentem

1985 5237 2110 5279 esse
2155 5221 2289 5277 dicit
2334 5217 2677 5274 macularum
2723 5214 2969 5271 odiosam
3017 5213 3330 5273 materiam.
3366 5212 3525 5266 elucn

1989 5321 2210 5381 temque
2246 5298 2341 5363 seu
2368 5315 2694 5378 purgantem
2728 5317 2921 5360 omnes
2951 5302 3166 5366 sordes,
3200 5300 3325 5356 illas
3349 5298 3559 5353 scilicet

1987 5417 2109 5471 quae
2140 5409 2388 5472 spectant
2414 5399 2481 5455 ad
2513 5403 2775 5461 mentem,
2806 5394 2952 5467 quod
2980 5395 3037 5449 in
3064 5395 3168 5449 hoc
3198 5394 3549 5447 demonstra-

1989 5502 2077 5547 tur
2120 5509 2134 5547 :
2177 5490 2376 5547 Munda
2431 5506 2530 5547 nos
2574 5490 2643 5546 ab
2690 5490 2836 5543 omni
2890 5488 3100 5543 macula
3136 5503 3153 5541 :
3188 5501 3295 5551 qua
3345 5485 3552 5537 macula

1988 5598 2206 5653 quaque
2231 5583 2393 5639 sorde
2422 5581 2588 5637 lavati
2628 5580 2748 5652 puri
2783 5591 2912 5636 sunt
2943 5581 3109 5633 conte
3154 5577 3343 5644 sicque
3389 5574 3559 5629 Deum

1991 5674 2235 5728 videntes
2267 5671 2736 5742 ﬁunt,lumenque
2756 5671 2863 5726 Deo
2918 5669 3142 5723 charum
3178 5672 3435 5732 tanquam
3469 5681 3557 5717 ve-

1993 5769 2316 5827 stimentum
2372 5768 2623 5826 induunt.
2651 5764 2940 5825 Sciendum
2985 5766 3067 5816 est
3096 5764 3274 5816 autem
3323 5761 3464 5822 quod
3499 5759 3551 5811 in
