3788 6246
156 330 237 391 665
934 328 1014 387 ΙΝ
1052 330 1389 389 ΗΥΜΝΗΜ
1429 329 1681 388 PEN'l'Ei

1795 334 2078 394 STALEM
2126 335 2589 396 DAMASCENI.

3258 331 3361 391 666

149 440 224 506 τῆς
266 438 496 507 εύκταίῳ
531 439 810 507 [Ινεύματι
848 439 920 507 τῷ
956 440 1259 507 εὐθυτάτῳ,
1304 439 1571 491 ἀντιθετεί
1625 440 1681 489 τὸ

1795 446 1999 510 spiritui
2047 448 2391 511 rectissimo,
2464 447 2756 515 opponitur
2805 446 3170 507 ila-monium;
3220 449 3359 512 quo!

152 531 384 599 διιμόνιον
405 549 417 560 ·
451 530 479 583 δ
503 531 596 583 καὶ
636 531 761 593 τοὺς
790 529 998 600 κύκλῳ,
1030 530 1319 599 ψαλμικῶς
1354 532 1546 594 εἰπεῖν,
1582 547 1681 581 πε-

155 620 475 688 ριπατοῦντας
515 622 793 691 περιάγει,
832 621 925 672 καὶ
957 620 1110 672 οὐδὲν
1141 619 1345 686 ἀγαθὸν
1379 619 1515 687 πρὸς
1550 619 1681 686 ἁλή-

152 713 270 766 οειαν
305 712 572 781 εὐθύτητα
625 716 787 780 ποιεῖ,
832 712 967 765 ἀλλά
1002 712 1256 782 στρεῦλοί
1288 712 1355 764 τΞι
1391 711 1565 763 πάντα
1605 712 1682 773 εἰς

150 807 198 857 τὸ
236 805 354 871 ἡμῖν
403 805 743 874 ἀσύμφορον,
795 803 954 874 εἰμὴ
1007 803 1066 855 τὸ
1120 802 1276 864 εύθὲς
1323 802 1681 869 ἀντιπράττει

152 896 343 964 Πνεῦμα
381 896 612 965 βοηθοῦν
643 899 770 967 ἡμῖν
794 914 806 927 ο
837 897 925 949 διὰ
956 895 1065 948 τῶν
1089 894 1339 962 ὲγκάτων
1368 894 1423 947 δὲ
1454 895 1554 962 τῆς
1580 893 1682 961 ψυ-

151 993 227 1061 χῆς
257 992 341 1044 καὶ
372 992 477 1043 τῶν
530 993 652 1044 κατ’
696 992 867 1056 αὐτὴν
917 992 1179 1045 ποικίλων
1226 991 1415 1044 θεόθεν
1461 991 1680 1044 ἐννοιῶν

149 1082 403 1137 αἰνίττεται
441 1083 627 1153 βάθος,
660 1086 780 1140 καθ’
809 1085 838 1137 ὃ
880 1085 1279 1156 σημαινόμενον
1317 1088 1409 1138 καὶ
1446 1085 1682 1155 ὀ-Δαϐὶδ

150 1175 238 1233 tat;
264 1174 418 1226 αὑτοῦ
450 1174 600 1235 ἐντὸς
638 1177 879 1241 εὐλογεῖν
914 1177 973 1230 τὸ
1017 1176 1187 1246 ὄνομα
1232 1176 1438 1245 Κυρίου
1467 1177 1677 1229 ἐπιτέλ-

150 1264 301 1317 ὶεται·
329 1264 382 1328 ὃς
409 1268 503 1321 καὶ
526 1269 593 1319 ἐκ
623 1268 880 1321 τοιούτων
912 1268 1122 1339 βαθέων
1151 1266 1442 1337 κεκραγὼς
1470 1267 1546 1335 τῷ
1576 1268 1681 1318 Κυ-

155 1355 233 1425 ρίῳ
258 1357 614 1412 εἰσακούεται.
656 1359 777 1432 Χρὴ
807 1362 913 1428 γὰρ
944 1362 1050 1414 πᾶν
1082 1361 1286 1426 ἀγαθὸν
1319 1358 1546 1428 ψυχικὸν
1608 1360 1679 1426 μὴ

150 1447 430 1502 ἐπιπόλαιον
476 1449 871 1519 προφέρεσθαι,
928 1448 1046 1502 ἀλλ’
1094 1452 1364 1519 οἰκουρεῖν
1414 1450 1471 1501 ἐν
1528 1448 1679 1518 βάθει

148 1542 499 1609 τιμιευτικῶς,
532 1540 811 1611 θησαυροῦ
858 1542 1032 1610 δίκην,
1060 1537 1104 1610 ᾧ
1135 1544 1228 1595 καὶ
1256 1543 1287 1611 ἠ
1321 1541 1416 1594 τοῦ
1448 1539 1681 1594 2105x1-

151 1647 256 1683 στον
280 1632 467 1699 καρδία
501 1634 721 1686 σύνεστι
773 1633 913 1691 κατά
946 1632 1044 1702 τὴν
1082 1632 1243 1699 ἁγίαν
1276 1631 1520 1700 Γραφήν.
1553 1628 1679 1683 Ὅτι

147 1723 191 1777 δὲ
232 1723 285 1776 τὸ
327 1724 600 1791 ἐγκάτοις,
631 1726 859 1791 ἐγκασιν
901 1724 1003 1792 ἔφη
1046 1728 1073 1778 ὁ
1108 1727 1163 1777 ὲν
1196 1727 1306 1787 τοῖς
1360 1722 1465 1786 ἔξω
1521 1721 1680 1789 σοφὸς

149 1815 364 1885 ποιητὴς,
394 1816 559 1884 δῆλον
610 1818 720 1879 τοῖς
753 1817 983 1870 εἰδόσιν·
1018 1817 1077 1880 ὃς
1111 1817 1205 1870 καὶ
1251 1817 1311 1870 τὸ
1370 1813 1681 1884 προσώποις

148 1907 469 1978 προσώπασιν
491 1909 751 1980 ἔγραψεν·
771 1909 974 1979 ὁμοίως
998 1911 1055 1963 τὸ
1071 1912 1289 1980 ἄστροις
1307 1910 1560 1980 ἄστροισι,
1592 1910 1683 1962 καὶ

146 2001 344 2072 ὀνείροις
362 2004 628 2073 ὀνείρασι.
650 2003 722 2055 Τὸ
740 2003 796 2055 δὲ
814 2002 1063 2073 μόλυσμα
1082 2005 1145 2056 ἐκ
1162 2003 1254 2055 τοῦ
1273 2002 1486 2072 μολύνω
1504 2020 1685 2071 παρη-

145 2094 318 2161 γμένον
347 2096 603 2163 ἀναλογεῖ
633 2096 766 2168 πρὸς
794 2096 854 2150 τὸ
886 2097 1087 2166 μιαίνω
1116 2096 1352 2165 μίασμα.
1385 2097 1476 2149 καὶ
1506 2096 1683 2162 ἠδύνω

144 2185 332 2253 ἥδυσμα
358 2204 371 2219 ·
401 2187 461 2239 τὸ
490 2186 549 2239 δὲ
572 2186 806 2247 αἰωνίως
829 2186 965 2257 προς
998 2186 1057 2238 τὸ
1087 2188 1318 2239 πάντοτε
1356 2185 1681 2254 ἀρμοστέον,

145 2277 215 2329 ira
244 2277 305 2331 δι⁹
328 2279 489 2348 εὐχῆς
542 2280 677 2349 ἡμῖν
726 2277 837 2347 εἴη,
888 2278 1122 2339 αἰωνίως
1165 2278 1222 2329 ἐν
1267 2278 1400 2346 ἡμῖν
1432 2277 1491 2330 τὸ
1528 2275 1683 2344 ἅγιον

143 2369 340 2439 Πνεῦμα
384 2367 526 2424 εἶναι
577 2372 639 2424 τὸ
694 2371 927 2423 πάντοτε
983 2369 1331 2440 συνημμένον
1362 2370 1440 2437 τῷ
1476 2369 1683 2421 Παντο-

142 2461 360 2531 κράτορι.
396 2461 470 2514 Τὸ
499 2460 556 2514 δὲ
589 2460 766 2530 ῥύπου
825 2461 1111 2532 ῥυπτικὸν,
1140 2459 1257 2511 ἔστι
1291 2460 1390 2530 μὲν
1426 2458 1685 2527 ἐτυμολο-

140 2552 277 2617 γικοῦ
305 2552 525 2623 τρόπου,
563 2553 821 2621 Ἀττικῆς
868 2553 926 2605 δὲ
979 2553 1166 2621 κοινῆς
1217 2551 1463 2622 γλώττης
1493 2551 1682 2623 ὥρμη-

139 2658 213 2697 ται
232 2660 245 2674 ⁸
264 2645 502 2701 τοιοῦτον
528 2646 585 2701 δὲ
608 2648 704 2701 καὶ
731 2648 792 2701 τὸ
821 2647 967 2716 λέγω
995 2647 1174 2714 λόγον,
1194 2644 1287 2697 καὶ
1313 2645 1465 2698 ὑπνῶ
1491 2642 1680 2710 ὕπνον,

137 2738 221 2791 καὶ
246 2742 308 2793 τὰ
336 2740 513 2810 ὃμοια.

283 2943 612 3013 Τροπὰριον
639 2943 923 3012 δεύτερον
967 2942 1079 3009 τῆς
1106 2942 1285 3009 ἕκτης
1308 2940 1489 3008 ᾠδῆς.

190 3096 322 3153 XVI.
368 3100 623 3171 Ὀρεκτον
655 3098 873 3169 ἀξίωμα
907 3101 1020 3162 τοῖς
1050 3100 1390 3160 ἀποστόλοις·

355 3193 641 3254 Σιωνίταις
676 3193 940 3261 μίμνουσι
970 3191 1068 3261 σὴν
1100 3191 1424 3260 παρουσίαν,

346 3284 387 3337 Γ
391 3283 650 3353 νὼρισμα
685 3282 907 3352 Πνεῦμα
938 3283 1378 3351 πατρογεννήτου
1397 3282 1569 3348 Λόγου

348 3374 569 3445 Λέσχην
599 3373 783 3442 ἀπηνῆ
813 3373 921 3425 τῶν
954 3370 1124 3426 ὲονῶν
1152 3371 1573 3441 ποππυσμάτων

352 3467 591 3518 Ὅκιστα
621 3466 831 3529 δεικνὺς
869 3464 1162 3534 πυρπνόως
1184 3462 1517 3534 καθιδρύεις.

181 3563 307 3624 ρνγ’.
346 3556 661 3627 Εύξὼμεῦα
710 3558 767 3608 ὲν
809 3555 886 3625 τῷ
929 3556 1159 3626 παρόντι
1192 3557 1473 3626 τροπαρίῳ
1520 3572 1680 3624 περι-

114 3650 283 3715 τυχεῖν
317 3650 658 3718 ἀντιγρᾶφῳ
691 3646 972 3717 ἀσφάλτῳ.
1009 3640 1107 3709 Οἷς
1139 3647 1246 3716 γὰρ
1302 3645 1682 3716 ὲνεκύρσαμεν

111 3742 199 3793 οὐκ
227 3741 341 3794 ἔστι
380 3741 602 3813 μέμψιν
631 3740 788 3805 ἀξίαν
818 3742 1133 3808 ἐπενεγκεῖν
1156 3756 1169 3771 ο
1196 3739 1274 3807 τῷ
1299 3740 1436 3799 τέως
1459 3739 1514 3792 δὲ
1539 3740 1681 3809 γράαο

109 3831 291 3901 thyre,-
322 3835 468 3905 πρὸς
503 3836 577 3890 τά
606 3833 1005 3904 παρευρημένα
1054 3834 1205 3897 ὅπως
1255 3834 1566 3904 ίσχύσομεν,
1591 3833 1683 3887 ὖσ-

106 3941 251 3993 τερον
282 3928 375 3981 ὅτε
430 3927 574 3997 ὀρθῇ
630 3926 842 3979 ἐκδόσει
896 3923 1348 3998 περιτευξόμεθα,
1380 3926 1499 3976 τότε
1544 3927 1684 3977 ἀνα-

106 4017 391 4089 κάμψομεν
418 4019 488 4073 τὸ
520 4018 622 4072 οὐκ
650 4016 802 4070 εὐθύ.
835 4017 1083 4084 Λέγομεν
1116 4014 1210 4069 οὖν
1244 4017 1500 4086 ἀφορμὰς
1537 4015 1684 4086 εἱλη-

104 4113 252 4175 ςότες
273 4113 337 4166 ἐκ
364 4130 528 4172 τινος
559 4110 978 4179 προῦπὰρξεως,
1006 4111 1088 4162 ὅτι
1118 4110 1266 4162 δοκεῖ
1287 4110 1419 4180 πρὸς
1442 4109 1501 4162 τὸ
1529 4110 1683 4176 ἆγιον

102 4204 529 4274 ἀποτεινόμενος
562 4201 791 4270 Πνεῦμα
814 4202 839 4253 ὁ
864 4200 1124 4271 μελῳδὸς,
1145 4200 1327 4267 λέγειν
1354 4196 1500 4253 οὕτω
1524 4214 1642 4261 πως
1665 4214 1683 4260 ζ

97 4290 158 4349 Ὠ
210 4299 447 4369 Πνεῦμα
502 4297 691 4363 ἅγιον,
735 4292 1021 4362 γνώρισμα
1057 4293 1151 4346 τοῦ
1188 4292 1244 4358 ἐξ
1284 4293 1520 4362 ἀνάρχου
1575 4292 1687 4367 Πατ

92 4390 205 4461 τρὸς
257 4392 645 4464 γεννηθέντος
694 4387 827 4441 Υἱου
878 4389 971 4440 τοῦ
1018 4385 1176 4438 Θεοῦ.
1221 4386 1308 4447 Ὠς
1356 4385 1465 4456 γάρ
1499 4387 1525 4437 ὁ
1555 4380 1683 4447 Υἱὸς

90 4458 212 4552 ἡμῖν
257 4458 354 4539 τὸν
396 4458 642 4545 [λα’-τέρα
692 4479 974 4548 γνωρίζει,
1024 4476 1167 4530 οὕτω
1201 4478 1263 4531 σὺ
1304 4478 1395 4530 τὶν
1426 4475 1578 4529 Υίόν·
1608 4472 1681 4527 Ὦ
1708 4458 1758 4519 D

93 4578 223 4632 πάνυ
254 4579 503 4652 ὀρεκτὸν
534 4576 761 4644 ἀξίωμα
793 4575 907 4636 τοῖς
939 4570 1259 4631 ἀποστόλοις
1294 4573 1403 4633 τοῖς
1439 4570 1496 4623 ἐν
1544 4568 1682 4622 Σιὼν

91 4669 419 4741 καθημένοις
441 4671 551 4725 καὶ
585 4666 921 4737 ἀναμένουσι
952 4663 1052 4734 τὴν
1080 4661 1386 4733 παρουσίαν
1416 4679 1512 4714 σου
1540 4661 1684 4714 καθᾶ

91 4766 602 4837 παρηηέλῦησαν,
631 4761 696 4815 σὺ
731 4758 807 4821 ὡς
840 4760 973 4822 Θεὸς
1008 4754 1302 4827 πυρπνόος,
1334 4756 1426 4808 καὶ
1462 4752 1530 4807 δι’
1552 4753 1684 4808 αὐτὸ

86 4858 329 4929 φοϐερὸς,
357 4854 606 4916 δεικνὺς
639 4852 740 4919 τὴν
777 4849 981 4920 λέσχην
1015 4850 1111 4901 καὶ
1159 4847 1259 4917 τὴν
1313 4846 1530 4916 ὁμιλίαν
1576 4838 1684 4898 τῶν

85 4951 214 5004 κατά
244 4953 319 5008 τὰ
348 4950 494 5020 ἔθνη
533 4947 614 4999 τὰ
648 4945 723 5014 μὴ
764 4941 935 4996 πιστά
976 4938 1396 5009 ποππυσμάτων
1421 4955 1432 4967 ·
1461 4939 1544 4992 ὅτι
1583 4939 1683 4991 οὐκ

81 5043 217 5097 ἐστιν
248 5044 447 5112 ἐκείνη
489 5033 881 5106 πνευματικὴ,
911 5031 1047 5088 ἀλλά
1090 5031 1305 5100 ἀπηνὴς
1337 5027 1542 5083 ὤκιστα
1591 5030 1685 5082 καὶ

82 5137 171 5190 σὺν
209 5136 397 5192 οὐδενὶ
454 5132 630 5201 πόνῳ
680 5124 995 5195 καθιδρύεις
1028 5124 1157 5186 τοὺς
1208 5121 1488 5183 ὲθνικούς·
1519 5120 1686 5190 ἤγουν

81 5232 256 5296 ἁπλῶς
288 5230 566 5294 καθίζεις
605 5222 705 5276 καὶ
756 5218 902 5272 οὕτω
949 5217 1345 5283 κατασιγάζεις
1369 5215 1462 5268 καὶ
1497 5216 1687 5283 ἀκινη-

80 5323 241 5390 τίζειν
273 5325 486 5387 ποιεῖς,
529 5318 619 5380 ὡς
649 5313 853 5384 μηκέτι
908 5312 1082 5381 μέθην
1114 5306 1254 5363 εἶναι
1298 5308 1544 5377 νομίζειν
1588 5306 1686 5376 τὴν

82 5415 450 5484 ἀποστολικὴν
489 5405 808 5483 ῥητορείαν
830 5420 843 5433 ⁸
866 5404 960 5457 καὶ
982 5402 1225 5457 τοιοῦτον
1258 5401 1358 5472 μὲν
1385 5400 1458 5464 ὡς
1487 5402 1551 5452 ὲκ
1577 5399 1685 5453 τῶν

85 5510 530 5574 παραπεσόντων
593 5499 957 5567 ἀντιγράφων
991 5497 1373 5568 ὴρανισάμεοα
1424 5494 1549 5548 νοῦν
1587 5496 1685 5564 δη-

82 5578 286 5663 λοῦντα,
320 5595 403 5658 ὡς
457 5598 527 5645 ὲν
586 5588 768 5656 ὀλίγῳ
806 5586 1039 5654 φράσαι,
1069 5588 1151 5641 ὅτι
1182 5584 1253 5642 Ὦ
1279 5586 1432 5653 ἆγιον
1465 5584 1683 5652 Πνεῦμα

82 5686 171 5752 τὴν
193 5687 426 5758 tam.th
459 5678 763 5756 φλυαρίαν
796 5679 934 5746 ταχὺ
974 5678 1049 5742 ὡς
1089 5678 1220 5741 Θεθις
1251 5675 1686 5747 παραδειγματί-

89 5789 196 5844 σις,
243 5778 659 5852 resinamve-1;.
713 5769 780 5823 El
832 5769 888 5822 δὲ
943 5769 1000 5823 τὸ
1052 5768 1345 5838 πυρπνόως
1399 5767 1684 5836 ἐπίρρημά

1787 535 1884 589 hac
1920 548 1973 590 ct
2006 539 2126 592 illac
2176 538 2541 600 ambulantes,
2588 547 2646 592 ut
2697 553 2820 591 eum
2872 536 3103 591 Psalmis
3146 534 3359 601 loquar,

1785 630 2166 691 circumducit,
2222 646 2321 684 nec
2378 631 2543 684 ullum
2602 631 2804 683 bonum
2854 628 3008 697 juxta
3073 627 3353 680 veritatem

1785 722 2114 777 rectitudine
2146 722 2291 783 facit.
2333 724 2425 777 scd
2460 722 2646 777 omnia
2678 720 2967 791 detorquet
3006 718 3072 773 ad
3104 729 3351 772 nostrum

1786 811 2218 879 incommodum,
2249 813 2353 867 nisi
2388 814 2609 882 spiritus
2647 822 2850 878 rectus,
2896 810 3053 865 nobis
3085 809 3347 862 auxilium

1786 916 2085 973 prmstans,
2133 908 2384 960 obsistat.
2434 907 2535 962 Per
2582 905 2776 958 animae
2824 905 3033 958 viscera
3080 901 3350 955 variarum

1789 999 1959 1064 ipsius
1995 1013 2022 1050 a
2058 996 2165 1051 Deo
2197 1000 2586 1066 cogitationum
2625 1000 2965 1070 profunditas
3014 997 3345 1055 insinuatur,

1782 1088 1937 1156 juxta
1967 1088 2110 1158 quod
2140 1089 2503 1161 significatum
2541 1091 2704 1144 David
2743 1092 2823 1143 his
2851 1107 2971 1159 quae
2994 1089 3134 1142 intra
3170 1085 3345 1154 ipsum

1787 1191 1936 1248 Sunt,
1968 1191 2027 1235 ut
2056 1197 2255 1236 nomen
2302 1183 2515 1237 Domini
2563 1183 2909 1244 bencdicant,
2957 1180 3220 1250 pr:ceipit.
3287 1177 3355 1230 Et

1785 1273 1971 1340 etiam,
2013 1276 2158 1326 enim
2189 1288 2250 1327 ex
2282 1275 2482 1328 talibus
2511 1274 2791 1342 profundis
2840 1272 3096 1327 clamavit
3142 1271 3204 1322 ad
3255 1269 3354 1321 Do-

1786 1366 2032 1430 minum,
2084 1366 2394 1421 exauditur.
2446 1367 2671 1437 Oportet
2736 1367 2877 1419 enim
2948 1378 3108 1417 omne
3154 1362 3351 1413 hunu-u

1786 1456 1980 1510 anima:
2024 1472 2130 1510 non
2164 1457 2229 1510 ad
2275 1458 2624 1527 superﬁciem
2679 1456 2931 1527 proferri,
2974 1455 3068 1509 sed
3122 1452 3359 1523 pretiose

1785 1545 1979 1599 domus
2029 1546 2081 1600 in
2129 1545 2403 1615 profundo
2450 1548 2741 1614 custodiri,
2801 1546 2943 1600 sicut
3008 1546 3352 1601 thesaurum,

1786 1638 1871 1689 cui
1917 1633 2071 1704 juxta
2108 1652 2321 1691 sacram
2368 1636 2734 1705 Seripturam,
2781 1635 3223 1702 uniuscujusque
3264 1648 3359 1683 cur

1788 1726 2106 1793 apponitur.
2163 1725 2318 1793 Quod
2367 1737 2547 1781 autem
2578 1742 2763 1780 vocem
2806 1726 3086 1793 ἐγκατοις,
3130 1723 3357 1790 ἓγκασιν

1786 1816 1920 1872 dixit
1952 1817 2167 1887 sapiens
2194 1819 2332 1887 apud
2361 1828 2575 1874 exteros
2600 1829 2777 1887 poeta,
2807 1816 2936 1871 viris
2960 1815 3137 1870 doctis
3168 1823 3357 1868 notum

1784 1919 1870 1964 est
1903 1926 1916 1962 :
1950 1911 2205 1965 similiter
2234 1913 2455 1981 scripsit
2515 1911 2876 1982 προσώποισιν
2910 1926 3005 1980 pro
3037 1905 3355 1977 προσώποις

1784 2002 2018 2072 ἄστροισι
2046 2018 2144 2073 pro
2184 2002 2428 2073 ἄστροις,
2469 2014 2523 2059 et
2550 2003 2795 2072 ὀνείρασι
2828 2018 2927 2071 pro
2957 2000 3207 2069 ὀνείροις.
3240 1997 3350 2052 Vox

1785 2102 1967 2146 autem
1999 2094 2255 2162 μόλυσμα
2279 2111 2308 2147 e
2332 2096 2497 2149 verbo
2530 2094 2743 2164 μολύνω
2775 2093 3053 2146 derivatur
3077 2089 3356 2157 analogice

1784 2199 1906 2237 cum
1945 2186 2187 2254 ξμιαίνω
2235 2187 2475 2256 μίασμα,
2529 2196 2581 2240 et
2630 2186 2808 2254 ἠδύνω
2865 2185 3106 2255 ἥδυσμα.
3147 2181 3356 2236 Adver-

1786 2277 1932 2329 hium
1968 2278 2205 2341 αἰωνίως
2229 2279 2382 2349 juxta
2424 2279 2657 2332 πάντοτε
2692 2273 3224 2349 accommodandum
3251 2280 3354 2334 est,

1784 2377 1843 2421 ut
1881 2368 2040 2422 nobis
2077 2370 2148 2422 sit
2174 2368 2235 2423 in
2260 2379 2386 2424 voto
2424 2384 2637 2437 semper
2664 2343 2942 2439 (αἱῶνίως)
2970 2365 3023 2419 in
3052 2363 3206 2417 nobis
3236 2376 3356 2416 esse

1787 2456 2059 2527 Spiritum
2107 2471 2380 2527 sanctum,
2418 2461 2510 2531 qui
2536 2476 2752 2515 summo
2784 2459 3107 2513 dominatori
3133 2468 3358 2523 semper

1788 2550 2068 2621 (πάντοτε)
2105 2553 2477 2623 conjungitur.
2516 2552 2626 2608 Hoc
2649 2562 2828 2606 autem
2861 2551 3036 2621 pomu
3071 2546 3355 2620 ῥυπτικόν,

1784 2649 1873 2694 est
1903 2640 2123 2708 quidem
2163 2643 2563 2711 etymologicns
2609 2652 2819 2709 tropus,
2854 2640 3030 2694 Attica
3054 2654 3179 2691 vero
3211 2652 3359 2691 com-

1786 2731 1936 2786 Inuni
1978 2713 2163 2801 lingua
2211 2734 2500 2788 formatur.
2550 2732 2701 2786 Talia
2747 2743 2873 2787 sunt
2906 2751 2919 2786 :
2957 2730 3102 2799 λέγω
3154 2730 3354 2798 λόγον,

1784 2822 1939 2876 ὑπνῶ
1976 2823 2166 2891 ὕπνον,
2197 2836 2249 2881 et
2282 2825 2507 2880 similia.

2064 2938 2383 3006 Troparium
2423 2940 2706 2994 secundum
2738 2940 2853 2994 adre
2882 2950 3064 2995 sexta.

1960 3099 2283 3169 Appetibilis
2309 3101 2548 3170 dignitas
2585 3101 2853 3169 apostolis
2884 3123 2896 3156 :

1896 3190 2269 3255 Fionensibns,
2298 3194 2741 3262 exspectantibus
2780 3207 2925 3249 tuam
2957 3194 3321 3265 praesentiam,

1889 3280 2042 3347 Nota,
2087 3281 2322 3352 Spiritus
2346 3283 2510 3352 geniti
2543 3300 2571 3337 a
2602 3283 2762 3339 Patre
2796 3284 2977 3350 Verbi,

1887 3369 2068 3439 Nugas
2100 3372 2344 3427 inﬂectas
2373 3373 2758 3429 blanditiarum
2791 3376 3032 3446 gentium
3368 3442 3373 3449 Ι

1886 3462 2148 3518 Celeriter
2179 3474 2514 3529 monstrans,
2536 3466 2589 3519 iu
2615 3467 2719 3522 illis
2750 3468 2922 3522 instar
2946 3469 3087 3537 ignis
3114 3468 3338 3524 insides.

1852 3554 1972 3609 155.
2016 3552 2249 3611 Gloriari
2314 3572 2611 3627 possumus
2667 3560 2722 3612 iu
2789 3561 2890 3614 hac
2961 3563 3183 3630 strophe
3251 3578 3351 3615 nus

1782 3649 2091 3703 occurrisse
2137 3657 2255 3704 tuto
2297 3651 2594 3719 exemplari
2636 3669 2649 3706 :
2683 3652 2767 3708 his
2796 3655 2942 3707 enim
2969 3655 3165 3724 quibus
3200 3655 3351 3709 obvii

1780 3739 1986 3795 fuimus
2030 3740 2166 3795 nihil
2211 3742 2602 3812 exprobatione
2649 3744 2873 3814 dignum
2922 3747 3111 3803 inferri
3150 3760 3370 3817 potest.‘

1783 3833 2077 3903 llucusque
2100 3848 2232 3888 vero
2258 3848 2381 3889 cum
2436 3838 2733 3890 secundum
2784 3839 3027 3905 inventa,
3076 3840 3354 3907 quomodo

1783 3925 2107 3987 valeremus,
2140 3926 2488 3995 scripsimus,
2544 3939 2731 3998 postea
2760 3946 2883 3984 eum
2921 3931 3147 3986 editioni
3192 3942 3355 3986 rectae

1784 4033 2158 4085 occurremus,
2188 4028 2317 4072 tunc
2336 4021 2481 4090 quod
2510 4034 2614 4075 non
2645 4029 2728 4075 est
2757 4032 2962 4078 rectum
2990 4024 3353 4094 corrigemus.

1788 4109 2028 4164 Dicimus
2055 4125 2205 4179 ergo,
2223 4111 2505 4166 exordium
2536 4127 2602 4166 ex
2619 4113 2947 4183 quibusdam
2983 4115 3355 4186 pratenutibus

1784 4202 2041 4267 mutuati,
2072 4202 2217 4272 quod
2251 4201 2470 4258 videtur
2516 4205 2582 4260 ad
2616 4215 2864 4262 sanctum
2912 4210 3156 4265 intentus
3187 4208 3360 4280 Spiri-

1787 4298 1900 4345 tum
1933 4302 2097 4363 poeta
2122 4294 2197 4347 ita
2226 4292 2633 4363 quodammodo
2665 4298 2855 4353 dicere
2884 4319 2899 4353 :
2935 4298 2980 4356 0
3018 4308 3205 4355 sancte
3236 4300 3356 4369 Spi-

1790 4379 1948 4444 ritus,
2000 4379 2127 4435 Filii
2185 4380 2311 4449 Dei,
2365 4400 2434 4437 ex
2486 4382 2644 4440 Patre
2694 4386 3018 4457 principium
3079 4392 3357 4445 nesciente

1786 4472 1980 4538 geniti,
2028 4473 2313 4543 revelatio.
2367 4474 2509 4528 sicut
2552 4474 2698 4530 enim
2750 4475 2920 4531 Filius
2969 4479 3125 4533 nobis
3161 4481 3358 4531 revelat

1788 4557 2027 4625 Patrem,
2057 4562 2138 4616 sic
2168 4570 2223 4617 et
2254 4573 2308 4616 tu
2339 4561 2535 4616 Filium
2563 4579 2577 4627 ;
2616 4591 2685 4606 —-
2716 4563 2760 4616 0
2794 4565 3039 4632 dignatio
3065 4566 3218 4619 valde
3256 4565 3356 4618 de-

1786 4652 2025 4707 sirabilis
2054 4654 2316 4721 apostolis
2368 4653 2423 4707 in
2477 4653 2608 4707 Sion
2637 4654 2951 4709 sedentibus
2991 4657 3353 4724 exspectanti-

1787 4744 2001 4815 busque
2037 4753 2210 4810 tuam,
2244 4754 2304 4799 ut
2335 4745 2472 4814 ipsis
2500 4754 2585 4801 est
2628 4745 2921 4814 promissa,
2969 4745 3353 4817 prresentiam;

1789 4845 1846 4892 tu
1884 4846 2144 4907 tanquam
2179 4836 2322 4891 Deus
2354 4835 2605 4908 iguiﬂans
2634 4836 2956 4910 (πυρπνόος)
2993 4848 3047 4893 et
3091 4838 3213 4893 ideo
3250 4848 3357 4892 tre-

1787 4930 2036 4994 mendus,
2071 4930 2362 4985 ostendens
2391 4929 2559 4984 relate
2591 4929 2661 4983 ad
2696 4928 2951 4985 ethnicos
2998 4945 3107 4985 non
3168 4930 3354 4985 ﬁdeles

1788 5022 2187 5089 seductioncm,
2229 5021 2743 5078 sermocinationem
2780 5036 2843 5076 ac
2862 5024 3354 5087 conversationem,

1785 5115 1933 5182 quod
1963 5129 2071 5169 non
2096 5125 2178 5169 est
2214 5113 2543 5182 spiritualis,
2592 5116 2690 5170 sed
2727 5115 2983 5178 crudelis.
3020 5119 3270 5185 protinus
3304 5118 3363 5169 et

1787 5207 1991 5276 absque
2019 5205 2128 5260 ullo
2176 5205 2361 5260 labore
2393 5206 2514 5261 illos
2559 5194 2625 5261 ad
2656 5214 2854 5261 terram
2884 5209 3216 5276 prosternis,
3245 5206 3357 5262 sive

1788 5298 2108 5369 simpliciter
2144 5299 2356 5364 sedere,
2389 5299 2578 5369 sicque
2613 5300 2775 5355 silere
2804 5315 2867 5355 ac
2896 5301 3016 5355 sine
3058 5311 3207 5355 motu
3238 5314 3357 5353 esse

1787 5394 1957 5464 cogis,
1983 5400 2042 5447 ut
2062 5393 2173 5461 jam
2218 5408 2323 5446 non
2361 5402 2549 5462 putent
2580 5393 2897 5449 ebrietatem
2927 5410 3048 5451 esse
3083 5392 3354 5465 apostolo-

1788 5501 1909 5541 rum
1948 5485 2339 5555 eloquentiam.
2395 5485 2583 5541 Talem
2634 5487 2886 5557 equidem
2926 5494 2985 5541 ut
3017 5502 3081 5542 ex
3132 5493 3353 5555 praeter-

1788 5579 1956 5648 lapsis
1988 5578 2392 5646 exemplaribus
2414 5579 2662 5633 eruimus
2687 5594 2909 5635 sensum
2938 5576 3350 5645 signiﬁcantem,

1790 5681 1849 5726 ut
1884 5672 2119 5725 breviter
2149 5671 2361 5740 loquar,
2383 5671 2526 5727 istud
2554 5690 2564 5724 :
2598 5670 2643 5726 Ο
2675 5678 2859 5726 sancte
2887 5666 3145 5731 Spiritus,
3177 5663 3353 5718 ethni~

1799 5779 1914 5819 cam
1950 5763 2321 5833 garrulitatem
2356 5765 2465 5829 cito
2504 5774 2762 5831 tanquam
2797 5761 2936 5811 Deus
2967 5755 3216 5823 stigmate
3249 5769 3350 5839 no-
