3966 6248
387 358 492 419 667

1107 359 1526 421 EUSTATIIII
1546 357 1834 419 TIIESSA
1846 357 2293 418 LONICENSIS
2335 353 2900 417 METROPQLITEE

3527 344 3633 407 668

389 478 524 537 tam,
567 472 904 528 continuisti.
970 471 1029 528 Si
1097 489 1226 528 vero
1287 472 1584 544 πυρπνόως
1639 471 1953 526 adverbium

2093 489 2230 530 στιν.
2255 471 2287 542 ἢ
2321 472 2380 526 τὸ
2411 471 2625 534 δεικνὺς
2658 469 2830 530 ἄλλως
2857 463 3212 535 γράφεται,ῆ
3234 460 3299 514 τὸ
3322 454 3634 526 καθιδρύεις

389 573 492 628 est,
530 564 610 618 vel
638 565 854 630 δεικνὺς
894 567 1050 621 aliter
1083 566 1360 630 scribitur,
1402 565 1488 620 vel
1515 563 1829 635 καθιδρύεις
1867 577 1956 618 se-

392 655 569 709 cunda
601 672 833 725 persona
868 673 974 711 non
1005 666 1110 723 est,
1146 673 1246 712 nec
1279 657 1604 725 simpliciter
1651 655 1956 710 sessionem

403 761 469 800 ac
497 748 734 816 quietem
757 748 1044 817 significat,
1064 749 1179 817 sed,
1205 759 1261 803 ut
1285 749 1447 820 paulo
1467 759 1594 804 ante
1618 748 1963 802 demonstra-

395 845 508 892 tum
558 848 660 900 cst,
709 854 860 893 sacra
921 848 1004 894 est
1062 839 1249 904 dictio,
1317 849 1377 894 ut
1445 841 1498 894 in
1561 839 1960 894 dedicationem

395 928 478 982 vel
509 931 560 981 in
595 929 717 984 solii
753 933 1224 1003 inaugurationem
1273 932 1485 988 dederit
1531 931 1673 986 Deus
1705 946 1805 987 nos
1841 930 1963 984 illu-

396 1033 610 1075 milia”.

468 1111 592 1166 154.
639 1113 842 1170 Bonum
869 1127 1052 1171 autem
1099 1117 1274 1172 videri
1310 1126 1495 1183 posset
1539 1118 1620 1172 sic
1657 1119 1821 1172 etiam
1869 1130 1968 1170 no-

383 1199 507 1285 ‘tavi
559 1214 877 1268 praesentem
927 1207 1232 1275 strophcn:
1281 1206 1326 1261 Ο
1382 1215 1571 1262 sancte
1607 1207 1871 1276 Spiritus,
1909 1214 1971 1260 ut

399 1291 605 1346 dictum
635 1303 719 1349 est
748 1296 802 1350 in
838 1297 1014 1353 tribus
1055 1313 1120 1352 ex
1169 1299 1364 1374 ordine
1405 1299 1654 1354 versibus
1698 1299 1972 1368 signiﬁca-

400 1388 537 1446 tum,
589 1390 645 1436 tu
682 1383 1064 1441 demonstrans
1109 1397 1168 1442 ut
1219 1389 1362 1444 Deus
1424 1391 1630 1444 sanctis
1685 1390 1969 1458 apostolis,

400 1470 516 1524 sive
566 1481 824 1543 tanquam
881 1479 1071 1533 doctor
1104 1460 1462 1535 manifestans
1525 1481 1706 1550 qualia
1752 1480 1974 1536 sibilent

400 1558 629 1630 ethnici,
674 1567 855 1635 qualia
909 1584 1036 1623 vero
1089 1571 1389 1639 theologica
1441 1573 1674 1625 doceant
1720 1571 1972 1640 discipuli

405 1655 520 1720 Dei,
553 1656 656 1712 hoc
683 1668 862 1714 autem
893 1665 1187 1718 ostendens
1217 1679 1311 1730 per
1338 1663 1554 1730 linguas
1584 1663 1772 1732 igneas
1801 1672 1856 1716 et
1881 1678 1976 1731 per

402 1746 780 1804 vehementem
823 1751 1032 1817 ﬂatum,
1063 1764 1284 1809 sanctos
1320 1755 1602 1824 apostolos
1656 1755 1972 1820 constituis,

403 1838 518 1893 sive
547 1855 864 1910 consecras,
908 1854 964 1898 et
1017 1846 1089 1899 ita
1142 1847 1482 1900 venerandos
1538 1846 1806 1909 instituis,
1859 1857 1975 1900 tau-

402 1945 564 1996 quam
608 1931 821 1987 divinas
870 1942 1108 1998 statuas,
1151 1951 1274 2005 quae.
1305 1935 1397 1989 Dei
1429 1936 1649 2005 templis
1695 1937 1976 2000 illuceant,

405 2025 461 2073 et
495 2020 567 2075 ita
599 2033 955 2088 venerantur,
987 2025 1224 2094 dignas:
1256 2034 1317 2080 ut
1349 2025 1647 2081 secundum
1677 2027 1823 2080 hanc
1849 2041 1979 2080 sen-

408 2112 657 2176 tentiam,
691 2128 846 2169 sacra
884 2114 1051 2170 dictio
1079 2116 1151 2169 sit
1181 2116 1408 2169 verbum
1451 2116 1740 2185 ἐνιδρύειν,
1790 2127 1979 2185 quate-

407 2220 513 2259 nus
544 2213 670 2261 ante
707 2207 974 2277 scrip'nm
1007 2218 1091 2264 est
1122 2227 1136 2263 :
1171 2208 1235 2262 Et
1279 2209 1383 2262 tale
1417 2209 1640 2277 quidem
1693 2218 1776 2264 est
1812 2208 1980 2284 istud.

406 2295 645 2351 Verbum
681 2308 861 2354 autem
895 2301 1115 2370 ἀξίωμα
1139 2301 1205 2356 de
1239 2301 1600 2356 advocatione
1641 2301 1861 2370 quidem
1901 2301 1984 2354 in-

411 2388 654 2458 telligere
678 2393 961 2460 proprium
996 2403 1081 2448 est
1107 2411 1120 2457 ;
1175 2393 1269 2448 sed
1301 2394 1482 2462 potius
1514 2393 1734 2462 ἀξίωμα
1761 2393 1982 2458 dicitur,

408 2481 492 2535 vel
523 2484 651 2550 quia
682 2486 939 2550 apostoli,
972 2487 1136 2540 corde
1168 2485 1374 2540 mundo
1404 2486 1457 2539 in
1494 2486 1574 2539 eis
1596 2493 1802 2550 creato,
1833 2484 1982 2554 digni

408 2583 568 2628 erant
597 2575 688 2645 qui
722 2575 988 2646 Spiritum
1021 2588 1270 2633 sanctum
1295 2581 1624 2646 reciperent,
1660 2579 1740 2631 vel
1770 2591 1988 2646 propter

411 2662 563 2718 hoc:
601 2667 665 2718 ἐκ
696 2667 891 2738 πρώην
928 2668 1166 2736 ἀναξίως
1211 2669 1356 2735 ἄξιοι
1409 2669 1689 2737 γεγόνασι,
1726 2676 1815 2734 (ex
1859 2668 1986 2721 bes-

408 2761 565 2810 terna
614 2757 939 2827 indignitate
991 2761 1141 2831 digni
1189 2771 1316 2815 sunt
1351 2760 1499 2823 facti)
1538 2769 1594 2815 et
1630 2776 1822 2816 revera
1858 2776 1986 2815 cou-

2061 561 2184 630 οὖχὶ
2216 560 2467 630 δευτέρου
2506 561 2619 614 ἔστι
2653 557 2972 629 προσώπου,
2998 554 3117 608 οὐδὲ
3172 548 3357 612 ἁπλῶς
3387 546 3633 613 κάθισμα

2062 659 2156 711 καὶ
2188 657 2388 728 ἀργίαν
2419 658 2590 728 δηλοῖ,
2616 656 2750 709 ἀλλὰ
2783 657 2858 717 ti);
2893 652 2990 706 καὶ
3027 650 3131 720 πρὸ
3174 647 3373 715 ὀλίγων
3405 639 3634 710 δεδήλω-

2061 762 2171 809 ται,
2209 748 2329 817 ίερὰ
2363 747 2508 811 λέξις
2559 746 2729 806 ἐστὶν,
2759 745 2832 806 di;
2865 743 2958 796 ἐπὶ
2989 739 3266 808 ἐγκαινίου
3315 734 3350 802 ἢ
3391 732 3632 801 ἐνθρονι-

2065 837 2204 906 σμοῦ
2231 837 2349 909 δοίη
2385 839 2412 891 ό
2442 837 2573 900 Θεὸς
2600 830 3026 904 διαφωτισθῆναί
3057 827 3224 881 ποθεν
3254 823 3424 895 ἡμᾶς.

2143 1106 2273 1181 ρνδ’.
2301 1106 2454 1171 Δόξοι
2503 1105 2561 1158 δὲ
2606 1101 2672 1158 ἁν
2718 1098 2880 1155 καλὸν
2912 1094 3051 1152 εἶναι
3090 1093 3349 1163 νοηθῆναι
3378 1089 3472 1144 καὶ
3500 1085 3639 1181 οὕτω

2068 1178 2341 1271 τὸνπαρὸν
2372 1197 2674 1267 τροπὰριον
2695 1213 2709 1228 ·
2733 1191 2806 1247 Ὦ
2835 1193 2992 1260 ἆγιον
3047 1185 3292 1256 Πνεῦμα,
3321 1184 3396 1246 ὼς
3443 1178 3639 1250 ἐρῥέθη

2071 1296 2129 1349 ἐν
2177 1296 2293 1356 τοῖς
2345 1292 2496 1361 τρισὶ
2543 1287 2780 1356 καθεξῆς
2827 1282 3159 1356 δηλούμενον
3188 1279 3415 1346 στίχοις,
3445 1273 3511 1324 σὺ
3540 1271 3642 1324 δει-

2071 1389 2204 1451 κνὺς
2235 1387 2312 1450 ὡς
2341 1385 2474 1447 Θεὸς
2533 1385 2646 1444 τοῖς
2696 1380 2875 1447 ἁγίοις
2931 1373 3275 1434 ἀποστόλοις,
3304 1371 3474 1438 ῆγουν
3508 1365 3647 1416 διδα-

2079 1479 2358 1541 σκαλικῶς
2443 1473 2773 1545 παραδηλῶν
2851 1471 3009 1523 ὁποῖα
3103 1466 3200 1535 μὲν
3274 1460 3647 1524 ποππύζουσιν

2075 1574 2122 1628 oi
2151 1572 2373 1636 ἐθνικοὶ,
2407 1571 2565 1624 ὁποῖα
2593 1566 2650 1620 δὲ
2686 1561 3033 1631 θεολογοῦσιν
3069 1562 3118 1612 οί
3176 1555 3269 1610 τοῦ
3334 1553 3471 1606 Θεοῦ
3540 1569 3645 1620 μα-

2077 1664 2260 1734 θηταὶ,
2321 1660 2538 1723 δεικνὺς
2599 1657 2658 1710 δέ
2713 1654 2847 1709 αὐτὸ
2898 1653 2986 1706 διὰ
3042 1650 3148 1703 τῶν
3201 1646 3441 1717 πυρίνων
3473 1643 3647 1708 γλωσ-

2082 1754 2191 1809 σῶν
2217 1754 2309 1807 καὶ
2341 1752 2442 1821 τῆς
2479 1749 2658 1819 βιαίας
2695 1748 2864 1816 πνοῆς
2919 1741 3233 1811 καθιδρὺεις
3280 1739 3406 1800 τοὺς
3464 1736 3650 1802 ἁγίους

2078 1844 2433 1910 ἀποστόλους,
2481 1843 2650 1912 ἤγουν
2714 1839 2982 1907 ἁγιάζεις,
3035 1835 3132 1887 καὶ
3187 1831 3329 1884 οὕτω
3389 1829 3650 1897 καθιστᾷς

2078 1938 2350 2006 ἐντίμους,
2385 1935 2517 2000 ὡσεὶ
2551 1933 2645 1986 καὶ
2679 1930 2974 1998 ἀγάλματα
3011 1927 3130 1980 θεῖα
3180 1927 3325 1986 ναοῖς
3371 1920 3510 1975 Θεοῦ
3559 1921 3652 1987 ἐμ-

2080 2029 2311 2100 πρέπειν
2341 2028 2488 2093 ἄξια,
2544 2026 2635 2079 καὶ
2670 2023 2815 2076 οὕτω
2850 2019 3210 2084 σεδάζεσθαιο
3251 2018 3341 2071 ἵνα
3379 2015 3521 2068 κατὰ
3554 2013 3651 2079 τὴν

2081 2121 2287 2175 ἔννοιαν
2323 2119 2549 2188 ταύτην,
2601 2115 2724 2185 ἱερὰ
2775 2113 2922 2178 λέξις
2971 2112 3055 2179 εἴη
3091 2111 3152 2164 τὸ
3189 2107 3478 2178 ἐνιδρύειν,
3514 2103 3650 2158 καθὰ

2083 2216 2177 2270 καὶ
2236 2213 2344 2284 πρὸ
2400 2212 2606 2266 τούτων
2647 2209 2785 2278 γέγρ
2812 2223 2995 2261 πται·
3036 2205 3148 2259 Καὶ
3198 2200 3401 2256 τοιόνδε
3436 2199 3535 2268 μὲν
3564 2197 3652 2248 καὶ

2082 2308 2261 2362 τοῦτο.
2297 2304 2370 2360 Τὸ
2399 2305 2455 2360 δὲ
2492 2305 2643 2373 ῥῆμα
2695 2301 2913 2371 ἁξῖωμα
2971 2299 3065 2352 ἐπὶ
3120 2294 3525 2363 παρακλήσεως
3557 2290 3653 2358 μὲν

2084 2399 2278 2468 νοῆσαι
2335 2396 2603 2450 ίδιωτικόν
2652 2395 2770 2446 ἐστι
2792 2408 2806 2421 ·
2845 2389 3044 2460 μᾶλλον
3075 2389 3132 2442 δέ
3163 2387 3383 2453 ἀξίωμα
3413 2383 3652 2451 λέγεται,

2085 2494 2118 2562 ἢ
2149 2492 2285 2544 διότι
2321 2489 2461 2555 ἄξιοι
2495 2487 2596 2556 τῆς
2627 2485 2722 2539 τοῦ
2755 2484 2914 2552 ἁγίου
2951 2482 3275 2550 Πνεῦματος
3311 2473 3581 2544 ὑποδοχῆς
3603 2472 3650 2524 οί

2085 2584 2376 2640 ἀπόστολοι
2404 2578 2547 2652 ἦσαν
2573 2579 2660 2632 διὰ
2689 2577 2749 2631 τὸ
2783 2575 3010 2648 καρδίαν
3038 2572 3220 2633 αὐτοῖς
3257 2567 3508 2638 καθαρὰν
3542 2583 3654 2617 κτι-

2088 2678 2308 2747 σθῆναι,
2334 2677 2366 2746 ῆ
2399 2675 2487 2728 διὰ
2518 2673 2580 2725 τὸ
2613 2673 2678 2724 ἐκ
2705 2669 2897 2742 πρώην
2930 2666 3162 2731 ἀναξίως
3197 2661 3340 2726 ἄξιοι
3370 2659 3648 2728 γεγόνασι,

2089 2770 2186 2826 καὶ
2218 2763 2790 2837 ὅντως-ἀξιωματικοί
2837 2763 2932 2816 καὶ⁵
2970 2757 3250 2828 μεγαλεῖοι
3279 2754 3368 2807 διὰ
3409 2752 3511 2822 τὴν
3563 2749 3654 2802 τοῦ

411 2842 588 2911 8ρὶευὶ
639 2847 1027 2917 magniﬁciquc
1059 2860 1282 2920 propter
1304 2850 1479 2905 sancti
1530 2849 1768 2920 Spiritus
1807 2851 1859 2905 in
1895 2866 1987 2905 eos

2093 2860 2250 2929 ἁγίου
2297 2860 2616 2928 Πνεῦματος
2647 2857 2727 2918 είς
2759 2853 2957 2914 αὐτοὺς
3009 2848 3298 2903 ἐπίπνοιαν
3323 2861 3338 2877 ο
3371 2845 3470 2898 καὶ
3500 2842 3658 2909 ἀξιω-

413 2933 855 3004 iuSpirationem.
887 2939 1118 3010 Insuper
1145 2951 1323 2995 autem
1357 2942 1410 2995 in
1442 2957 1700 2997 sermone
1749 2942 1987 3011 philoso-

2094 2922 2343 3020 μέτικῶς
2375 2922 2747 3016 δέτφιλοσόφῳ
2775 2943 2920 3012 λόγῳ
2972 2939 3196 2994 ἐλάλουν
3220 2937 3296 2999 ὡς
3329 2934 3539 2988 ἐκεῖθεν
3575 2950 3656 2983 σεο
3763 2922 3771 2930 ’

411 3027 575 3097 phico
616 3043 741 3083 cum
787 3032 1110 3091 auctoritate
1142 3031 1575 3103 (ἀξιωματικῶς)
1625 3035 1987 3099 loquebantur

2094 3037 2414 3108 σοφισμένοι
2445 3035 2822 3107 πληρέστατα.
2857 3033 2918 3086 Εί
2947 3030 3055 3099 γὰρ
3099 3027 3418 3096 Πυθαγόρου
3453 3023 3656 3077 κενολοο

414 3117 566 3173 νιιιιιι
593 3119 789 3175 exinde
824 3121 1012 3191 repleti
1045 3123 1330 3192 sapientia.
1384 3122 1443 3178 Si
1490 3126 1635 3179 enim
1685 3124 1987 3197 Pythagora

2093 3131 2340 3200 γοῦντος,
2371 3133 2399 3184 ό
2451 3127 2671 3198 ἀπορῶν
2728 3128 2822 3180 καὶ
2869 3124 3110 3187 ἀκούσας
3162 3121 3298 3190 πρός
3349 3136 3498 3181 τινος
3556 3115 3656 3169 τῶν

415 3208 678 3278 loquente
711 3228 872 3276 vana,
906 3214 996 3268 ille
1045 3215 1140 3284 qui
1185 3214 1492 3281 dubitabat,
1535 3231 1662 3270 cum
1692 3231 1721 3270 a
1756 3217 1986 3284 quodam

415 3316 484 3358 ex
513 3302 800 3372 discipulis
829 3305 948 3374 ejus
979 3306 1226 3361 audierat
1252 3325 1265 3361 :
1301 3307 1420 3374 Ipse
1451 3307 1609 3372 dixit,
1641 3323 1672 3362 a
1701 3311 1991 3378 quaerendo

417 3394 709 3460 cessabat,
773 3396 1048 3464 quomodo
1115 3397 1204 3452 ille
1261 3399 1354 3469 qui
1426 3398 1725 3469 discipulos
1797 3400 1989 3469 spiritu

419 3487 612 3556 plenos
675 3488 936 3543 audiebat
1002 3488 1264 3544 docentes
1348 3499 1458 3544 tam
1545 3499 1814 3560 augusta,
1883 3500 1990 3547 tam

420 3581 657 3646 escclsa,
693 3591 801 3636 tam
835 3581 1164 3637 auctoritate
1191 3582 1373 3652 plena,
1408 3592 1518 3636 tam
1547 3581 1751 3652 Spiritu
1797 3595 1988 3639 sancto

421 3676 625 3743 digna,
686 3674 1047 3731 rebellatione
1099 3689 1164 3731 ac
1225 3676 1659 3732 contradictione
1729 3675 1996 3732 doetrinaa

421 3768 764 3823 obstitisset?

495 3860 621 3917 155.
663 3860 925 3930 ὀρεκτὸν
980 3869 1158 3917 autem
1202 3861 1464 3932 apostolis
1495 3871 1625 3918 erat
1679 3861 1995 3932 hujusmodi

423 3952 690 4021 dignatio,
710 3953 822 4008 sive
846 3952 1000 4007 valde
1032 3952 1366 4018 desiderata,
1399 3961 1475 4021 et,
1507 3955 1654 4009 sicut
1676 3955 1995 4020 praedictum

424 4052 540 4107 cst,
597 4042 859 4116 ἱμερτόν;
900 4042 1144 4112 ἱμείρειν
1213 4041 1358 4096 enim
1421 4050 1477 4096 ct
1553 4041 1861 4112 ίμείρεσθαι
1911 4051 1996 4096 εει

394 4134 400 4140 ’
425 4120 586 4186 enim:
597 4135 738 4203 μεῖν,
761 4142 815 4187 et
853 4130 1215 4203 (ὀρέγεσθαι),
1247 4130 1405 4197 cujus
1434 4139 1516 4186 est
1545 4131 1811 4186 derivatio
1836 4147 1999 4203 appe-

425 4223 562 4276 titus
602 4232 656 4276 et
682 4221 992 4291 appetentia
1031 4220 1281 4290 (ὀρεκτὸν
1313 4230 1368 4275 et
1413 4220 1651 4291 δρεξις);
1699 4222 1816 4277 sive
1863 4238 1999 4291 pm:-

425 4305 689 4368 cellenter
712 4327 740 4365 a
780 4311 890 4366 Deo
917 4311 1040 4365 data
1071 4328 1086 4366 :
1124 4311 1352 4367 verbum
1387 4313 1534 4366 enim
1567 4311 1786 4383 δρέγειν
1813 4313 2002 4380 hujus-

428 4403 574 4459 mndi
607 4417 826 4473 quoque
850 4401 1238 4472 significationi
1276 4401 1550 4491 subiacet,
1580 4414 1640 4459 ut
1669 4404 1784 4459 sic:
1811 4402 1999 4476 δρεξόν

2094 3225 2290 3293 ἐκείνῳ
2332 3221 2646 3292 φοιτώντων
2695 3220 2777 3273 ὅτι
2838 3217 3000 3280 αὐτὸς
3057 3215 3247 3284 ἔφατο,
3283 3211 3518 3265 ἐπαύετο
3571 3207 3656 3262 τοῦ

2095 3317 2299 3386 ζητεῖν,
2353 3316 2471 3376 πῶς
2515 3313 2582 3367 ἂν
2628 3315 2657 3365 ὁ
2711 3313 2837 3373 τοὺς
2896 3305 3383 3378 πνευματοφόρους
3422 3299 3663 3373 μαθητὰς

2094 3410 2314 3464 ἁκούων
2361 3395 2717 3468 διδάσκοντας
2751 3403 2895 3458 οὕτω
2931 3403 3125 3472 σεμνὰ,
3183 3401 3281 3454 καὶ
3318 3396 3520 3468 ὑψηλὰ,
3574 3394 3664 3447 καὶ

2095 3501 2466 3572 ἀξιωματικὰ,
2499 3498 2593 3552 καὶ
2625 3495 2721 3551 τοῦ
2754 3495 2912 3564 ἁγίου
2957 3492 3275 3562 Πνεύματος
3308 3489 3456 3556 ἄξια,
3489 3487 3662 3540 ἐνέκο-

2095 3594 2198 3664 ψεν
2245 3593 2314 3648 ἂν
2349 3591 2447 3664 τὴν
2485 3588 2841 3646 διδασκαλίαν
2888 3586 3223 3650 ἐνστατικῶς
3274 3585 3368 3638 καὶ
3404 3581 3667 3647 ἀντιλογι-

2096 3703 2207 3748 xw;
2235 3704 2251 3751 ;

2173 3864 2301 3938 ρνέ.
2349 3863 2608 3936 Ὀρεκτὸν
2631 3862 2686 3917 δὲ
2719 3861 3043 3922 ἀποστόλοις
3072 3858 3134 3912 τὸ
3157 3855 3398 3910 τοιοῦτον
3431 3853 3663 3920 ἀξίωμα,

2097 3959 2132 4030 ἢ
2158 3958 2234 4023 ὡς
2263 3955 2470 4025 ἐφετῶς
2493 3953 2853 4024 ἐπιθυμητὸν,
2882 3951 2977 4005 καὶ
3001 3949 3030 4004 δ
3050 3949 3115 4020 δὴ
3138 3949 3486 4017 προείρηται,
3519 3945 3671 4010 ίμερ.

2098 4051 2212 4105 τόν.
2257 4049 2514 4118 Ἰμείρειν
2544 4044 2654 4114 γὰρ
2684 4043 2776 4098 καὶ
2807 4040 3121 4113 ίμείρεσθαι
3153 4036 3214 4091 τὸ
3238 4034 3553 4101 ἐπιθυμεῖν,
3578 4030 3670 4083 καὶ

2099 4143 2418 4217 ὀρέγεσθαι,
2447 4139 2857 4209 οὗέκφοίτησις
2891 4135 2952 4188 τὸ
3004 4131 3233 4204 ὀρεκτὸν
3259 4129 3353 4182 καὶ
3377 4128 3410 4198 ὴ
3446 4127 3624 4196 ὄρεξις
3653 4138 3668 4153 ⁶

2101 4237 2137 4308 ἢ
2174 4237 2236 4289 τὸ
2267 4233 2566 4304 ἐξαιρέτως
2591 4229 2776 4284 θεόθεν
2805 4227 2993 4281 δοτόνο
3028 4226 3208 4278 κεῖται
3230 4220 3340 4291 γὰρ
3369 4219 3430 4272 τὸ
3461 4219 3673 4288 ὀρέγειν

2102 4328 2200 4382 καὶ
2228 4325 2323 4379 ἐπὶ
2354 4323 2601 4378 τοιούτου
2641 4318 3072 4390 σημαινομένου,
3101 4316 3178 4378 ὡς
3207 4312 3288 4377 τὸ,
3325 4309 3554 4384 Ὀρεξόν
3584 4326 3676 4378 μοι

2103 4422 2260 4492 χεῖρα
2315 4415 2591 4487 βοηθείας,
2637 4415 2810 4484 ἤγουν
2847 4410 3111 4471 ἔκτεινον,
3155 4406 3242 4470 δός
3268 4420 3282 4436 ·
3306 4403 3368 4470 ἐξ
3417 4396 3479 4456 οὗ
3513 4403 3609 4455 καὶ
3639 4404 3676 4472 ἡ

429 4514 522 4567 μοι
560 4504 615 4552 ει
647 4510 864 4549 manum
899 4495 1320 4558 auxiliatricem,
1359 4487 1757 4566 sive'vporrige,
1791 4495 1894 4562 da;
1931 4512 1987 4550 ex

2103 4487 2490 4582 παροξυτόνως
2536 4505 2754 4576 όργυία,
2791 4503 2824 4572 ἢ
2858 4501 3000 4555 κατὰ
3051 4499 3176 4562 τοὺς
3230 4496 3494 4559 παλαιοὺς
3546 4512 3683 4564 προ-

425 4605 535 4660 quo
582 4587 730 4644 venit
773 4601 898 4642 cum
949 4594 1176 4642 accentu
1238 4587 1542 4657 penultimo
1604 4585 1840 4656 ὄργυια,
1905 4601 1998 4641 seu

423 4682 580 4749 juxta
610 4688 842 4745 veteres,
888 4692 1014 4734 cum
1051 4686 1282 4733 accentu
1318 4677 1775 4748 antepenultimo,
1806 4677 2004 4748 ὅργυια

429 4774 600 4845 (ulna)
634 4791 647 4828 :
686 4772 868 4829 unde:
904 4771 1240 4840 ὁργυιᾶσθαι
1269 4771 1561 4826 extendere
1593 4770 1811 4824 nautica
1861 4770 2000 4824 vela.

427 4867 508 4922 Ex
548 4866 652 4920 hoc
679 4875 882 4929 autem,
919 4874 976 4920 ut
1002 4864 1206 4920 dictum
1239 4871 1345 4930 est,
1386 4863 1555 4919 verbo
1585 4863 1825 4933 ὀρέγειν,
1857 4861 2005 4916 deri-

429 4967 588 5010 vatur
631 4955 794 5009 etiam
829 4955 987 5024 ἔγχος
1042 4955 1277 5025 (lancea)
1318 4969 1430 5009 non
1482 4959 1735 5009 cominus
1782 4953 2005 5017 feriens,

431 5049 526 5102 sed
572 5047 808 5116 proiecta
861 5060 959 5115 per
1013 5060 1209 5101 manus
1266 5045 1597 5100 teusionem.
1654 5047 1771 5100 Hoc
1822 5053 2005 5099 autem

432 5140 717 5203 Σιωνίταις
751 5148 833 5194 est
860 5154 959 5208 pro
997 5137 1482 5210 Ἱεροσολυμίταις,
1519 5155 1614 5196 seu
1658 5140 1813 5212 juxta
1849 5138 2004 5195 Sion.

433 5229 551 5285 Vox
585 5244 715 5284 vero
751 5231 1053 5300 μίμνουσιν
1099 5238 1215 5284 tuto
1265 5230 1369 5285 dici
1407 5231 1676 5302 potuisset
1725 5231 2004 5300 μένουσιν,

434 5322 582 5378 illius
611 5322 775 5376 loco:
813 5323 872 5378 In
920 5322 1056 5376 Sion
1107 5322 1473 5393 ἀναμένουσιν
1509 5321 2005 5394 (exspectantibus)

433 5425 582 5470 tuam
648 5414 778 5478 sive
808 5415 888 5468 tui
935 5416 1276 5484 praesentiam
1321 5433 1336 5472 :
1389 5417 1552 5486 elegit
1601 5423 1782 5470 autem
1847 5420 2007 5483 poeta

432 5508 579 5577 quod
602 5508 778 5578 magis
798 5507 1069 5578 poeticum
1089 5519 1245 5573 erat;
1283 5509 1648 5564 communiter
1683 5506 1827 5561 enim
1863 5506 2010 5569 μένω

434 5601 724 5655 dicimus:
768 5600 978 5671 poetice
1043 5617 1174 5656 vero
1235 5602 1532 5656 derivatum
1589 5601 1796 5669 μίμνω.
1857 5595 2007 5651 Talia

436 5699 566 5744 sunt
589 5692 735 5746 τέκω
768 5693 960 5759 τίκτω,
1000 5693 1111 5764 ἔχω
1137 5694 1299 5762 ἴσχω,
1331 5701 1385 5748 ει
1426 5693 1647 5747 similia.
1683 5691 1796 5746 Vox
1827 5702 2008 5744 autem

422 5785 872 5872 ,πατρογεννήτου
898 5783 1225 5855 compositio
1256 5794 1341 5840 est
1375 5784 1582 5839 auctori
1619 5797 1778 5839 sacro
1819 5780 2004 5836 chara.

2103 4601 2488 4675 παροξυτόνως
2522 4600 2722 4672 όργυια
2745 4613 2761 4629 ·
2801 4595 2929 4651 ὅθεν
2953 4594 3015 4647 τὸ
3044 4589 3370 4661 ὀργυιᾶσθαι
3395 4589 3521 4651 τοὺς
3551 4605 3683 4640 ναυ-

2101 4697 2289 4757 τικοὺς
2324 4693 2590 4762 φώσωνας
2610 4705 2626 4721 ο
2663 4689 2758 4742 τοῦ
2787 4687 2867 4752 δὲ,
2903 4685 2980 4748 ώς
3012 4681 3234 4756 ἐρρέθη,
3261 4680 3479 4750 ὀρέγειν
3505 4677 3687 4746 παρῆ-

2107 4806 2233 4843 κται
2269 4786 2363 4839 καὶ
2414 4784 2574 4854 ἔγχος
2606 4779 2855 4850 ὀρεκτὸν,
2882 4777 2943 4830 οὐ
2993 4774 3054 4829 τὸ
3086 4775 3422 4843 ἁγχέμαχον,
3457 4769 3592 4823 ἀλλὰ
3621 4769 3687 4820 τὸ

2107 4877 2477 4946 ἐπαφιέμενον
2505 4873 2595 4929 διὰ
2643 4870 2922 4930 ἐκτάσεως
2961 4865 3166 4936 χειρός.
3191 4863 3265 4915 Τὸ
3301 4862 3359 4914 δὲ
3393 4859 3688 4921 Σιωνίταις

2106 4972 2229 5026 ἀντὶ
2253 4968 2346 5023 τοῦ
2385 4963 2848 5038 Ἱεροσολυμίταις
2901 4961 3075 5031 ῆγουν
3114 4955 3257 5009 κατὰ
3283 4953 3385 5024 τὴν
3415 4952 3588 5005 Σιών·
3625 4951 3692 5004 τὸ

2106 5063 2164 5116 δὲ
2203 5061 2500 5133 μίμνουσιν
2530 5054 2678 5130 εἶχεν
2719 5055 2894 5108 είπεῐν
2930 5049 3222 5122 ἁσφάλτως
3254 5047 3535 5116 μένουσιν,
3565 5042 3696 5096 amt

2109 5152 2205 5209 τοῦ
2235 5155 2294 5207 ἐν
2351 5155 2418 5224 τῇ
2455 5150 2598 5207 Σιὼν
2650 5148 2984 5217 ἀναμένουσι
3017 5143 3115 5214 σὴν
3151 5138 3480 5211 παρουσίαν,
3512 5136 3545 5206 ἢ
3592 5134 3695 5188 σοῦ

2110 5246 2417 5318 παρουσίαν
2441 5259 2456 5275 ο
2502 5243 2677 5296 εἵλετο
2699 5240 2755 5294 δέ
2782 5241 2810 5291 ὁ
2835 5235 3074 5306 μελῳδὸς
3123 5232 3184 5286 τὸ
3233 5227 3696 5298 ποιητικώτερον,

2110 5337 2326 5402 Κοινῶς
2359 5336 2458 5408 μὲν
2483 5335 2594 5405 γὰρ
2626 5333 2774 5403 μένω
2829 5327 3010 5399 φαμέν
3031 5341 3046 5356 ⁸
3079 5321 3385 5393 ποιητικῶς
3414 5320 3470 5374 δὲ
3505 5318 3701 5388 μίμνω

2109 5429 2255 5484 κατὰ
2274 5426 2612 5499 παραγωγήν
2635 5440 2650 5454 ·
2673 5421 2879 5491 ὁμοίως
2899 5416 2977 5490 τῷ
2999 5417 3144 5470 τέκω
3169 5414 3361 5477 τίκτω,
3391 5412 3501 5483 ἐχω
3528 5411 3698 5482 ἴσχω,

2111 5521 2208 5574 καὶ
2236 5519 2337 5573 ὅσα
2362 5513 2612 5571 τοιαῦτα.
2653 5512 2722 5566 Ἥ
2757 5510 2814 5564 δέ
2843 5508 2938 5563 τοῦ
2973 5503 3410 5578 πατρογεννήτου
3439 5499 3703 5564 σύνθεσις

2112 5609 2242 5680 φίλη
2270 5608 2364 5662 καὶ
2389 5605 2526 5676 αὐτὴ
2555 5602 2634 5675 τῷ
2669 5597 2895 5674 ἱερῳδῷ.
