3966 6248
319 385 426 450 669

1145 382 1225 443 IN
1270 377 1614 440 HYMNUH
1662 381 2318 440 PEN'I‘ECOSTALEM
2368 380 2828 444 DAMASCENL

3463 371 3570 435 670

391 510 536 575 ρνς¹.
563 503 742 572 Λέσχη
772 499 828 554 δὲ
862 499 958 553 νῦν
996 499 1094 568 μὲν
1126 499 1490 568 κοινότερονὴ
1519 499 1594 569 μὴ
1622 498 1897 564 ἀναγκαία

2074 498 2196 552 156.
2230 499 2409 569 Λέσχη
2457 515 2598 554 nunc
2653 499 2872 568 quidem
2915 497 3276 552 communiter
3327 504 3412 549 est
3461 510 3568 548 non

317 598 655 666 πάνυ,τάχα
708 595 766 649 δὲ
803 595 897 648 καὶ
947 594 1176 658 ἄκαιρος
1236 591 1533 660 πολυλογία
1569 590 1896 662 καθημένων

316 692 482 747 τινῶν
515 689 702 764 ἀργῶν
758 687 1010 741 ἐθνικῶν.
1049 685 1226 738 Πάλαι
1275 685 1333 738 δέ
1378 701 1508 738 ποτε
1535 685 1586 737 οἱ
1618 684 1779 750 ἀργοὶ
1811 681 1898 736 διὰ

318 786 537 848 πενίας,
567 782 662 836 καὶ
701 783 777 853 μη
821 780 1040 850 ἔχοντες
1095 779 1258 849 ἔργου
1308 776 1603 830 σπουδαίου
1650 774 1896 845 ἔχεσθαι,

317 877 710 948 ἀθροιζόμενοι
756 879 887 942 περὶ
935 871 1204 941 καμίνους
1235 869 1600 940 βαλανειακάς
1627 868 1899 938 χειμῶνος

318 969 414 1024 καὶ
473 967 602 1036 περὶ
650 963 967 1034 χαλκεῶνας
1000 961 1164 1032 χάριν
1197 959 1364 1022 ἀλέας
1398 959 1427 1014 ό
1454 960 1600 1012 ἐστιν
1649 957 1898 1027 ἀλεωρῆς

319 1063 414 1116 καὶ
450 1060 809 1133 θερμότητος,
858 1055 956 1108 καὶ
1005 1052 1360 1120 ἀνακείμενοι
1395 1052 1485 1104 καὶ
1517 1049 1808 1113 λαλοῦντες
1831 1051 1900 1102 τά

319 1154 552 1216 ἐκείνοις
581 1152 731 1221 φίλα,
769 1149 866 1203 καὶ
895 1146 1076 1217 μάτην
1105 1143 1249 1198 οὕτω
1278 1143 1380 1211 τὴν
1410 1143 1666 1210 γλῶσσαν
1699 1141 1900 1194 πονού-

323 1263 502 1315 μενοι,
535 1245 630 1296 καὶ
665 1236 1093 1308 κατατρίϐοντες
1143 1234 1220 1296 ὡς
1266 1228 1356 1285 οἷα
1387 1232 1483 1285 καὶ
1527 1228 1897 1298 γλώσσαλγοι,

319 1339 420 1410 τὴν
468 1337 572 1404 τῆς
613 1331 812 1403 λέσχης
863 1328 1164 1398 ὀνομασίαν
1210 1328 1506 1394 ἐξέφηναν.
1548 1325 1756 1393 Λέσχαι
1792 1323 1899 1392 γὰρ

320 1429 618 1486 ἐκαλοῦντο
681 1429 730 1480 oi
784 1423 1017 1479 τοιοῦτοι
1067 1423 1248 1485 τόποι,
1307 1421 1447 1490 τάχα
1502 1420 1600 1489 μέν
1643 1417 1753 1471 ἀπὸ
1805 1415 1900 1469 τοῦ

319 1524 505 1591 λέγειν
534 1522 655 1592 ἦτοι
687 1519 890 1580 λαλεῖν,
917 1516 1154 1587 μάλιστα
1182 1514 1242 1567 δὲ
1277 1513 1354 1576 ὡς
1385 1511 1497 1566 ἀπδ
1539 1509 1636 1565 τοῦ
1668 1510 1816 1575 λέγω
1839 1508 1901 1562 τὸ

320 1618 596 1688 κάθημαι,
621 1614 719 1669 καὶ
745 1613 1067 1681 ἀνάκειμαι,
1087 1610 1182 1664 καὶ
1205 1605 1531 1674 κοιτάζομαι
1547 1618 1562 1633 ·
1587 1601 1713 1655 ὅθεν
1738 1599 1899 1662 λέξω,

319 1712 570 1782 λέξομαι,
595 1708 659 1761 τὸ
704 1705 1047 1774 κοιμήσομαι
1125 1697 1536 1767 παρακείμενος
1567 1692 1624 1747 δὲ
1652 1690 1746 1744 τοῦ
1786 1707 1900 1744 τοι-

321 1780 485 1859 ούτου
546 1800 786 1870 θέματος
812 1796 1029 1864 λέλεχα,
1054 1793 1179 1846 ὅθεν
1208 1790 1270 1843 οὐ
1305 1790 1467 1859 μόνον
1513 1785 1669 1854 λέχος
1697 1783 1792 1836 καὶ
1816 1780 1902 1833 λέ-

321 1911 491 1964 κτρον
516 1893 552 1963 η
585 1889 766 1958 κοίτη,
801 1887 895 1940 καὶ
926 1883 1066 1954 γυνὴ
1095 1881 1262 1951 λεχὼ,
1295 1879 1433 1934 ἀλλὰ
1463 1877 1556 1930 καὶ
1603 1878 1637 1946 ἡ
1672 1874 1902 1946 ρηθεῐσα

321 1989 481 2056 λέχη,
510 1985 606 2038 καὶ
657 1977 987 2045 πλεονασμῷ
1048 1975 1141 2030 τοῦ
1195 1992 1227 2027 σ
1279 1973 1490 2043 λέσχη·
1524 1971 1646 2026 ὅθεν
1699 1968 1795 2022 καὶ
1841 1966 1904 2021 τὸ

323 2078 659 2148 ἀδολεσχεῖν,
688 2073 855 2144 ἧγουν
880 2067 1120 2137 δαψιλῶς
1151 2066 1354 2120 λαλεῖν.

401 2257 540 2329 ρνζ’.
578 2256 646 2310 Ἦ
676 2252 892 2322 ἀπηνὴς
918 2251 998 2316 δέ,
1023 2249 1119 2303 καὶ
1141 2249 1168 2301 ό
1198 2245 1438 2316 ἀπηνὴς,
1467 2245 1562 2298 καὶ
1591 2243 1651 2296 τδ
1673 2243 1903 2312 ἀπηνὲς.

321 2353 390 2406 οὐ
442 2351 604 2422 μόνον
636 2345 698 2400 τὸ
732 2343 1113 2412 ἀντικείμενον
1148 2341 1212 2410 τῇ
1254 2338 1523 2408 πρᾳότητι
1573 2336 1748 2402 δηλοῖ,
1781 2333 1908 2388 καθ’

320 2445 351 2500 δ
386 2440 792 2512 σημαινόμενον
821 2435 952 2496 τοὺς
997 2431 1358 2503 τυραννικοὺς
1389 2429 1620 2498 ἀπηνεῖς
1648 2429 1906 2494 λέγομεν,

323 2537 468 2591 ἀλλά
499 2533 598 2587 καὶ⁸
627 2531 688 2583 τὺ
720 2529 957 2596 ἄσεμνον
1005 2523 1138 2595 παρ’
1179 2523 1472 2584 Ἀττικοῖς,
1501 2521 1577 2584 ὡς
1611 2521 1719 2576 ἄπο
1752 2519 1905 2571 αἴνου

323 2633 499 2699 ἦγουν
534 2623 751 2694 μακρὰν
781 2619 1004 2675 ἐπαίνου
1025 2633 1040 2646 ·
1073 2617 1135 2668 τὸ
1168 2616 1277 2682 γὰρ
1317 2617 1392 2683 μὴ
1427 2625 1626 2680 σεμνόν
1657 2611 1757 2664 οὐκ
1787 2610 1910 2679 Exo-

330 2740 436 2793 μεν
485 2717 764 2772 ἐπαινείνο
790 2710 1006 2780 ἀπηνὴς
1037 2703 1134 2762 οὖν
1166 2708 1334 2778 λέσχη
1385 2707 1557 2759 ἐθνῶν
1591 2705 1711 2757 κατ’
1739 2703 1909 2771 ἄμφω

325 2812 509 2868 ταῦτα
558 2806 958 2880 σημαινόμενα.
1012 2806 1088 2858 Τδ
1121 2803 1178 2857 δὲ
1229 2803 1544 2868 πόππυσμα
1590 2803 1721 2850 ποία
1762 2795 1910 2862 λέξις

187 2942 202 2955 ο
315 2893 484 2960 ’ἐστίν
509 2921 524 2972 ;
552 2897 1134 2971 όνοματοπεποιημένη
1160 2894 1385 2965 δηλαδή·
1417 2889 1779 2961 ἐτυμολογίαν
1811 2889 1908 2956 μέν

326 2999 433 3054 οὐκ
459 2997 683 3066 ἔχουσα,
706 2989 1110 3061 πραγματικῶς
1130 2989 1188 3042 δέ
1211 2984 1589 3056 γνωριζομένη
1610 2983 1722 3044 τοῖς
1745 2978 1912 3033 ἀκού-

327 3109 487 3146 ουσιν
535 3090 620 3141 ὅτι
669 3089 737 3140 τά
784 3084 938 3156 χείλη
988 3079 1214 3150 σφιγμῷ
1259 3076 1670 3146 συνάγοντες,ἢ
1733 3073 1908 3144 βρέφη

331 3178 765 3254 προσφωνοῦμεν
786 3175 975 3242 φιλίως
993 3171 1429 3254 κολακικώτερον
1455 3170 1604 3238 φωνῇ
1631 3165 1909 3236 ἀνάρθρῳ,
1937 3192 1983 3254 C

330 3251 390 3345 ἢ*
409 3271 686 3341 πωλάρια,
711 3268 746 3338 ἢ
780 3267 909 3320 ἄλλο
935 3281 988 3316 τι
1018 3264 1092 3332 μὴ
1123 3251 1247 3331 ἕχον
1279 3260 1494 3313 ἐπαΐειν
1520 3255 1786 3328 ἐνάρθρου
1816 3255 1912 3308 λα-

329 3369 494 3430 λιᾶςο
521 3363 615 3417 καὶ
649 3360 764 3413 ἐστι
803 3356 951 3410 τοῦθ’
999 3358 1187 3421 ὅμοιον
1237 3353 1312 3416 ὡς
1346 3353 1394 3404 εί
1443 3351 1538 3403 καὶ
1572 3350 1713 3402 καθὰ
1740 3350 1914 3401 κόκκυ

333 3455 617 3521 κοκκύζω,
647 3454 818 3514 οὕτως
848 3446 918 3520 ἦν
963 3448 1060 3502 καὶ⁵
1090 3446 1301 3508 πόππυ,
1327 3444 1387 3511 ἐξ
1431 3443 1492 3496 οῦ
1526 3443 1586 3495 τὸ
1619 3440 1914 3504 ποππύζω,

332 3555 368 3622 ἢ
403 3549 512 3622 γρῦ
541 3545 748 3617 γρὺξω,
787 3545 881 3596 καὶ
913 3541 985 3612 μῦ
1019 3540 1206 3609 μύζω·
1253 3537 1624 3605 ποππύσμασι
1655 3534 1713 3587 δέ
1763 3534 1915 3586 είκάο

335 3648 428 3709 ζει
454 3641 649 3709 δεξιῶς
679 3638 794 3708 ἀμα
826 3637 920 3689 καὶ
960 3633 1195 3694 ἀστείως
1228 3632 1326 3694 τὰς
1359 3630 1468 3682 τῶν
1499 3626 1672 3683 ἐθνῶν
1700 3627 1917 3695 λέσχας,

334 3741 364 3792 δ
392 3739 431 3792 ἀ
461 3737 524 3789 τὸ
552 3739 611 3787 ἐν
636 3733 815 3798 λόγοις
852 3729 1033 3798 μόνοις
1063 3727 1163 3796 ἡδὺ
1188 3768 1191 3769 ν
1221 3725 1316 3778 καὶ
1366 3719 1479 3776 οἷον
1533 3719 1918 3790 φιληματικῶς

337 3827 644 3897 ἐπαγωγὴν
689 3825 800 3876 τῶν
849 3818 1190 3888 ἐξωτερικῶν
1235 3817 1514 3884 φράσεων.
1550 3812 1780 3880 Καρπὸν
1809 3811 1916 3879 γὰρ

337 3924 552 3975 ἐκεῖναι
587 3915 932 3986 ψυχοτρόφον
966 3911 1039 3980 μὴ
1076 3908 1358 3977 φέρουσαι,
1405 3905 1467 3957 τὸ
1514 3903 1741 3971 ἐφολκδν
1772 3899 1920 3972 εἶχον

337 4014 521 4072 ἄλλως
559 4009 807 4080 μυθικοῖς
827 4006 1115 4073 πλάσμασι
1147 3998 1241 4053 καί
1274 4014 1387 4051 τισι
1414 3994 1679 4059 τοιούτοις
1708 3994 1917 4062 λήροις,

336 4105 429 4166 οἷς
479 4105 530 4158 οἱ
564 4101 775 4173 χυδαῖοι
808 4096 1094 4169 χαίρουσιν
1144 4091 1278 4145 ὡσεὶ
1324 4090 1420 4142 καὶ
1468 4087 1585 4150 ζῶα
1633 4085 1920 4150 ποππυζό-

343 4214 512 4267 μενα.

1999 592 2228 646 multnm
2258 592 2426 652 milis.
2463 592 2556 646 sed
2587 593 2748 646 etiam
2792 590 2928 644 forte
2961 603 3064 642 non
3100 597 3406 657 opportuna
3441 601 3572 640 con-

2000 683 2261 738 fabulatio
2312 684 2592 736 hominum
2651 685 2946 737 otiosorum
3010 681 3379 735 ethnicorum.-
3431 676 3571 732 Olim

2001 787 2180 830 autem
2217 778 2264 830 ut
2308 775 2472 845 ἀργοί
2516 785 2737 845 propter
2781 781 3178 844 paupertatem.
3231 781 3286 826 et
3330 771 3422 840 qui
3465 784 3571 823 non

1999 876 2250 936 poterant
2305 866 2454 934 operi
2497 876 2724 921 strenuo
2773 879 3007 922 vacare.
3056 860 3574 931 congregati.eirca
3665 909 3674 912 _

2001 953 2308 1010 balnearios
2347 955 2545 1011 hiemis
2570 955 2816 1009 caminos
2857 963 2912 1009 et
2958 956 3103 1009 circa
3147 952 3400 1007 foruaces
3431 965 3574 1005 aera-

2001 1049 2204 1102 riornm
2245 1048 2314 1102 ob
2361 1048 2601 1102 calorem
2656 1048 2900 1117 (ἀλέαν),
2948 1047 3000 1100 id
3055 1054 3139 1101 est
3187 1045 3470 1100 tutelarem
3520 1050 3576 1095 et

2003 1141 2195 1210 fotum,
2241 1141 2483 1209 jacentes
2530 1149 2584 1195 et
2639 1139 3074 1203 contabulautes,
3132 1138 3319 1206 sicque
3368 1137 3571 1191 frustra

2003 1235 2241 1304 linguam
2269 1244 2585 1289 exercentes
2614 1242 2669 1288 et
2703 1242 3090 1287 consumentes
3112 1230 3275 1284 veluti
3311 1229 3571 1297 loquaces

2001 1326 2202 1393 λέσχης
2233 1339 2430 1378 nomen
2466 1323 2889 1394 propalavernnt
2921 1339 2936 1376 :
2966 1323 3152 1390 λέσχαι
3183 1322 3329 1375 enim
3375 1334 3574 1372 vocan-

2002 1426 2093 1472 tur
2125 1415 2438 1486 bujusmodi
2468 1416 2608 1482 loca,
2641 1402 2781 1470 l‘orte
2801 1431 2830 1470 a
2857 1415 3024 1470 verbo
3049 1413 3230 1479 λέγειν
3278 1427 3374 1467 εευ
3407 1410 3576 1478 loqui,

2002 1512 2119 1567 sive
2167 1510 2348 1580 potius
2389 1523 2419 1562 a
2462 1507 2608 1575 λέγω
2651 1508 2874 1572 recubo,
2907 1507 3086 1575 jacco,
3137 1504 3383 1569 dormio;
3432 1503 3577 1557 unde

2003 1602 2162 1668 λέξω,
2197 1602 2448 1669 λέξομαι,
2480 1602 2844 1670 requiescam.
2866 1599 3190 1655 Aﬂlnitatem
3217 1607 3396 1652 autem
3420 1597 3577 1651 habet

2004 1710 2126 1750 cum
2176 1693 2490 1763 hujusmodi
2534 1693 2718 1747 radice
2761 1691 3000 1762 λέλεχα,
3047 1691 3192 1744 unde
3243 1705 3352 1744 non
3401 1688 3576 1741 solum
3629 1692 3633 1697 ’

2004 1786 2151 1840 venit
2173 1785 2329 1854 λέχος
2351 1794 2404 1838 ει
2433 1784 2661 1853 λέκτρον
2685 1783 2883 1847 cubile,
2915 1793 2970 1836 et
2997 1783 3190 1836 mulier
3212 1779 3359 1849 λεχὼ
3393 1780 3579 1849 (puer-

2007 1882 2181 1951 pera),
2203 1880 2298 1934 sed
2324 1888 2380 1934 ct
2404 1881 2547 1933 dicta
2579 1895 2680 1932 vox
2712 1878 2867 1945 λέχη,
2888 1893 3006 1946 qua:
3033 1893 3156 1930 cum
3189 1876 3504 1943 cxplctivoa
3523 1874 3580 1927 lit

2007 1972 2199 2042 λέσχη.
2240 1971 2380 2027 Hinc
2430 1972 2593 2027 etiam
2631 1969 2782 2026 venit
2825 1969 3152 2039 ἀδολεσχεῖν.
3203 1968 3319 2024 sive
3362 1967 3582 2034 cepiose

2007 2065 2178 2136 loqui.

2072 2245 2210 2306 .157.
2249 2244 2427 2300 Voces
2457 2253 2636 2298 autem
2679 2243 2712 2312 ἡ
2745 2243 2984 2312 ἀπηνὴς,
3023 2251 3078 2296 ει
3115 2243 3144 2296 ό
3188 2239 3426 2310 ἀπηνὴς,
3444 2245 3498 2290 ει
3523 2238 3584 2288 τὸ

2008 2339 2238 2408 ἀπηνές,
2281 2352 2388 2392 non
2425 2335 2601 2392 solum
2646 2334 2791 2404 quod
2827 2333 3128 2403 opponitur
3173 2327 3583 2385 mansuetudini

2011 2430 2360 2500 signiﬁcant,
2411 2437 2683 2497 quatenus
2731 2425 2835 2479 bac
2880 2420 3275 2492 signiﬁcatione
3327 2428 3586 2490 tyrannos

2009 2521 2244 2577 dicimus
2279 2519 2532 2589 ἀπηνεῖς,
2571 2511 2666 2572 sed
2705 2516 2869 2571 etiam
2923 2514 3066 2583 apud
3105 2512 3357 2581 antiquos
3397 2508 3584 2578 expri—

2011 2627 2167 2670 munt
2207 2612 2353 2681 quod
2401 2611 2686 2680 indignum
2735 2616 2818 2662 est
2851 2617 3109 2676 tanquam
3157 2621 3188 2660 a
3247 2604 3408 2674 laude
3468 2605 3584 2659 sive

2008 2707 2180 2776 gloria
2214 2694 2389 2776 (αἴνου
2426 2710 2482 2758 ει
2511 2701 2764 2767 ἐπαίνου)
2803 2699 3183 2768 longinquum.
3228 2696 3382 2762 Quod
3438 2697 3583 2750 enim

2012 2798 2331 2854 honorabile
2361 2811 2468 2852 non
2496 2803 2599 2860 est,
2627 2794 2856 2849 laudare
2879 2807 2988 2848 non
3016 2804 3345 2861 possumus:
3374 2786 3588 2857 ἀπηνὴς

2012 2894 2182 2964 igitur
2218 2899 2338 2946 erat
2387 2888 2730 2943 ethnicorum
2785 2885 2953 2955 λέσχη
3009 2883 3126 2939 sive
3181 2879 3587 2944 contabulatio,

2014 2985 2311 3042 secundum
2337 2991 2623 3050 utramque
2644 2977 3120 3050 signiﬁcationem.
3138 2973 3255 3030 Jam
3279 2974 3587 3040 πόππυσμα

2015 3077 2194 3146 qualis
2237 3084 2320 3131 est
2353 3073 2505 3128 vox?
2549 3070 2967 3140 Onomatopaaia
2997 3082 3152 3124 sane.
3195 3064 3584 3135 Etymnlogiam

2017 3169 2161 3224 enim
2203 3183 2312 3221 non
2361 3167 2546 3230 habet,
2581 3163 2676 3219 sed
2727 3163 2922 3217 effectu
2954 3159 3202 3216 noscitur
3241 3155 3589 3210 audientibus

2013 3275 2136 3314 cum
2183 3257 2326 3312 labia
2389 3256 2749 3326 stringentes,
2799 3253 2975 3306 amice
3035 3247 3400 3316 blandulcque
3447 3244 3592 3298 inar-

2018 3351 2238 3406 ticulata
2294 3364 2428 3405 voce
2486 3347 2885 3416 compellamus
2943 3344 3180 3398 infantes
3253 3349 3349 3395 aut
3389 3338 3589 3409 pullos.

2018 3453 2110 3498 aut
2169 3441 2314 3496 aliud
2372 3440 2504 3510 quid
2574 3438 2906 3494 locutionem
3007 3433 3353 3489 articulatam
3418 3439 3592 3483 atten-

2018 3536 2146 3590 dere
2197 3548 2304 3587 non
2362 3531 2573 3587 valens.
2636 3529 2752 3584 Hoc
2807 3543 2940 3583 vero
3006 3541 3114 3581 non
3168 3519 3327 3580 secus
3384 3530 3468 3576 est
3531 3534 3596 3574 ac

2019 3623 2066 3680 si
2102 3623 2256 3694 juxta
2312 3622 2489 3677 κόκκυ
2556 3619 2834 3686 κοκκύζω,
2892 3619 2974 3675 sic
3031 3618 3324 3673 haberetur
3377 3613 3592 3676 πόππυ,

2029 3723 2177 3770 unde
2207 3715 2506 3780 ποππὺζω,
2529 3714 2614 3770 vel
2635 3712 2742 3783 γρῦ
2802 3710 2993 3782 γρύζω
3021 3719 3077 3765 ει
3101 3709 3174 3779 μῦ
3240 3707 3416 3776 μύξω.
3457 3704 3597 3759 Sibi-

2029 3807 2323 3862 lationibus
2385 3815 2567 3860 autem
2638 3803 2913 3859 blandulis
2939 3816 3086 3867 vere,
3138 3809 3192 3855 et
3221 3799 3429 3853 urbane
3467 3810 3598 3848 con-

2029 3899 2396 3954 tabulationes
2419 3897 2763 3953 ethnicorum
2796 3895 3086 3959 assimilat,
3109 3909 3174 3948 eo
3195 3890 3338 3959 quod
3374 3890 3426 3943 in
3466 3887 3598 3942 solis

2026 3992 2208 4047 verbis
2243 3999 2458 4047 constat
2505 3988 2650 4060 quod
2689 3997 2995 4044 exterarum
3047 3985 3384 4041 locutionum
3407 3979 3600 4034 .dulce

2029 4082 2380 4153 quodamque
2425 4080 2588 4135 modo
2640 4089 2888 4134 amanter
2939 4078 3287 4133 attractivum
3335 4083 3437 4128 εει.
3463 4070 3600 4126 Fru-

2029 4185 2179 4229 ctum
2223 4173 2368 4229 enim
2421 4173 2618 4228 anima)
2665 4172 2948 4228 nutritinm
2994 4171 3113 4224 ista:
3164 4184 3269 4222 non
3325 4167 3600 4227 ferentes,

341 4259 635 4349 illecebras
718 4285 875 4340 aliter
929 4280 1204 4336 habebant
1288 4293 1354 4331 ex
1447 4272 1712 4332 fabulosis
1800 4269 2283 4326 adinventionibus
2346 4266 2788 4340 quibusdamque
2825 4265 3058 4324 talibus
3133 4262 3338 4334 nugis,
3401 4259 3600 4329 quibus

341 4381 567 4450 vulgus,
599 4386 854 4443 tanquam
883 4370 1137 4426 animalia
1178 4367 1355 4425 sibilis
1380 4364 1583 4432 illecta,
1615 4365 1831 4434 gaudet.

424 4465 564 4542 ρνη’.
594 4467 667 4519 Τὸ
693 4464 749 4517 δέ
772 4461 1002 4523 ὤκιστα,
1032 4460 1367 4512 οἰκειότατον
1395 4455 1648 4526 ἐνεργείᾳ
1676 4451 1929 4517 Πνεύμα-

2108 4449 2234 4503 158.
2281 4447 2394 4502 lloc
2438 4456 2627 4516 autem
2664 4465 2678 4500 :
2720 4445 2970 4509 ὤκιστα,
3033 4445 3266 4500 maxime
3323 4444 3602 4514 preprinm

343 4538 467 4628 τοξ,
523 4558 766 4632 ἀχρόνως
799 4556 868 4608 τὰ
914 4555 1092 4607 οἰκεῖα
1141 4549 1518 4621 ἐνεργοῦντος,
1571 4546 1822 4606 ἐπίτασις
1873 4540 1912 4596 ὂπ

2037 4541 2292 4597 efﬁcaciae
2325 4539 2583 4609 Spiritus,
2621 4540 2714 4606 qui
2749 4553 2846 4592 sna
2878 4538 2998 4592 sine
3043 4545 3288 4604 tempore
3319 4543 3598 4602 operatur,

344 4657 579 4726 τάχους,
634 4651 824 4718 ὥσπερ
853 4648 968 4702 ὠκὺ
1015 4645 1245 4699 ὤκιστα.
1275 4644 1350 4696 Τὸ
1379 4643 1436 4695 δέ
1464 4641 1679 4700 δεικνὺς
1713 4636 1787 4700 ὡς
1831 4635 1930 4703 μὲν

347 4750 492 4822 πρὸς
526 4747 625 4817 τὴν
680 4743 852 4813 φορὰν
906 4738 1002 4793 τοῦ
1055 4737 1396 4806 Πνεύματος,
1453 4733 1670 4786 δεικνῦν
1725 4729 1932 4795 ὤφελεν

346 4842 499 4900 εἶναι
528 4857 541 4871 ·
576 4834 910 4914 πρρενεχθὲν
943 4834 1001 4887 δὲ
1035 4833 1134 4886 σὺν
1180 4829 1257 4898 τῷ
1302 4825 1590 4896 πυρπνόως
1627 4819 1933 4892 ἀρσενικῶς

351 4937 697 5000 ἀττικίζεται
729 4933 864 5002 πρὸς
891 4930 1104 4997 ὑγίειαν
1139 4924 1349 4987 ἐννοίας
1378 4938 1393 4953 ο
1419 4921 1550 4982 Θεὸς
1583 4921 1691 4987 γὰρ
1719 4916 1934 4986 ἀληθῶς

353 5034 460 5087 καὶ
487 5029 548 5082 τὸ
577 5027 734 5092 ἆγιον
781 5022 1004 5092 Πνεῦμα
1037 5037 1052 5052 ο
1084 5020 1168 5073 διὸ
1203 5019 1300 5070 καὶ
1337 5017 1398 5068 τδ
1431 5013 1645 5075 δεικνὺς
1675 5009 1936 5079 ἁρμόττει

349 5122 511 5194 αὐτῷ
533 5135 552 5155 ν
581 5118 644 5170 τὸ
681 5116 739 5168 δὲ
768 5133 842 5168 πυ
850 5114 1061 5184 ρπνόωε
1091 5110 1450 5179 παράφρασις
1481 5101 1788 5173 γοργοτάτη
1818 5098 1937 5150 ἐστι

349 5216 455 5271 τοῦ
483 5192 628 5268 ήπνοῦ
663 5210 814 5282 βιαίᾳ
862 5207 956 5260 καὶ
999 5205 1172 5275 πυρὸς
1215 5201 1605 5270 γλωττήμασιν
1628 5210 1642 5225 ⁶
1671 5192 1854 5248 ὁποῖόν
1882 5207 1938 5244 τι

353 5309 456 5362 καὶ
482 5309 517 5376 ἠ
564 5303 864 5374 πυρίπνοος
920 5295 1270 5364 πνευματικὴ
1305 5293 1523 5364 δρόσος,
1557 5289 1652 5341 καὶ
1693 5287 1795 5340 ὃσα
1833 5299 1940 5336 τοι-

358 5401 526 5454 αῦτα.
569 5393 769 5450 ’ἰστέον
802 5393 859 5445 δὲ
884 5392 968 5443 ὃτι
995 5387 1054 5441 τὸ
1103 5386 1399 5456 πυρπνόως
1431 5385 1481 5437 εί
1522 5379 1809 5452 μεγεθύνει
1842 5378 1942 5447 τὴν

357 5495 644 5561 λήγουσαν
677 5479 1157 5557 ἐπιρρηματικῶς,
1201 5477 1529 5530 συν-τακτέον
1560 5474 1713 5527 ἔσται
1738 5470 1814 5540 τῷ
1837 5471 1942 5546 δει-

358 5585 498 5643 κνύς
526 5599 540 5613 ·
587 5579 733 5634 οῦτω
788 5576 898 5646 γὰρ
945 5574 1116 5642 ἠγουν
1167 5568 1483 5636 πυρπνόως,
1525 5565 1671 5622 καθά
1721 5562 1943 5634 ὲρῤἑθη,

359 5677 643 5732 δέδεικται
669 5671 738 5726 τὰ
765 5668 861 5725 τοῦ
893 5665 1052 5735 ἁγίου
1107 5659 1429 5733 Πνεύματος
1460 5660 1520 5714 ἐν
1546 5659 1611 5729 τῇ
1661 5655 1754 5712 νῦν
1785 5657 1944 5725 ἑορτῇ

362 5764 563 5828 αὐτοῦ.
1522 5751 1526 5756 ’

2034 4631 2425 4702 superlativum
2451 4636 2534 4683 est
2565 4627 2660 4680 τοῦ
2692 4628 2912 4696 τάχους,
2954 4624 3414 4694 quemadmodum
3457 4621 3601 4684 ὠκὺ,

2033 4725 2261 4778 ὤκιστα.
2285 4723 2509 4783 Δεικνὺς
2549 4734 2699 4780 vero.
2735 4728 2995 4787 tanquam
3028 4717 3094 4770 ad
3129 4715 3356 4785 Πνεῦμα
3390 4714 3604 4776 relatio,

2034 4815 2266 4871 debebat
2313 4827 2436 4867 esse
2473 4812 2732 4869 δεικνύνξ
2776 4809 2872 4866 sed
2920 4809 3148 4863 verbum
3184 4808 3288 4861 hoc
3334 4805 3605 4874 prolatum

2037 4923 2163 4963 cum
2230 4904 2546 4975 πυρπνόως,
2589 4917 2762 4973 genus
2823 4899 3187 4956 masculinmn
3239 4895 3406 4952 attice
3452 4895 3608 4965 juxta

2042 4997 2390 5069 cogitationis
2425 4995 2789 5050 valetudinem
2818 4993 3091 5062 sequitur.
3129 4991 3270 5046 Deus
3313 4992 3458 5046 enim
3483 5004 3610 5044 vere

2040 5106 2260 5164 quoque
2313 5089 2552 5158 Spiritus
2601 5094 2826 5142 sanctus
2875 5094 2982 5150 est,
3034 5082 3271 5154 ideoque
3316 5097 3441 5136 cum
3490 5081 3611 5150 ipso

2041 5181 2322 5240 consentit
2384 5179 2621 5241 δεικνύς.
2677 5176 2790 5232 Vox
2847 5186 3024 5231 autem
3080 5175 3376 5246 πυρπνόως
3433 5175 3611 5228 vivida

2044 5273 2394 5348 paraphrasis
2453 5283 2540 5329 est
2601 5271 2808 5326 illius:
2864 5272 3002 5341 πνοῇ
3065 5268 3220 5339 βιαίᾳ
3291 5269 3388 5322 καὶ
3440 5267 3612 5337 πυρὸς

2044 5369 2475 5438 γλωττήμασινς
2531 5363 2765 5432 qualiter
2814 5363 2848 5432 ὴ
2903 5361 3205 5430 πυρίπνοος
3265 5357 3612 5426 πνευματικὴ

2043 5460 2258 5530 δρόσος,
2311 5467 2366 5512 ει
2402 5455 2489 5512 his
2529 5454 2756 5510 similia.
2813 5452 3109 5509 Sciendum
3162 5451 3518 5519 autemquod
3566 5449 3610 5503 si

2049 5551 2110 5604 τὸ
2138 5547 2432 5620 πυρπνόως
2455 5544 2838 5601 adverbialiter
2871 5544 3085 5599 linalem
3106 5551 3613 5611 auget,construen-

2046 5648 2174 5701 dum
2235 5644 2341 5700 erit
2356 5659 2479 5697 cum
2499 5640 2578 5711 τῷ
2591 5639 2830 5702 δεικνύς.
2852 5639 2945 5694 Sic
2964 5641 3132 5703 enim,
3159 5637 3274 5691 sive
3289 5633 3612 5704 πυρπνόως,

2050 5750 2109 5794 ut
2139 5738 2343 5791 dictum
2369 5742 2472 5799 est,
2502 5747 2566 5788 ea
2605 5747 2726 5802 quas
2753 5739 2882 5786 sunt
2924 5727 3099 5784 sancti
3151 5724 3390 5794 Spiritus
3436 5723 3489 5779 in
3511 5723 3612 5778 hac

2055 5828 2226 5900 ipsius
2263 5823 2516 5897 praesenti
2551 5821 2846 5879 festivitate
2880 5816 3221 5876 manifestata
3252 5822 3402 5871 sunt.
