3966 6248
418 312 526 372 675

1135 304 1557 367 EUSTATIIII
1589 303 2348 365 THESSALONICENSIS
2384 306 2942 368 ΜιιτιιοιιῡιιΤιΕ

3527 311 3619 372 θ’ἶδ

485 425 608 478 162.
651 423 839 489 Quoad
877 421 1040 483 σέϐας
1094 428 1298 481 autem,
1357 417 1515 486 cujus
1566 429 1651 472 est
1707 419 1978 472 derivatio

2143 424 2295 493 953'.
2323 423 2459 491 Περὶ
2488 422 2542 474 δὲ
2559 421 2652 473 τοῦ
2671 419 2832 483 σέϐας
2849 411 2909 472 οὗ
2937 419 3270 485 παράγωγο)
3295 419 3354 472 τδ
3381 422 3624 487 σεόάζειν,

414 517 685 580 σεεάζειν.
717 516 860 570 unde
889 515 1037 567 venit
1065 514 1093 565 6
1146 512 1416 580 cs6icpo;
1452 521 1510 565 et
1565 511 1985 581 σεϐασμιάζειν,

419 611 479 662 in
532 610 704 680 prima
750 607 970 676 stropha
1016 605 1176 674 primi
1237 604 1499 658 carminis
1552 603 1812 673 scriptum
1881 611 1988 658 est.

417 703 647 754 Auream
684 712 812 752 vero
839 705 1075 750 statuam
1129 695 1274 749 illam
1306 694 1439 748 dicit
1488 709 1554 748 ex
1607 694 1755 749 illius
1806 702 1986 764 parte,

415 791 557 862 quod
597 788 892 860 pretiosius
920 798 1024 852 est,
1064 796 1122 842 ut
1178 787 1251 841 ibi
1298 801 1517 856 quoque
1575 785 1990 855 quodammodo

417 882 754 954 tyrannidem
779 890 1026 936 exerceat
1051 893 1268 939 aurum,
1307 878 1443 931 alias
1470 879 1692 946 quidem
1729 877 1989 932 materias

418 987 608 1031 statuae
663 974 1028 1036 abscondens,
1085 981 1138 1025 et
1188 971 1276 1025 illa
1311 978 1582 1024 vocatum.
1642 970 1794 1024 Alias
1845 970 1991 1022 enim

421 1065 651 1120 diversis
678 1065 920 1118 materiis
944 1073 1063 1117 erat
1093 1061 1218 1115 idoli
1272 1060 1621 1129 compositio,
1656 1059 1784 1114 licet
1823 1059 1990 1113 etiam

421 1159 640 1211 aliunde
667 1156 920 1224 {gentium
979 1153 1122 1208 idola
1175 1153 1287 1207 sint
1340 1160 1552 1205 tantum
1604 1161 1892 1221 argentum
1941 1159 1996 1205 ct

419 1265 634 1303 aurum.
665 1246 1001 1317 Atljectivum
1032 1257 1212 1299 autem
1262 1243 1474 1315 ἄψυχον
1514 1244 1580 1298 ad
1608 1243 1992 1299 confusionem

420 1342 624 1396 dictum
657 1338 999 1392 adorantium
1032 1337 1349 1405 huiusmodi
1407 1337 1788 1402 simulacrum,
1825 1335 1988 1405 cujus

420 1436 594 1488 honor
646 1432 855 1501 species
902 1440 1170 1500 augusta;
1222 1445 1329 1485 non
1365 1431 1557 1486 solum
1621 1446 1730 1485 non
1787 1431 1996 1486 habens

422 1526 672 1596 spiritum
707 1525 759 1576 in
785 1537 879 1577 ore
900 1523 1035 1592 ejus,
1056 1523 1283 1592 utjuxta
1318 1522 1483 1578 David
1507 1523 1727 1592 loquar,
1757 1521 1853 1577 sed
1892 1538 1997 1580 nec

421 1616 625 1689 aliquid
660 1617 806 1687 pium
835 1615 887 1670 in
917 1615 1153 1668 animam
1188 1629 1510 1685 suggerens.

2091 517 2214 569 ὅθεν
2236 517 2264 567 6
2295 513 2611 579 σεϐάσμιος,
2645 511 2740 564 καὶ
2762 511 2820 563 τὸ
2845 509 3256 578 σεϐασμιάζειν,
3279 511 3335 562 έν
3359 511 3428 580 τῷ
3451 514 3629 584 πρώτῳ

2092 609 2402 677 γέγραπται
2435 605 2723 676 τροπαρίῳ
2763 606 2856 672 τῆς
2907 605 3133 672 πρώτης
3164 602 3325 672 ᾠδῆς.
3352 605 3631 672 Χρυσότευ-

2093 717 2220 752 κτον
2267 699 2325 753 δὲ
2374 698 2557 752 είκόνα
2613 697 2830 766 ἐκείνην
2863 696 3012 760 λέγει
3061 693 3136 756 ὡς
3175 695 3280 746 ἀπὸ
3330 697 3521 766 μέρους
3550 699 3630 751 τοῦ

2092 793 2442 862 τιμιωτέρου,
2477 793 2565 843 ἵνα
2613 807 2732 852 πως
2780 786 3061 842 κάνταῦθα
3110 791 3347 858 τυραννῇ
3376 791 3402 840 6
3433 790 3633 859 χρυσὸς,

2093 888 2192 950 τὰς
2228 889 2328 954 μὲν
2360 886 2530 946 ἄλλας
2565 883 2697 945 ὔλας
2726 883 2822 936 τοῦ
2857 881 3177 952 ἀνδριάντος
3228 881 3534 950 ἀποκρύψας
3560 885 3637 934 ἐκ·

2096 981 2367 1048 φωνηθιὶς
2396 978 2452 1030 δὲ
2482 977 2612 1030 αύτό
2639 993 2652 1006 ·
2679 975 2856 1036 ἄλλως
2887 974 2998 1042 γὰρ
3024 972 3372 1042 διαφορόῦλος
3405 969 3469 1044 ἦν
3499 976 3528 1043 ἡ
3556 972 3639 1026 τοῦ

2096 1074 2315 1126 εἰδώλου
2341 1071 2592 1131 σύνθεσις
2615 1086 2629 1101 ·
2658 1071 2706 1120 εί
2743 1067 2838 1119 καὶ
2862 1066 3037 1128 ἄλλως
3061 1066 3129 1118 τὰ
3153 1065 3345 1120 εἴδωλα
3369 1066 3472 1119 τῶν
3491 1067 3641 1119 ἐθνῶν

2097 1165 2360 1234 ἀργύριόν
2386 1167 2494 1216 εἰσι
2536 1163 2698 1231 μόνον
2729 1161 2826 1212 καὶ
2859 1159 3083 1228 χρυσίον
3117 1159 3277 1228 μόνον
3297 1173 3312 1190 ⁸
3343 1158 3402 1211 τὸ
3441 1157 3497 1210 δὲ
3524 1159 3646 1227 ἀψυ-

2099 1275 2194 1329 χον
2225 1257 2359 1326 πρὸς
2393 1256 2660 1324 ἐντροπὴν
2696 1253 2915 1325 εἴρηται
2943 1253 3052 1305 τῶν
3081 1251 3529 1320 προσκυνούντων
3550 1270 3648 1306 τοι.

2099 1351 2255 1406 οὖτον
2292 1349 2510 1420 βρέτας,
2539 1348 2600 1401 οὗ
2633 1349 2694 1399 τὸ
2723 1349 2906 1416 τίμιον
2939 1344 3212 1414 φαντασία
3263 1345 3456 1415 σεμνὴ,
3483 1346 3539 1398 ού
3567 1345 3652 1413 μό-

2100 1461 2190 1496 νον
2219 1443 2320 1496 οὐκ
2349 1441 2470 1510 ἔχον
2502 1439 2722 1509 πνεῦμα
2758 1441 2814 1492 ὲν
2859 1439 2938 1508 τῷ
2983 1439 3214 1508 στόματι
3247 1435 3436 1498 αὐτοῦ.
3467 1436 3651 1490 δαυῖτι-

2099 1537 2212 1598 κῶς
2244 1536 2441 1597 εἰπεῖν,
2476 1532 2590 1586 ἀλλ’
2623 1532 2746 1586 οὐδὲ
2797 1530 3242 1602 συμϐαλλόμενον
3291 1545 3345 1582 τι
3389 1529 3447 1592 ἐς
3492 1527 3655 1598 ψυχὴν

2101 1627 2388 1696 θεοφιλῶς.

495 1754 619 1808 165.
649 1751 765 1806 Vox
803 1751 998 1822 βρέτας
1047 1751 1194 1807 venit
1260 1753 1476 1822 quidem
1505 1768 1533 1808 a
1576 1767 1710 1809 voce
1749 1772 1763 1809 :
1800 1753 1996 1825 βροτὸς

2182 1756 2318 1827 ρξγ’.
2349 1755 2423 1807 Τδ
2449 1753 2505 1808 δὲ
2534 1751 2733 1822 βρέτας
2776 1751 2988 1820 γίνεται
3025 1751 3124 1820 μὲν
3154 1749 3266 1804 ana
3307 1749 3403 1803 τοῦ
3439 1747 3613 1820 βροτδς
3634 1749 3661 1800 6

425 1849 612 1911 beato,
634 1844 1008 1916 signiﬁcatque
1030 1845 1263 1899 mortale
1293 1847 1407 1900 sive
1433 1847 1732 1901 humanum
1770 1847 2000 1902 simula-

424 1953 576 1993 crum
608 1935 900 2004 ἀνδριάντα
929 1934 1137 1990 scilicet
1160 1935 1357 2003 ;iduas
1387 1945 1569 1990 autem
1623 1938 1784 1991 habet
1814 1939 1999 1992 termi-

426 2028 693 2091 nationes,
725 2041 888 2080 ttnam
931 2025 985 2080 in
1021 2043 1087 2089 ας
1106 2035 1168 2080 ut
1205 2030 1408 2097 γῆρας,
1459 2034 1516 2081 et
1562 2025 1693 2089 ὖδας
1747 2042 1912 2098 aqua,
1944 2038 2000 2083 et

423 2117 581 2183 οὖδας
612 2118 1022 2190 pavimentum;
1059 2127 1110 2172 et
1132 2117 1290 2172 aliam
1328 2117 1380 2173 in
1423 2136 1503 2183 ος,
1527 2119 1829 2174 secundum
1863 2135 2004 2188 prm-

425 2212 607 2267 dicla:
642 2209 796 2266 Sicut
829 2210 973 2266 enim
1041 2210 1276 2264 dicimus
1332 2214 1524 2282 γῆρος,
1574 2225 1639 2266 ex
1692 2226 1804 2281 quo
1853 2211 2006 2267 venit

425 2304 810 2374 γηροτροφεῖν,
843 2313 898 2356 et
929 2302 1071 2373 apud
1119 2300 1441 2370 Sophoclem
1494 2303 1856 2372 γηροϐοσκὸς,
1916 2313 2004 2356 at-

427 2410 535 2464 que
604 2393 771 2451 etiam
825 2392 971 2458 ὓδος,
1047 2393 1205 2460 cujus
1251 2393 1465 2448 dativus
1505 2402 1590 2449 est
1637 2393 1751 2447 ὖδεῖ
1801 2405 1856 2449 et
1889 2393 2003 2447 ὕδει

427 2499 686 2558 tanquam
715 2486 886 2556 τείχεϊ
925 2485 1094 2555 τείχει
1118 2502 1133 2551 ;
1165 2487 1416 2541 similiter
1443 2501 1668 2556 quoque
1688 2486 1828 2552 ἕδος,
1857 2487 2004 2548 ἓδεος

425 2581 599 2644 ἕδους,
630 2580 749 2632 ἓδεῖ
791 2579 934 2643 ἔδεις
968 2580 1048 2634 sic
1075 2580 1236 2634 etiam
1293 2579 1499 2650 βρέτος,
1531 2595 1600 2635 ex
1637 2595 1746 2650 quo
1783 2581 2005 2651 plurali-

431 2688 511 2730 ter
533 2676 757 2727 deorum
792 2672 960 2742 βρέτη
995 2671 1136 2725 idola
1159 2671 1437 2727 dicuntur.
1501 2670 1720 2727 Poetica
1779 2687 1884 2727 vox
1924 2682 2007 2727 est

430 2765 627 2836 βρέτας
661 2763 824 2817 etiam
885 2760 1228 2831 pedestribus
1271 2761 1606 2817 rhetoribus.
1666 2761 1790 2817 Ideo
1826 2762 2004 2817 dulcis

428 2857 679 2911 comicus
721 2853 1036 2926 disyllabam
1070 2853 1210 2908 hanc
1250 2853 1545 2908 dictionem
1605 2855 1802 2912 alicubi
1861 2857 2006 2910 deri-

430 2950 589 3010 tlens,
645 2947 904 3018 βρετέτας
941 2947 995 3000 in
1052 2947 1226 3000 tribus
1279 2946 1501 3017 syllabis
1554 2948 1713 3003 dixit.
1765 2947 1824 3004 Si
1874 2964 2006 3004 vero

433 3038 629 3108 βρέτας
663 3037 871 3092 comice
916 3037 1144 3103 ridetur,
1185 3036 1315 3108 quid
1369 3051 1498 3108 ergo
1524 3039 1761 3108 patietur
1795 3042 2006 3111 κεράμ-

2100 1852 2410 1922 ᾶνθρωπος,
2435 1849 2528 1902 καὶ
2557 1847 2707 1917 δηλοῖ
2739 1846 2986 1916 βρότειον
3018 1844 3240 1899 εἴδωλον
3271 1844 3440 1914 ἤγουν
3465 1841 3660 1913 ἀνθρὼ-

2101 1961 2297 2006 πινον,.
2329 1941 2622 2010 ἀνδριάντα
2665 1938 2891 2008 δηλαδή.
2920 1937 3075 2008 Ἔχει
3124 1937 3183 1990 δὲ
3229 1936 3553 2006 καταλήξεις
3581 1935 3664 1990 καὶ

2101 2035 2236 2090 αὐτὸ
2267 2032 2382 2093 δύο,
2410 2031 2511 2102 τὴν
2541 2032 2617 2093 είς
2651 2045 2740 2092 ας,
2763 2029 2837 2092 ὡς
2874 2029 3073 2099 γῆρας,
3099 2028 3199 2082 καὶ
3229 2027 3361 2090 ὖδας
3403 2029 3464 2082 τὺ
3513 2025 3663 2098 ὕδωρ,

2101 2127 2197 2178 καὶ
2225 2122 2386 2186 οὖδας
2420 2122 2482 2176 τδ
2516 2122 2712 2189 ἔδαφος
2733 2136 2747 2150 ·
2779 2119 2874 2174 καὶ
2925 2120 3026 2190 τὴν
3073 2122 3156 2182 είς
3205 2138 3290 2183 ος,
3323 2120 3466 2174 καθὰ
3494 2117 3668 2172 καὶτὰ

2105 2217 2361 2289 ρηθέντα.
2395 2216 2482 2275 Ὠς
2501 2215 2608 2284 γὰρ
2629 2216 2701 2284 γῆ
2710 2232 2800 2283 ρος
2815 2214 3046 2283 λέγομεν
3065 2213 3123 2277 ἐξ
3139 2207 3203 2268 οὗ
3223 2212 3285 2266 τὸ
3302 2230 3374 2283 γη
3383 2213 3667 2283 ροτροφεῖν,

2104 2309 2200 2364 καὶ
2251 2308 2402 2378 παρὰ
2454 2306 2718 2377 Σοφοκλεῖ
2741 2308 2768 2360 6
2804 2305 3165 2377 γηροϐοσκδς,
3202 2305 3285 2358 ἑτι
3317 2305 3376 2357 δὲ
3407 2304 3508 2357 καὶ
3537 2302 3670 2364 ὓδος,

2103 2399 2164 2454 οὗ
2194 2400 2382 2472 δοτικὴ
2402 2400 2479 2470 τῷ
2506 2399 2624 2453 ὖδεῖ
2655 2400 2752 2452 καὶ
2778 2397 2913 2464 ὕδει,
2955 2399 3032 2460 ὡς
3053 2397 3228 2468 τείχεϊ
3242 2397 3416 2466 τείχει
3437 2412 3452 2426 ⁸
3487 2394 3673 2462 ὁμοίως

2106 2493 2200 2546 καὶ
2251 2492 2390 2558 ἕδος,
2421 2492 2570 2556 ἓδεος
2593 2489 2768 2556 ἕδους,
2793 2490 2903 2544 ἓδεῖ
2941 2489 3073 2551 ἔδει,
3102 2489 3282 2553 οὕτως
3336 2488 3434 2542 καὶ
3480 2487 3676 2559 βρέτος.

2106 2584 2164 2651 ἐξ
2193 2583 2252 2636 οὗ
2289 2584 2671 2653 πληθυντικῶς
2702 2583 2844 2636 θεῶν
2871 2582 3036 2653 βρέτη
3060 2581 3130 2635 τὰ
3157 2581 3390 2638 εἴδωλα.
3425 2577 3676 2647 Ποιητικὴ

2107 2676 2165 2729 δὲ
2189 2675 2333 2740 λέξις
2365 2675 2426 2729 τδ
2457 2675 2677 2746 βρέτας,
2702 2675 2797 2728 καὶ
2835 2674 3155 2743 πεζολόγοις
3191 2675 3464 2743 ῥήτορσι·
3496 2671 3572 2726 διδ
3595 2671 3684 2723 καὶ

2109 2771 2138 2821 6
2179 2766 2386 2836 γλυκὺς
2422 2766 2671 2835 κωμικὸς
2707 2763 3196 2835 καταμωκώμενός
3246 2781 3356 2818 που
3381 2763 3486 2832 τῆς
3517 2761 3683 2816 δισυλ-

2106 2858 2273 2912 λάδου
2305 2858 2511 2928 ταύτης
2545 2857 2765 2924 λέξεως,
2799 2856 3057 2927 βρετέτας
3087 2855 3198 2927 ἔφη
3234 2855 3300 2910 δν
3333 2855 3517 2928 τρισὶν
3549 2851 3686 2915 λέξε-

2111 2971 2216 3007 σιν.
2248 2951 2312 3006 Εί
2344 2951 2402 3004 δὲ
2431 2950 2493 3004 τὸ
2523 2950 2720 3022 βρέτας
2756 2948 3180 3019 κεκωμῴδηται,
3206 2947 3265 3002 τί
3295 2947 3413 3018 ἄρα
3448 2945 3686 2999 πείσεται

2107 3041 2169 3093 τὸ
2197 3039 2548 3110 κεράμδηλον
2573 3055 2590 3106 ;
2613 3038 2804 3107 ὁμοίας
2840 3039 2937 3107 μὲν
2966 3037 3028 3091 δν
3056 3038 3154 3091 καὶ
3184 3036 3331 3091 αὺτδ
3395 3033 3689 3106 σημασίας.

430 3129 638 3200 ϐηλονῖ
707 3128 915 3184 Similis
962 3129 1184 3199 quidem
1241 3128 1656 3199 significationis
1705 3117 1760 3217 et
1801 3133 2003 3202 ipsum,

2110 3115 2379 3203 τολμηθὲν
2409 3132 2466 3185 δὲ
2500 3131 2644 3184 οὕτω
2693 3129 2952 3199 λεχθῆναι
2983 3131 3137 3200 παρὰ
3165 3129 3231 3182 τὸ
3266 3130 3446 3200 κέρας
3480 3135 3574 3180 καὶ
3599 3125 3691 3194 τὴν

431 3237 623 3276 ausum
646 3230 825 3277 autem
850 3220 932 3276 sic
960 3221 1067 3277 dici
1098 3221 1255 3293 juxta
1277 3223 1447 3293 κέρας
1469 3233 1524 3278 et
1551 3225 2004 3294 praepositionem

431 3312 555 3379 ἀνὰ,
612 3323 668 3366 et
709 3311 801 3365 τὸν
832 3311 1016 3382 βηλὸν,
1077 3312 1222 3382 quod
1276 3322 1361 3368 est
1409 3313 1536 3368 coeli
1589 3314 1780 3378 limen,
1829 3325 1888 3370 ut
1939 3317 2009 3370 sit

431 3403 802 3474 κεράμδηλον,
835 3403 994 3472 cujus
1029 3403 1195 3474 κέρας
1225 3404 1339 3459 sive
1368 3405 1635 3472 potentia,
1669 3407 1913 3476 pervenit
1941 3407 2009 3462 ad

433 3498 612 3567 ipsum
673 3496 893 3553 malum.
933 3493 1001 3550 Ut
1043 3495 1286 3551 breviter
1315 3499 1496 3552 autem
1543 3498 1658 3553 haec
1711 3514 2007 3565 resumam,

432 3590 710 3645 veteribus
771 3589 1132 3661 polyonomia:
1187 3597 1315 3646 sunt
1367 3589 1470 3646 ista
1523 3592 1558 3662 ἠ
1619 3592 1805 3659 εἰκὼν,
1861 3601 1917 3648 et
1950 3592 2011 3646 τὸ

431 3682 668 3748 εἴδωλον,
703 3691 759 3738 et
787 3683 846 3736 τὸ
880 3683 1149 3754 δείκηλον,
1197 3691 1254 3737 et
1281 3682 1341 3736 τὸ
1380 3682 1598 3755 βρέτας,
1631 3695 1688 3740 et
1718 3684 1778 3738 τὸ
1804 3686 2010 3756 κεράμ-

433 3775 617 3845 6ηλον.
650 3776 728 3831 Ex
753 3775 840 3830 his
863 3784 1044 3831 autem
1071 3775 1427 3848 κεράμϐηλον
1456 3776 1679 3847 quidem
1711 3778 2002 3847 expulsum

430 3874 515 3921 est
535 3875 591 3922 et
612 3863 756 3936 jacet
808 3866 1121 3936 abjectum;
1160 3865 1356 3936 βρέτας
1420 3875 1602 3921 autem
1648 3874 1703 3921 et
1757 3867 2008 3937 δείκηλον

435 3957 725 4027 aliquando
749 3957 1215 4014 circumferuntur
1233 3958 1386 4026 juxta
1420 3958 1577 4013 metri
1603 3958 2009 4014 necessitatem.

434 4051 768 4104 Caeterorum
810 4065 939 4104 vero
962 4051 1198 4122 duorum
1223 4051 1258 4120 ἠ
1284 4049 1500 4119 quidem
1537 4049 1704 4103 είκών
1748 4050 1802 4105 in
1835 4051 2011 4105 hono-

434 4157 549 4196 rem
573 4141 856 4211 speciatim
887 4141 1035 4195 venit
1065 4141 1121 4195 in
1150 4141 1254 4194 hoc
1286 4157 1300 4194 :
1341 4140 1452 4193 (Ad
1507 4141 1801 4212 imaginem
1856 4141 2004 4208 Dei,»

435 4245 488 4286 et
511 4233 779 4287 similibus
809 4250 825 4300 ;
855 4232 1060 4288 idolum
1111 4248 1242 4289 vero
1299 4233 1552 4302 gentibus
1602 4249 1631 4288 a
1667 4234 2012 4290 daemonibus

435 4324 616 4378 ductis
644 4323 948 4394 ablegatum
980 4333 1100 4380 est:
1136 4322 1310 4380 tldola
1342 4339 1580 4395 namque
1613 4325 1878 4393 gentium,
1911 4326 2010 4391 ait,

438 4425 726 4485 argentum
757 4427 809 4473 et
841 4431 1090 4474 aurum.»

509 4552 632 4608 164.
661 4551 904 4608 Gratiam
929 4551 1178 4622 paracliti
1240 4551 1417 4608 sancti
1449 4551 1680 4623 Spiritus
1725 4553 1858 4610 dicit
1912 4555 2012 4610 ho-

434 4645 682 4700 diernam
721 4645 1014 4716 gratiosam
1045 4640 1513 4715 dispensaTinnem
1547 4660 1613 4699 ac
1642 4645 1812 4711 viam,
1854 4648 2012 4716 juxta

438 4751 599 4805 quam
629 4736 685 4790 in
719 4735 937 4804 hymnis
962 4734 1304 4790 benedicitur
1333 4745 1524 4790 sancta
1558 4734 1822 4793 Trinitas.
1878 4735 2012 4792 Vide

439 4842 568 4882 vero
591 4827 732 4896 quod
759 4842 986 4896 prorsus
1010 4827 1190 4881 verbis
1212 4826 1447 4897 fulgidus
1480 4842 1613 4883 cum
1645 4828 1720 4882 sit
1745 4828 2014 4894 melodus,

441 4920 732 4989 φωσφόρον
768 4918 1076 4988 (fulgidam)
1105 4917 1197 4972 hic
1226 4919 1388 4972 etiam
1422 4919 1500 4973 ait
1527 4919 1841 4988 praedictam
1895 4919 2017 4989 Spi-

443 5013 582 5064 ritus
611 5010 867 5079 gratiam,
895 5019 1118 5078 propter
1143 5009 1321 5079 ignem
1350 5010 1630 5067 festivum.
1661 5010 1804 5083 Βοᾷν
1831 5021 2014 5066 autem

443 5119 472 5155 ιι
507 5102 835 5157 rectitudine
863 5101 1021 5155 metri
1057 5115 1164 5155 non
1203 5105 1534 5157 excessisset
1566 5104 1818 5158 melodus
1866 5107 2018 5156 aiens

441 5195 628 5264 λέγειν
655 5193 742 5247 vel
795 5191 1000 5256 λαλεῖν,
1067 5193 1162 5248 sed
1228 5195 1466 5263 praetulit
1516 5196 1834 5266 augustius.
1889 5195 2016 5250 llaec

441 5290 586 5343 enim
625 5286 697 5341 ob
755 5300 948 5340 sonum
1002 5287 1097 5340 τοῦ
1119 5288 1336 5357 λάμϐδα.
1395 5289 1608 5345 leniora
1667 5291 2020 5360 dulcioraqtte

442 5388 607 5434 sunt:
637 5377 732 5432 sed
755 5378 906 5432 verbi
946 5377 1076 5448 βοᾷν
1111 5379 1393 5450 emphasis
1426 5380 1748 5449 dignitatem
1774 5382 2021 5448 subjecto

442 5472 859 5526 convenientem
889 5469 1072 5526 infert.
1108 5471 1380 5526 Caeterum
1421 5481 1602 5525 autem
1629 5511 1644 5536 ,
1675 5471 1818 5525 sicut
1849 5473 2015 5525 verbo

442 5563 521 5632 τῷ
554 5563 734 5615 σέϐειν
760 5562 828 5618 de
854 5562 1367 5618 Nabuchodonosor
1389 5570 1571 5618 statua
1595 5565 1767 5640 dicto,
1793 5564 2023 5619 inseruit

444 5655 800 5723 spiritualiter
848 5655 911 5707 τὸ
969 5655 1414 5724 σεδασμιάζειν;
1463 5656 1546 5710 sic
1611 5655 1702 5709 illa
1759 5657 2020 5720 melodis,

445 5745 630 5801 sonitu
687 5746 963 5814 turbante,
1019 5746 1437 5801 convenientius
1484 5761 1611 5816 erga
1667 5761 1767 5802 nos
1812 5748 2017 5802 dictum

2110 3226 2214 3281 ἀνὰ
2259 3225 2517 3294 πρόθεσιν
2555 3224 2651 3276 καὶ
2694 3223 2786 3275 τὸν
2835 3221 3014 3293 βηλδν.
3041 3223 3069 3275 ὃ
3113 3223 3241 3276 ἔστι
3270 3221 3376 3292 τὴν
3418 3219 3577 3292 βάσιν
3605 3213 3695 3270 τοῦ

2109 3317 2362 3388 οὐρανοῦ,
2397 3317 2484 3370 ἵνα
2580 3314 2952 3387 κεράμδηλον,
2987 3307 3049 3369 οὗ
3103 3315 3169 3367 τὸ
3224 3315 3405 3386 κέρας
3456 3313 3624 3384 ἤγουν
3663 3310 3694 3378 ὴ

2110 3412 2342 3480 δύναμις
2370 3412 2566 3481 ἀνήκει
2597 3411 2653 3474 ἒς
2683 3411 2845 3463 αὐτὸν
2892 3408 3144 3480 οὐρανόν.
3173 3406 3527 3476 Συναλεῖτῷαι
3554 3403 3610 3458 δὲ
3635 3404 3698 3454 τὰ

2110 3503 2338 3556 τοιαῦτα
2389 3502 2448 3554 ἐν
2500 3499 2697 3572 στενῷ,
2743 3499 2918 3553 ταύτὰ
2971 3498 3408 3567 πολυωνυμίας,
3440 3496 3588 3564 λόγῳ
3617 3493 3702 3545 ἐπὶ

2110 3597 2223 3657 τοῖς
2251 3593 2522 3659 παλαιοῖς,
2554 3593 2588 3662 ἡ
2626 3590 2814 3658 εἰκὼν,
2840 3591 2937 3645 καὶ⁵
2982 3591 3044 3644 τὸ
3091 3589 3353 3655 εἴδωλον,
3385 3590 3488 3644 καὶ
3518 3589 3580 3641 τὸ
3604 3585 3702 3638 δεί-

2112 3687 2298 3756 κηλον,
2332 3686 2425 3738 καὶ
2452 3685 2515 3738 τὸ
2565 3684 2783 3755 βρέτας,
2827 3683 2921 3736 καὶ
2953 3682 3015 3735 τὸ
3061 3681 3464 3754 κεράμϐηλονο
3495 3677 3706 3734 Τούτων

2112 3776 2168 3828 δὲ
2226 3775 2286 3828 τὸ
2341 3774 2441 3844 μὲν
2490 3772 2842 3844 κεράμϐηλον
2897 3772 3318 3843 ἐκκέκρουσται
3371 3771 3475 3826 καὶ
3539 3772 3706 3824 κεῖται

2113 3867 2451 3938 ἀπορριφένο
2482 3865 2542 3918 τὸ
2569 3866 2626 3919 δὲ
2661 3864 2882 3936 βρέτας,
2915 3865 3011 3919 καὶ
3044 3865 3105 3917 τὸ
3160 3865 3434 3937 δείκηλον
3489 3862 3708 3934 περιφέ-

2115 3957 2300 4029 ροντιί
2349 3975 2479 4011 ποτε
2533 3957 2622 4011 διὰ
2675 3957 2866 4028 χρείας
2895 3957 3099 4027 μέτρου
3127 3970 3144 3988 ο
3175 3956 3299 4010 τῶν
3331 3956 3382 4008 δ’
3413 3953 3708 4008 ἐπιλοίπων

2111 4050 2205 4103 δύο
2244 4050 2276 4119 ἡ
2314 4049 2414 4119 μὲν
2462 4048 2627 4102 είκὼν
2678 4047 3118 4119 ὑπερτετίμηται
3149 4049 3215 4101 ὲν
3239 4047 3336 4118 ,τῷ
3367 4048 3497 4102 κατ’
3535 4045 3713 4099 εἰκόνα

2114 4139 2248 4194 Θεοῦ
2273 4140 2370 4194 καὶ
2399 4141 2510 4203 τοῖς
2545 4139 2776 4208 ὁμοίοις.
2804 4138 2878 4191 Τὸ
2929 4139 2984 4191 δὲ
3016 4138 3251 4192 εἴδωλον
3301 4141 3426 4202 τοῖς
3468 4137 3715 4206 δαιμονο·

2113 4233 2372 4303 φορήτοις
2432 4232 2646 4286 ἔθνεσιν
2697 4232 3148 4302 ἀπονενέμηναι“
3211 4232 3289 4287 τὰ
3353 4234 3472 4302 γὰρ
3534 4226 3719 4284 εῐδωλά

2113 4341 2250 4394 φησι
2277 4325 2386 4377 τῶν
2418 4323 2590 4378 ἐθνῶν
2614 4323 2878 4394 ἀργύριον
2912 4323 3006 4378 καὶ
3035 4323 3295 4392 χρυσίον.

2191 4547 2318 4618 ρξδν.
2353 4547 2529 4611 Χάριν
2554 4546 2612 4599 δὲ
2653 4545 2746 4601 τοῦ
2779 4545 3136 4616 παρακλήτου
3182 4547 3367 4617 ἁγίου
3408 4545 3726 4616 Πνεύματος

2117 4641 2267 4708 λέγει
2284 4640 2381 4710 τὴν
2407 4641 2648 4709 σήμερον
2677 4639 2971 4709 χαροποιδν
2987 4641 3334 4708 οἰκονομίαν
3361 4643 3467 4694 καὶ
3489 4640 3729 4709 μέθοδον.

2118 4731 2238 4784 καθ’
2262 4731 2328 4802 ἢν
2357 4729 2734 4798 ὑμνολογικῶς
2762 4729 3068 4797 εὐλογεῖται
3099 4731 3134 4800 η
3179 4731 3262 4799 ἀγ
3276 4733 3337 4784 ἔα.
3371 4732 3576 4800 Τριάς.
3600 4731 3734 4798 Ὅρα

2117 4824 2173 4877 δὲ
2197 4826 2279 4876 ὅτι
2306 4825 2446 4877 πάνυ
2476 4821 2782 4891 φωτολὸγος
2806 4820 2882 4874 ὣν
2907 4823 2934 4875 6
2965 4820 3242 4890 μελῳδὸς,
3274 4826 3590 4893 φωσφόρον
3616 4822 3736 4873 κᾶν·

2119 4915 2296 4968 ταῦθα
2345 4913 2444 4984 τὴν
2493 4914 2794 4984 εἰρημένην
2842 4911 2935 4965 τοῦ
2993 4910 3343 4981 Πνεύματος
3379 4915 3556 4986 χάριν
3588 4910 3736 4983 φησι.

2120 5009 2210 5061 διὰ
2232 5007 2291 5058 τὸ
2321 5007 2672 5077 ἐορταστικδν
2706 5004 2841 5076 πῦρ.
2873 5003 2948 5056 Τὸ
2977 5003 3034 5056 δὲ
3074 5001 3222 5074 βοᾷν
3263 5005 3380 5059 οὐκ
3430 5006 3504 5060 ἂν
3537 5003 3740 5072 ἐσφάλη

2121 5103 2220 5169 τῆς
2241 5100 2381 5152 κατὰ
2409 5100 2609 5168 μέτρον
2637 5095 2934 5168 ὀρθότητος
2963 5097 2990 5148 6
3022 5095 3286 5165 μελῳδὸς
3327 5097 3532 5167 λέγειν
3556 5092 3741 5153 εἰπὼν,

2122 5191 2154 5259 ἢ
2187 5189 2390 5251 λαλεῖν,
2418 5190 2714 5259 προέκρινε
2751 5187 2807 5240 δὲ
2833 5188 2890 5239 τὸ
2924 5187 3282 5258 σεμνότερον
3305 5206 3322 5220 ·
3351 5189 3632 5257 λειότερα
3653 5189 3745 5254 μὲν

2122 5284 2231 5352 γὰρ
2254 5284 2436 5335 ἐκεῖνα
2454 5282 2542 5336 διὰ
2569 5282 2662 5334 τὸν
2691 5281 2784 5334 τοῦ
2807 5280 3021 5350 λάμϐδα
3046 5276 3223 5350 ἦχον,
3257 5285 3367 5336 καὶ
3397 5282 3738 5352 γλυκύτερα.

2137 5374 2198 5427 Ὀ
2229 5375 2286 5426 δὲ
2313 5373 2406 5427 τοῦ
2444 5374 2575 5444 βοᾷν
2607 5373 2966 5442 στομφασμὸς
2999 5373 3343 5445 σεμνότητα
3377 5378 3538 5430 ποιεῖ
3572 5378 3638 5444 τῇ
3665 5373 3750 5421 νῦν

2125 5467 2380 5534 προθέσει
2437 5470 2798 5536 πρέπουσανο
2848 5465 3025 5528 ἄλλως
3071 5463 3136 5516 δὲ
3199 5465 3419 5540 ὥσπερ
3455 5469 3540 5537 τῷ
3577 5465 3752 5519 σέϐειν

2128 5557 2348 5626 ῥηθέντι
2383 5559 2475 5610 ἐπὶ
2521 5559 2619 5620 τῆς
2657 5557 2752 5611 τοῦ
2786 5555 3294 5630 Ναῦουχοδονὸσορ
3330 5562 3588 5623 εἰκόνος,
3614 5557 3754 5610 ἐντέ-

2125 5651 2271 5702 θεικε
2307 5652 2367 5702 τὸ
2402 5650 2797 5719 σεϐασμιὰζειν
2856 5649 3304 5717 πνευματικῶς,
3331 5651 3493 5705 οὕτω
3518 5650 3618 5705 τοῦ
3663 5648 3754 5717 μέ·

2127 5740 2247 5800 λους
2286 5741 2494 5794 ἐκείνου
2531 5740 2840 5811 θροοῦντος,
2864 5739 2950 5809 ἐφ’
2991 5737 3162 5810 ἡμῶν
3220 5744 3469 5813 εἴρηται
3507 5745 3758 5813 σεμνότε-
