3788 6246
531 507 606 562 Ile
633 503 838 574 Spiritu
874 517 1014 566 meo,
1043 515 1150 556 una
1183 499 1497 554 clamabunt
1534 517 1546 551 :
1575 494 1618 549 Ο
1649 505 1840 550 natura

529 595 750 666 'l‘riplici
789 596 1075 666 splendore
1107 593 1317 656 lucens,
1351 590 1634 646 benedicta
1666 604 1744 644 es.

532 691 653 744 Hi.
680 689 801 744 Non
838 685 1098 757 prwluret
1130 684 1348 754 quidem
1409 682 1572 752 hujus
1621 681 1858 752 strophae
1914 696 2031 749 per-

459 780 722 852 spicuitas
757 795 770 832 :
800 787 885 832 est
927 783 1107 830 autem
1137 773 1272 828 alias
1303 770 1643 826 accessibilis
1695 772 1763 824 ob
1818 777 2035 824 senten»

459 874 547 927 tiae
579 870 1006 926 uniformitatem
1059 876 1113 921 et
1161 865 1530 922 velocitatem.
1606 861 1839 931 Exponit
1887 859 2032 914 enim

460 966 692 1021 breviter
724 978 888 1018 unam
917 961 1242 1018 sententiam
1279 974 1309 1014 a
1360 959 1470 1013 Deo
1520 955 1801 1029 prophetae
1843 969 2035 1022 sugge-

463 1067 600 1112 stam
630 1055 772 1110 circa
808 1053 1046 1122 Spiritus
1070 1052 1244 1107 sancti
1279 1055 1626 1108 descensum,
1661 1053 1716 1101 et
1780 1046 1856 1100 ait
1885 1043 2030 1114 quod

460 1147 600 1210 Joel,
638 1148 856 1201 intuens
885 1154 944 1199 ut
966 1145 1247 1214 propheta,
1277 1150 1454 1196 motus
1513 1140 1902 1209 inspiratione,
1933 1135 2037 1188 ful-

467 1239 713 1302 minavit,
742 1238 796 1292 id
829 1247 934 1303 est,
962 1235 1110 1291 clare
1132 1235 1379 1289 elocutus
1418 1243 1499 1289 est
1527 1232 1901 1304 propheticam
1940 1244 2036 1283 vo-

467 1347 606 1396 cem,
645 1333 762 1385 sive
796 1329 1035 1383 divinam
1067 1341 1252 1380 vocent
1293 1326 1410 1395 ejus
1471 1324 1586 1394 qui,
1631 1325 1776 1378 sicut
1829 1322 2035 1375 dictum

467 1431 572 1482 est,
601 1418 928 1474 excellenter
957 1428 1038 1472 est
1073 1415 1533 1484 θεαρχικὼτατος,
1564 1413 1706 1468 Deus
1755 1427 1819 1465 ac
1863 1421 2036 1480 pater;

467 1513 588 1583 ejus
635 1511 727 1581 qui
776 1510 914 1562 dixit
948 1517 1002 1562 et
1049 1506 1435 1576 praenuntiavit
1479 1505 1621 1560 istud
1684 1521 1698 1557 :
1752 1501 2038 1564 Homines.

467 1603 668 1674 quibus
714 1601 781 1655 de
836 1599 1041 1668 Spiritu
1101 1612 1220 1652 meo
1275 1596 1537 1660 dederim,
1597 1594 2038 1655 conclamabunt,

468 1697 582 1750 sive
617 1708 748 1748 voce
772 1692 1041 1746 concorde
1085 1689 1399 1745 clamabunt
1453 1690 1608 1758 juxta
1659 1687 1898 1742 divinam
1954 1699 2046 1740 eos

469 1786 788 1858 gnitionem,
811 1784 915 1840 hoc
941 1787 1114 1853 ipsum
1149 1796 1281 1836 sane
1313 1798 1328 1835 :
1361 1781 1465 1846 Tu,
1495 1795 1528 1836 ο
1561 1781 1722 1843 Deus.
1773 1789 1855 1835 ter
1907 1778 2045 1833 luci-

471 1879 697 1935 dissima
719 1851 981 1939 essentia,
1012 1873 1334 1929 benedictus
1357 1887 1438 1936 es,
1471 1880 1533 1926 ut
1588 1862 1744 1925 antea
1775 1872 2041 1940 scriptum
2077 1851 2120 1907 Β

471 1981 579 2028 est.
614 1970 679 2022 Et
713 1969 928 2039 quidem
963 1973 1048 2022 est
1079 1966 1186 2021 hoc
1211 1963 1534 2034 simplicius.
1597 1962 1654 2018 Si
1713 1977 1842 2018 vero
1886 1961 2044 2030 juxta

473 2061 803 2134 exemplaria
839 2059 1089 2130 quaedam
1153 2057 1464 2113 scribitur:
1517 2055 1638 2112 Tibi
1691 2055 2042 2120 clamabunt;

475 2154 821 2223 adaptabitur
869 2150 1032 2204 etiam
1069 2165 1096 2203 a
1132 2148 1550 2218 praeferentibus
1587 2162 1708 2202 eam
1766 2147 2048 2216 aequaliter

477 2242 789 2310 huiusmodi
839 2240 1157 2308 scriptura;
1198 2237 1315 2300 sed,
1353 2246 1511 2308 puto,
1565 2251 1670 2291 non
1741 2235 1919 2290 facile.
1985 2234 2046 2290 Si

475 2336 600 2404 quis
629 2343 836 2395 autem,
866 2329 1174 2400 praedictam
1241 2329 1534 2382 immutare
1591 2326 1783 2382 volens
1826 2334 2047 2380 senten-

477 2430 631 2494 tiam,
665 2427 736 2481 ita
761 2421 1132 2481 construxerit
1165 2439 1179 2478 :
1217 2418 1549 2476 Fulmiuavit
1572 2419 1830 2491 propheta
1859 2430 2047 2472 vocem

475 2521 818 2578 (“VilliaSillle
873 2517 1105 2587 potentis
1164 2514 1348 2581 Verbi,
1412 2514 1526 2569 sive
1555 2511 1702 2575 Filii,
1741 2513 1834 2580 qui
1888 2510 2043 2578 dixit,

477 2611 673 2683 οἷάπερ
712 2613 824 2666 sive
846 2609 1047 2663 ὡσανεὶ
1077 2606 1370 2664 articulato
1430 2603 1624 2670 verbo,
1676 2605 1778 2658 hoc
1809 2611 1862 2657 et
1921 2601 2046 2664 hoc,

478 2709 756 2763 hominum
785 2717 958 2766 more,
985 2698 1338 2755 attentionem
1375 2695 1627 2752 fortassis
1661 2703 1716 2750 et
1751 2695 1870 2764 ipse
1903 2691 2049 2747 inve-

476 2802 610 2855 uiet.

549 2891 670 2946 112.
715 2889 921 2944 Interea
993 2896 1172 2942 tamen
1225 2883 1375 2953 juxta
1423 2877 1842 2950 praordinatam
1907 2885 2050 2932 stro-

475 2989 597 3056 pune
626 2983 952 3052 scripturam
1014 2979 1104 3034 hic
1142 2977 1307 3033 etiam
1357 2973 1476 3028 vide
1507 2971 1816 3040 congeriem
1847 2969 1996 3025 verbi
2031 3007 2049 3034 ,

475 3073 1043 3146 τρισσοφεγγόφωτος.
1078 3083 1186 3123 non
1231 3066 1446 3120 volente
1510 3061 1723 3118 melodo
1765 3060 2052 3116 discedere

485 3165 886 3237 quodammodo
916 3168 985 3224 de
1011 3160 1179 3230 longis
1209 3155 1552 3223 dictionibus,
1606 3167 1745 3223 quas
1794 3160 1941 3207 amat
1973 3151 2050 3206 si-

481 3269 573 3313 cut
617 3257 859 3310 Libanus
913 3254 1104 3320 longas
1151 3251 1373 3316 cedros,
1400 3257 1454 3303 et
1485 3247 1685 3318 aliquis
1715 3245 1851 3301 alter
1890 3259 2052 3315 quer-

481 3365 642 3403 euum
687 3344 1134 3416 congregationes
1180 3341 1555 3404 excelsas,aut
1607 3352 1895 3407 cupressos
1940 3351 2055 3391 ma-

481 3457 632 3511 gnas.
671 3437 973 3493 Eviscerari
1026 3434 1208 3488 mallet
1263 3446 1426 3501 quam
1479 3429 1790 3500 huiusmodi
1846 3428 2057 3483 solvere

481 3541 768 3602 congestas
788 3530 1071 3592 dictiones,
1101 3535 1154 3582 et
1178 3525 1479 3596 simplicius
1493 3537 1588 3578 eas
1609 3523 1920 3592 dispergere
1943 3538 1958 3586 ;
1979 3522 2057 3576 sic

485 3628 670 3696 igitur,
703 3624 924 3692 Optime,
950 3621 1147 3687 scribe,
1180 3633 1410 3689 quaeque
1441 3621 1522 3673 vis
1559 3615 1748 3672 dicens
1777 3615 1862 3670 fac
1890 3617 2056 3669 etiam

486 3732 606 3784 quae
655 3714 814 3769 nobis
851 3712 1110 3768 salutaria
1141 3719 1266 3766 sunt
1294 3726 1310 3777 ;
1335 3709 1582 3776 divitem,
1613 3707 1853 3776 inquam,
1884 3707 2058 3760 doxo-

485 3810 685 3878 logiam
740 3816 942 3860 sanctae
971 3802 1286 3868 Trinitatis,
1330 3816 1494 3871 quam
1562 3799 1656 3854 ille
1717 3798 1811 3868 qui
1868 3812 2056 3852 revera

486 3898 805 3955 benedictus
851 3904 936 3950 est
995 3894 1139 3950 Deus
1179 3893 1398 3962 accipit.
1440 3889 1552 3945 \r'ox
1607 3901 1788 3945 autem
1831 3890 2054 3959 φέγγος,

484 3993 587 4046 etsi
653 3989 819 4046 solari
877 3988 1068 4042 lumini
1141 3993 1381 4055 ponatur
1459 3983 1812 4054 tequivalens,
1866 3981 2056 4036 multis

485 4094 662 4136 tamen
699 4081 866 4148 φάους
891 4077 1058 4146 ἐγγύς
1082 4092 1203 4131 esse
1225 4074 1459 4129 videtur.
1493 4073 1733 4128 Dicimus
1793 4087 1924 4144 ergo
1955 4071 2061 4126 ful-

486 4176 637 4243 guris
660 4175 896 4240 φέγγος;
931 4183 996 4223 ex
1030 4169 1134 4221 hoc
1173 4175 1354 4235 autem
1391 4167 1554 4220 etiam
1585 4164 1821 4234 φθόγγος
1846 4168 1915 4219 de
1946 4180 2088 4219 εει-π

491 4278 652 4317 mone
679 4261 770 4331 qui
813 4260 1110 4314 sententias
1148 4257 1295 4311 velut
1321 4257 1377 4310 in
1415 4257 1656 4310 tenebris
1705 4255 2058 4310 absconditas

491 4356 784 4416 illuminat,
851 4359 912 4404 ut
948 4352 1016 4404 sit
1066 4362 1283 4418 quoque
1342 4347 1678 4416 φθέγγεσθαι
1763 4348 1866 4402 boc
1932 4348 2059 4415 φάει

492 4446 757 4518 ἐγγίζειν.
811 4443 963 4498 Dicta
1003 4456 1132 4496 vero
1165 4439 1376 4506 Θέσπις,
1429 4439 1614 4494 divina
1666 4456 1767 4495 vox
1799 4442 2061 4506 interpre-

2073 3199 2121 3263 C

1161 383 1508 448 EUSTATII
1525 385 1578 442 ll
1621 384 1721 442 ’ΠΙ
1735 379 2070 444 ESSALUN
2087 380 2329 440 lCENSl
2345 381 2383 438 S
2423 379 2577 440 MET
2591 377 2988 441 ROPOLlT/E
3547 384 3624 449 684

2310 496 2416 549 Τοῦ
2449 495 2765 566 Πνεύματὸς
2795 513 2920 564 μου,
2959 491 3340 560 συμσοήσουσι·
3361 489 3496 556 Φύσις

2321 592 2386 644 Ἥ
2420 589 2990 660 τρισσοφεγγόφωτος,
3022 585 3311 655 εὐλογητὸς
3337 579 3399 637 εἶ.

2207 692 2340 755 ροα¹.
2384 684 2459 738 Ού
2489 684 2808 754 προλάμπει
2849 681 2947 752 μὲν
2982 680 3103 734 οὐδὲ
3145 678 3235 732 τοῦ
3281 681 3508 749 παρόντος
3541 698 3632 749 τρο·

2137 776 2335 846 παρίου
2385 774 2676 845 σαφήνεια·
2712 775 2831 827 ἐστι
2861 774 2916 826 δὲ
2967 772 3142 833 ἄλλως
3188 769 3483 842 εὐπρόσιτον
3515 770 3635 836 δῆθεν

2137 870 2268 924 αὐτὸ
2314 870 2404 924 διὰ
2455 871 2514 923 τὸ
2563 868 2687 922 κατ’
2743 867 2956 920 ἔννοιαν
3015 863 3289 934 μονοειδὲς
3339 864 3422 914 καὶ
3463 865 3634 932 γοργόν.

2150 963 2454 1017 Ἐκτίθεται
2484 961 2596 1032 γὰρ
2631 964 2690 1013 ἐν
2739 960 2933 1031 βραχεῖ
2959 957 3170 1009 ἔννοιαν
3210 955 3334 1024 μίαν
3360 956 3640 1024 προφητικὴν

2139 1055 2324 1109 θεόθεν
2348 1056 2477 1124 περὶ
2506 1055 2602 1124 τῆς
2627 1045 2856 1110 καθόδου
2881 1049 2975 1104 τοῦ
3004 1049 3161 1117 άγίου
3188 1047 3497 1115 Πνεύματος,
3520 1047 3637 1111 λέγον

2138 1150 2219 1202 ὅτι
2260 1151 2288 1202 6
2332 1148 2486 1219 Ἰωὴλ
2521 1150 2548 1201 6
2595 1146 2811 1217 βλέπων
2847 1139 2938 1197 οἷα
2983 1143 3292 1214 προφήτης,
3327 1138 3489 1201 ἔνθους
3531 1140 3644 1206 γενόα

2145 1258 2328 1311 μενος,
2363 1239 2823 1309 κατεϐρόντησεν,
2864 1238 3030 1307 ἤγουν
3078 1233 3290 1305 τρανῶς
3333 1232 3537 1297 ἐξεῖπεν,
3563 1227 3677 1324 ὅπα(

2141 1333 2356 1396 θέσπιν,
2397 1332 2568 1402 ἤγουν
2591 1329 2743 1384 θείαν
2781 1328 2968 1398 φωνὴν
3024 1325 3118 1378 τοῦ
3153 1324 3229 1386 ὼς
3265 1327 3351 1378 καὶ
3399 1322 3674 1395 «pompm;

2143 1425 2590 1498 θεαρχικωτάτου
2643 1424 2764 1478 κατ’
2813 1421 3092 1493 ἐξαίρετον
3141 1419 3280 1473 Θεοῦ
3334 1419 3421 1470 καὶ
3463 1416 3644 1484 Πατρός·
3665 1411 3674 1478 ᾗ

2143 1521 2416 1590 φήσαντος
2445 1518 2541 1571 καὶ
2564 1516 2943 1586 προειπόντος,
2974 1533 2994 1567 ι
3028 1514 3092 1567 Ol
3121 1511 3394 1579 ἄνθρωποι
3417 1502 3490 1570 οἷς
3520 1508 3650 1577 ἐκχεῶ

2145 1609 2240 1662 τοῦ
2277 1607 2594 1675 Πνεύματός
2646 1622 2773 1675 μου,
2805 1623 2824 1654 ι
2863 1605 3058 1657 ἐκεῖνοι
3087 1601 3299 1670 συμόοή
3312 1617 3492 1656 σουσιν.
3522 1597 3650 1665 ἤγουν

2148 1704 2245 1775 βοῇ
2278 1699 2557 1770 συμφώνῳ
2603 1698 2967 1768 κεκράξονται
3015 1694 3157 1747 κατά
3207 1692 3356 1746 θείαν
3395 1691 3653 1755 ἐπίγνωσιν,

2147 1797 2279 1852 αύτδ
2321 1793 2388 1866 δὴ
2433 1791 2592 1846 τοῦτο
2615 1791 2674 1844 τό
2696 1807 2708 1821 ·
2737 1791 2834 1851 Σὺ,
2869 1783 2914 1844 ὦ
2935 1787 3090 1852 Θεὸς,
3118 1787 3152 1854 ή
3182 1783 3653 1856 τρισσοφεγγόφωτσς

2149 1887 2332 1957 φύσις,
2377 1883 2667 1953 εὐλογητὸς
2716 1878 2797 1945 εἷς
2842 1882 2918 1943 ὡς
2957 1882 3394 1949 προγέγραπται.
3424 1875 3520 1926 Καὶ
3541 1871 3658 1924 τοῦτο

2151 1980 2250 2050 μὲν
2277 1976 2452 2041 οὕτως
2482 1973 2874 2044 ἁπλούστερον.
2912 1973 2974 2025 El
3007 1971 3063 2024 δέ
3097 1969 3372 2038 γράφεται
3416 1964 3540 2018 κατά
3571 1980 3659 2014 tua

2146 2069 2256 2124 τῶν
2305 2066 2684 2136 ἀντιγράφων,
2736 2065 2821 2117 σοὶ
2871 2062 3151 2132 βσήσουσι,
3211 2055 3660 2129 συμϐιϐασθὴσεται

2152 2161 2252 2231 μέν
2289 2159 2420 2222 ἴσως
2454 2157 2549 2212 καὶ
2578 2159 2611 2228 ἡ
2659 2156 2884 2223 τοιαύτη
2915 2153 3102 2225 γραφὴ
3148 2153 3290 2222 πρὸς
3315 2150 3420 2204 τῶν
3451 2146 3664 2216 clpa-api-

2148 2271 2254 2308 νων
2284 2251 2477 2322 αὐτήνο
2508 2249 2609 2304 οὐκ
2637 2249 2704 2302 ἂν
2741 2249 2797 2302 δέ
2838 2247 3098 2310 εὐκόλως,
3127 2239 3304 2313 οἶμαι.
3335 2243 3396 2295 Εί
3419 2240 3471 2294 δέ
3497 2254 3568 2301 τις
3589 2236 3661 2305 τὴν

2151 2343 2410 2416 ῥηθεῖσαν
2439 2343 2651 2396 ἔννοιαν
2692 2340 2959 2412 ἐθελήσας
3002 2338 3321 2400 ἀλλοιῶσαι,
3356 2332 3580 2394 συντάξει
3605 2330 3663 2380 ὅτι

2149 2437 2586 2511 κατεθρόντησεν
2613 2437 2640 2490 6
2687 2435 2973 2504 προφήτης
3004 2431 3113 2483 ὅπα
3139 2428 3237 2482 τοῦ
3279 2423 3664 2496 θεαρχιιιωτὰτου

2149 2534 2347 2602 Λόγου,
2400 2533 2569 2602 ἤγουν
2632 2526 2728 2582 τοῦ
2774 2523 2908 2580 ’Υίοῦ
2958 2526 3255 2594 φήσαντος,
3289 2515 3498 2588 οἷάπερ,
3543 2515 3670 2584 ήγουν

2147 2625 2350 2682 ὡσανεὶ
2397 2624 2649 2696 ἐνάρθρῳ
2678 2623 2824 2692 λόγῳ
2851 2620 3097 2680 είπόντος
3127 2617 3191 2669 τὸ
3220 2619 3316 2667 καὶ
3358 2612 3419 2664 τὺ
3449 2609 3671 2678 ἀνθρωπι-

2150 2719 2417 2787 κώτερον,
2450 2716 2677 2787 εὑρήσει
2709 2713 2986 2782 προσοχὴν
3019 2709 3185 2762 ποθεν
3211 2707 3304 2762 καὶ
3333 2705 3509 2764 αὑτός.

2226 2895 2356 2966 ροβ’.
2400 2892 2491 2964 Τῷ
2524 2892 2663 2955 τέως
2717 2892 2900 2961 μέντοι
2945 2889 3088 2941 κατὰ
3139 2885 3243 2957 τὴν
3286 2879 3678 2950 ἀνατεταγμίνην

2151 2986 2248 3042 τοῦ
2277 2984 2584 3057 τροπαρίου
2623 2982 2842 3054 γραφὴν
2886 2982 2990 3051 δρα
3036 2978 3326 3033 κάνταῦθα
3378 2977 3476 3046 τὴν
3505 2969 3676 3033 ποιεὴν

2151 3078 2246 3132 τοῦ
2271 3077 2844 3147 τρισσοφεγγόφωτος,
2877 3075 2978 3127 οὐκ
3025 3071 3314 3134 ἐθέλοντος
3346 3069 3441 3124 τοῦ
3489 3059 3678 3136 μελῳδοῦ

2153 3169 2596 3225 ἀπαλλάττεσθαι
2648 3166 2838 3236 ὥσπερ
2892 3163 3013 3219 οὐδὲ
3071 3164 3172 3231 τῆς
3228 3159 3596 3230 μακρολεξίας,
3632 3154 3679 3220 ἦν

2157 3264 2304 3334 φιλεῖ
2329 3262 2472 3316 καθὰ
2504 3262 2601 3315 καὶ
2627 3263 2654 3314 6
2685 3259 2918 3320 Λίϐανος
2963 3258 3061 3319 τὰς
3091 3258 3317 3325 μακράς
3365 3253 3589 3322 κέδρους·
3613 3244 3684 3298 καί

2154 3373 2238 3416 τις
2277 3353 2436 3416 ἄλλος
2461 3351 2684 3423 δρυμὼν
2725 3351 3006 3419 αἰγείρους
3060 3347 3370 3418 μακεδνὰς,
3402 3345 3434 3413 ἢ
3469 3337 3686 3406 κυπαρίσ-

2159 3465 2288 3512 σους
2340 3444 2674 3518 μηκεδανάςο
2726 3445 2818 3496 καὶ
2875 3442 2942 3495 ἂν
2994 3441 3174 3493 ἕλοιτο
3234 3433 3690 3506 καταχορδευθῆνσι

2159 3540 2342 3604 αὐτὸς,
2383 3539 2415 3607 ἢ
2465 3537 2724 3598 τοιαύτας
2758 3532 3012 3586 διαλῦσαι
3061 3531 3494 3600 σεσωρευμένας
3535 3522 3686 3584 λέξειεν

2159 3631 2256 3683 καὶ
2301 3627 2655 3682 διασκεδάσαι
2707 3625 2877 3686 αὐτὰς
2916 3626 2996 3686 εἰς
3045 3622 3363 3692 ἁπλότητα,
3418 3617 3508 3673 καὶ
3554 3613 3690 3682 γράφε

2158 3721 2327 3782 οὕτως
2353 3713 2399 3772 ὦ
2427 3721 2640 3788 ἀριστε,
2702 3717 2798 3772 καὶ
2829 3716 3000 3784 λέγων
3039 3715 3186 3785 ἆπερ
3221 3713 3434 3775 ἐθέλεις
3473 3710 3597 3761 ποίει
3624 3704 3692 3756 καὶ

2157 3808 2224 3860 τά
2257 3809 2390 3877 ἡμῖν
2424 3807 2692 3877 σωτήριαο
2728 3805 2826 3876 τὴν
2875 3804 3068 3874 δαψιλῆ
3114 3819 3270 3874 φημι
3307 3802 3600 3868 δοξολογῐαν
3623 3797 3694 3862 τῆς

2161 3898 2320 3966 ἁγίας
2355 3897 2608 3967 Τριάδος,
2638 3898 2704 3967 ἢν
2729 3897 2758 3948 6
2783 3896 2955 3956 ὄντως
2981 3893 3286 3965 εὐλογητὸς
3319 3893 3455 3953 Θεὸς
3483 3886 3694 3952 ἀποδέχε-

2158 4007 2268 4044 ται·
2302 3990 2363 4042 τὸ
2395 3989 2452 4042 δὲ
2487 3989 2691 4058 φέγγος
2725 3990 2772 4040 εί
2819 3990 2914 4039 καὶ
2961 3989 3040 4048 είς
3074 3985 3191 4038 ἴσον
3238 3984 3490 4038 τέθειται
3529 3969 3696 4048 ἡλιακῷ

2163 4086 2325 4156 φωτὶ,
2361 4085 2498 4137 ἀλλὰ
2529 4083 2742 4144 πολλοῖς
2771 4084 2940 4151 φάους
2972 4083 3135 4150 ἐγγὺς
3167 4076 3319 4133 εἶναι
3347 4079 3512 4132 δοκεῖ.
3536 4073 3697 4137 Φέγγπ

2161 4173 2256 4229 οὖν
2284 4192 2463 4244 φαμεν
2497 4173 2810 4246 ἀστραπῆς,
2846 4173 2905 4238 ἐξ
2929 4171 3096 4225 αὐτοῦ
3133 4172 3196 4225 δὲ
3229 4173 3332 4225 καὶ
3365 4169 3610 4240 φθόγγος,
3634 4161 3698 4214 ἐπὶ

2160 4263 2323 4329 λόγου
2357 4262 2686 4332 φωτίζοντος
2711 4263 2781 4316 τὰ
2804 4259 2878 4324 ὼς
2902 4262 2958 4312 ἐν
2988 4259 3170 4329 σκότῳ
3197 4260 3457 4329 κρυφαῖα
3482 4254 3699 4320 νοήματαν

2161 4354 2251 4406 ἴνα
2341 4353 2436 4406 καὶ
2460 4351 2797 4420 φθέγγεσθαι
2827 4352 2887 4404 τὸ
2912 4350 3039 4420 φάει
3065 4350 3346 4418 ἐγγίζειν*
3373 4350 3409 4420 ἡ
3441 4346 3494 4400 δέ
3523 4342 3705 4414 ῥηθεῖσι

2164 4445 2377 4510 θέσπις,
2401 4443 2554 4515 φωνὴ
2579 4444 2698 4497 θεία
2724 4442 3166 4514 ἐρμηνευομένη,
3203 4441 3362 4495 κατά
3383 4439 3445 4493 τὸ
3470 4431 3708 4507 φερέσθων

489 4555 622 4605 tata,
668 4539 946 4595 semisono
974 4535 1244 4590 redundat
1278 4533 1420 4588 sicut
1441 4532 1732 4602 φερέσϐιον
1763 4540 1818 4586 et
1863 4531 2052 4584 θεσπέ-

2165 4536 2454 4598 πλιονάξει
2482 4535 2562 4606 τῷ
2591 4535 2884 4606 ἡμιφώνῳ,
2911 4533 3054 4589 καθά
3085 4534 3187 4586 καὶ
3219 4532 3288 4587 τὸ
3316 4531 3614 4591 θεσπέσιον,
3638 4521 3707 4575 καὶ

489 4652 626 4697 σιον,
665 4642 718 4686 et
764 4627 990 4685 similia.
1058 4625 1253 4695 Reipsa
1313 4635 1547 4694 namque
1593 4623 1784 4686 θέσπις
1830 4632 1913 4678 est
1962 4638 2060 4687 pro

488 4726 593 4778 ὑπὸ
619 4721 756 4775 Θεοῦ
839 4718 1067 4772 ἔπεσθαι
1102 4732 1132 4771 a
1170 4715 1280 4771 Deo
1341 4714 1524 4770 venire
1595 4730 1691 4770 seu
1755 4714 2062 4782 tbeOIOgice

488 4815 618 4867 dici.
658 4811 789 4864 Tale
823 4825 1038 4879 quoque
1071 4819 1156 4862 cst
1225 4808 1253 4860 6
1283 4806 1568 4869 θεσπέσιος
1609 4807 1799 4872 λόγος.
1835 4804 1946 4860 Res
1977 4811 2062 4857 ta-

494 4919 615 4957 men
666 4903 819 4955 aliter
851 4903 932 4954 est
967 4898 1273 4962 θεσπέσιος,
1339 4887 1600 4968 tanquam
1672 4897 1727 4950 in
1760 4910 1861 4949 nos
1893 4910 1925 4948 a
1954 4892 2064 4948 Deo

493 4997 664 5062 lapsa.
715 4993 788 5045 Ex
844 4992 946 5045 hac
976 5002 1153 5045 autem
1183 4995 1509 5061 etymologia
1547 4989 1690 5044 venit
1729 4991 1890 5044 etiam
1921 4987 2062 5056 apud

497 5087 752 5153 antiquos
783 5083 1061 5152 tzisyllaba
1109 5097 1209 5136 vox
1269 5081 1491 5144 θέσπιος
1526 5082 1703 5152 (puer)
1733 5081 1788 5133 in
1813 5078 2060 5145 oraculo,

499 5182 614 5230 sive
655 5176 872 5229 divinus
903 5173 1139 5242 juvenis.
1178 5173 1269 5225 Est
1316 5182 1495 5226 autem
1555 5173 1717 5226 etiam
1781 5171 2064 5240 proprium

501 5283 696 5324 nomen
747 5267 775 5316 6
803 5265 1027 5331 Θέσπις,
1061 5263 1298 5333 tragicus
1325 5276 1502 5333 poeta.
1545 5263 1722 5317 Simili
1757 5263 2069 5316 redundan-

501 5363 574 5416 tia
629 5358 826 5429 gaudet
875 5365 928 5411 ct
978 5358 1006 5408 6
1064 5356 1286 5425 θεσμὸς,
1318 5356 1410 5424 qui
1451 5355 1669 5409 deberet
1721 5369 1841 5409 esse
1895 5352 2062 5422 θεμδς

496 5455 652 5524 juxta
697 5449 870 5516 θέμιν,
912 5463 940 5500 a
968 5462 1073 5517 qua
1114 5446 1440 5501 venitetiam
1479 5445 1749 5513 ἐθέμωσε.

571 5539 696 5595 175.
758 5537 991 5591 Verbum
1059 5546 1239 5590 autem
1320 5533 1718 5604 κατεδρόντησε
1778 5531 2068 5600 magniﬁce

500 5636 705 5691 dictum
753 5640 856 5686 est.
920 5628 1036 5682 Non
1095 5629 1238 5682 enim
1317 5626 1490 5681 solum
1553 5625 1827 5696 signiﬁcat
1912 5625 2058 5694 quod

505 5725 671 5787 clare,
706 5722 852 5776 sicut
879 5720 1083 5776 dictum
1156 5728 1259 5783 est,
1305 5729 1360 5772 et
1396 5717 1679 5786 perspicue
1718 5717 1934 5772 locutus
1987 5726 2070 5771 est

502 5818 780 5890 propheta,
816 5814 910 5870 sed
962 5814 1126 5868 etiam
1184 5811 1328 5881 quod
1388 5809 1620 5878 desuper
1677 5808 1781 5877 ipsi
1841 5809 2070 5867 demori-

2163 4628 2234 4683 τὰ
2256 4628 2506 4682 τοιαῦτα.
2534 4627 2607 4680 Τὸ
2637 4629 2746 4696 γάρ
2773 4625 2988 4689 ἐντελὲς
3027 4625 3230 4691 θέσπις
3267 4626 3416 4691 ἐστὶ,
3455 4624 3538 4677 διὰ
3562 4620 3613 4673 τὸ
3635 4615 3710 4670 ὑπὸ

2163 4717 2329 4772 Θεοῦέ
2355 4719 2744 4788 πεσθιι,ἧγουν
2759 4717 3014 4785 λέγεσθαι
3031 4711 3709 4787 θεολογικὼτερον.’ομοιον

2164 4809 2220 4861 δὲ
2262 4809 2356 4862 καὶ
2393 4810 2421 4861 6
2469 4807 2757 4870 θεσπέσιος
2781 4821 2790 4849 -'
2807 4805 2990 4876 λόγος*
3038 4808 3292 4879 πρᾶγμα
3358 4810 3542 4879 μέντοι
3581 4801 3713 4856 ἄλλως

2167 4900 2476 4964 θεσπέσιον,
2526 4898 2602 4962 ὡς
2652 4899 2759 4952 ἀπὸ
2806 4899 2946 4953 Θεοῦ
3005 4904 3173 4953 πεσδν
3228 4901 3319 4962 είς
3369 4899 3540 4972 ἡμᾶς’
3581 4897 3636 4948 ἐκ
3673 4890 3714 4941 ἃ

2165 4990 2422 5061 τοιαύτης
2469 4993 2811 5061 παραγωγῆς
2839 4991 2935 5045 καὶ
2959 4989 3171 5061 άπαρὰ
3211 4995 3338 5056 τοῖς
3370 4992 3612 5049 παλαιοῖς
3632 5000 3717 5051 τρι·

2128 5109 2130 5112 ν
2170 5082 2446 5144 συλλάσως
2471 5082 2692 5144 θέσπιος
2714 5081 2910 5154 κοῦρος
2935 5084 2991 5134 ὲν
3012 5082 3284 5153 χρησμῷ,
3314 5084 3441 5154 ἤτοι
3464 5081 3596 5139 θεῖος
3611 5078 3716 5137 νέος⁸

2167 5171 2284 5222 ἐστι
2305 5170 2360 5224 δὲ
2387 5172 2480 5223 καὶ
2503 5171 2697 5240 κύριον
2717 5170 2886 5242 ὄνομα
2909 5173 2938 5224 6
2957 5171 3163 5235 Θέσπις
3187 5176 3516 5246 τραγῳδίας
3535 5168 3723 5237 ποιητὴς

2169 5261 2396 5324 ἐκεῖνος’
2426 5259 2615 5330 ὁμοίου
2647 5261 2704 5314 δέ
2751 5262 3095 5329 πλεονασμοῦ
3131 5267 3243 5319 καὶ
3273 5267 3304 5319 6
3341 5265 3564 5337 θεσμὸς,
3592 5258 3721 5326 θεμδς

2169 5350 2401 5419 ὀφείλων
2447 5347 2589 5406 εῖναι
2629 5355 2770 5406 κατά
2817 5357 2918 5424 τὴν
2949 5355 3133 5423 θέμιν,
3178 5357 3286 5424 ἀφ’
3316 5353 3388 5428 ἦς
3436 5358 3609 5412 καὶτὸ
3637 5350 3726 5406 tili-

2173 5459 2345 5511 μωσε.

2246 5531 2378 5603 ρογ’.
2425 5535 2501 5587 Τὸ
2543 5535 2600 5588 δέ
2652 5538 3052 5608 κατεϐρόντησε
3116 5542 3363 5610 σεμνῶς
3420 5543 3645 5614 εἴρηται·
3684 5532 3726 5582 οὗ

2177 5627 2335 5694 μόνον
2375 5625 2482 5696 γὰρ
2501 5624 2649 5694 δηλοί
2698 5629 2758 5679 τὸ
2802 5629 3032 5698 τρανῶς,
3059 5627 3139 5691 ὡς
3173 5631 3420 5701 ἐρρέθη,
3456 5632 3547 5684 καὶ
3592 5621 3726 5691 τορῶς

2174 5715 2432 5782 ἐλάλησεν
2462 5719 2489 5769 6
2517 5719 2772 5787 προφήτη
2792 5738 2828 5782 ς,
2849 5719 2982 5773 ἀλλὰ
3009 5721 3095 5771 καὶ
3135 5720 3230 5774 ὅτε
3253 5722 3477 5776 ἄνωθεν
3502 5715 3729 5788 ἐκφσιθὶν

2175 5809 2323 5880 αύτῷ
2351 5809 2486 5863 Θεοῦ
2518 5810 2728 5880 θέλημα
2755 5811 3118 5880 ἐξεφώνησενι
3153 5814 3185 5866 δ
3221 5815 3293 5886 δὴ
3331 5818 3512 5885 νόημα
3541 5815 3730 5882 βὲηντην
