3966 6248
213 434 328 500 685

1045 425 1130 493 ΙΝ
1173 425 1514 497 ΗΥΜΝΗΜ
1546 425 2193 498 PENTECOSTALEM
2234 436 2684 499 DAMASCENI.

3390 440 3486 503 686

203 553 364 608 εἶπεν
389 551 748 623 ὲξηχηθείσαν
779 545 894 605 οἷον
943 552 1239 622 οὐρανόθεν
1269 554 1364 606 καὶ
1419 552 1788 607 ἀκουσθεῖσαν

1907 560 2140 606 stratam
2178 552 2272 606 Dei
2299 553 2628 609 voluntatem
2677 553 3003 609 enuntiavit.
3031 555 3338 627 Cogitatum
3381 559 3486 613 hoc

205 647 356 718 μόνῳ
371 647 448 718 τῷ
471 645 730 716 προφήτῃ
756 644 926 700 κάτω.
961 645 1124 699 Ἀλλὰ
1154 645 1311 700 τοῦτο
1333 646 1434 714 μὲν
1464 645 1792 716 σεμνότητός

205 743 328 794 ἔστι
352 736 648 808 τροπικῆς.
696 737 756 790 '0
787 735 844 790 δὲ
875 735 1221 806 προφητικὸς
1252 736 1376 799 νοῦς
1408 736 1510 789 οὐκ
1551 735 1617 790 ἂν
1665 734 1790 788 ἀνέ-

209 849 374 902 μενεν
405 830 781 897 ἰλυσπώμενος
824 828 995 894 κάτω,
1024 829 1276 894 δέξασθαι
1311 830 1409 897 τὴν
1439 831 1502 881 ἐκ
1541 828 1652 881 τῶν
1681 827 1794 882 ἄνω

209 925 363 980 θείαν
415 924 665 994 βροντὴν,
705 921 843 974 ἀλλὰ
891 921 972 991 τῷ
1013 921 1134 989 Θεῷ
1191 921 1282 974 καὶ
1333 921 1494 982 αὐτὸς
1537 920 1790 988 ἐγγίσας,

209 1020 448 1090 ἤκουσεν
493 1018 631 1082 ὅπερ
669 1015 793 1067 ἐπεὶ
831 1013 1098 1083 ἐνετάλθη
1150 1014 1226 1084 μὴ
1265 1013 1590 1084 ἔπικρύψαι,
1632 1011 1795 1082 ἐξηγ-

209 1111 362 1178 γειλέ
403 1126 460 1162 τε
509 1107 689 1170 ἄλλως
733 1110 828 1162 καὶ
866 1107 1162 1177 ἐγγράφως
1209 1107 1493 1178 παρέδοτο.
1531 1107 1686 1159 Ἔστι
1733 1106 1790 1158 δὲ

207 1202 428 1269 νοῆσαι,
474 1203 570 1254 καὶ
615 1201 696 1254 ὅτι
747 1200 822 1262 ὡς
871 1200 930 1253 τὸ
977 1199 1443 1270 προηγησάμενον
1491 1199 1792 1267 τροπάριον

209 1293 531 1365 ἐξεφωνήθη
586 1293 748 1346 τοῦτο
792 1291 1008 1357 δεξιῶς,
1057 1290 1390 1362 ὑψηλότερον
1450 1291 1656 1360 μέντοι·
1691 1290 1790 1360 τὴν

213 1388 315 1455 μὲν
343 1388 454 1457 γὰρ
498 1387 616 1438 ἐκεῖ
647 1385 972 1454 συμφωνίαν
1017 1385 1324 1456 συμϐόησιν
1367 1382 1606 1437 ενταῦθα
1643 1380 1786 1436 εἷπε·

209 1483 273 1532 τὸ
299 1480 379 1544 δὲ,
415 1479 511 1531 καὶ
544 1478 831 1551 ἐθρόησεν,
866 1476 1194 1548 ἐϐρόντησεν
1221 1478 1351 1547 ἔφη·
1377 1478 1438 1530 τὸ
1460 1476 1516 1530 δὲ
1539 1475 1791 1545 ὀργάνων

215 1572 384 1633 μέλος
416 1570 528 1623 ὅπα
553 1570 649 1623 τοῦ
688 1570 1154 1639 θεαρχικωτὰτου·
1191 1570 1251 1624 τὸ
1290 1570 1348 1624 δὲ
1385 1569 1570 1624 σέϐειν
1601 1569 1699 1622 καὶ
1730 1569 1792 1620 τὸ

215 1662 617 1732 σεϐασμιάζειν
672 1663 761 1716 διὰ
795 1663 890 1716 τοῦ
925 1663 1118 1718 θέσπιν
1160 1663 1412 1733 ινέφηνε·
1448 1663 1646 1717 ταυτὸν
1681 1663 1789 1732 γὰρ

212 1757 324 1810 ὄπα
371 1757 579 1824 σεπτὴν
608 1756 788 1808 είπείν
822 1757 918 1808 καὶ
959 1754 1176 1810 θέσπιν.
1222 1756 1282 1810 '0
1310 1755 1521 1825 βλέπων
1550 1755 1607 1809 δὲ
1653 1769 1793 1825 προ-

208 1847 442 1915 φητικὸν
463 1846 734 1910 ἐπίθετον,
759 1846 820 1898 οὐ
849 1849 1008 1915 μόνον
1024 1847 1101 1918 τῷ
1135 1844 1288 1917 Ίωὴλ
1331 1847 1512 1914 καὶτῷ
1533 1844 1790 1916 Σαμουὴλ

1865 662 1867 664 ·
1902 661 2064 713 porro
2097 647 2300 701 tonitru
2353 646 2514 714 dixit,
2539 659 2726 718 utpote
2764 651 2907 718 quod
2933 663 2964 703 e
2993 649 3138 706 caelo
3160 659 3485 708 resonuerat

1900 747 1958 792 et
2007 739 2111 794 soli
2162 739 2442 808 propheta
2471 739 2729 795 deorsum
2777 751 2897 796 erat
2947 743 3222 798 auditum.
3258 743 3368 798 Hoc
3399 755 3484 798 ta-

1904 842 2026 880 men
2061 835 2145 880 est
2191 827 2432 896 ﬁguratae
2483 829 2922 899 magniﬁcentiae.
2969 831 3120 888 Mens
3177 833 3321 888 enim
3357 847 3483 902 pro-

1901 919 2076 989 phetat
2105 936 2212 975 non
2243 929 2451 989 poterat
2477 936 2798 990 permanere
2831 939 2996 994 super
3022 936 3222 980 terram
3254 941 3476 997 repens,

1902 1012 1969 1067 ad
2002 1015 2378 1082 accipiendum
2402 1031 2470 1072 ex
2502 1016 2787 1072 altissimis
2815 1017 3063 1072 ditinum
3100 1019 3303 1074 tonitru
3335 1039 3350 1076 :
3388 1021 3485 1076 sed

1912 1104 2027 1174 ipsa
2063 1104 2173 1162 Deo
2226 1106 2370 1162 facta
2423 1108 2670 1178 propior,
2718 1109 2925 1162 audivit
2982 1113 3128 1176 quod
3191 1121 3482 1182 postquam

1893 1194 2047 1264 jussa
2067 1203 2150 1250 est
2179 1210 2286 1250 non
2317 1197 2674 1262 abscondere,
2696 1198 2966 1252 nuntiavit
2991 1207 3050 1254 et
3078 1199 3242 1254 etiam
3277 1202 3484 1271 scripto

1902 1289 2145 1342 tradidit.
2207 1287 2303 1343 Est
2377 1298 2560 1346 autem
2620 1291 3046 1358 olncrvandum,
3090 1294 3258 1361 quod,
3335 1296 3482 1349 sicut

1897 1385 2214 1454 praecedens
2253 1384 2494 1454 Strophe,
2525 1386 2640 1440 haec
2673 1385 2930 1452 solerter,
2974 1387 3250 1440 excelsius
3272 1394 3482 1452 tamen,

1897 1475 2175 1532 declarata
2205 1487 2308 1532 est.
2357 1475 2471 1532 Illic
2519 1479 2664 1533 enim
2688 1477 3097 1550 symphoniam,
3137 1477 3228 1534 hic
3260 1477 3484 1532 concla-

1900 1569 2198 1623 motionem
2243 1568 2402 1624 dixit.
2454 1567 2570 1625 Hoc
2613 1578 2802 1626 autem
2858 1569 3149 1641 iOpdch,
3179 1571 3257 1623 ait
3295 1569 3486 1638 ἐϐρόν-

1897 1677 2063 1732 τησεν
2091 1677 2106 1728 ;
2139 1676 2470 1731 organorum
2495 1662 2810 1728 melodiam,
2848 1676 3036 1718 vocem
3071 1662 3257 1718 divine
3293 1672 3482 1733 poten-

1899 1753 2128 1821 tissimij;
2163 1755 2345 1808 σέϐειν
2396 1763 2452 1809 et
2486 1753 2882 1822 σώασμιάζειν
2918 1769 3014 1823 per
3050 1769 3240 1809 vocem
3283 1755 3483 1808 θέσπιν

1896 1845 2205 1915 expressit;
2253 1845 2396 1902 idem
2447 1847 2598 1902 enim
2660 1856 2747 1903 est
2783 1846 2970 1902 dicere
3018 1846 3128 1900 ὅπα
3199 1846 3486 1914 σεπτὴνει

208 1935 547 2004 ἐπιπρέπον,
596 1936 735 1988 ἀλλὰ
785 1938 880 1989 καὶ
933 1940 1047 2000 τοῖς
1100 1939 1220 1991 κατ’
1255 1937 1455 2000 αὐτοὺς
1498 1936 1663 1999 ὅλοις,
1710 1936 1787 1998 ὡς

1903 1912 2109 1990 mm.
2157 1912 2411 1995 Videntis
2463 1948 2644 1994 autem
2721 1939 3104 2010 propheticum
3144 1947 3229 1994 est
3269 1912 3484 2008 epithe-

207 2027 695 2094 θεοπτικωτάτοις,
733 2029 828 2082 καὶ
873 2029 1044 2092 ὅντως
1091 2030 1181 2082 τὸν
1231 2029 1360 2082 ὅντα
1413 2029 1510 2082 καὶ
1558 2027 1626 2081 τὰ
1661 2027 1789 2081 ὄντα

210 2121 498 2189 βλέπουσι,
529 2122 625 2175 καὶ
663 2119 809 2174 οὕτω
848 2122 984 2191 πρὸς
1013 2121 1272 2193 ἀλήθειαν
1301 2122 1676 2192 θεωρητικαῖς.

1897 2037 2037 2095 tum,
2067 2046 2172 2085 non
2203 2032 2382 2086 solum
2417 2031 2554 2088 Joeli
2605 2042 2660 2090 et
2711 2031 2951 2088 Samueli
3007 2040 3348 2102 competens,
3383 2031 3481 2086 sed

1899 2129 1955 2176 et
2006 2123 2214 2180 caeteris
2243 2123 2461 2179 illorum
2517 2126 2811 2192 similibus,
2873 2135 3132 2196 tanquam
3178 2124 3484 2178 θεοπτικω-

208 2218 416 2284 τάτοις,
479 2227 534 2274 et
587 2217 764 2288 reipsa
819 2218 970 2272 illum
1000 2219 1092 2287 qui
1147 2232 1230 2275 est
1280 2233 1333 2275 et
1367 2235 1430 2274 ea
1482 2234 1604 2290 qu:e
1658 2227 1785 2272 sunt
1825 2215 2156 2286 videntibus,
2199 2229 2256 2276 et
2331 2222 2407 2276 ita
2459 2222 2758 2278 secundum
2829 2223 3112 2278 veritatem
3190 2226 3480 2291 speculan-

213 2313 385 2368 libus.

291 2407 414 2476 ροδν.
461 2402 684 2471 Ἕνθους
729 2407 783 2461 δὲ
833 2409 957 2462 ἀντὶ
1004 2409 1207 2462 ὠσανεὶ
1233 2408 1438 2473 ἔνθεος·
1472 2412 1702 2482 εἴπομεν
1736 2415 1792 2468 δὲ

208 2500 277 2554 τὸ
301 2498 505 2552 ὡσανεὶ
532 2503 666 2569 πρὸς
694 2501 1008 2570 ἀκρίϐειαν·
1042 2501 1370 2572 σεμνότερον
1393 2503 1500 2574 γὰρ
1525 2506 1586 2558 τὸ
1612 2506 1794 2572 ἔνθεος

207 2591 312 2644 τοῦ
365 2591 573 2654 ἔνθους·
627 2591 811 2652 ἔνθεος
865 2593 1101 2664 μὲνιγὰρ
1143 2596 1172 2649 6
1217 2593 1368 2648 ἔνδον
1414 2596 1610 2651 ἑαυτοῦ
1659 2598 1793 2654 Θεὸν

207 2687 378 2756 ἔχων,
408 2690 501 2741 καὶ
543 2689 614 2743 δι’
649 2689 860 2742 ἐκείνου
913 2691 946 2761 ἢ
997 2691 1174 2755 ἄλλως
1217 2695 1458 2763 ἐνεργῶν
1507 2697 1539 2767 ἢ
1589 2696 1786 2751 λαλῶν·

210 2777 466 2832 τοιοῦτόν
494 2796 543 2833 τι
570 2781 742 2835 πάλαι
782 2783 844 2836 τὸ
897 2784 1040 2836 κατὰ
1067 2785 1167 2848 τὰς
1217 2785 1448 2856 βάκγας,
1481 2788 1547 2852 ἃς
1579 2788 1685 2859 ἔφη
1708 2807 1793 2854 τις

209 2871 436 2934 ἐνθέους
467 2875 756 2939 γυναῖκας.
783 2875 1012 2944 Ὅμοιον
1037 2877 1132 2930 καὶ
1167 2878 1228 2929 τὸ
1258 2878 1400 2931 κατὰ
1426 2881 1523 2941 τὰς
1559 2882 1792 2950 ἀποφοι-

212 2963 503 3027 ϐαζούσας
529 2966 804 3034 πνεύματι
849 2967 1123 3032 Πύθωνος·
1158 2967 1337 3032 ἔνθεος
1365 2970 1422 3024 δὲ
1471 2974 1566 3025 καὶ
1595 2975 1624 3027 6
1653 2975 1796 3028 κατὰ

211 3059 322 3120 τὰς
374 3058 646 3125 μαντικὰς
691 3060 960 3124 meum;
993 3062 1181 3126 ἐννεὰς
1229 3063 1465 3134 ἐλέγετο·
1518 3066 1612 3118 καὶ
1644 3066 1797 3137 ῥῆμα

211 3150 280 3202 ἐκ
327 3152 428 3219 τῆς
469 3151 727 3221 τοιαύτης
755 3151 951 3218 λέξεως
993 3153 1203 3224 ὑψηλὸν
1240 3154 1300 3208 τὸ
1334 3156 1632 3220 ἐνθεάζειν.
1664 3158 1795 3214 Ὀτε

1968 2419 2093 2472 ΓΗ.
2127 2416 2358 2478 Ἐνθους
2387 2422 2572 2470 autem
2612 2420 2697 2468 est
2729 2408 2886 2480 quasi
2947 2423 3043 2481 pro
3088 2408 3290 2472 ἔνθεος.
3329 2410 3476 2465 1)ίοί-

1897 2527 2022 2568 mus
2065 2525 2193 2566 vero
2213 2509 2370 2578 quasi
2398 2506 2465 2560 ad
2492 2506 2898 2560 accurationern
2929 2521 2944 2556 :
3004 2501 3294 2570 augustius
3331 2501 3478 2556 enim

1895 2611 1980 2658 est
2012 2601 2240 2656 verbum
2268 2598 2450 2659 ἔνθεος
2478 2610 2642 2666 quam
2676 2594 2889 2658 ἔνθους.
2923 2592 3148 2657 Ἕνθεος
3189 2594 3335 2648 enim
3363 2593 3482 2662 qni-

1897 2695 2020 2751 dem
2053 2701 2135 2748 est
2161 2691 2250 2746 ille
2283 2691 2377 2760 qui
2406 2689 2547 2744 intra
2579 2702 2638 2743 se
2671 2687 2837 2741 Deum
2865 2685 3049 2751 habet,
3073 2693 3125 2739 ct
3158 2697 3256 2754 per
3294 2683 3475 2754 ipsum

1897 2787 1980 2841 vel
2018 2785 2129 2855 agit
2161 2782 2240 2838 vel
2270 2781 2528 2850 loquitur.
2576 2778 2705 2833 'l‘ale
2731 2777 2859 2843 quid
2920 2775 3025 2831 fuit
3067 2775 3195 2831 olim
3250 2777 3481 2833 relative

1897 2877 1964 2932 ad
1999 2876 2234 2930 Bacchas
2261 2889 2399 2944 quas
2429 2870 2630 2940 aliquis
2661 2869 2799 2925 dixit
2826 2867 3040 2926 ἐνθέους
3075 2867 3348 2924 mulieres.
3385 2869 3480 2924 Si.

1899 2969 2028 3024 mile
2061 2981 2278 3037 quoque
2308 2964 2409 3019 fuit
2474 2977 2600 3033 erga
2657 2963 2893 3032 repletas
2958 2960 3151 3029 spiritu
3206 2960 3479 3024 Pithouis,

1900 3059 2118 3116 oracula
2184 3059 2399 3114 dantes.
2454 3054 2690 3113 Verbum
2722 3055 2890 3110 etiam
2952 3070 3018 3108 ex
3071 3053 3172 3109 hac
3243 3053 3479 3109 dictione

1904 3154 2051 3208 venit
2083 3151 2363 3206 excelsum
2389 3149 2449 3201 1:6
2469 3149 2764 3212 ἐνθεάζειν.
2794 3147 2932 3202 Cum
2999 3154 3180 3201 autem
3243 3146 3272 3199 6
3297 3145 3479 3210 ἔνθεος

209 3240 270 3296 δὲ
320 3243 350 3294 6
379 3241 565 3306 ἔνθεος
603 3244 747 3297 κατᾶ
777 3247 1090 3316 συναίρεσιν
1116 3247 1303 3310 ἔνθους
1337 3247 1580 3319 λεχθείη,
1617 3250 1798 3307 οὐκέτι

1903 3259 1996 3314 per
2023 3244 2451 3299 contractionem
2481 3239 2670 3303 ἔνθους
2719 3239 2904 3294 dictus
2943 3249 3046 3305 est,
3084 3252 3190 3294 non
3250 3239 3363 3308 jam
3399 3241 3472 3294 si-

218 3337 510 3403 σημασίαν
555 3338 747 3405 ὁμοίαν
792 3338 927 3408 ἔχει,
980 3340 1100 3393 ἀλλ’
1150 3335 1263 3394 οἷον
1321 3343 1794 3411 μετουσιαστικῶς

215 3425 315 3477 καὶ
349 3426 658 3495 μετοχικῶς
705 3426 782 3498 τῷ
808 3429 1159 3483 ὲνθουσιῶντι
1202 3431 1422 3500 μέτεστι
1453 3433 1548 3486 τοῦ
1584 3432 1795 3487 ἐνθέου·

214 3519 529 3586 ὁρμητικός
576 3536 662 3580 τις
709 3521 818 3590 γὰρ
855 3521 992 3590 μετὰ
1017 3524 1114 3575 καὶ
1153 3524 1330 3592 χαρᾶς
1377 3526 1405 3576 6
1436 3523 1621 3588 ἔνθους
1660 3525 1794 3580 ἐστί·

215 3611 319 3662 καὶ
366 3607 538 3676 δοκεῖ,
586 3609 677 3663 διὰ
701 3611 763 3664 τὸ
807 3612 1020 3683 χαίρειν
1063 3615 1177 3677 τοῖς
1213 3614 1618 3685 ὑποκειμένοις,
1659 3618 1798 3672 ἀκάο

215 3701 415 3762 θεκτος
439 3696 583 3754 εἶναι
611 3703 691 3765 είς
718 3705 782 3755 τὸ
815 3704 846 3774 ἢ
889 3704 1290 3776 πανηγυρίζειν
1318 3705 1352 3777 ἢ
1389 3706 1518 3760 ἄλλο
1546 3724 1598 3760 τι
1627 3711 1802 3780 πράτ-

213 3809 338 3846 τειν
367 3793 490 3864 ἡδύ·
523 3795 617 3847 καὶ
643 3794 796 3865 δηλοῖ
826 3796 886 3847 τὸ
915 3796 1213 3866 λεγόμενον
1246 3797 1340 3866 ὑφ’
1367 3798 1561 3868 ἡδονῆς
1590 3797 1797 3862 ἔνθους·

212 3889 314 3940 καὶ
362 3886 425 3939 τὸ
468 3886 528 3953 ἐξ
558 3887 725 3941 αὑτοῦ
772 3889 925 3958 ῥῆμα
960 3890 1020 3942 τὸ
1062 3889 1349 3962 ἔνθουσιᾷν
1382 3891 1445 3945 οὐ
1478 3891 1679 3945 ταυτὸν
1741 3891 1800 3946 όν

209 3978 296 4047 τῷ
330 3978 634 4042 ἔνθεάζειν.
673 3979 732 4032 Ὀ
771 3979 829 4034 δὲ
863 3981 1122 4051 μετρικὸς
1151 3977 1308 4045 οὗτος
1346 3982 1602 4052 μελῳδὸς,
1635 3982 1800 4052 ἀναγ-

211 4070 398 4132 καίως
422 4069 512 4123 διὰ
549 4071 651 4140 τὴν
680 4070 1006 4125 ἀκολουθίαν
1040 4071 1134 4125 τοῦ
1179 4073 1386 4135 ἔνθεος·
1427 4073 1700 4142 Ἑλλήνων
1744 4073 1799 4127 δὲ

211 4161 367 4226 λέξις
420 4161 452 4214 6
498 4161 697 4224 ἔνθεος,
730 4154 807 4215 ὦν
858 4163 910 4214 oi
967 4162 1100 4228 θεοὶ,
1136 4163 1434 4228 Δαυιτικῶς
1481 4165 1682 4227 είπεῐν,
1733 4165 1802 4218 τὰ

207 4251 506 4321 δαιμόνια·
565 4251 646 4304 διὸ
705 4253 800 4305 καὶ
853 4253 983 4316 τοὺς
1041 4253 1550 4323 δαιμονοφορήτους
1604 4255 1800 4308 ἐκείνοι

209 4343 441 4407 ἐνθέους
490 4344 697 4412 ἔλεγον.
727 4346 790 4397 Οί
839 4345 1024 4414 μέντοι
1068 4347 1264 4415 ἀγαθοὶ
1294 4347 1612 4418 Χριστιανοὶ
1647 4347 1803 4416 μετέ-

208 4437 389 4491 λαϐον
413 4437 587 4507 αὐτὴν
615 4437 695 4499 είς
723 4437 861 4490 Θεοῦ
892 4439 1209 4508 ἀρέσκειαν.

1901 3339 2084 3394 milcm
2134 3337 2297 3391 habet
2329 3333 2814 3404 signiﬁcationem,
2839 3332 2932 3388 sed
2994 3342 3253 3402 tanquam
3310 3331 3480 3402 partl-

1900 3429 2174 3500 eipatione
2203 3444 2268 3484 ac
2321 3426 2658 3482 derivatione
2691 3428 2719 3478 ό
2767 3423 3063 3479 ἐνθουσιῶν
3094 3439 3218 3480 cum
3266 3423 3345 3495 τῷ
3393 3426 3480 3477 ἑν-

1901 3519 2010 3589 uno
2058 3526 2267 3589 partem
2346 3516 2529 3571 habet.
2615 3514 2826 3585 Aliquis
2872 3517 3014 3571 enim
3075 3516 3291 3572 irruens
3352 3531 3478 3572 cum

1901 3610 2099 3682 gaudio
2125 3612 2153 3664 6
2189 3609 2376 3674 ἔνθους
2413 3617 2496 3665 est
2527 3627 2542 3676 ;
2569 3618 2642 3677 et,
2677 3626 2800 3664 cum
2832 3609 3090 3678 subjectis
3147 3609 3368 3680 gaudet,
3397 3609 3480 3664 vi-

1901 3701 2062 3756 detur
2115 3700 2384 3756 contineri
2447 3716 2553 3754 non
2586 3715 2766 3768 posse,
2802 3703 2916 3757 sive
2945 3703 3285 3756 laudandum
3362 3703 3478 3757 sive

1902 3791 2031 3863 quid
2065 3791 2212 3845 aliud
2247 3792 2477 3861 jucuntli
2531 3792 2840 3846 iaciendum
2900 3793 3117 3849 habeat.
3157 3793 3221 3847 Et
3264 3795 3471 3848 dictum

1901 3883 2171 3953 significat
2192 3883 2284 3952 ὑφ’
2304 3883 2499 3954 ἡδονῆς
2527 3883 2744 3951 ἔνθους;
2777 3899 2986 3938 necnon
3017 3900 3080 3939 ex
3109 3885 3229 3954 ipso
3251 3887 3477 3942 verbum

1902 3974 2207 4046 ἔνθουσιᾷν,
2261 3977 2407 4045 quod
2442 3989 2548 4030 non
2587 3966 2728 4030 idem
2766 3987 2849 4031 est
2894 3989 2960 4031 ac
3009 3975 3310 4040 ἐνθεάζειν.
3369 3977 3481 4033 Mc—

1902 4066 2072 4122 tricus
2103 4076 2283 4122 autem
2326 4066 2416 4122 illc
2450 4067 2695 4122 melodus
2742 4067 3056 4123 necessario
3104 4068 3241 4124 dixit
3287 4086 3479 4126 conse-

1902 4171 2133 4229 quenter
2182 4157 2262 4229 τῷ
2319 4157 2522 4221 ἔνθεος.
2571 4157 2885 4214 Graecorum
2919 4170 3002 4216 est
3033 4161 3136 4216 ista
3173 4175 3274 4216 vox
3317 4163 3346 4214 ό
3394 4160 3488 4216 ἔν-

1903 4251 2044 4317 θεος,
2083 4266 2313 4323 quorum
2359 4251 2458 4314 dii,
2483 4251 2638 4322 juxta
2692 4251 2950 4308 Davidica
2985 4252 3170 4318 verba,
3203 4262 3332 4309 sunt
3367 4255 3478 4309 dan

1904 4343 2108 4400 monia.
2138 4341 2372 4414 Ideoque
2397 4343 2474 4398 illi
2505 4359 2535 4398 a
2565 4343 2904 4400 daemonibus
2925 4343 3225 4415 ln3piratos
3258 4347 3477 4412 ἐνθέους

1905 4433 2146 4490 aiebant.
2175 4433 2313 4490 Boni
2351 4445 2532 4490 tamen
2564 4434 2860 4491 Christiani
2893 4437 3030 4491 hanc
3077 4434 3369 4491 dictionem
3405 4439 3470 4491 ad

1904 4526 1999 4581 Dei
2057 4525 2319 4596 placitum
2375 4534 2725 4594 receperunt.

293 4619 426 4684 poe'.
466 4614 541 4668 Τὸ
574 4613 630 4666 δὲ
661 4613 840 4683 ἔκχεῶ
869 4613 1016 4679 λέξιν
1046 4613 1256 4684 ταύτην
1285 4616 1346 4680 ἐξ
1382 4617 1551 4686 ὑγροῦ
1582 4617 1780 4687 ληφθεῐ

1983 4617 2104 4672 175.
2141 4616 2291 4671 Illam
2349 4624 2530 4669 autem
2579 4614 2872 4669 dictionem
2933 4614 3129 4684 ἐκχεῶ,
3167 4629 3231 4670 ex
3272 4617 3476 4686 liquido

207 4724 321 4761 σαν
347 4705 735 4774 αίνιττομένην
766 4707 828 4757 τὸ
860 4705 1019 4774 ἅγιον
1055 4707 1360 4777 βάπτισμα,
1407 4708 1475 4762 δι’
1500 4708 1562 4762 οῦ
1597 4711 1804 4776 ἐξαλεί-

204 4817 389 4870 φεται
417 4801 515 4852 καὶ
543 4799 817 4866 ἀπάγεται
842 4801 917 4862 ὡς
950 4799 1220 4868 ῥυπτικοῦ
1247 4801 1553 4868 ἁγιωτάτου
1588 4802 1799 4868 ὓδατος,

206 4897 323 4948 καὶ
355 4891 739 4962 παρασύρεται
771 4893 880 4945 πᾶν
909 4892 1194 4961 ἀνόμημα,
1227 4886 1288 4944 οὗ
1316 4894 1412 4946 καὶ
1445 4894 1475 4944 6
1511 4894 1676 4947 Δαϐιδ
1708 4911 1804 4946 κα-

204 4984 514 5053 τεύχεται,
544 4982 878 5051 διεσάφησεν
911 4983 1014 5053 ήδη
1043 4985 1070 5034 6
1101 4983 1340 5052 μελῳδὸς
1363 4983 1452 5037 διὰ
1480 4984 1676 5053 δρόσου
1709 4987 1804 5037 καὶ

203 5073 485 5144 λουτροῦ.
531 5074 624 5127 καὶ
670 5074 979 5142 λουτηρίου,
1024 5076 1120 5128 καὶ
1159 5074 1673 5144 όμϐροϐλυτήσεως,
1711 5079 1806 5130 καὶ

196 5166 435 5233 ἑτέρων
469 5164 692 5230 λέξεων·
725 5165 784 5217 τὸ
833 5164 888 5218 δὲ
937 5160 1134 5235 οἷάπερ
1187 5166 1346 5233 λόγον
1398 5168 1535 5238 πρός
1569 5185 1628 5220 τε
1677 5171 1804 5222 ἁνα-

193 5258 513 5326 π).ήρωσιν
560 5255 738 5309 κεῖται
768 5253 864 5308 τοῦ
913 5256 1124 5325 στίχου,
1159 5258 1254 5310 καὶ
1304 5259 1440 5328 πρὸς
1502 5260 1807 5328 σαφήνειαν

191 5353 328 5420 τῆς
369 5345 844 5417 προηγησαμένης
889 5347 1108 5411 λέξεως.
1161 5348 1288 5418 ἥτις
1316 5345 1386 5419 ἦν
1419 5349 1481 5402 τὸ
1509 5352 1802 5420 φήσαντος·

1905 4718 2200 4778 sumptam,
2227 4723 2440 4762 sacrum
2458 4708 2720 4775 baptisma
2743 4705 3200 4769 subindicantem,
3222 4723 3317 4778 per
3331 4710 3477 4780 quod

1905 4797 2162 4866 abluitur,
2195 4813 2248 4854 et
2267 4799 2576 4865 abducitur,
2603 4808 2656 4853 et
2685 4800 3004 4867 extergitur,
3040 4809 3294 4870 tanquam
3334 4819 3475 4874 aqua

1905 4892 2246 4948 sanctissima
2316 4890 2657 4959 puriﬁcante,
2723 4889 2904 4944 omnis
2951 4890 3231 4960 iniquitas,
3287 4905 3477 4949 contra

1907 4999 2071 5054 quam
2091 4982 2255 5038 David
2280 4981 2750 5050 deprecatur,jam
2790 4983 3075 5037 elucidavit
3101 4984 3346 5039 melodus
3385 4999 3480 5054 per

1908 5088 2087 5129 rorem
2133 5083 2188 5127 et
2213 5074 2512 5137 lavacrum,
2549 5081 2602 5126 et
2633 5071 2976 5138 lavationem,
3005 5085 3061 5129 et
3091 5074 3283 5130 imbris
3310 5073 3479 5131 ﬂuen-

1909 5175 2045 5230 tum,
2097 5175 2428 5234 ceterasque
2491 5164 2778 5219 dictiones.
2827 5164 2941 5220 lloc
3020 5179 3202 5221 autem
3273 5163 3474 5240 οἷάπερ

1908 5255 2066 5323 λάτον
2141 5257 2360 5325 ponitur
2431 5264 2486 5309 et
2514 5254 2581 5309 ad
2636 5270 2828 5310 versus
2888 5255 3283 5324 impletioncm,
3328 5267 3381 5313 et
3411 5259 3479 5313 ad

1909 5347 2264 5417 praecedentis
2286 5347 2698 5402 elucidationcm
2715 5346 2995 5412 dictionis,
3018 5362 3140 5418 quae
3161 5362 3246 5403 est
3270 5352 3480 5420 φήσαν-

189 5448 275 5516 ἧν
333 5439 666 5509 ἑρμηνεύων
713 5438 910 5506 ἐπάγει
951 5439 1012 5491 τὸ
1052 5433 1253 5509 οἷάπερ
1297 5440 1474 5508 λόγον.
1523 5441 1610 5504 Ὠς
1639 5443 1745 5513 γὰρ
1780 5445 1807 5495 6

186 5535 473 5602 Μωῦτῆς
503 5534 564 5585 ὲν
585 5530 686 5600 τῷ,
715 5525 882 5582 Εἶπεν
910 5531 938 5582 6
969 5529 1123 5597 Θεὸς,
1157 5531 1446 5601 Γενηθήτω
1464 5533 1601 5596 τόδε,
1639 5531 1803 5603 εἶχεν,

191 5623 645 5697 ἑρμηκυτικῶς
671 5622 870 5683 εἰπεῖν,
897 5621 1056 5690 ειπερ
1083 5621 1295 5690 ἢθελεν,
1326 5623 1412 5676 ὃτι
1435 5618 1590 5675 εἶπεν
1624 5625 1652 5675 ό
1673 5623 1807 5688 Θεὸς

185 5724 286 5784 ὡς
316 5711 418 5768 οἶα
444 5716 536 5768 διὰ
563 5713 728 5780 λόγου
756 5712 1135 5782 ἁνθρωπικοῦ,
1161 5713 1454 5783 Γενηθήτω
1483 5715 1630 5780 τάδε,
1663 5715 1809 5769 οὕτω

185 5812 316 5865 καὶ
370 5808 397 5859 6
427 5805 673 5876 μελῳδὸς
705 5801 826 5856 εἷπε
872 5803 934 5856 τὸ
964 5805 1262 5873 φήσαντος,
1293 5800 1495 5874 οἷάπερ
1531 5805 1687 5871 λόγον
1717 5810 1809 5875 ἑγ-

181 5902 588 5975 γράμματον,
636 5895 874 5966 φάμενος
909 5895 1111 5949 ὡσανεὶ
1147 5895 1301 5965 λόγον
1351 5896 1452 5966 τὴν
1501 5898 1688 5952 θεόθεν
1731 5899 1811 5969 τῷ

1908 5457 2019 5505 τος,
2049 5449 2101 5494 et
2133 5455 2296 5508 quam
2326 5441 2686 5508 interpretans
2740 5439 2924 5508 adjicit
2964 5443 3025 5493 τὸ
3053 5437 3254 5512 οἷάπερ
3288 5443 3471 5511 λόγον.

1913 5532 2067 5588 Sicut
2095 5533 2240 5586 enim
2272 5530 2484 5606 Moyses
2516 5532 2568 5585 in
2605 5532 2706 5586 hoc
2735 5549 2748 5585 :
2777 5530 2919 5586 Dixit
2948 5532 3089 5589 Deus
3115 5554 3126 5587 ε
3152 5533 3271 5588 Fiat
3307 5534 3477 5598 istud,

1913 5633 2144 5696 poterat,
2163 5623 2208 5678 si
2239 5624 2518 5688 voluisset,
2548 5633 2808 5692 tanquam
2827 5626 3234 5696 interpretando
3259 5626 3438 5680 dicere
3463 5644 3479 5680 :

1912 5716 2059 5771 Dixit
2102 5715 2266 5780 Deus,
2299 5715 2455 5784 quasi
2508 5730 2602 5784 per
2645 5717 2941 5771 humanum
2973 5730 3317 5772 sermonem:
3359 5713 3481 5772 Haec

1913 5808 2044 5861 ﬁant
2069 5823 2084 5874 ;
2113 5809 2190 5862 sic
2231 5815 2285 5860 ct
2322 5804 2570 5860 melodns
2619 5807 2755 5862 dixit
2831 5809 2891 5860 τὸ
2931 5808 3223 5878 φήσαντος,
3283 5799 3482 5877 οἷάπερ

1912 5898 2072 5970 λόγον
2131 5899 2549 5971 ἐγγράμματον,
2585 5900 2736 5956 aiens
2793 5901 2948 5970 quasi
3003 5911 3309 5954 sermonem
3345 5901 3485 5954 hanc
