3966 6248
298 355 403 420 580

1092 367 1176 431 IN
1207 369 1543 432 HYMNUM
1593 370 2237 432 PENTECOSTALEM
2282 354 2737 436 DAMASCENI.

3435 367 3541 431 690

296 466 394 524 τοῦ
418 468 701 541 θαύματος
731 473 942 529 ἐκείνου
969 477 1224 548 ἀθροίσει
1245 480 1304 549 ἐν
1335 482 1435 552 μιᾷ
1456 479 1680 552 ἡμερῶν
1707 479 1872 550 κυρίᾳ

1979 479 2069 534 lud
2101 480 2318 550 quidem
2363 489 2476 533 tttm
2515 479 2833 550 primum-in
2880 475 3010 534 Sion
3063 475 3274 533 factum
3326 485 3430 533 est.
3487 480 3547 532 in

297 563 398 615 οὐκ
421 564 772 634 ἐμφαντικῶς
835 570 931 622 καὶ
958 571 1303 639 ἑνοπτρικῶς
1333 573 1562 643 νοοῦμεν
1593 575 1692 643 τὴν
1716 591 1869 645 τρισ-

296 655 606 710 υπόστατον
638 658 886 728 θεότητα.
921 660 1084 717 Ἀλλὰ
1121 665 1550 736 καταλαϐόμενοι
1593 669 1770 720 ἐκεῖνο
1811 666 1869 719 τὸ

296 743 535 814 τρίωρον
579 747 701 800 κατέ
740 748 980 819 ἔμφασιν
1030 753 1258 824 αἴνιγμα
1293 755 1430 826 πρὸς
1463 756 1867 830 ἀκριϐεστάτην

297 837 398 888 καὶ
426 837 905 912 ἁκραιφνεστάτην
943 846 1037 898 καὶ
1063 843 1237 910 οὕτως
1277 848 1700 920 ἐμφανεστάτην
1738 849 1870 918 ἁλήο

299 925 477 981 θνειανν
510 933 602 982 καὶ
641 933 775 1002 ὁρᾷν
815 934 1254 1006 όφθαλμοφανῶς
1285 938 1569 1004 δοκοῦντες
1602 941 1661 993 σὲ
1691 941 1782 993 τὸν
1813 941 1870 992 ὲν

296 1021 448 1088 τρισὶ
491 1027 806 1091 προσώποις
851 1025 949 1080 ἕνα
995 1027 1150 1092 Θεὸν,
1183 1031 1274 1084 τὸν
1307 1031 1456 1091 Υίὸν.
1489 1033 1584 1086 καὶ
1619 1032 1867 1103 Πατέρα,

300 1113 398 1164 καὶ.
429 1113 675 1184 Πνεῦμα,
704 1118 937 1190 λέγομεν
972 1121 1070 1176 καὶ
1101 1120 1317 1194 βοῶμεν
1353 1125 1445 1180 καὶ
1473 1124 1752 1196 ψάλλομέν
1785 1142 1868 1178 σοι

296 1206 386 1266 τὸ,
420 1205 721 1278 Εὐλογητὸς
749 1206 817 1262 εἷ.
1422 1241 1424 1244 ν
1849 1235 1855 1240 ·

378 1478 514 1542 ροην.
559 1475 669 1528 Καὶ
699 1477 800 1547 ὅρα
833 1477 893 1532 τὺ
935 1481 992 1534 ὲν
1024 1483 1126 1552 μιᾷ
1162 1483 1384 1554 ἡμερῶν
1431 1487 1765 1559 συνηγοροῦν
1792 1489 1870 1561 τῷ

291 1564 456 1634 ⁶τρίτη
480 1565 662 1636 ὡρῶν,
687 1569 763 1633 ὡς
790 1571 1229 1643 ἀναγέγραπται·
1263 1577 1308 1629 εί
1337 1579 1412 1649 μή
1444 1597 1525 1641 τις
1553 1581 1612 1633 τὸ
1645 1583 1870 1653 ἡμερῶν

289 1659 362 1727 τῇ
419 1659 586 1730 κυρίᾳ
635 1663 886 1730 συντάξει
927 1665 1226 1735 κολλήσας,
1255 1669 1448 1724 καθότι
1494 1674 1528 1741 ἡ
1569 1673 1703 1743 παρ’
1737 1676 1870 1744 ἡμῖν

288 1748 522 1818 τοιαύτη
558 1750 882 1823 ἑορταστικὴ
947 1757 1111 1826 κυρία
1139 1759 1256 1814 ἐστὶ
1301 1762 1394 1813 καὶ
1425 1762 1561 1834 αὑτὴ
1590 1764 1702 1818 τῶν
1742 1768 1866 1832 {ipso

293 1836 396 1903 ξῆς
430 1840 658 1908 ἡμερῶν
687 1836 850 1917 ᾆι⁹ὧν
883 1825 1248 1920 ἀπαρτίζεται
1282 1852 1314 1920 ἡ
1361 1825 1618 1924 ἕϐδομός.
1653 1855 1764 1925 Τὴν
1785 1825 1867 1911 ’δὲ
1903 1825 1942 1878 Β

291 1932 458 1999 χάριν
488 1932 662 1984 εἰπὼν
693 1936 834 2003 μετὰ
880 1936 1108 2009 ἄρθρου,
1143 1942 1268 1994 κατ’
1307 1945 1586 2013 ἐξαίρετον
1629 1948 1867 2017 ἐδήλωσε

291 2025 396 2094 τὴν
425 2025 518 2078 τοῦ
570 2027 731 2096 ἁγίου
788 2033 1106 2103 Πνεύματος
1161 2037 1219 2088 ἐν
1275 2037 1519 2106 σχήματι
1554 2038 1766 2109 ἐξοχῆς’
1803 2042 1870 2112 ἢν

289 2119 458 2187 χάριν
484 2123 512 2170 ό
541 2120 682 2189 ἔχων
708 2124 1026 2191 πέπλησται
1060 2127 1167 2179 τῶν
1193 2129 1540 2198 κρειττόνων,
1573 2134 1664 2186 καὶ
1693 2133 1866 2197 οὕτως

289 2212 586 2282 αὐτάρκως
637 2214 771 2284 ἔχει,
814 2218 921 2270 κᾶν
946 2220 1115 2288 μυρία
1152 2221 1428 2291 ολίϐηται,
1472 2224 1550 2288 ὼς
1599 2226 1696 2280 τοῦ
1730 2227 1867 2281 Θεοῦ

289 2305 572 2366 παντοίως
607 2307 1083 2379 ἐπισκεπτομένου
1138 2313 1322 2366 αὐτόν·
1361 2319 1455 2370 καὶ
1505 2317 1666 2370 τοῦτο
1717 2320 1871 2388 δηλοῖ

283 2397 315 2466 ό
347 2397 560 2450 ἐκεῖθεν
586 2399 668 2466 ἐφ’
699 2396 777 2464 οἷς
805 2400 983 2454 ἐδέετο
1007 2403 1194 2472 μαθὼν
1220 2405 1301 2472 τὸ,
1337 2408 1524 2479 Ἀρκεῖ
1547 2427 1628 2463 σοι
1651 2413 1683 2482 ἠ
1711 2413 1868 2482 χάρις

291 2501 427 2553 μου·
465 2487 498 2555 ὴ
543 2489 599 2540 δὲ
650 2491 887 2562 ἁπλότης
943 2494 1178 2548 ἐνταῦθα
1219 2498 1278 2549 οὐ
1324 2499 1423 2568 τὴν
1452 2501 1657 2571 συνήθη
1692 2503 1864 2572 δηλοῖ,

285 2578 421 2630 καθ’
450 2581 515 2649 ἣν
547 2581 755 2643 ἁπλοῦς
785 2602 866 2647 τις
901 2586 1212 2639 πεπλᾶσθαί
1241 2593 1589 2666 φησινηὰλλὰ
1613 2594 1673 2646 τὸ
1703 2595 1867 2664 μονῆ-

286 2689 392 2743 ρες
423 2673 516 2724 καὶ
551 2674 842 2728 ἀσύνθετον
876 2679 969 2730 καὶ
1003 2681 1286 2734 ἁποίκιλον
1329 2684 1426 2750 τῆς
1458 2685 1620 2753 ἁγίας
1652 2687 1867 2756 Τριαδι-

286 2763 400 2832 κῆς
443 2764 717 2829 ἐξουσίας.
757 2767 820 2820 Ἠ
873 2769 930 2822 δὲ
987 2769 1206 2834 ἐξουσία
1262 2775 1322 2826 ἐν
1357 2774 1570 2839 τούτοις
1624 2777 1724 2830 οὐκ
1775 2780 1869 2832 ἐπὶ

283 2854 580 2925 δυνάμεως
607 2859 791 2922 ἁπλῶς
825 2862 1282 2931 κυριολεκτεῖται,
1301 2864 1374 2924 ὡς
1397 2865 1704 2934 εἰθίσμεθα,
1732 2869 1869 2924 ἀλλὰ

291 2948 541 3016 μάλιστα
569 2950 756 3004 οὐσίαν
783 2951 934 3022 δηλοῖ
962 2953 1306 3025 ἑξοχωτὰτην
1340 2957 1689 3026 ὑπερούσιον,
1721 2961 1867 3032 ἥπερ

283 3041 442 3093 ἐστὶν
470 3043 498 3094 ό
533 3041 686 3106 Θεὸς,
722 3044 816 3114 τῆς
847 3043 920 3108 ἐξ
955 3047 1267 3115 προθέσεως
1298 3049 1391 3101 καὶ
1422 3049 1516 3103 νῦν
1547 3053 1868 3124 ἐπιτατικὴν

1975 573 2078 628 bac
2136 581 2316 628 autem
2349 582 2535 629 nostra
2587 574 3028 645 congregatione,
3075 587 3196 641 quae
3257 572 3391 627 litin
3437 589 3542 628 una

1975 664 2182 719 dierum
2217 665 2518 732 Dominica,
2549 665 2615 720 ad
2661 664 3043 721 celebrandum
3106 667 3210 718 hoc
3238 663 3543 735 prodigium

1974 770 2080 809 non
2119 767 2374 825 tanquam
2415 756 2468 809 in
2494 757 2973 826 repraesentatione
3019 763 3076 811 et
3107 755 3162 809 in
3222 755 3444 824 speculo
3466 755 3546 810 di-

1973 845 2251 901 vinitatem
2286 848 2339 901 in
2393 846 2569 902 tribus
2614 847 2884 917 personis,
2928 846 3230 916 cogitamus
3267 861 3282 912 ;
3324 844 3424 898 sed
3442 845 3546 899 hoc

1972 939 2136 993 trium
2202 940 2460 995 horarum
2525 938 3029 1012 repraesentatigum
3087 938 3320 1008 aenigma
3381 936 3537 1005 juxta

1969 1031 2340 1100 purissimam,
2421 1031 2890 1087 accuratissimam
2949 1038 3004 1084 et
3031 1029 3105 1084 ita
3154 1025 3535 1084 manifestissi-

1969 1137 2116 1178 mam
2159 1125 2438 1178 veritatem
2507 1122 2918 1184 intelleximus;
2964 1129 3019 1174 et
3048 1118 3425 1195 existimantes
3458 1118 3542 1171 vis

1962 1215 2204 1271 ‘sibiliter
2253 1214 2452 1269 intueri
2487 1225 2538 1269 te
2571 1215 2636 1268 in
2678 1213 2851 1268 tribus
2882 1213 3132 1282 persOnis
3164 1226 3333 1265 unum
3368 1210 3540 1266 Deum

1972 1307 2194 1372 Filium,
2251 1316 2305 1363 et
2346 1309 2584 1373 Patrem,
2621 1315 2674 1360 et
2733 1305 3022 1376 Spiritum,
3075 1303 3310 1358 dicimus
3346 1311 3400 1357 et
3431 1302 3543 1356 ela-

1973 1415 2188 1456 mamus
2219 1409 2281 1454 et-
2307 1400 2584 1469 psallimus
2615 1398 2711 1453 tibi
2748 1415 2762 1452 :
2796 1395 3122 1452 Benedictus
3148 1408 3230 1450 es.

2043 1492 2165 1546 178.
2201 1493 2266 1548 Et
2300 1494 2418 1548 vide
2455 1491 2806 1553 locutionem,
2844 1490 2898 1543 in
2931 1503 3038 1544 una
3081 1490 3290 1543 dierum
3316 1502 3544 1559 congre-

1974 1587 2132 1657 garit,
2159 1586 2396 1640 dictione
2447 1585 2605 1653 τρίτη
2651 1581 2812 1652 ὡρῶν
2853 1581 3021 1636 fuisse
3049 1579 3376 1635 delinea’tam
3401 1594 3416 1645 ;
3442 1577 3543 1632 nisi

1973 1680 2097 1747 quis
2149 1678 2210 1730 τὸ
2237 1675 2463 1746 ἡμερῶν
2486 1675 2552 1744 τῇ
2591 1673 2758 1744 κυρίᾳ
2805 1673 3018 1743 syntaxi
3055 1670 3377 1741 coniungat,
3412 1683 3545 1738 qua-

1975 1779 2136 1824 tenus
2166 1767 2307 1837 apud
2340 1781 2438 1820 nos
2473 1765 2591 1820 dies
2621 1764 2940 1834 huiusmodi
2975 1761 3166 1817 festiva
3215 1760 3382 1831 κυρία
3425 1761 3548 1812 ἐστὶ

1980 1859 2218 1932 (doniiua
2255 1857 2359 1925 est)
2391 1858 2506 1926 ipsa
2535 1856 2981 1924 subsequentium
3037 1853 3276 1915 dierum,
3342 1850 3542 1913 quibus

1979 1951 2313 2006 liebdomada
2369 1948 2741 2017 componitur.
2806 1947 2940 2000 Cum
2991 1953 3172 1998 autem
3227 1943 3327 2010 τὴν
3381 1945 3544 2012 χάριν

1975 2054 2099 2093 cum
2135 2039 2370 2093 articulo
2416 2039 2634 2103 dixerit,
2666 2038 2865 2092 eximie
2916 2035 3144 2106 gratiam
3203 2034 3443 2104 Spiritus
3491 2034 3544 2086 in

1977 2145 2233 2199 supremo
2265 2131 2434 2200 gradu
2469 2129 2794 2200 signiﬁcavit
2819 2145 2834 2194 ;
2864 2143 3027 2198 quam
3076 2127 3308 2198 gratiam
3340 2125 3546 2180 habens

1977 2221 2294 2275 melioribus
2330 2221 2591 2289 repletur,
2611 2231 2665 2274 et
2687 2221 2789 2285 sic,
2822 2221 2948 2274 licet
2993 2218 3140 2273 mille
3169 2215 3548 2273 tribulationes

1977 2314 2266 2377 sustineat,
2313 2321 2568 2382 tanquam
2624 2312 2732 2366 Deo
2768 2311 3089 2366 omnimodo
3120 2324 3246 2364 eum
3291 2307 3546 2363 visitante

1981 2406 2116 2460 satis
2156 2405 2335 2458 habet.
2369 2404 2433 2458 Et
2465 2406 2569 2458 hoc
2608 2405 2949 2459 demonstrat
2977 2403 3068 2457 ille
3091 2401 3182 2471 qui
3211 2399 3424 2464 exinde,
3459 2399 3548 2453 ubi

1975 2497 2202 2551 deerant
2239 2496 2431 2560 multa,
2456 2495 2679 2550 didicit:
2715 2495 2928 2550 Sulﬁcit
2955 2494 3055 2549 tibi
3081 2493 3253 2564 gratia
3284 2505 3424 2546 mea.
3450 2490 3551 2544 llic

1976 2599 2155 2644 autem
2197 2589 2521 2658 simplicitas
2559 2605 2664 2642 non
2702 2591 2845 2644 hanc
2875 2588 3147 2659 signiﬁcat
3178 2600 3545 2650 communem,

1971 2689 2126 2755 juxta
2186 2699 2348 2754 quam
2390 2684 2586 2754 aliquis
2619 2686 2848 2753 simplex
2918 2685 3120 2740 dicitur
3187 2698 3310 2738 esse
3367 2681 3547 2742 llctus.

1975 2777 2068 2831 sed
2103 2782 2304 2830 sanctae
2326 2773 2612 2831 Trinitatis
2651 2775 2974 2831 subswntiae
3031 2777 3314 2840 unitatem,
3343 2771 3554 2840 absque

1975 2867 2370 2936 compositione
2401 2878 2454 2920 et
2487 2871 2766 2922 varietate.
2805 2867 2861 2922 lu
2899 2868 2981 2922 bis
3033 2879 3214 2922 autem
3263 2867 3298 2937 ἡ
3321 2863 3542 2930 ἐξουσία

1977 2973 2085 3014 non
2131 2959 2455 3029 simpliciter
2490 2961 2648 3029 juxta
2679 2974 2882 3014 morem
2924 2962 2991 3014 de
3041 2959 3279 3028 potentia
3335 2956 3553 3026 proprie

1974 3051 2194 3117 dicitur,
2245 3053 2550 3120 sedpotius
2597 3051 2960 3106 substantiam
3014 3050 3220 3104 indicat
3283 3055 3550 3116 praestau-

281 3131 560 3200 δηλούσης
597 3133 891 3206 ὑπεροχὴν,
929 3137 1002 3199 ὡς
1026 3139 1118 3192 καὶ
1165 3139 1225 3190 ὲν
1264 3138 1362 3208 τῷ,
1401 3140 1742 3210 ἐξώγκωται,
1771 3147 1866 3200 καὶ

1979 3143 2243 3199 tissimam
2299 3156 2354 3200 et
2401 3144 3004 3214 supersubstantialem,
3069 3158 3191 3213 quae
3235 3139 3378 3197 Deus
3444 3147 3548 3201 est.

285 3228 349 3280 ἐν
384 3228 467 3298 τῷ
498 3228 751 3292 Ἔκδικος
783 3232 811 3283 ὁ
843 3231 979 3299 ἄγαν
1026 3233 1256 3298 δίκαιος,
1303 3236 1395 3288 καὶ
1429 3237 1486 3289 ἓν
1511 3241 1621 3302 τοῖς
1639 3241 1866 3309 ὁμοίοις,

283 3321 424 3387 περὶ
452 3313 528 3374 ὧν
556 3321 1000 3392 προγέγραπται.
1037 3325 1110 3376 Τὸ
1143 3325 1200 3378 δὲ
1228 3327 1287 3378 ἐν
1320 3329 1422 3398 μιᾷ
1456 3329 1591 3398 πρὸς
1625 3332 1686 3384 τὸ
1711 3335 1870 3403 τρίτη

281 3412 498 3482 ἀφορᾷ,
536 3412 625 3466 ἵνα
673 3414 883 3484 νοῶμεν
919 3415 995 3480 ὡς
1042 3418 1164 3472 τότε
1199 3418 1300 3486 μὲν
1349 3419 1408 3472 αί
1441 3422 1591 3490 τρεῖς
1633 3416 1773 3494 ὧραι
1812 3426 1872 3479 τὸ

279 3505 732 3574 τρισυπόστατον
787 3507 1166 3578 ὑπεσήμαινον
1218 3510 1318 3577 τῆς
1355 3510 1633 3583 θεότητος,
1675 3515 1769 3568 νῦν
1816 3516 1873 3570 δὲ

279 3593 423 3664 παρ’
458 3596 593 3664 ἡμῖν
630 3599 687 3648 ἐν
739 3597 840 3667 μιᾷ
868 3598 1124 3668 κυριακῇ
1174 3598 1236 3650 τὸ
1279 3599 1485 3652 ἁπλοῦν
1534 3601 1625 3653 καί⁵
1673 3602 1876 3657 ὲνιαῖον

281 3689 388 3757 τῆς
421 3688 726 3758 εἰρημένης
750 3689 1001 3754 ἐξουσίας
1031 3689 1309 3758 δηλοῦται.

1975 3233 2252 3303 proposita
2321 3235 2584 3304 particula
2641 3235 2701 3299 ἐξ
2759 3236 2923 3290 etiam
2977 3249 3125 3288 nunc
3182 3231 3544 3288 ordinativam

1973 3326 2316 3394 signiﬁcante
2363 3325 2700 3394 superiorem
2730 3325 3071 3397 dignitatem,
3114 3324 3258 3379 sicut
3288 3322 3344 3376 in
3389 3322 3493 3375 hoc
3535 3338 3551 3372 :

1973 3405 2314 3484 δξώγκωταε,
2343 3428 2396 3472 et
2423 3417 2480 3471 iu
2504 3419 2606 3472 hoc
2636 3434 2649 3471 :
2687 3416 2902 3479 ἔκδικος
2936 3415 3050 3485 (qui
3077 3415 3241 3468 nimis
3258 3411 3468 3481 justus)
3499 3420 3554 3464 et

1976 3507 2033 3562 in
2075 3509 2364 3576 similibus,
2400 3511 2466 3565 de
2489 3510 2692 3579 quibus
2721 3518 2847 3564 ante
2879 3509 3144 3577 scriptum
3171 3514 3275 3561 est.
3315 3503 3430 3558 Hoc
3453 3518 3554 3559 au-

1977 3610 2086 3656 tem
2118 3639 2134 3664 ,
2185 3603 2244 3654 ἐν
2281 3603 2401 3672 μιᾷ,
2463 3603 2529 3657 ad
2599 3602 2704 3657 hoc
2757 3601 2935 3672 τρίτη,
2983 3599 3226 3668 respicit,
3281 3607 3339 3652 ut
3391 3597 3553 3650 intel-

1982 3691 2214 3762 ligamus
2259 3702 2388 3748 tunc
2438 3693 2656 3763 quidem
2695 3693 2872 3748 tribus
2889 3691 3224 3746 borisinnui
3250 3688 3557 3746 Divinitatis

279 3784 619 3847 trinitatem,
654 3797 798 3836 nunc
842 3797 971 3837 vero
1019 3782 1160 3852 apud
1206 3798 1304 3838 nos
1337 3785 1397 3835 ἐν
1470 3785 1570 3853 μιᾷ
1623 3786 1873 3856 Κυριακῇ
1915 3785 2064 3855 (una
2087 3787 2298 3840 dierum
2335 3786 2635 3855 Dominica)
2709 3784 3117 3854 simplicitatem
3183 3793 3238 3839 et
3288 3785 3552 3840 unitatem

278 3877 452 3931 dicta:
483 3875 842 3944 praecellentis
907 3873 1230 3930 substantiae
1273 3877 1657 3932 demonstrari.

365 3966 502 4039 ροῦί.
559 3967 647 4018 Ἐν
679 3965 736 4016 δὲ
767 3963 872 4034 τῷ,
905 3964 1055 4030 Υἱὸς,
1092 3965 1302 4035 Πατὴρ,
1340 3967 1437 4020 καὶ
1460 3967 1684 4036 Πνεῦμα
1718 3969 1872 4021 εὐλο-

277 4061 462 4129 γητὸς
504 4055 572 4122 εἷ,
607 4058 826 4128 νοητέον
871 4056 968 4127 μὲν
1024 4059 1314 4123 Ἀττικῶς,
1342 4055 1414 4113 Ὦ
1443 4060 1560 4125 Υἱὲ,
1587 4054 1633 4114 ὦ
1669 4062 1868 4130 Πάτερ,

274 4147 327 4206 ὦ
363 4149 617 4220 Πνεῦμα·
663 4149 984 4216 συννοητέον
1013 4150 1071 4204 δὲ
1101 4152 1195 4205 καὶ
1224 4151 1411 4220 ὅτιτὸ,
1441 4152 1751 4224 Εὐλογητὸς
1791 4151 1867 4219 εἷ,

276 4244 574 4316 ἐπηνέχθη
603 4242 797 4306 ἑνικῶς
827 4245 940 4304 τοῖς
968 4243 1171 4312 τρισὶν,
1202 4242 1276 4305 ὡς
1295 4246 1456 4314 εἴπερ
1484 4231 1662 4313 εἶπεν,
1702 4247 1871 4301 Εὐλο-

273 4334 456 4405 γητοί
491 4336 638 4398 ἐστε,
682 4332 821 4403 πρὸς
865 4332 1097 4401 δήλωσιν
1129 4333 1222 4386 τοῦ
1275 4333 1396 4387 κατ’
1425 4335 1616 4389 οὐσίαν
1664 4336 1870 4391 ὲνιαίου

275 4427 500 4481 αὐτῶν.
525 4426 671 4479 Μίαν
695 4425 804 4492 γὰρ
829 4427 1215 4496 τριπρόσωπον
1241 4429 1405 4494 φύσιν
1454 4431 1548 4482 καὶ
1573 4434 1601 4480 ὁ
1628 4433 1871 4496 τοιοῦτος

2054 3964 2174 4019 179.
2203 3964 2259 4021 1η
2289 3964 2394 4018 hoc
2423 3974 2629 4020 autem:
2655 3962 3040 4028 Filius,Pater,
3060 3963 3553 4033 οιδρίιὶιιισ,Υίδς,

1979 4063 2306 4134 Πατὴρ,κα“ι
2366 4063 2616 4131 Πνεῦμα,
2668 4062 2958 4132 εὐλογητὸς
3008 4057 3082 4126 εἷ,
3109 4061 3286 4115 Attice
3335 4059 3554 4130 quidem

1974 4155 2322 4226 cogitandum
2353 4165 2437 4210 est
2477 4148 2524 4209 ὧ
2554 4155 2671 4220 Υἱὲ,
2711 4148 2758 4208 ὦ
2785 4155 2987 4225 Πάτερ,
3018 4148 3064 4207 ὦ
3095 4153 3322 4223 Πνεῦμα
3354 4173 3367 4207 :
3393 4150 3557 4208 simul

1978 4257 2161 4304 autem
2212 4257 2297 4304 est
2331 4247 2744 4318 intelligendum
2809 4250 2956 4318 quod
3018 4249 3118 4303 id:
3161 4247 3452 4316 εὐλογητὸς
3482 4239 3556 4310 εί,

1976 4343 2044 4395 ad
2094 4351 2204 4396 tres
2244 4341 2596 4410 singulariter
2645 4343 2912 4411 prolatum
2959 4352 3062 4406 est,
3107 4343 3263 4414 quasi
3311 4341 3555 4395 dixerit:

1980 4432 2261 4502 εὐλογητοί
2309 4435 2458 4498 ἐστε,
2490 4432 2760 4488 benedicti
2828 4434 2981 4497 estis,
3044 4435 3109 4489 ad
3164 4432 3556 4488 ostendendam

273 4519 447 4591 δηλοῖ
493 4519 897 4588 σχηματισμός.
955 4517 1049 4587 Μὴ
1080 4519 1422 4585 θαυμαστέον
1462 4521 1518 4574 δὲ
1576 4523 1624 4576 εί
1675 4525 1869 4595 προτέ-

1981 4539 2172 4580 eorum
2217 4527 2538 4581 substantiae
2569 4527 2830 4582 unitatem
2862 4545 2876 4581 :
2911 4543 3074 4581 unam
3109 4528 3254 4581 enim
3289 4525 3343 4579 in
3381 4524 3558 4578 tribus

271 4628 488 4666 τακται
521 4611 649 4675 Υἱὸς
695 4611 932 4666 ἐνταῦθα
971 4612 1065 4666 τοῦ
1097 4611 1313 4682 Πατρδς
1371 4613 1460 4667 διὰ
1511 4615 1612 4683 τὴν
1644 4616 1873 4669 ἀκολου-

274 4705 418 4760 θίαν
449 4702 552 4772 τῆς
579 4701 975 4772 ἀκροστιχιδος.
1014 4703 1077 4757 El
1126 4701 1238 4770 γὰρ
1271 4705 1368 4757 καὶ
1399 4703 1676 4773 εἰώθαμεν
1711 4705 1876 4773 εὐαγ·

274 4794 537 4866 γελικῶς
586 4794 808 4864 Πατέρα
855 4794 1060 4861 λέγειν,
1104 4789 1224 4848 εἶτα
1270 4793 1422 4860 Υἱον,
1452 4796 1548 4849 καὶ⁵
1596 4798 1784 4866 τρίτον
1815 4801 1878 4853 τὸ

271 4887 550 4958 Πνεῦμα,
587 4888 727 4942 κατὰ
759 4888 844 4954 τὸ,
875 4888 1242 4950 Βαπτίζοντες
1272 4888 1472 4952 αὐτοὺς
1499 4891 1579 4952 είς
1608 4891 1670 4942 τὸ
1707 4891 1880 4962 ὄνομα

268 4981 388 5037 τοῦ
438 4981 677 5051 Πατρος,
731 4980 826 5035 καὶ
856 4981 954 5034 τοῦ
990 4979 1145 5047 Υίοῦ,
1177 4980 1272 5035 καὶ⁵
1303 4981 1399 5036 τοῦ
1438 4983 1594 5051 ἁγίου
1624 4985 1877 5053 Πνεῦμα-

268 5093 412 5141 ·τος,
463 5074 618 5142 ὅμως
668 5073 870 5128 κωλύει
923 5074 1078 5128 οὐδὲν
1114 5074 1260 5128 κατὰ
1309 5074 1410 5137 τὰς
1455 5075 1566 5128 τῶν
1619 5075 1878 5146 Πατέρων

267 5165 632 5234 παραδόσεις
675 5165 771 5217 καὶ
810 5164 905 5217 τὸν
937 5164 1066 5217 Υίὸν
1131 5165 1467 5236 προτάσσειν
1503 5164 1688 5218 καὶτὸ
1718 5165 1880 5234 ἅγιον

266 5259 526 5328 Πνεῦμα
555 5257 813 5328 ὀρθότητι
859 5258 1132 5327 ἔννοιακῇ,
1165 5258 1253 5311 διὰ
1284 5257 1346 5311 τὸ
1377 5258 1476 5328 τῆς
1515 5259 1676 5327 ἁγίας
1717 5261 1880 5329 Τριά-

265 5355 383 5417 δος
412 5350 502 5420 ἐφ’
532 5353 742 5406 ἅπασιν
766 5351 1054 5420 ὁμότιμον,
1086 5353 1184 5403 καὶ
1220 5350 1342 5403 οὐδὲ
1368 5369 1419 5404 τι
1451 5351 1650 5418 φθόνου
1683 5356 1879 5406 ἐπισυ-

267 5446 532 5516 ρόμενον
567 5441 690 5496 οὐδὲ
727 5442 788 5494 ἐν
835 5442 960 5504 ταῖς
1005 5440 1286 5504 τοιαύταις
1315 5442 1437 5495 κατ’
1471 5442 1644 5513 ὄνομα
1677 5463 1880 5518 προτα-

263 5537 442 5607 γαίςο
475 5533 505 5588 ὃ
539 5536 682 5604 μήτε
713 5533 984 5596 ὑπονοεῖν,
1023 5534 1162 5602 μήτε
1187 5533 1366 5600 λέγειν
1407 5535 1562 5606 ἀνδρὶ
1585 5537 1883 5608 χριστιανῷ

265 5629 535 5698 γένοιτο,
581 5625 644 5678 εὖ
691 5625 852 5680 εἰδότι
915 5625 992 5696 μὴ
1037 5625 1118 5678 ὅτι
1169 5642 1231 5694 γε
1265 5627 1358 5680 τοῦ
1411 5626 1571 5694 Θεοῦ,
1621 5628 1761 5683 ἀλλὰ
1793 5630 1886 5684 καὶ

269 5718 505 5779 παντὸς
537 5715 750 5784 ἀγαθοῦ
782 5717 975 5786 ἀνδρὸς
1009 5716 1290 5790 ἐξόριστον
1317 5713 1459 5774 εἶναι
1490 5719 1550 5774 τὸ
1586 5721 1760 5786 ¹πλίνθοις
1787 5723 1881 5777 τοῦ

263 5809 519 5883 φθόνου.

1974 4619 2224 4690 personis
2289 4629 2542 4673 naturam
2625 4619 2754 4673 talis
2815 4619 2989 4672 forma
3030 4618 3390 4672 demonstrat.
3433 4613 3554 4669 Non

1977 4725 2105 4776 vero
2143 4709 2456 4764 mirandum
2491 4709 2537 4764 si
2572 4707 2745 4763 Filius
2793 4709 2882 4764 hic
2913 4709 3061 4778 prior
3099 4707 3264 4764 Patre
3297 4716 3555 4778 ponatur,

1977 4801 2048 4854 ob
2077 4800 2456 4855 acrostichidis
2474 4800 2748 4868 sequelam
2780 4801 2859 4856 :si
2889 4800 3033 4855 enim
3065 4801 3366 4857 secundum
3393 4816 3560 4855 evan-

1978 4891 2177 4959 gelium
2227 4892 2609 4948 consuevimus
2646 4892 2830 4946 dicere
2852 4891 3095 4958 Patrem,
3135 4893 3333 4948 deinde
3357 4891 3558 4946 Filium

1978 4989 2033 5035 et
2063 4980 2222 5035 tertio
2291 4979 2579 5050 Spiritum,
2630 4980 2782 5050 iuxta
2829 4979 2976 5035 istud
3011 4997 3027 5035 :
3058 4980 3404 5051 Baptizantes
3455 4997 3554 5036 eos

1979 5073 2034 5127 in
2079 5073 2301 5126 nomine
2328 5071 2536 5136 Patris,
2563 5081 2620 5126 et
2663 5071 2808 5138 Filii,
2844 5083 2899 5128 et
2920 5072 3158 5142 Spiritus
3186 5073 3386 5138 sancti,
3426 5073 3594 5128 nihil‘

1981 5174 2160 5218 tamen
2191 5163 2374 5218 obstat
2395 5161 2550 5232 juxta
2582 5164 2805 5219 Patrum
2837 5165 3186 5230 traditiones,
3219 5167 3372 5235 quin,
3409 5165 3559 5222 salva

1983 5267 2128 5309 recta
2165 5255 2302 5318 nde,
2328 5255 2483 5323 prius
2524 5257 2718 5312 ordine
2743 5266 2978 5326 ponatur
3038 5256 3211 5312 Filius
3243 5267 3296 5312 et
3322 5257 3560 5328 Spiritus

1982 5357 2232 5410 sanctus,
2269 5348 2398 5416 quia
2429 5348 2570 5416 quod
2597 5348 2661 5401 ad
2705 5360 2952 5404 sanctam
2996 5348 3320 5404 Trinitatem
3371 5350 3562 5404 attinet

1982 5437 2221 5506 ejusdem
2251 5436 2630 5507 estdiguitatis
2657 5439 2710 5491 in
2749 5439 3032 5502 omnibus,
3055 5453 3110 5494 et
3131 5454 3198 5493 ex
3235 5437 3322 5494 his
3372 5439 3554 5492 nomi-

1987 5546 2114 5585 num
2169 5529 2652 5598 praepositionibus
2715 5529 2849 5584 nihil
2894 5530 3144 5585 invidiosi
3202 5531 3558 5596 consequitur

1985 5625 2132 5694 quod
2176 5637 2359 5693 neque
2394 5622 2691 5694 suspicari,
2726 5637 2909 5692 neque
2937 5623 3120 5679 dicere
3145 5620 3430 5690 contingat
3463 5625 3560 5677 lio-

1987 5715 2119 5771 mini
2178 5715 2504 5783 christiano,
2557 5719 2694 5772 bene
2731 5716 2922 5772 scienti
2975 5714 3120 5783 quod
3157 5727 3264 5765 non
3320 5713 3494 5768 solum
3532 5730 3561 5768 a

1989 5809 2120 5873 Deo,
2157 5808 2248 5862 sed
2274 5809 2344 5864 ab
2377 5808 2527 5865 omni
2580 5809 2804 5866 homine
2850 5807 3022 5878 probo
3074 5805 3259 5876 procul
3303 5805 3459 5862 abest
3482 5807 3560 5864 iu-

1997 5902 2148 5957 vidize
2199 5900 2405 5972 passio.
