3966 6248
320 299 423 397 693

1107 337 1194 401 IN
1229 340 1570 408 HYMNUM
1599 343 2248 409 PENTECOSTALEM
2283 347 2742 413 DAMASCENI.
2787 354 2790 357 ’

3450 351 3554 416 694

388 446 537 520 ρπα⁹.
579 449 683 504 Τὸν
724 449 782 504 δὲ
819 451 953 506 Θεὸν
997 453 1222 526 Σωτῆρὰ
1252 473 1315 512 τε
1349 460 1496 529 λέγει
1526 461 1555 513 ὁ
1588 461 1779 533 είρμδς
1815 462 1876 516 ού

2055 463 2178 518 181.
2215 463 2381 518 Deum
2412 473 2592 520 autem
2619 463 2956 522 Salvatorem
2991 464 3066 520 ait
3101 478 3273 521 nexus
3316 478 3434 519 non
3461 480 3552 523 so-

319 542 482 610 μόνον
513 543 733 608 κοινῶς,
783 543 922 597 ἀλλά
974 547 1068 599 καὶ
1107 547 1212 619 ἰδία
1269 549 1542 622 ἐχομένως
1595 552 1692 607 τοῦ
1741 554 1884 608 κατὰ

312 631 442 698 τοὺς
484 634 676 702 ἁγίους
726 636 923 699 παῖδας
953 637 1255 710 θαύματος·
1302 643 1396 696 καὶ
1427 645 1767 715 παντουργδν
1801 645 1882 712 δὲ,

311 725 388 789 ὡς
437 726 688 781 ἐντεῦθεν
731 726 1017 798 ὀφειλέτας
1065 728 1206 788 εἶναι
1237 736 1366 799 τοὺς
1402 737 1531 806 περὶ
1587 737 1886 806 σύμπασαν

314 817 491 871 κτίσιν
543 818 636 872 τοῦ
669 820 833 875 αὑτὸν
885 823 1078 893 ὑμνεῖν
1127 828 1201 889 ὡς
1235 830 1331 881 καὶ
1364 829 1882 900 εύεργετικὼτατον·

313 910 526 966 τοιοῦτο
552 911 662 984 γὰρ
695 913 1147 984 ὑπερϐαλλόντως
1173 921 1202 971 δ
1226 921 1322 973 καὶ
1349 922 1530 986 κοινὸς
1563 923 1754 995 Σωτὴρ
1792 926 1884 979 καὶ

312 1006 676 1076 Δημιουργός.
711 1006 784 1062 Τὸ
810 1008 867 1062 δὲ
895 1009 1044 1063 λύειν
1062 1012 1203 1082 δεσμ
1215 1013 1262 1078 ἆ,
1292 1013 1320 1066 δ
1347 1014 1444 1068 καὶ
1463 1015 1708 1070 διαλύειν
1735 1016 1887 1084 λέγε-

313 1114 424 1157 ται,
451 1097 532 1150 ὅτι
557 1097 813 1170 διάφορόν
841 1103 958 1155 ἐστι
990 1104 1128 1173 πρὸς
1164 1105 1227 1159 τὸ
1266 1108 1493 1177 ρήσσειν
1523 1108 1698 1181 ἐφάνη
1725 1109 1783 1162 ὲν
1811 1109 1886 1180 τῷ

313 1187 518 1258 ἓρῤηξε
547 1191 721 1254 πέδας
757 1195 1015 1264 γαστρός.
1053 1197 1240 1251 Βίαιον
1273 1199 1370 1269 μὲν
1407 1201 1518 1272 γὰρ
1545 1201 1606 1254 τὸ
1635 1203 1884 1272 ρήσσειν,

316 1281 552 1350 γαληνὸν
580 1283 637 1337 δὲ
679 1285 740 1336 τὸ
785 1284 956 1354 λύειν,
1009 1289 1104 1342 καὶ
1157 1291 1360 1360 μᾶλλον
1417 1293 1653 1348 ἐνταῦθα
1701 1293 1886 1362 λόγουο

314 1374 455 1442 τάχα
486 1373 593 1445 γάρ
625 1375 694 1429 τά
725 1376 898 1446 δεσμά
927 1380 1035 1432 τῶν
1063 1381 1237 1449 ἁγίων
1285 1385 1493 1439 παίδων
1545 1387 1665 1440 οὐδὲ
1696 1386 1888 1452 ἁπλῶς

313 1465 506 1518 ἔλυσεν
552 1469 585 1537 ή
622 1470 891 1537 καμιναία
922 1471 1051 1541 φλὸξ
1100 1474 1284 1544 ἐκείνη
1325 1475 1522 1546 σιδηρᾶ
1565 1479 1718 1533 ὄντα·
1752 1497 1886 1550 μεν-

313 1557 476 1626 οῦνγε
509 1560 721 1630 τήξασα
765 1563 849 1625 εις
912 1564 976 1618 τὸ
1009 1569 1200 1638 πρώην
1243 1567 1470 1623 ἀνέλυσε
1514 1570 1797 1640 μέταλλον,
1825 1574 1887 1627 ού

317 1649 672 1721 φλεγομένων
697 1654 809 1707 τῶν
843 1656 1071 1724 παίδων,
1099 1659 1235 1713 ἀλλά
1267 1659 1670 1730 δροσιζομένων
1711 1679 1889 1731 παρα-

311 1740 482 1805 δόξως
531 1745 593 1812 τῇ
639 1744 816 1812 φλογί’
872 1747 969 1800 καὶ
1019 1747 1168 1802 ἔστιν
1222 1751 1439 1805 εἰκάσαι
1479 1754 1773 1822 προσφυῶς
1803 1755 1886 1808 δτι

315 1833 461 1885 καθά
488 1835 717 1902 τήκεται
746 1837 916 1906 κηρὸς
968 1840 1077 1892 ἀπὸ
1111 1841 1406 1911 προσώπου
1434 1845 1627 1914 πυρὸς,
1660 1846 1890 1917 τοιούτῳ

312 1922 502 1993 τρόπῳ
535 1924 629 1977 καὶ
674 1925 744 1979 τά
789 1929 964 1998 δεσμά
1022 1929 1130 1984 τῶν
1182 1933 1355 2001 ἁγίων
1407 1935 1631 1989 ἐκείνων
1679 1937 1889 1991 παίδων

311 2013 572 2084 ἀπερρύη
601 2017 659 2068 ὲν
689 2016 765 2086 τῷ
795 2018 949 2089 πυρί·
993 2022 1226 2093 ἀπονητὶ
1273 2025 1632 2083 διεκπεσόντα
1661 2027 1739 2090 ὡς
1767 2027 1889 2082 οὐδὲ

312 2106 478 2178 εἴπερ
511 2108 835 2180 ὑποδήματα
864 2111 1028 2180 ἐλύθη
1069 2116 1254 2180 αὐτοῖς
1284 2119 1346 2170 ἐκ
1385 2117 1577 2172 ποδῶν.
1603 2119 1729 2174 Ὀτι
1752 2119 1810 2174 δὲ
1831 2119 1893 2174 τὸ

247 2199 254 2205 ’
311 2200 557 2254 διαλύειν
601 2203 849 2273 διαφέρει
902 2207 995 2260 τοῦ
1049 2207 1217 2270 λύειν,
1273 2211 1428 2279 δῆλον
1459 2214 1522 2266 ἐκ
1565 2212 1657 2267 τοῦ
1694 2214 1890 2268 συναλ-

313 2289 591 2356 λακτικῶς
623 2294 964 2361 διαλύεσθαι,
997 2301 1094 2352 καὶ
1126 2300 1190 2353 ἐκ
1217 2301 1313 2355 τοῦ
1346 2303 1523 2364 ἄλλως
1557 2305 1612 2358 δὲ
1647 2307 1891 2372 φυσικῶς

314 2383 460 2437 γατά
497 2385 582 2450 τὸ,
613 2388 896 2442 Διαλύεται
918 2393 1026 2446 πᾶς
1072 2395 1379 2463 ἄνθρωπος.
1428 2399 1668 2468 Φανερὸν
1709 2399 1766 2453 δὲ
1809 2401 1893 2453 ὅτι

314 2477 476 2542 γένος
517 2477 728 2545 λύσεώς
758 2499 818 2534 τε
849 2483 944 2537 καὶ
977 2486 1190 2555 ῥήξεως
1221 2489 1332 2540 τῶν
1361 2491 1831 2563 ἀντιδιῃρημένων
1859 2494 1894 2562 ή

316 2567 511 2630 ἁπλῶς
543 2567 716 2632 λύσις.
742 2573 834 2626 Διὸ
859 2575 894 2643 ή
924 2577 1022 2640 μὲν
1052 2577 1208 2647 ῥῆξις
1232 2581 1328 2632 καὶ
1357 2579 1420 2634 λύ
1434 2599 1508 2644 τις
1535 2599 1618 2645 τις
1645 2583 1793 2649 λέγοι
1829 2583 1895 2638 ἂν

315 2659 658 2726 ἀναγκαίως,
687 2664 723 2732 ή
763 2664 820 2717 δὲ
864 2665 1016 2729 λύσις
1061 2668 1124 2722 τὸ
1178 2670 1354 2736 γένος,
1386 2673 1486 2724 οὐκ
1535 2672 1594 2738 ἐξ
1649 2675 1896 2745 ἀνάγκης

317 2750 504 2818 ῥῆξις,
529 2752 650 2806 οὐδὲ
691 2757 724 2825 ή
756 2754 912 2818 λύσις
948 2759 1007 2812 τὸ
1055 2758 1216 2824 εἰδοςο
1253 2762 1346 2815 τοῦ
1391 2764 1448 2816 δὲ
1498 2760 1640 2820 εἶναι
1676 2766 1898 2836 γενικὴν

317 2841 473 2906 λέξιν
516 2845 618 2915 τὴν
661 2846 836 2914 λύσιν,
873 2850 1074 2920 δεῖγμα
1105 2855 1139 2922 ἡ
1189 2855 1284 2907 τοῦ
1343 2854 1565 2924 δεσμεῖν
1622 2855 1718 2910 καὶ
1749 2855 1898 2909 λύειν

314 2935 622 3000 ἀντίθεσις.
657 2939 731 2992 Οὐ
780 2941 891 3012 γὰρ
939 2944 1328 3014 παρελάϐομεν
1365 2946 1584 3015 δεσμεῖν
1623 2951 1718 3000 καὶ
1767 2949 1898 3018 ῥήσ-

316 3043 458 3094 σειν,
493 3030 632 3084 ἀλλά
664 3033 848 3086 Πάντα
877 3035 979 3088 ὅσα
1029 3036 1099 3089 ἂν
1145 3037 1346 3109 λύσητε
1386 3041 1538 3092 κάτω
1588 3041 1621 3111 ἢ
1670 3041 1894 3112 δήσητε,

1989 553 2098 608 lum
2142 555 2532 622 communiter,
2599 555 2692 611 sed
2730 556 3014 627 speciatim
3042 564 3268 626 propter
3323 563 3550 612 sancto-

1988 661 2107 702 rum
2134 661 2428 716 puerorum
2452 649 2816 716 miraculum;
2849 658 2904 704 et
2962 649 3210 704 omnium
3265 648 3553 712 factorem,

1989 744 2046 789 ut
2073 737 2268 792 exinde
2284 737 2516 792 debeant
2534 752 2724 794 omnes
2741 737 2833 808 qui
2855 748 3023 792 totam
3044 746 3380 808 componunt
3401 752 3556 793 crea-

1940 903 1941 906 η
1986 828 2211 895 tionem,
2249 819 2400 884 illum
2435 839 2693 897 tanquam
2722 830 3277 886 beneﬁcentissimum
3336 829 3555 901 hymnis

1986 919 2280 976 celebrare.
2314 919 2518 975 Taliter
2551 921 2694 976 enim
2727 931 2810 976 est
2859 922 3367 992 superabundanter
3403 937 3555 977 com-

1987 1013 2168 1070 munis
2191 1013 2440 1070 Salvator
2467 1023 2521 1070 et
2553 1014 2802 1070 Creator.
2832 1012 2948 1070 lloc
2978 1024 3161 1071 autem
3199 1033 3214 1070 :
3276 1014 3429 1069 λύειν
3454 1016 3510 1068 δε
3532 1041 3552 1053 -

1988 1105 2122 1176 σμά,
2154 1105 2297 1176 quod
2322 1106 2484 1161 etiam
2519 1106 2716 1161 dicitur
2740 1105 3002 1172 διαλύειν,
3032 1122 3064 1162 a
3094 1107 3260 1162 verbo
3327 1110 3552 1180 ῥήσσειν

1987 1197 2202 1252 dlﬂ‘erre
2229 1208 2586 1252 monstratum
2620 1205 2703 1253 est
2733 1197 2784 1252 in
2811 1197 2952 1252 hoc:
2987 1195 3185 1268 ἔρρηξε
3233 1198 3402 1263 πέδας
3460 1216 3558 1272 γα-

1991 1289 2147 1359 στρός
2185 1289 2525 1344 :violentum
2580 1290 2722 1346 enim
2776 1289 2995 1360 quidem
3061 1300 3145 1345 est
3192 1290 3252 1343 τὸ
3305 1290 3553 1360 ρήσσειν,

1990 1379 2338 1450 tranquillum
2371 1392 2549 1435 autem
2581 1383 2641 1433 τὸ
2671 1382 2822 1435 λύειν
2858 1427 2872 1450 ,
2903 1389 2957 1438 et
3008 1380 3308 1452 praesertim
3341 1381 3413 1435 ibi
3445 1396 3558 1437 ser-

1990 1467 2208 1522 monis:
2253 1468 2392 1523 forte
2415 1470 2560 1524 enim
2621 1481 2934 1524 sanctorum
2975 1484 3271 1540 puerorum
3317 1469 3558 1534 vincula,

1989 1571 2113 1613 cum
2151 1569 2334 1616 essent
2362 1560 2563 1626 ferrea,
2597 1577 2699 1616 uec
2729 1561 3055 1632 simplicrter
3119 1563 3284 1617 solvit
3318 1560 3561 1617 fornacis

1990 1649 2206 1706 ﬂamma
2233 1670 2246 1717 ;
2281 1653 2390 1706 imo
2423 1668 2548 1707 vero
2574 1651 2932 1723 liquefactum
2962 1655 3015 1709 in
3045 1655 3281 1726 primum
3354 1663 3554 1710 Statum

1991 1745 2214 1800 resolvit
2243 1729 2544 1813 metallum,
2570 1763 2676 1801 non
2717 1749 2928 1802 adustis
2953 1748 3157 1818 meris,
3200 1746 3294 1802 sed
3344 1743 3560 1800 ﬂamma

1994 1838 2315 1893 mirabiliter
2353 1838 2617 1910 irrigatis.
2635 1839 2699 1894 Et
2725 1849 2808 1895 est
2826 1850 2949 1910 apte
2977 1838 3385 1908 conjiciendum
3410 1836 3558 1908 quod

1994 1930 2136 1984 sicut
2165 1929 2284 1983 ﬂuit
2316 1943 2442 2000 cera
2471 1943 2502 1982 a
2531 1927 2671 1984 facie
2700 1928 2862 1999 ignis,
2897 1929 2969 1983 ita
2991 1935 3309 1984 sanctorum
3343 1939 3564 1993 quoque

1992 2033 2286 2088 puerorum
2318 2019 2540 2074 vincula
2575 2017 2956 2088 proﬂuxerunt
2991 2017 3043 2072 in
3067 2017 3211 2087 igne.
3246 2013 3402 2082 Quod
3468 2028 3566 2067 au-

1993 2119 2098 2165 tem
2126 2109 2364 2164 διαλύειν
2407 2119 2460 2166 et
2492 2109 2640 2164 λύειν
2664 2110 2806 2165 inter
2861 2124 2920 2165 se
2967 2107 3245 2172 ditl’erant,
3294 2114 3441 2176 patet
3499 2118 3565 2158 ex

1995 2201 2148 2258 hoc:
2214 2200 2660 2265 συναλλακτικῶς
2714 2202 3052 2266 διαλύεσθαι,
3115 2210 3170 2257 et
3193 2215 3258 2256 ex
3321 2197 3564 2268 ejusdem

1995 2292 2144 2346 verbi
2176 2293 2546 2364 pliysiologico
2604 2295 2778 2350 usuin
2839 2295 2986 2348 hoc:
3036 2291 3333 2347 διαλύεται
3389 2288 3569 2346 omnis

1996 2383 2177 2440 homo.
2217 2384 2564 2441 Manifestum
2595 2396 2679 2441 est
2699 2393 2878 2441 autem
2905 2385 3044 2454 quod
3083 2398 3253 2454 genus
3276 2381 3482 2442 λύσεως
3513 2388 3570 2434 et

1999 2477 2207 2546 ῥήξεως
2226 2479 2627 2546 oppositorum,
2651 2485 2737 2532 est
2760 2477 2988 2547 simplex
3010 2475 3216 2532 solutio
3235 2474 3297 2528 λύ
3310 2492 3415 2537 σις,
3448 2471 3572 2528 ideo

1999 2568 2153 2638 ῥῆξις
2184 2569 2347 2623 etiam
2370 2569 2620 2637 quaedam
2645 2568 2798 2632 λύσις
2819 2568 3020 2624 solutio
3042 2566 3352 2624 necessario
3387 2573 3568 2631 sonat;

1997 2658 2146 2723 λύσις
2181 2666 2384 2726 autem,
2419 2674 2614 2729 genus,
2637 2676 2747 2715 non
2769 2668 2853 2716 est
2883 2659 3193 2715 necessario
3213 2656 3368 2730 ῥῆξις
3398 2671 3571 2725 neque

1997 2749 2155 2815 λύσις
2181 2753 2413 2819 species.
2449 2751 2609 2818 Quod
2661 2767 2792 2808 vero
2846 2768 2948 2807 vox
3012 2751 3226 2823 generis
3275 2752 3350 2806 sit
3396 2749 3573 2813 λύσις.

1999 2846 2383 2910 argumentum
2405 2854 2487 2898 est
2518 2842 2610 2897 τοῦ
2635 2844 2857 2913 δεσμεῖν
2887 2852 2943 2900 et
3000 2843 3151 2898 λύειν
3175 2843 3516 2897 antitbctum
3551 2857 3569 2897 :

1998 2949 2110 2989 non
2139 2935 2284 2989 enim
2319 2937 2610 2991 traditione
2634 2937 2940 3004 recepimus
2971 2935 3193 3008 δεσμεῖν
3231 2945 3285 2992 et
3319 2935 3572 3017 ῥήσσειν,

2001 3025 2095 3081 sed
2125 3042 2141 3080 :
2173 3040 2514 3096 quaecunque
2539 3026 2808 3082 solveritis
2862 3026 3105 3098 (λύσητελ
3133 3025 3298 3090 intra,
3326 3025 3409 3080 vel
3443 3023 3579 3093 liga-

312 3117 592 3189 λελυμένα
618 3123 650 3191 ἢ
675 3123 933 3193 δεδεμένα
956 3127 1108 3182 ἔσται
1134 3129 1268 3183 ἁνω.
1298 3130 1566 3194 Πολλάκις
1595 3132 1776 3201 μέντοι
1825 3133 1897 3196 ὡς

2001 3116 2466 3188 γοιίιίεωήσητε),
2495 3119 2676 3174 soluta
2727 3119 2812 3174 vel
2861 3119 3022 3190 ligata
3085 3136 3304 3177 sursum
3359 3123 3576 3174 erunt:

314 3213 663 3284 πολυώνυμα
698 3217 758 3269 τὸ
793 3217 944 3272 λύειν
987 3223 1085 3274 καὶ
1133 3222 1195 3276 τὸ
1249 3223 1477 3292 ρήσσειν
1527 3224 1898 3290 ταυτίζονται.

328 3308 634 3376 Ῥήγνυται
665 3309 795 3378 γοῦν
827 3315 1249 3384 καταπέτασμα,
1280 3316 1375 3371 καὶ
1403 3317 1592 3371 λύεται
1619 3319 1901 3390 κρήδεμνα

318 3397 559 3462 πόλεως·
584 3400 665 3454 ἔτι
693 3401 750 3454 δὲ
778 3403 1045 3473 ῥήγνυται
1067 3404 1195 3476 ᾅδου
1220 3405 1420 3474 δεσμὰ,
1445 3407 1542 3461 καὶ
1569 3408 1902 3464 καταλύεται

314 3487 554 3560 σταυρῷ
585 3489 835 3554 θάνατος.
869 3493 988 3546 Eiet
1014 3493 1071 3546 δέ
1105 3511 1250 3559 τινες
1275 3496 1462 3559 λύσεις
1503 3492 1580 3553 ὧν
1608 3499 1902 3569 προῦπάρ-

314 3597 411 3650 χει
457 3579 678 3650 δεσμὸς,
707 3576 798 3646 αἷς
844 3585 946 3638 οὐκ
982 3586 1098 3638 ἐστι
1144 3591 1530 3659 προσαρμόσαι
1564 3590 1742 3661 ῥῆξιν,
1791 3585 1904 3643 οἷον

311 3676 387 3741 τῇ
423 3673 543 3736 τοῦ,
589 3672 678 3741 Ἐξ
711 3674 832 3730 ὁδοῦ
858 3678 1178 3733 κατελύοντο
1198 3682 1277 3743 εἰς
1303 3681 1638 3734 ἀνάπαυλαν·
1671 3682 1901 3748 καὶτοῦ,

312 3764 538 3819 Λύοντο
559 3766 717 3836 χρέος
747 3769 780 3835 ἢ
813 3769 1115 3837 πλόκαμον,
1145 3771 1178 3841 ἢ
1212 3773 1476 3840 λυομένου
1528 3773 1902 3843 αἰχμαλώτου,

312 3856 352 3923 ἢ
384 3856 685 3910 ὲπελύοντο
730 3860 999 3929 χρησμόν·
1031 3863 1125 3913 καὶ
1162 3865 1191 3916 ὁ
1229 3864 1397 3915 εἰπὼν
1441 3863 1496 3914 δὲ
1538 3866 1620 3918 ὅτι
1667 3865 1820 3916 οὐδέν
1852 3881 1905 3916 τι

309 3945 459 4013 τέλη
490 3944 641 3999 λύσει
672 3948 794 4001 ἀντ)⁸
843 3949 938 4002 τοῦ
969 3951 1253 4019 λυσιτελεῐ,
1301 3954 1404 4006 ούκ
1445 3954 1559 4024 ἔχει
1608 3953 1905 4008 ἀντιθεῖναι

295 4041 390 4109 τῇ
441 4038 596 4092 λύσει
633 4043 805 4113 ταύτῃ
843 4042 1000 4113 ρἧίν
1035 4061 1180 4098 τινα.
1233 4045 1466 4100 Λύονται
1507 4043 1565 4100 δὲ
1613 4045 1758 4099 οὕτω
1809 4044 1908 4098 καὶ

309 4131 633 4200 αἰνίγματα
661 4134 756 4187 καὶ
786 4133 1096 4205 ζητήματα·
1131 4138 1306 4208 ὁμοίῳ
1337 4139 1394 4192 δὲ
1435 4139 1579 4206 λόγῳ
1608 4139 1700 4192 καὶ
1723 4137 1907 4207 πηδῶν

306 4221 370 4274 δε
388 4221 530 4290 σμά·
557 4225 732 4278 εἰπεῖν
762 4224 872 4296 γὰρ
901 4228 1041 4281 αύτά
1077 4229 1334 4300 ῥαγῆναι,
1359 4230 1582 4301 ὀκνήσει
1628 4248 1735 4294 τις.
1779 4230 1908 4284 Φαί-

309 4331 482 4366 νεται
525 4314 583 4366 δὲ
621 4315 857 4386 διαφορὰ
905 4318 1225 4388 ὲνσωμάτου
1279 4319 1484 4384 λύσεως
1523 4323 1618 4375 καὶ
1673 4321 1906 4392 ῥήξεως,

2003 3220 2360 3283 saepe‘tamen
2396 3221 2456 3268 ut
2506 3215 2827 3286 polyonyma
2868 3214 3032 3268 verba
3057 3212 3207 3266 λύειν
3237 3221 3289 3268 et
3349 3213 3580 3283 ρήσσειν

2002 3306 2380 3360 assimilantur
2409 3321 2427 3360 :
2471 3307 2736 3376 ῥήγνυται
2761 3304 2990 3377 proinde
3012 3304 3270 3366 aulaeum,
3301 3314 3356 3360 et
3382 3305 3575 3360 λύεται

2002 3400 2156 3455 urbis
2224 3401 2518 3470 pinnarum
2541 3403 2731 3456 decus.
2756 3400 2946 3456 Adhuc
2977 3409 3159 3455 autem
3194 3401 3468 3472 ῥήγνυται
3497 3401 3583 3456 iu-

2004 3488 2142 3544 ferni
2173 3491 2412 3555 vincula,
2457 3499 2512 3544 et
2553 3491 2882 3546 καταλύεται
2914 3507 3077 3547 cruce
3113 3505 3279 3547 mors.
3311 3489 3449 3546 Sunt
3475 3508 3584 3546 au-

2006 3588 2114 3635 tem
2142 3582 2392 3650 quaedam
2427 3581 2632 3646 λύσεις,
2661 3597 2798 3652 quas
2835 3593 3238 3652 praecesserunt
3267 3584 3486 3638 vincula
3518 3588 3575 3637 et

2005 3673 2206 3742 quibus
2253 3688 2359 3728 non
2393 3684 2476 3730 est
2505 3675 2762 3745 adoptare
2815 3675 2971 3745 ῥῆξιν
3004 3720 3020 3743 ,
3080 3676 3259 3746 qualis
3293 3676 3408 3732 lucc
3448 3692 3465 3730 :
3508 3675 3581 3729 Ex

2008 3766 2200 3822 itinere
2245 3767 2596 3822 solvebantur
2619 3768 2673 3822 in
2707 3768 2988 3838 requiem;
3015 3778 3067 3824 et
3105 3769 3210 3824 illa!
3237 3785 3250 3822 :
3273 3768 3462 3821 λύοντο
3490 3767 3581 3822 dc-

2006 3857 2179 3912 bitum
2208 3857 2288 3911 vel
2317 3858 2638 3925 cincinnos;
2672 3859 2757 3914 vel
2791 3858 3056 3929 λυομένου
3101 3857 3449 3929 αἰχμαλώτου
3475 3856 3584 3929 (so-

2007 3947 2122 4003 luto
2153 3950 2411 4019 captivo),
2437 3950 2529 4004 vel
2555 3950 3104 4022 ἐπελύοντοχρησμῦν
3126 3952 3433 4021 (solvebant
3460 3965 3587 4004 ora-

2007 4039 2215 4112 culum)
2249 4049 2304 4095 et
2334 4042 2425 4110 qui
2456 4041 2597 4097 dixit
2626 4042 2771 4112 quod
2803 4041 2956 4096 οὐδέν
2985 4060 3038 4095 τι
3061 4041 3190 4112 τέλη
3235 4041 3391 4094 λύσει
3440 4055 3538 4110 pro
3569 4057 3582 4093 :

2009 4131 2298 4198 λυσιτελεῖ,
2326 4147 2432 4187 non
2460 4134 2622 4188 liabet
2650 4133 2781 4189 huic
2809 4133 3076 4189 solutioni
3107 4135 3232 4188 τινα
3274 4133 3429 4205 ῥῆξιν
3455 4146 3588 4202 sup-

2007 4239 2233 4294 ponere.
2273 4224 2367 4280 Sic
2413 4232 2596 4281 autem
2623 4225 2786 4281 etiam
2840 4226 3131 4281 solvuntur
3185 4225 3476 4296 mnigmala
3535 4234 3590 4279 et

2010 4320 2258 4388 quaasita,
2290 4319 2545 4374 similiter
2601 4334 2732 4374 vero
2791 4336 3016 4391 quoque
3067 4321 3266 4391 pedum
3319 4319 3536 4374 vincula
3571 4337 3614 4373 ε·

310 4405 524 4459 καθῦτι
551 4407 617 4459 τὰ
643 4408 717 4478 μὴ
743 4408 1018 4478 δυνάμενα
1047 4411 1271 4466 λύεσθαι
1296 4414 1615 4482 ρήσσονται·
1643 4415 1710 4466 τὰ
1729 4415 1897 4483 δεσμὰ

2013 4415 2388 4481 Iunonemque
2417 4412 2600 4465 dicere
2656 4413 2834 4480 rumpi
2891 4411 3176 4481 (ῥαγῆναι)
3225 4411 3424 4478 aliquis
3481 4425 3588 4464 non

303 4501 373 4552 δὲ
413 4515 483 4566 με
497 4499 868 4553 ταπέπλασται
895 4502 1003 4554 ἀπὸ
1026 4504 1217 4570 γένους
1247 4503 1478 4575 ἄρρενος
1512 4506 1594 4566 είς
1624 4505 1897 4574 οὐδέτερον

2009 4504 2252 4560 auderet.
2283 4501 2512 4556 Videtur
2536 4511 2719 4557 autem
2757 4502 2979 4556 ditl'erre
3010 4502 3311 4570 corporalis
3341 4500 3494 4563 λύσις
3524 4516 3589 4556 ac

307 4591 474 4644 κατὰ
521 4589 646 4652 τοὺς
697 4591 982 4656 παλαιούς.
1022 4592 1108 4655 Ὧς
1155 4595 1264 4664 γὰρ
1318 4595 1348 4647 δ
1397 4595 1562 4660 ζυγὸς
1619 4597 1681 4648 τὸ
1737 4597 1897 4663 ζυγὸν

2013 4595 2184 4666 ῥῆξις,
2219 4602 2486 4664 quatenus
2513 4608 2579 4648 ea
2602 4608 2721 4661 quae
2746 4593 2886 4647 solvi
2914 4601 3192 4661 nequeunt
3228 4599 3585 4659 rumpuntur.

302 4679 618 4744 ὀξυτόνως,
653 4683 748 4735 καὶ
795 4683 822 4734 ὁ
861 4682 1101 4746 σταθμὸς
1133 4683 1194 4736 τὸ
1239 4683 1503 4753 σταθμὸν,
1548 4683 1694 4738 οὕτω
1743 4685 1839 4738 καὶ
1876 4686 1897 4738 d

2015 4686 2240 4741 Vincula
2263 4700 2392 4740 vero
2423 4692 2756 4740 commutata
2782 4693 2912 4738 sunt
2939 4683 3125 4740 Graece
3159 4699 3226 4740 ex
3281 4684 3586 4739 masculino

300 4774 374 4826 δε
387 4773 530 4842 σμὸς
560 4771 621 4825 τὸ
645 4773 864 4844 δεσμὸν,
901 4774 1023 4828 ὅθεν
1046 4777 1114 4831 τά
1143 4777 1340 4848 δεσμά.

2016 4793 2213 4848 genere
2239 4777 2294 4831 in
2329 4785 2584 4830 neutrum
2615 4774 2772 4845 juxta
2798 4783 3033 4830 veteres.
3083 4774 3238 4832 Sicut
3259 4777 3408 4831 enim
3437 4777 3465 4830 ὁ
3497 4777 3591 4838 Cu-

301 4871 451 4938 τὸς,
478 4867 539 4920 τὸ
568 4866 732 4936 ζυγόν
749 4884 878 4925 cum
911 4883 1073 4928 acuto
1101 4881 1231 4929 tono
1254 4890 1270 4941 ;
1299 4883 1352 4929 et
1376 4875 1404 4928 ὁ
1433 4874 1678 4944 σταθμὸς
1701 4893 1761 4928 το
1786 4878 1897 4928 στα(

2003 4891 2048 4940 ν,
2088 4876 2169 4930 sic
2231 4873 2396 4928 etiam
2452 4873 2481 4926 ὁ
2541 4872 2738 4943 δεσμὸς
2794 4870 2856 4925 τὺ
2902 4870 3121 4943 δεσμόν,
3187 4872 3330 4927 unde
3385 4871 3455 4924 τὰ
3508 4871 3594 4926 δε-

301 4977 469 5033 opta.
499 5013 502 5016 .

399 5053 554 5126 pnﬁ’.
597 5055 670 5110 Τὸ
699 5056 758 5109 δὲ
798 5057 1039 5127 δροσιζει
1088 5059 1188 5129 τὴν
1220 5059 1396 5130 φλόγα
1435 5061 1640 5125 ἱκανῶς
1677 5061 1907 5133 ἐρρητό-

303 5164 527 5220 ρευται
565 5149 678 5210 τοῖς
717 5149 886 5204 πάλαι
922 5150 1120 5218 ἁγίοις·
1155 5152 1447 5206 ἀκόλουθον
1475 5153 1533 5207 δὲ
1571 5156 1639 5224 τῇ
1667 5154 1910 5224 συμϐου-

297 5239 606 5308 λογραφία
638 5242 734 5309 τῆς
763 5242 906 5294 κατά
941 5241 1068 5304 τοὺς
1100 5243 1287 5310 ἁγίους
1327 5245 1476 5312 τρεῖς
1516 5245 1712 5308 παῖδας
1759 5245 1906 5298 ἱστο-

301 5334 483 5403 ρίας,
513 5329 608 5393 οὓς
638 5331 916 5401 ήκάμενος
945 5333 1044 5385 ὅσα
1079 5336 1176 5386 καὶ
1208 5335 1477 5403 ζωογόνος
1508 5335 1617 5406 ἀὴρ
1646 5336 1709 5390 οὐ
1743 5339 1910 5390 κατέ-

297 5435 562 5477 οιεςιιυσεν⁸
592 5420 726 5474 ἀλλὰ
758 5421 1025 5492 ζωογὸνον
1058 5423 1311 5494 θάλψασα
1338 5425 1719 5495 περιεσώσατο
1749 5426 1913 5495 μόνον

292 5515 381 5568 τὸ
426 5515 720 5583 φωσφόρον
757 5516 932 5586 αὐτῆς
981 5519 1078 5570 καὶ
1127 5517 1349 5585 φαεινὸν
1381 5518 1727 5588 ἀποσυλῆσαι
1772 5519 1912 5572 κατὰ

291 5604 465 5660 νοῦν
506 5607 652 5675 ἡμᾶς
689 5609 784 5660 καὶ
830 5609 1196 5678 ὲκμάξασθαι·
1251 5610 1310 5662 ού
1353 5610 1453 5680 μὲν
1507 5614 1568 5664 τὸ
1619 5611 1914 5665 καυστικὸν

293 5697 734 5766 συνεπινοῆσαι
759 5702 854 5754 καὶ
883 5702 1282 5756 καταναλίσκον
1307 5705 1400 5756 καὶ
1429 5704 1751 5774 παμφάγον,
1778 5703 1915 5758 ἀλλὰ

288 5789 410 5860 τῷ
442 5789 687 5860 αἰσθητῷ
723 5790 857 5862 πυρὶ
903 5791 1122 5862 ἀφεῖναι
1165 5794 1324 5848 αὐτα.
1373 5794 1465 5847 Δ.ὸ
1496 5795 1616 5848 οὐδὲ
1657 5790 1808 5846 εἶπεν
1841 5793 1914 5856 ὡς

2085 5057 2209 5112 182.
2236 5054 2537 5111 Hocautem
2567 5053 2842 5124 εδροσίζει
2866 5053 2970 5123 τὴν
3001 5053 3199 5124 φλόγα,
3229 5053 3388 5108 valde
3407 5054 3594 5111 rheto-

2012 5147 2168 5206 ricati
2202 5155 2333 5202 sunt
2363 5154 2572 5201 veteres
2588 5146 2783 5212 sancti,
2800 5146 2892 5200 sed
2917 5153 3316 5216 consequenter
3343 5146 3411 5201 ad
3446 5162 3594 5219 sym-

2012 5241 2248 5298 bolicum
2263 5253 2482 5295 sensum
2507 5239 2749 5294 historiae
2774 5239 2936 5294 trium
2955 5249 3272 5295 sanctorum
3297 5254 3591 5308 puerorum

2014 5333 2362 5404 quosmissus
2401 5331 2556 5399 quasi
2596 5330 2842 5387 viviﬁcus
2863 5345 2958 5386 aer
2974 5347 3083 5385 non
3106 5331 3431 5398 combussit,
3463 5322 3591 5386 dum

2016 5428 2131 5498 ipsa
2161 5422 2490 5478 calefacieus
2536 5421 3006 5478 viviﬁcattantum
3059 5423 3327 5478 remansit
3361 5431 3421 5476 ut
3447 5421 3591 5500 quod

2021 5520 2076 5573 iu
2101 5521 2212 5587 ipsa
2232 5515 2518 5570 luciferum
2542 5522 2598 5569 et
2629 5515 2866 5570 lucidum
2900 5526 3037 5582 erat,
3061 5515 3332 5583 nosjuxta
3357 5522 3593 5568 mentem

2023 5607 2364 5664 auterremus
2385 5617 2439 5662 et
2461 5607 2933 5675 exprimeremus;
2981 5622 3081 5660 nec
3137 5603 3357 5674 quidem
3407 5603 3592 5657 adhuc

2022 5701 2388 5771 cogitaremus
2417 5700 2623 5771 aliquid
2649 5702 2974 5765 causticum,
3009 5711 3344 5753 consumens
3398 5707 3452 5753 et
3487 5697 3586 5751 dc-

2026 5806 2245 5860 vorans,
2273 5791 2368 5848 sed
2393 5791 2519 5861 ista:
2538 5793 2785 5850 sensibili
2815 5792 2926 5862 igni
2969 5789 3425 5859 relinqueremus.
3474 5788 3596 5846 Ideo
