3966 6248
390 355 496 420 6θῖ

1113 357 1534 422 EUSTATHlI
1571 360 1807 420 TIlESS‘
1819 359 2320 423 ALONICENSIS
2342 362 2900 426 METROPOLITi-E

3545 366 3654 431 66

388 481 492 520 non
524 465 663 522 dixit
684 465 890 524 :-Solvit
922 467 1125 524 vincula
1152 469 1467 538 irroratqus
1489 466 1762 523 ﬂammam
1783 472 1810 524 ό
1829 486 1970 540 πυρ-

2087 475 2186 529 ιύει
2232 474 2407 544 δεσμὰ
2458 475 2551 528 καὶ
2589 475 2828 544 δροσίςει
2881 475 3056 544 φλόγα
3103 476 3132 528 ό
3180 475 3506 550 πυρσοειδὴς
3551 478 3654 545 τῆς

390 563 597 631 σοειδὴς
628 564 729 628 τῆς
754 561 1017 631 θεαρχίας
1047 561 1241 624 τύπος,
1267 561 1355 615 vel
1399 561 1547 615 aliud
1579 561 1707 630 quid
1767 561 1968 624 simile,

390 651 482 706 sed
517 653 544 705 ό
573 651 998 722 τρισσοφεγγὴς,
1041 652 1266 721 pulchre
1309 665 1645 719 componens
1673 661 1727 706 et
1759 651 1830 704 ibi
1881 651 1968 704 di-

388 745 620 798 ctionem
655 745 836 806 istam.
861 755 912 796 ut
934 755 1018 799 est
1045 745 1145 798 sibi
1175 744 1401 800 charum
1427 762 1439 796 :
1470 745 1670 813 φέγγος
1691 746 1834 799 enim
1860 758 1968 797 non

390 837 519 894 urit.
549 837 642 891 Sed
674 837 972 892 illuminat.
1001 834 1417 893 Observandum
1469 849 1552 893 est
1585 845 1767 892 autem
1799 837 1854 891 in
1887 846 1968 891 ta-

389 925 551 987 libus.
573 929 718 996 quod
744 930 788 983 si
825 939 986 1000 typus
1023 930 1112 984 ille
1145 940 1226 985 ter
1249 931 1442 987 lucidas
1465 931 1744 1001 potestatis
1777 929 1971 985 divinas

392 1019 504 1073 lucc.
531 1033 841 1087 portentose
875 1023 1022 1088 fecit,
1063 1032 1264 1094 quanta
1292 1023 1610 1078 miraculose
1645 1022 1815 1090 possit
1845 1035 1972 1089 ope-

394 1111 506 1166 rari
559 1124 688 1184 typo
739 1115 968 1185 ﬁgurata
998 1115 1253 1188 θεαρχία,
1285 1115 1444 1185 cujus
1469 1127 1631 1187 typus
1655 1115 1781 1169 talia
1807 1114 1968 1169 valet.

391 1203 658 1269 Quoniam
696 1217 874 1262 autem
925 1209 1039 1276 ipse
1081 1216 1239 1278 typus
1269 1209 1526 1280 mysterio
1549 1209 1751 1278 pariter
1789 1208 1973 1263 incar-

396 1298 640 1351 nationis
683 1311 900 1367 aptatur
921 1302 1089 1356 relate
1119 1301 1183 1356 ad
1209 1301 1648 1371 augustissimam
1694 1300 1969 1371 Virginem

392 1386 643 1452 Matrem,
677 1405 798 1460 quae
831 1391 1046 1462 quidem
1074 1394 1278 1462 recepit
1315 1393 1619 1448 divinitatis
1646 1393 1846 1462 ignem.
1874 1407 1972 1446 uec

395 1489 578 1534 tamen
615 1481 713 1536 fuit
746 1494 1091 1553 consumpta.
1153 1485 1501 1556 cogitandum
1556 1494 1640 1540 est
1689 1485 1852 1538 etiam
1905 1483 1973 1539 de

395 1572 737 1642 prmﬂgurata
769 1587 955 1631 sancta
1011 1577 1263 1646 Deipara.
1329 1579 1504 1647 qualis
1566 1588 1647 1634 est
1712 1578 1870 1633 nobis
1920 1588 1975 1633 et

395 1667 574 1736 qualis
600 1669 702 1721 erit
729 1679 1048 1739 perpetuum
1077 1670 1128 1724 in
1157 1671 1412 1732 salutem.
1440 1671 1758 1740 passionum
1814 1671 1971 1725 ﬂam-

391 1775 510 1814 mas
544 1762 918 1831 cxstinguens,
978 1772 1030 1816 et
1083 1776 1246 1818 omne
1290 1763 1570 1818 vinculum
1622 1763 1967 1834 compedem-

2075 567 2337 639 θεαρχίας
2382 566 2571 630 τύπος,
2606 567 2640 637 ἦ
2685 567 2814 620 ἄλλο
2861 584 2911 619 τι
2961 565 3225 632 τοιοῦτον,
3253 566 3388 620 ἀλλὰ
3420 570 3447 620 ό
3494 585 3655 638 τρισ-

2075 663 2373 732 σοφεγγήςο
2407 662 2622 723 συνθεὶς
2663 661 2846 723 καλῶς
2894 660 3177 714 κάνταῦθα
3233 660 3332 729 τὴν
3376 661 3543 727 λέξιν,
3573 661 3652 725 ὡς

2075 755 2228 823 φίλον
2279 754 2449 822 αὐτῷ’
2483 755 2686 822 φέγγος
2738 753 2850 820 γὰρ
2895 753 2957 806 ού
3007 754 3178 809 καίει.
3219 751 3356 806 ἀλλὰ
3399 754 3655 821 φωτίζειο

2075 851 2374 920 ἐπιστῆσαι
2410 848 2467 902 δὲ
2498 848 2602 919 χρὴ
2640 851 2698 901 ἐν
2728 848 2940 909 τούτοις
2989 846 3066 908 ὡς
3105 846 3211 900 κᾶν
3242 847 3416 909 τύπος
3445 849 3656 910 ἐκεῖνος

2074 943 2172 1012 τῆς
2206 941 2641 1014 τρισσοφεγγοῦς
2687 940 2950 1010 θεαρχίας
2994 939 3226 992 τοιαῦτα
3272 939 3656 1010 ἑθαυματούρ-

2075 1058 2264 1110 γησεν,
2299 1039 2461 1110 ἡλίκα
2490 1037 2604 1108 ἔχει
2640 1040 3038 1106 τερατουργεῖν
3063 1039 3096 1107 ὴ
3128 1038 3446 1106 τυπουμένη
3492 1037 3658 1104 0:19-

2073 1135 2188 1205 χία,
2238 1129 2307 1206 ἧς
2357 1134 2387 1185 δ
2432 1133 2602 1194 τύπος
2653 1129 2884 1184 τοιαῦτα
2944 1131 3143 1201 ίσχύει.
3187 1131 3342 1185 Ἐπεὶ
3401 1130 3459 1183 δὲ
3521 1130 3659 1182 αῦτδ

2072 1226 2315 1292 τύπωμα
2352 1225 2441 1277 καὶ
2471 1223 2549 1291 τῷ
2585 1223 2872 1293 μυστηρίῳ
2903 1224 3002 1292 τῆς
3035 1224 3308 1292 ὲνσάρκου
3337 1222 3659 1292 οἰκονομίας

2077 1319 2410 1388 ἅρμόττεται
2438 1316 2515 1383 τῷ
2550 1315 2693 1369 κατὰ
2719 1317 2822 1382 τὴν
2853 1315 3132 1381 πάναγνον
3163 1313 3656 1384 Μητροπάρθενον,

2073 1410 2379 1478 δεξαμένην
2413 1409 2514 1474 μὲν
2560 1407 2620 1460 τὸ
2663 1407 2764 1476 τῆς
2793 1407 3048 1473 θεότητος
3078 1406 3206 1473 πῦρ,
3238 1406 3298 1458 οὐ
3331 1407 3440 1474 μὴν
3483 1423 3658 1458 κατα-

2075 1501 2424 1571 φλεχθεῖσαν,
2479 1503 2803 1566 συννοητὲον
2853 1500 2946 1553 καὶ
2993 1501 3093 1568 τὴν
3145 1501 3656 1569 προτετυπωμένην

2073 1594 2238 1659 ἁγίαν
2263 1592 2555 1665 Θεοτόκον,
2577 1593 2739 1644 ὁποία
2783 1591 2876 1643 καὶ
2927 1590 3074 1642 ἔστιν
3106 1591 3238 1659 ἡμῖν
3281 1592 3376 1643 καὶ
3405 1591 3554 1643 ἔσται
3586 1590 3660 1642 δι’

2075 1685 2268 1744 αἰῶνος
2289 1682 2370 1744 εἰς
2394 1680 2684 1750 σωτηρίαν,
2707 1680 2914 1750 φλόγας
2936 1698 2996 1732 τε
3020 1680 3363 1749 παθημάτων
3387 1681 3659 1733 ἀποσϐεν-

2077 1775 2236 1838 νῦσα,
2264 1773 2354 1828 καὶ
2379 1773 2559 1827 κλοιὸν
2593 1774 2792 1834 πάντα,
2825 1773 2918 1824 κα).
2957 1772 3292 1840 ποδοκάκην,
3335 1773 3434 1825 καὶ
3465 1771 3658 1824 λοιπὸν

391 1866 499 1919 que
529 1866 593 1905 ac
615 1862 866 1907 cmteram
896 1854 1343 1910 constrictionem
1400 1855 1709 1911 letliiferam
1769 1855 1971 1909 animte

2087 1867 2312 1935 ςφιγμδν
2356 1864 2688 1935 ψυχόλεθρον
2721 1866 2944 1919 λύουσα.

389 1945 628 2000 solvens.

463 2037 584 2094 185.
608 2038 721 2094 Hoc
753 2055 881 2094 vero
923 2058 936 2096 :
967 2039 1156 2096 Omnis
1179 2052 1430 2097 creatura
1484 2058 1511 2094 a
1584 2042 1692 2095 Deo
1756 2040 1970 2095 condita

389 2130 834 2187 benedicitiltum
859 2133 950 2203 qui
986 2133 1137 2188 solus
1157 2142 1240 2189 est
1291 2132 1558 2195 Salvator.
1621 2142 1676 2188 et
1739 2133 1972 2200 reliqua,

390 2223 769 2292 interpretatio
808 2238 894 2280 est
914 2226 1252 2282 locutionis:
1316 2226 1638 2283 Benedictus
1668 2224 1835 2288 Deus,
1861 2239 1969 2278 non

392 2331 421 2367 a
455 2315 654 2370 talibus
689 2316 899 2372 scilicet
937 2325 992 2371 et
1020 2317 1245 2382 talibus,
1270 2318 1366 2374 sed
1413 2320 1482 2372 ab
1507 2317 1657 2371 omni
1689 2325 1989 2383 creatura,‘

391 2407 508 2462 sive
534 2410 602 2463 ab
629 2409 888 2464 omnibus
914 2411 1174 2479 operibus
1199 2409 1433 2472 Domini,
1473 2411 1612 2464 sicut
1635 2424 1776 2464 nona
1831 2410 1976 2478 psal—

394 2499 455 2554 lit
490 2483 871 2562 ode.‘multum
906 2502 1083 2558 vivide
1110 2503 1410 2572 diSpnnens
1441 2517 1632 2559 eorum
1656 2511 1858 2574 partes,
1876 2501 1967 2557 ubi

394 2607 525 2650 sunt
556 2593 729 2665 ipsius
751 2595 1063 2651 sacerdotes
1119 2605 1174 2650 et
1233 2595 1397 2660 servi,
1450 2595 1748 2650 familiares
1814 2595 1973 2649 amici

401 2688 576 2741 sancti
625 2687 854 2755 apostoli
886 2687 1300 2743 sacerdotaliter
1329 2687 1432 2756 ipsi
1496 2686 1889 2751 ministrantes,
1921 2693 1976 2740 et

400 2781 475 2834 ita
504 2778 627 2834 facti
659 2780 893 2852 liturgici
965 2779 1216 2848 spiritus,
1242 2779 1440 2848 praevia
1475 2778 1686 2834 visione
1717 2778 1828 2832 noti
1855 2793 1974 2831 ma-

389 2887 499 2940 gno
527 2872 721 2937 David,
745 2874 839 2944 qui
865 2873 1092 2944 spiritus
1152 2871 1469 2942 speculatur
1531 2872 1755 2942 angelos
1798 2871 1888 2926 Dei
1923 2880 1979 2926 et

394 2966 669 3022 ﬂammam
699 2968 840 3036 ignis
876 2969 976 3037 ipsi
1011 2966 1387 3021 ministrantes
1414 2987 1427 3023 :
1459 2983 1579 3038 qua:
1599 2975 1746 3022 certe
1777 2981 1978 3018 conve-

397 3057 1008 3128 niuntintelligentibus
1059 3067 1228 3113 recta.
1282 3057 1486 3113 Praevia
1551 3068 1732 3115 autem
1786 3072 1973 3112 eorum

394 3149 597 3205 indicia
624 3159 804 3217 erant,
822 3166 888 3206 ex
913 3150 1129 3206 melodo
1152 3159 1469 3206 sanctorum
1536 3166 1855 3221 puerorum,
1888 3167 1970 3206 se-
2005 3179 2050 3239 ς

395 3243 632 3298 cundum
692 3258 896 3298 nonam
947 3243 1110 3305 oden.
1162 3243 1353 3308 choro.
1416 3243 1626 3314 fulgura
1677 3254 1733 3298 et
1781 3244 1974 3305 nubes.

393 3351 516 3404 quae
546 3335 818 3390 canebant
847 3335 922 3389 illi
953 3335 1174 3390 camino
1199 3335 1361 3414 clusi.
1419 3337 1782 3406 prmvidentes
1825 3351 1976 3407 sym-

395 3428 638 3484 bolicum
671 3428 832 3482 hodie
881 3427 1217 3483 celebratum
1263 3427 1447 3482 ﬂatum
1505 3439 1560 3484 et
1618 3429 1974 3498 ignicolnram

387 3523 664 3600 visionem
690 3522 1027 3592 linguarum,
1055 3537 1287 3591 quarum
1319 3523 1629 3593 symbolum
1662 3537 1819 3579 erant
1873 3540 1976 3578 nu-

400 3617 520 3680 bes,
539 3621 845 3686 opportune
877 3609 1172 3684 spirituum
1207 3624 1502 3677 matres.et
1527 3614 1844 3670 ﬂammifera
1880 3617 1982 3672 ful-

397 3722 554 3777 gara.

469 3800 594 3856 184.
640 3797 766 3857 Haec
793 3808 924 3854 sunt
945 3801 1077 3856 odcs
1105 3815 1299 3867 nonae;
1323 3801 1528 3870 quibus
1575 3802 1982 3872 coniungendae

401 3903 530 3947 sunt
558 3892 627 3947 ibi
650 3893 944 3948 celebratae
977 3891 1070 3946 lux
1102 3901 1157 3947 et
1184 3893 1423 3949 tenebrae
1447 3909 1464 3961 ;
1489 3908 1584 3964 per
1615 3909 1753 3964 quas
1775 3894 1985 3964 signiti-

399 3993 554 4040 catur
590 3986 735 4054 quod
774 3985 1055 4054 apostolici
1098 3985 1198 4038 viri
1251 3986 1544 4055 aliquando
1595 4002 1816 4056 quoque
1869 3985 1982 4041 Mo-

404 4079 555 4132 saico
585 4091 735 4131 more
761 4077 1150 4140 obscurantur,
1189 4087 1246 4131 ut
1285 4079 1460 4147 prima
1491 4077 1594 4131 ode
1615 4079 1840 4133 canonis
1880 4080 1982 4133 do-

403 4171 538 4234 cuit,
566 4180 618 4222 et
649 4170 842 4222 iterum
871 4169 1241 4238 resplendent.
1280 4177 1334 4222 ut
1359 4169 1476 4237 ipse
1497 4171 1713 4238 c0piose
1738 4171 1982 4225 tradidit.

405 4263 786 4330 Opportunum
811 4272 992 4314 autem
1033 4270 1118 4316 est
1144 4262 1302 4316 nobis
1324 4262 1413 4316 hic
1456 4261 1641 4316 dicere
1665 4262 1715 4316 id
1753 4264 1896 4332 quod
1930 4265 1983 4316 in

364 4399 376 4418 .
407 4355 666 4423 apostolis
681 4355 978 4408 aztltereum
997 4361 1080 4408 est
1102 4367 1165 4408 ac
1184 4354 1495 4422 spirituale.
1518 4353 1662 4407 aeris
1683 4355 1987 4408 elevatione

408 4447 966 4517 subiudicarizjnxta
990 4461 1152 4515 quam
1212 4446 1432 4501 sublimi
1486 4446 1670 4501 volatu
1727 4457 1985 4517 tanquam

2149 2060 2294 2124 ρπγ⁰.
2319 2054 2392 2108 Τὸ
2416 2055 2468 2108 δέ
2495 2071 2508 2083 ⁸
2544 2055 2609 2107 Ἥ
2635 2055 2895 2123 σύμπασα
2924 2055 3096 2115 κτίσις
3127 2057 3160 2122 ἡ
3193 2053 3662 2124 ὃημιουργηθεῖσα

2076 2143 2293 2213 εύλογεῖ
2319 2143 2414 2198 τὸν
2447 2147 2608 2213 μόνον
2655 2143 2888 2210 Σωτῆρα
2916 2143 3013 2195 καὶ
3045 2143 3190 2209 ἑξῆς,
3237 2141 3506 2211 ἑρμηνεία
3541 2140 3691 2216 ἐστὶ.

2077 2235 2190 2297 τοῦ,
2231 2235 2537 2304 Εὐλογητὸς
2575 2235 2604 2287 ό
2654 2235 2810 2298 Θεὸς,
2863 2236 2963 2304 οὐχ
3012 2236 3118 2288 ὑπὸ
3175 2233 3343 2288 τῶνδε
3399 2232 3434 2302 ἢ
3491 2232 3663 2285 τῶνδε

2075 2327 2299 2396 δηλαδὴ,
2334 2327 2448 2381 ἀλλ’
2476 2327 2581 2381 ὑπὸ
2613 2327 2795 2396 πάσης
2825 2327 3078 2387 κτίσεως,
3109 2329 3277 2398 ἤγουν
3306 2325 3413 2380 ὑπὸ
3445 2326 3665 2378 πάντων

2079 2420 2187 2471 τῶν
2219 2419 2314 2473 τοῦ
2349 2420 2555 2490 Κυρίου
2587 2421 2786 2488 ἔργων,
2813 2421 2890 2482 ὡς
2921 2421 2952 2488 ἡ
2986 2419 3146 2490 όγδόη
3181 2419 3378 2488 ψάλλει
3421 2419 3558 2489 ᾡδή⁹
3587 2413 3664 2469 ὧν

2076 2512 2148 2563 τὰ
2181 2513 2322 2564 κατὰ
2376 2512 2538 2580 μέρος
2591 2512 2728 2580 αὐτὴ
2760 2511 3107 2575 διασκευάζει
3151 2512 3293 2564 πάνυ
3324 2512 3567 2581 γοργῶς·
3604 2513 3666 2563 ὲν

2081 2597 2164 2667 οἷς
2205 2606 2257 2657 oi
2290 2603 2457 2656 αὐτοῦ
2490 2605 2655 2672 ἱερεῖς
2704 2604 2800 2656 καὶ
2833 2602 3034 2660 δοῦλοι.
3081 2604 3177 2656 καὶ
3223 2603 3492 2656 οἱκειακοὶ
3516 2601 3667 2670 φέλοι

2080 2695 2224 2760 ἅγιοι
2273 2695 2588 2753 ἀπόστολοι,
2637 2693 3085 2764 λειτουργοῦντες
3132 2693 3280 2763 αύτῷ
3339 2693 3664 2762 ίερατικῶς.

2076 2787 2173 2838 καὶ
2198 2785 2341 2838 οῦτω
2370 2783 2720 2854 λειτουργικὰ
2750 2783 2903 2844 ὄντες
2934 2787 3242 2851 πνεύματα,
3273 2781 3668 2850 γινωσκόμενα

2077 2879 2462 2948 προορατικῶς
2509 2881 2606 2930 καὶ
2653 2877 2732 2946 τῷ
2786 2877 3011 2948 μεγάλῳ
3055 2876 3242 2942 Δασὶδ,
3276 2876 3335 2939 ὃς
3371 2874 3667 2943 πνεύματα

2080 2971 2279 3041 θεωρεῖ
2311 2971 2437 3030 τοὺς
2478 2969 2572 3022 τοῦ
2604 2969 2738 3022 Θεοῦ
2787 2969 3076 3035 ἀγγέλους,
3122 2969 3218 3021 καὶ
3267 2968 3444 3036 φλόγα
3491 2966 3670 3035 πυρὸς

2079 3063 2204 3124 τοὺς
2260 3062 2712 3130 λειτουργοῦντας
2767 3062 2939 3128 αὐτῷ.
2984 3064 3050 3114 Ἀ
3081 3061 3146 3131 δὴ
3196 3060 3496 3131 ἐπιπρέπει
3549 3062 3671 3120 τοῖς

2081 3154 2297 3208 νοοῦσιν
2341 3155 2497 3222 ὀρθάο
2533 3156 2875 3224 προμήνυμα
2908 3154 2964 3206 δὶ
3018 3151 3226 3206 τούτων
3273 3154 3337 3205 ὲκ
3387 3151 3492 3219 τῆς
3523 3152 3672 3203 κατὰ

2081 3248 2180 3318 τὴν
2215 3247 2410 3316 ὀγδόην
2457 3245 2604 3316 ᾠδὴν
2638 3245 2914 3316 ἐμμελοῦς
2962 3245 3072 3298 τῶν
3118 3235 3292 3312 ἁγίων
3333 3244 3544 3296 παίδων
3576 3259 3669 3312 χοο

2087 3337 2258 3406 ρείας,
2292 3339 2384 3390 καὶ
2417 3337 2701 3401 ἀστραπαὶ
2747 3337 2844 3388 καὶ
2885 3334 3132 3403 νεφέλαι,
3163 3334 3230 3396 ἃς
3259 3335 3463 3388 ἐκεῖνοι
3497 3350 3671 3401 καμιο

2083 3431 2365 3496 νευόμενοι
2397 3428 2646 3496 ἔψαλλον,
2685 3426 3066 3496 προορώμενοι
3109 3425 3208 3496 τὴν
3253 3426 3378 3491 ἄρτι
3419 3441 3673 3496 πανηγυ-

2087 3519 2382 3590 ριζομένην
2431 3520 2773 3589 συμϐολικὴν
2836 3519 3008 3589 πνοὴν
3057 3520 3153 3572 καὶ
3205 3517 3306 3587 τὴν
3361 3517 3671 3586 πυρσοειδῆ

2083 3616 2215 3668 θέαν
2249 3614 2357 3666 τῶν
2406 3614 2692 3679 γλωσσῶν,
2729 3605 2804 3666 ὧν
2853 3611 3128 3679 σύμϐολον
3158 3611 3380 3678 νεφέλαι
3427 3609 3674 3680 μητέρες

2085 3708 2414 3777 πνευμάτων
2445 3708 2503 3760 ὲν
2533 3705 2735 3776 καιρῷ,
2770 3706 2865 3759 καὶ
2903 3706 3186 3775 φλογωποὶ
3213 3704 3519 3774 ἀστραπαί.

2159 3801 2298 3871 ρπδ’.
2341 3799 2620 3870 Ταῦταῠδὴ
2667 3799 2769 3868 τῆς
2803 3797 2999 3876 ὀγδόης
3029 3796 3194 3868 ᾠδῆς
3237 3791 3320 3858 οἷς
3373 3795 3672 3865 κολλητέον

2087 3896 2180 3947 καὶ
2205 3893 2266 3946 τὸ
2301 3892 2714 3962 μελῳδούμενον
2757 3891 2875 3942 ἐκεῖ
2906 3889 3022 3959 φῶς
3051 3892 3148 3943 καὶ
3177 3891 3388 3951 σκότος’
3425 3889 3549 3940 ἐπεί
3580 3905 3673 3942 τοι

2087 3988 2180 4039 καὶ
2214 3986 2402 4054 γνόφῳ
2435 3986 2531 4052 μὲν
2563 3985 2846 4053 σύστοιχον
2876 3982 2937 4034 τὸ
2974 3982 3264 4042 σκοτῶδες,
3290 3983 3580 4050 ἀστραπῆς
3610 3981 3678 4035 δὲ

2087 4078 2256 4144 ἀρετὴ
2288 4077 2350 4128 τδ
2384 4076 2520 4144 φῶςο
2567 4074 2635 4127 δι’
2673 4067 2747 4125 ὧν
2795 4072 3049 4141 δηλοῦται
3095 4073 3170 4134 ὡς
3209 4073 3262 4125 oi.
3316 4071 3684 4124 ἀποστολικοὶ

2086 4167 2278 4238 ἄιδρις
2310 4170 2404 4220 καὶ
2434 4165 2758 4235 γνοφοῦνταί
2796 4181 2925 4217 ποτε
2950 4165 3285 4226 Μωσαῖκῶς,
3318 4164 3391 4217 ὼε
3418 4165 3452 4232 ἠ
3471 4162 3680 4233 πρώτη

2091 4263 2203 4334 ᾠδὴ
2231 4262 2327 4316 τοῦ
2355 4262 2582 4325 κανόνος
2611 4260 2838 4325 ἐδίδαξε,
2869 4263 2966 4315 καὶ
2991 4260 3372 4331 φωσφοροῦσιν
3409 4254 3564 4322 αὖθις
3593 4260 3684 4322 ὡς

2089 4355 2253 4417 αὐτὸς
2283 4355 2531 4417 πλατέως
2559 4353 2846 4424 παρέδοτο.
2890 4351 3158 4421 Εύκαιρον
3207 4353 3265 4406 δὲ
3318 4355 3450 4422 ἡμῖν
3491 4354 3683 4404 εἰπεῖν

2093 4444 2330 4499 ἐνταῦθα
2365 4446 2462 4498 καὶ
2495 4446 2579 4499 ὃτι
2625 4446 2686 4498 τὸ
2730 4444 3079 4516 συμόολικῶς
3121 4445 3516 4513 πνευματικὸν,
3571 4446 3687 4498 καὶ

407 4544 603 4612 aquilae
643 4553 930 4614 surgentes
959 4542 1062 4608 illi,
1099 4543 1154 4597 in
1207 4543 1527 4613 praedictum
1590 4544 1978 4614 augustissima

2096 4538 2340 4610 αἰθέριον
2386 4537 2495 4591 τῶν
2529 4538 2870 4605 ἀποστόλων,
2923 4538 3016 4590 καὶ
3063 4540 3096 4608 ή
3148 4538 3309 4606 ἁερία
3375 4541 3689 4607 συγκροτεῖ

412 4637 650 4706 Deipara:
680 4637 1091 4690 tabernaculum
1157 4637 1564 4706 requieverunt.
1595 4637 1801 4691 Dictum
1857 4653 1986 4692 vero

409 4729 514 4781 Τὸν
550 4728 713 4798 μόνον
743 4727 996 4798 Σωτῆρα,
1027 4728 1259 4782 multum
1281 4737 1534 4782 accurate
1558 4727 1822 4792 scriptum
1853 4737 1935 4782 est
1968 4747 1983 4783 :

407 4822 549 4875 sicut
604 4821 748 4874 cnim
774 4833 913 4874 unus
952 4829 1036 4874 est
1090 4819 1233 4875 Deus
1281 4821 1373 4887 qui
1419 4819 1560 4875 Deus
1599 4821 1827 4875 deorum
1882 4832 1987 4883 est,

410 4928 665 4982 unusque
702 4911 966 4965 Dominus
995 4913 1086 4980 qui
1117 4913 1461 4967 dominorum
1492 4925 1577 4970 est
1601 4914 1880 4976 Dominus.
1909 4917 1990 4969 sic

409 5004 570 5056 etiam
631 5019 773 5057 unus
803 5011 888 5057 est
927 5005 1182 5069 Salvator:
1226 5006 1318 5072 qui
1376 5005 1708 5060 salvatorum
1741 5007 1991 5060 Salvator

412 5106 516 5149 eet.
559 5093 770 5164 Reliqui
793 5109 924 5148 vero
965 5109 1033 5148 ex
1103 5094 1218 5162 ipse
1273 5111 1368 5164 per
1430 5097 1986 5152 communicationem

415 5195 543 5238 sunt
575 5187 904 5247 salvatores.
941 5185 986 5238 si
1021 5193 1230 5240 tantum
1261 5196 1343 5240 est
1400 5190 1546 5257 quod
1604 5190 1832 5242 salvcut.
1890 5187 1987 5242 Dat

412 5290 591 5331 autem
625 5278 754 5331 mihi
789 5278 870 5332 sic
892 5278 1106 5331 dicendi
1141 5280 1437 5340 rationem.
1497 5282 1591 5350 qui
1624 5282 1848 5336 tradidit
1882 5297 1988 5335 non

410 5385 532 5425 esse
565 5367 948 5424 confidendum
969 5369 1022 5426 in
1056 5371 1424 5441 principibus,
1453 5373 1506 5424 in
1546 5372 1674 5426 ﬁliis
1705 5373 1988 5426 hominum

411 5462 464 5516 in
497 5461 699 5530 quibus
721 5476 826 5515 non
863 5473 946 5519 est
969 5465 1140 5519 salus.
1173 5465 1328 5531 Quod
1363 5474 1544 5521 autem
1580 5480 1645 5519 ex
1674 5464 1989 5520 Graecorum

412 5554 588 5622 spinis
629 5554 770 5608 hanc
799 5554 1090 5611 salutarem
1155 5570 1336 5610 rosam
1400 5555 1810 5626 collegerimus,
1864 5564 1993 5609 ante

413 5648 674 5716 scriptum
709 5655 813 5702 est.
847 5647 1010 5701 Attici
1041 5663 1284 5717 namque
1315 5647 1475 5717 primi
1502 5647 1690 5702 Jovem
1723 5649 1993 5703 excellen-

415 5748 497 5790 ter
521 5739 843 5792 salvatorem
884 5739 1310 5807 inscripserunt.

484 5829 607 5882 183.
648 5831 707 5881 '0
743 5829 1104 5900 παντουργός,
1149 5829 1291 5896 apud
1331 5838 1578 5886 recentes
1621 5832 1863 5899 quidem,
1929 5848 1992 5885 ex

2089 4631 2350 4701 ἔπαρσις·
2385 4631 2452 4700 ἣν
2501 4633 2703 4684 ἐκεῖνοι
2743 4633 3028 4702 μετάρσιοι
3077 4631 3366 4699 πετόμενοι
3400 4629 3533 4682 ὡσεὶ
3573 4631 3686 4683 καὶ

2089 4724 2266 4787 ἀετοὶ,
2302 4724 2398 4776 ἰπὶ
2445 4724 2506 4776 τὸ
2542 4725 2643 4792 τῆς
2677 4725 2960 4792 πανάγνου
2999 4725 3269 4794 σκήνωμα
3304 4723 3688 4794 πρῆκείμενον

2092 4818 2440 4887 Θεομήτορος
2487 4817 2824 4872 ἀνέπαυσαν.
2857 4817 2930 4870 Τὸ
2979 4816 3058 4882 δὲ,
3089 4817 3193 4870 Τὸν
3220 4816 3380 4885 μόνον
3417 4815 3684 4883 Σωτῆρα,

2094 4910 2237 4962 πάνυ
2296 4909 2789 4978 συντετηρημένως
2832 4911 3166 4977 γέγραπται.
3212 4909 3305 4970 Ὠς
3355 4907 3461 4978 γὰρ
3513 4910 3691 4978 μόνος

2093 5001 2224 5064 Θεὸς
2271 5005 2299 5054 ό
2344 5003 2455 5054 τῶν
2486 5003 2624 5054 θεῶν
2658 5003 2813 5065 Θεὸς,
2854 5003 2948 5056 καὶ
2989 5003 3193 5072 Κύριος
3238 5004 3267 5055 ό
3313 5002 3423 5055 τῶν
3467 5002 3693 5072 κυρίων

2093 5095 2321 5162 Κύριος,
2369 5093 2514 5147 οῦτω
2557 5095 2654 5147 καὶ
2707 5095 2900 5166 Σωτὴρ
2967 5095 3128 5166 μόνος
3181 5098 3210 5148 ό
3266 5095 3379 5147 τῶν
3412 5096 3694 5164 σωτήρων

2095 5187 2308 5256 Σωτήρ·
2345 5188 2393 5239 οἱ
2419 5188 2528 5256 γὰρ
2558 5187 2738 5239 λοιποὶ
2770 5187 2828 5251 ἐξ
2865 5187 3031 5240 αὑτοῦ
3065 5188 3313 5257 σωτῆρες
3346 5188 3482 5240 κατὰ
3511 5189 3693 5254 μετά-

2093 5281 2264 5346 δοτιν,
2303 5283 2350 5332 εξ
2383 5280 2519 5344 τέως
2564 5283 2659 5334 καὶ
2710 5278 2970 5344 σώζουσι.
3023 5281 3219 5333 Δίδωσι
3268 5281 3325 5332 δέ
3377 5296 3469 5348 μοι
3518 5280 3696 5335 τοῦτο

2095 5376 2283 5442 λέγειν
2318 5378 2343 5428 ό
2383 5376 2662 5446 παραδοὺς
2701 5376 2776 5445 μὴ
2808 5375 3125 5428 πεποιθέναι
3164 5373 3252 5426 ἐπ’
3284 5374 3552 5444 ἄρχοντας
3586 5377 3694 5428 ἐπὶ

2098 5469 2248 5531 υἱοὺς
2284 5469 2613 5540 ἀνθρώπων,
2649 5466 2731 5531 οἷς
2775 5472 2874 5524 οὐκ
2928 5469 3044 5523 ἔστι
3081 5470 3347 5541 σωτηρίαο
3397 5473 3472 5530 ὡς
3526 5469 3582 5521 δὲ
3628 5469 3698 5534 ἐξ

2109 5560 2447 5629 Ἑλληνικῶν
2489 5562 2743 5614 ἀκανθῶν
2777 5563 2874 5616 καὶ
2921 5564 2981 5615 τὸ
3015 5564 3288 5633 σωτήριον
3318 5561 3479 5614 τοῦτο
3527 5562 3697 5631 ῥόδον

2097 5651 2486 5720 ἀπολέλεκται,
2536 5655 2980 5725 προγέγραπταιο
3025 5656 3265 5707 Ἀττικοὶ
3309 5655 3420 5722 γὰρ
3469 5652 3695 5721 πρῶτοι

2098 5745 2220 5798 κατ’
2250 5745 2531 5814 ἐξαίρετον
2559 5746 2656 5799 Δία
2682 5747 2906 5816 σωτῆρα
2935 5747 3334 5815 ἐπεγράφοντο.

2174 5841 2310 5904 ρι’-,εκ
2367 5836 2426 5889 ’0
2459 5837 2516 5889 δὲ
2561 5839 2905 5908 παντουργὺς
2943 5837 3094 5908 παρὰ
3162 5837 3260 5907 μὲν
3308 5837 3418 5898 τοῖς
3452 5834 3695 5905 ῦστερον
