3966 6248
370 278 475 341 699

1074 278 1486 341 ΕυετΑΤιιιι
1513 282 2273 347 Τιιεεςιιοκιοιιιιεις
2303 268 2874 349 nummum

3516 281 3622 345 700

369 406 402 447 ιι
433 388 608 456 nobis,
644 389 882 445 maxima
914 399 997 446 est
1022 391 1218 461 gratia.
1266 390 1408 458 Quid
1436 391 1580 449 enim
1643 404 1727 450 est
1764 394 1837 448 ad
1861 395 1928 448 il-

2065 397 2170 465 ιαρ⁹
2196 397 2376 466 ἡμῶν,
2430 395 2663 465 μεγίστη
2715 394 2897 465 χάρις.
2943 391 3012 446 Τί
3044 388 3155 462 γάρ
3200 389 3339 462 πρός
3380 389 3549 444 αὑτὸν
3587 392 3623 459 ἡ

374 484 482 534 Ιιιιιι
508 480 824 551 lmjusmodi
850 481 1050 537 dictio:
1074 483 1359 548 Quomodo
1382 484 1700 553 διμιουργός
1722 494 1808 541 est
1848 485 1936 539 hic

369 573 615 632 universi
646 575 832 631 mundi
871 585 1084 630 creator
1107 575 1132 629 ἲ
1158 576 1476 647 διμιουργόν
1537 587 1741 632 norunt
1795 577 1942 633 anti-

369 668 464 738 qui
491 667 643 721 illum
708 666 800 736 qui
867 666 1083 735 publica
1136 667 1269 738 agit,
1325 669 1420 736 qui
1443 667 1626 724 civilia
1659 679 1939 736 Operatur,

370 760 485 825 qui,
515 769 572 812 ut
599 757 669 814 ita
693 759 892 820 dicam.
933 758 1220 815 laboriosas
1242 759 1605 816 multitudinis
1641 770 1728 817 est
1754 761 1941 815 homo.

378 852 439 906 Et
465 862 645 907 tamen
676 852 767 908 ille
798 852 888 922 qui
918 861 1139 922 propter
1179 866 1280 908 nos
1302 861 1585 922 peccatum
1600 863 1665 907 et
1721 852 1944 909 maledi-

374 946 484 997 rlio
519 955 741 1000 vocatus
768 948 853 999 est
882 954 935 998 et
960 943 1244 1008 sustinuit,
1273 945 1528 1009 sustinet,
1566 943 1710 1000 sicut
1724 943 1941 999 viduam

373 1036 472 1102 ipsi
498 1045 757 1104 tanquam
784 1034 1006 1104 pauperi
1038 1034 1301 1104 quosdam
1340 1033 1532 1088 obolos
1553 1032 1938 1101 porrigentem,

377 1130 457 1179 sic
498 1136 555 1180 et
585 1141 683 1180 nos
711 1126 890 1194 ipsum
928 1123 1384 1195 cognominantes
1434 1124 1589 1195 juxta
1650 1122 1942 1193 quamdam

371 1204 595 1272 ontnino
618 1219 937 1282 bonitatem,
974 1233 1040 1273 ex
1076 1232 1183 1287 qua
1215 1218 1473 1288 partiaria
1507 1217 1637 1272 licet
1683 1224 1740 1271 et
1776 1214 1945 1284 parti-

372 1312 568 1375 cttlari,
602 1313 796 1366 transit
823 1313 889 1365 ad
919 1312 1121 1381 aliquid
1175 1311 1447 1366 excelsius
1504 1310 1551 1364 is
1613 1308 1707 1377 qui
1768 1317 1946 1362 mente

374 1404 730 1461 transcendit.
775 1402 867 1460 Sic
905 1404 1068 1459 etiam
1118 1403 1472 1474 gubernator,
1520 1400 1614 1470 qui
1674 1399 1941 1455 mundum

304 1480 309 1485 ’
376 1497 581 1565 dirigit,
631 1506 685 1550 et
746 1496 971 1566 plastes,
1031 1495 1124 1565 qui
1180 1510 1396 1550 summe
1479 1494 1701 1563 sapiens
1752 1503 1835 1550 est
1891 1500 1947 1546 et

378 1588 592 1652 artifex,
618 1588 799 1642 vocari
833 1587 1053 1657 gaudet.
1093 1586 1206 1642 Vox
1261 1584 1525 1655 σύμπασα
1568 1584 1703 1638 nihil
1753 1597 1944 1637 eorum

378 1696 501 1748 qua:
523 1690 653 1734 sunt
684 1679 738 1733 in
772 1682 995 1742 ntundo,
1019 1696 1196 1749 neque
1222 1680 1478 1742 mortale,
1500 1691 1679 1745 neque
1712 1676 1943 1729 immor-

2042 490 2269 560 τοιαύτη
2322 490 2508 556 λέξιςς
2557 488 2678 551 πῶς
2720 488 2776 543 δὲ
2826 484 3164 558 δημιουργὸς
3215 485 3246 538 6
3281 483 3378 538 τοῦ
3412 483 3623 554 κόσμου

2045 585 2364 653 σύμπαντος
2391 583 2664 652 ποιητής;
2693 578 3030 650 δημιουργὸν
3064 577 3276 632 οἴδασιν
3309 577 3360 632 οἰ
3398 575 3625 633 παλαιοὶ

2041 677 2134 731 τὸν
2163 677 2233 731 τά
2271 678 2442 748 δήμια
2466 677 2840 748 ἐργαζόμενον
2872 676 2963 730 τὸν
2996 674 3303 743 πολιτικὸν,
3357 675 3626 746 χειρώνα-

2043 787 2170 833 κτα,
2202 770 2319 837 τδν,
2350 770 2424 832 ὥς
2453 768 2625 833 οὕτως
2655 770 2849 831 εἰπεῖν,
2889 773 2988 839 της
3014 769 3345 839 χειρομάχον
3385 766 3627 836 πληθύος

2044 861 2355 934 ἄνθρωπον.
2382 859 2491 916 Καὶ
2517 860 2667 931 ὅμως
2690 861 2718 913 6
2742 858 2811 914 δι’
2840 860 2986 929 ἡμᾶς
3015 856 3262 929 ἁμαρτία
3285 856 3380 910 καὶ
3406 856 3627 924 κατάρα

2043 954 2367 1023 όνομασθεὶς
2398 954 2492 1007 καὶ
2540 951 2932 1023 ἀνασχόμενος,
2985 950 3239 1021 ἀνέχεται
3272 948 3417 1003 καθά
3446 948 3627 1019 χήρας

2040 1042 2135 1099 οἵα
2158 1045 2257 1100 καὶ
2278 1044 2486 1113 πένητα
2509 1043 2658 1112 αύτῷ
2679 1041 3013 1114 ποριζούσης
3035 1042 3257 1105 ὀϐολούς
3280 1059 3455 1107 τινας,
3479 1039 3628 1093 οὕτω

2047 1138 2143 1190 καὶ
2187 1137 2347 1207 ήμῶν
2393 1135 2849 1202 ἐπονομαζόντων
2891 1133 3057 1189 αὐτὸν
3112 1135 3258 1188 κατά
3311 1150 3431 1187 τινα
3486 1131 3628 1192 ὅλως

2047 1228 2421 1298 χρηστότητα,
2458 1227 2516 1291 ἐξ
2543 1222 2612 1300 ἧς
2638 1226 2871 1297 μερικῆς
2900 1225 3068 1295 οὔσης
3095 1225 3190 1278 καὶ
3223 1221 3624 1287 ἱδιωτιζούσης,

2050 1319 2367 1389 μεταχωρεῖ
2409 1318 2543 1388 πρὸς
2580 1319 2639 1371 τὸ
2687 1317 3024 1387 ὑψηλότερον
3049 1317 3077 1368 6
3107 1316 3197 1369 τὸν
3226 1315 3350 1368 νοῦν
3380 1313 3627 1367 διαϐατι-

2046 1413 2162 1475 κός·
2191 1411 2334 1465 οῦτω
2381 1412 2474 1465 καὶ
2521 1410 2867 1480 κυϐερνήτης
2917 1411 2944 1461 ό
2986 1409 3079 1463 τὸν
3106 1408 3311 1478 κόσμον
3370 1421 3629 1475 παραγα-

2047 1503 2161 1575 γὼν
2197 1504 2381 1574 χαίρει
2423 1503 2659 1565 ἀκούων,
2696 1504 2795 1556 καὶ
2855 1502 3103 1572 πλάστης
3137 1503 3166 1555 6
3197 1501 3291 1554 καὶ
3320 1499 3630 1568 παντεχνή-

2052 1615 2170 1667 μων
2198 1598 2293 1650 καὶ
2328 1596 2623 1664 πάνσοφος.
2650 1595 2724 1647 Τὸ
2758 1594 2815 1647 δὲ
2848 1595 3114 1664 σύμπασα
3153 1592 3308 1646 οὐδέν
3333 1609 3386 1645 τι
3421 1590 3534 1643 τῶν
3570 1591 3630 1642 ὲν

2049 1687 2128 1756 τῷ
2162 1688 2353 1758 κόσμῳ
2383 1688 2502 1757 δίχα
2536 1685 2674 1740 Θεοῦ
2701 1684 2961 1754 γενέσθαι
2994 1683 3316 1754 παραδηλοῖ,
3344 1680 3465 1735 οὔτε
3493 1681 3633 1748 θνη-

381 1772 486 1825 tale
509 1772 625 1824 sine
650 1770 758 1824 Deo
784 1786 909 1824 esse
936 1770 1276 1826 demonstrat
1301 1788 1317 1835 ;
1345 1768 1523 1831 κτίσις
1567 1774 1750 1821 autem
1783 1780 1812 1820 a
1854 1762 1950 1820 Dei

2065 1777 2168 1843 τὸν,
2196 1775 2319 1830 οὔτε
2348 1777 2634 1830 ἀθάνατον·
2661 1776 2722 1828 τδ
2757 1775 2815 1827 δὲ
2843 1775 3023 1836 κτίσις
3059 1772 3325 1845 ὑπεξάγει
3352 1771 3454 1837 τῆς
3479 1770 3629 1823 κατὰ

380 1861 599 1931 opiﬁcio
642 1862 918 1917 subtrahit
951 1861 1257 1915 malitiam:
1289 1873 1573 1929 peccatum
1650 1858 1797 1912 enim
1836 1856 1953 1926 ipse

385 1955 686 2009 secundum
743 1955 949 2008 nullam
1012 1953 1134 2022 hqu
1181 1951 1461 2007 sententiae
1500 1948 1952 2019 signiﬁcationem

383 2047 586 2101 creavit
627 2054 721 2100 aut
752 2044 900 2101 fecit.
934 2043 1110 2105 Simul
1137 2054 1318 2099 autem
1375 2043 1616 2113 scipsum
1650 2042 1952 2096 increatutn

383 2153 500 2193 esse
534 2138 710 2194 solum
746 2137 1003 2193 ostendit.

706 2230 1020 2300 Troparium
1047 2232 1277 2300 primum
1308 2230 1425 2286 σάω
1452 2239 1670 2283 octavae.

414 2366 421 2373 .
531 2322 846 2379 Memrriam
877 2322 1127 2379 Christus
1155 2323 1443 2377 verborum
1474 2320 1679 2392 quibus
1701 2318 1959 2374 mortales

458 2416 590 2479 Quae
613 2430 641 2470 a
667 2414 826 2470 Patre
858 2415 1085 2482 audivit,
1110 2414 1371 2486 apostolis
1396 2414 1554 2479 dixit,

458 2505 695 2576 Spiritus
714 2520 981 2578 pra-parat
1010 2507 1321 2579 linguarum
1346 2508 1628 2580 ignearum
1651 2494 1959 2577 spectaculo

452 2600 716 2667 Insidens,
747 2602 1115 2670 benedictum,
1147 2602 1450 2659 assimilata
1485 2617 1500 2657 :

450 2694 694 2751 Alienata
724 2695 1063 2751 verolaudat
1095 2704 1151 2751 te
1174 2696 1411 2752 crcatio.

457 2786 578 2841 188.
617 2784 835 2841 Scimus
865 2786 1208 2843 Salvatorem
1246 2788 1530 2845 Christum
1577 2787 1959 2859 praewniendo

384 2878 704 2946 promisisse
733 2879 1054 2948 discipulis:
1085 2878 1223 2936 Cum
1252 2880 1552 2937 Paraclitus
1602 2883 1834 2944 venerit,
1861 2882 1958 2951 do-

383 2968 526 3022 cebit
561 2984 654 3024 vos
681 2984 899 3024 onmem
932 2971 1214 3026 veritatem
1240 2980 1294 3025 ct
1325 2982 1576 3044 suggeret
1607 2973 1761 3028 vobis
1810 2989 1958 3041 qua:—

2058 1869 2194 1923 Gs’w
2226 1868 2589 1940 δημιουργίας
2619 1868 2719 1938 τὴν
2752 1867 2972 1922 κακίαν·
3013 1865 3292 1934 ἁμαρτίαν
3327 1862 3438 1932 γὰρ
3469 1860 3636 1923 αὐτὸς

2053 1958 2177 2013 κατ’
2206 1960 2359 2014 οὐδὲν
2391 1959 2799 2030 σημαινόμενον
2838 1959 3052 2021 ἑννοίας
3086 1954 3345 2025 τοιαύτης
3390 1952 3636 2018 ἔκτισεν,

2054 2050 2232 2104 εῐτουν
2284 2052 2565 2116 εποίησεν·
2603 2048 2723 2122 ἅμα
2767 2051 2823 2105 δὲ
2872 2051 2968 2105 καὶ
2993 2051 3250 2105 ἀκτιστον
3282 2045 3450 2099 αὑτὸν
3492 2039 3636 2096 εἶναι

2059 2141 2220 2211 μόνον
2249 2140 2574 2212 παραδηλοῖ.

2239 2239 2567 2306 Τροπὰριον
2605 2230 2979 2304 πρῶτοντῆς
3019 2230 3237 2301 ὀγδόης
3268 2227 3450 2296 ᾠδῆς.

2057 2328 2223 2386 XXII.
2265 2330 2508 2399 Μνήμην
2537 2330 2566 2382 6
2594 2325 2828 2397 Χριστος
2859 2324 2970 2378 τῶν
3003 2322 3361 2395 βροτοσσῶων
3386 2318 3559 2382 ἐπῶν,

2274 2422 2341 2475 Ἀ
2373 2418 2815 2491 πατρακουσθεὶς
2846 2419 2957 2479 τοῖς
2985 2415 3306 2475 ἀποστόλοις
3332 2412 3457 2480 ἔφη,

2269 2514 2316 2566 Τ
2318 2512 2346 2566 δ
2371 2514 2593 2584 Πνεῦμα
2621 2512 2804 2582 τεύχει
2829 2506 3336 2580 γλωσσοπυρσεύτῳ
3367 2505 3489 2574 θέᾳ,

2283 2586 2520 2672 ’Ἑφίζον,
2558 2601 2870 2672 εὐλογητόνο
2898 2598 3271 2669 οἰκειουμένη,

2289 2692 2733 2766 Ἦλλοτριωμένη
2764 2692 2821 2746 δὲ
2852 2691 3053 2761 μέλπει
3090 2705 3150 2743 σε
3183 2687 3384 2751 κτίσις.

2133 2796 2282 2861 ρπην.
2325 2788 2562 2855 Οἴδαμεν
2585 2784 2794 2857 φθάσαι
2817 2785 2931 2846 τοῖς
2959 2781 3233 2852 μαθηταῖς
3258 2777 3644 2849 ὑποσχετικῶς

2061 2883 2147 2935 τδν
2177 2883 2404 2951 Σωτῆρα
2429 2879 2666 2951 Χριστὸν
2680 2878 2784 2939 ὅτι.
2817 2877 2879 2931 ὐ
2895 2874 3252 2947 Παράκλητος
3283 2872 3454 2926 ἐλθὼν
3493 2870 3646 2923 διδά-

2066 2974 2143 3040 ξει
2168 2975 2316 3044 ὑμᾶς
2343 2972 2544 3039 πάντα,
2567 2972 2663 3026 καὶ
2693 2971 3001 3041 ὑπομνήσει
3030 2967 3067 3023 ἃ
3093 2964 3244 3021 εἷπον
3276 2965 3429 3036 ύμῖνο
3458 2962 3647 3016 ὡσαύ-

385 3073 606 3128 cunque
669 3060 800 3114 dixi.
839 3057 1105 3117 Novimus
1132 3061 1298 3116 etiam
1326 3061 1478 3133 quod
1512 3063 1650 3116 nihil
1680 3072 1764 3119 cst
1814 3061 1954 3132 apud

2065 3083 2172 3130 τως
2193 3066 2419 3135 οἴδαμεν
2442 3065 2538 3118 καὶ
2575 3064 2658 3137 δτι
2689 3062 2843 3115 οὐδέν
2886 3078 2939 3114 τι
2984 3060 3136 3131 παρά
3161 3058 3238 3129 τῷ
3272 3056 3452 3126 Πατρί
3488 3057 3648 3108 ἐστιν

386 3146 624 3211 Patrem,
658 3149 804 3218 quod
839 3164 945 3203 non
979 3150 1047 3204 sit
1077 3149 1243 3204 etiam
1298 3150 1439 3220 apud
1484 3150 1725 3222 Filium;
1758 3161 1813 3208 et
1842 3168 1958 3225 quae

2065 3158 2094 3211 ὃ
2129 3158 2203 3229 μὴ
2240 3158 2331 3210 καί
2371 3159 2522 3226 παρά
2564 3154 2701 3228 Υίῷο
2741 3156 2838 3210 καὶ
2885 3156 2968 3209 ὅτι
3011 3153 3049 3209 ἃ
3090 3153 3246 3222 παρά
3284 3150 3378 3205 τοῦ
3425 3149 3647 3220 Πατρδς

384 3239 593 3293 audivit
623 3256 652 3293 a
685 3240 841 3295 Patre
866 3281 882 3307 ,
914 3241 1196 3311 discipulis
1244 3250 1371 3296 nota
1436 3241 1586 3299 fecit.
1648 3244 1807 3300 Tales
1863 3245 1965 3316 igi-

382 3346 475 3390 tur
503 3335 802 3390 sententias
830 3349 1166 3405 componens
1225 3336 1472 3390 melodus
1505 3337 1581 3391 ait
1629 3337 1772 3406 quod
1805 3336 1964 3391 Chri-

389 3438 508 3484 stus
529 3426 814 3496 τεύχει,ῐά
844 3434 949 3492 est,
982 3436 1134 3496 parat
1161 3437 1214 3480 et
1248 3425 1376 3481 facit
1440 3428 1541 3481 sibi
1583 3428 1918 3484 consubstau
1939 3459 1963 3469 -

386 3521 572 3576 tialem
603 3530 657 3575 et
689 3534 1000 3589 supremum
1030 3519 1336 3585 dominum;
1366 3518 1630 3590 Spiritum
1684 3529 1959 3586 sanctum,

398 3614 642 3684 μνήμην,
672 3613 725 3666 id
767 3621 869 3676 est,
910 3612 1225 3666 memoriale
1254 3612 1799 3684 recurdationcmque
1854 3614 1964 3667 τῶν

396 3702 753 3777 βροτοσσὼων
789 3703 958 3769 ἐπῶν,
1018 3703 1360 3771 salutarium,
1400 3718 1715 3759 sermonum
1752 3744 1768 3769 ,
1823 3720 1962 3775 quos

393 3796 855 3871 πατρακουσθείς,
886 3796 1003 3852 sive
1041 3811 1069 3851 ιι
1101 3792 1263 3851 Patre
1295 3796 1546 3864 audiens,
1580 3808 1837 3866 tanquam
1867 3813 1965 3852 ex-

391 3894 521 3948 hinc
544 3892 665 3947 illos
693 3889 988 3959 accipiens,
1009 3887 1152 3944 sicut
1185 3897 1238 3942 et
1265 3903 1329 3942 ex
1353 3887 1475 3958 ipso
1499 3896 1552 3941 ct
1580 3887 1783 3956 Spiritu
1841 3901 1965 3941 san-

391 3996 502 4047 cto,
538 3983 799 4053 apostolis
831 3981 986 4047 dixit,
1018 3980 1163 4036 sicut
1219 3980 1410 4034 doctor
1440 3979 1561 4034 illos
1614 3978 1855 4033 tradens.
1909 3978 1965 4032 In

397 4079 715 4133 memoriam
750 4075 916 4146 igitur
950 4072 1226 4127 revocavit
1281 4071 1413 4141 ipsis
1467 4068 1706 4140 Spiritus
1742 4079 1967 4125 sanctus

388 4171 541 4238 juxta
578 4170 781 4224 dictam
834 4165 1281 4237 promissionem,
1342 4172 1397 4215 et
1429 4162 1704 4230 apud-cos
1764 4159 1966 4215 mansit

393 4262 590 4318 sedens
620 4260 960 4323 benedictus,
1014 4259 1068 4312 id
1093 4264 1195 4319 est,
1254 4253 1499 4310 insidens
1546 4262 1639 4319 'et,
1674 4251 1816 4307 sicut
1846 4262 1969 4322 post

401 4355 712 4411 liavidicam
759 4351 1182 4417 dedicationem,
1221 4347 1386 4403 modo
1420 4346 1600 4402 stabili
1632 4354 1685 4401 et
1714 4346 1969 4400 immuta-

2064 3251 2322 3322 ήκουσεν,
2350 3248 2618 3320 ἐγνώρισε
2641 3249 2751 3311 τοῖς
2786 3248 3083 3318 μαθηταῖς.
3117 3244 3228 3308 Τὰς
3264 3244 3527 3305 τοιαύτας
3546 3240 3647 3295 οὖν

2065 3342 2274 3402 ἐννοίας
2322 3339 2558 3395 ἐνταῦθα
2607 3339 2852 3410 συνάψας
2902 3340 2930 3391 6
2980 3337 3240 3408 μελῳδὸς,
3273 3337 3460 3406 φησὶν,
3502 3334 3587 3387 ὅτι
3618 3335 3650 3386 6

2065 3434 2301 3502 Χριστὸς
2350 3431 2557 3503 τεύχει,
2585 3433 2612 3485 ὃ
2653 3432 2771 3485 ἐστι
2822 3427 3233 3492 κατασκευάζει
3278 3427 3374 3480 καὶ
3407 3426 3551 3479 ποιεῖ
3582 3426 3651 3477 τὸ

2064 3527 2373 3592 ὁμοούσιον,
2401 3525 2491 3578 καὶ
2527 3523 2926 3578 συναδέσποτον
2952 3521 3110 3590 ἅγιον
3136 3519 3385 3586 Πνεῦμα.
3417 3518 3649 3586 μνήμην

2066 3618 2096 3671 ὃ
2122 3619 2239 3671 ἐστι
2274 3617 2647 3688 μνημόσυνον,
2672 3617 2767 3669 καὶ
2798 3614 3107 3685 ἀνάμνησιν
3141 3611 3251 3664 τῶν
3284 3607 3648 3681 βροτοσσὼων

2068 3709 2237 3777 ἐπῶν,
2263 3709 2430 3781 ἤγουν
2451 3709 2559 3761 τῶν
2579 3708 2861 3778 σωτηρίων
2883 3704 3099 3773 λογίων,
3121 3704 3157 3758 ἀ
3175 3700 3585 3773 πατρακουσθεὶ
3603 3719 3644 3766 ’,

2066 3805 2238 3874 ἤγουν
2266 3794 2539 3871 πατρόθεν
2590 3799 2853 3864 ἀκούσας,
2878 3798 2954 3862 ὡς
2995 3797 3208 3852 ἐκεῖθεν
3254 3793 3396 3849 αὐτά
3439 3793 3648 3853 λαϐὼν,

2068 3895 2215 3949 καθά
2246 3893 2341 3948 καὶ
2366 3893 2422 3960 ἐξ
2453 3892 2649 3945 ἑαυτοῦ
2681 3894 2774 3945 καὶ
2814 3890 2906 3944 τοῦ
2960 3890 3118 3957 ἁγίου
3158 3887 3500 3958 Πνεύματος,
3531 3888 3653 3948 τοῖς

2068 3987 2391 4052 ἀποστόλοις
2422 3986 2550 4056 ἔφη,
2588 3984 2864 4056 παραδοὺς
2892 3985 3074 4039 ἐκεῖνα
3097 3979 3515 4043 διδασκαλικῶς·
3551 3980 3660 4032 καὶ

2070 4080 2254 4135 τοίνυν
2283 4080 2591 4150 ἀνέμνησεν
2622 4078 2817 4140 αὐτοὺς
2846 4077 2908 4129 τὸ
2945 4077 3100 4141 ἆγιον
3131 4073 3357 4142 Πνεῦμα
3382 4070 3525 4125 κατὰ
3550 4070 3659 4140 τὴν

2072 4173 2373 4245 εἰρημένην
2409 4168 2768 4240 ἐπαγγελίαν,
2812 4169 2909 4222 καὶ
2936 4167 3271 4238 παρέμεινεν
3304 4164 3486 4224 αὐτοῖς
3525 4163 3659 4230 ἐφι.

2072 4263 2166 4330 ζον
2195 4264 2509 4335 εύλογητὸν,
2555 4263 2584 4317 ὅ
2630 4264 2775 4316 ἐστιν
2821 4259 3233 4330 ἐπικαθήμενον
3281 4258 3375 4310 καὶ
3404 4256 3479 4318 ὡς
3536 4248 3663 4309 οἷον

2080 4357 2219 4430 μετὰ
2248 4357 2611 4427 ὲγκαινισμξν
2632 4352 2922 4407 Δαυιτικδν
2955 4350 3232 4421 ὲνιδρυθὲν
3260 4351 3340 4414 εἰς
3377 4346 3663 4418 ἁμετάθεο

392 4450 486 4504 1ιίΙί
503 4449 555 4505 in
574 4449 695 4503 loco
718 4448 1060 4502 constitutus.
1086 4440 1371 4509 Quomodo
1387 4454 1514 4494 vero
1533 4438 1813 4508 discipulis
1826 4439 1958 4493 venit

2075 4421 2167 4504 τον
2192 4421 2718 4519 καὶ-ἀμετάστατον.
2759 4444 2883 4508 Πῶς
2911 4444 2969 4498 δὲ
3005 4444 3134 4513 ἐπῆ)
3148 4441 3207 4495 θε
3233 4443 3346 4504 τοῖς
3379 4439 3662 4511 μαθηταῖς

394 4542 637 4613 Spiritus
690 4548 915 4596 sanctus
970 4538 1023 4593 in
1065 4533 1520 4598 recordationem,
1576 4530 1645 4586 ad
1678 4531 1870 4594 instar.
1913 4540 1972 4586 ut

387 4635 588 4705 aliquis
617 4634 840 4699 dicerct,
872 4628 1232 4686 memorautis
1264 4636 1318 4683 et
1370 4624 1803 4681 recordationem
1846 4640 1973 4695 sug-

389 4724 671 4797 gerentis?
762 4723 818 4778 In
886 4721 1101 4776 visione
1174 4714 1707 4789 γλωσσοπυρσεύτῳ.
1766 4714 1881 4770 sive
1913 4715 1970 4770 in

389 4817 571 4890 specie
605 4815 981 4871 ﬂammcarum
1012 4813 1362 4884 ignearumve
1392 4803 1847 4878 linguarumﬂoc
1872 4822 1973 4861 au-

391 4922 499 4964 tum
532 4909 698 4975 facto,
730 4909 923 4978 hisque
950 4906 1019 4961 ab
1044 4907 1145 4961 ista
1186 4904 1272 4960 die
1295 4906 1507 4961 exorsis
1542 4920 1731 4961 omnes
1776 4905 1972 4959 docere

386 5015 441 5056 ct
462 5002 737 5071 baptizare
758 4998 1074 5054 idololatras
1086 5010 1293 5069 gentes,
1317 4998 1585 5055 vindicata
1612 4997 1970 5066 tibi,Christc,

389 5093 607 5148 tandem
630 5100 878 5147 creatura
899 5088 990 5145 tibi
1005 5104 1099 5161 per
1124 5090 1782 5157 idololatricumerrorem
1801 5107 1973 5162 quon-

389 5184 514 5236 dam
548 5181 746 5243 aliena,
803 5179 1036 5248 μέλπει,
1076 5178 1130 5233 id
1164 5191 1272 5244 est,
1314 5197 1439 5237 cum
1480 5183 1717 5238 melodia
1751 5191 1802 5237 te
1828 5181 1971 5238 cele-

389 5275 537 5332 brat:
570 5272 802 5342 μέλπειν
838 5272 983 5328 enim
1053 5287 1161 5327 non
1195 5283 1276 5329 est
1333 5274 1660 5346 simpliciter
1723 5273 1967 5342 laudare,

392 5368 508 5434 sed,
545 5368 622 5421 uti
652 5365 1086 5421 demonstratum
1125 5376 1230 5434 est,
1270 5382 1396 5422 eum
1433 5375 1622 5434 cantu,
1670 5366 1969 5422 secundum

393 5457 778 5531 etymolOgiam
808 5456 1036 5511 ἕπεσθαι
1072 5457 1245 5528 μέλει.

468 5550 594 5605 189.
625 5547 780 5616 Quod
819 5549 1138 5604 memoriam
1191 5548 1264 5602 ibi
1329 5546 1759 5604 recordationem
1803 5545 1970 5611 dicat,

395 5640 619 5695 evidens
647 5651 774 5696 est:
811 5641 1059 5696 doctrina
1120 5653 1355 5708 namque
1421 5639 1641 5708 prmvia,
1703 5638 1973 5693 oblivione

399 5738 582 5801 postea
611 5741 667 5785 ut
696 5746 791 5801 par
820 5742 903 5789 cst
952 5731 1217 5795 insecuta,
1283 5730 1593 5799 supervenit
1647 5730 1970 5797 recordatio,

2073 4544 2134 4597 τὸ
2159 4542 2316 4612 ἅγιον
2348 4540 2575 4606 Πνεῦμα
2605 4541 2685 4604 εἰς
2713 4537 3040 4607 ἀνάμνησιν,
3073 4534 3228 4605 δίκην
3251 4531 3469 4597 ὡσανεὶ,
3501 4532 3661 4584 εἴποι

2072 4652 2159 4700 τις
2184 4635 2482 4705 μνήμονας,
2500 4632 2669 4702 ἧγουν
2691 4630 3221 4700 ύπομιμνήσκοντοςς
3237 4624 3327 4680 Ἐν
3350 4624 3448 4696 θέᾳ
3473 4622 3663 4691 γλωσ-

2075 4723 2456 4796 σοπυρσεύτῳ,
2491 4723 2661 4794 ἦγουν
2707 4722 2764 4775 ὲν
2808 4719 2940 4774 εῐδει
2974 4720 3199 4789 πυρσῶν
3236 4715 3496 4786 γλωσσῶν
3529 4714 3662 4784 ἦτοι

2072 4811 2343 4884 πυρίνων.
2369 4812 2574 4865 Τούτου
2606 4809 2662 4864 δὲ
2711 4808 2854 4864 οὕτω
2901 4809 3221 4880 γενομένου,
3267 4808 3367 4862 καὶ
3402 4803 3513 4859 τῶν
3541 4803 3663 4856 ἀπὸ

2070 4902 2170 4973 τῆς
2200 4900 2327 4974 ἀρτι
2363 4901 2686 4972 ἀρξαμένων
2718 4899 2813 4954 καὶ
2866 4898 3330 4970 μαθητευσάντων
3375 4896 3555 4950 πάντα
3582 4894 3666 4948 τὰ.

2074 4992 2569 5064 είδωλολατροῦντα
2589 4990 2718 5060 ἔθνη
2746 4990 2845 5043 καὶ
2867 4988 3272 5061 βαπισάντων,
3301 4986 3662 5057 οἰκειουμένη

2076 5103 2183 5155 σοι,
2215 5080 2259 5141 ὧ
2291 5087 2515 5159 Χριστὲ,
2549 5083 2643 5139 τοῦ
2672 5082 2861 5138 λοιποῦ
2892 5083 2927 5154 ή
2955 5080 3132 5146 κτίσις
3164 5084 3199 5152 ή
3236 5079 3666 5153 ὴλλοτριωμένη

2077 5179 2270 5251 πρώην
2297 5178 2404 5233 ἀπὸ
2440 5177 2534 5232 σοῦ
2568 5176 2656 5230 διὰ
2687 5175 2788 5247 τὴν
2829 5175 3118 5248 εἰδωλικὴν
3166 5174 3405 5243 πλάνην,
3451 5171 3662 5241 μέλπεσ

2077 5289 2161 5338 σε,
2201 5272 2228 5324 ὃ
2258 5272 2410 5325 ἐστιν
2441 5270 2603 5340 ὑμνεῖ
2632 5285 2692 5322 σε
2733 5272 2874 5340 μετὰ
2912 5266 3126 5339 μέλους*
3166 5263 3392 5337 μέλπειν
3415 5261 3524 5334 γὰρ
3557 5260 3667 5333 οὐχ

2074 5363 2263 5425 ἀπλῶς
2305 5363 2365 5416 τὸ
2413 5361 2680 5427 ἐπαινεῖν,
2715 5360 2831 5413 ἀλλ’
2861 5361 2937 5425 ὡς
2985 5360 3078 5413 καὶ
3130 5356 3561 5428 προδεδήλωται,
3594 5352 3667 5407 τὺ

2079 5459 2221 5524 μετὰ
2253 5454 2524 5529 ᾅσματος,
2561 5448 2716 5521 παρά
2746 5450 2809 5505 τὸ
2840 5449 3071 5504 ἕπεσθαι
3102 5447 3278 5518 μέλει.

2152 5549 2298 5617 ρπθ’.
2331 5549 2454 5601 Ὀτι
2498 5545 2556 5599 δὲ
2618 5546 2841 5615 μνήμην
2889 5540 3125 5595 ἐνταῦθα
3183 5539 3282 5612 τὴν
3349 5537 3667 5607 ἀνάμνησιν

2076 5641 2248 5709 λέγει,
2288 5639 2450 5710 δῆλον
2470 5655 2485 5671 ο
2520 5636 2868 5699 διδασκαλίας
2904 5636 3010 5705 γὰρ
3042 5630 3501 5704 προῦπαρξάσης,
3532 5626 3663 5685 σῖτα

2082 5734 2250 5805 λήθης
2281 5730 2355 5796 ὡς
2384 5729 2529 5794 Liuia;
2565 5728 2954 5800 ἰγγενοιιένης,
2993 5726 3375 5795 ἐπεισέρχεται
3411 5723 3663 5793 ἀνάμνη-
