3966 6248
421 304 527 369 703

1130 302 1552 365 EUSTATHH
1589 302 2347 364 THESSALONICENSIS
2384 299 2948 382 METRQPOLITE

3589 296 3688 359 ’104

423 417 664 485 sapicuta
701 416 968 476 terrestri.
1029 417 1124 470 sed
1186 416 1438 484 desuper,
1475 430 1537 470 ea
1597 431 1719 482 qua:
1744 432 1892 471 nunc
1933 414 2018 470 di-

2141 412 2325 469 ίνωθεν
2355 414 2425 469 τά
2464 430 2521 468 τε
2555 412 2649 466 νῦν
2677 410 3007 481 λαλούμενα,
3040 411 3136 465 καὶ
3162 409 3234 464 τὰ
3279 408 3510 477 ὕστερον
3536 424 3690 460 πνευ-

425 518 627 563 nitntur
657 518 707 563 et
753 525 875 579 qua:
922 508 1282 575 spiritualiter
1314 509 1368 561 in
1431 518 1714 577 posterum
1772 517 1901 562 sunt
1933 506 1983 562 di
2000 498 2037 547 Γ

424 597 617 656 ceuda.
674 597 766 650 Dei
840 597 1095 650 homines
1148 595 1348 665 linguis
1408 597 1749 666 exprimunt.
1799 595 2016 651 Diceret

431 689 597 741 etiam
634 689 852 756 sapit-us
881 689 987 743 iste
1043 688 1296 744 melodus
1342 690 1488 758 quod
1539 690 1687 744 sicut
1733 691 1865 743 visre
1912 688 2016 743 sub

430 780 574 845 ignis
631 781 818 850 specie
841 781 1062 851 lingutc,
1116 797 1225 836 non
1259 782 1469 852 absque
1528 783 1674 837 aeria
1716 785 2017 854 spiratione

429 881 819 941 apparuerunt,
850 874 931 930 sic
958 889 1135 942 neque
1161 875 1534 945 apostolorum
1570 876 1769 944 lingua:
1794 879 1912 934 sine
1936 881 2016 933 di-

439 964 562 1016 vina
595 966 838 1022 motione
900 981 995 1035 per
1030 967 1297 1037 Spiritum
1354 976 1607 1022 sanctum
1665 968 1857 1024 activae
1902 969 2019 1023 l‘ue-

433 1063 581 1108 runt.

506 1146 767 1204 l92.llnc
819 1158 1000 1205 autem
1057 1152 1250 1220 ἐφίζον
1304 1154 1451 1209 velut
1499 1154 1732 1209 thronos
1779 1151 2019 1224 Spiritus

438 1240 614 1294 sancti
653 1242 963 1296 subiudicat
995 1246 1520 1316 apostolos;quibus
1576 1257 1837 1315 tanquam
1906 1249 2020 1317 spi-

439 1330 687 1386 ritul‘eris
727 1333 971 1391 insidens
1031 1337 1121 1391 ille
1174 1339 1380 1394 similes
1435 1340 1569 1395 istm
1610 1340 1742 1396 facit
1792 1341 2021 1399 divinis-

440 1418 593 1474 simis
642 1420 783 1477 circa
821 1421 987 1477 Deum
1016 1427 1229 1481 tiu-onis
1262 1430 1353 1480 uni
1389 1430 1861 1498 supercmlestium
1936 1445 2022 1487 sa-

443 1525 658 1565 crorum
706 1514 983 1583 ordinum,
1023 1527 1081 1570 ut
1132 1519 1560 1576 didicimus.°Et
1602 1522 1689 1578 llic
1712 1525 1875 1578 etiam
1941 1522 2023 1578 di-

449 1603 558 1657 rtio
588 1604 681 1658 τοῦ
710 1606 920 1675 seu:er
954 1612 1259 1679 empliatice
1292 1615 1562 1686 significat
1591 1617 1809 1697 ingredi
1851 1619 2025 1688 Spiri-

2120 505 2371 576 ματικῶς
2396 504 2815 576 λαληθησόμενα
2843 501 2895 556 οί
2924 501 3017 556 τοῦ
3048 501 3185 556 Θεοῦ
3214 499 3502 572 ἀνθρωττοι
3530 498 3693 565 γλωτ-

2114 598 2529 669 τηματίζονται.
2574 595 2734 651 Εἴποι
2776 595 2844 649 ἂν
2876 596 2906 649 ὁ
2935 594 3097 664 σοφὸς
3127 587 3282 656 οὗτος
3314 590 3578 661 μελῳδὸς,
3607 589 3695 643 καὶ

2116 691 2196 744 ὅτι
2223 688 2413 760 ὥσπερ
2443 689 2500 742 αί
2539 689 2822 760 ὁραθεῖσαι
2860 685 3165 757 πυροειδεῖς
3196 683 3442 753 γλῶσσαι
3485 682 3546 735 ού
3575 683 3692 752 δίχα

2119 783 2289 850 πνοῆς
2317 780 2510 854 ἀερίας
2539 780 2838 852 ἐφάνησαν,
2874 778 3046 843 οὕτως
3074 778 3196 832 οὐδὲ
3230 777 3289 831 αί
3313 776 3564 844 γλῶσσαι
3588 773 3690 828 τῶν

2117 877 2433 930 ἀποστόλων
2463 874 2777 945 ἐνήργησαν
2819 873 2897 943 μὴ
2929 872 3257 943 θεοκινήτως
3286 869 3377 924 διὰ
3409 870 3507 922 τοῦ
3548 869 3693 936 ἁγίου

2117 971 2261 1026 Πνεύ
2269 988 2459 1041 ματος.

2193 1152 2338 1223 ριιβ’.
2389 1150 2465 1205 Τὸ
2515 1151 2573 1205 δὲ
2621 1151 2808 1221 ἑφίζον
2859 1148 2954 1204 καὶ
2988 1148 3065 1212 ὥς
3095 1147 3323 1217 θρόνους
3365 1142 3695 1214 ύπεμφαίνει

2119 1247 2214 1299 τοῦ
2242 1243 2399 1310 ἁγίου
2425 1242 2745 1313 Πνεύματος
2774 1243 2901 1306 τοὺς
2933 1239 3203 1313 μαθητάςο
3231 1231 3313 1300 οἷς
3339 1229 3433 1289 οἷα
3462 1252 3697 1304 πνευμα-

2119 1337 2371 1407 τοφόροις
2417 1335 2596 1388 ἐκεῖνο
2633 1332 3062 1402 ἐπικαθήμενον,
3115 1328 3457 1399 ἀντιμίμους
3507 1326 3694 1389 αὐτοὺς

2123 1430 2270 1482 ποιεῖ
2297 1429 2409 1490 τοῖς
2454 1428 2752 1487 θειοτάτοις
2800 1425 2929 1495 περὶ
2958 1423 3092 1476 θεὸν
3122 1424 3334 1492 θρόνοις
3381 1418 3463 1488 τῷ
3499 1418 3579 1472 ἑνὶ
3601 1417 3699 1469 τῶν

2122 1521 2534 1593 ύπερουρανίων
2566 1519 2737 1588 ἁγίων
2762 1518 3080 1584 ταγμάτων,
3114 1516 3192 1578 ὡς
3256 1512 3548 1583 ἐμάθομεν
3569 1526 3582 1540 ·
3617 1509 3700 1565 καὶ

2122 1613 2272 1668 ἐστιν
2300 1610 2536 1666 ἐνταῦθα
2563 1613 2597 1682 ή
2627 1611 2773 1677 λέξις
2796 1609 2891 1663 τοῦ
2923 1610 3133 1678 ἐφίζειν
3164 1606 3459 1681 ἒμφατικὴ
3486 1605 3579 1659 τοῦ
3602 1607 3701 1658 είσ-

447 1703 559 1747 111111
607 1708 861 1754 sanclum
906 1702 960 1755 in
1016 1706 1296 1772 apostolos
1351 1717 1609 1776 tanquam
1651 1709 1706 1762 in
1744 1709 2019 1778 propriam

2141 1706 2299 1760 ελθεῖν
2331 1704 2391 1758 τὸ
2419 1704 2572 1774 ἀγιον
2596 1704 2846 1773 Πνεῦμα,
2871 1703 2946 1768 ὡς
2982 1703 3060 1765 είς
3090 1697 3238 1756 οἷκον
3268 1700 3403 1754 ἴδιον
3426 1701 3552 1761 τοῦς
3579 1700 3700 1752 ἀπο-

443 1786 667 1843 domum
700 1805 872 1860 nuper
905 1794 1232 1863 dedicatam,
1263 1806 1321 1852 ut
1372 1808 1532 1853 antea
1577 1776 1779 1853 dictum
1813 1776 1939 1868 est;
1968 1808 2021 1855 et

2141 1797 2354 1861 στόλους
2384 1798 2722 1866 προσφάτως
2754 1794 3199 1863 ἒγκαινισθέντα,
3225 1791 3376 1847 καθά
3405 1790 3700 1862 προγέγραο

445 1888 705 1951 tauquam
762 1896 967 1941 rectum
1023 1898 1075 1943 et
1126 1890 1339 1943 firmum
1390 1908 1731 1961 permanere,
1758 1893 1870 1948 sive
1896 1892 2021 1962 jux-

445 1980 497 2024 ta
534 1972 862 2029 locutionem
895 1979 1065 2048 magis
1095 1981 1484 2051 evangelieam,
1546 1983 1884 2037 mansionem
1958 1996 2019 2035 a-

444 2063 557 2130 pud
592 2064 710 2119 illos
747 2064 949 2129 facere,
984 2077 1036 2122 et
1061 2077 1318 2137 tanquam
1346 2072 1723 2139 supersedere,
1749 2071 1801 2125 iu
1826 2085 2021 2125 unum-

449 2170 724 2226 quemque
750 2173 938 2212 corum
964 2160 1189 2213 ﬁrmiter
1216 2164 1660 2230 requiescenlem
1694 2174 1746 2216 et
1780 2163 1831 2214 iu
1862 2162 2019 2216 linem

449 2260 727 2302 sessurum
782 2265 950 2318 super
980 2252 1164 2306 sedem
1217 2254 1375 2307 istaut
1439 2255 1626 2324 gloria:
1673 2254 1822 2323 regni
1878 2255 2019 2325 ejus.

450 2338 508 2392 Si
556 2349 734 2393 autem
767 2342 856 2396 hic
905 2342 1018 2424 dici.
1043 2352 1220 2409 potest
1270 2347 1412 2415 quod
1448 2345 1613 2399 etiam
1649 2346 1869 2400 velutin
1897 2361 2025 2400 cur-

448 2445 547 2484 rus
624 2432 677 2485 in
736 2436 1012 2499 apostolos
1062 2434 1271 2505 ἐφίζειν
1306 2437 1692 2506 pronuntiatus
1741 2448 1821 2492 est
1854 2435 2026 2507 Spiri-

452 2530 541 2578 tus
567 2534 810 2591 sanctus,
833 2527 1239 2595 recogitaudum
1282 2531 1427 2597 quod
1457 2545 1561 2583 non
1597 2529 1655 2581 τὸ
1685 2528 1911 2596 ὲφίζειν,
1930 2526 2024 2581 sed

453 2618 516 2671 τὸ
544 2619 853 2673 ὲπιόαίνειν
902 2621 1213 2690 ltujnsmodi
1251 2624 1540 2677 sententia!
1583 2622 1862 2684 convenit,
1906 2631 2025 2674 tau-

451 2704 640 2778 quani:
704 2711 1104 2780 Consceudisti,
1150 2713 1404 2778 Domine,
1489 2724 1701 2783 equites
1746 2713 2027 2783 apostolos

452 2811 596 2869 tuos,
657 2814 788 2865 etc..
819 2814 878 2860 ut
906 2807 1184 2862 connectit
1207 2805 1342 2860 alter
1388 2807 1659 2862 melodus.

525 2897 646 2953 195.
686 2896 801 2953 lloe
822 2906 1002 2952 autem
1028 2899 1326 2969 εὐλογητόν
1349 2898 1438 2954 hic
1466 2900 1755 2953 commode
1789 2898 2028 2968 positum

451 3000 537 3044 est
570 2991 636 3045 ad
674 3001 907 3047 mentem
941 2990 1108 3061 hujus
1138 2992 1320 3047 octavi
1350 2993 1618 3047 carminis
1645 3007 1662 3060 ;
1714 2992 1872 3061 cujus
1897 3006 2030 3060 prae-

453 3080 697 3149 loquium
736 3098 751 3135 :
784 3082 1098 3136 Benedicite
1122 3080 1433 3149 Dominum,
1467 3082 1584 3136 haec
1613 3091 1664 3135 et
1686 3081 1811 3146 ista,
1837 3095 2025 3150 pervc-

456 3174 539 3225 nit
571 3172 639 3226 ad
677 3173 807 3229 illud
841 3190 856 3230 :
893 3175 1226 3237 Benediclte,
1263 3173 1491 3245 spiritus
1515 3171 2034 3244 justorum,quibus

456 3281 591 3318 sane
606 3267 800 3335 gaudet
825 3265 1063 3337 Spiritus
1096 3278 1358 3325 sanctus:
1392 3268 1633 3323 suaviter
1656 3280 1834 3322 autem
1875 3276 2034 3337 post:

457 3354 808 3420 insidentem,
835 3359 1054 3426 ponitur
1084 3357 1188 3412 hoc
1231 3374 1245 3411 :
1282 3356 1655 3411 benedictum.
1717 3353 1833 3409 Non
1889 3354 2037 3407 enim

461 3446 606 3499 sicut
636 3449 972 3501 mundanum
999 3448 1212 3516 pondus
1274 3459 1465 3518 gravat
1514 3445 1757 3516 Spiritus
1809 3453 2037 3500 sanctus

457 3532 731 3602 insidens,
768 3538 860 3591 11111
888 3538 990 3592 sibi
1027 3540 1315 3608 placuerit,
1354 3539 1448 3594 sed
1476 3539 1541 3594 de
1572 3552 1840 3594 consessu
1873 3538 2038 3592 bene-

461 3630 693 3697 dicitur;
716 3632 975 3699 quoniam
1000 3631 1202 3686 bonum
1223 3640 1304 3687 est
1321 3641 1529 3688 sancta:
1548 3628 2040 3701 Trinitatisjugum

463 3731 518 3775 et
543 3734 683 3775 onus
710 3723 830 3790 ejus
851 3721 989 3777 leve.
1021 3721 1147 3778 Ideo
1190 3726 1366 3778 bonus
1398 3723 1748 3778 Christianus
1785 3734 2043 3792 precatur

467 3820 527 3865 ut
561 3811 629 3866 ad
657 3826 718 3867 se
745 3815 927 3867 veniat
956 3822 1011 3867 et
1035 3813 1272 3869 insideat
1301 3815 1542 3883 Spiritus
1576 3824 1825 3874 sanctus,
1856 3819 1911 3866 et
1956 3826 2045 3865 ac-

469 3905 840 3973 quiesccntem
889 3907 1185 3970 benedicit,
1234 3916 1287 3961 ct
1316 3905 1666 3976 superlaudat
1694 3902 1750 3960 et
1790 3918 2048 3972 superest-

468 4000 623 4068 altat,
680 4016 1019 4071 cognoscens
1047 4001 1228 4056 taliter
1279 4016 1443 4071 posse
1465 4015 1525 4055 se
1581 3999 2045 4069 propinquitatem

470 4093 537 4144 ad
574 4091 740 4147 Deum
770 4094 970 4149 habere
997 4113 1011 4157 ;
1046 4094 1221 4149 sancti
1252 4107 1485 4162 namque
1521 4092 1671 4161 pueri
1701 4091 2045 4146 benedictum

469 4193 523 4237 et
546 4184 1037 4253 superlaudabilem
1066 4195 1119 4238 et
1141 4185 1603 4254 superexaltatum
1630 4184 1919 4253 ps:illcntes
1947 4184 2048 4237 Do-

471 4277 701 4340 minum,
738 4276 881 4345 quod
914 4286 1020 4343 est,
1049 4276 1193 4347 quod
1226 4275 1351 4341 fuit,
1381 4286 1435 4332 et
1479 4276 1624 4346 quod
1658 4277 1713 4329 in
1782 4284 2047 4330 αισι-1111111

471 4362 598 4433 erit,
647 4367 1044 4436 exprimebaut.
1077 4365 1441 4438 Οἰκειουμένη
1491 4383 1618 4422 vero
1649 4377 1901 4423 creatura
1927 4367 2051 4438 jux-

2132 1906 2264 1943 πται
2289 1905 2304 1918 ’
2331 1891 2426 1942 καὶ
2450 1888 2525 1952 ὡς
2555 1888 2711 1951 sane;
2742 1891 2834 1941 καὶ
2859 1885 3121 1949 εὐσταθὲς
3150 1885 3515 1954 παραμεῖναι.
3542 1884 3699 1936 εἰπεῖν

2127 1980 2184 2034 δὲ
2212 1980 2447 2051 μάλιστα
2476 1980 2872 2050 εὐαγγελικῶς,
2901 1981 3069 2047 μονὴν
3106 1974 3235 2046 παρ’
3264 1974 3457 2034 αὐτοῖς
3487 1974 3698 2041 ποιήσα-

2132 2071 2278 2134 σθαι,
2317 2072 2413 2126 καὶ
2439 2066 2554 2125 οἷον
2576 2070 3027 2137 ὲπικαθεσθῆναι,
3062 2070 3145 2132 εἰς
3176 2068 3273 2122 ἕνα
3296 2067 3534 2119 ἕκαστον
3564 2064 3694 2117 ἐκεῖ·

2131 2180 2245 2216 νων
2268 2164 2810 2233 ὲπαναπαυσάμενον
2837 2160 3086 2231 ἑδραίως,
3116 2160 3209 2212 καὶ
3238 2158 3439 2227 μέλλον
3464 2156 3539 2217 είς
3562 2153 3698 2215 τέλος

2131 2254 2404 2327 καθῆσθαι
2436 2257 2513 2316 ὼς
2537 2255 2631 2307 ἐπὶ
2662 2253 2854 2325 θρόνου
2891 2253 3081 2305 τούτου
3113 2249 3272 2318 δόξης
3301 2248 3408 2315 τῆς
3443 2244 3698 2316 βασιλείας

2131 2345 2322 2400 αὐτοῦ.
2363 2344 2430 2400 El
2482 2344 2540 2397 δὲ
2587 2344 2736 2397 ἔστιν
2785 2344 2966 2396 εἰπεῖν
3005 2339 3238 2395 ἐνταῦθα
3264 2340 3351 2393 ὅτι
3388 2339 3487 2391 καὶ
3524 2336 3597 2400 ὡς
3621 2335 3700 2388 ἐπὶ

2133 2439 2402 2511 ἁρμάτων
2450 2438 2561 2492 τῶν
2603 2436 2774 2505 ἁγίων
2826 2433 3141 2489 ἀποστόλων
3184 2431 3396 2501 ὲφίζειν
3430 2427 3622 2500 ἑρρέθη
3646 2425 3699 2479 τὸ

2133 2530 2291 2599 ἁγιον
2321 2530 2567 2600 Πνεῦμα,
2605 2528 2935 2598 ἐνθυμητέον
2963 2526 3047 2581 ὅτι
3069 2526 3131 2580 οὐ
3162 2524 3223 2578 τδ
3253 2522 3474 2592 ἑφίζειν
3494 2519 3624 2575 ἀλλὰ
3646 2518 3700 2571 τδ

2134 2624 2436 2680 ιπιὸαίνειν
2455 2627 2519 2693 τῇ
2543 2621 2769 2693 τοιαύτῃ
2786 2621 3042 2690 ἁρμόττει
3063 2616 3262 2688 ἐννοίᾳ,
3280 2617 3360 2676 ὡς
3382 2614 3468 2679 τδ,
3484 2611 3699 2678 Ἐπέδης

2135 2716 2409 2784 ἑφίππους
2437 2716 2562 2778 τοὺς
2590 2714 2923 2775 ἀποστόλους
2952 2728 3074 2776 σου,
3103 2709 3297 2780 Κύριε,
3328 2709 3431 2762 καί
3467 2704 3609 2776 ἑξῆς,
3635 2703 3699 2764 ὼς

2138 2808 2450 2878 είρμςποιεῖ
2478 2807 2568 2859 ἒτε
2578 2822 2670 2876 ρος
2707 2805 2967 2875 μελῳδός.

2212 2905 2356 2972 ριιγ’.
2390 2901 2465 2953 Τὸ
2500 2898 2558 2953 δὲ
2607 2898 2900 2968 εὐλογητδν
2932 2895 3186 2964 ἐπίτηδες
3224 2890 3469 2947 ἐνταῦθα
3503 2888 3700 2957 τεθῆναι

2139 2996 2276 3065 πρὸς
2301 2993 2556 3063 ἐνθύμιον
2580 2992 2777 3063 ὀγδόης
2802 2991 3006 3062 ταύτης
3035 2991 3176 3063 ᾠδῆς
3195 3006 3210 3021 ’
3235 2983 3305 3060 ἦς
3334 2987 3699 3058 προκατάρχον

2141 3091 2224 3153 τὸ,
2260 3088 2548 3154 Εὐλογεῖτε
2576 3087 2667 3140 τὸν
2689 3086 2897 3157 Κύριον
2925 3084 3051 3139 τάδε
3074 3086 3166 3138 καὶ
3187 3085 3335 3147 τάδε,
3372 3080 3599 3149 καθήκει
3621 3077 3701 3130 καὶ

2139 3182 2220 3245 εἰς
2243 3180 2325 3246 τὸ,
2352 3179 2638 3246 Εὐλογεῖτε
2674 3177 2965 3248 πνεύματα
3005 3175 3252 3241 δικαίων,
3284 3172 3492 3243 δηλαδὴ
3521 3170 3699 3232 ὁποίοις

2141 3272 2320 3343 χαίρει
2355 3272 2415 3324 τὸ
2438 3270 2597 3338 ἅγιον
2626 3269 2882 3336 Πνεῦμα·
2912 3269 3161 3335 γλυκέως
3196 3267 3250 3319 δὲ
3279 3268 3426 3336 μετὰ
3453 3268 3511 3318 τὸ
3538 3261 3700 3332 ἑφίζον

2142 3367 2316 3417 κεῖται
2340 3363 2401 3416 τὸ
2425 3361 2738 3432 εύλογητὸν.
2768 3361 2842 3415 Ού
2867 3361 2977 3430 γάρ
3006 3360 3148 3414 κατὰ
3173 3358 3507 3430 βριθοσύνην
3531 3373 3699 3424 κοσμι-

2142 3455 2247 3525 κὴν
2271 3452 2500 3524 βαρύνει
2531 3454 2591 3506 τὸ
2621 3453 2780 3521 ἅγιον
2807 3451 3037 3521 Πνεῦμα
3060 3451 3269 3517 ἔφίζον,
3301 3449 3442 3503 ὅπου
3481 3448 3544 3500 ἂν
3572 3445 3695 3498 εύδου

2142 3550 2313 3620 κήσῃ,
2335 3547 2474 3601 ἀλλὰ
2507 3547 2812 3615 εὐλογεῖται
2847 3545 2946 3613 τῆς
2980 3542 3238 3617 ἱδρύσεως
3261 3559 3275 3573 σ
3309 3541 3434 3594 ἐπεὶ
3467 3540 3555 3595 καὶ
3579 3555 3695 3609 χρη-

2144 3641 2266 3703 στὸς
2299 3643 2326 3694 ό
2369 3641 2470 3708 τῆς
2520 3639 2687 3707 ἁγίας
2728 3637 2959 3709 Τριάδος
2995 3635 3182 3703 ζυγὸς,
3234 3635 3336 3688 καὶ
3389 3632 3611 3702 ἐλαφρὸν
3642 3630 3694 3681 τὸ

2144 3735 2364 3805 φορτίον
2397 3733 2564 3805 αὐτῆς
2592 3751 2606 3766 ·
2644 3731 2726 3785 διὸ
2751 3732 2843 3783 καὶ
2871 3727 3090 3799 εὔχεται
3127 3729 3154 3781 ὁ
3194 3727 3359 3789 καλὸς
3398 3720 3695 3795 Χριστιαιδς

2146 3824 2323 3879 ἐλθεῖν
2349 3824 2436 3877 ἐπ’
2465 3823 2628 3877 αὐτὸν
2660 3824 2752 3876 καὶ
2783 3819 3040 3890 ἐφιζῆσαι
3074 3821 3132 3872 τί)
3158 3818 3316 3882 ἅγιον
3349 3816 3584 3885 Πνεῦμα,
3617 3811 3696 3864 καί

2148 3914 2467 3970 ὑπακοῦσαν
2527 3914 2909 3986 ὑπερευλογεῖ,
2939 3913 3038 3966 καὶ
3085 3911 3398 3979 ύπερυμνεῖ
3446 3906 3574 3960 αὐτὸ
3621 3901 3698 3955 καί

2147 4009 2445 4080 ὗπερυψοϊ,
2501 4005 2787 4076 γινώσκων
2849 4003 3113 4059 δύνασθαι
3167 4000 3341 4064 οὕτως
3398 3995 3699 4054 οἰκειοῦσθαι

2149 4102 2287 4173 πρὸς
2315 4102 2407 4154 τὸν
2437 4099 2593 4154 Θεόν.
2627 4101 2692 4153 υί
2719 4098 2827 4169 γὰρ
2866 4096 3135 4168 ψάλαντες
3169 4094 3315 4163 ἁγιοι
3355 4095 3541 4155 παῖδες
3572 4090 3701 4142 εὐλο-

2148 4183 2390 4263 γημένον
2439 4193 2537 4247 καὶ
2572 4191 2962 4264 ύπερύμνητον
2992 4188 3085 4243 καὶ
3111 4186 3557 4257 ὑπερυψούμενον
3579 4177 3699 4234 εἶναι

2149 4285 2240 4340 τδν
2270 4284 2475 4354 Κύριον
2528 4283 2591 4338 τδ
2614 4281 2676 4336 ὃν
2703 4282 2835 4336 αὐτὸ
2866 4278 3043 4344 εἷπον,
3076 4279 3138 4332 τδ
3176 4281 3272 4333 καὶ
3297 4280 3595 4349 γινόμενον,
3620 4271 3700 4325 καὶ

2153 4378 2234 4440 είς
2259 4375 2464 4436 αίῶνας
2491 4372 2860 4445 γενησόμενον
2880 4386 2895 4400 ·
2920 4369 3266 4440 οἰκειουμένη
3291 4370 3349 4424 δὲ
3377 4369 3549 4429 κτίσις
3576 4363 3698 4418 κατὰ

472 4469 524 4513 ta
551 4473 893 4514 communem
928 4460 1218 4515 dialectum
1253 4458 1401 4515 dicta
1426 4466 1509 4515 est
1537 4476 1551 4514 :
1580 4473 1718 4528 quos
1783 4459 1928 4513 enim
1960 4460 2034 4513 di-

2152 4470 2338 4542 κοινὴν
2363 4470 2647 4523 διάλεκτον
2678 4468 2994 4537 πέφρασται
3017 4480 3034 4498 ο
3067 4464 3162 4530 οὓς
3188 4464 3298 4534 γάρ
3324 4463 3601 4533 φιλοῦμεν,
3629 4456 3699 4510 oi-

470 4551 486 4605 Ι
516 4552 714 4619 gimus,
742 4546 1083 4622 propinquos
1114 4552 1370 4618 facimus,
1401 4560 1455 4607 ct
1486 4551 1576 4606 isti
1608 4551 1764 4606 nobis
1818 4550 2042 4620 propin-

472 4646 564 4711 qui
598 4656 649 4698 et
682 4645 982 4702 familiares
1010 4646 1286 4701 dicuntur.
1317 4645 1372 4699 In
1427 4644 1532 4699 hoc
1586 4656 1748 4700 sensu
1812 4643 2048 4712 reperie-

476 4741 679 4794 lmutur
710 4738 852 4808 apud
886 4738 1083 4795 Persas
1117 4739 1297 4795 intimi
1330 4737 1605 4795 sermonis
1661 4736 1960 4808 principes,
1991 4746 2051 4790 ut

474 4832 745 4887 Amaseus
773 4833 1118 4902 geograplius
1145 4831 1337 4896 refert.
1374 4840 1430 4887 et
1459 4831 1605 4887 istud
1630 4845 1725 4885 seu
1778 4829 2049 4886 sermonis

475 4922 654 4977 intimi
680 4925 905 4990 (οἰκείου
939 4923 1122 4991 λόγου)
1156 4922 1526 4977 denominatio
1575 4935 1749 4991 usque
1797 4933 1943 4975 nunc
1994 4919 2049 4973 in

471 5015 657 5085 lingua
687 5016 1059 5071 ecclesiastica
1109 5025 1378 5070 servatur.

547 5109 672 5164 194.
711 5107 827 5164 Vox
854 5117 1032 5162 autem
1052 5105 1464 5179 ὴλλοτριωμένη
1490 5121 1748 5177 expresse
1774 5105 1918 5162 dicta
1945 5112 2048 5160 est.

478 5199 705 5254 Alienas
729 5198 873 5252 enim
900 5213 1056 5253 sacra
1092 5196 1377 5267 Scriptura
1411 5199 1789 5264 dicitimpios,
1843 5205 1900 5251 et
1927 5196 2050 5252 illos

476 5290 571 5358 qui
614 5299 763 5343 recta
795 5287 900 5342 ﬁde
927 5302 1034 5343 non
1062 5294 1190 5343 sunt
1227 5288 1294 5343 ad
1328 5285 1525 5343 Deum.
1557 5285 1721 5343 Tales
1749 5296 1881 5342 sunt
1910 5287 2045 5341 alie-

476 5383 532 5438 ni
565 5381 688 5446 alii,
717 5392 856 5448 quos
886 5379 1141 5437 audimus
1168 5396 1196 5433 11
1255 5379 1468 5437 semitis
1527 5380 1641 5435 suis
1686 5379 2051 5444 claudicasse,

474 5484 903 5548 peccatoresque
932 5477 1031 5547 .qui
1056 5476 1126 5532 ab
1151 5484 1310 5532 utero
1334 5475 1555 5532 alienati
1607 5483 1757 5533 sunt.
1782 5476 2051 5533 Caeterum

475 5580 657 5625 autem
691 5567 899 5623 alienos
917 5568 1101 5623 dicere
1123 5576 1418 5622 extraneos
1467 5582 1758 5623 commune
1800 5577 1925 5623 est:
1984 5568 2052 5624 ad

478 5677 700 5718 sensum
741 5676 870 5718 vero
895 5662 1183 5719 sententiae
1231 5662 1537 5730 proprium,
1605 5661 1894 5717 alienatam
1921 5661 2056 5719 dixit

482 5763 790 5809 creaturam
830 5753 886 5809 iu
917 5758 1161 5823 tempore
1189 5751 1475 5821 plusquam
1509 5752 1782 5821 perfecto;
1832 5756 2055 5825 propin-

2147 4559 2470 4633 κειούμεθα,
2525 4560 2620 4613 καὶ
2665 4560 2855 4613 οἰκεῖοι
2904 4557 3156 4625 λέγονται
3211 4557 3346 4627 ημῖν
3389 4556 3581 4608 ἐκείνοι
3619 4547 3699 4602 καὶ

2148 4655 2440 4712 οίκειακοί.
2473 4649 2746 4722 Τοιαύτης
2770 4650 2828 4704 δὲ
2856 4649 3065 4709 ἐννοίας
3104 4648 3198 4701 καὶ
3223 4648 3272 4700 oi
3302 4644 3456 4714 παρὰ
3486 4643 3699 4712 Πέρσαις

2149 4746 2245 4800 τοῦ
2273 4744 2476 4798 οίκείου
2507 4742 2668 4812 λόγου
2696 4737 2987 4812 βασιλικοὶ,
3006 4739 3082 4801 ὡς
3103 4738 3133 4789 δ
3172 4727 3697 4806 Ἀμασεὺς-γεωγρὰ·

2152 4855 2252 4907 φος
2301 4836 2526 4906 inrepsit,
2579 4835 2674 4886 καὶ
2726 4831 3065 4902 φυλάσσεται
3091 4827 3276 4892 τοῦτο,
3340 4824 3576 4895 ἤγουν-1)
3619 4814 3699 4870 τοῦ

2152 4931 2356 4984 οίκείου
2415 4927 2574 4996 λόγου
2636 4925 2830 5001 κλῆσις
2895 4921 3060 4993 μέχρι
3117 4919 3212 4974 καὶ
3276 4918 3374 4973 νῦν
3431 4914 3698 4984 ἐκκλησια-

2153 5021 2379 5083 στικῶς.

2224 5112 2363 5182 τὰδ’.
2405 5110 2471 5164 Ἥ
2510 5109 2566 5163 δὲ
2593 5107 3000 5179 ἠλλοτριωμένη
3057 5104 3348 5176 γραφικῶς
3374 5100 3565 5174 ἐρρέθη
3588 5108 3600 5123 ⁸
3621 5093 3701 5147 ἀλ·

2152 5204 2402 5273 λοτρίους
2439 5202 2547 5271 γὰρ
2592 5201 2626 5272 ἡ
2656 5198 2789 5268 ἁγία
2827 5198 3024 5271 Γραφὴ
3053 5201 3178 5260 τοὺς
3209 5195 3401 5257 ἀθέους
3428 5192 3589 5259 λέγει,
3612 5184 3695 5239 καὶ

2157 5297 2232 5368 μὴ
2260 5295 2456 5366 ὀρθοὺς
2480 5293 2581 5365 τὴν
2610 5294 2691 5354 είς
2721 5292 2857 5346 Θεδν
2886 5293 3068 5345 πῖστιν
3090 5304 3105 5318 ·
3136 5289 3369 5343 τοιοῦτοι
3396 5285 3525 5354 γοῦν
3545 5281 3591 5334 oi
3617 5276 3697 5332 ἀλ·

2152 5388 2355 5458 λότριοι
2381 5388 2510 5449 υίοὶ,
2540 5384 2635 5452 οὓς
2660 5384 2900 5455 χωλᾶναι
2928 5381 3206 5452 ἀκούομεν
3242 5380 3351 5434 ἀπὸ
3382 5378 3487 5431 τῶν
3516 5369 3697 5463 τρίὸων

2154 5479 2358 5542 αὐτῶν,
2380 5479 2477 5533 καὶ
2499 5478 2549 5531 oi
2576 5473 3114 5545 ἀπαλλοτριωθέντες
3139 5476 3202 5528 ὲκ
3232 5473 3441 5543 μήτρας
3464 5468 3697 5537 ἁμαρτω·

2154 5571 2238 5626 λοί
2259 5587 2274 5603 ⁸
2311 5569 2630 5640 ἀλλοτρίους
2674 5569 2731 5622 δὲ
2761 5568 2938 5633 ἄλλως
2962 5568 3088 5631 τοὺς
3115 5565 3300 5634 ξένους
3335 5563 3513 5630 ’λέγειν
3538 5551 3694 5610 κοινόν

2157 5665 2276 5717 ἐστι
2299 5679 2313 5693 ο
2340 5662 2477 5733 πρδς
2503 5660 2789 5730 ἀκρίϐειαν
2811 5659 2867 5712 δὲ
2894 5659 3104 5722 ἑννοίας
3156 5649 3583 5727 ἡλλοτριωμένην
3601 5643 3690 5708 ἔφη

2161 5752 2336 5807 κτίσιν
2393 5751 2530 5807 κατὰ
2578 5751 2768 5821 χρόνον
2820 5746 3316 5820 ύττερσυντελικόνο
3350 5734 3690 5807 οἰκειουμίντιν
