3966 6248
321 313 447 375 ἳοὸ

1143 319 1226 382 IN
1264 319 1597 381 HYMNUM
1631 319 2290 385 PEN'I‘EL'OSTALEM
2332 326 2790 391 DAMASCENI.

3486 342 3596 403 706

317 427 380 481 δὲ
417 428 563 480 κατὰ
593 426 866 482 ἐνεστῶτα
890 444 902 458 ·
944 430 1285 505 summa“
1329 434 1429 505 μὲν
1454 431 1676 503 γὰράφ’
1722 430 1899 486 ἱκανοί

2020 448 2184 502 quam
2220 438 2406 492 "autem
2435 437 2632 494 factam
2675 443 2727 494 in
2768 445 3044 510 pneSeuti.
3075 446 3114 501 Λ
3161 449 3321 513 l0:th
3367 467 3601 520 ιιιιτιιιιιτε

317 523 677 592 ἁφεστηκυῖα
718 523 813 577 τοῦ
842 525 979 580 Θεοῦ
1011 529 1040 597 ἡ
1078 528 1293 592 κτίσιςο
1336 528 1636 583 οἰκειοῦται
1676 527 1734 583 δὲ
1770 528 1912 600 μετά

314 613 425 682 τὴν
453 619 897 689 κοσμοσωτήριον
939 621 1375 693 ὲνανθρὼπησιν.
1398 622 1593 676 Ἔσται
1622 622 1681 676 δι
1718 622 1917 694 καιρὸς

315 703 413 757 ὅτε
453 706 729 772 παντελῶς
757 708 1084 782 ᾠκειωμένη
1132 711 1211 782 τῷ
1253 712 1373 784 Θεῷ
1403 713 1772 784 κληθήσεταιο
1818 711 1914 767 καί

317 812 387 864 γε
424 796 564 852 Θεοῦ
590 798 771 872 χάριτι
797 803 893 854 καὶ
927 801 1074 856 ἔστιν
1099 807 1126 857 ὁ
1155 805 1396 868 τοιοῦτος
1427 805 1619 875 καιρὸς
1646 803 1915 875 κατά’τὴν

321 889 602 958 μελῳδίαν
651 891 770 954 τοῦ,
806 893 1066 963 Κάμπτει
1120 896 1190 950 τὰ
1230 897 1411 950 πάντα
1456 896 1535 968 τῷ
1566 897 1912 968 Παρακλήτῳ

317 983 482 1051 γόνυ·
517 984 579 1039 τὸ
601 985 678 1054 δὲ,
716 987 927 1041 Μέλπει
957 1006 1015 1041 σε
1046 981 1193 1058 εἶχεν
1227 988 1402 1052 ἄλλως
1432 991 1608 1043 εἰπεῖν
1643 992 1737 1044 καὶ
1766 988 1912 1044 Μέλο
1948 985 1953 995 ’

317 1090 419 1141 πει
451 1091 535 1129 σοι
570 1077 600 1129 ὸ
634 1077 870 1147 μελῳδὸς
898 1094 913 1107 ο
954 1078 1159 1149 ἀρέσαν
1199 1077 1256 1131 δὲ
1297 1077 1446 1150 αὐτῷ
1486 1080 1708 1148 ἀψόγως
1735 1081 1913 1134 εἵλετο

318 1167 588 1234 συντάξαι
615 1167 813 1231 οὕτως.
839 1169 912 1223 Τὸ
954 1169 1011 1223 δὲ
1056 1172 1234 1234 κτίσις
1265 1172 1597 1241 γοργότητος
1625 1171 1772 1242 λόγῳ
1797 1173 1911 1227 δεί-

316 1271 486 1309 κνυσι
516 1258 612 1309 καὶ
636 1257 730 1311 τὸν
756 1258 933 1329 ἥλιον,
975 1260 1069 1315 καὶ
1107 1244 1205 1332 τὴν
1232 1261 1483 1333 σελήνην,
1527 1264 1622 1315 καὶ
1651 1264 1719 1316 τὰ
1761 1280 1913 1317 στοιο

314 1352 444 1418 χεία
472 1351 568 1403 καὶ
620 1350 788 1406 τᾶλλα
816 1353 993 1407 πάντα
1042 1353 1270 1425 μέλπειν
1290 1356 1382 1410 τὸν
1404 1354 1612 1427 Κύριον
1633 1358 1777 1410 κατὰ
1807 1358 1909 1428 τὴν

314 1441 673 1513 ἀναφώνησιν
700 1445 794 1499 τοῦ
820 1447 1120 1517 παγκοίνου
1148 1448 1346 1518 μέλους
1371 1449 1470 1515 τῆς
1499 1448 1694 1521 ὀγδόης
1730 1450 1908 1522 ᾠδῆς⁸

317 1534 464 1604 μέρη
500 1536 610 1607 γὰρ
653 1537 748 1590 καὶ
777 1539 964 1592 ἐκεῖνα
1003 1541 1102 1609 τῆς
1137 1539 1393 1602 κτίσεως·
1430 1539 1507 1603 ὡς
1534 1536 1674 1595 εἶναι
1722 1541 1908 1596 λοιπὸν

313 1630 582 1698 ἀνοήτους
609 1631 706 1683 καὶ
736 1630 928 1696 ἀθέους
958 1635 1085 1698 τοὺς
1113 1634 1341 1698 ἐκείνοις
1370 1632 1448 1697 ὡς
1476 1632 1618 1699 θεοῖς
1639 1636 1909 1705 προσανέ-

312 1736 536 1789 χοντας.

479 1816 811 1886 Τροπάριον
840 1817 1123 1887 δεύτερον
1152 1818 1264 1888 τῆς
1299 1820 1518 1890 ὀγδόης
1547 1820 1730 1890 ᾠδῆς.

312 1905 514 1962 XXIII.
569 1908 940 1980 Σωτηριωδῶς
967 1910 1378 1976 αὐτοὸεσπότως
1409 1912 1487 1966 ἱὸν
1600 1958 1603 1961 .

563 2002 684 2065 Φῶς
711 2004 1084 2073 αῦτολαμπὲς,
1108 2006 1199 2058 καὶ
1227 2006 1561 2076 παρεκτικὸν
1582 2005 1750 2074 φάους

579 2094 859 2165 ’Υπάρχον
886 2091 1023 2168 ἧκες
1050 2098 1325 2168 έμφοροῦν
1347 2098 1682 2162 ἀποστόλους

564 2187 778 2258 Τιμῆεν
799 2190 874 2250 ὡς
906 2188 1062 2259 ἄημα
1086 2192 1194 2253 τοῖς
1229 2193 1338 2253 σοῖς
1367 2192 1611 2253 οἰκέταις

562 2280 1005 2351 Λελιπαρημένον
1028 2297 1088 2334 τε
1116 2280 1343 2352 Πνεῦμα
1369 2283 1714 2354 προσνέμεις.

385 2375 528 2445 ριιε.
593 2372 1028 2439 Ἀπλοῖκώτερον
1085 2375 1179 2426 καὶ
1239 2358 1573 2445 σαφέεῖτερον
1618 2377 1751 2446 πρὸς
1802 2378 1895 2431 τὸν

309 2465 547 2536 Σωτῆρα
604 2463 839 2536 Χριστὸν
891 2466 922 2518 ό
978 2463 1218 2534 μελῳδὸς
1284 2464 1684 2537 διηγηματικὸν
1736 2467 1895 2534 λόγον

310 2558 663 2629 ποιούμενος,
718 2557 851 2610 αὐτὸ
899 2556 1059 2610 τοῦτο
1116 2556 1211 2611 καὶ
1271 2556 1435 2627 μόνον
1483 2557 1681 2628 φράζει
1726 2561 1783 2613 ἐν
1815 2562 1894 2631 τῷ

316 2652 544 2724 παρόντι
579 2652 885 2723 τροπαρίῳ,
911 2650 994 2703 ὅτι
1016 2651 1079 2703 πὶ
1119 2648 1426 2722 Ἐσωτηρία
1451 2653 1604 2720 κοινῇ
1645 2651 1707 2704 τὸ
1738 2650 1895 2719 ἅγιον

311 2743 543 2813 Πνεῦμα
595 2745 708 2806 τοῖς
760 2745 872 2806 σοῖς
922 2741 1241 2804 ἀποστόλοις
1286 2740 1532 2804 ἔστειλας
1556 2756 1572 2771 ·
1620 2740 1766 2809 λέγει
1800 2737 1895 2795 οὖν

310 2836 395 2888 ὃτι.
414 2835 798 2906 σωτηριωδῶς,
823 2828 895 2886 Ὦ
919 2834 1121 2905 δηλαδὴ
1149 2832 1353 2905 Σῶτερ,
1377 2828 1542 2905 ἧκας,
1566 2834 1734 2904 ἤγουν
1754 2835 1894 2903 ἀφῆ-

311 2946 420 2993 κας
468 2929 564 2984 καὶ
609 2926 864 2997 ἔπεμψας
919 2927 1036 2996 φῶς
1086 2926 1435 2994 αῦτολαμπὲς
1481 2927 1746 2995 ὑπάρχον,
1800 2927 1894 2979 καὶ

312 3020 653 3092 παρεκτικδν
677 3020 869 3091 φάους,
905 3019 967 3072 οὐ
993 3018 1286 3072 κελευσθὲν
1317 3017 1602 3084 δουλικῶς,
1632 3017 1769 3072 ἀλλά
1799 3019 1895 3072 αὑ-

311 3114 659 3177 τοδεσπότως
697 3113 848 3166 ἐλθόν
873 3128 888 3145 ο
939 3111 1056 3181 φῶς
1088 3113 1154 3165 ὲκ
1189 3110 1366 3181 φωτὸς
1391 3112 1604 3181 προϊὸν,
1636 3111 1731 3165 καὶ
1759 3110 1895 3165 αὐτὸ

311 3207 416 3259 οὐκ
468 3205 709 3276 ἀμυδρὶν
752 3204 898 3274 λόγῳ
942 3204 1156 3272 φειδοῦς
1203 3206 1238 3274 ἦ
1283 3221 1428 3265 τινος
1473 3203 1634 3258 ἄλλου
1683 3204 1891 3266 πάθους

311 3300 462 3370 ἅπερ
491 3299 714 3353 ᾶπαντα
752 3301 850 3368 τῆς
886 3299 1077 3367 θεῖκῆς
1133 3295 1447 3366 ἀπῴκισται
1488 3298 1725 3365 φύσεως,
1757 3297 1893 3350 ἀλλά

314 3391 593 3463 ἐμφοροῦν
648 3392 775 3454 τοὺς
823 3390 1176 3452 ἀποστόλους.
1220 3390 1515 3459 Ἐπεμψας
1565 3390 1641 3455 δὲ,
1697 3395 1887 3459 φησιν,

312 3487 469 3549 αὐτὸ,
502 3481 602 3555 οὗχ
629 3483 705 3544 ὡς
741 3482 948 3554 μηδένα
987 3482 1097 3536 τῶν
1126 3483 1382 3537 ἁπάντων
1414 3482 1727 3544 αἰσθέσθαι,
1757 3482 1786 3534 ὅ
1828 3480 1893 3552 δὴ

314 3583 408 3633 ἐπὶ
449 3581 563 3641 τοῖς
598 3579 709 3638 σοῖς
743 3576 917 3645 ἁγίοις
968 3575 1142 3637 ποιεῖς
1186 3574 1262 3637 ὡς
1313 3575 1597 3635 ἑκάστοτε,
1636 3573 1753 3626 ἀλλ’
1804 3572 1892 3626 ἵνα

315 3671 558 3740 γνωστὸν
586 3670 738 3731 λαοῖς
779 3666 1076 3737 γενόμενον
1121 3666 1469 3737 μαρτυρῆται
1505 3665 1599 3717 καὶ
1646 3664 1753 3732 πρὸ
1781 3662 1889 3716 τῶν

314 3759 837 3817 ἐπακολουθούντων
892 3757 1134 3826 σημείων
1185 3757 1535 3826 πιστεύηται.
1577 3755 1734 3809 Καθά
1783 3755 1893 3825 γὰρ

312 3852 519 3923 τιμῆεν
544 3853 724 3922 ἄημα,
757 3852 924 3922 ἤγουν
958 3847 1200 3919 πνεῦμα,
1234 3849 1346 3911 τοῖς
1375 3847 1559 3911 αὐτοῖς
1603 3848 1715 3909 σοῖς
1750 3848 1896 3899 οξκέ·

314 3963 438 4009 ταις
463 3944 787 4006 ἀποστόλοις
822 3941 957 3994 αὐτὸ
983 3940 1309 4006 ἐξάκουστον
1341 3938 1481 4009 μετὰ
1508 3936 1690 4008 βιαίας
1723 3941 1894 4007 πνοῆς

315 4036 564 4108 ἀφῆκας,
606 4035 699 4089 καὶ
732 4033 889 4088 τοῦτο
914 4033 1149 4103 ποιήσας
1191 4030 1634 4100 λελιπαρημένον
1668 4030 1897 4100 Πνεῦμα

316 4128 652 4198 προσνέμεις
696 4125 789 4179 καὶ
826 4122 941 4188 τοῖς
972 4123 1294 4187 ἀποστόλοις
1327 4123 1427 4192 μὲν
1461 4126 1556 4174 καὶ
1587 4121 1667 4190 τῷ
1701 4120 1895 4190 κόσμῳ

311 4220 374 4277 δὲ
404 4219 651 4290 δηλονότι
696 4219 859 4271 παντὶ
884 4216 1073 4271 ὀπόσοι
1097 4214 1194 4269 τοῦ
1225 4214 1472 4269 τοιούτου
1498 4212 1668 4269 καλοῦ
1703 4212 1896 4281 ὁλοψῠ-

316 4329 430 4382 κως
459 4310 703 4381 ἐφίενται
731 4308 940 4364 οἰκέται
971 4324 1068 4361 σου
1089 4307 1270 4369 ὅντες·
1302 4310 1446 4361 ὥστε
1489 4306 1571 4374 τὸ,
1616 4307 1730 4367 τοῖς
1779 4306 1894 4368 σοῖς

316 4403 582 4465 οἰκέταις,
611 4400 790 4471 τρισὶν
813 4400 1080 4470 ἁρμόττει
1113 4399 1398 4469 προσιέναι
1432 4397 1619 4460 τόποις
1643 4412 1658 4429 ο
1695 4394 1894 4466 τιμῆεν

321 4511 386 4548 τε
451 4497 558 4564 γὰρ
622 4493 737 4552 τοῖς
802 4493 916 4553 σοῖς
972 4490 1215 4553 οἰκέταις
1275 4488 1451 4560 ὀρθῶς
1508 4487 1752 4557 λέγεται,
1777 4486 1895 4539 ικαὶ

317 4584 756 4655 λελιπαρημένον
815 4586 928 4647 τοῖς
994 4582 1201 4647 αὐτοῖς,
1264 4581 1359 4635 καὶ
1408 4580 1784 4650 προινέμεται
1836 4579 1894 4632 δὲ

317 4681 526 4741 αὐτοῖς.
1870 4684 1887 4705 ·’

392 4773 543 4839 ριιςι.
576 4768 732 4820 Ἐστι
752 4766 811 4820 ὁὶ
838 4765 1062 4833 Πνεῦμα
1086 4763 1519 4834 λελιπειρηκένον
1580 4762 1612 4832 ἢ
1635 4763 1695 4814 τὸ
1714 4778 1895 4830 πλρα.

317 4860 612 4931 κλητευθεν
638 4857 780 4913 ὥστε
806 4857 1023 4927 δοθῆναι
1075 4858 1171 4910 καὶ
1196 4856 1328 4909 αὐτὸ
1358 4853 1712 4927 παράκλητον
1739 4854 1890 4924 ἡμῖν’

317 4953 570 5023 λιπαρεῖν
597 4953 708 5022 γὰρ
755 4951 818 5004 τὸ
845 4949 1117 5003 δυσωπεῖν
1136 4963 1150 4978 ·
1181 4948 1212 5019 ἦ
1245 4947 1306 4999 τὸ
1334 4945 1672 5017 παράμονον,
1695 4948 1790 4997 καὶ
1820 4942 1895 5008 ὡς

320 5046 430 5114 πρὸ
484 5044 682 5112 ὀλίγων
728 5041 954 5115 ιρρέθη,
986 5041 1213 5110 ὲφίζονο
1260 5039 1516 5109 λιπαρεῖν
1545 5036 1654 5107 γὰρ
1691 5036 1787 5088 καὶ
1835 5035 1896 5088 τὸ

316 5139 673 5209 προσμένειν,
706 5139 800 5189 καὶ
829 5135 1212 5204 ἐγκαρτερεῖν,
1244 5134 1397 5202 παρὰ
1444 5129 1506 5183 τὸ
1537 5128 1660 5182 λίαν
1696 5128 1894 5198 παρεῖ-

319 5245 442 5285 ναιο
470 5228 597 5282 ὅθεν
621 5226 717 5282 καὶ
751 5226 987 5297 λιπαρὴς
1019 5223 1201 5279 ίκεσία
1265 5225 1300 5294 ἡ
1326 5222 1631 5292 πολύωρος,
1659 5221 1693 5290 ἡ
1730 5219 1895 5272 πολυ-

318 5320 559 5391 χρόνιος,
588 5321 623 5390 η
655 5319 913 5390 διηνεκής
932 5332 949 5349 ’
973 5316 1270 5387 κλινομένη
1299 5314 1588 5384 λιπαροῦς,
1615 5313 1715 5367 καὶ
1742 5312 1895 5383 ἐχου-

321 5430 391 5468 σα
416 5410 696 5482 οὐδέτερον
726 5413 789 5464 τὸ
817 5410 1068 5482 λιπαρές.
1111 5410 1222 5463 Καὶ
1249 5407 1398 5462 οὕτω
1437 5407 1537 5477 μὲν
1566 5405 1895 5473 διατέθειται

317 5502 582 5573 Ibiquh
626 5503 928 5572 τροπάριον
967 5500 1110 5555 κατά
1157 5499 1622 5571 προτιτλωθεῑσαν
1663 5497 1894 5550 ἔννοιαν.

320 5593 382 5647 Εἰ
405 5593 463 5645 δὲ
482 5590 544 5644 to
581 5608 600 5642 ι
632 5585 774 5662 ἦκας
799 5607 818 5641 ι
852 5591 1127 5660 γράφεται
1153 5584 1292 5661 ἧκες
1317 5587 1406 5642 διὰ
1430 5585 1523 5640 τοῦ
1552 5602 1579 5639 ε
1610 5586 1752 5638 κατά
1770 5600 1893 5638 τινα

319 5685 428 5737 τῶν
448 5682 803 5755 ἀντιγράφων
826 5682 947 5737 ἀντὶ
976 5680 1070 5735 τοῦ
1101 5678 1285 5753 ἦλθες,
1313 5679 1413 5734 οὐκ
1439 5680 1589 5732 εστιν
1612 5678 1749 5742 ὅλως
1771 5679 1896 5748 νοῆ-

328 5790 414 5830 σαι
445 5777 506 5829 τὸ
540 5773 705 5847 ῥηθὲν
729 5774 1025 5845 τῳπάριον
1079 5774 1213 5847 πρὸς
1247 5774 1335 5829 τὸν
1369 5772 1496 5826 Υἰὸν
1538 5769 1732 5841 λεχθὲν
1764 5769 1895 5839 περὶ

2018 526 2260 592 tempore
2293 524 2472 582 fuerat
2496 530 2729 585 alienata
2759 534 2946 602 procul
2975 554 3002 589 ει
3027 537 3138 591 Deo
3171 549 3444 608 creatura;
3475 560 3603 611 pro-

2016 613 2218 684 pinqua
2244 631 2379 673 vero
2412 620 2553 676 facta
2590 633 2675 678 est
2701 635 2824 693 post
2850 631 3146 684 satutarem
3184 635 3386 689 mundo
3414 639 3597 692 incar-

2015 705 2313 763 nationem.
2347 708 2585 781 Tempus
2629 727 2808 771 autem
2857 720 2962 774 erit
3021 737 3143 775 cum
3199 728 3426 780 omnino
3487 731 3598 784 Deo

2015 799 2263 868 proxima
2305 805 2633 875 propriaque
2657 810 2938 866 vocabitur
2962 830 2976 879 ;
2998 823 3049 868 et
3083 822 3263 870 tamen
3299 819 3389 872 Dei
3418 823 3593 889 gratia

2013 901 2099 949 est
2131 897 2293 951 etiam
2333 902 2441 954 tale
2470 911 2680 970 tempus
2714 905 2866 970 juxta
2893 906 3184 963 melodiam
3219 894 3344 967 dicti
3373 927 3389 965 :
3428 913 3595 969 l’ara-

2015 987 2412 1045 cleto'curvant
2445 993 2627 1046 omnia
2656 1010 2818 1064 genu.
2846 996 2963 1051 Hoc
2996 1014 3125 1054 vero
3179 1002 3374 1069 μέλπει
3410 1021 3468 1056 σε
3503 1022 3595 1073 ρο-

2014 1090 2154 1136 terat
2183 1081 2341 1137 aliter
2373 1082 2559 1139 dicere
2594 1086 2793 1154 μέλπει
2851 1105 2935 1140 σοι
2963 1092 3210 1147 melodus
3240 1111 3253 1158 ;
3293 1097 3387 1149 sed
3440 1098 3589 1153 illam

2013 1172 2118 1228 sibi
2152 1174 2457 1241 placentem
2493 1177 2770 1247 syntaxim
2820 1178 3374 1250 irrepreltensibiliter
3408 1189 3590 1257 eleg-1.

2013 1263 2130 1319 Vox
2157 1277 2338 1320 autem
2356 1268 2535 1332 κτίσις
2556 1268 2829 1325 citissime
2857 1272 3128 1341 significat
3154 1283 3211 1329 et
3239 1276 3415 1332 solent
3431 1289 3484 1335 et
3508 1283 3591 1335 lu-

2013 1374 2137 1413 nam
2167 1367 2222 1413 et
2247 1359 2540 1429 elementa,
2574 1363 2790 1434 aliaque
2821 1375 3041 1433 cuncta,
3069 1367 3283 1424 melode
3312 1372 3591 1430 celebrare

2011 1448 2302 1505 Dominum
2330 1451 2484 1521 juxta
2507 1454 2994 1511 conclamationem
3047 1459 3295 1516 melodis:
3342 1476 3591 1516 cmumu-

2011 1541 2097 1596 nis
2132 1545 2308 1599 octavi
2338 1545 2598 1601 carminis
2632 1564 2649 1603 :
2691 1558 2869 1617 partes
2892 1550 3037 1604 enim
3071 1562 3202 1607 sunt
3226 1553 3327 1608 ista
3349 1557 3590 1610 creatio-

2013 1634 2098 1691 nis
2123 1652 2137 1701 ;
2165 1635 2235 1690 ita
2266 1647 2324 1699 ut
2354 1636 2423 1691 de
2448 1643 2646 1693 ctctero
2671 1639 2824 1693 stulti
2852 1643 2964 1695 sint
2986 1653 3039 1696 et
3071 1634 3221 1713 impii
3250 1644 3344 1714 qui
3379 1646 3585 1703 talibus

2012 1740 2073 1788 ut
2109 1732 2214 1787 diis
2240 1732 2591 1790 addicuntur.

2286 1824 2600 1895 Troparium
2629 1826 2914 1882 secundum
2950 1830 3064 1886 eda:
3098 1842 3312 1884 octavis.

2144 1913 2382 1970 Salutari
2428 1917 2636 1970 ratione
2670 1932 2768 1970 sua
2803 1928 3070 1987 potestate
3096 1920 3216 1977 iens

2068 2002 2184 2060 Lux
2219 2021 2246 2059 a
2283 2017 2332 2061 te
2359 2006 2662 2077 splendida,
2693 2016 2746 2062 ct
2770 2008 2945 2063 datrix
2980 2010 3202 2066 luminis

2068 2089 2368 2167 Exsistens,
2403 2101 2601 2156 venisti
2631 2111 2690 2156 ut
2722 2103 2975 2170 impleres
3007 2106 3301 2172 apostolos,

2071 2187 2401 2244 llmtoratum
2436 2200 2691 2261 tanquam
2721 2194 2946 2246 halitum
2974 2195 3079 2248 tuis
3108 2198 3301 2259 Servis,

2047 2279 2447 2350 illustremque
2480 2283 2740 2352 Spiritum
2776 2285 3081 2341 distribuis.

2067 2370 2192 2428 195.
2224 2372 2562 2443 Simpliciter
2578 2391 2642 2430 ac
2671 2376 2952 2431 evidenter
2971 2382 3035 2432 ad
3058 2379 3395 2434 Salvator-em
3423 2380 3580 2435 Clu-i-

1998 2475 2143 2518 stum
2172 2467 2545 2521 cnarrati'vum
2575 2478 2764 2524 texens
2802 2485 3112 2531 sermonem
3175 2473 3443 2538 melodus,
3476 2474 3579 2527 hoc

1997 2556 2175 2626 ipsum
2205 2566 2259 2614 et
2288 2559 2461 2614 solum
2499 2561 2552 2615 in
2591 2562 2842 2629 pra-senti
2900 2567 3126 2636 stropha
3158 2565 3310 2631 dicit,
3340 2565 3484 2635 quod
3507 2566 3577 2619 ad

1996 2664 2340 2705 communem
2361 2653 2588 2708 salutem
2622 2653 2883 2723 Spiritum
2917 2668 3167 2711 sanctum
3217 2661 3333 2714 suis
3359 2670 3576 2727 aposto-

1996 2743 2064 2797 lis
2092 2742 2259 2795 misit.
2298 2745 2390 2798 Ait
2423 2759 2553 2812 ergo
2581 2762 2595 2798 :
2631 2744 2979 2808 Salutariter,
3008 2765 3039 2800 ο
3067 2728 3578 2805 ιηαιιὶΐεειέδυινλο

2001 2843 2106 2898 tor,
2131 2825 2275 2904 ἥκας
2304 2832 2419 2888 sive
2448 2835 2667 2903 ἀφῆκας
2701 2837 2895 2891 misiSti
2929 2840 3111 2893 lumen
3173 2843 3316 2909 quod
3349 2843 3569 2912 proprio

1999 2924 2175 2978 ultore
2207 2925 2370 2988 lucet,
2406 2925 2660 2994 suppedit
2692 2934 2855 2995 atque
2878 2926 3061 2995 jubar,
3089 2930 3244 3000 jusw
3274 2947 3380 2985 non
3401 2932 3576 2985 servi-

1999 3015 2121 3071 liter
2138 3025 2385 3085 accepto,
2411 3016 2504 3070 sed
2529 3027 2674 3071 motu
2701 3019 2920 3087 proprio
2941 3021 3202 3075 Veniens:
3241 3021 3571 3093 lumen-pro-

1920 3151 1964 3211 ο
1997 3110 2216 3173 cedens,
2248 3117 2303 3163 et
2334 3108 2449 3164 haec
2482 3124 2590 3165 nou
2652 3110 3066 3166 subobscurum
3126 3124 3345 3183 propter
3386 3115 3569 3184 parci.

1996 3200 2345 3266 moniamﬁaut
2363 3201 2654 3267 quamdam
2684 3200 2848 3269 aliam
2875 3199 3207 3271 passionem,
3227 3211 3426 3258 cuncta
3449 3212 3572 3274 quae

1992 3291 2192 3346 divinat
2217 3306 2427 3347 natura:
2449 3301 2576 3346 sunt
2606 3291 2810 3357 aiiena,
2842 3293 2937 3348 sed
2969 3293 3248 3348 inebrians
3275 3295 3572 3364 apostolos.

1994 3383 2187 3441 Misisti
2216 3397 2404 3440 autem
2440 3383 2594 3450 illud,
2623 3385 2822 3454 tnquit,
2849 3399 2957 3438 non
2984 3383 3166 3438 taliter
3229 3393 3286 3437 ut
3330 3384 3574 3437 omuimn

1996 3491 2159 3531 nemo
2196 3477 2403 3532 sentiat
2426 3478 2572 3545 quod
2599 3485 2747 3532 certe
2782 3490 2880 3544 pro
2912 3474 3118 3530 sanctis
3142 3475 3251 3529 tuis
3309 3475 3576 3530 continuo

1993 3570 2151 3635 l'acis,
2181 3571 2274 3625 sed
2299 3581 2358 3625 ut
2388 3581 2576 3625 notum
2609 3569 2827 3639 populis
2882 3568 3091 3624 factum
3155 3578 3320 3623 testes
3373 3566 3578 3622 habent

1982 3673 2049 3723 tet
2086 3660 2443 3733 sequentibus
2473 3662 2645 3732 signis
2670 3662 2768 3714 llde
2789 3670 3041 3715 teneatur
3063 3677 3076 3714 :
3100 3662 3242 3716 sicut
3275 3659 3420 3715 enim
3452 3674 3577 3728 pre-

1997 3761 2196 3815 tiosum
2230 3758 2417 3812 ﬂatum
2447 3772 2543 3813 seu
2585 3756 2858 3825 spiritum,
2917 3756 3122 3811 eisdem
3168 3757 3431 3823 apostolis
3491 3756 3571 3808 l'a-

1998 3849 2298 3905 tuiliaribus
2329 3849 2462 3912 tuis,
2506 3847 2638 3900 illud
2665 3861 2789 3901 cum
2849 3846 3154 3901 vehementi
3223 3846 3349 3899 ﬂatu
3387 3846 3570 3899 sensi—

1999 3941 2105 3997 bile
2147 3940 2369 4002 misisti,
2433 3946 2488 3991 et
2543 3937 2646 3990 hoc
2693 3933 2863 3997 facto,
2922 3936 3247 3989 advocatum
3302 3932 3567 4002 Spiritum

1996 4032 2195 4087 tribuis
2225 4040 2279 4085 et
2316 4028 2587 4097 apostolis
2633 4027 2879 4096 quidem,
2904 4035 2958 4081 et
3012 4026 3273 4081 universo
3338 4025 3569 4088 mundo,

1996 4133 2269 4194 quotquot
2287 4121 2599 4186 lmjusmodi
2618 4120 2821 4175 bonum
2844 4135 2907 4173 ex
2926 4126 3047 4173 toto
3074 4118 3239 4173 corde
3256 4116 3572 4171 desidet-snt

1999 4223 2183 4284 utpote
2223 4212 2518 4267 familiares
2547 4210 2623 4264 tui
2647 4227 2660 4264 :
2682 4213 2758 4265 ita
2794 4218 2851 4263 ut
2891 4210 3055 4264 dictis
3089 4210 3247 4272 ςτοῖς
3280 4212 3393 4271 σοῖς
3420 4209 3573 4261 οἰκε-

2000 4321 2144 4369 ταις,
2175 4304 2350 4359 tribus
2370 4301 2715 4372 concipiendi
2745 4300 2922 4355 modis
2949 4300 3244 4355 conveniat
3287 4315 3302 4353 :
3373 4298 3577 4367 τιμῆεν

1997 4397 2143 4450 enim
2169 4397 2286 4459 τοῖς
2318 4396 2429 4457 σοῖς
2450 4394 2696 4456 οἰκέταις
2732 4404 2881 4447 recte
2905 4391 3133 4458 dicitur,
3190 4399 3245 4446 et
3274 4389 3576 4459 λελιπαρη-

1928 4509 1970 4566 D
2002 4488 2161 4555 μένον
2185 4487 2392 4552 αὐτοῖς,
2415 4493 2469 4540 et
2492 4483 2865 4554 προσνέμεται
2906 4481 3114 4544 αὐτοῖς.
3206 4484 3207 4489 “

2066 4756 2191 4811 196.
2226 4756 2324 4811 Est
2348 4763 2530 4808 autem
2572 4751 2809 4822 Spiritus
2826 4749 3290 4820 λελιπαρημένος,
3338 4748 3452 4804 sive
3476 4747 3573 4803 ade

1994 4857 2244 4913 vocatus,
2285 4854 2344 4900 ut
2370 4846 2485 4914 ipse
2515 4843 2672 4898 nobis
2727 4841 3036 4896 Paraclitus
3087 4843 3360 4906 donetur;
3405 4838 3569 4893 λιπα-

1996 4944 2114 5009 ’ρεῐν
2133 4940 2279 4996 enim
2301 4948 2387 4994 est
2425 4936 2764 5006 supplicare;
2804 4934 2922 4988 sive
2934 4948 3261 5005 permanens
3289 4934 3467 4989 incola
3486 4943 3573 4988 at-

1996 5048 2104 5103 que
2133 5029 2378 5100 utpaqu
2407 5038 2536 5082 ante
2566 5026 2772 5079 dictum
2807 5032 2914 5088 est.
2983 5023 3232 5080 insidens
3269 5042 3285 5078 :
3314 5024 3568 5095 λιπαρεῖν

1994 5122 2140 5179 enim
2161 5134 2246 5178 est
2263 5120 2429 5175 etiam
2449 5130 2769 5189 permanere
2799 5126 2853 5173 et
2903 5116 3222 5187 persistere,
3252 5133 3321 5171 ex
3342 5118 3422 5187 τῷ
3448 5117 3572 5171 λίαν

1996 5215 2277 5286 παρεῖναι.
2306 5210 2460 5267 Unde
2520 5209 2703 5264 ἱκεσία
2762 5208 3001 5278 λιπαρὴς
3047 5217 3134 5264 est
3154 5208 3332 5263 oratio
3385 5211 3567 5279 longa,

1994 5308 2275 5368 diuturna,
2309 5318 2652 5376 permanens.
2686 5301 2751 5357 Et
2786 5301 2867 5358 sic
2895 5303 3116 5373 quidem
3160 5303 3450 5371 exponitur
3479 5302 3567 5359 di-

1997 5410 2088 5455 cta
2121 5401 2345 5470 stropbe
2374 5399 2530 5468 juxta
2562 5396 2934 5466 praescriptam
2964 5396 3311 5452 sententiam.
3338 5393 3399 5449 Si
3439 5407 3567 5448 vero

1996 5488 2138 5564 ἧκας
2172 5493 2448 5547 scribatur
2471 5485 2608 5562 ἧκες
2643 5504 2740 5556 per
2769 5505 2795 5541 ε
2822 5489 2979 5558 juxta
3018 5487 3262 5557 quaedam
3293 5485 3572 5551 esetnpla-

1997 5588 2078 5642 ria
2108 5598 2205 5655 pro
2234 5581 2420 5655 ἦλθες,
2449 5598 2556 5637 non
2587 5589 2774 5652 potest
2813 5581 3038 5635 omni-to
3070 5590 3310 5647 praesens
3341 5575 3569 5643 intelligi

1999 5676 2222 5744 stroplte
2245 5685 2507 5744 tanquam
2537 5673 2605 5727 ad
2638 5670 2835 5725 Filium
2865 5670 2936 5724 de
2975 5665 3182 5736 Spiritu
3203 5673 3396 5718 sancto
3414 5664 3567 5732 juxta

1999 5767 2398 5838 expositionem
2419 5763 2699 5831 dicta,sed
2722 5763 2791 5818 ad
2824 5761 3001 5830 ipsum
3034 5757 3296 5828 Spiritum
3321 5768 3569 5812 sant-tutu
