3966 6248
368 301 470 363 7οΊ

1107 286 1532 352 EUSTATIIII
1573 286 1682 345 Tll
1695 280 2341 344 ESSALONICENSIS
2399 272 2970 338 METROPOLXTIE

3533 264 3642 327 ’703

371 415 578 467 directa
616 429 630 464 :
666 409 752 464 ubi
783 408 848 462 de
892 414 1087 460 (καθιεΓο
1141 419 1247 456 non
1276 410 1360 457 est
1405 413 1666 469 expressa
1705 395 1952 449 Salvato-

2084 393 2147 445 οῦ
2171 401 2331 459 α’ίιοί)
2369 389 2686 459 Πνεῦματος
2716 386 2858 438 κατά
2885 381 2986 452 τὴν
3012 379 3299 448 ἐξήγησιν,
3329 372 3462 426 ἀλλὰ
3500 375 3641 443 πρὸς

372 508 450 560 ris
467 504 666 559 Christi
689 502 893 556 mentio
923 501 975 552 in
1013 496 1266 564 stropha.
1303 492 1685 561 deprecatorie
1715 489 1865 543 illum
1895 487 1950 541 in

373 596 650 654 communi
685 590 1088 648 introducimus
1111 589 1165 643 in
1192 581 1339 642 eam.
1363 585 1500 639 Dicit
1522 583 1685 652 igitur
1708 578 1956 636 melodus

373 707 442 746 ex
475 691 578 744 liae
638 689 878 742 secunda
915 681 1192 750 scriptura
1234 677 1328 732 τοῦ
1388 670 1572 747 ἦκεςε
1631 671 1956 728 Salutariter

377 795 456 847 tu,
483 799 518 836 ο
544 790 730 834 sancte
761 777 1022 846 Spiritus,
1047 789 1113 827 ex
1141 772 1431 840 temetipso
1453 770 1624 824 libere
1649 767 1794 832 iens.
1821 774 1956 830 etc.,

373 871 574 926 venisti
625 880 880 938 tanquam
925 864 1200 936 quoddam
1232 860 1432 916 ﬁamen
1477 859 1712 929 implens
1733 866 1958 926 aposto-

375 966 491 1027 los;
525 973 577 1017 et
611 959 916 1023 distribuis,
953 972 1051 1028 pro
1083 950 1432 1016 distribuisti,
1462 951 1540 1005 eis
1564 947 1824 1018 Spiritum
1847 961 1958 1002 non

377 1059 542 1109 alium
563 1069 623 1107 ac
645 1061 720 1116 te,
739 1053 830 1106 sed
853 1067 882 1104 a
907 1059 981 1113 te,
1008 1057 1061 1102 et
1075 1045 1234 1114 Filio,
1259 1054 1314 1101 et
1335 1044 1528 1106 Patre;
1548 1045 1778 1112 gratiam
1799 1042 1960 1093 istam

378 1147 717 1217 spiritualem
761 1141 997 1196 inlusam
1023 1142 1076 1194 in
1102 1154 1217 1204 eos,
1291 1145 1352 1190 ut
1398 1145 1525 1190 ante
1557 1134 1819 1202 scriptum
1852 1138 1958 1186 est.

382 1238 438 1290 Si
466 1251 594 1291 vero
623 1233 866 1305 optative
889 1231 1162 1286 scribatur
1188 1226 1401 1297 νέμοις,
1438 1226 1540 1278 hoc
1597 1223 1762 1277 etiam
1826 1221 1963 1276 utri-

379 1346 487 1398 que
512 1327 795 1384 sententia:
850 1323 1126 1380 convenit.

454 1597 756 1663 l97.Quod
799 1603 978 1649 autem
1015 1590 1409 1649 αὑτοδέσποτος
1428 1585 1498 1641 sit
1541 1583 1786 1653 Spiritus
1838 1597 1966 1637 san-

387 1710 532 1758 c.us,
551 1692 912 1762 praecedentrr
931 1687 1066 1739 dixit
1095 1685 1354 1737 melodus.
1380 1680 1552 1735 Simili
1587 1693 1713 1732 vero
1746 1691 1967 1747 prorsus

2054 488 2185 542 αὑτὸ
2221 487 2284 555 δὴ
2314 485 2372 536 rb
2401 483 2558 551 ἅγιον
2613 478 2874 548 Πνεῦμα’
2911 476 3047 528 ὅπου
3094 489 3158 541 γε
3207 469 3299 523 καὶ
3346 467 3522 531 ἄλλως
3561 471 3642 537 μὴ

2055 578 2527 648 ὲκπεφωνημένου
2553 575 2647 628 τοῦ
2677 573 2933 641 Σωτῆρος
2960 569 3198 642 Χριστοῦ
3235 567 3293 620 ἐν
3330 567 3405 636 τῷ
3438 579 3644 635 τροπα-

2061 676 2182 744 ρίῳ,
2217 668 2739 742 αίτηματικῶς·άπδ
2768 665 2950 719 κοινοῦ
2977 665 3186 717 ἐκεῖνον
3220 662 3518 728 εἰσάγομεν
3554 655 3644 710 ἐπ’

2059 769 2214 822 αὑτό.
2249 767 2388 835 Φησὶ
2433 762 2566 832 γοῦν
2608 763 2636 814 ὁ
2680 758 2918 829 μελῳδὸς
2969 757 3068 824 τὴν
3109 754 3369 822 δευτέραν
3419 750 3642 822 γραφὴν

2059 863 2158 933 τὴν
2187 860 2281 914 τοῦ
2307 854 2462 930 ἧκες,
2494 853 2860 924 Σωτηριωδῶς
2890 852 2976 918 σὺ,
3001 846 3047 905 ὦ
3073 851 3227 917 ἆγιον
3256 846 3500 916 Πνεῦμα,
3539 844 3644 896 αὑ-

2059 954 2399 1015 τοδεσπότως
2432 952 2511 1004 lbv
2537 949 2628 1004 καὶ
2663 947 2807 1017 ἑξῆς,
2841 941 3007 1018 ἦλθες
3032 945 3106 1009 ὡς
3143 941 3231 998 οἷα
3263 943 3400 1010 πνοή
3421 957 3506 1002 τις
3539 940 3645 1006 ἒμ-

2064 1047 2305 1119 φοροῦσα
2353 1044 2481 1108 τοὺς
2536 1041 2911 1102 ἀποστόλουςο
2977 1039 3070 1092 καὶ
3114 1039 3324 1106 νέμεις,
3373 1035 3494 1087 ἀντὶ
3545 1033 3644 1085 τοῦ

2064 1146 2289 1210 ἔνειμας
2320 1141 2523 1201 αὐτοῖς,
2562 1135 2786 1205 Πνεῦμα
2827 1138 2924 1207 οὑχ
2971 1136 3159 1203 ἕτερον
3203 1132 3356 1200 παρὰ
3392 1132 3474 1196 σὲ,
3507 1129 3648 1182 ἀλλᾶ

2062 1237 2125 1290 rb
2153 1234 2261 1288 ἀπὸ
2309 1232 2405 1286 σοῦ
2455 1234 2675 1287 καὶτοῦ
2707 1229 2864 1292 Υἱοῦ,
2917 1229 3010 1282 καὶ
3052 1226 3146 1279 τοῦ
3191 1226 3401 1292 Πατρός
3429 1239 3442 1253 ·
3482 1224 3646 1294 χάριν

2066 1329 2270 1401 ταύτην
2301 1327 2678 1396 πνευματικὴν
2710 1324 3028 1396 ἐκχυθεῖσαν
3063 1321 3153 1376 ἐπ’
3173 1320 3484 1386 αὑτοὺ-,ὡς
3515 1334 3652 1386 προ-

2067 1422 2402 1492 γέγραπται.
2429 1421 2491 1474 El
2520 1420 2579 1474 δὲ
2613 1420 2710 1473 καὶ
2737 1416 3003 1479 εὑκτικῶς
3052 1415 3254 1484 γράφει
3295 1418 3507 1480 νέμοις,
3537 1409 3647 1476 ἁρ-

2072 1515 2258 1585 μόττει
2281 1513 2624 1584 ἀμφοτέραις
2654 1513 2775 1574 ταῖς
2800 1510 3033 1570 ἐννοίαις
3066 1507 3159 1560 καὶ
3186 1505 3337 1559 αὑτό.

2143 1606 2281 1678 ριιξ.
2320 1607 2408 1669 Ὠς
2446 1605 2503 1659 δὲ
2534 1602 2929 1658 αὑτόδεσποτόν
2963 1602 3081 1654 ἐστι
3113 1600 3172 1652 rb
3207 1598 3363 1665 ἅγιον
3396 1595 3646 1663 Πνεῦμα,

2070 1703 2166 1756 καὶ
2192 1701 2405 1769 φθάσας
2429 1694 2582 1752 εἶπεν
2607 1699 2634 1749 ὁ
2669 1693 2908 1765 μελῳδός
2932 1710 2946 1724 ⁸
2978 1693 3195 1753 πάντως
3213 1692 3268 1743 δὲ
3299 1689 3472 1758 ὁμοίῳ
3499 1688 3649 1756 λόγῳ

387 1787 548 1840 modo
605 1781 964 1848 αὑτολαμπής
993 1788 1078 1833 est
1103 1796 1116 1832 :
1145 1792 1252 1830 non
1277 1775 1418 1828 enim
1450 1789 1516 1828 ex
1571 1773 1680 1827 alio
1710 1773 1968 1826 incensus

2199 1753 2551 1858 άὺτολάμπές
2594 1753 2763 1842 ἐστιν.
2789 1753 2902 1838 Ὀὑ-
2926 1784 3035 1853 γάρ
3069 1781 3291 1837 ἄλλοθεν
3335 1753 3653 1850 ἔμπυρευόλ

388 1883 529 1935 lucet
559 1878 583 1932 ε’
619 1893 724 1930 non
759 1876 934 1930 solum
983 1890 1087 1926 non
1128 1870 1327 1940 accipit
1385 1867 1604 1923 aliunde
1635 1867 1834 1927 lucere.
1872 1864 1966 1920 sed

385 1971 548 2025 etiam
580 1966 806 2022 miriﬁce
831 1965 1072 2020 volentes
1103 1978 1165 2015 ex
1202 1961 1368 2014 corde
1406 1959 1710 2012 illuminat.
1733 1956 1970 2012 Pulchre

387 2078 515 2116 vero
561 2062 620 2113 rb
675 2057 1082 2118 αὑτοδεσπότως
1145 2055 1233 2108 hic
1295 2068 1418 2106 cum
1475 2053 1553 2120 τῷ
1609 2047 1970 2118 σωτηριωδῶς

386 2154 692 2224 conjumit,
716 2151 1027 2221 signiﬁcans
1049 2164 1115 2204 ex
1135 2149 1432 2218 psalmista:
1453 2144 1774 2215 paraphrasi
1804 2157 1973 2211 quos-

387 2251 513 2300 dam
579 2261 703 2302 esse
740 2244 1265 2312 dominatoresseu
1329 2239 1604 2309 principes
1658 2237 1710 2290 in
1770 2235 1972 2304 quibus

389 2356 500 2394 non
527 2348 611 2392 est
631 2338 799 2402 salus,
833 2349 884 2390 et
909 2336 1032 2391 ideo
1065 2350 1172 2389 non
1205 2337 1257 2388 iu
1293 2333 1374 2388 eis
1402 2346 1524 2387 esse
1557 2327 1969 2384 conﬁdendum.

393 2430 658 2486 Dominus
691 2430 854 2500 igitur
881 2437 964 2485 est
1018 2429 1390 2498 omnipotens,
1438 2438 1505 2477 ex
1549 2423 1733 2490 seipso
1781 2430 1974 2490 poten-

397 2527 526 2577 tiam
559 2522 788 2582 habens,
826 2520 1068 2574 omnium
1105 2505 1451 2583 dominator;
1487 2531 1645 2570 verus
1679 2515 1976 2583 imperator

395 2617 709 2671 salutariter
732 2615 896 2669 simul
929 2623 980 2667 et
1001 2629 1064 2668 ex
1101 2613 1221 2682 ipso
1275 2621 1530 2681 potenter
1592 2608 1800 2663 faciens
1827 2605 1976 2675 quod

394 2712 546 2766 solus
570 2713 700 2780 agit,
743 2707 885 2763 Deus
911 2707 1147 2776 Spiritus
1176 2713 1417 2766 sanctus,
1455 2701 1623 2756 Filius
1675 2710 1729 2756 et
1785 2699 1970 2767 Pater};

396 2805 508 2867 cui,
543 2806 698 2872 juxta
727 2817 945 2857 sarrum
975 2809 1210 2871 poetam,
1271 2799 1331 2850 rb
1372 2797 1617 2865 ὑπάρχον
1678 2792 1977 2858 convenit;

397 2899 541 2967 quod
571 2914 680 2952 non
708 2899 886 2952 solum
915 2893 1188 2964 signiﬁcat
1219 2890 1365 2960 quod
1393 2898 1499 2948 est.
1520 2887 1613 2942 sed
1641 2888 1804 2941 etiam
1831 2883 1980 2955 quod

401 2992 503 3046 fuit
533 2991 601 3044 ab
620 2991 798 3053 initio,
828 2987 1086 3057 quodque
1127 2984 1376 3038 futurum
1415 2991 1499 3036 est
1527 2982 1579 3033 in
1610 2979 1806 3034 saecula
1833 2995 1847 3030 :
1877 2975 1981 3030 tale

397 3083 599 3153 quippe
627 3090 711 3136 est
737 3080 891 3150 juxta
921 3088 1164 3132 veterum
1206 3073 1579 3129 accuratiores
1611 3069 1673 3122 rb
1712 3069 1978 3138 ὑπάρχον.

400 3176 571 3228 Aiunt
609 3171 975 3242 igitur:talis
1025 3168 1270 3238 ὑπῆρξεν
1321 3166 1544 3235 εἰρήνης
1595 3164 1679 3216 vel
1743 3161 1981 3229 ὑπάρχει

405 3269 588 3336 μάχης
632 3265 868 3328 (initium
903 3261 1054 3332 pacis
1099 3259 1346 3328 stllttpsil,
1379 3258 1463 3312 vel
1525 3254 1769 3325 suscepit
1810 3263 1984 3308 certa-

404 3373 528 3412 men
561 3356 599 3424 )‘,
627 3355 773 3426 quod
800 3355 963 3410 etiam
996 3354 1188 3422 ἄρχειν
1209 3359 1264 3405 et
1322 3349 1620 3417 κατάρχειν
1654 3347 1878 3410 dicitur,
1910 3343 1982 3397 ita

404 3449 673 3504 utdicere
702 3446 851 3503 :Hoc
887 3448 1093 3517 aliquid
1133 3447 1238 3500 tale
1271 3445 1538 3514 ὑπάρχει,
1576 3441 1716 3494 idem
1762 3439 1842 3493 sic
1878 3452 1979 3491 ac:

402 3539 535 3597 Tale
561 3552 679 3606 est;
719 3541 814 3595 sed
841 3540 1044 3608 aliquid
1066 3539 1252 3606 majus
1273 3546 1450 3590 tamen
1485 3531 1772 3601 signiﬁcat,
1806 3541 1861 3584 et
1885 3528 1987 3583 iste

404 3649 602 3690 sensus
623 3634 711 3688 hic
739 3647 965 3702 prorsus
994 3631 1187 3685 obvius
1219 3638 1303 3683 est
1332 3643 1344 3680 :
1386 3624 1516 3680 dicit
1547 3624 1692 3678 enim
1719 3621 1778 3675 rb
1811 3619 2002 3701 ὑπάρ-⁸

403 3745 525 3797 χον,
550 3738 606 3781 ιιι
631 3726 839 3780 dictum
863 3733 966 3791 est,
990 3725 1249 3782 Pneuma.
1278 3734 1422 3775 nunc
1439 3716 1598 3772 hodie
1621 3717 1805 3771 venire
1822 3712 1987 3767 disci-

407 3821 565 3888 pulos
597 3819 847 3884 impletis.

479 3911 600 3967 198.
638 3910 870 3965 Verbum
898 3919 1075 3964 autem
1127 3900 1261 3979 ἧκες
1296 3919 1392 3976 per
1425 3922 1476 3970 ε,
1505 3919 1534 3956 a
1594 3901 1778 3955 radice
1838 3898 1988 3952 venit

407 4006 548 4075 ἥκω,
575 4004 734 4072 cujus
765 4003 923 4056 tertia
956 4014 1186 4070 persona
1217 4007 1301 4053 est
1332 3991 1468 4067 ἦκεν
1501 4008 1600 4062 pro
1632 3987 1788 4062 ἦλθε.
1829 3987 1987 4042 Verbi

409 4109 540 4149 vero
561 4088 700 4164 ἦκας
723 4093 869 4162 quod
897 4094 1062 4146 etiam
1100 4090 1155 4143 in
1197 4089 1376 4157 primo
1409 4082 1791 4155 ἁκροστιχίδος
1829 4079 1989 4134 disti-

409 4188 513 4242 cbo
545 4187 725 4241 facere
766 4187 940 4241 risum
972 4193 1060 4239 est
1086 4198 1102 4248 ;
1135 4195 1372 4251 praisens
1391 4179 1610 4248 quidem
1643 4185 1728 4231 est
1767 4175 1892 4243 ἴημι
1923 4186 1988 4224 ex

409 4296 520 4350 quo
557 4280 762 4348 ἀφίημι
797 4287 851 4333 et
879 4276 1113 4345 ὲφίημι;
1145 4279 1323 4343 ipsum
1357 4285 1485 4326 vero
1511 4285 1617 4324 non
1652 4265 1987 4337 praeteritum

411 4377 508 4429 sed
535 4375 775 4428 aorisuis
812 4385 936 4425 esse
969 4369 1269 4438 judicatur,
1315 4374 1370 4420 et
1397 4379 1464 4419 ex
1494 4364 1610 4432 ipso
1669 4359 1986 4431 provenisse

2073 1899 2234 1953 μενον
2267 1881 2475 1948 λάμπει
2503 1894 2516 1908 '
2564 1879 2626 1932 οὑ
2663 1879 2823 1948 μόνον
2872 1876 2935 1930 οὑ
2967 1874 3392 1946 προσλαμόάνον
3429 1875 3490 1924 rb
3521 1870 3653 1939 φαί-

2071 1994 2183 2030 νειν
2212 1974 2460 2037 ἄλλοθεν,
2493 1972 2630 2028 ἀλλὰ
2658 1972 2754 2026 καὶ
2784 1971 3020 2040 φωτίζον
3052 1967 3349 2038 ὑπερφυῶς
3382 1965 3509 2027 τοὺς
3533 1963 3652 2017 ὀλη-

2070 2069 2280 2138 ψὺχους
2322 2067 2717 2138 βουλομένουςο
2757 2065 2938 2128 καλῶς
2979 2065 3034 2116 δὲ
3075 2061 3308 2114 ἐνταῦθα
3347 2059 3408 2113 rb
3434 2059 3653 2112 αὑτοδε·

2074 2163 2286 2226 σπότως
2315 2161 2611 2216 συνεδὺασε
2643 2161 2721 2231 τῷ
2746 2158 3105 2230 σωτηριωδῶς
3129 2176 3143 2190 ·
3173 2155 3350 2227 δηλῶν
3381 2157 3445 2206 ὲκ
3475 2171 3651 2221 παρα-

2075 2256 2326 2326 φράσεως
2357 2253 2662 2324 ψαλμικῆς,
2691 2252 2766 2314 ὥς
2823 2251 2932 2306 είσί
2965 2268 3109 2313 τινες
3148 2249 3430 2309 δεσπόται,
3468 2246 3651 2299 εῖτουν

2075 2350 2358 2419 ἄρχοντες,
2379 2343 2460 2411 οἷς
2485 2336 2586 2401 ubi
2617 2348 2734 2400 ἐστι
2758 2347 3022 2416 σωτηρία.
3047 2343 3137 2398 Διὸ
3170 2342 3290 2396 οὑδὲ
3325 2338 3652 2394 πεποιθέναι

2076 2440 2258 2502 αὑτοῖς
2282 2439 2411 2508 χρή.
2443 2438 2722 2506 Δεσπότης
2759 2433 2852 2488 οὖν
2879 2433 3208 2504 παγκρατὴς
3240 2432 3334 2484 καὶ
3373 2429 3652 2497 αὐτοκρα-

2076 2530 2193 2601 τὴς,
2225 2531 2322 2584 καὶ
2365 2529 2591 2600 κράτωρ
2633 2529 2878 2591 πάντων,
2910 2527 3004 2580 καὶ
3037 2525 3254 2596 ἀληθῶς
3291 2524 3656 2591 αὐτοκράτωρ

2080 2626 2442 2698 σωτηριωδῶς
2473 2625 2591 2694 ἅμα
2617 2625 2711 2678 καὶ
2734 2623 3147 2684 αὑτοδεσπότως
3179 2621 3354 2674 ποιῶν
3377 2621 3477 2673 ὅσα
3509 2619 3657 2672 ποιεῖ

2079 2719 2213 2783 Θεὸς
2242 2720 2423 2787 μόνος,
2459 2718 2520 2770 rb
2555 2717 2782 2786 Πνεῦμα
2813 2716 2873 2768 rb
2903 2715 3082 2782 ἅγιον,
3111 2717 3140 2769 ὁ
3172 2713 3318 2776 Υἱὸς,
3346 2713 3442 2765 καὶ
3483 2713 3511 2764 ὁ
3542 2711 3654 2762 [Ια-

2079 2813 2219 2882 τήρο
2347 2809 2726 2881 προσαρμόζει
2775 2808 2836 2861 rb
2891 2809 3135 2877 ὑπάρχον
3183 2807 3323 2860 κατὰ
3369 2807 3462 2860 τὸν
3510 2805 3655 2870 ἱερὸν

2083 2903 2338 2958 ἐποποιόν
2361 2918 2375 2932 °
2407 2904 2543 2970 ὅπερ
2589 2903 2687 2973 οὑχ
2724 2901 2907 2965 ἁπλῶς
2940 2899 3082 2954 οὔτω
3117 2899 3272 2969 δηλοῖ
3310 2897 3371 2952 rb
3394 2897 3476 2962 ὂν,
3520 2897 3660 2951 ἀλλὰ

2081 2995 2142 3048 rb
2201 2993 2260 3058 ἐξ
2303 2993 2476 3064 ἀρχῆς
2526 2994 2621 3046 καὶ
2660 2993 2766 3063 πρὸ
2799 2991 3044 3045 αἰώνων·
3099 2989 3340 3044 τοιοῦτον
3385 2990 3496 3056 γάρ
3542 2991 3662 3051 τοῖς

2083 3085 2191 3138 τῶν
2216 3086 2464 3140 παλαιῶν
2491 3083 2907 3154 ἀκριϐεστέροις
2933 3083 2996 3135 rb
3035 3084 3301 3152 ὑπάρχον.
3361 3080 3498 3134 Φασὶ
3527 3080 3665 3146 γοῦν

2084 3179 2161 3242 ὡς
2181 3180 2210 3232 ό
2239 3179 2386 3230 δεῖνα
2420 3177 2662 3246 ὑπῆρξεν
2692 3175 2988 3246 εἰρήνης,ῆ
3015 3175 3249 3244 ὑπάρχει
3277 3173 3478 3244 μάχης,
3508 3172 3538 3224 ὃ
3563 3175 3664 3225 καὶ

2085 3270 2278 3339 ἄρχειν
2306 3268 2400 3322 καὶ
2426 3268 2724 3336 κατάρχειν
2761 3265 2982 3332 λέγεται
3009 3281 3022 3296 ’
3054 3263 3194 3318 ὥστε
3241 3265 3334 3316 καὶ
3379 3264 3442 3316 rb
3482 3266 3666 3317 ειπεῖν

2085 3360 2159 3423 ὡς
2190 3361 2310 3414 τόδε
2343 3377 2396 3412 τι
2434 3358 2640 3412 τοιόνδε
2699 3359 2961 3427 ὑπάρχει,
3004 3357 3344 3426 λαμϐάνεται
3397 3356 3494 3425 μὲν
3539 3357 3668 3410 ἀντὶ

2085 3452 2181 3504 τοῦ
2213 3452 2328 3504 ἐστί
2351 3465 2364 3480 ⁸
2397 3451 2550 3520 δηλοῖ
2579 3450 2636 3503 δέ
2669 3469 2721 3504 τι
2750 3451 2845 3503 καὶ
2875 3450 3061 3503 πλεῖον
3087 3449 3274 3514 αὑτοῦ,
3306 3449 3400 3501 καὶ
3442 3448 3666 3502 εὐοδοῦ-

2087 3563 2179 3600 ται
2208 3544 2350 3596 πάνυ
2375 3543 2404 3594 ὁ
2435 3541 2560 3604 νοῦς
2589 3541 2746 3604 οὗτος
2774 3543 3006 3595 ἐνταῦθα
3027 3557 3041 3573 ·
3077 3541 3228 3610 λέγει
3263 3541 3369 3612 γὰρ
3395 3540 3457 3594 rb
3487 3541 3668 3611 ὑπάρ-

2087 3657 2202 3708 χον,
2242 3636 2318 3700 ὡς
2345 3637 2569 3708 ἐρρέθη,
2606 3635 2832 3705 Πνεῦμα
2857 3633 3033 3688 ἐλθεῖν
3061 3637 3188 3705 ἄρτι
3225 3635 3466 3705 σήμερον
3490 3635 3667 3702 ἐμφο-

2091 3730 2218 3801 ροῦ-ι
2243 3729 2368 3792 τοὺς
2401 3728 2646 3799 μαθητάς

2161 3911 2302 3976 ρῑ-,ηη
2328 3905 2402 3959 Tb
2427 3906 2482 3959 δὲ
2510 3900 2646 3977 ἧκες
2669 3906 2755 3959 διά
2783 3905 2876 3960 τοῦ
2911 3923 2934 3959 ε
2967 3905 3077 3961 ἀπὸ
3106 3907 3201 3961 τοῦ
3225 3907 3462 3976 θέματος
3489 3910 3670 3978 ὁρμᾶ-

2088 4017 2177 4053 ται
2204 4000 2299 4052 τοῦ
2333 4001 2475 4070 ἥκω,
2512 3999 2572 4052 οῦ
2600 4000 2784 4070 τρίτον
2823 4001 2885 4052 rb
2912 3995 3049 4072 ἧκεν
3075 4000 3200 4054 ἀντὶ
3224 3999 3319 4055 τοῦ
3358 3996 3492 4071 ἦλθε
3512 4018 3527 4033 -
3564 4001 3664 4055 τοῦ

2087 4091 2144 4145 δέ
2169 4109 2231 4159 γε
2261 4087 2422 4162 ἦκας,
2450 4091 2478 4145 ὃ
2504 4095 2596 4145 καὶ
2625 4093 2683 4146 ὲν
2711 4091 2788 4161 τῷ
2817 4095 3019 4162 πρώτῳ
3045 4092 3270 4164 ἐλεγείῳ
3290 4095 3389 4162 τῆς
3409 4095 3672 4164 ἀκροστι-

2089 4183 2237 4254 χίδος
2271 4183 2481 4253 πέφηνε
2511 4183 2748 4252 κεῖσθαι,
2777 4185 2806 4237 ὁ
2841 4184 2942 4254 μὲν
2972 4185 3209 4249 ἐνεστὼς
3245 4187 3390 4256 ἴημι,
3424 4189 3482 4254 ἐξ
3512 4181 3576 4240 οῦ
3605 4189 3668 4242 rb

2090 4275 2313 4344 ἀφίημι,
2341 4277 2434 4330 καὶ
2475 4275 2676 4346 ἐφίημι
2698 4292 2714 4308 ο
2746 4276 2880 4330 αὑτὸ
2906 4276 2964 4330 δὲ
2998 4277 3060 4330 οὑ
3088 4277 3498 4348 παρακείμενος
3527 4279 3670 4332 ἀλλὰ

2089 4368 2344 4438 ἀόριστος
2389 4368 2770 4438 εὐαρεστεῖται
2807 4362 2971 4432 εἶναι,
2995 4371 3089 4423 καὶ
3123 4369 3220 4422 ἀπ’
3242 4368 3409 4423 αὑτοῦ
3439 4371 3670 4438 κεκινῆ-

413 4467 671 4538 ἡκάμηνε
706 4465 848 4518 unde
869 4462 1046 4532 justa,
1071 4458 1401 4530 προηκάμην
1442 4471 1540 4526 pro
1571 4453 1789 4508 verbis:
1823 4451 1980 4520 προέ-

2094 4458 2217 4512 σθαι
2246 4457 2305 4510 rb
2331 4457 2553 4528 ήκάμην
2576 4473 2592 4489 ο
2627 4457 2750 4510 ὅθεν
2786 4459 2931 4512 κατὰ
2961 4458 3024 4512 rb
3058 4461 3394 4530 προηκάμην
3419 4462 3540 4514 ἀντὶ
3572 4460 3670 4515 τοῦ

414 4559 625 4629 πεμψα,
669 4557 989 4625 προέδωκα,
1048 4555 1127 4608 sic
1187 4553 1348 4605 etiam
1424 4548 1792 4620 προσηκάμην
1849 4559 1992 4614 pro:

419 4651 858 4724 προσεδεξάμην,
880 4647 1039 4718 Cujus
1061 4646 1212 4699 radix
1256 4653 1339 4698 est
1397 4643 1689 4711 προσίημι.
1755 4637 1993 4692 Verbum

416 4755 598 4800 autem
625 4740 924 4812 ὲμφοροῦν,
955 4754 1023 4794 ex
1053 4753 1186 4807 quo,
1217 4735 1376 4805 paulo
1428 4743 1568 4804 post,
1633 4748 1696 4787 os
1720 4730 1997 4800 pmpheti-

417 4851 543 4892 cum
571 4835 1090 4902 πνευματέμφορον,
1122 4829 1305 4882 divina
1350 4828 1596 4895 quaedam
1662 4825 1749 4877 liie
1779 4823 1998 4876 videtur

419 4943 544 4983 esse
564 4928 732 4982 dictio
757 4924 1057 4981 secundum
1086 4921 1147 4972 rb
1170 4921 1355 4972 ἐνοξον
1385 4935 1398 4972 :
1441 4919 1539 4988 qui
1577 4918 1722 4971 enim
1781 4914 1994 4984 Spiritu

424 5030 615 5077 saneto
652 5018 886 5086 repletur
916 5011 1373 5085 (ἐμφορούμενος)
1422 5010 1585 5063 simul
1615 5007 1778 5062 etiam
1809 5019 1893 5061 est
1912 5006 1999 5060 di-

423 5109 550 5163 vine
577 5105 878 5174 inspiratus
955 5101 1200 5173 (ἑνθεος),
1235 5114 1490 5169 tanquam
1547 5101 1686 5152 intra
1731 5113 1790 5151 se
1817 5094 1999 5167 φορῶν

423 5189 537 5256 sive
563 5196 1021 5269 cpépwvtportans)
1053 5193 1220 5247 Deum
1260 5194 1348 5260 qui
1413 5200 1610 5246 cuncta
1679 5191 1876 5259 replet.
1944 5194 1998 5242 et

426 5292 604 5362 reipsa
635 5287 972 5344 divinitatem
1003 5300 1188 5340 secum
1231 5299 1427 5355 gerens
1452 5282 1776 5351 (θεοφόρον).
1843 5278 2000 5335 Scito

425 5400 557 5441 vero
579 5384 724 5455 quod
756 5382 980 5435 verbum
1016 5381 1201 5449 φορεῖν
1225 5379 1367 5448 quod
1406 5392 1513 5431 non
1550 5385 1634 5431 est
1672 5375 1906 5429 inultum
1944 5373 2001 5427 in

429 5494 554 5540 usu,
588 5492 712 5531 cum
747 5474 869 5528 aliis
904 5482 957 5526 et
988 5472 1112 5526 aliis
1163 5467 1659 5540 praepositionibus,
1718 5465 1998 5518 diversam

427 5577 649 5638 praestat
684 5563 1138 5634 signiﬁcationem
1179 5581 1191 5615 :
1233 5563 1336 5614 hoc
1387 5566 1532 5628 patet
1553 5572 1614 5610 ex
1653 5558 1820 5610 verbo
1889 5555 2004 5606 εἱσ-

426 5662 637 5728 φορεῖν,
677 5657 821 5726 quod
885 5655 1160 5726 signiﬁcat
1213 5651 1562 5715 introducere
1583 5657 1637 5720 et
1660 5647 1999 5717 importare;

429 5757 484 5803 et
514 5762 581 5804 ex
605 5748 772 5804 verbo
803 5747 1056 5815 ἐκφορεῖν
1116 5743 1232 5797 sive
1290 5739 1528 5810 ejicere:
1588 5738 1729 5794 unde
1778 5753 2001 5808 quoque

2098 4551 2432 4620 προέπεμψα
2479 4550 2766 4620 προέδωκα
2786 4567 2800 4581 ο
2831 4550 2974 4605 οὕτω
3011 4554 3105 4605 καὶ
3144 4556 3517 4623 προσηκάμην
3548 4558 3675 4610 ἀντὶ

2095 4641 2191 4693 τοῦ
2220 4641 2653 4711 προσεδεξάμην,
2691 4641 2750 4694 οῦ
2787 4643 2848 4695 rb
2877 4644 3019 4711 θέμα
3049 4646 3348 4715 προσὶημιο
3384 4647 3446 4699 rb
3481 4647 3537 4700 δὲ
3572 4648 3676 4716 ἐμ-

2095 4731 2302 4801 φοροῦν
2329 4732 2389 4797 ἐξ
2420 4731 2480 4785 οῦ
2513 4732 2634 4800 μετ’
2660 4733 2819 4802 ὀλίγα
2861 4735 3038 4805 στόμα
3067 4738 3576 4808 πνευματέμφορον
3612 4740 3676 4791 rb

2099 4826 2464 4898 προφητικὸν,
2491 4823 2612 4878 θεία
2659 4841 2742 4889 τις
2791 4825 3031 4880 ἐνταῦθα
3061 4828 3308 4896 φαίνεται
3345 4825 3488 4883 εἶναι
3528 4830 3677 4898 λέξις

2099 4916 2240 4969 κατὰ
2268 4918 2328 4969 rb
2356 4915 2561 4970 ἔνθεον.
2594 4915 2654 4970 '0
2696 4916 2804 4987 γὰρ
2851 4918 3264 4986 ἐμφορούμενος
3306 4919 3463 4986 ἁγίου
3506 4920 3682 4973 Ilva-3-

2103 5021 2273 5074 ματος
2305 5004 2421 5074 ἅμα
2455 5007 2548 5058 καὶ
2606 5006 2787 5070 ἔνθεός
2817 5009 2966 5059 ἐστιν
2992 5008 3066 5070 ὼς
3093 5008 3237 5062 ἔνδον
3263 5009 3457 5063 ἑαυτοῦ
3493 5012 3681 5082 φορῶν

2099 5095 2224 5164 ἦτοι
2253 5095 2437 5163 φέρων
2460 5097 2551 5148 τὸν
2575 5096 2643 5150 τά
2673 5096 2851 5150 πάντα
2875 5097 3192 5168 πληροῦντα
3217 5099 3372 5165 Θεὸν,
3402 5100 3496 5153 καὶ
3519 5103 3684 5155 αὑτό-

2101 5202 2292 5255 χρημα
2323 5185 2608 5256 θεοφόρον.
2648 5189 2789 5241 Ἰσθι
2835 5189 2892 5242 δὲ
2923 5191 3006 5242 ὅτι
3038 5190 3097 5242 rb
3138 5192 3326 5262 φορεῖν
3370 5185 3433 5245 οὗ
3479 5193 3681 5262 χρῆσις

2102 5277 2276 5348 πολλὴ
2299 5279 2454 5348 παρὰ
2478 5280 2718 5344 πολλοῖς,
2750 5282 2888 5350 μετὰ
2916 5284 3231 5352 προθέσεων
3255 5284 3431 5337 ἄλλων
3458 5285 3554 5338 καὶ
3582 5285 3684 5340 άλ-

2102 5368 2233 5434 λων,
2265 5370 2484 5434 ἀλλοίας
2530 5373 2786 5426 ἀποτελεῖ
2815 5375 3092 5443 σημασίας
3113 5391 3127 5406 ·
3157 5376 3233 5438 ὼς
3276 5361 3437 5445 δῆλον
3485 5377 3554 5430 ἐκ
3580 5375 3682 5429 τοῦ

2104 5464 2399 5532 εἰσφορεῖν,
2425 5463 2454 5521 ὃ
2499 5464 2649 5535 δηλοῖ
2685 5469 2748 5520 rb
2775 5467 3017 5536 είσάγειν
3056 5468 3152 5522 καὶ
3185 5468 3537 5538 είςκομίζειν,
3585 5468 3686 5520 καὶ

2104 5553 2198 5608 τοῦ
2257 5557 2513 5624 ἐκφορεῖν
2572 5558 2692 5626 ἦτοι
2745 5559 3062 5612 ὲκὸάλλεινο
3123 5560 3245 5613 ὅθεν
3296 5561 3392 5612 καὶ
3446 5559 3684 5629 ἔκφορον

2109 5643 2430 5714 μυστήριον,
2464 5645 2557 5698 καὶ
2585 5648 2679 5700 τοῦ
2705 5653 3007 5719 συμφορείν
3033 5665 3047 5680 ·
3075 5650 3411 5721 συνεφόρησε
3439 5650 3550 5718 γάρ
3575 5665 3688 5716 φα-

2111 5753 2211 5806 μεν
2245 5737 2579 5806 κατηγορίας
2611 5742 2703 5794 καὶ
2727 5740 2991 5811 φλυαρίας
3020 5740 3221 5805 πολλάς
3244 5760 3259 5774 υ
3299 5745 3391 5796 καὶ
3421 5742 3516 5794 τοῦ
3555 5746 3650 5793 tm
3673 5773 3684 5783 ο
