3966 6248
255 347 367 407 τοι
1109 336 1192 396 ΙΝ
1229 333 1564 396 HYMNUM
1615 330 1860 391 PENTE

1970 329 2265 392 STAIEM
2303 327 2768 390 DAMASCENI.
3413 324 3522 388 ’710

259 457 455 526 φορεῖν
486 453 608 525 ἦτοι
633 449 976 513 ἐπιϐάλλειν,
1010 444 1104 498 καὶ
1135 443 1232 497 τοῦ
1260 439 1653 512 προφορείσῦαι
1687 439 1713 488 ὃ
1739 439 1853 487 ἐστι

1970 435 2110 489 venit
2148 436 2380 506 ἔκφορον
2407 436 2763 506 mysterium;
2822 443 2874 490 et
2902 452 2966 489 ex
3003 437 3304 505 συμφορεϊν
3340 457 3352 490 :
3385 438 3521 491 dici--

255 547 576 613 διάζεσθαι’
610 545 702 595 καὶ
733 541 824 594 τοῦ
858 539 1176 609 διεφόρησε,
1207 533 1543 600 διαφορεῖται
1593 530 1722 598 γοῦν
1751 528 1842 596 ἔγ-

1970 541 2070 581 nus
2098 530 2244 580 cnim
2283 546 2296 582 :
2340 528 2675 596 συνεφόρησε
2708 529 2982 597 congessit
3028 528 3407 583 accusationes
3469 536 3526 579 et

193 683 200 688 -
258 659 408 699 κατα
448 639 588 706 ζώου
616 637 917 705 ὲκχεόμενα
945 634 1040 700 τῆς
1071 629 1302 691 κοιλίας.
1351 625 1469 680 Εἰσὶ
1499 625 1554 678 δὲ
1585 625 1677 675 καὶ
1707 621 1845 675 ἄλλα

1970 620 2382 696 iugas'inultas;
2421 629 2474 672 et
2499 635 2560 674 cx
2599 621 2906 687 ἐπιφορείι,
2941 623 3087 690 quod
3153 629 3240 676 est
3297 621 3526 689 injicere

241 725 515 797 τοιαῦτα,
539 733 598 783 ἐν
627 723 710 790 οἷς
732 725 826 780 καὶ
858 724 920 778 τὸ
950 720 1374 793 ἀνωφορεῐσθαι,
1407 719 1504 771 καὶ
1533 716 1593 770 τὸ
1617 728 1843 783 περιφο-

1970 719 1998 765 ιι
2026 727 2091 767 ex
2121 709 2540 780 προφορεῖσθαι,
2572 711 2687 765 sive
2731 712 2932 766 ordiri:
2979 722 3034 766 et
3083 725 3147 764 ex
3208 711 3526 779 διεφόρησε,

266 830 411 898 ρεῖν,
441 825 563 879 ὅθεν
591 823 692 876 καὶ
717 823 744 874 ὁ
775 818 1166 890 περιφόρητος.
1213 811 1560 898 Πρωτόθετον
1589 808 1644 860 δὲ
1676 805 1844 858 πάλαι

1970 807 2281 874 ιιαφορεῐται
2303 805 2446 856 enim
2475 803 2904 876 (disperguntur)
2938 803 3189 858 animalis
3220 803 3427 859 viscera
3456 819 3524 858 ex

264 893 405 973 ποτὲ
437 919 498 970 τὸ
528 918 782 986 ἐκφορεῖν
814 912 909 966 ἐπὶ
937 909 1066 977 νηὸς
1096 905 1507 976 πληρουμένης,
1531 895 1576 970 ᾧ
1608 899 1846 952 ἀντίκει-

1970 903 2134 949 νοηιτο
2165 893 2352 948 eﬂusa.
2384 893 2524 949 Sunt
2551 896 2718 950 etiam
2753 894 3067 964 liujusmodi
3099 893 3226 956 alia,
3301 894 3353 948 in
3405 895 3528 962 qui-

262 1028 358 1064 ται
389 1012 448 1062 τὸ
484 985 764 1077 ἐμφορεῖν.
814 1003 875 1056 Εί
915 1001 972 1054 δὲ
1007 998 1205 1052 ταυτὸν
1249 995 1512 1064 ἐμφορεῖν
1546 993 1724 1044 εἰπεῖν
1755 987 1848 1041 καὶ
1949 985 2050 1040 bus
2073 985 2132 1038 τὸ
2167 985 2570 1055 ἁνωφορεῑσθαι
2606 995 2661 1038 et
2691 985 2750 1038 τὸ
2783 989 3098 1077 περιφορεῖν
3171 986 3314 1039 unde
3344 989 3370 1038 ὁ
3419 1004 3513 1038 πε-

267 1105 294 1154 ὲ
305 1075 552 1170 μπιπλᾷν
571 1075 710 1151 κατὰ
728 1095 809 1157 τὸ,
827 1091 1106 1160 Ἐπλήσθη
1131 1087 1444 1157 Πνεύματος
1466 1083 1646 1152 ἁγίου,
1667 1081 1847 1132 εἷτουν

1970 1077 2243 1146 ηφόρητος
2273 1077 2377 1130 huc
2409 1077 2536 1130 illuc
2573 1085 2843 1130 versatus.
2887 1075 3166 1130 Primitiva
3201 1084 3381 1130 autem
3409 1083 3526 1130 erat

269 1169 600 1261 ἐνεφορήθη,
642 1188 737 1241 καὶ
768 1183 840 1258 ἦν
881 1187 974 1238 καὶ
1003 1185 1064 1237 τὸ
1103 1181 1301 1252 μὲτρον
1337 1175 1583 1232 δεκτικὸν
1607 1171 1844 1261 τούτους

1970 1171 2078 1224 ilim
2112 1169 2283 1228 forma
2325 1172 2580 1239 ἐκφορεῖν
2609 1171 2675 1222 de
2707 1170 2830 1223 navi
2895 1169 3141 1239 impleta,
3175 1171 3264 1223 cui
3289 1172 3524 1238 oppon?-

270 1260 412 1338 ἀλλὰ
445 1260 881 1353 νπροετιμήσατο
921 1277 1102 1338 καλῶς
1151 1275 1180 1328 ὁ
1217 1270 1451 1343 μελῳδὸς
1479 1266 1541 1319 τὸ
1573 1260 1849 1335 ἐμφοροῦν

1977 1278 2040 1317 ur
2066 1264 2356 1332 ὲμφορεῖν.
2389 1262 2447 1318 Si
2476 1279 2606 1318 vero
2643 1263 2784 1318 idem
2819 1265 3104 1318 estdicere
3131 1281 3144 1315 :
3181 1265 3442 1334 ἐμφορεῖν
3473 1273 3529 1318 et

270 1381 421 1448 ἢπερ
454 1377 514 1429 τὸ
537 1375 851 1445 ἐμπιπλῶν.

1970 1353 2254 1425 ίμπιπλᾷν.
2278 1355 2434 1424 juxta
2470 1355 2649 1410 istud:
2685 1355 2931 1425 ἐπλήσθη
2961 1356 3200 1424 repletus
3244 1365 3329 1410 est
3352 1355 3529 1423 Spiri-

275 1447 336 1528 tu
371 1481 582 1537 sancto,
611 1472 727 1525 sive
770 1466 1109 1537 ἐνεφορήθης
1142 1473 1200 1518 et
1229 1475 1420 1517 versus
1434 1459 1760 1513 alterutrum
1794 1464 1862 1506 rei

1970 1463 2038 1504 ire
2078 1461 2312 1521 poterat,
2369 1461 2607 1507 attamen
2658 1452 2884 1523 pulchre
2941 1451 3190 1507 melodus
3240 1450 3301 1502 τὸ
3356 1453 3530 1521 ἐμφο-

275 1569 409 1638 ροῦν
427 1569 504 1638 τῷ
537 1567 826 1635 ἐμπιπλῶν
857 1563 1114 1635 praetulit.

352 1658 491 1732 ρι,θ’.
527 1659 842 1727 Σκοπητὲον
888 1657 950 1711 δὲ
996 1657 1209 1727 μήποτε
1234 1656 1295 1709 τό
1325 1673 1340 1690 ο
1378 1653 1685 1725 Ἐμφοροῦν
1720 1652 1847 1707 τοὺς

270 1754 607 1815 ἀποστόλους
632 1752 788 1820 inpia
817 1750 1036 1821 τιμῆεν,
1075 1748 1475 1818 παρείλκυσται
1509 1747 1616 1800 ἀπὸ
1653 1747 1848 1812 ἐξωτε-

2025 1639 2151 1696 199.
2187 1637 2490 1694 Videndum
2529 1645 2711 1692 autem
2739 1651 2806 1691 ne
2848 1635 2989 1691 forte
3055 1635 3220 1691 dictio
3251 1653 3264 1689 :
3291 1633 3530 1705 chlens

1955 1731 2232 1800 apostolos
2257 1729 2624 1784 venerandum
2651 1727 2870 1790 ﬂamen,
2911 1736 3068 1782 eruta
3098 1727 3171 1781 sit
3195 1741 3262 1780 ex
3290 1728 3392 1782 hoc
3426 1743 3525 1781 ex-

277 1844 437 1908 ρικοῧ
486 1843 652 1906 ἔπους
690 1841 808 1906 τοῦ,
845 1843 1094 1912 Ἔπρησε
1115 1841 1160 1895 δ’
1182 1839 1383 1910 ἄνεμος
1444 1838 1610 1892 ἱστίον
1662 1839 1846 1909 μέσον,

1970 1841 2113 1882 emo
2135 1825 2311 1880 dicto:
2344 1824 2592 1892 Ἔπρησε
2613 1822 2658 1876 δ’
2688 1822 2889 1891 ἄνεμος
2921 1821 3088 1876 ίστίον
3110 1824 3296 1890 μέσον,
3323 1821 3531 1874 inﬂavit

273 1939 494 2006 ἑταῖρος
526 1937 733 1996 ἐκεῖνος
756 1932 1078 2000 ὀνομασθείς
1107 1933 1204 1987 καὶ
1229 1931 1298 1983 δι’
1333 1931 1468 1984 αὐτὸ
1493 1931 1676 1998 τίμιος
1701 1945 1716 1960 ·
1749 1931 1849 1982 καὶ

275 2028 367 2096 εἴη
391 2027 458 2080 ἂν
480 2025 650 2088 οὕτως
681 2024 710 2076 ὁ
733 2022 967 2092 μελῳδὸς
985 2022 1159 2090 λέγων
1187 2021 1268 2073 ὄτι
1299 2018 1653 2090 ἐνεφόρησεν,
1679 2018 1848 2090 ἥγουν

275 2119 514 2190 ἕπρησε,
575 2117 858 2172 τουτέστιν
916 2117 1242 2186 ἐπλήρωσεν
1299 2107 1386 2166 οἷα
1453 2111 1604 2182 φίλον
1669 2111 1851 2180 τίμιον

277 2209 501 2280 πνεῦμα
531 2211 630 2262 ὅσα
656 2210 750 2262 καί
792 2224 914 2260 τινα
951 2207 1098 2260 ἱστία
1130 2204 1437 2258 πλευστικὰ
1468 2203 1594 2265 τοὺς
1617 2201 1853 2256 ἀποστό-

276 2301 431 2368 λους,
466 2302 555 2355 ίνα
585 2302 728 2354 οὕτω
767 2299 1076 2370 πλησίστιοι
1124 2297 1372 2366 ἐξουρίας
1420 2294 1628 2364 ταύτης
1680 2293 1854 2362 πνοῆς

279 2395 604 2463 φερόμενοι,
631 2394 728 2454 τὰς
762 2391 980 2452 ἐθνικὰς
1022 2389 1298 2452 θαλάσσας
1325 2387 1730 2456 περιέρχοιντο·
1766 2385 1857 2452 νή-

281 2502 417 2547 σους
445 2502 501 2537 τε
537 2482 891 2552 προφητικῶς
920 2479 1323 2548 ἐγκαινίζοντες
1351 2478 1429 2548 τῷ
1459 2475 1598 2546 Θεῷ,
1633 2478 1724 2529 καὶ
1744 2477 1856 2536 τοῖς

279 2579 345 2628 ἐν
387 2578 508 2636 ταῖς
565 2574 780 2644 χέρσοις
823 2572 1298 2642 παρακομίζοντες
1337 2569 1608 2640 ἐμπορίας
1655 2567 1856 2638 τρόπον

277 2669 354 2721 τὰ
384 2671 462 2731 είς
493 2666 764 2735 σωτηρίαν
799 2665 1070 2720 ἐνδέοντα.
1107 2665 1294 2735 Ἀημα
1325 2663 1382 2717 δὲ
1415 2661 1476 2715 τὸ
1505 2660 1746 2732 πνεῦμα,
1780 2660 1856 2722 ὡς

281 2757 506 2811 ἀπὸτοῦ
539 2759 677 2827 ἇημι
709 2758 883 2826 ἀήσω,
915 2757 973 2820 ἐξ
1011 2755 1072 2808 οὗ
1097 2756 1193 2808 καὶ
1223 2755 1600 2826 παρατατικός
1631 2767 1645 2782 ·
1696 2752 1858 2820 Μῆνα

280 2850 334 2904 δ’
361 2851 596 2920 ἄληκτον
649 2850 734 2904 det
786 2850 972 2911 νότος·
1005 2841 1066 2902 οὗ
1125 2849 1370 2918 σημασία
1427 2846 1527 2918 μὲν
1566 2847 1625 2899 τὸ
1657 2843 1853 2898 ἔπνεε⁸

280 2943 501 3014 κίνησις
545 2943 600 2996 δὲ
630 2942 770 2994 κατὰ
801 2941 861 2994 τὸ
899 2940 1121 3004 ἐτίθειν,
1155 2939 1374 3006 ἐτίθεις,
1411 2938 1614 2992 ἐτίθει·
1657 2937 1771 2990 ἐστι
1799 2934 1858 2989 δὲ

284 3034 386 3086 καὶ
419 3033 623 3102 μετοχὴ
657 3032 748 3086 τοῦ
779 3033 940 3102 ἄημι,
981 3033 1100 3094 ἀεὶς
1131 3030 1343 3094 ἀέντος,
1372 3029 1447 3094 ὼς
1479 3027 1649 3088 τιθεὶς
1675 3026 1856 3080 τιθέν-

281 3141 410 3188 τος·
441 3118 501 3177 οὗ
525 3125 716 3195 γενικὴ
745 3123 1086 3194 πληθυντικὴ
1115 3124 1344 3186 ἀέντων,
1371 3121 1443 3184 ὼς
1467 3121 1527 3172 τό
1555 3136 1570 3152 ⁶
1613 3120 1856 3189 Ἀνέμων

1949 1929 2145 1974 ventus
2176 1917 2414 1972 medium
2447 1915 2646 1978 velum,
2675 1915 2888 1968 amicus
2949 1915 3052 1968 iste
3083 1914 3264 1968 dictus
3308 1923 3360 1967 et
3403 1913 3530 1967 ideo

1948 2010 2222 2081 pretiosus
2251 2023 2344 2063 seu
2376 2008 2735 2062 venerandus.
2763 2005 2828 2060 Et
2853 2006 2934 2060 sic
2985 2005 3232 2060 melodus
3279 2005 3484 2059 diceret
3510 2021 3527 2058 :

1959 2101 2261 2171 ἐνεφόρησε
2288 2099 2405 2152 sive
2450 2100 2679 2168 ἔπρησε,
2718 2097 2899 2162 idest,
2933 2095 3180 2164 replevit,
3241 2097 3319 2150 uti
3366 2111 3532 2149 vene-

1953 2190 2184 2244 randum
2213 2186 2560 2257 amicumque
2593 2187 2816 2249 ﬂamen,
2851 2197 3113 2256 tanquam
3155 2190 3400 2256 quedam
3434 2203 3532 2240 ua-

1957 2280 2093 2334 valia
2133 2279 2275 2342 vela,
2317 2277 2620 2348 apostolos,
2651 2286 2712 2332 ut
2747 2279 2819 2330 ita
2872 2277 3058 2346 repleti
3121 2291 3216 2346 per
3289 2275 3528 2331 faustam

1955 2372 2096 2424 hanc
2123 2370 2480 2439 spirationem
2515 2369 2635 2433 lati,
2675 2369 2895 2422 etlinica
2922 2369 3098 2422 maria
3128 2369 3483 2423 circumirent
3512 2385 3529 2432 ;

1957 2462 2162 2516 insulas
2193 2459 2512 2530 praphetico
2540 2459 2703 2514 modo
2724 2459 3043 2514 dedicantes
3076 2458 3205 2524 Deo,
3231 2468 3282 2513 et
3311 2460 3376 2514 ad
3411 2461 3531 2514 illos

1957 2554 2047 2623 qui
2076 2562 2273 2607 terram
2305 2551 2533 2607 solidam
2571 2552 2838 2617 habitant,
2870 2552 3036 2606 veluti
3093 2552 3440 2622 negotiando.
3466 2568 3530 2606 ea

1956 2663 2078 2716 qua:
2110 2646 2175 2700 ad
2213 2645 2442 2701 salutem
2472 2645 2790 2718 necessaria
2813 2653 2964 2707 sunt,
2993 2646 3369 2714 importautes.
3410 2645 3535 2713 Spi-

1957 2740 2095 2793 ritus
2121 2747 2301 2793 autem
2334 2747 2418 2792 est
2447 2737 2623 2807 ἇημα,
2647 2738 2794 2790 velut
2827 2737 2897 2791 ab
2922 2735 3059 2805 ἄημι
3105 2737 3280 2807 ἀήσω,
3304 2753 3368 2790 ex
3422 2751 3535 2806 quo

1959 2829 2336 2899 imperfectum
2369 2847 2384 2884 :
2415 2830 2575 2896 Μῆνα
2605 2829 2651 2880 δ’
2684 2827 2920 2896 ἄληκτον
2956 2829 3042 2880 ἀει
3073 2827 3244 2891 νότος,
3286 2829 3536 2882 intermi-

1957 2931 2090 2977 nato
2112 2937 2297 2977 mense
2323 2921 2566 2992 spirabat
2592 2929 2788 2984 notus;
2824 2918 2986 2988 cuju‘s
3044 2918 3377 2988 significatio
3404 2920 3532 2988 qui-

1959 3013 2081 3069 dem
2111 3022 2197 3068 est
2228 3023 2284 3066 ut
2315 3011 2472 3064 ἐπνεε
2499 3026 2515 3065 :
2555 3009 2724 3066 motio
2755 3025 2883 3065 vero
2919 3010 2976 3066 fit
2999 3011 3152 3082 juxta
3184 3011 3246 3064 τὸ
3310 3012 3531 3076 idem,

1961 3103 2176 3168 ἐτίθεις.
2196 3100 2386 3156 ἐτίθει.
2416 3099 2512 3156 Est
2542 3110 2722 3155 autem
2778 3101 2946 3156 etiam
3014 3103 3361 3171 participium
3435 3101 3533 3158 τοῦ

289 3220 451 3286 μένος
484 3217 654 3286 ὑγρδν
698 3194 903 3271 ἀέντων
927 3233 938 3246 .
998 3215 1208 3270 ἐκεῖθεν
1259 3213 1314 3267 δὲ
1368 3215 1542 3284 ἀήτης
1569 3214 1597 3265 ὁ
1624 3213 1856 3281 ἄνεμος.
1885 3201 1930 3266 c
1963 3195 2126 3267 ἄημι,
2167 3196 2284 3258 ἀεὶς
2315 3195 2524 3258 ἀέντος.
2556 3197 2698 3251 sicut
2720 3195 2890 3258 τιθεὶς
2918 3194 3194 3260 τιθέντοςς
3225 3197 3383 3265 cujus
3410 3196 3535 3265 pluo

282 3305 364 3368 ὡς
396 3306 454 3358 δὲ
479 3307 544 3359 ἐκ
576 3305 669 3358 τοῦ
707 3306 849 3374 ἄημι
903 3306 966 3358 τδ
1013 3305 1190 3374 ἄημα,
1217 3300 1388 3365 οὕτως
1421 3301 1484 3354 ἐκ
1533 3299 1628 3353 τοῦ
1667 3297 1862 3368 τίθημι

285 3399 560 3468 ἐπίθημα,
595 3399 653 3451 τὸ
687 3398 857 3467 πῶμα
911 3397 1008 3467 τῆς
1065 3395 1233 3466 χηλοῦ
1259 3412 1272 3426 ·
1323 3394 1418 3449 καὶ
1466 3393 1727 3463 ἀνάθημα
1768 3392 1863 3444 καὶ

287 3488 570 3558 σύνθημα.

367 3754 434 3808 σ’.
466 3753 674 3823 Τιμῆεν
705 3753 838 3807 δὲτὸ
877 3753 1166 3824 εἰρημένον
1215 3755 1396 3824 ἇημα,
1439 3754 1605 3825 ἤγουν
1653 3755 1687 3825 ἡ
1713 3753 1863 3823 βιαία

298 3849 464 3917 πνοὴ,
499 3847 586 3901 διὰ
617 3849 675 3900 τὸ
713 3847 868 3915 ἅγιον
896 3846 1142 3917 Πνεῦμα,
1245 3847 1430 3917 ἐκείνη
1467 3845 1542 3909 ὡς
1581 3841 1694 3898 οἷον
1727 3861 1864 3914 παρ-

287 3940 698 4010 ηκολούθησεν·
752 3940 852 3993 οὐκ
881 3939 1111 4004 ἀπεικὸς
1170 3939 1226 3992 δὲ
1275 3940 1364 3992 τὸν
1404 3936 1716 3991 ἀκούσαντά
1757 3953 1861 3989 που

289 4035 456 4098 νέφος
497 4033 652 4085 θυόεν
687 4033 746 4086 τὸ
782 4033 946 4085 οἱονεὶ
989 4031 1389 4102 τεθυμιαμένον
1454 4028 1696 4082 τοιοῦτον
1733 4029 1865 4082 ὐπο-

291 4124 485 4192 νοῆσαί
523 4141 572 4176 τι
627 4126 721 4178 καὶ
776 4123 918 4177 οὕτω
956 4125 1140 4194 τίμιον
1195 4124 1290 4176 καὶ
1334 4123 1393 4176 τὸ
1443 4122 1540 4175 νῦν
1572 4123 1736 4194 ῥηθὲν
1770 4121 1864 4174 ὰέ-

291 4235 417 4288 ριον
437 4233 450 4246 ο
489 4216 581 4268 καλ⁵
605 4217 783 4280 ἄλλως
815 4217 870 4270 δὲ
915 4216 974 4270 τὺ
1000 4217 1195 4287 τιμῆεν
1247 4215 1541 4285 συντεχθὲν
1573 4215 1685 4278 τοῖς
1721 4214 1865 4268 οἰκέ-

288 4328 416 4373 ταις
443 4310 615 4374 ἆλλως
643 4310 711 4364 ἂν
744 4309 859 4381 ἔχοι
879 4326 894 4341 ο
929 4309 1113 4379 τίμιον
1135 4308 1244 4380 γὰρ
1274 4304 1340 4380 ἦν
1369 4311 1481 4372 τοῖς
1515 4308 1862 4376 ἀποστόλοις,

289 4403 374 4463 ὡς
404 4403 600 4455 αὐτίκα
651 4400 954 4471 εἰρήσεται,
985 4404 1098 4465 τοῖς
1150 4401 1242 4452 καὶ
1292 4401 1473 4471 μόνοις
1525 4402 1866 4468 ἐπεγνωκόσι

1964 3289 2094 3344 ralis
2131 3287 2400 3358 genitivus
2417 3299 2500 3344 est
2519 3288 2748 3354 ἀέντων,
2771 3295 2829 3342 ιιι
2854 3289 2911 3344 in
2935 3290 3040 3344 hoc
3059 3305 3075 3342 :
3093 3289 3338 3359 ’Δνέμων
3373 3290 3532 3358 μένος

1963 3380 2127 3450 ὑγρὸν
2154 3381 2378 3446 ἀέντων,
2393 3390 2675 3435 ventorum
2695 3390 2872 3436 motus
2894 3382 3169 3437 variabilis
3185 3383 3535 3451 spirantium.

1964 3473 2170 3528 Exinde
2191 3488 2410 3544 quoque
2449 3474 2597 3528 venit
2622 3475 2796 3545 ἀήτης
2825 3478 2853 3528 ό
2887 3473 3110 3543 ἄνεμος.
3171 3474 3525 3529 Sicutautem

1963 3580 2028 3620 ex
2069 3565 2146 3634 τῷ
2179 3565 2315 3632 ᾶημι
2341 3565 2401 3617 τὸ
2427 3564 2604 3634 ἄημα,
2637 3566 2716 3620 sic
2757 3582 2821 3619 ex
2879 3565 2954 3634 τῷ
3005 3565 3194 3634 τίθημι
3256 3567 3529 3636 ἐπίθημα,

1964 3656 2279 3724 operculum
2309 3658 2576 3724 capsulaz;
2609 3668 2663 3712 et
2687 3656 2948 3728 ἀνάθημα
2983 3667 3038 3713 et
3089 3657 3365 3725 σύνθημα.

2035 3747 2559 3804 200.Venerandum
2591 3761 2769 3804 autem
2827 3758 2914 3806 est
2961 3752 3279 3821 praedictum
3339 3750 3536 3806 ﬂamen

1967 3844 2082 3900 sive
2112 3843 2338 3914 spiratiu
2361 3837 2642 3908 fortis,'ob
2679 3841 2941 3911 Spiritum
2967 3852 3244 3905 sanctum,
3284 3843 3369 3896 cui
3401 3858 3541 3911 quo-

1966 3937 2259 3994 dammodo
2280 3937 2465 3991 comiti
2490 3936 2687 4006 praevia
2719 3935 2840 3990 fuit.
2917 3935 3035 3990 Non
3085 3945 3270 3989 autem
3334 3948 3531 3992 contra

1967 4028 2490 4084 verisimilitudinem
2519 4036 2600 4083 est
2626 4043 2749 4083 cum
2787 4027 2878 4096 qui
2912 4029 3168 4098 quopiam
3205 4027 3411 4082 audivit
3437 4045 3543 4082 nu-

1970 4125 2087 4179 bem
2123 4121 2448 4176 odoriferam
2480 4122 2595 4177 sive
2618 4119 3000 4187 suﬂitam,tale
3023 4122 3292 4190 suspicari
3329 4121 3538 4190 aliquid

1967 4226 2024 4271 et
2060 4216 2132 4270 ita
2160 4215 2480 4285 pretiosum,
2521 4223 2818 4284 praiseuter
2847 4215 3052 4272 dictum
3109 4218 3338 4272 aerium.
3388 4217 3543 4272 Alias

1970 4317 2151 4364 autem
2182 4307 2242 4362 τὸ
2270 4307 2465 4377 τιμῆεν
2488 4306 2840 4376 coniunctum
2874 4324 2999 4364 cum
3027 4311 3140 4372 τοῖς
3162 4310 3418 4376 οἰκέταις,
3443 4310 3544 4365 ali-

1972 4410 2052 4456 ter
2079 4400 2735 4468 habcretur:pretiosum
2795 4401 2941 4455 enim
3000 4411 3113 4457 erat
3137 4402 3419 4472 apostolis,
3482 4411 3544 4458 ut

292 4495 396 4564 τὴν
425 4498 480 4547 ἐν
507 4496 582 4565 τῷ
609 4494 862 4564 συμϐόλῳ
885 4492 1168 4560 θειοτάτην
1195 4495 1410 4562 σοφίαν,
1434 4493 1526 4547 καὶ
1554 4492 1862 4562 διακρίνασι

1973 4489 2233 4545 continuo
2255 4489 2488 4550 dicetur,
2518 4489 2608 4556 Qui
2644 4488 3162 4546 solidivinissimam
3214 4491 3538 4560 sapientiam

298 4587 392 4638 τὶν
423 4581 555 4656 ἦχον
617 4587 714 4654 τῆς
762 4585 962 4654 βιαίας,
1028 4585 1196 4655 πνοῆς
1221 4598 1232 4614 ·
1286 4586 1482 4637 ταυτὸν
1503 4583 1548 4637 δ’
1576 4585 1752 4639 εἰπεῖν
1773 4585 1862 4639 τοῦ

1977 4591 2306 4651 agnoverant
2359 4581 2412 4634 in
2437 4580 2683 4650 symbolo
2706 4597 3010 4650 sonumque
3028 4584 3362 4637 vehementis
3379 4582 3542 4639 ﬂatus

304 4677 486 4748 βιαίου
532 4677 801 4748 ἁὴματος,
839 4676 1067 4746 μήνυμα
1106 4671 1244 4729 εἷναι
1295 4676 1391 4746 τῆς
1423 4675 1516 4729 τοῦ
1560 4677 1870 4745 ἀγιωτὰτου

305 4767 624 4838 Πνεύματος
653 4768 1013 4830 ἐπελεύσεως.
1058 4767 1118 4820 ΕΞ
1173 4765 1320 4820 δὲτὸ
1366 4767 1609 4821 τοιοῦτον
1651 4769 1871 4839 πνεῦμα

298 4861 406 4936 οὐκ
457 4859 701 4930 ἐφριξαν,
754 4858 889 4913 ἀλλὰ
937 4859 1202 4929 ἐτίμησαν
1245 4859 1524 4930 χαρέντες,
1581 4860 1657 4922 ὡς
1705 4863 1872 4928 εἰκὸς,

296 4953 452 5014 οἵους
483 4952 775 5020 νομίσομεν
815 4951 944 5012 τοὺς
976 4951 1201 5013 πιστοὺς
1225 4953 1442 5014 οἰκέτας
1472 4951 1700 5014 τούτους
1731 4949 1871 5005 εἶναι

294 5046 373 5097 τὰ
400 5045 481 5107 είς
508 5044 680 5114 χαρὰν
712 5045 799 5112 ἐφ’
831 5039 912 5106 οἷς
953 5044 1219 5113 ἐνήργουν
1271 5043 1500 5114 ὕστερον
1533 5043 1875 5114 ἐμφορηθέν-

295 5151 395 5198 τες
424 5137 516 5189 τοῦ
550 5135 706 5204 ἁγίου
739 5135 1095 5204 Πνεύματος;
1141 5137 1205 5190 Εἰ
1243 5135 1297 5189 δὲ
1328 5133 1748 5205 κατετάχθησαν
1773 5135 1872 5206 ήδη

298 5230 387 5290 εἷς
417 5226 601 5294 φίλους
641 5227 720 5297 τῷ
745 5227 984 5295 δεσπότῃ
1015 5227 1259 5296 Χριστῷ,
1295 5222 1439 5280 καθά
1471 5228 1677 5290 ἐκεῖνος
1710 5227 1877 5292 εύαγ-

296 5318 538 5390 γελικῶς
585 5319 811 5384 διέθετο,
857 5315 974 5372 ἀλλ’
1008 5319 1108 5370 οὐκ
1164 5319 1230 5370 ἂν
1279 5317 1638 5386 ἐκφεύξονται
1693 5317 1754 5371 τὸ
1799 5318 1876 5388 μὴ

295 5412 483 5470 δοῦλοι
505 5409 645 5464 εἶναι
673 5410 858 5480 φύσει,
883 5410 970 5464 ναὶ
992 5409 1047 5463 δὲ
1077 5410 1172 5464 καὶ
1192 5409 1587 5464 δουλέκδουλοι.

376 5593 479 5641 σαν.
530 5587 722 5641 Ἰστέον
751 5587 808 5640 δὲ
834 5587 917 5641 ὅτι
946 5605 1003 5640 τε
1034 5585 1155 5642 ὅθεν
1186 5590 1244 5641 τὸ
1273 5589 1444 5658 ἄημα,
1474 5587 1683 5640 ἐκεῖθεν
1717 5590 1810 5642 καὶ
1848 5592 1876 5643 ὁ

295 5679 502 5749 ἄνεμος
528 5695 541 5709 ⁸
573 5679 742 5749 ἇεμός
781 5698 861 5744 τις
903 5679 977 5733 ὢν
1004 5681 1100 5733 καὶ
1128 5681 1453 5750 πλεονασμῷ
1485 5679 1580 5735 τού
1629 5681 1712 5748 νῦ,
1747 5682 1877 5736 ἄνε-

301 5788 408 5842 μος
435 5788 450 5803 ο
484 5773 578 5824 καὶ
621 5772 704 5826 ὅτι
751 5773 946 5843 χρῆσις
1002 5773 1245 5842 ἀήματος
1295 5773 1390 5826 καὶ
1433 5773 1522 5826 ἐπὶ
1553 5772 1630 5843 τῷ
1659 5773 1869 5827 εἰπόντι

1973 4672 2060 4727 vel
2091 4671 2231 4740 quod
2263 4669 2406 4724 idem
2429 4681 2532 4735 est,
2567 4671 2726 4725 fortis
2789 4672 3048 4738 ἀήματος
3104 4671 3545 4738 dijudicaverant

1974 4762 2234 4818 indicium
2260 4776 2385 4815 esse
2419 4760 2748 4816 sanctissimi
2781 4757 3019 4827 Spiritus
3081 4761 3448 4816 advenientis.
3481 4763 3538 4817 Si

1973 4868 2103 4908 vero
2133 4853 2291 4908 talem
2317 4853 2568 4922 spiritum
2600 4867 2706 4906 non
2765 4851 3279 4919 reformidaverunt,
3315 4855 3411 4909 sed
3445 4857 3544 4909 Ito-

1977 4944 2594 5010 noraveruutlaetantes,
2637 4953 2794 4999 ute~t
2827 4945 3175 5010 verissimile,
3215 4945 3405 5014 quales
3441 4962 3546 5017 pu-

1978 5038 2214 5091 tabimus
2243 5037 2429 5092 ﬂdeles
2468 5037 2603 5092 istos
2644 5037 2940 5093 familiares
2985 5053 3106 5094 esse
3133 5038 3184 5091 in
3222 5039 3546 5108 gaudio,su-

1976 5144 2072 5198 per
2108 5130 2212 5197 his,
2249 5145 2370 5200 quae
2401 5138 2587 5198 postea
2637 5128 2857 5186 fortiter
2913 5131 3286 5200 operabantur
3337 5132 3546 5202 Spiritu

1977 5231 2169 5277 sancto
2195 5221 2430 5290 repleti?
2458 5221 2513 5274 Si
2549 5230 2729 5276 autem
2745 5221 2858 5291 jam
2911 5222 3147 5277 ordinati
3200 5233 3331 5279 sunt
3387 5224 3549 5278 amici

1977 5310 2198 5366 Christo
2233 5309 2487 5376 Domino,
2519 5310 2661 5366 sicut
2697 5312 2798 5366 iste
2825 5311 3173 5381 disposuitin
3229 5313 3548 5382 Evangelia,

1979 5417 2086 5456 non
2119 5410 2300 5458 tamen
2333 5413 2825 5459 cessaveruntesse
2862 5413 3053 5461 natura
3081 5406 3249 5472 servi,
3280 5405 3410 5475 quin
3437 5403 3549 5457 imo

1979 5510 2260 5550 servorum
2303 5496 2417 5549 lilii.

2049 5589 2176 5644 201.
2209 5589 2502 5644 Sciendum
2535 5601 2717 5647 autem
2765 5593 2911 5662 quod
2966 5594 3109 5649 unde
3169 5594 3315 5646 venit
3369 5591 3545 5660 ἆημα,

1981 5682 2124 5737 unde
2151 5696 2369 5752 quoque
2401 5683 2597 5754 ἄνεμος
2623 5684 2718 5754 qui
2747 5685 2896 5740 velut
2917 5687 3083 5754 ᾶεμος
3113 5685 3354 5753 quidam,
3394 5683 3548 5738 addi-

1983 5775 2124 5831 tione
2155 5791 2200 5845 ν,
2243 5775 2301 5832 fit
2322 5775 2522 5848 ἄνεμος
2557 5787 2608 5834 et
2633 5776 2776 5849 quod
2803 5779 3052 5848 ἀήματος
3111 5791 3240 5831 usus
3267 5777 3432 5830 ctiam
3459 5786 3548 5831 est
