3966 6248
272 289 383 361 ’113

991 354 994 356 .
1066 301 1142 366 IN
1194 271 1534 370 nvnuun
1579 301 2239 373 PENTECUSTALEM
2283 314 2744 381 DAMASCENI.

3425 331 3534 398 ’1η

267 413 624 484 αὐτολαμπὲς
651 416 768 484 φῶς
813 418 906 471 καὶ
923 421 1114 488 ,φωτὸς
1145 421 1518 490 μεταδοτικὶν,
1555 420 1855 490 ἀρχέγονον

1968 425 2278 482 summatim
2313 431 2550 499 repetit:
2588 430 2631 488 Ο
2677 447 2890 490 summe
2938 435 3186 504 Domlne,
3233 438 3420 498 lumen
3466 458 3536 499 ex

264 507 394 576 ἦτοι
435 508 807 581 προάναρχον,
851 507 1019 582 ἦλθες
1060 515 1175 577 τοῖς
1211 514 1534 578 ἀποστόλοις
1560 513 1719 584 ἄρτι·
1758 515 1852 566 καὶ

264 600 426 655 τοῦτο
471 601 576 673 μὲν
613 604 674 656 τὸ
739 608 798 658 έν
851 608 966 671 τοῖς
1021 609 1286 680 τέσσαρσι
1349 610 1554 680 στίχοις
1596 606 1852 678 δεύτερον

265 694 452 750 πλατὺ
481 696 664 767 νόημα
688 712 702 727 ⁸
733 699 760 752 ό
790 698 850 752 δὲ
884 699 1137 771 πέμπτος
1163 701 1283 773 ἃμα
1314 703 1402 756 καὶ
1436 701 1669 772 σφίγξας
1709 702 1852 755 ἐκεῖ·

266 806 348 855 νο,
379 791 476 842 καὶ
510 789 858 862 διασαφήσας
887 792 1035 861 λέγει
1074 795 1158 849 δτι
1201 797 1296 850 καὶ
1327 796 1514 866 νέμεις
1551 797 1722 868 ἤγουν
1748 813 1850 866 κα-

269 883 400 953 ρῖζῃ
435 883 662 952 Πνεῦμα
696 886 1070 957 παράκλητον,
1107 890 1275 960 ἤγουν
1325 892 1382 943 σὲ
1427 890 1561 944 αὐτὸ
1608 891 1704 944 καὶ⁵
1751 892 1851 962 τὴν

268 977 382 1032 ἀπὸ
432 977 527 1030 σοῦ
581 977 995 1050 ἑμφοιτήσασαν
1041 981 1324 1050 θειοτάτην
1363 984 1565 1055 χάριν·
1618 983 1711 1038 καὶ
1753 985 1851 1056 οὐχ

263 1069 460 1130 ἁπλῶς
501 1072 710 1140 νέμεις,
741 1073 882 1127 ἀλλὰ·
921 1077 1042 1128 κατ’
1071 1076 1330 1145 ἐπιϐολήν
1373 1095 1494 1130 τινα
1530 1077 1851 1145 περισσειας

261 1159 447 1231 λόγῳδ
479 1161 725 1218 τοιοῦτον
776 1165 882 1234 γάρ
936 1183 989 1219 τι
1039 1167 1101 1220 τὸ
1136 1171 1504 1236 προσνέμεις·
1550 1169 1705 1222 καλοὶ
1751 1171 1852 1240 μὲν

263 1254 378 1325 γὰρ
426 1255 526 1309 καὶ
571 1256 680 1328 πρὸ
724 1257 918 1310 τούτου
952 1259 1266 1322 ἀπόστολοι,
1295 1262 1360 1312 ὲκ
1392 1261 1490 1330 τῆς
1523 1262 1766 1332 σήμερον
1793 1263 1851 1315 δὲ

263 1350 361 1402 καὶ
405 1350 487 1412 εις
518 1351 578 1404 τὸ
614 1350 745 1422 έεῆς
774 1356 939 1423 μέχρι
968 1354 1158 1418 τέλους
1191 1355 1471 1421 καλλίονες
1507 1357 1723 1413 ἔσονται
1755 1359 1851 1412 καὶ

261 1442 652 1512 ἁγαστότεροι,
682 1444 771 1499 διὰ
806 1445 868 1499 τὸ
901 1447 1230 1503 ἐνδύσασθαι
1277 1449 1511 1520 δύναμιν
1559 1451 1758 1520 ὑψόθεν
1781 1454 1849 1504 ἐκ

259 1533 357 1588 τοῦ
385 1535 654 1590 δυνάστου
686 1537 781 1592 καὶ
803 1538 938 1593 Θεοῦ
966 1539 1219 1606 Σαϐαὼθ,
1253 1543 1420 1612 ἧγουν
1450 1541 1651 1612 Κυρίου
1693 1543 1848 1598 δυνά-

261 1644 417 1696 μεων
472 1628 683 1683 πολλῶν
707 1646 721 1660 ο
745 1629 908 1684 ’ὥστε
955 1633 1055 1701 τὴν
1095 1635 1153 1685 ἐν
1189 1635 1300 1698 τοῖς
1337 1636 1629 1706 τέσσαρσιν
1659 1635 1851 1690 ἔπεσιν

1963 517 2246 588 temetipso
2298 520 2548 593 fulgens,
2603 540 2668 580 ac
2709 525 2888 583 lucem
2933 531 3376 603 communicaas,
3421 537 3540 607 pri-

1963 608 2196 664 marium
2227 613 2346 668 sive
2377 615 2705 687 principale,
2728 621 2996 690 apostolis
3024 621 3188 681 hodie
3223 627 3444 683 venisti.
3471 630 3542 689 Et

1965 699 2080 754 haec
2106 701 2324 771 quidem
2351 715 2436 760 est
2461 705 2515 760 in
2553 718 2789 778 quatuor
2822 713 3074 769 versibus
3104 729 3362 786 expressa
3415 735 3542 790 pro-

1963 792 2071 848 lixo
2119 798 2360 853 secunda
2379 801 2669 856 sententia.
2700 801 2935 869 Quintus
2961 815 3144 862 autem
3173 823 3364 868 versus
3390 811 3536 868 illam

1962 885 2127 942 simul
2161 890 2438 961 stringens
2469 900 2524 947 et
2548 893 2851 958 elueidans,
2885 898 2996 956 ait:
3024 899 3246 959 Trihuis
3270 903 3384 959 sive
3417 916 3540 974 ετα-

1963 978 2188 1036 tilicaris
2213 980 2476 1051 Spiritum
2507 985 2866 1054 paracletum,
2896 1003 2991 1043 seu
3017 991 3274 1061 teipsum,
3319 1003 3378 1049 et
3421 1011 3452 1049 a
3481 1003 3536 1050 te

1961 1072 2259 1142 digressam
2276 1074 2677 1131 divinissimam
2703 1079 2960 1148 gratiam.
2981 1081 3045 1136 Et
3070 1098 3177 1138 non
3211 1084 3535 1156 simpliciter

1961 1163 2182 1228 tribuis,
2213 1164 2332 1232 sed,
2361 1167 2713 1224 abundantiae
2737 1183 2925 1232 causa,
2967 1186 3092 1226 cum
3121 1176 3354 1243 quadam
3385 1177 3540 1234 addi‘

1961 1254 2157 1310 tione:
2195 1257 2300 1311 tale
2350 1259 2499 1312 enim
2539 1259 2743 1330 aliquid
2777 1271 2861 1317 est
2901 1263 3124 1319 verbum
3176 1269 3535 1338 προσνέμεις.

1962 1348 2098 1405 Boni
2127 1352 2339 1410 scilicet
2373 1355 2657 1425 crantjam
2682 1357 2834 1428 prius
2866 1360 3101 1428 apostoli
3130 1379 3144 1427 ;
3175 1375 3245 1417 ex
3273 1362 3378 1420 hac
3411 1378 3542 1420 vero

1960 1442 2050 1497 die
2087 1452 2141 1498 et
2170 1445 2430 1516 deinceps
2456 1459 2510 1502 et
2543 1463 2719 1519 usque
2743 1449 2798 1506 in
2835 1449 3024 1516 tinctu,
3069 1453 3329 1510 meliores
3357 1464 3414 1510 et
3438 1455 3543 1510 mi-

1962 1535 2250 1593 rabiliores
2293 1549 2474 1601 erunt,
2517 1555 2582 1596 eo
2629 1542 2772 1610 quod
2822 1542 2996 1601 induti
3041 1553 3175 1600 sunt
3219 1546 3423 1602 virtute
3470 1562 3538 1602 ex

1964 1627 2093 1693 alto,
2133 1630 2423 1686 aDomino
2452 1631 2674 1704 Deoque
2705 1633 2972 1700 Sabaoth,
3006 1636 3058 1692 id
3105 1645 3209 1702 est,
3246 1638 3539 1695 multarum

258 1723 410 1790 κατὰ
439 1723 626 1794 διττὴν
660 1723 877 1796 γραφὴν
911 1726 1015 1780 ,τοῦ
1047 1720 1192 1799 ἦκας
1236 1729 1328 1780 καὶ
1355 1722 1492 1800 ἧκες
1524 1729 1854 1800 περιειλημ-

1968 1723 2328 1791 potentiarum
2377 1723 2631 1784 Domino.
2666 1727 2744 1782 lla
2775 1737 2835 1783 ut
2867 1730 3171 1786 involutam
3215 1732 3270 1786 in
3303 1741 3542 1802 quatuor

259 1817 439 1889 μένην
473 1817 779 1888 θεολογίαν,
815 1820 922 1892 ἰδία
949 1820 976 1872 ό
1003 1821 1256 1888 πέμπτος
1287 1821 1406 1892 ἔχει
1433 1823 1616 1894 στίχος
1646 1823 1855 1878 ἀπολα-

1959 1813 2228 1881 versibus,
2261 1815 2417 1886 juxta
2459 1818 2730 1888 duplicem
2761 1821 3092 1892 scripturam
3126 1815 3270 1894 ἦκας
3307 1819 3540 1898 stipe“,

257 1908 409 1963 σὼν·
441 1909 471 1962 ὃ
503 1910 734 1982 δύναμιν
778 1911 872 1966 τοῦ
919 1913 1162 1986 μελῳδοῦ
1195 1915 1388 1985 νοερὰν
1425 1915 1624 1987 πολλὴν
1657 1919 1755 1976 καὶ
1795 1921 1856 1973 ἐν

1968 1907 2314 1978 theologiam,
2347 1909 2573 1978 quintus
2607 1926 2823 1978 vers-Is,
2853 1915 3131 1983 propriam
3161 1916 3262 1970 sibi
3307 1915 3539 1982 faciens,

255 2001 338 2072 τῷ
375 2002 614 2074 φράζειν
646 2003 1005 2059 ἐνδείκνυται.

493 2187 820 2255 Τροπὰριον
851 2190 1056 2258 τρίτον
1084 2190 1196 2259 τῆς
1226 2193 1448 2262 ὀγδόης
1472 2195 1653 2264 ᾠδῆς.

258 2277 462 2334 XXIV.
488 2275 631 2352 ’ᾙσε
655 2284 955 2352 προφητῶν
986 2287 1480 2359 πνευματέμφορον
1517 2291 1692 2360 στόμα

500 2371 608 2442 Σὴν
638 2374 1006 2442 σωματωδῶς,
1031 2369 1076 2430 ὦ
1110 2377 1322 2442 Μέδων,
1357 2381 1639 2452 ὲνδημῖαν·

501 2463 613 2518 Καὶ
638 2465 866 2537 Πνεῦμα
897 2469 1114 2524 κόλπων
1155 2475 1440 2542 πατρικῶν
1480 2480 1853 2549 προηγμένον,

495 2557 1516 2638 ’Δκτιστοσυμπλαστουργοσύνθρονον
1545 2569 1701 2623 σέθεν

495 2649 620 2715 Ἱεὶς
659 2653 1130 2725 ἐνανθρωπήσεως
1164 2661 1381 2723 πιστοῖς
1417 2661 1600 2725 σέλας.

326 2743 438 2797 σδ⁹.
488 2745 799 2800 ’Δποίκιλον
823 2747 889 2813 γᾶ
897 2764 930 2816 ρ
952 2748 1011 2801 τὸ
1036 2749 1221 2819 τρίτον
1245 2751 1406 2804 τοῦτο
1437 2756 1754 2826 τροπάριον,
1779 2760 1856 2812 δι-

255 2838 449 2908 πλόην
485 2837 671 2908 μέντοι
725 2839 850 2909 ἔχον
903 2843 994 2894 καὶ
1024 2841 1158 2894 αὐτὸ
1190 2843 1413 2899 πλείονα
1442 2847 1537 2900 τοῦ
1573 2854 1858 2922 προσεχῶς

249 2929 608 3001 εἰρημένουο
638 2930 786 3002 λέγει
818 2931 928 3004 γὰρ
959 2933 991 3004 ἢ
1025 2935 1129 2999 ὅτι,
1163 2929 1208 2990 ὦ
1241 2937 1439 3004 μέδων,
1471 2939 1499 2993 ὅ
1538 2943 1656 2996 ἐστι
1699 2944 1856 3015 βασι-

1957 2001 2360 2069 amplectatur:
2394 2003 2535 2072 quod
2577 2005 2872 2073 potentiam
2910 2006 3135 2062 amitam
3174 2017 3385 2073 poettn,
3421 2015 3538 2064 tum

1959 2094 2012 2147 in
2042 2093 2353 2164 cogitando,
2387 2106 2498 2152 tum
2534 2099 2586 2151 in
2612 2097 2938 2169 eloquendo,
2971 2101 3230 2158 ostendit.

2257 2183 2574 2256 Troparium
2610 2190 2823 2244 tertium
2849 2197 2964 2246 orta:
2995 2205 3215 2248 octava.

2169 2278 2384 2334 ϐιιιείηἰῑ
2421 2283 2805 2351 prophetarum
2835 2283 3038 2354 Spiritu
3078 2286 3297 2355 plenum
3329 2301 3416 2342 os.

2067 2369 2248 2425 'l‘uum
2274 2374 2653 2440 corporaliter,
2686 2389 2717 2429 ο
2752 2374 2998 2442 Domine,
3039 2376 3365 2444 adventum,

2067 2461 2130 2514 I-lt
2166 2461 2428 2532 Spiritum
2459 2464 2672 2520 sinibus
2695 2467 2938 2535 palemis
2963 2467 3290 2536 productum

2066 2554 2400 2624 lncreatum,
2431 2557 2823 2624 confactorem,
2857 2575 3238 2619 consessorem
3270 2574 3450 2633 tuum,

2068 2650 2240 2716 Quem
2273 2650 2471 2705 misisti
2507 2652 2903 2710 incarnationis
2937 2655 3189 2714 ﬁdelibus
3223 2659 3540 2716 colendum.

2030 2741 2160 2799 204.
2195 2743 2434 2814 Simplex
2468 2745 2557 2798 illa
2588 2747 2750 2802 tertia
2778 2749 3006 2818 strophe
3031 2749 3174 2806 sicut
3204 2751 3541 2820 praecidens,

1960 2851 2183 2892 sensum
2207 2845 2386 2892 tamen
2415 2837 2588 2908 magis
2611 2838 2950 2909 duplicatum
2976 2841 3159 2898 habet.
3196 2843 3335 2900 Dicit
3348 2847 3531 2902 enim:

1963 2924 2034 2981 Ὦ
2052 2929 2265 2992 Μέδων,
2301 2929 2352 2985 id
2381 2941 2488 2997 est,
2515 2947 2612 2986 rex
2645 2933 2884 2989 salvator
2911 2935 3158 2993 Christe!
3197 2939 3403 2998 Cecinit
3427 2943 3542 3000 sive

251 3023 348 3077 λεῦ
389 3023 587 3095 Σῶτερ
624 3026 850 3095 Χριστὲ,
894 3023 1028 3099 ᾖσεν
1069 3029 1096 3082 ὅ
1129 3031 1278 3084 ἑστιν
1311 3031 1512 3098 ἔλεξεν,
1545 3035 1621 3100 ὡς
1665 3040 1728 3092 ὲκ
1757 3039 1851 3094 τοῦ

1968 3019 2121 3086 dixit,
2155 3028 2412 3089 tanquam
2448 3036 2512 3077 ex
2543 3022 2655 3094 ᾄδω
2681 3023 2818 3094 ᾄσω,
2847 3034 2994 3080 tuam
3022 3027 3162 3090 inter
3193 3045 3292 3086 nos
3339 3047 3540 3102 corpu-

247 3114 371 3188 ᾷδω
438 3115 583 3188 ᾇσω,
615 3118 712 3188 τὴν
745 3118 843 3191 σὴν
871 3122 1222 3190 σωματωδῶς
1269 3124 1534 3195 ἐνδημιαν
1582 3129 1642 3184 τὸ
1682 3133 1858 3203 στόμα

251 3210 370 3262 τῶν
412 3209 737 3281 προφητῶν,
775 3210 834 3262 τὸ
863 3210 941 3273 ὡς
977 3212 1036 3265 έν
1077 3213 1154 3283 τῷ
1179 3215 1298 3297 ,πρὸ
1344 3217 1536 3272 τούτου
1577 3224 1862 3297 τροπαρίῳ

251 3301 496 3373 εἴρηται
526 3304 1019 3375 πνευματέμφορον
1040 3322 1056 3338 ο
1085 3307 1118 3377 ἢ
1147 3295 1240 3362 καὶ
1263 3307 1440 3374 ἄλλως
1466 3313 1528 3365 τὸ
1550 3318 1725 3382 στόμα
1751 3295 1861 3373 τῶν

251 3393 749 3464 πνευματοφόρων
796 3396 1102 3466 προφητῶν
1124 3414 1138 3428 ο
1167 3399 1369 3469 ὁμοίως
1418 3403 1476 3456 δὲ
1509 3402 1715 3476 ἔμελψε
1758 3411 1860 3480 τὴν

250 3485 444 3558 αὐτὴν
475 3483 741 3556 ἐνδημίαν
775 3504 892 3554 σου,
923 3488 1015 3542 καὶ
1044 3489 1104 3542 τὸ
1141 3489 1298 3559 ἅγιον
1349 3493 1574 3564 Πνεῦμα
1612 3514 1861 3572 προηγη-

252 3581 433 3651 μένον
486 3579 604 3633 τῶν
647 3581 933 3651 πατρικῶν
988 3599 1084 3635 σου
1115 3583 1356 3655 κόλπων,
1393 3589 1516 3659 οὐχὶ
1549 3591 1682 3646 αὐτὸ
1710 3590 1859 3665 ᾆδον,

247 3673 380 3728 ἀλλ’
417 3670 688 3742 ἐνεργοῦν
713 3676 774 3726 ἐν
800 3676 910 3736 τοῖς
943 3675 1352 3746 προφητεύουσι
1384 3684 1474 3732 καὶ
1502 3680 1674 3745 οὕτως
1705 3684 1861 3754 ᾅδουο

251 3783 309 3820 σι
330 3781 350 3799 ο
386 3765 524 3832 καὶ,
550 3763 626 3828 ὡς
655 3766 704 3818 οἱ
747 3765 894 3832 ἅγιοι
927 3765 1170 3836 Πατέρες
1204 3775 1362 3837 φασὶ,
1386 3769 1582 3825 λαλοῦν
1614 3775 1703 3830 διὰ
1745 3777 1857 3831 τῶν

253 3858 586 3930 προφητῶν
609 3859 678 3910 τὰ
712 3857 1011 3924 καθολικῶς
1040 3861 1135 3913 καὶ
1161 3863 1535 3927 ἀποστολικῶς
1567 3866 1863 3937 ἐκκλησια-

253 3951 434 4005 στικά
464 3966 481 3979 ο
541 3950 634 4002 καὶ
687 3949 838 4004 ἐστιν
870 3953 897 4003 ό
936 3953 1120 4021 τρίτος
1156 3953 1340 4022 στίχος
1396 3955 1634 4010 ἐνταῦθα
1675 3959 1862 4013 διασα·

246 4043 509 4115 φητικὸς
547 4040 642 4093 τοῦ
678 4042 900 4111 πρώτου
931 4044 1028 4096 ἐπὶ
1061 4049 1126 4116 τῇ
1169 4048 1311 4116 αὐτῇ
1340 4048 1548 4120 ὲννοέᾳο
1575 4050 1750 4119 λέγων
1780 4054 1863 4106 ὅτι

245 4139 376 4206 Οὐχ
410 4135 619 4193 ἁπλῶς
648 4134 716 4188 τὰ
739 4135 885 4188 κατὰ
913 4136 994 4199 σὲ,
1017 4133 1064 4188 -ῶ
1093 4139 1468 4207 παμϐασιλεῦ,
1500 4143 1561 4192 τὸ
1589 4142 1700 4194 τῶν
1724 4159 1862 4213 προ-

245 4229 462 4299 φητῶν
522 4225 698 4296 στόμα
750 4227 982 4294 ἐλάλησε
1025 4228 1314 4296 πληρωθὲν
1351 4229 1508 4297 ἁγίου
1544 4233 1863 4303 Πνεῦματος

243 4323 381 4373 τότε
416 4314 530 4370 τοῦ
576 4315 672 4369 νῦν
720 4319 1269 4388 συμϐολογραέέντος
1307 4321 1394 4374 διὰ
1422 4323 1519 4392 τῆς
1551 4328 1860 4395 φερομένης

1967 3111 2138 3168 ralem
2168 3115 2520 3182 praesentiam
2577 3129 2639 3171 os
2680 3116 3114 3186 prophetarum;
3171 3121 3339 3190 quod.
3375 3136 3430 3180 ut
3458 3125 3544 3180 di-

1963 3211 2111 3259 ctum
2130 3214 2212 3262 est
2232 3205 2283 3259 in
2299 3207 2621 3276 praecedenti
2638 3211 2882 3280 stropha,
2897 3223 3013 3268 erat
3031 3216 3546 3288 πνευματέμφορον,

1964 3295 2174 3366 Spiritu
2213 3297 2456 3366 plenum.
2509 3297 2605 3354 Vel
2637 3299 2827 3366 aliter,
2883 3317 2946 3357 os
2995 3303 3280 3372 plenarum
3333 3307 3545 3378 Spiritu

1964 3391 2374 3460 prophetarum.
2408 3392 2671 3450 Similiter
2701 3404 2882 3451 autem
2925 3397 3129 3455 cecinit
3163 3401 3416 3456 eumdem
3450 3403 3542 3457 in-

1963 3485 2202 3538 colatum
2228 3493 2384 3540 tuum
2429 3485 2670 3557 Spiritus
2713 3498 2940 3546 sanctus
2985 3491 3081 3561 qui
3132 3496 3199 3550 de
3237 3493 3418 3552 Patris
3462 3495 3544 3552 tui

1963 3578 2086 3634 sinu
2119 3580 2385 3647 procedit,
2412 3595 2520 3635 non
2569 3580 2688 3651 ipse
2733 3598 2966 3650 canens,
2996 3588 3090 3642 sed
3121 3587 3382 3646 virtutem
3414 3607 3549 3661 pro-

1965 3671 2310 3740 phetantibus
2344 3683 2395 3726 et
2431 3672 2502 3727 ita
2537 3675 2862 3732 canentibus
2917 3677 3214 3737 infundens
3239 3723 3256 3749 ,
3299 3692 3378 3748 et,
3403 3683 3546 3740 sicut

1964 3763 2116 3817 aiunt
2143 3764 2318 3817 sancti
2347 3761 2555 3830 Patres,
2589 3780 2713 3835 quae
2746 3775 2874 3824 sunt
2900 3768 3160 3826 Ecclesia:
3185 3772 3469 3829 catholicae
3490 3782 3547 3830 et

1965 3856 2280 3925 apostolicae
2325 3857 2559 3927 loquens
2607 3875 2701 3927 per
2736 3862 3050 3929 prophetas.
3107 3865 3172 3920 Et
3217 3876 3299 3922 est
3342 3866 3544 3924 tertius

1966 3963 2158 4002 versus
2178 3961 2347 4015 super
2368 3950 2617 4002 eamdem
2649 3951 3002 4017 sententiam,
3036 3952 3193 4019 primi
3225 3951 3544 4021 explanato-

1967 4039 2105 4102 rius,
2159 4037 2388 4092 dicens:
2421 4037 2537 4092 Non
2575 4049 2785 4093 tantum
2835 4055 2960 4109 quae
2994 4043 3060 4095 ad
3093 4049 3149 4096 te
3191 4051 3462 4112 spectant,
3509 4059 3545 4099 ο

1969 4131 2084 4183 ltex
2127 4129 2502 4198 omnipotens,
2554 4131 2798 4208 locutum
2851 4141 2939 4187 est
2994 4148 3057 4188 os
3109 4121 3544 4203 prophetarum,

1969 4231 2098 4275 tunc
2145 4221 2413 4292 repletum
2447 4221 2659 4294 Spiritu
2697 4236 2895 4279 sancto
2940 4227 3029 4294 qui
3066 4240 3212 4280 nunc
3246 4227 3546 4296 symbolice

1972 4320 2236 4388 ﬁguratur
2287 4337 2382 4390 per
2437 4322 2600 4375 latam
2650 4324 3029 4377 vehementem
3078 4322 3457 4392 spirationcm,
3493 4335 3549 4379 et

238 4415 455 4488 βιαίας
508 4412 700 4481 πνοῆς,
731 4412 824 4464 καὶ
852 4412 918 4464 δι’
944 4413 1078 4466 αὐτὸ
1105 4413 1298 4482 κληθὲν
1349 4419 1800 4488 πνευματοᾳόρον
1828 4422 1861 4490 ἢ
1900 4413 1941 4466 Ι)
1970 4409 2092 4462 ideo
2127 4420 2377 4464 vocatum
2416 4410 2872 4478 πνευματοφό-ρον
2909 4413 2994 4464 vel
3026 4411 3544 4480 πνενματέμφορον,

243 4505 818 4575 πνεῦμα-τέμφορον*
867 4505 982 4558 ἀλλ’
1029 4508 1160 4560 αὐτὸ
1210 4507 1273 4559 τὸ
1305 4509 1460 4574 ἅγιον
1508 4510 1732 4578 Πνεῦμα
1764 4511 1857 4581 τὴν

1969 4501 2126 4570 quasi
2151 4503 2560 4572 spirituferum;
2594 4502 2691 4558 sed
2715 4505 2879 4557 etiam
2911 4502 3025 4572 ipse
3057 4503 3295 4570 Spiritus
3320 4512 3545 4558 sanctus

244 4600 469 4652 λαλιὰν
505 4595 789 4668 ἡρμόσατο
832 4598 1044 4650 ἐκείνου
1080 4600 1174 4652 τοῦ
1212 4601 1482 4668 στόματος
1508 4621 1520 4632 -
1551 4605 1718 4655 οἱονεὶ
1767 4607 1857 4670 ἐγ-

1969 4598 2088 4664 t-jus
2136 4595 2250 4651 oris
2310 4597 2586 4664 loquelam
2635 4594 2967 4661 adaptabat,
3018 4602 3280 4662 tanquam
3323 4593 3541 4663 jussum

231 4691 642 4759 κελευόμενον
691 4690 905 4762 ἑκάστῳ
952 4693 1062 4743 τῶν
1110 4693 1426 4761 προφητῶν,
1481 4695 1758 4748 Πλάτωνον
1805 4698 1857 4748 τὲ

1973 4689 2167 4744 fuisset
2194 4689 2490 4756 unicuique
2522 4687 2914 4755 prophetarum
2953 4701 2966 4737 :
2997 4683 3172 4736 Dilata
3214 4698 3277 4738 os
3307 4693 3460 4738 tuum
3488 4693 3546 4737 «ι

239 4787 454 4853 στόμα
487 4800 611 4849 σου,
650 4783 743 4836 καὶ
776 4782 1051 4853 πληρώσω
1075 4785 1207 4836 αὑτό
1232 4801 1243 4810 ’
1268 4785 1360 4835 καὶ
1390 4785 1636 4850 ’Ἀνοιξον
1658 4789 1716 4838 τὸ
1749 4789 1857 4839 στό-

1974 4782 2209 4851 implebo
2250 4781 2407 4845 illud;
2453 4789 2547 4837 et:
2583 4777 2746 4846 Aperi
2780 4792 2841 4831 os
2884 4784 3114 4832 tuutnct
3146 4775 3390 4832 attrabcs
3421 4792 3541 4834 me:

231 4896 332 4944 μοι
374 4891 514 4938 σου,
542 4871 638 4926 καὶ
673 4873 924 4934 ἐλκύσεις
957 4891 1022 4943 με
1051 4892 1062 4902 ·
1102 4873 1292 4950 ὥσπερ
1325 4875 1512 4943 μέλλει
1547 4878 1637 4928 καὶ
1672 4879 1730 4928 ὲν
1756 4879 1866 4940 τοῖς

243 4969 564 5042 μαθηταῖς
604 4969 800 5032 ποιεῖν,
837 4960 912 5018 ὧν
950 4966 1138 5020 πολλοὶ
1171 4968 1266 5020 καὶ
1293 4967 1726 5038 προφητεύουσι.
1755 4970 1865 5020 Καὶ

235 5066 450 5124 ἄλλως
491 5060 556 5111 δὲ
603 5057 752 5126 λέγοι
783 5057 850 5110 ἂν
880 5058 935 5112 τὸ
965 5058 1287 5127 τροπάριον,
1321 5059 1406 5110 ὅτι
1454 5051 1498 5110 ὧ
1530 5058 1724 5112 Μέδων
1757 5057 1865 5110 Σῶ-

235 5176 382 5228 τερ,
425 5154 632 5222 ὥσπερ
685 5151 745 5204 σὲ
798 5151 1062 5220 μέλλοντα
1101 5151 1452 5221 σαρκωθῆναι
1507 5148 1640 5223 ᾖσεν
1693 5153 1862 5222 ἤγουν

241 5245 732 5322 προκατήγγειλε
771 5245 830 5296 τὸ
859 5247 1202 5315 προφητικὸν
1234 5245 1412 5314 στόμα
1451 5245 1742 5316 ἀριδήλως,
1779 5243 1870 5296 οὕ-

237 5359 370 5404 τως
408 5337 521 5392 καὶ
553 5337 652 5404 τὴν
685 5333 1085 5406 ἑορταζομένην
1115 5338 1419 5403 παρουσίαν
1446 5336 1540 5388 τοῦ
1572 5336 1731 5402 ἁγίου
1774 5353 1867 5388 σου

234 5433 632 5500 ιινεύμσιτος-

324 5527 447 5582 σε’.
505 5521 568 5577 Ὀ
592 5522 647 5574 δὲ
684 5522 934 5592 πέμπτος
970 5519 1202 5572 ἐνταῦθα
1230 5519 1409 5588 στίχος
1441 5518 1579 5587 ἔχων
1603 5517 1774 5581 οὕτως
1800 5549 1865 5560 -

1974 4875 2430 4945 quemadmmlum
2492 4874 2547 4926 in
2591 4871 2880 4940 discipulis
2934 4869 3096 4924 etiam
3146 4869 3392 4924 facturus
3436 4880 3543 4933 est,
3627 4944 3634 4954 _

1973 4984 2205 5036 quorum
2237 4967 2389 5018 tuulti
2439 4980 2658 5034 quoque
2692 4963 3116 5032 pt'ophetabuut.
3163 4963 3332 5016 Aliter
3363 4976 3541 5018 autem

1973 5060 2171 5128 aliquis
2205 5059 2486 5127 strepham
2536 5057 2719 5111 dicere
2776 5065 2960 5125 posset
2994 5072 3010 5110 :
3041 5054 3086 5108 Ο
3118 5055 3230 5110 Rex
3268 5057 3544 5120 Salvator,

1974 5153 2118 5209 sicut
2145 5163 2195 5206 te
2229 5151 2369 5206 velut
2397 5149 2787 5204 incarnandum
2815 5148 3017 5202 cecinit
3040 5163 3137 5203 seu
3165 5148 3549 5216 praenuntiavit

1973 5246 2270 5315 conspicuo
2320 5242 2698 5312 propheticum
2753 5255 2836 5307 os,
2881 5239 2960 5295 sic
3005 5241 3168 5294 etiam
3217 5239 3545 5295 celebratam

1971 5337 2050 5390 tui
2086 5335 2423 5390 sanctissimi
2466 5332 2704 5400 Spiritus
2738 5332 3106 5402 praesentiam.

2042 5516 2172 5570 205.
2213 5513 2448 5584 Quintus
2477 5521 2657 5566 autem
2695 5512 2780 5565 hic
2831 5528 3043 5576 versus,
3097 5511 3202 5589 qui
3225 5511 3303 5563 sic
3343 5508 3544 5561 habet:

236 5625 361 5684 ἱεὶς
403 5613 894 5682 ὲνανθρωπήσεως
947 5613 1164 5671 πιστοῖς
1215 5610 1374 5670 σέλας
1409 5639 1476 5648 ——
1510 5609 1869 5664 συντάσσεται
1975 5612 2076 5670 ἱεὶς
2157 5608 2633 5676 ένανθρωπήσεως
2721 5607 2931 5666 πιστοῖς
3011 5604 3204 5678 σέλας,
3265 5601 3549 5672 ordinatur

401 5675 498 5778 τῷ
525 5675 766 5775 δεῦτέριρ
799 5704 965 5776 στίχῳ
988 5701 1382 5772 ἀποδιδόμενος
1415 5702 1548 5770 πρὸς
1579 5702 1660 5766 τὸ,
1692 5695 1736 5754 ῶ
1770 5703 1857 5772 μέ-

1977 5702 2195 5769 quidcm
2228 5701 2292 5752 ad
2318 5689 2620 5754 secundum
2651 5714 2894 5761 versum,
2943 5698 3240 5762 rcSpicicus
3285 5689 3350 5742 ad
3393 5691 3498 5788 hoc
3530 5705 3546 5744 :

230 5779 393 5874 ξων,
433 5799 538 5856 καὶ
569 5798 885 5866 συγκροτῶν
919 5796 1015 5864 τὴν
1043 5795 1303 5861 δευτέραν
1340 5793 1547 5847 ἔννοιαν
1573 5809 1584 5822 ⁸
1629 5797 1857 5865 καταλή.

1977 5795 2046 5847 Ὦ
2076 5795 2273 5865 μέδων,
2311 5803 2361 5847 et
2389 5792 2685 5847 secundam
2727 5789 3055 5845 Sententia"!
3109 5796 3411 5837 resumens.
3444 5779 3552 5836 Dc-

575 5897 840 5955 Ρλτιοι..
887 5895 1001 5951 Gn.
1038 5889 1367 5950 CXXXVI.

3071 5873 3145 5936 ‘23
