3966 6248
526 325 635 396 ‘ilS

1245 327 1654 390 EUS’I‘ATHII
1685 317 2449 386 TlIESSALONlCENSIS
2486 315 2980 381 METRtiPt’ilJT
3015 320 3052 378 li
3648 329 3730 396 τίη

531 448 666 501 sinit
695 454 876 500 autem
924 444 988 497 ad
1035 443 1215 506 σέλας,
1244 443 1359 498 sive
1403 439 1589 495 lumen
1629 437 2028 494 lncarnationls
2059 441 2113 490 et

2227 449 2300 501 γει
2328 431 2384 485 δὲ
2410 433 2488 494 είς
2530 431 2685 493 σέλας
2722 431 2840 500 ἦτοι
2871 429 2989 499 φῶς
3025 428 3203 482 κονδν
3233 430 3324 495 τῆς
3353 449 3408 484 τε
3438 435 3726 508 ἐνανθρωπήι

533 531 812 592 hodierna:
848 530 1161 588 festivitatis
1191 542 1482 585 commune
1511 529 1715 583 bonum
1744 544 1758 581 :
1797 527 1979 581 lumen
2013 540 2110 578 an-

534 637 641 682 tem
679 627 820 690 dico,
855 639 961 678 non
998 621 1141 677 istud
1177 620 1323 691 quod
1373 619 1674 674 secundum
1705 617 1918 673 stellam
1947 623 2029 671 est
2058 622 2112 670 et

532 720 656 775 ideo
706 721 860 789 juxta
915 717 1225 785 linguarum
1282 713 1482 784 ignem,
1545 711 1638 767 sed
1695 711 1877 766 lumen
1927 707 2112 776 gratite

530 816 681 882 juxta
715 825 877 878 quam
930 806 1283 862 sanctissima
1323 805 1512 875 Virgo,
1559 805 1690 868 Ave,
1725 801 1898 872 gratia
1931 801 2110 870 plena,

531 903 638 958 sibi
693 901 877 956 dicere
939 897 1171 953 audivit.
1227 894 1512 965 Tanquam
1569 892 1736 948 solem
1797 904 1927 944 vero
1986 903 2112 957 spe-

530 996 748 1049 culatus
797 1003 952 1063 poeta
1018 991 1216 1060 Regem
1269 987 1576 1051 Christum,
1626 983 1832 1039 dictum
1887 979 2114 1050 protulit

529 1102 801 1152 versum;
873 1083 1142 1140 extollens
1205 1079 1538 1136 inellabilem
1596 1077 1743 1133 hunc
1791 1089 1860 1129 ex
1889 1072 2114 1142 Virgine

531 1196 768 1251 partum,
821 1193 888 1236 eo
935 1178 1076 1246 quod
1126 1191 1235 1231 non
1279 1175 1457 1230 solum
1496 1181 1626 1227 tunc
1667 1167 1933 1240 temporis
1960 1182 2113 1223 suam

537 1272 969 1329 misericordiam
1013 1284 1146 1340 erga
1194 1266 1463 1323 mundum
1513 1265 1704 1318 miram
1759 1260 1964 1326 ell‘ecit,
2019 1258 2115 1313 sed

532 1369 697 1424 etiam
732 1380 880 1420 nunc
910 1360 1349 1419 misericordiam
1391 1366 1626 1418 exercet,
1657 1353 1975 1408 illuminans
2017 1364 2117 1405 nos

530 1460 864 1524 Christiane,
891 1465 945 1511 et
981 1467 1154 1524 usque
1187 1453 1241 1506 in
1281 1449 1440 1505 linem
1480 1449 1681 1504 bonum
1729 1446 1874 1500 istud
1927 1452 2113 1499 exten-

535 1555 648 1610 det.
679 1551 745 1607 Et
779 1548 997 1622 quidem
1027 1545 1151 1601 talia
1189 1554 1318 1600 sunt
1343 1542 1396 1597 in
1430 1542 1534 1596 hoc
1563 1553 1725 1594 versu
1755 1537 1946 1608 quinto
1969 1549 2118 1590 com-

535 1645 842 1716 prehensa,
879 1639 972 1714 qui
1023 1639 1226 1695 clarius
1277 1638 1360 1692 sic
1412 1633 1751 1705 exponitur:
1793 1629 1838 1686 0
1871 1630 2007 1696 Rex,
2059 1637 2118 1682 ut

2219 542 2356 588 σεως
2404 525 2498 578 καὶ
2539 525 2637 592 τῆς
2665 523 2759 576 νῦν
2792 522 3023 593 έορτῆςο
3065 522 3178 592 φῶς
3215 521 3269 576 δέ
3297 541 3431 593 φημι
3470 531 3523 582 ού
3552 533 3603 584 τὸ
3624 539 3734 590 κατὰ

2215 618 2308 670 τδν
2334 617 2540 687 ἀστέρα
2570 619 2709 680 ἐκεῖ,
2749 618 2842 668 καὶ
2872 610 2974 669 ὧδε
3010 615 3069 668 τὸ
3101 617 3240 669 κατὰ
3273 620 3330 670 τὸ
3353 619 3456 689 πῦρ
3477 624 3574 676 τῶν
3592 627 3733 693 γλως.

2219 710 2348 775 σῶν,
2378 709 2510 762 ἀλλὰ
2534 708 2594 761 τὸ
2616 708 2716 778 τῆς
2739 709 2962 780 χάριτος
2988 709 3117 762 καθ’⁴
3137 712 3203 781 ἢν
3232 713 3324 764 καὶ
3345 712 3374 784 ἡ
3401 723 3733 794 παναγιωτάτη

2218 803 2492 870 Παρθένος
2510 803 2591 866 τὸ,
2617 802 2811 872 Χαῖρε,
2842 804 3510 875 κεχαριτωμένη,,ήκουσεο
3533 813 3594 872 ὡς
3613 811 3735 882 ἥλιον

2216 897 2273 950 δὲ
2314 895 2598 966 θεωρήσας
2635 897 2663 948 ὁ
2715 895 2954 965 μελῳδὸς
2983 895 3074 950 τὸν
3107 895 3328 965 βασιλέα
3359 899 3592 970 Χριστὸν,
3631 923 3736 976 προ.

2217 986 2418 1052 ήνεγκε
2440 987 2530 1040 τὸν
2556 986 2846 1056 εἰρημένον
2871 987 3058 1057 στίχον
3082 1004 3099 1019 ·
3132 989 3408 1050 σεμνύνων
3440 991 3523 1046 τὸν
3542 993 3740 1066 ἄρρητον

2217 1079 2424 1133 ἐκεῖνον
2454 1080 2522 1132 ἐκ
2557 1079 2836 1150 Παρθένου
2872 1080 3052 1143 τόκον,
3081 1074 3162 1145 οἷς
3185 1083 3245 1134 οὗ
3283 1083 3402 1137 τότε
3433 1085 3578 1153 μόνον
3611 1087 3737 1142 illau-

2223 1173 2476 1243 μάστωσε
2507 1172 2567 1225 τὸ
2591 1174 2732 1228 κατὰ
2767 1174 2976 1244 κόσμον
3010 1173 3160 1236 ἔλεος
3189 1173 3374 1240 αὐτοῦ,
3398 1176 3524 1232 ἀλλὰ
3555 1181 3634 1231 καὶ
3668 1183 3741 1250 μέο

2217 1283 2309 1336 χρι
2338 1265 2436 1318 νῦν
2467 1267 2614 1319 ἐλεεῖ
2647 1265 2899 1335 φωτίζων
2933 1268 3084 1338 ἡμᾶς
3123 1267 3514 1340 Χριστιανικῶς
3536 1287 3548 1301 ⁶
3577 1272 3655 1325 καὶ
3679 1276 3739 1334 είς

2218 1357 2370 1420 τέλος
2395 1357 2451 1411 δὲ
2483 1357 2541 1412 τὸ
2565 1358 2696 1411 αὐτὸ
2727 1359 2932 1424 ἀγαθὸν
2965 1363 3264 1430 παρατενεϊ
3285 1378 3297 1391 ·
3333 1361 3422 1414 καὶ
3446 1362 3642 1416 τοιαῦτα
3665 1366 3742 1433 μὲν

2217 1451 2314 1504 τοῦ
2361 1455 2616 1521 πέμπτου
2662 1451 2826 1512 ἔπους
2853 1467 2866 1482 ο
2899 1451 2928 1506 ὃ
2959 1454 3292 1523 σαφέστερον
3334 1452 3497 1515 οὕτως
3524 1456 3742 1526 ἑρμηνευο

2221 1547 2449 1620 θήσεται
2477 1566 2491 1579 ·
2517 1544 2587 1600 Ὠ
2613 1548 2827 1611 Μέδων,
2855 1548 2928 1610 ὡς
2958 1549 3196 1620 εῐρηται,
3240 1551 3268 1602 ὁ
3303 1549 3402 1612 ἱεὶς
3430 1551 3518 1603 καὶ
3552 1552 3743 1618 πέμπων

2220 1639 2341 1711 ἢτοι
2376 1639 2602 1710 πέμψας
2629 1640 2689 1693 τὺ
2724 1639 2883 1709 ἅγιόν
2910 1657 3007 1694 σου
3042 1640 3290 1712 Πνεῦμα,
3314 1641 3469 1704 σέλας
3497 1644 3585 1713 τῆς
3605 1645 3744 1714 appr,-

532 1739 739 1791 dictum
762 1744 868 1802 est,
903 1732 996 1800 qui
1027 1731 1184 1788 elicis
1228 1738 1285 1785 et
1326 1727 1501 1783 mittis
1551 1740 1644 1781 seu
1683 1723 1885 1779 misisti
1937 1721 2116 1793 Spiri-

2227 1750 2316 1786 του
2351 1733 2684 1804 σαρκώσεώς
2719 1750 2837 1797 σου,
2867 1734 2931 1787 τὸ
2971 1734 3367 1803 ἐκφαντορικδν
3409 1735 3499 1790 καὶ
3523 1737 3743 1804 διασαφη-

536 1841 650 1885 tm
680 1837 833 1884 tuum
866 1833 1142 1893 sanctum,
1177 1819 1575 1878 incarnationis
1613 1828 1722 1873 tuae
1765 1815 1952 1886 jubar,
1983 1815 2115 1869 illu-

2227 1825 2378 1881 τικὺν
2425 1797 2651 1897 δηλαδὴ,
2705 1827 2798 1879 καὶ
2846 1797 3293 1880 ἅνακαλυπτικδν
3341 1828 3438 1896 τῆς
3488 1797 3745 1898 ἀκατανσίξ-

535 1931 718 1977 strans
751 1921 937 1989 utique
980 1915 1450 1984 manifestansquc
1501 1925 1567 1967 ac
1613 1908 1864 1965 revelans
1906 1907 2119 1962 incont-

534 2012 953 2084 prehensibilem
986 2007 1422 2066 incarnationem
1466 2014 1656 2069 tuam;
1714 2016 1748 2056 o
1783 1999 1903 2056 Rex
1955 2001 2118 2070 igitur

533 2108 772 2174 Christe,
805 2105 1216 2161 celebraverunt
1249 2112 1303 2156 et
1326 2099 1607 2170 prophetae
1638 2107 1787 2152 tuam
1841 2095 1988 2149 inter
2019 2108 2119 2148 nos

535 2201 1014 2264 inbabitationem,
1049 2197 1143 2254 sed
1176 2203 1303 2250 ante
1345 2208 1441 2250 eos
1486 2191 1726 2263 Spiritus
1771 2200 1998 2246 sanctus
2033 2190 2121 2243 in-

535 2293 752 2363 spirans
778 2306 873 2346 eos
896 2299 949 2346 et
980 2303 1282 2359 suggerens
1313 2288 1463 2340 velut
1506 2283 1698 2339 oribus
1739 2280 2008 2339 divinitus
2042 2281 2121 2335 lu-

536 2385 832 2455 quentibus
865 2397 987 2453 qua
1019 2380 1177 2436 nobis
1215 2377 1477 2435 salutaria
1511 2386 1663 2433 sunt.

605 2478 730 2534 206.
776 2477 891 2532 lloc
926 2483 1109 2532 autem
1141 2473 1208 2529 de
1239 2473 1434 2543 quinto
1475 2486 1641 2526 versu
1676 2470 1756 2526 sic
1803 2469 2116 2529 observato,

535 2582 763 2644 quartus
837 2569 934 2640 qui
1016 2563 1277 2640 praecedit
1351 2571 1408 2618 et
1485 2562 1642 2632 cujus
1721 2571 1804 2618 est
1879 2570 2116 2614 textus:

536 2655 1563 2732 Ἀκτιστοσυμπλαστουργοσύνθρονον
1629 2653 1808 2719 σέθεν,
1871 2667 1980 2707 non
2037 2660 2120 2705 est

535 2757 841 2828 ambigendi
875 2754 1032 2810 locus
1055 2752 1189 2822 quin
1219 2747 1451 2804 extollat
1497 2745 1654 2800 valde
1699 2742 1962 2814 Spiritum
1991 2755 2119 2795 san-

533 2861 705 2916 ctum,
741 2864 806 2904 eo
853 2846 999 2917 quod
1043 2844 1232 2900 eadem
1284 2854 1408 2896 cum
1453 2837 1621 2893 Patre
1650 2835 1984 2907 participat,
2036 2840 2119 2885 ut-

537 2955 665 3017 pote
692 2957 818 2998 cum
849 2939 940 2996 illo
994 2939 1324 2999 incrcatum,
1357 2944 1413 2989 et
1460 2941 1784 2994 creatorem,
1837 2935 1892 2982 et
1938 2925 2119 2981 throni

536 3047 941 3098 consessorem,
990 3038 1049 3086 ut
1098 3027 1414 3085 confessum
1463 3034 1568 3081 est.
1621 3022 1910 3078 Videretur
1936 3029 2121 3073 autem

2221 1936 2314 1973 του
2370 1917 2840 1990 ὲνανθρωπήσεώς
2887 1935 2982 1971 σου
3006 1934 3022 1949 ο
3053 1911 3100 1972 ὦ
3131 1918 3312 1972 τοίνυν
3345 1918 3527 1974 Μέδων
3561 1920 3748 1990 Χριστὶ,

2223 2011 2479 2086 ὕμνησαν
2523 2013 2618 2067 καὶ
2662 2014 2712 2066 οι
2747 2013 3024 2083 προφῆται
3062 2011 3164 2084 τὴν
3213 2013 3312 2083 σὴν
3350 2015 3428 2076 εἰς
3461 2013 3598 2082 ἡμᾶς
3629 2013 3747 2080 ἔνδη-

2224 2108 2391 2178 μίαν·
2425 2107 2533 2179 πρὸ
2592 2107 2650 2161 δὲ
2705 2107 2904 2173 αὐτῶν,
2959 2106 3018 2159 τὸ
3069 2105 3273 2167 αὐτοὺς
3329 2105 3587 2177 ὲμφοροῦν
3624 2105 3750 2172 ἅγιον

2223 2200 2474 2270 Πνεῦμα.
2507 2201 2602 2254 καὶ
2633 2201 2869 2272 ὲμπνέον
2895 2198 2970 2262 ὡς
2993 2199 3182 2265 αὐτοῖς
3205 2199 3548 2269 θεοφθὸγγοις
3573 2200 3629 2252 τὰ
3648 2200 3751 2270 ἡμῖν

2224 2297 2490 2368 σωτήρια.

2294 2485 2407 2544 σεῖ’.
2437 2478 2594 2532 Οὕτω
2641 2477 2696 2531 δὲ
2733 2478 2822 2532 καὶ
2853 2477 3048 2532 τούτου
3099 2477 3197 2532 ἐπὶ
3244 2476 3322 2548 τῷ
3353 2477 3578 2547 πέμπτῳ
3619 2471 3752 2540 στίχῳ

2221 2571 2664 2644 τεθεωρημένου,
2717 2570 2746 2622 ὃ
2798 2570 2907 2642 πρὸ
2951 2568 3117 2622 αὑτοῦ
3173 2569 3441 2639 τέταρτος
3479 2562 3536 2621 οὗ
3565 2565 3678 2632 ὔοος
3707 2563 3753 2614 τὸ

2221 2661 3222 2733 ἀκτιστοσυμπλαστουργοσύνθρονον
3281 2661 3458 2725 σέθεν,
3499 2658 3592 2712 οὐκ
3635 2655 3754 2710 ἔστιν

2223 2756 2547 2826 ἀμφιϐολεῖν
2569 2757 2653 2809 ὅτι
2691 2754 2947 2825 σεμνύνει
2979 2754 3102 2808 λίαν
3123 2753 3272 2810 πάνυ
3295 2754 3358 2808 τὸ
3387 2755 3534 2822 ἅγιον
3554 2749 3753 2818 Πνεῦμα,

2222 2845 2305 2911 οἷς
2339 2850 2686 2902 ἐπικοινωνεῖ
2712 2848 2822 2901 τῶν
2865 2847 3047 2902 αὐτῶν
3103 2848 3183 2919 τῷ
3226 2848 3423 2917 "arpi,
3459 2843 3686 2900 ἇκτιστόν
3707 2857 3754 2891 τε

2223 2942 2283 2996 ὃν
2337 2942 2460 3016 κατ’
2493 2945 2701 2996 ἐκεῖνον
2752 2942 2850 2996 καὶ
2893 2941 3392 3011 συμπλαστουργὺν
3444 2939 3636 3006 ἐκείνῳ,
3684 2933 3758 2987 καὶ

2225 3035 2516 3106 σύνθρονον
2553 3034 2695 3089 καθὰ
2727 3033 3118 3105 ὡμολόγηται·
3150 3034 3299 3100 δόξοι
3341 3033 3398 3086 δὲ
3427 3033 3491 3085 ἂν
3520 3025 3758 3100 φιλοτιῐιή·

537 3127 823 3186 curavisse
873 3135 1058 3196 poeta,
1110 3121 1274 3176 talem
1326 3117 1648 3175 fasciculum
1693 3113 2026 3177 dictionum,
2064 3119 2122 3165 ut

2231 3129 2426 3182 σασθαι
2466 3128 2494 3180 ὁ
2526 3127 2763 3197 μελῳδὸς
2792 3127 3020 3196 θέμενος
3050 3125 3296 3181 ἐνταῦθα
3327 3123 3582 3194 φάκελλον
3610 3119 3759 3175 τοῦτον

548 3224 654 3279 sibi
712 3222 908 3292 placet,
971 3228 1247 3280 astruens,
1298 3215 1410 3283 jam
1462 3207 1780 3280 huiusmodi
1837 3204 2117 3261 dilectioni

2227 3222 2426 3286 λέξεων
2454 3219 2597 3274 καθὰ
2627 3219 2775 3289 φιλεῖ
2809 3220 2962 3283 αὐτὸ,
2995 3219 3095 3291 ήδη
3144 3217 3545 3272 συντάσσεσθαι
3585 3213 3652 3284 τῷ
3678 3226 3760 3264 τοι·

485 3335 490 3342 ·
540 3329 656 3370 suae
683 3311 1007 3385 _valedicere
1040 3324 1054 3361 :
1093 3304 1324 3376 jamjam
1376 3299 1525 3357 enim
1560 3314 1671 3355 non
1706 3298 1780 3354 ita
1822 3295 2121 3365 conspicue

537 3414 831 3478 componet
862 3404 916 3457 in
941 3398 1320 3472 sequentibus.
1355 3393 1669 3465 Neglectus,
1705 3399 1767 3446 ut
1799 3391 1873 3446 ita
1918 3388 2119 3455 dicam,

541 3509 596 3554 ct
625 3497 974 3554 inordinatus
1007 3498 1092 3548 est
1120 3487 1441 3559 huiusmodi
1479 3499 1696 3547 versus,
1743 3483 1961 3538 duobus
2006 3489 2124 3534 tan-

538 3604 656 3648 tum
689 3594 981 3646 roboratus
1012 3585 1190 3640 acutis
1243 3580 1417 3645 tonis,
1462 3588 1518 3635 et
1566 3577 1647 3633 sic
1678 3586 1870 3646 praeter
1903 3575 2124 3628 harmo-

544 3686 690 3739 niam
719 3678 1061 3750 dispositus;
1110 3684 1163 3730 et
1215 3673 1332 3730 hac
1370 3680 1619 3743 spectant
1659 3669 1725 3724 ad
1759 3668 1898 3723 duas
1922 3681 2125 3738 praece-

542 3780 733 3833 dentes
759 3774 1010 3844 strophas
1065 3778 1119 3827 et
1168 3768 1237 3824 ad
1285 3781 1508 3832 nexum,
1564 3764 1785 3820 aliunde
1828 3764 1973 3818 tonis
1997 3771 2125 3832 apte

484 3901 490 3908 ~
543 3869 891 3927 constitutos.
945 3863 1099 3920 Talia
1135 3875 1266 3918 vero
1310 3859 1537 3917 omnino
1587 3866 1716 3914 sunt
1762 3857 2006 3912 carmina
2057 3855 2123 3908 ad

487 3983 492 3986 ·
543 3966 715 4019 instar
743 3959 942 4016 tabula:
974 3965 1222 4023 extensa,
1256 3954 1416 4024 quale
1457 3962 1541 4008 est
1570 3951 1718 4007 istud
1757 3951 1901 4022 apud
1931 3964 2122 4020 quem-

486 4071 495 4082 ‘
542 4061 665 4112 dam
692 4073 707 4112 :
737 4057 771 4128 ἡ
802 4045 1754 4124 ψευδοσεμνοκομπομυθοπλαστία.

613 4145 742 4201 9.07.
788 4144 902 4199 Hoc
926 4150 1134 4207 autem,
1169 4135 1297 4210 ᾖσε,
1330 4136 1598 4192 melodam
1633 4151 1841 4200 vocem,
1893 4134 2128 4188 acrosti-

545 4241 665 4294 cluis
714 4237 934 4309 quidem
981 4233 1295 4290 necessario
1343 4230 1635 4302 praestitit;
1688 4228 1896 4283 diceret
1941 4239 2127 4282 autem

549 4331 747 4399 aliquis
786 4328 932 4400 quod
970 4342 999 4380 a
1035 4321 1512 4395 proplteticissimo
1551 4328 1710 4390 poeta
1747 4319 1940 4383 David,
1987 4323 2130 4372 velut

547 4441 574 4478 a
607 4431 760 4494 parte
806 4421 1169 4492 dignissima,
1213 4424 1464 4471 amanter
1515 4414 1742 4468 inhaeret
1787 4415 1954 4467 etiam
2009 4411 2131 4466 aliis

2225 3315 2367 3383 ούτῳ
2395 3313 2661 3382 φιλήματι
2708 3311 2873 3367 αὑτοῦ
2893 3329 2907 3342 ·
2941 3313 3126 3383 ἡρέμα
3167 3313 3284 3382 γὰρ
3309 3313 3408 3382 οὐχ
3443 3309 3604 3370 οὕτως
3625 3309 3764 3373 ἐμφα-

2227 3405 2332 3467 νῶς
2361 3403 2620 3473 συνθήσει
2657 3406 2714 3456 ἐν
2742 3406 2852 3467 τοῖς
2881 3403 3044 3472 ἐξῆςο
3071 3404 3277 3473 ἀμελὲς
3311 3404 3391 3469 δὲ,
3426 3403 3497 3466 ὡς
3529 3401 3678 3460 οὕτως
3703 3400 3764 3448 el-

2227 3501 2371 3564 πεῖν,
2398 3498 2494 3552 καὶ
2524 3497 2814 3570 ἄρρυθμον
2845 3499 2905 3551 το
2934 3497 3175 3552 τοιοῦτόν
3208 3498 3364 3551 ἐστιν
3387 3497 3530 3560 ἔπος,
3561 3493 3666 3546 δυσὶ
3691 3490 3764 3559 p.6-

2227 3608 2345 3654 ναις
2386 3592 2731 3662 ῥωννύμενον
2764 3591 2992 3658 ὀξείαις,
3025 3590 3119 3643 καὶ
3153 3588 3307 3644 οὕτω
3345 3588 3482 3660 πρὸς
3517 3583 3766 3655 ἐμμέλειαν

2225 3683 2637 3756 ἀρμοττόμενον
2660 3700 2676 3716 ·
2707 3683 2802 3735 καὶ
2835 3682 3008 3737 ταῦτα
3034 3682 3143 3736 τῶν
3167 3683 3282 3752 πρὸ
3309 3681 3475 3737 αὐτοῦ
3500 3679 3587 3732 δύο
3613 3690 3773 3745 apam-

2229 3777 2364 3847 ρίων
2387 3775 2600 3830 καὶτοῦ
2630 3776 2824 3846 είρμοῦ
2855 3775 3032 3837 ἄλλως
3061 3775 3468 3845 διοικουμένων
3501 3771 3606 3832 τοῖς
3633 3768 3769 3824 τόνοις

2227 3867 2521 3939 ὲμμελῶςο
2556 3866 2784 3920 τοιαῦτα
2819 3868 2876 3920 δὲ
2910 3866 3127 3928 πάντως
3161 3865 3235 3920 τὰ
3274 3865 3572 3934 πινακηδὸν
3599 3863 3774 3916 ἀποτει·

2229 3963 2430 4032 νόμενα
2465 3961 2594 4032 ἔπη,
2624 3962 2808 4014 ὁποῖον
2841 3960 2992 4032 παρά
3018 3978 3125 4016 τινι
3155 3961 3261 4016 καὶ
3291 3963 3325 4034 ἡ
3350 3960 3773 4030 «laudaueram?-

2231 4075 2300 4109 πο
2309 4055 2623 4126 μυθοπλαστ
2634 4055 2708 4108 ία.

2302 4143 2402 4212 σίζ’.
2442 4147 2514 4198 Τὸ
2553 4146 2606 4199 δὲ
2633 4142 2732 4220 ᾖσε
2782 4148 2880 4214 τὴν
2920 4145 3232 4217 μελῳδικὴν
3259 4145 3412 4210 λέξιν
3441 4147 3472 4215 ἡ
3506 4137 3774 4212 expostth

2235 4241 2332 4310 μὲν
2367 4240 2684 4309 ἀναγκαίως
2721 4238 3016 4308 ἐπορίσατο
3037 4255 3051 4268 ο
3083 4239 3232 4292 εἴποι
3263 4239 3324 4306 δὲ
3355 4239 3422 4294 ἄν
3460 4255 3561 4301 τις,
3589 4236 3660 4288 ὃτι
3697 4228 3779 4284 ἀπὸ

2231 4332 2326 4386 τοῦ
2362 4331 2859 4402 προφητικωτάτου
2891 4330 3131 4401 μελῳδοῦ
3174 4331 3276 4384 τοῦ
3318 4331 3499 4397 Δαεὶδ,
3527 4329 3596 4390 ὡς
3625 4328 3679 4377 ὲκ
3709 4320 3780 4390 μέ·

2236 4440 2361 4494 ρους
2392 4424 2851 4492 ἀξιολογωτάτου,
2887 4422 3194 4494 φιλητικῶς
3219 4423 3341 4492 ἔχει
3383 4423 3480 4476 καὶ
3508 4421 3610 4482 τοῖς
3639 4415 3781 4471 Etim

550 4517 832 4589 pmplietis
885 4524 1066 4585 poeta,
1127 4521 1386 4580 tanquam
1435 4509 1568 4578 ipsis
1618 4507 1781 4561 etiam
1833 4506 2122 4561 concinen-

2239 4515 2547 4585 προφήταις
2584 4517 2611 4566 ὁ
2647 4513 2886 4584 μελῳδὸς
2921 4507 3009 4566 οἷα
3038 4513 3132 4566 καὶ
3156 4515 3355 4576 αὐτοῖς
3379 4513 3581 4584 ᾄδουσι,
3611 4507 3689 4560 καὶ
3715 4502 3781 4554 οὗ·

547 4610 714 4672 tilnts,
765 4618 820 4662 et
869 4608 940 4661 ita
990 4605 1191 4676 lyricos
1240 4615 1460 4672 quoque
1506 4599 1714 4672 cogitat
1752 4614 1850 4654 eos
1902 4606 2132 4668 propter

549 4703 736 4765 David,
775 4700 868 4770 qui
900 4700 1156 4768 desuper,
1191 4697 1337 4766 quod
1383 4703 1467 4748 est
1503 4693 1555 4747 in
1591 4691 1864 4764 principio
1892 4690 2128 4744 Verbum

546 4800 625 4853 sic
657 4797 981 4851 advocans:
1044 4793 1253 4846 inclina
1305 4787 1480 4844 cmlos
1529 4797 1582 4842 et
1625 4783 1920 4850 descende,
1965 4785 2129 4838 etiam

549 4890 746 4943 Filium
783 4886 1026 4942 hominis
1047 4883 1364 4956 evangelise
1387 4880 1653 4952 praevidit,
1681 4881 1972 4952 ipsumque
1997 4877 2134 4930 dixit

549 4997 575 5030 a
614 4978 771 5032 l’utrc
811 4977 984 5032 luisse
1017 4973 1362 5035 roboratum,
1393 4981 1448 5027 et
1479 4971 1640 5026 nobis
1665 4971 1838 5025 visum
1881 4976 1939 5022 ut
1981 4968 2126 5022 elec-

550 5083 662 5124 tnui
705 5070 851 5140 ejus,
893 5078 948 5124 ct
977 5069 1146 5138 ipsius
1179 5067 1280 5121 iter
1336 5070 1390 5120 in
1437 5066 1692 5138 gentibus
1722 5062 1977 5117 omnibus
2013 5075 2134 5116 esse

551 5173 762 5225 notam,
819 5170 1206 5231 spcctatasque
1244 5173 1368 5215 esse
1420 5160 1647 5215 semitas
1685 5155 1806 5226 ejus
1837 5154 2026 5224 utique
2077 5155 2130 5206 in

550 5265 736 5319 terra;
769 5252 838 5306 de
870 5251 1076 5322 Spiritu
1120 5260 1300 5306 autem
1329 5260 1519 5306 sancto
1572 5249 1775 5318 passim
1826 5246 2133 5312 theologicc

552 5350 770 5402 licutus
817 5353 925 5410 est,
963 5355 1018 5397 nt
1071 5347 1122 5398 in
1175 5345 1387 5414 psalmo
1422 5341 1908 5412 quinquagesimo,
1941 5339 2134 5395 videns

547 5441 712 5495 etiam
765 5438 882 5510 ipso
937 5437 1138 5504 factus,
1201 5438 1507 5492 secundum
1545 5432 1775 5491 Joelem.
1831 5433 2128 5489 Sciendum

548 5541 731 5588 autem
761 5541 845 5588 est
877 5534 1021 5605 quod
1073 5526 1174 5604 ᾖσε
1218 5544 1326 5585 non
1372 5528 1548 5585 solum
1580 5543 1799 5600 aequum
1849 5537 1932 5584 est
1966 5526 2132 5582 verbo

547 5621 807 5692 ἔμελψεν,
844 5633 899 5676 at
945 5622 1112 5678 etiam
1146 5620 1226 5691 τῷ
1253 5621 1455 5674 ειπεῖν.
1488 5619 1564 5674 Ex
1615 5620 1783 5676 verbo
1817 5621 1962 5675 enim
2013 5619 2132 5671 ιπω

549 5715 844 5768 formatum
880 5723 964 5768 est
993 5709 1170 5782 εἶπεν,
1197 5729 1260 5768 ex
1299 5729 1410 5785 quo
1446 5715 1610 5768 etiam
1662 5714 1793 5778 ἔπος
1825 5724 1877 5770 et
1913 5714 2129 5780 ἔννεπε,

548 5818 706 5861 voces
747 5819 967 5875 quoque
994 5805 1245 5874 poetica.

2236 4622 2344 4666 τως
2379 4606 2720 4676 ᾁσματικοὺς
2748 4607 2842 4659 καὶ
2886 4606 3128 4670 ἐκείνους
3167 4608 3289 4660 νοεῖ
3317 4589 3410 4659 διὰ
3435 4605 3527 4658 τὸν
3557 4597 3717 4660 Δαϐιδ,
3740 4593 3783 4653 ὃς

2238 4698 2433 4768 ὑψόθεν
2465 4699 2556 4751 τὸν
2606 4699 2664 4750 ὲν
2701 4701 2844 4768 ἀρχῇ
2876 4697 3005 4752 ὄντα
3042 4699 3206 4767 λόγον
3239 4696 3620 4754 κατακαλέσας
3652 4694 3699 4744 ἐν
3725 4685 3783 4753 τῷ

2234 4819 2306 4830 -
2336 4790 2535 4843 Κλίνον
2575 4790 2702 4852 τοὺς
2733 4789 3001 4860 οὐρανοὺς
3035 4790 3132 4844 καὶ
3161 4791 3454 4860 κατάϐηθι
3478 4817 3546 4830 -—-
3565 4787 3652 4840 καὶ
3687 4781 3786 4835 Tibi

2237 4882 2526 4956 ἀνθρώπου
2583 4882 2745 4937 αὑτὸν
2795 4882 3216 4954 προεθεώρησεν
3282 4881 3672 4953 εὐαγγελικῶς.
3715 4871 3786 4926 καὶ

2237 4976 2650 5047 κραταιωθῆναι
2701 4971 2859 5029 εἶπεν
2892 4976 3056 5030 αὐτὸν
3087 4975 3164 5044 τῷ
3201 4977 3408 5048 Πατρὶ,
3455 4974 3548 5030 καὶ
3575 4967 3789 5036 θεαθῆναι

2237 5069 2368 5135 ἡμῖν
2423 5067 2498 5129 ὡς
2535 5066 2793 5120 ἐκλεκτὸν
2828 5065 3018 5128 αὐτοῦ,
3055 5065 3147 5118 καὶ
3207 5065 3531 5136 γνωσθῆναι
3575 5063 3664 5130 τὴν
3701 5055 3791 5109 ὁδὸν

2238 5161 2404 5214 αὐτοῦ
2433 5163 2490 5214 ὲν
2524 5161 2695 5215 πᾶσιν
2724 5159 2924 5226 ἔθνεσι,
2966 5160 3062 5213 καὶ
3088 5159 3452 5231 θεωρηθῆναι
3478 5159 3575 5221 τὰς
3605 5152 3790 5225 πορείας

2237 5253 2402 5308 αὑτοῦ
2443 5257 2499 5307 ἐν
2529 5258 2598 5325 γῇ
2646 5253 2890 5323 δηλαδὴο
2939 5254 3035 5307 καὶ
3086 5256 3221 5324 περὶ
3282 5256 3384 5307 τοῦ
3419 5252 3718 5321 Πνεύματος
3751 5242 3790 5292 εὶ

2237 5347 2563 5418 ὲθεολόγησε
2638 5345 2908 5415 πολλαχοῦ
2933 5347 3010 5410 ὠς
3066 5346 3160 5400 καὶ
3227 5347 3290 5401 ὲν
3349 5345 3430 5416 τῷ
3491 5331 3794 5412 πεντηκοστῷ

2237 5438 2456 5510 ψαλμῷ,
2523 5437 2739 5509 βλέπων
2792 5437 2868 5491 ὢν
2924 5443 3019 5491 καὶ
3085 5437 3255 5501 αὐτὸς
3285 5439 3439 5492 κατὰ
3503 5435 3594 5489 τὸν
3657 5429 3792 5492 Ἰωήλ·

2250 5532 2445 5588 Ἰστὲον
2473 5533 2529 5585 δὲ
2555 5530 2630 5596 ὡς
2665 5531 2726 5586 τὸ
2751 5517 2884 5604 ᾖσεν
2909 5530 2972 5584 οὐ
3002 5531 3164 5601 μόνον
3193 5530 3316 5585 [σον
3341 5531 3463 5585 ἐστὶ
3487 5528 3564 5599 τῷ
3585 5518 3796 5604 ἔμελψεῇ

2237 5623 2372 5678 ἀλλὰ
2403 5623 2499 5677 καὶ
2529 5623 2606 5692 τῷ
2638 5602 2792 5678 εἶπεν
2814 5640 2826 5654 ·
2858 5625 2919 5676 ἐκ
2940 5622 3038 5677 τοῦ
3065 5613 3180 5676 ἔπω
3217 5622 3336 5693 γὰρ
3363 5621 3644 5687 κεκίνηται
3672 5602 3797 5664 ros?-

2239 5732 2362 5779 πεν,
2401 5714 2460 5781 ἐξ
2500 5709 2560 5770 οὗ
2604 5715 2698 5769 καὶ
2751 5716 2813 5770 τὸ
2853 5715 3003 5784 ἔπος,
3035 5715 3128 5772 καὶ
3161 5713 3230 5770 τὸ
3271 5714 3495 5780 ἔννεπε,
3535 5708 3697 5778 λέξεις
3727 5696 3801 5757 καὶ

2239 5809 2403 5863 αὐταὶ
2429 5809 2734 5878 ποιητικαί.
3727 5821 3732 5824 ·
