3966 6248
239 287 387 370 ,m

1073 294 1154 356 IN
1194 286 1524 356 IIYMNUM
1559 288 2216 354 PENTEL’OSTALEM
2259 289 2714 353 DAMASCENI.

3405 293 3503 357 7ἒῖ

337 405 445 480 στί,
472 408 612 472 Τοὺς
652 407 710 462 δὲ
757 412 1282 481 πνευματεμφόρους
1321 413 1415 464 καὶ
1457 409 1837 480 πνευματοφό-
1865 413 1910 469 Α
2007 407 2134 462 208.
2163 407 2300 470 Τοὺς
2324 403 2854 475 πνευματεμφόρους
2882 404 3114 462 uicimus
3144 406 3306 460 etiam
3339 424 3500 460 πνευ-

265 515 398 571 pou;
443 501 645 571 φαμδν,
698 501 775 564 ὡς
823 501 980 570 δῆλον
1018 504 1084 557 ἐκ
1126 503 1224 557 τοῦ
1254 526 1323 546 --
1365 501 1839 572 Πνευματοφόροις

264 581 542 664 μαθηταῖς
585 595 681 648 νῦν
731 595 1189 665 συγχοριύσωμεν
1210 623 1283 636 —--
1306 591 1366 650 οὗ
1400 596 1661 662 ἀναλογία
1699 593 1842 646 κατὰ

261 687 326 740 τὸ
354 687 718 756 σημειοφόρος
743 691 838 742 καὶ
870 689 1272 758 τροπαιοφόρος
1295 706 1310 720 ο
1350 683 1428 740 ὧν
1457 687 1549 739 τοῦ
1584 685 1683 754 μὲν
1715 687 1842 738 ἀνά-

259 779 421 842 λυσις
469 780 591 849 ἱερὰ
635 779 696 834 τὸ
747 782 897 848 σῆμα
926 781 1178 848 θεότητος
1227 780 1412 849 φέρον,
1440 779 1532 831 τοῦ
1565 778 1620 830 δὲ
1652 779 1840 847 ἐτέρου

259 873 567 943 ιξωτερικὴ
615 873 678 926 τὸ
705 903 776 914 --
810 873 1040 942 Εἰσῆλοε
1094 873 1380 940 Τραϊανὸς,
1415 873 1506 923 ἐπὶ
1536 871 1644 923 τῶν
1677 869 1841 939 ὤμων

261 966 452 1033 φέρων
496 964 564 1018 τὰ
609 967 847 1035 τρόπαια
873 995 944 1008 --
972 965 1032 1019 τὸ
1077 966 1134 1018 δὲ
1178 967 1352 1035 στόμα
1396 965 1506 1018 τῶν
1543 962 1842 1034 προφητῶν

260 1056 553 1110 καθολικόν
589 1074 642 1111 τι
678 1057 738 1110 δν
762 1059 837 1120 ὠς
861 1059 1286 1128 προσηγορικὸν,
1315 1058 1437 1110 ἀντὶ
1474 1055 1840 1127 πληθυντικοῦ

259 1149 524 1216 εἴληπται
553 1163 568 1177 ·
601 1150 702 1203 καὶ.
725 1149 876 1217 λέγει
899 1151 981 1204 ὅτι
1013 1149 1246 1215 Ἐλεξαν
1283 1150 1334 1202 ot
1363 1149 1842 1218 πνευματέμφοροι

249 1239 572 1309 προφῆται.
597 1242 801 1310 Σῶτερ,
844 1241 942 1311 τὴν
974 1242 1279 1312 παρουσίαν
1309 1258 1426 1296 σου.
1462 1242 1658 1294 Ἰστέον
1684 1241 1739 1292 δὲ
1767 1240 1841 1302 ὼς

260 1331 336 1384 ὲκ
367 1332 472 1384 τῶν
497 1332 603 1398 ἔξω
633 1333 954 1403 είσωδιάσϐη
981 1336 1090 1397 τοῖς
1113 1335 1286 1403 ἁγίοις
1316 1337 1411 1389 καὶ
1434 1337 1464 1388 6
1493 1336 1846 1404 πνευματέμ-

255 1439 469 1493 φορος·
506 1424 725 1495 πνεῦμα
774 1427 885 1496 γὰρ
923 1427 1186 1496 ὑπόγαιον
1231 1429 1289 1480 ὲν
1334 1427 1559 1496 Δελφοῖς
1609 1428 1843 1494 ἀνέρπον

257 1516 356 1570 διὰ
408 1516 502 1570 τοῦ
552 1517 815 1587 μαντικοῦ
860 1520 1130 1588 τρίποδος,
1162 1513 1210 1588 ᾧ
1255 1521 1564 1585 ἐπεκάθητο
1611 1519 1843 1589 ήΠυθία

259 1611 562 1678 προφῆτις,
599 1611 909 1680 ἐνεφορεῖτο
955 1613 1164 1666 ἐκείνου
1224 1613 1315 1666 καὶ
1347 1611 1408 1666 οὕ
1422 1629 1491 1666 ιω
1525 1613 1727 1676 καινῶς
1759 1614 1842 1665 ὲν-

260 1699 539 1764 θεάζουσα
569 1702 813 1767 ἐξελάλει
843 1702 1150 1774 χρησμούς.

344 1957 441 2012 σειν.
477 1959 549 2012 Τὸ
601 1959 655 2011 δὲ
709 1961 1054 2030 σωματωδῶς
1100 1963 1223 2016 ἀντὶ
1271 1962 1366 2018 τοῦ
1420 1965 1699 2035 σαρκικῶς
1723 1983 1738 1999 ’
1785 1969 1844 2040 οὗ

259 2048 694 2118 προσλογιστέον
719 2051 828 2121 γὰρ
856 2052 1092 2107 ἐνταῦθα
1123 2054 1183 2107 τὸ
1207 2054 1308 2122 τῆς
1336 2054 1532 2120 λέξεως
1559 2075 1845 2127 μετουσια-

259 2141 478 2200 στικὸν,
502 2142 577 2205 ὡς
608 2142 859 2198 ἐντεῦθεν
893 2144 1056 2214 δῆθεν
1083 2147 1158 2216 μὴ
1192 2148 1389 2202 ταυτὸν
1411 2147 1550 2205 εἶναι
1580 2167 1842 2221 σωματῶ-

262 2232 380 2298 δῶς
433 2236 608 2286 εἰπεῖν
654 2235 748 2289 καὶ
805 2239 1170 2304 σωματικῶς·
1220 2239 1354 2294 ἀλλὰ
1383 2242 1449 2312 τῇ
1505 2240 1601 2296 τοῦ
1644 2243 1844 2310 μέτρου

260 2325 445 2380 εἴκειν
474 2327 754 2382 κάνταῦθα
782 2329 870 2400 βίᾳ
892 2331 1074 2384 δοτέον
1101 2331 1181 2403 τῷ
1210 2332 1417 2403 μελικῷ
1437 2351 1450 2365 ·
1486 2335 1544 2388 τὸ
1579 2336 1656 2401 δὲ,
1685 2331 1730 2390 ὦ
1756 2339 1847 2406 μὲ-

258 2417 402 2477 δων,
430 2422 630 2490 μετοχή
665 2422 832 2489 ἐστιν,
861 2425 923 2477 οὔ
950 2424 1054 2507 μην
1083 2428 1368 2496 μετοχικὸν
1398 2427 1541 2482 κατὰ
1569 2429 1629 2482 τὸ
1653 2432 1680 2483 6
1707 2430 1845 2484 λέων

253 2511 367 2563 τοῦ
403 2512 634 2577 λέοντος,
675 2517 769 2570 καὶ
797 2515 1032 2585 δράκων,
1063 2518 1158 2572 καὶ
1194 2521 1222 2573 6
1254 2518 1528 2590 θεράπων,
1566 2524 1662 2576 καὶ
1687 2528 1715 2578 6
1746 2525 1844 2578 οὐκ

251 2604 483 2672 ἀλέγων
505 2604 600 2658 τοῦ
619 2605 717 2658 οὐκ
734 2607 1046 2675 ἀλέγοντες.
1064 2611 1158 2664 καὶ
1181 2612 1208 2664 6
1231 2611 1470 2666 εὐελθων
1484 2612 1580 2666 τοῦ
1603 2615 1844 2669 εὐελθόν-

253 2710 360 2746 τος
382 2710 395 2723 ο
436 2693 515 2747 διὸ
538 2698 631 2749 καὶ
667 2697 929 2764 φυλάσσει
954 2697 1017 2753 τὸ
1043 2717 1089 2754 ω
1112 2700 1211 2770 τῆς
1237 2699 1454 2765 εὐθείας
1485 2703 1544 2756 ἐν
1568 2706 1633 2775 τῇ
1661 2705 1845 2776 κλητι-

258 2787 343 2853 κῇ
368 2800 381 2815 ·
409 2787 458 2839 εί
483 2786 539 2838 δὲ
569 2787 661 2840 καὶ
685 2787 874 2858 κύριον
902 2789 1072 2859 ὄνομα
1119 2791 1351 2862 εὓρηται
1382 2810 1467 2857 τις
1493 2793 1706 2864 Μέδων,
1751 2799 1843 2851 οὺ-

255 2877 362 2930 δὲν
388 2878 518 2946 ἡμῖν
548 2877 706 2933 τοῦτο
735 2881 870 2951 πρὸς
898 2883 958 2936 τὸ
991 2885 1192 2955 παρόν·
1229 2885 1436 2954 γίνεται
1463 2888 1519 2942 δὲ
1555 2890 1582 2941 6
1609 2892 1732 2944 κατ’
1752 2892 1845 2944 ἆν-

259 2968 494 3037 ορωπον
524 2971 736 3037 Μέδων,
765 2977 827 3026 ἐκ
858 2974 953 3028 τοῦ
981 2977 1132 3047 μήδω
1157 2978 1216 3031 τὸ
1241 2976 1570 3048 βουλεύομαι
1610 2983 1840 3054 συστοῖῇ

253 3060 366 3113 τοῦ
402 3080 438 3133 η
462 3066 542 3126 εις
565 3083 588 3117 ε
608 3080 625 3096 ο
661 3066 1003 3136 βουλευτικὸν
1035 3073 1142 3140 γὰρ
1171 3071 1390 3136 πάντως
1422 3075 1516 3127 καὶ
1547 3074 1840 3147 βουλευτὴν

252 3153 364 3207 καὶ
392 3155 481 3207 τὸν
508 3157 733 3227 βασιλέα
761 3160 839 3213 ὃτι
872 3162 1109 3230 μάλιστα
1138 3158 1279 3218 εἶναι
1306 3166 1505 3235 χρεών.

340 3341 429 3389 σι’.
485 3338 550 3390 Ἦ
582 3336 640 3390 δὲ
667 3338 893 3408 ὲνδημία
920 3340 979 3392 οὗ
1009 3341 1179 3410 δῆμον
1210 3343 1308 3396 ἕνα
1336 3345 1487 3415 δηλοί
1513 3346 1586 3411 ῶς
1616 3349 1710 3403 ἐπὶ
1747 3369 1842 3405 κο-

254 3429 467 3498 σμικοῦ
495 3431 747 3501 μέδοντος
779 3433 1008 3503 γίνεται,
1043 3435 1179 3489 ἀλλὰ
1203 3437 1418 3508 δήμους
1445 3443 1706 3511 ἐννόμους
1729 3447 1843 3498 ὅσοι

252 3521 358 3571 τὸν
402 3519 608 3589 κόσμον
649 3522 1070 3592 ἀπαρτίζουσιν,
1099 3519 1162 3578 οὗ
1192 3528 1364 3587 μέδων
1403 3531 1431 3583 6
1463 3533 1844 3600 παμϐαςιλςὺς

252 3611 420 3672 Θεός.
452 3612 512 3664 Et
543 3611 599 3665 δὲ
635 3613 806 3684 δῆμόν
833 3633 1011 3684 φαμεν
1041 3618 1132 3670 τὸν
1167 3620 1557 3689 Χριστιανικὸν
1597 3623 1750 3688 λαὸν,
1780 3626 1841 3679 οὗ

255 3704 546 3773 βασιλεύει
573 3708 601 3758 ὁ
623 3706 773 3771 Θεὸς,
801 3709 985 3762 καινὸν
1013 3709 1167 3764 οὐδέν
1193 3726 1208 3742 °
1237 3712 1298 3765 οὐ
1327 3713 1434 3785 γὰρ
1465 3715 1842 3786 δημοκρατίαν

252 3796 514 3850 ἐντεῦθεν
557 3798 616 3864 ἐξ
640 3799 886 3870 ἀνάγκης
912 3801 1230 3872 εἰσάγομεν,
1256 3799 1324 3877 ἧς
1356 3806 1384 3856 6
1427 3809 1702 3876 παντάναξ
1741 3812 1836 3879 μό-

254 3904 461 3956 ναρχος
492 3887 744 3953 ἄπεστιν,
779 3891 913 3945 ἀλλὰ
955 3892 1014 3945 τὸ
1055 3894 1404 3960 αὐτεξούσιον
1433 3899 1732 3966 δηλοῦςιενο
1779 3901 1839 3954 οὗ

255 3979 443 4042 καλῶς
473 3981 878 4052 φυλαττομένου
908 3987 966 4037 ἐν
1003 3987 1155 4057 ἡμῖν,
1185 3989 1338 4042 οὐδέν
1369 4007 1420 4042 τι
1451 3992 1842 4064 πολυπραγμο-

257 4067 508 4140 ν-ιύμεθα
545 4071 649 4123 ὑπὸ
691 4071 783 4125 τοῦ
815 4073 1080 4144 βασιλέως
1111 4076 1270 4144 Θεοῦ,
1302 4079 1438 4135 ἀλλὰ
1471 4084 1716 4151 φίλτατοι
1747 4087 1842 4139 αὑ-

252 4162 344 4234 τῷ
399 4164 796 4234 ὲγκρινὸμεθα·
835 4170 929 4221 καὶ
973 4167 1114 4222 οὕτω
1163 4169 1408 4240 βασιλεία
1447 4176 1542 4229 καὶ
1583 4177 1752 4246 δῆμος
1785 4181 1841 4231 ἐν

255 4256 396 4324 ἡμῖν
455 4256 593 4325 προς
647 4262 998 4329 μακαρισμὸν
1054 4263 1447 4332 διεκφαίνεται,
1510 4271 1841 4338 κρατοῦντος

253 4350 464 4416 ἄριστα
495 4349 653 4419 ἡμῶν
682 4349 776 4404 τοῦ
803 4351 1138 4422 λογιστικοῦ,
1169 4356 1257 4409 ὅτε
1302 4360 1366 4428 τῇ
1412 4359 1694 4431 ἀντιλήψει
1743 4365 1840 4430 τῆς

1945 500 2310 568 ματοφόρους,
2343 505 2401 551 ιιι
2426 506 2572 566 patet
2601 513 2666 551 ex
2703 497 2802 552 hoc
2836 517 2849 549 :
2891 497 3370 566 ῐινευματοφόροις
3402 499 3512 550 (iis.

1941 591 2140 658 cipnlis
2175 603 2323 643 nunc
2355 589 2756 651 assentiamur;
2793 588 2954 654 cujus
2981 588 3229 656 analogia
3267 600 3349 641 est
3384 601 3510 640 cum

1943 683 2308 753 σημειοφόρος
2365 690 2419 734 ει
2476 679 2901 749 τροπαιοφόρος,
2959 693 3191 747 quorum
3271 680 3516 749 analysis

1943 791 2123 838 sacra,
2157 775 2302 844 quod
2345 775 2410 828 ad
2447 775 2684 844 primum
2739 773 2952 836 attinet,
2993 781 3079 826 est
3125 775 3341 840 signum
3392 772 3518 825 dei-

1941 869 2070 922 tatls
2105 867 2319 932 ferens;
2353 875 2428 930 et,
2489 864 2672 932 quoad
2726 865 3056 928 secundum,
3113 864 3371 932 profana,
3437 864 3520 918 sic

1944 960 2211 1014 habctur:
2245 956 2472 1012 Intravit
2497 954 2792 1024 Traianus,
2824 969 2991 1024 super
3041 955 3304 1010 humeros
3331 953 3515 1010 ferens

1943 1058 2168 1119 tropica.
2214 1046 2286 1103 0s
2315 1056 2500 1101 autem
2530 1044 2942 1116 prophetarum,
2973 1042 3117 1112 quod
3171 1052 3258 1098 est
3303 1043 3511 1112 aliquid

1943 1142 2256 1199 universan
2332 1151 2594 1210 tanquam
2673 1137 2998 1208 prolationis
3056 1139 3508 1202 instrumentum,

1945 1235 2173 1306 pluralis
2207 1235 2328 1288 loco
2388 1240 2670 1299 sumptum
2707 1243 2812 1286 est.
2842 1229 2908 1284 Et
2945 1229 3082 1285 dicit
3113 1243 3127 1282 :
3159 1228 3354 1284 Locuti
3387 1239 3516 1284 sunt

1943 1325 2432 1396 msutta‘tétttpopm
2455 1325 2756 1395 prophetas.
2777 1323 3051 1389 Salvator,
3086 1331 3236 1378 tuam
3271 1338 3510 1392 praesen-

1943 1419 2098 1475 tiam.
2119 1417 2415 1474 Sciendum
2439 1425 2624 1471 autem
2643 1416 2790 1486 quod
2818 1431 2882 1470 ex
2907 1414 3112 1470 exteris
3130 1415 3276 1469 inter
3299 1424 3518 1471 sanctos

1943 1508 2090 1564 venit
2120 1509 2283 1562 etiam
2335 1509 2364 1560 6
2409 1507 2924 1577 πνευματὲμφορος.
2964 1505 3022 1560 ιη
3081 1505 3306 1576 Delphis
3369 1507 3518 1562 enim

1943 1600 2337 1655 subterraneus
2423 1598 2655 1667 spiritus
2727 1612 2825 1667 per
2891 1598 3188 1652 vaticinum
3251 1599 3518 1667 tripodem

1945 1705 2163 1744 sursum
2226 1703 2443 1758 repens,
2481 1690 2572 1744 ubi
2626 1690 2847 1745 sedebat
2893 1687 3087 1760 Pythia
3141 1692 3512 1761 prophetissa.

1881 1757 1921 1812 Β
1951 1781 2206 1850 implebat
2242 1781 2410 1845 illam,
2461 1790 2516 1836 et
2548 1782 2622 1836 ita
2675 1757 3256 1855 recenteninspir'ata‘
3293 1787 3517 1840 oracula

1950 1872 2134 1926 dabat.

2018 1963 2147 2017 209.
2180 1963 2332 2018 Istud
2361 1972 2546 2018 autem
2582 1963 2936 2032 σωματωδῶς
2977 1973 3064 2020 εει
3094 1981 3193 2035 pro
3217 1967 3514 2037 σαρκικῶς.

1947 2055 2067 2110 Νοη
2094 2053 2240 2110 enim
2271 2053 2358 2109 hic
2384 2053 2822 2124 praemittendum
2857 2064 2944 2111 est
2968 2056 3228 2111 dictionis
3293 2057 3515 2112 deriva-

1949 2148 2173 2215 tionem,
2198 2156 2452 2214 tanquam
2481 2146 2678 2202 exinde
2699 2160 2833 2203 sane
2858 2163 2966 2202 non
2988 2148 3130 2204 idem
3157 2157 3307 2204 esset
3328 2165 3517 2218 σωμα-

1945 2238 2130 2301 τωδῶς
2153 2248 2209 2293 et
2243 2237 2576 2305 σωματικῶς
2611 2238 2830 2304 dicere;
2861 2239 2958 2294 sed
2990 2240 3400 2296 concedendum
3428 2241 3519 2296 hic

1949 2338 2120 2399 poetae
2152 2330 2307 2384 metri
2357 2330 2672 2384 necessitati
2715 2329 3088 2400 acquiescere.
3145 2329 3260 2385 lloc
3312 2341 3519 2400 autem,

1950 2416 1996 2476 ὦ
2019 2423 2220 2493 μέδων,
2245 2422 2593 2492 participium
2625 2432 2729 2487 est,
2781 2437 2890 2478 non
2921 2433 3104 2477 tamen
3127 2439 3250 2480 cum
3276 2424 3327 2478 vi
3355 2425 3521 2493 parti-

1945 2515 2075 2586 cipii
2115 2515 2271 2584 juxta
2305 2515 2437 2570 illud
2463 2532 2479 2571 :
2507 2516 2535 2569 6
2571 2514 2711 2570 λέων
2745 2514 2840 2568 τοῦ
2873 2514 3110 2582 λέοντος,
3140 2525 3194 2570 ει
3216 2519 3244 2569 6
3277 2517 3520 2586 δράκων,

1945 2619 1998 2663 et
2027 2609 2057 2662 6
2084 2607 2358 2678 Θεράπων,
2397 2617 2453 2662 et
2485 2609 2514 2660 6
2555 2608 2654 2660 οὐκ
2694 2607 2907 2674 ἀλέγων
2938 2606 3032 2660 τοῦ
3068 2609 3170 2662 οὐκ
3201 2609 3518 2677 ἀλέγοντες,

1945 2709 1998 2754 et
2027 2701 2054 2752 6
2086 2699 2324 2752 εὐέλϐων
2357 2697 2449 2752 τοῦ
2480 2700 2812 2762 εὑελοόντος.
2847 2699 2976 2754 Ideo
3028 2710 3210 2754 servat
3259 2719 3304 2752 ω
3335 2702 3518 2755 nomi-

1945 2794 2112 2848 nativi
2146 2795 2198 2848 in
2227 2793 2498 2849 vocativo.
2528 2793 2586 2848 Si
2613 2807 2744 2848 vero
2791 2806 2991 2848 nomen
3028 2792 3310 2860 proprium
3343 2794 3510 2847 etiam

1947 2886 2255 2940 invt‘niatur
2312 2885 2528 2952 Μέδων,
2567 2885 2706 2938 nihil
2757 2884 2930 2938 nostri
2963 2883 3125 2938 refert
3155 2884 3221 2937 ad
3253 2897 3517 2952 praesens.

1944 2980 2047 3045 Qui
2080 2995 2207 3034 vero
2239 2979 2538 3032 secundum
2573 2978 2850 3036 hominem
2891 2987 2977 3032 est
3003 2977 3220 3039 Μέδων,
3250 2977 3329 3031 sic
3371 2977 3512 3032 dici-

1948 3080 2036 3142 tur
2063 3087 2126 3124 ex
2157 3071 2330 3140 μήδω,
2361 3070 2622 3136 delibero,
2652 3070 3028 3125 contractione
3077 3068 3270 3124 litterae
3295 3087 3328 3138 η
3360 3069 3413 3123 in
3451 3088 3467 3122 t
3495 3085 3509 3124 :

1945 3162 2299 3216 consiliosum
2367 3162 2512 3214 enim
2576 3172 2629 3216 et
2695 3161 3104 3218 consiliatorcm
3165 3175 3286 3216 esse
3348 3174 3517 3230 quam

1947 3259 2186 3310 maxime
2221 3269 2401 3324 regem
2436 3262 2668 3323 oportet.

2018 3349 2143 3405 210.
2188 3349 2254 3401 'H
2287 3362 2412 3402 vero
2447 3348 2674 3416 ὲνδημία
2722 3363 2830 3400 non
2866 3364 3032 3404 unum
3079 3351 3340 3420 populum
3376 3348 3517 3403 indi-

1947 3453 2054 3507 cat,
2095 3451 2154 3496 ut
2187 3442 2253 3498 de
2286 3445 2565 3495 mundano
2603 3455 2725 3508 rege
2757 3440 2833 3505 ﬁt,
2861 3442 2954 3496 sed
3003 3442 3233 3513 populos
3265 3441 3514 3514 (δήμους)

1948 3534 2223 3600 subjectos
2250 3531 2350 3600 lcgi
2378 3540 2651 3600 quotquot
2681 3531 3000 3600 partiuntur
3033 3534 3317 3596 innndum,
3354 3533 3516 3603 cujus

1946 3637 2030 3679 est
2071 3626 2380 3677 dominator
2411 3638 2700 3692 supremus
2737 3639 2853 3686 rex,
2902 3624 3064 3680 Deus.
3099 3626 3154 3680 Si
3214 3641 3346 3680 vero
3377 3627 3514 3680 dici-

1950 3731 2069 3768 mus
2105 3715 2489 3782 rempublicam
2537 3714 2750 3782 (δῆμον)
2795 3714 3168 3770 Christianum
3227 3717 3519 3785 populum,

1947 3806 2118 3876 (ῗαὸν)
2166 3820 2329 3872 super
2377 3820 2542 3872 quem
2606 3815 2795 3872 regnat
2841 3805 3006 3870 Deus,
3060 3807 3195 3860 nihil
3259 3807 3456 3860 mirum
3498 3825 3514 3860 :

1946 3915 2054 3951 non
2101 3899 2246 3952 enim
2301 3897 2497 3951 exinde
2534 3898 2847 3952 necessario
2900 3899 3286 3952 democratiam
3347 3899 3518 3952 intro-

1944 3989 2214 4051 ducimus,
2249 4003 2278 4042 a
2303 4003 2409 4057 qua
2439 4002 2688 4041 summus
2735 3987 2889 4042 abest
2911 3991 3224 4050 monarclta,
3259 3989 3351 4042 sed
3388 3988 3522 4043 libe-

1946 4093 2059 4132 ram
2079 4077 2448 4146 signiﬁcamus
2473 4083 2961 4144 potestatem;qua
2995 4075 3226 4130 ﬁdeliter
3269 4076 3324 4129 in
3365 4077 3521 4131 nobis

1946 4169 2236 4234 custodita,
2289 4169 2515 4223 minimc
2544 4167 2779 4238 negotiis
2830 4168 3185 4239 fatigabimur
3239 4171 3341 4224 sub
3397 4185 3522 4240 rego

1951 4261 2083 4328 Deo,
2113 4263 2206 4317 scd
2234 4262 2336 4330 ipsi
2383 4260 2726 4316 dilectissimi
2775 4261 3171 4330 judicabimur.
3232 4260 3299 4315 Et
3347 4261 3516 4317 sicin

1951 4358 2111 4411 nobis
2139 4355 2282 4425 regia
2318 4355 2795 4424 democraticaque
2825 4362 3070 4424 potestas
3101 4354 3414 4409 ostenditur
3449 4355 3514 4407 ad

253 4441 651 4512 ἀρχικωτάτης
677 4442 836 4511 ἁγίας
877 4444 1129 4514 Τριάδος,
1167 4448 1260 4500 καὶ
1287 4451 1385 4513 τὰς
1414 4455 1562 4522 τρεῖς
1600 4454 1843 4522 περισώ-

1953 4449 2364 4512 beatitudinem,
2427 4447 2631 4516 Optime
2681 4447 2999 4500 dominante
3073 4446 3232 4500 nobis
3285 4445 3520 4510 ratione,

253 4536 430 4602 ζομεν
469 4536 764 4599 ὲπαινετὰς
799 4539 995 4608 ἀρχάς,
1047 4542 1148 4610 τήν
1180 4559 1241 4594 τε
1283 4543 1592 4615 βασιλικὴν,
1631 4550 1725 4600 καὶ
1772 4550 1839 4602 δι’

253 4629 436 4690 αὐτῆς
464 4630 564 4699 τὴν
593 4631 650 4680 ἐν
681 4629 1098 4703 ἀριστοκρατίᾳ,
1126 4633 1248 4687 καθ’
1275 4635 1342 4704 ἣν
1367 4637 1460 4688 καὶ
1495 4639 1523 4691 ὁ
1553 4639 1842 4706 ἁδελφικὸς

250 4721 433 4790 δῆμος
465 4722 752 4793 ἐμφρόνως
800 4722 1115 4793 ἐξορθοῦται
1165 4727 1246 4790 εἰς
1297 4728 1542 4796 ἀγαθόν·
1591 4731 1618 4784 ὃ
1662 4735 1842 4800 μόνοις

252 4814 391 4883 ἄρτι
446 4819 893 4883 σκιαγραφεῖται,
944 4816 1020 4880 ὡς
1073 4819 1309 4890 ἐγχωρεί
1356 4825 1470 4884 τοῖς
1531 4825 1698 4878 πάλαι
1746 4830 1843 4894 μέν

253 4923 395 4960 ποτε
463 4906 587 4959 κατ’
625 4906 939 4979 Εὑπρὼπην
974 4909 1231 4976 Ἐνετοίς,
1288 4912 1384 4966 νῦν
1443 4914 1502 4968 δὲ
1563 4918 1842 4982 υύενέτοις

251 5000 446 5052 aito-sv
477 4999 737 5064 Βενέτοις,
771 4994 909 5070 ὧνή
951 5003 1104 5074 χώρα
1148 5005 1427 5069 Οὐενετία,
1475 5009 1552 5069 είς
1593 5008 1844 5062 Βενετίαν

250 5093 609 5162 τετριμμένη
648 5092 866 5158 κοινῶς,
893 5096 1024 5165 παρ’
1055 5092 1134 5159 οἷς
1159 5098 1218 5149 τὴ
1247 5099 1344 5164 μὲν
1373 5103 1706 5168 μοναρχικὶν
1738 5105 1843 5154 σώ-

251 5186 440 5250 ζεται,
473 5185 560 5237 διὰ
614 5185 709 5239 τοῦ
759 5189 818 5240 ὲν
865 5189 1049 5252 αὐτοῖς
1087 5191 1548 5261 ὑπερκαθημὲνου
1595 5196 1796 5257 Δουκός
1827 5213 1841 5228 ·

248 5279 348 5330 διὰ
385 5276 443 5329 δὲ
489 5275 599 5329 τῶν
633 5278 959 5342 κονσούλων,
1003 5278 1162 5348 οἵπερ
1211 5281 1349 5332 εἰσιν
1385 5283 1661 5335 ἐπίλεκτοι
1706 5283 1848 5354 σύμ-

253 5367 473 5432 ϐουλοι,
505 5367 565 5418 τὸ
603 5368 1060 5436 ἀριστοκρατικόν
1085 5387 1098 5400 ’
1132 5371 1180 5422 ot
1224 5370 1278 5423 δὲ
1339 5372 1470 5442 παρ’
1506 5375 1700 5437 αὐτοὺς
1755 5379 1846 5428 καὶ

264 5461 386 5531 μετ’
420 5460 645 5523 αὐτοὺς,
676 5462 736 5515 τὸ
761 5463 1062 5532 δημοτικῦν
1099 5464 1483 5535 συμπληροῦσι
1525 5468 1690 5534 φῦλον
1712 5485 1724 5497 ·
1755 5471 1846 5522 καὶ

247 5554 547 5623 τριπλόκῳ
575 5555 792 5625 σχοινίῳ
817 5555 992 5626 τούτῳ
1045 5556 1336 5628 εὐχρήστῳ
1388 5559 1844 5633 διαπεπλεγμὲνῳ

252 5645 344 5708 εἰς
371 5644 683 5716 ἄρρηκτον,
727 5644 827 5717 τὴν
874 5646 996 5702 κατ’
1027 5647 1225 5712 αὐτοὺς
1278 5650 1636 5720 κληροδοσίαν
1691 5656 1844 5708 συνέ-

257 5753 448 5808 χουσι.
545 5759 554 5772 ·

1948 4542 2168 4610 quando
2205 4541 2515 4608 receptioiae
2573 4537 3045 4608 principalissitmc
3093 4547 3300 4590 sancta:
3337 4536 3522 4589 Trini-

1951 4635 2099 4698 tatis,
2128 4644 2178 4686 ct
2212 4643 2322 4688 tres
2354 4645 2753 4686 conservatnus
2786 4629 3086 4683 lati-labiles
3117 4639 3438 4698 potestates,
3470 4641 3524 4685 et

1950 4726 2179 4795 regiam,
2216 4733 2270 4779 ct
2297 4740 2390 4792 per
2426 4724 2570 4776 hanc
2607 4722 2752 4772 illam
2792 4735 2911 4788 qua:
2943 4721 3090 4774 sistit
3128 4721 3182 4773 in
3227 4722 3523 4788 atiswcra-

1950 4819 2046 4880 tia,
2069 4817 2220 4884 juxta
2256 4826 2420 4884 quam
2485 4813 2766 4865 fraternus
2801 4809 2964 4864 etiam
3030 4810 3311 4880 popularis
3348 4819 3522 4867 status

1952 4912 2247 4979 prudenter
2293 4905 2551 4976 dirigitur
2583 4904 2651 4959 ad
2684 4903 2889 4957 bonum
2927 4921 2940 4956 :
2993 4906 3137 4971 quod
3187 4903 3319 4958 solis
3352 4920 3519 4970 nunc,

1954 5013 2011 5056 ut
2043 5001 2187 5062 licet,
2229 4999 2588 5053 adumbratur
2622 4996 2858 5066 populis.
2909 4995 3036 5048 olim
3093 4996 3275 5059 dictis,
3325 5011 3524 5052 secun-

1952 5095 2078 5148 dum
2137 5092 2435 5158 Europam,
2493 5089 2705 5153 Enetis,
2755 5089 2912 5142 hodie
2959 5103 3088 5141 vero
3127 5089 3344 5143 Venctis
3405 5091 3522 5144 sive

1953 5187 2190 5248 Bcnetis,
2244 5197 2482 5251 quorum
2541 5191 2626 5236 εει
2681 5181 2830 5248 regio
2879 5179 3124 5242 Venetia,
3161 5181 3526 5236 connnuniter

1950 5279 2002 5332 in
2042 5277 2322 5330 Benetiatn
2359 5290 2461 5329 usu
2497 5281 2727 5336 mutata,
2773 5275 2916 5342 apud
2951 5290 3089 5343 quos
3123 5275 3364 5343 regimen
3408 5289 3527 5328 ino-

1953 5369 2280 5423 narchicunt
2315 5367 2534 5432 quidem
2567 5373 2816 5420 servatur
2844 5381 2938 5434 per
2979 5368 3172 5420 ducem
3206 5381 3368 5437 super
3390 5366 3527 5420 alios

1950 5463 2312 5518 constitutum
2342 5476 2357 5523 ;
2418 5457 2857 5513 aristoctaticum
2892 5466 3072 5511 autem
3121 5475 3216 5527 per
3248 5458 3525 5518 consules.

1949 5555 2042 5624 qui
2078 5566 2205 5606 sunt
2239 5551 2399 5605 electi
2418 5549 2719 5604 consiliarii
2747 5563 2762 5614 ;
2808 5549 3128 5618 popularem
3165 5566 3293 5600 vero
3326 5546 3525 5600 Inbum

1952 5645 2230 5714 complent
2260 5644 2352 5712 qui
2383 5651 2516 5697 sunt
2543 5641 2686 5711 apud
2729 5641 2852 5694 illos
2900 5653 2954 5696 et
2993 5651 3114 5708 post
3152 5639 3292 5692 illos.
3328 5636 3390 5690 Et
3427 5639 3528 5691 hoc

1951 5736 2148 5808 triplici
2194 5735 2444 5792 funiculo
2477 5737 2532 5790 in
2584 5734 2883 5793 infracultn
2935 5734 3092 5804 plcxo
3146 5730 3516 5784 lizea‘cditatetn

1956 5833 2058 5888 sibi
2093 5829 2342 5884 sortitam
2369 5829 2669 5884 continent.
