3966 6248
501 278 603 343 ἲῐθ

1201 280 1620 343 EUSTATIIII
1657 277 2068 340 THESSALOI

2175 277 2410 338 IENSIS
2448 277 3009 354 ΜΕΤΒΟΡΟΙᾸΤᾸΞ

3630 281 3721 347 720

563 390 692 446 2H.
723 388 838 447 Hoc
867 398 1047 446 autem
1079 407 1096 446 :
1129 391 1348 444 κόλπων
1381 389 1692 457 πατρικῶν,
1724 390 2062 461 periphrasis

2243 388 2368 444 σια¹.
2410 390 2483 443 Τὸ
2529 390 2587 444 δὲ
2639 391 2853 446 κόλπων
2913 392 3218 464 πατρικῶνε
3249 392 3579 466 περίφρασις
3623 398 3726 454 ἐστι

499 493 580 539 est
611 484 828 554 patris:
879 483 1244 537 abundantius
1271 481 1494 551 quidem
1530 491 1616 536 est
1651 483 1885 547 dictum,
1921 482 2070 536 simi-

496 577 618 632 liter
648 586 826 631 tamen
859 576 1270 645 interpretatum
1297 589 1312 629 :
1355 588 1573 645 aequum
1601 574 1746 629 enim
1772 583 1854 628 est
1884 573 2068 630 dicere

497 667 762 737 Spiritum
815 679 880 721 ex
941 665 1065 721 sinu
1120 665 1299 722 Patris
1332 666 1740 736 procedentem.
1793 665 1898 732 Qui
1941 679 2068 719 vero

493 759 772 815 curiosius
800 757 1074 829 inspicere
1103 757 1338 814 voluerit
1383 757 1548 828 hujus
1591 757 1770 812 Patris
1800 758 1980 822 sinus,
2034 772 2066 812 e

500 850 705 918 quibus
754 849 822 904 ad
854 851 1265 906 accurationem
1310 849 1606 918 perlectam
1642 849 1813 904 Filius
1845 850 2064 920 quidem

493 942 630 1006 exit,
661 940 903 1012 Spiritus
934 952 1116 998 autem
1163 941 1430 1012 procedit,
1474 941 1596 997 illos
1644 941 1837 996 leviter
1867 949 1922 996 et
1955 942 2067 996 hae-.-

494 1035 694 1100 sitans,
729 1031 982 1088 manibus
1018 1032 1314 1103 impositis,
1348 1033 1610 1104 palpabit.
1668 1032 1751 1088 Ex
1802 1033 2067 1088 iuell‘abili

495 1127 884 1195 namque-sinu
913 1127 1286 1196 metapltoriee
1325 1126 1528 1181 dicitur
1560 1125 1805 1196 Spiritus
1841 1137 2068 1182 sanctus

491 1219 852 1286 processisse,
877 1219 1068 1274 sicute
1096 1233 1198 1273 suo
1225 1217 1392 1274 corde
1425 1217 1660 1273 Verbum
1696 1219 1896 1273 bonum
1923 1219 2065 1274 idem

495 1309 704 1378 absque
760 1309 1035 1379 principio
1099 1311 1263 1365 Pater
1315 1309 1610 1366 eructavit.
1648 1309 1842 1365 Sinum
1883 1317 2066 1364 autem

492 1402 660 1454 maris
684 1402 748 1454 dc
783 1403 904 1470 ipso
941 1399 1314 1471 melapborice
1344 1400 1492 1467 loqui
1527 1401 1816 1466 audemus,
1845 1400 2067 1470 quando

495 1495 762 1545 honorum
807 1507 870 1547 ex
928 1493 1047 1563 ipso
1088 1491 1494 1562 proﬂuentium,
1527 1493 1943 1556 misericordia),
1973 1507 2065 1546 sar

493 1584 711 1652 pientiae
767 1593 822 1638 et
873 1595 1223 1650 ca‘terorum,
1257 1595 1318 1640 ut
1363 1599 1677 1654 possumus.
1733 1585 2068 1640 immensita-

491 1685 596 1730 tctn
625 1676 1066 1745 consideramus,
1103 1677 1406 1733 naviculam
1437 1679 1728 1733 humanam
1748 1677 1800 1730 in
1833 1677 1936 1732 hoc
1966 1677 2068 1732 im-

489 1783 741 1824 mensmn
789 1769 1012 1841 pelagus
1043 1771 1429 1826 immittentes.

559 1861 690 1916 212.
743 1860 876 1917 Vide
930 1872 1114 1916 autem
1153 1862 1316 1932 vquod
1389 1875 1487 1930 pro
1532 1876 1546 1915 :
1602 1862 2064 1932 ἐκπορευόμενον,

491 1957 842 2025 προηγμένον
897 1956 1019 2011 sine
1075 1956 1322 2025 periculo
1375 1955 1535 2010 dixit.
1587 1954 1857 2021 Quoniam
1907 1955 2068 2026 igitur

486 2048 772 2118 aequaliter
805 2063 929 2103 cum
974 2050 1060 2103 his
1094 2048 1552 2118 expressionibus
1603 2047 1753 2102 venit
1780 2049 1945 2102 etiam
2008 2047 2068 2100 τὸ

495 2140 968 2210 προϐεϐλημένον,
1011 2140 1337 2211 capiendum
1365 2149 1450 2195 est
1475 2139 1644 2211 quod,
1677 2141 1824 2196 sicut
1866 2140 2068 2194 dicitur

492 2232 654 2287 Pater
696 2231 958 2301 Spiritum
992 2233 1338 2303 ἐκπορεύειν,
1393 2235 1472 2287 sic
1502 2233 1665 2288 etiam
1702 2235 1972 2303 προάγειν
2011 2243 2067 2290 et

489 2323 839 2393 προϐάλλειν.
883 2325 936 2377 In
987 2335 1187 2394 quarto
1239 2335 1422 2379 autem
1461 2339 1646 2390 versu,
1681 2327 1734 2380 in
1771 2343 1884 2397 quo
1920 2328 2066 2397 jacet

493 2414 836 2469 manifestata
871 2417 1008 2471 satis
1047 2415 1374 2486 compositio
1404 2418 1458 2470 in
1497 2434 1664 2473 unum
1714 2419 2060 2485 coalescens,

492 2506 720 2575 pulchre
772 2515 828 2561 et
865 2507 1097 2562 solerter
1140 2521 1235 2576 per
1260 2509 1717 2578 compositionem
1770 2511 1945 2580 ejecta
1985 2522 2070 2564 est

493 2599 856 2654 immutabilis
890 2598 1068 2654 linalis
1103 2614 1172 2654 ex
1219 2601 1488 2656 vocibus:
1539 2603 1796 2656 ἄκτιστον
1831 2610 1886 2656 et
1928 2619 2067 2670 συμ-

492 2692 900 2762 πλαστουργὸν,
951 2707 1021 2746 ne
1073 2693 1239 2746 simul
1295 2707 1420 2747 cum
1483 2695 1631 2749 malo
1688 2704 1862 2749 metro
1899 2696 2069 2750 lector

492 2783 774 2839 attendens
808 2784 1052 2852 linguam
1087 2794 1280 2839 contra
1327 2786 1514 2840 talium
1569 2785 1812 2840 ﬁualium
1844 2801 2067 2841 succes-

493 2877 702 2932 sionem
757 2876 1179 2930 immutabilium
1233 2877 1400 2932 nimis
1456 2877 1689 2932 laboret.
1728 2877 1841 2932 Vox
1883 2891 2067 2933 autem

494 2971 652 3024 σέθεν
697 2973 929 3040 poetica,
976 2972 1123 3026 sicut
1143 2981 1197 3025 et
1220 2974 1330 3036 σέο,
1365 2975 1514 3039 quod
1544 2972 1718 3042 ipsius
1747 2981 2070 3044 protolypus

495 3073 596 3117 est.
639 3063 890 3116 Sumitur
930 3069 1229 3131 utrumque
1253 3077 1354 3132 pro
1387 3060 1505 3116 σοῦ.
1534 3063 1796 3118 Similiter
1829 3079 1894 3118 ex
1939 3079 2064 3133 pro-
2093 3091 2135 3150 ο

495 3155 721 3210 nomine
759 3153 944 3209 soluto
992 3152 1131 3223 ἐμοῦ
1168 3154 1228 3210 lit
1279 3153 1438 3224 ἐμέο,
1471 3163 1528 3209 et
1576 3155 1776 3208 eximie
1825 3155 2060 3222 ἐμέθεν;

495 3257 548 3301 et
569 3263 632 3302 ex
668 3240 729 3300 οὗ
759 3246 824 3300 Eo
873 3255 1040 3316 atque
1085 3245 1206 3299 ἐθεν
1241 3261 1342 3316 pro
1373 3246 1564 3300 αὑτοῦ.
1611 3247 1736 3311 Ίεὶς
1788 3258 1967 3302 autem
1999 3262 2064 3302 ex

495 3339 666 3394 verbo
689 3339 851 3408 paqu
881 3347 1008 3393 ante
1045 3337 1196 3393 dicto
1227 3339 1354 3408 ἴημι
1389 3341 1554 3405 venit,
1589 3341 1750 3410 cujus
1813 3341 2069 3411 imperfe-

504 3443 657 3487 ctum
689 3441 777 3488 est
802 3432 891 3502 την
933 3441 988 3487 et
1021 3433 1366 3501 participium
1402 3431 1502 3495 ἱεὶς
1528 3432 1721 3498 ἱέντος,
1760 3434 1904 3502 quod
1942 3448 2064 3486 cum

495 3523 882 3594 praepositione
909 3523 1019 3576 ἀπὸ
1042 3522 1250 3578 dicitur
1297 3526 1482 3592 ἀφιεὶς
1513 3523 1788 3592 ἀφιέντος,
1822 3522 1900 3576 Ex
1951 3524 2067 3578 sole

496 3629 702 3675 autem,
740 3613 886 3669 velut
917 3614 970 3668 in
999 3627 1186 3667 arcum
1218 3621 1446 3667 curvato
1479 3611 1778 3667 secundum
1831 3621 2066 3676 veteres,

496 3715 778 3777 sumptum
829 3713 963 3761 est:
1007 3705 1144 3758 ἱέναι
1201 3703 1391 3768 σέλας,
1445 3704 1696 3758 emittere
1749 3702 1932 3756 lumen
2001 3700 2068 3754 ad

498 3800 672 3853 instar
715 3797 796 3850 ιοῦ
829 3795 1114 3866 cujusdam
1147 3796 1262 3850 sive
1287 3795 1480 3865 iaculi.
1510 3793 1666 3858 Quod
1711 3793 1857 3846 enim
1907 3793 2069 3846 desu—

497 3907 591 3962 per
619 3890 710 3945 ille
754 3889 928 3944 radiet
969 3867 1051 3942 in,
1101 3897 1322 3952 terram,
1367 3888 1482 3954 hoc
1533 3887 1856 3955 sagittarum
1899 3884 2068 3952 jactui

499 3987 706 4041 urbane
757 3985 834 4040 illi
895 3983 1312 4046 assimilaba-nt;
1357 3982 1505 4035 unde
1559 3993 1780 4049 quoque
1824 3977 1962 4041 ἰήῐον
2017 3977 2068 4028 in

499 4091 735 4152 quatuor
764 4077 988 4148 syllabis
1023 4075 1318 4143 allegorice
1343 4073 1614 4126 vocabant
1634 4085 1781 4124 eum.
1828 4066 2072 4121 Vocibus

500 4185 680 4230 autem
711 4169 1188 4240 ἐνανθρωπήσεως
1221 4175 1276 4220 et
1297 4166 1394 4218 τοῦ
1431 4163 1806 4232 ἐνανθρωπεῖν
1856 4177 1963 4214 non
1990 4171 2071 4213 cst

499 4268 565 4320 de
597 4264 876 4320 salutifera
925 4261 1127 4316 Christi
1162 4256 1467 4312 Salvatoris
1512 4255 1818 4310 oeconomia
1847 4253 2074 4304 viridio-

503 4374 614 4412 rem
656 4358 1112 4428 pr0prioremque
1139 4351 1432 4405 dictionem
1465 4347 1732 4402 invenire.

995 4443 1218 4497 ﬂt'rmus
1251 4445 1365 4496 orla:
1408 4456 1580 4494 nonae.

571 4543 752 4607 Salve,
790 4538 1017 4610 Regina,
1052 4533 1497 4604 matrivirginalis
1529 4531 1718 4601 gloria,

495 4638 668 4690 Omne
690 4633 834 4689 enim
859 4632 1003 4688 bene
1040 4630 1295 4691 volubile,
1331 4630 1465 4681 bene
1494 4626 1719 4693 loquens
1759 4643 1822 4676 us

497 4728 786 4782 Rhetorica
817 4735 936 4780 arte
973 4739 1078 4779 non
1112 4728 1292 4792 potest
1330 4731 1379 4773 te
1407 4721 1629 4772 laudare
1655 4718 1838 4784 digne.

496 4821 704 4889 llaligat
729 4827 907 4872 autem
947 4831 1098 4870 mens
1120 4814 1299 4869 omnis
1333 4813 1399 4865 ad
1434 4821 1586 4865 tuum
1621 4820 1835 4879 partum

498 4908 968 4979 Cugnoseeridum,
993 4907 1137 4959 unde
1157 4915 1207 4958 te
1226 4919 1351 4957 eum
1376 4902 1648 4958 desiderio
1677 4901 2068 4971 glorilicmnus.

569 5003 700 5056 9.15.
765 4999 823 5053 In
877 4999 1000 5052 aliis
1052 4995 1269 5066 quidem
1336 4994 1672 5049 carminibus
1725 4993 2071 5061 praacctleuti-

502 5095 603 5147 tus
675 5087 1009 5145 venerabilis
1069 5101 1229 5154 quem
1292 5095 1589 5158 tractamus
1641 5084 1867 5153 lyricus,
1934 5085 2069 5136 alius

502 5185 879 5252 interponebat
923 5179 1223 5236 sententias
1263 5189 1314 5232 et
1359 5178 1636 5238 historias,
1685 5192 1747 5230 ex
1795 5177 2067 5244 antiquis-

501 5283 657 5337 simis
703 5277 873 5333 sacris
904 5285 957 5330 et
990 5274 1281 5346 praecipuis
1313 5274 1678 5334 carminibus,
1723 5272 1878 5338 juxta
1949 5287 2070 5339 qua:

500 5372 756 5439 struphas
808 5368 1084 5438 expositas
1133 5363 1417 5420 concinuit
1463 5378 1478 5415 :
1533 5363 1626 5415 sed
1684 5376 1882 5414 nonam
1929 5362 2070 5414 hanc

497 5463 684 5525 ollam,
721 5457 1120 5529 angustissimae
1174 5454 1419 5522 Deipara:
1464 5460 1760 5509 sacratam,
1801 5449 2070 5518 implevit.

501 5562 561 5608 ut
610 5552 832 5616 licebat,
865 5548 1159 5604 sententiis
1187 5545 1251 5599 ad
1281 5559 1400 5598 eam
1432 5542 1852 5612 pertinentibus.
1875 5541 1952 5593 oEt
1987 5543 2072 5596 hic

499 5647 719 5716 quidem
770 5659 944 5699 nexus
1001 5656 1136 5712 pure
1188 5639 1604 5709 speciatimque,
1671 5647 1932 5694 consueta
1981 5653 2066 5692 se-

498 5739 681 5808 quela,
713 5737 956 5793 celebrat
989 5749 1130 5791 eam.
1168 5732 1420 5801 Stropbu:
1475 5746 1614 5786 vero-
1649 5747 1772 5800 qua:
1819 5731 2067 5798 sequitur

2167 482 2265 536 τοῦ
2322 483 2571 553 πατρός’
2632 484 3014 555 περιττότερον
3069 485 3170 554 μὲν
3225 486 3438 540 ἐκείνου
3483 492 3722 558 φράσων,

2167 571 2432 637 ὡσαύτως
2485 573 2544 626 δὲ
2587 574 3064 644 ἐρμηνευόμενονο
3117 576 3311 645 ὅμοιον
3361 565 3724 649 γὰρἰινεῦμα

2169 666 2346 720 εἰπεῖν
2380 665 2598 720 κόλπων
2630 667 2695 720 ἐκ
2729 666 2943 736 [ἰατρὸς
2973 667 3349 738 προηγμένον.
3391 669 3454 722 '0
3485 669 3544 722 δὲ
3587 687 3725 741 περι-

2169 757 2539 831 εργαζόμενος
2580 759 2812 822 κόλπους
2839 760 3051 830 Πατρδς
3077 760 3268 815 τούτου
3299 755 3375 816 ὧν
3415 764 3444 815 ό
3485 762 3590 831 μὲν
3618 763 3727 827 Υἱὸς

2171 851 2412 920 πρόεισι,
2440 852 2502 903 τὺ
2533 852 2590 905 δέ
2619 852 2842 918 Πνεῦμα
2883 853 3249 923 ἐκπορεύεται
3285 853 3422 922 πρὸς
3464 855 3729 926 ἀκρίϐειαν

2170 943 2386 1011 ἐντελῆ,
2415 945 2536 1003 τότε
2567 945 2696 1009 τοὺς
2723 947 3002 1007 τοιούτους
3041 945 3277 1010 κόλπους
3313 947 3629 1018 ψηλαφήσει
3661 947 3731 1002 τὸ

2173 1038 2326 1107 χεῖρε
2353 1037 2541 1101 καθεὶς
2563 1037 2651 1092 ἐπ’
2679 1037 2880 1101 αὐτούς.
2897 1054 2910 1066 ·
2949 1039 3191 1110 ἀρρήτου
3213 1039 3321 1110 γὰρ
3351 1040 3556 1094 κόλπου
3585 1057 3731 1108 μετα-

2169 1129 2412 1199 φορικῶς
2437 1131 2712 1202 προῆχθαι
2745 1131 2806 1186 τὺ
2835 1129 2990 1200 ἅγιον
3020 1129 3246 1200 Πνεῦμα
3271 1129 3516 1197 λέγεται,
3543 1128 3618 1194 ὡς
3644 1133 3728 1184 καὶ

2169 1222 2234 1274 ἐκ
2264 1221 2365 1290 τῆς
2391 1221 2557 1276 αὐτοῦ
2587 1223 2815 1293 καρδίας
2836 1222 2996 1292 λόγον
3013 1222 3227 1292 ἀγαθὸν
3262 1224 3292 1276 ὸ
3315 1223 3476 1286 αὐτὸς
3511 1222 3731 1294 ἄναρχος

2170 1309 2360 1380 Πατὴρ
2399 1311 2735 1381 ἐξηρεύξατο
2764 1330 2776 1344 ·
2803 1312 3006 1367 κόλπον
3050 1313 3108 1367 δέ
3153 1312 3430 1381 θαλάσσης
3458 1313 3547 1365 ἐπ’
3575 1312 3729 1367 αὐτοῦ

2171 1406 2522 1473 μετενεγκεῖν
2555 1405 2837 1474 τροπικῶς
2869 1405 3258 1477 ἐγχειροῦμεν,
3299 1407 3388 1459 ὅτε
3432 1407 3493 1458 τὸ
3521 1407 3731 1477 ἄπειρον

2169 1495 2277 1548 τῶν
2313 1495 2696 1566 ἀγαθοχυσιῶν
2729 1497 2917 1560 αὐτοῦ,
2950 1499 3157 1551 καὶτοῦ
3183 1499 3391 1562 ἐλέους,
3411 1501 3506 1553 καὶ
3529 1501 3629 1567 τῆς
3657 1516 3730 1552 σο-

2170 1585 2324 1656 φίας,
2347 1589 2447 1642 καὶ
2474 1589 2576 1640 ὃσα
2598 1588 2848 1653 τοιαῦτα,
2877 1589 2953 1652 ὡς
2980 1588 3208 1643 δυνατὸν
3245 1590 3616 1660 σκεπτόμεθα,
3648 1594 3734 1646 ἐπ-

2171 1681 2426 1748 αφιέντες
2450 1680 2669 1749 ἀπλέτῳ
2698 1680 2925 1748 πελάγει
2953 1682 3128 1753 τούτῳ
3160 1683 3353 1738 ἁλιάδα
3378 1684 3480 1754 τὴν
3505 1683 3630 1738 κατ’
3647 1686 3732 1738 άν-

2099 1743 2143 1801 B
2173 1743 2414 1842 Ορωπον.

2239 1862 2362 1933 σιβ’.
2397 1864 2542 1935 Ὅρα
2563 1864 2618 1917 δὲ
2650 1865 2754 1928 ὅτι,
2780 1866 2900 1918 ἀντὶ
2929 1865 3023 1918 τοῦ
3047 1865 3506 1936 ἐκπορευόμενον,
3537 1885 3733 1938 προηγ-

2171 1958 2333 2026 μένον
2366 1951 2525 2009 εἷπεν
2557 1956 2842 2025 ἀσφαλῶς.
2890 1957 3044 2010 Ἐπεὶ¹
3093 1953 3190 2011 οὖν
3239 1961 3318 2021 εἰς
3371 1959 3485 2012 ἴσον
3527 1961 3731 2022 τούτοις

2167 2046 2392 2118 ἔρχεται
2426 2049 2521 2102 καὶ
2550 2047 2612 2102 τὸ
2656 2048 3120 2118 προϐεϐλημένον,
3154 2051 3390 2118 ληπτέον
3433 2054 3517 2106 ὅτι
3559 2052 3734 2124 ὥσπερ

2169 2139 2496 2210 ἐκπορεύειν
2531 2142 2560 2194 ὁ
2589 2141 2782 2210 Πατὴρ
2815 2141 2875 2193 τὸ
2911 2140 3138 2208 Πνεῦμα
3175 2143 3416 2212 λέγεται,
3459 2145 3608 2199 οὕτω
3653 2150 3738 2199 καὶ

2173 2231 2441 2302 προάγειν
2472 2233 2569 2285 καὶ
2603 2233 2934 2302 προϐάλλειν
2957 2250 2971 2265 ⁸
3000 2236 3056 2286 ἐν
3097 2235 3155 2286 δὲ
3184 2235 3262 2306 τῷ
3303 2237 3554 2308 τετάρτῳ
3584 2238 3740 2308 στίχὶρ

2167 2326 2228 2378 ἐν
2258 2319 2302 2393 ᾧ
2330 2328 2362 2397 ἡ
2391 2325 2742 2397 δεδηλωμένη
2787 2327 3038 2392 σύνθεσις
3087 2327 3344 2396 ἐπίτηδες
3389 2330 3418 2398 ἡ
3468 2331 3614 2381 κατά
3651 2329 3742 2399 τὴν

2171 2419 2330 2489 ὑφέν,
2367 2419 2551 2482 καλῶς
2582 2423 2678 2473 καὶ
2709 2419 2974 2489 τεχνικῶς
3025 2419 3238 2490 ἐξώσθη
3281 2420 3373 2474 διὰ
3412 2422 3515 2491 τῆς
3558 2422 3739 2474 συνθέ-

2170 2528 2308 2574 σεως
2351 2511 2414 2565 τὸ
2447 2511 2663 2564 τελικὸν
2715 2511 3054 2580 ἀμετάϐολον
3097 2513 3160 2564 ἐκ
3200 2510 3294 2564 τοῦ
3345 2513 3609 2565 ἀκτιστον
3653 2513 3741 2564 καὶ

2171 2604 2689 2675 συμπλαστουργδν,
2733 2605 2820 2658 ἵνα
2873 2605 2947 2675 μὴ
2981 2605 3080 2658 σὺν
3109 2608 3178 2676 τῇ
3224 2608 3572 2677 κακομετρῐᾳ
3603 2607 3692 2660 καὶ
3715 2607 3743 2658 ό

2170 2699 2523 2764 ἀναγνῶστης
2558 2696 2787 2767 πονῆται
2829 2697 3192 2765 προσπταίων
3237 2696 3336 2763 τὴν
3389 2697 3640 2763 γλῶτταν
3679 2699 3742 2766 τῇ

2170 2787 2278 2839 τῶν
2316 2785 2574 2839 τοιούτων
2603 2784 2963 2853 ἀμεταϐόλων
3008 2786 3332 2855 ὲπαλληλίᾳ.
3380 2786 3454 2838 Τὸ
3492 2786 3548 2838 δὲ
3597 2787 3746 2840 σέθεν

2169 2879 2456 2947 ποιητικόν
2486 2879 2657 2943 ἐστιν,
2689 2875 2880 2946 ὥσπερ
2908 2879 3003 2930 καὶ
3049 2881 3110 2929 τὸ
3160 2879 3251 2930 σέο
3297 2877 3358 2930 τὸ
3395 2879 3745 2947 πρωτότοκον

2169 2970 2360 3023 αὐτοῦ’
2391 2969 2761 3040 λαμϐάνονται
2812 2969 2870 3023 δὲ
2905 2969 3074 3038 ἄμφω
3115 2969 3237 3023 ἀντὶ
3282 2968 3376 3022 τοῦ
3416 2969 3551 3022 σοῦ·
3613 2969 3749 3022 οὕτω

2169 3063 2261 3114 καὶ
2294 3064 2357 3114 ἐκ
2399 3063 2498 3132 τῆς
2545 3060 2681 3131 ἐμοῦ
2713 3062 3061 3129 ἁντωνυμίας
3092 3060 3492 3131 διαλελυμένης
3520 3064 3584 3113 τὸ
3627 3061 3750 3129 ἐμέο

2175 3155 2403 3221 γίνεται,
2436 3154 2530 3208 καὶ
2561 3154 2786 3206 ἐκεῖθεν
2815 3156 2874 3206 τὸ
2905 3153 3121 3223 ἐμέθεν,
3161 3155 3252 3205 καὶ
3287 3157 3350 3206 ἐκ
3377 3154 3473 3206 τ’ιῦ
3496 3147 3558 3206 οὗ
3586 3154 3648 3207 τὸ
3674 3153 3748 3218 ἕο,

2175 3249 2270 3299 καὶ
2292 3245 2416 3300 ’ἑθεν
2448 3246 2569 3299 ἀντὶ
2609 3245 2704 3298 τοῦ
2733 3245 2919 3300 αὐτοῦ.
2956 3245 3029 3299 Τὸ
3057 3245 3115 3298 δὲ
3144 3245 3246 3307 ἱεὶς
3280 3248 3344 3299 ἐκ
3375 3245 3472 3298 τοῦ
3505 3248 3614 3316 πρὸ
3643 3246 3744 3298 ὀλί-

2170 3356 2286 3408 γων
2318 3337 2572 3408 ῥηθέντος
2600 3337 2725 3406 ῐημι
2755 3337 2989 3406 γίνεται,
3013 3337 3074 3391 οῦ
3104 3339 3483 3408 παρατατικδς
3514 3339 3624 3406 ἴην,
3661 3337 3750 3391 καὶ

2171 3432 2206 3501 ἡ
2251 3427 2453 3503 μετοχὴ
2491 3428 2589 3490 ἱεὶς
2643 3428 2840 3492 ἱέντος,
2891 3427 2919 3480 ὃ
2952 3429 3089 3496 μετὰ
3136 3430 3234 3497 τῆς
3277 3428 3388 3480 ἀπὸ
3437 3429 3748 3497 προθέσεως

2168 3524 2355 3594 ἀφιεὶς
2391 3525 2648 3594 ἀφιέντος
2682 3524 2921 3592 λέγεται·
2951 3524 3010 3588 ἐξ
3033 3525 3184 3593 ἡλίου
3215 3524 3272 3576 δέ
3300 3524 3376 3586 ὥς
3408 3521 3498 3580 οἷα
3526 3526 3747 3592 τοξότου

2175 3617 2314 3669 κατά
2361 3617 2488 3679 τοὺς
2543 3617 2808 3678 παλαιοὺς
2861 3618 3118 3685 εἴληπται
3155 3617 3218 3668 τὸ
3271 3616 3414 3668 ἰέναι
3465 3617 3623 3678 σέλας
3669 3614 3748 3668 ἰοῦ

2169 3727 2316 3772 τινος
2345 3710 2503 3778 δίκην
2526 3712 2552 3762 ὃ
2576 3713 2726 3764 ἐστιν
2749 3710 2954 3762 ὀϊστοῦ·
2980 3710 3042 3764 τὸ
3071 3711 3180 3780 γὰρ
3214 3710 3582 3763 ἀκτινοϐολεῑν
3613 3711 3751 3765 ἄνω-

2174 3803 2266 3855 Θεν
2293 3804 2502 3856 ἐκεῖνον
2535 3804 2616 3864 εἰς
2647 3803 2770 3871 γῆν,
2806 3801 2991 3873 τοξείᾳ
3026 3801 3248 3866 εἴκαζον
3280 3804 3482 3857 ἐκεῖνοι
3511 3803 3754 3868 ἀστεϊζό-

2177 3913 2350 3963 μενοι.
2384 3896 2546 3949 Ὀθεν
2567 3896 2659 3950 καὶ
2686 3897 2825 3967 ῑήῖον
2854 3895 3234 3966 ἀλληγορικῶς
3257 3897 3315 3947 ἐν
3340 3897 3599 3964 τέσσαρσι
3630 3894 3756 3947 συλ-

2174 3988 2367 4051 λαϐαῖς
2401 3989 2633 4041 ἐκάλουν
2676 3989 2860 4041 αὐτόν·
2906 3990 3005 4055 τῆς
3051 3989 3107 4040 δέ
3153 3987 3626 4059 ἐνανθρωπήσεως
3656 3986 3751 4039 καὶ

2174 4079 2267 4132 τοῦ
2297 4080 2672 4148 ἐνανθρωπεῖν
2706 4082 2807 4132 οὐκ
2837 4079 2986 4133 ἔστιν
3015 4081 3108 4132 ἐπὶ
3151 4081 3252 4149 τῆς
3299 4079 3754 4150 κοσμοσωτηριου

2177 4172 2493 4240 οἰκονομίας
2520 4172 2928 4242 ἐναργεστέραν
2957 4172 3050 4224 καὶ
3092 4172 3444 4242 κυριωτέραν
3478 4170 3619 4235 λέξιν
3664 4169 3752 4222 εὗ-

2181 4262 2394 4333 ρέσοαι.

2600 4438 2774 4510 ’ῼδῆς
2805 4437 3065 4505 ἐννάτης
3094 4438 3316 4507 εἱρμὸς.

2187 4533 2347 4587 XXV.
2381 4533 2636 4601 Χαὶροις,
2664 4534 2900 4596 ἄνασσα,
2937 4528 3388 4602 μητροπάρθενον
3417 4529 3588 4591 κλέος,

2391 4626 2575 4678 ’Ἂπαν
2607 4626 2716 4696 γὰρ
2749 4626 3053 4693 εύδίνητον,
3083 4623 3309 4676 εὕλαλον
3341 4624 3516 4692 στόμα

2401 4717 2720 4787 Ῥητρεῦον,
2752 4718 2812 4770 οὐ
2840 4719 3018 4770 σθένει
3051 4735 3107 4769 σε
3143 4717 3373 4785 μέλπειν
3403 4716 3586 4779 agam;-

2414 4809 2642 4879 Ίλιγγιᾷ
2675 4809 2733 4860 δὲ
2763 4809 2885 4871 νοῦς
2917 4809 3063 4870 ἆπας
3098 4826 3194 4862 σου
3225 4809 3321 4860 τὸν
3349 4810 3507 4861 τόκον

2390 4901 2573 4954 Νοείν·
2601 4902 2725 4954 ὅθεν
2754 4919 2812 4954 σε
2847 4904 2946 4954 σὺν
2985 4901 3136 4968 πόθῳ
3163 4901 3482 4970 δοξάζομεν.

2255 5010 2382 5063 σ-ιγν.
2443 4994 2533 5046 Ἰίίν
2589 4993 2694 5062 μὲν·
2733 4996 2854 5056 ταῖς
2897 4993 3004 5062 πρὸ
3035 4995 3242 5062 ταύτης
3293 4994 3525 5062 μολπαῖς
3567 4993 3594 5044 ὁ
3649 4990 3762 5042 ἀνὰ

2180 5090 2367 5156 χεῖρας
2427 5087 2557 5156 ἡμῖν
2617 5086 2801 5155 τίμιος
2857 5085 3114 5147 ἐποποιὸς
3181 5085 3359 5149 ἄλλως
3409 5081 3761 5154 παρενετίθει

2181 5179 2391 5241 ἐννοίας
2422 5181 2516 5232 καὶ
2545 5178 2790 5248 ἱστορίας
2835 5181 2900 5230 ὲκ
2935 5179 3046 5232 τῶν
3072 5177 3425 5232 παλαιτάτων
3453 5179 3614 5246 ἁγὶων
3651 5191 3759 5226 xo-

2182 5274 2426 5339 ρυφαεων
2451 5272 2628 5342 ᾠδῶν,
2661 5271 2796 5340 πρὸς
2826 5270 2892 5333 ἃς
2915 5270 3118 5340 ἐμελψε
3153 5273 3220 5323 τὰ
3249 5271 3598 5340 ὲκτεθειμένα
3620 5282 3765 5334 τρο·

2180 5365 2378 5432 πάρια·
2418 5368 2517 5432 τὴν
2551 5365 2606 5416 δὲ
2640 5364 2838 5434 ἐνάτην
2871 5364 3081 5432 ταύτην
3113 5363 3282 5432 ᾠδὴν,
3330 5361 3646 5431 ὡσιωμένην
3684 5359 3760 5426 τῇ

2180 5458 2442 5524 πανάγνῳ
2489 5455 2822 5525 Θεομὴτορι,
2869 5457 3182 5524 ἐμέστωσεν
3228 5455 3306 5518 ὡς
3355 5455 3484 5523 ἐξῆν
3523 5449 3763 5508 ἐννοίαις

2176 5551 2292 5608 ταῖς
2327 5552 2406 5610 εἰς
2436 5550 2675 5618 ἐκείνην·
2708 5550 2804 5601 καὶ
2831 5551 2859 5601 ὁ
2895 5550 2995 5615 μὲν
3024 5549 3217 5618 εἱρμδς
3249 5550 3505 5617 ἀκράτως
3530 5549 3609 5598 καὶ
3641 5559 3763 5594 και

2177 5641 2416 5708 ταμόνας
2450 5641 2667 5711 ἐκείνην
2695 5642 2944 5711 εὐφημεῖ
2970 5641 3262 5712 ἀκολουθίᾳ
3301 5641 3541 5710 συνήθει·
3581 5635 3663 5704 τῷ
3698 5635 3767 5687 δὲ

2184 5731 2306 5801 μετ’
2341 5733 2549 5784 ἐκεῖνον
2589 5733 2872 5802 τροπαρίῳ
2911 5731 3292 5802 παραμίγνυσι
3327 5731 3466 5799 πρὸς
3502 5727 3574 5782 τῶ
3597 5721 3764 5777 τέλει
