3966 6248
249 433 350 500 721

1066 438 1149 497 IN-
1189 437 1526 499 IlYMNUM
1559 437 2218 500 PENTECOS’I‘ALEM
2263 440 2723 503 DAMASCENI.

3399 437 3510 503 722

250 549 424 624 βραχύ
452 566 507 603 τι
545 547 944 616 πνευματικὸν,
974 547 1118 617 πρὸς
1145 546 1318 618 ϐνομα
1367 549 1523 619 μόνον
1563 547 1826 618 μνησθεὶς

1942 549 2122 615 istum,
2154 551 2220 604 ad
2251 552 2432 615 linem,
2460 552 2664 618 aliquid
2707 553 2870 608 breve
2905 557 2972 609 de
3000 555 3213 626 Spiritu
3275 548 3510 608 commi-

243 644 338 700 τοῦ
371 641 772 714 ἐορταζομένου
801 639 963 693 Θεοῦ·
1007 640 1068 692 τδ
1106 639 1161 692 δέ
1198 657 1262 708 γε
1297 641 1483 692 λοιπὸν
1525 642 1824 712 τροπάριον

244 737 304 804 ἐξ
335 735 500 810 ὀρθοῦ
532 735 652 788 ιστι
679 732 987 804 τριαδικόν·
1031 732 1396 786 ἀνακόλουθον
1425 731 1516 784 οὖν
1559 731 1718 786 τοῦτο
1753 733 1820 802 τῇ

244 828 486 900 ἁρμονίᾳ
510 826 620 881 τῶν
647 825 823 881 ἀλλων
848 824 1096 880 κανόνων
1126 825 1184 879 ὲν
1216 821 1296 887 οἷς
1327 825 1396 878 ea
1432 825 1686 894 τριαδικᾶ
1714 825 1825 878 τῶν

243 921 539 976 θεοτοκίων
571 919 916 990 πρόκεινται.

328 1102 450 1155 me.
482 1101 706 1155 Ἔννοια
754 1099 813 1153 δὲ
859 1097 952 1154 τὸν
1009 1098 1248 1154 ἐνταῦθα
1300 1099 1491 1170 εἱρμὸν
1532 1097 1825 1167 ἀπαρτίζει

243 1194 496 1265 τοιαύτη·
522 1187 836 1263 Χαίροις,ὧ
861 1192 1133 1258 Ἀνασσα,
1171 1192 1622 1263 μητροπάρθενον
1644 1191 1822 1260 κλέος,

241 1290 385 1358 ὅπερ
412 1288 529 1341 ἐστὶ
555 1285 1008 1357 περιφραστικῶς
1040 1285 1162 1356 μὲν,
1218 1285 1396 1356 μῆτερ
1431 1285 1527 1338 καὶ
1554 1283 1824 1355 παρθένε,

242 1380 422 1444 ἄλλως
444 1378 522 1445 δὲ,
557 1377 714 1442 κλέος
734 1378 995 1458 ,μητέρων
1028 1394 1089 1432 τε
1117 1379 1212 1432 καὶ
1236 1376 1547 1445 παρθένων·
1579 1376 1690 1430 τῶν
1725 1375 1826 1446 μιν

239 1473 332 1527 διὰ
369 1471 461 1525 τὸν
499 1471 830 1541 γεννηθέντα
871 1471 1006 1526 Θεὸν
1041 1469 1329 1533 ἀνωδύνως
1355 1470 1450 1523 καὶ
1474 1470 1700 1532 ἀλύπως
1739 1469 1828 1523 διὰ

241 1563 306 1617 τὺ
349 1563 473 1633 δίχα
529 1561 737 1616 ὠδίνων
780 1563 874 1616 καὶ
918 1561 1029 1616 τῶν
1076 1560 1335 1615 ἐντεῦθεν
1363 1561 1569 1616 ὀδυνῶν
1615 1562 1823 1614 τεκεῖν·

241 1655 437 1710 καθότι
479 1655 574 1709 καὶ
613 1655 744 1709 ἄνευ
791 1653 990 1724 ἡδονῆς
1040 1653 1302 1708 συνέλαϐε
1335 1653 1429 1706 τὸν
1462 1653 1626 1707 αὐτόν
1668 1653 1826 1719 Θεὸν,

242 1745 342 1800 καὶ
378 1746 508 1800 ἄνευ
537 1745 847 1816 θελήματος
871 1745 1158 1814 σαρκικοῦ,
1188 1737 1263 1797 ὧν
1286 1745 1442 1797 οὐδὲν
1482 1746 1602 1806 ταῖς
1629 1743 1821 1807 ἄλλαις

246 1838 525 1908 μητράσιν
551 1838 924 1907 ξνθεωρεϊται·
968 1837 1066 1889 καὶ
1093 1833 1240 1889 οὕτω
1273 1835 1374 1903 μὲν
1405 1836 1439 1902 ἡ
1470 1834 1612 1904 ὑπὲρ
1655 1834 1819 1902 φύσιν

240 1931 508 1996 τεκοῦσα,
539 1929 796 2000 μητέρων
822 1927 981 1991 κλέος
1007 1927 1118 1980 τῶν
1149 1926 1243 1980 καὶ
1281 1927 1340 1980 ὲν
1375 1925 1574 1988 λύπαις
1604 1942 1824 1978 τικτου-

245 2023 362 2077 σῶν
393 2021 561 2076 τέκνα
587 2021 681 2074 καὶ
702 2019 800 2090 τὴν
828 2019 1024 2089 λοιπὴν
1051 2018 1469 2090 έπισυρομένων
1494 2018 1824 2086 ὲμπάθειαν,

244 2116 427 2185 ὁπόση
465 2114 715 2183 φυσικῶς
743 2115 865 2178 ταῖς
889 2113 1170 2176 τοιαύταις
1202 2115 1574 2185 παρομαρτεῑο
1623 2111 1828 2184 παρθιί⁶

242 2225 356 2261 νων
385 2207 442 2260 δὲ
470 2205 628 2270 κλέος
657 2207 692 2275 ἡ
721 2205 861 2277 αὑτὴ
888 2205 980 2258 διὰ
1001 2204 1063 2258 τὺ
1089 2203 1504 2276 προτιμηθῆναι
1533 2205 1629 2259 καὶ
1656 2203 1828 2272 ύπερ-

243 2297 601 2369 τεθῆναιτοῦ
637 2297 817 2363 ἄλλως
862 2297 1132 2370 μητρικοῦ
1160 2298 1491 2368 αὐχήματος
1526 2295 1588 2348 τὸ
1619 2293 1830 2362 παρθε-

242 2396 426 2450 νικόψ
460 2394 663 2466 στάχυς
691 2411 752 2448 τε
779 2394 891 2464 γὰρ
921 2393 1218 2466 ἀρχέγονος
1249 2392 1457 2454 ἐκεῖνος
1486 2392 1514 2448 ὁ
1539 2389 1831 2457 ἄσπαρτος

242 2489 354 2544 καὶ
378 2489 448 2559 γῆ
503 2488 790 2558 ἀνήροτος,
842 2488 877 2556 ἡ
927 2484 1314 2556 ἑκθρεψαμένη
1349 2483 1584 2544 ἐκεῖνον,
1617 2483 1675 2544 ές
1705 2479 1828 2531 λίαν

246 2582 400 2634 πάνυ
433 2580 598 2633 πλέον
645 2578 1023 2648 θαυμάζονται
1073 2578 1183 2630 τῶν
1233 2579 1297 2631 ὲκ
1344 2575 1447 2646 τῆς
1497 2573 1638 2628 κατὰ
1669 2571 1834 2640 φύσιν

242 2672 578 2736 ἀκολουθίας
613 2673 704 2724 καὶ
731 2671 1020 2739 γενέσεως,
1051 2671 1146 2723 καὶ
1175 2668 1248 2738 γῆ
1277 2666 1417 2733 αὕτη
1447 2664 1700 2735 ἀστιϐὴς,
1730 2663 1827 2716 καὶ

242 2761 557 2832 ἀπάτητος,
589 2762 684 2815 καὶ
714 2762 792 2824 είς
824 2760 886 2814 τδ
918 2761 1026 2814 πᾶν
1053 2759 1410 2828 ἀγεώργητος
1439 2757 1508 2811 τά
1542 2756 1600 2817 ἐς
1632 2754 1829 2824 φύσιν*

245 2855 308 2907 εί
333 2853 428 2908 καὶ
457 2853 633 2916 ἄλλως
665 2853 724 2918 ἐξ
754 2852 958 2923 ἀρετῆς
995 2854 1076 2914 είς
1101 2852 1372 2922 ὑποδοχὴν
1397 2847 1536 2904 Θεοῦ
1575 2845 1642 2920 ἦν
1676 2845 1834 2901 εὔθε-

244 2962 371 3009 τοςο
417 2947 511 2998 καὶ
538 2946 681 3014 ζωῆς
708 2945 764 2999 δὲ
794 2945 998 3015 στάχυς
1026 2947 1053 2998 ὁ
1084 2943 1142 3010 ἐξ
1177 2944 1372 3012 αὐτῆς,
1406 2940 1476 2996 δι’
1501 2935 1673 3010 οὗπερ
1702 2939 1836 3009 ἡμῖν

245 3043 279 3094 ὁ
315 3038 570 3109 οὐράνιος
604 3039 768 3105 ἄρτος
801 3039 894 3092 καὶ
926 3039 1098 3107 ἐφάνη
1145 3035 1243 3090 καὶ
1284 3035 1466 3103 ἐδόθη,
1521 3034 1614 3088 καὶ
1658 3048 1838 3101 παρα-

252 3131 417 3200 μένει
465 3128 578 3194 ζῶν
614 3131 716 3184 καί
740 3130 1028 3194 ζωοποιδς,
1082 3131 1184 3183 οὐκ
1215 3127 1334 3182 ἔστι
1381 3125 1538 3191 κλέος
1569 3127 1707 3197 ὅπερ
1737 3124 1838 3178 ούκ

249 3223 326 3277 ἂν
355 3221 457 3274 ύπε
469 3219 760 3290 ρϐαίνοιεν.

322 3319 444 3368 σιε’.
486 3312 611 3369 Ἔτι
634 3313 690 3368 δὲ
721 3313 880 3376 κλέος
909 3311 1165 3384 μητέρων
1195 3313 1293 3366 καὶ
1323 3308 1666 3382 παρθένωνή
1696 3306 1835 3380 αὐτὴ

257 3401 615 3474 μῆτρανδρος
655 3403 691 3475 ἡ
735 3404 860 3457 κατ’
896 3401 1176 3473 ἐξαίρετον
1207 3399 1566 3472 ἀειπάρθενος
1592 3396 1689 3456 καὶ
1718 3397 1834 3449 ἀει-

251 3496 422 3565 κόρη,
456 3493 581 3548 ἐπεὶ
611 3494 677 3549 ἀν
736 3494 882 3560 σώας
907 3493 1074 3567 ἔχωσι
1103 3495 1310 3566 φρένας
1338 3494 1435 3549 καὶ
1460 3491 1600 3564 πρὸς
1620 3491 1836 3558 ἐκείνην

259 3585 567 3658 μετροῦσαι
598 3586 676 3650 ώς
705 3587 934 3642 δυνατὸν
973 3588 1357 3658 παρεξάγωσιν
1385 3584 1605 3648 έαυτὰςο
1642 3587 1698 3638 αἱ
1737 3584 1837 3653 μὲν

256 3680 611 3750 θυμούμεναι
645 3679 721 3743 ώς
766 3679 1028 3746 ἠξίωνται
1075 3679 1314 3750 μητέρες
1362 3671 1522 3744 εἶναι,
1555 3675 1646 3730 καὶ
1677 3675 1838 3730 αὐταὶ

255 3772 594 3842 πράγματος
643 3769 835 3824 τούτου
898 3769 989 3822 καὶ
1049 3768 1313 3837 ὀνόματος
1369 3768 1836 3838 ἱπιτυγχάνουσαι

255 3862 428 3918 καλοῦ
457 3861 555 3915 καὶ
587 3859 820 3930 ἀγαθοῦ⁶
865 3860 924 3913 αί
947 3859 1005 3914 δὲ
1037 3858 1344 3928 παρθενίας
1378 3858 1599 3928 ἔχουσαι
1648 3855 1836 3925 κτῆμα

255 3954 400 4025 ὅπερ
427 3953 458 4006 ὸ
483 3952 620 4017 Θεὸς
647 3952 940 4022 ἀγαπήσας
978 3950 1317 4023 ᾠκειώσατο,
1343 3949 1590 4004 εὓκλειαν
1618 3949 1838 4010 ἑαυταῖς

252 4047 519 4101 ἐντεῦθεν
536 4044 951 4113 περιποιοῦνται
995 4044 1336 4115 θαυμαστήν.
1371 4041 1600 4114 Χαίροις
1645 4040 1760 4106 οὖν,
1791 4037 1836 4098 ὦ

257 4133 550 4197 Βασίλεια,
580 4132 736 4196 κλέος
763 4126 839 4187 ὧν
869 4134 1096 4205 είπομεν
1125 4134 1422 4202 γυναικῶν.
1447 4132 1546 4186 Διά
1569 4131 1622 4186 τί
1645 4132 1702 4186 δὲ
1720 4135 1838 4202 χαίο

261 4240 380 4297 ροις
408 4225 513 4291 av;
545 4223 718 4280 Τοῦτο
743 4224 808 4298 δὴ
850 4225 912 4279 τὸ
951 4225 1045 4278 τοῦ
1074 4223 1316 4296 Γαϐριὴλ
1353 4220 1422 4296 ἦν
1450 4225 1540 4279 ὅτε
1568 4225 1840 4295 ἀγαλλιῶν

263 4315 677 4386 προσφώνημαο
707 4316 841 4371 διότι
889 4318 1000 4372 πᾶν
1043 4316 1318 4387 ιγκώμιον
1353 4317 1839 4389 ύπεραναϐέϐηκας

261 4407 360 4461 διὰ
401 4408 466 4460 τὸ
499 4405 841 4476 ὑπερϐάλλον
889 4409 990 4479 τῆς
1036 4411 1274 4480 ἀρετῆς,
1324 4411 1449 4464 καθ’
1491 4410 1558 4482 ἢν
1602 4411 1694 4466 καὶ
1733 4411 1840 4464 τῶν

259 4497 543 4569 οὐρανίων
571 4499 872 4569 ταγμάτων
917 4501 1246 4570 ύπέρκεισαι
1273 4518 1290 4533 ⁸
1319 4503 1467 4557 ἅπαν
1507 4503 1617 4572 γὰρ
1666 4505 1841 4574 στόμα

261 4589 518 4659 βρότειον
564 4589 876 4661 εύδίνητον,
916 4592 1088 4663 ἤγουν
1117 4590 1419 4662 εὕστροφον
1459 4599 1554 4646 καὶ
1591 4591 1836 4659 εύλαλον,
1871 4578 1915 4634 Ῑ)

258 4681 366 4750 οὐχ
393 4680 607 4748 ἁπλῶς,
637 4681 774 4736 me
796 4683 890 4737 καὶ
927 4684 1215 4756 ρητρεῦσν,
1245 4685 1365 4756 ἦτοι
1396 4685 1714 4757 ῥητορεῦον,
1740 4688 1843 4740 οὐκ

259 4771 382 4842 ἔχει
406 4771 580 4837 ἀξίως
633 4774 866 4844 μέλπειν
891 4775 989 4828 es"
1019 4777 1180 4829 τοῦτο
1209 4777 1268 4831 δὲ
1303 4779 1515 4846 γίνεται
1550 4780 1704 4850 παρά
1747 4778 1842 4832 τὸν

264 4863 512 4936 χορηγὸν
539 4865 643 4935 τῆς
693 4867 984 4937 ῥητορείας
1033 4869 1180 4923 νοῦν.
1223 4869 1380 4923 Ἐπεὶ
1413 4873 1523 4940 γὰρ
1548 4869 1698 4934 ἀπας
1719 4870 1846 4934 νοῦς

263 4956 484 5028 ἰλιγγιᾷ
519 4959 666 5010 νοεῖν
686 4974 780 5011 σου
804 4959 898 5012 τὸν
931 4959 1110 5024 τόκον,
1143 4961 1260 5025 πῶς
1291 4961 1359 5015 ἂν
1383 4962 1446 5015 τὸ
1475 4961 1652 5032 στόμα
1684 4964 1846 5035 ῥητο-

262 5047 453 5115 ρεύειν
483 5045 573 5099 ἀπ’
600 5048 754 5117 αύτῷ
779 5049 1036 5116 δύναιτος
1071 5051 1166 5103 Διὸ
1196 5053 1607 5123 ἀμηχανοῦντες
1641 5054 1845 5108 πλατυ-

257 5139 450 5208 λσγεῐν
480 5139 643 5210 μόνον
668 5141 728 5194 τύ
757 5142 897 5207 Δόξα
928 5157 1034 5208 σοι,
1065 5143 1410 5216 ἀναϐοῶμεν,
1442 5147 1505 5198 ού
1535 5145 1674 5216 πρὸς
1709 5147 1845 5216 ἀφο·

260 5230 462 5284 σίωσιν
491 5233 592 5285 καὶ
638 5234 830 5304 μόνην,
863 5235 935 5304 ἢν
973 5235 1072 5288 καλ
1110 5234 1486 5307 προσποίητον
1525 5237 1583 5288 έν
1631 5237 1848 5300 πολλοῖς
1896 5237 1900 5242 ’

260 5322 498 5392 omit“
531 5323 807 5392 γίνεσθαι,
835 5323 974 5380 ms
1001 5327 1102 5380 σὺν
1131 5326 1284 5398 πόθῳ
1305 5328 1595 5399 πρέποντι.

344 5591 484 5649 σις’.
537 5586 732 5640 ’ἰστέον
775 5587 834 5640 δὲ
882 5588 965 5643 ὅτι
1009 5590 1190 5659 στόμα
1239 5592 1340 5661 μὲν
1390 5594 1566 5647 εἰπεῖν
1619 5592 1847 5651 εύλαλον

266 5677 694 5745 κυριολεκτικόν
738 5679 924 5734 ἐστιν·
956 5680 1240 5751 σύδίνητον
1282 5683 1339 5736 δὲ
1390 5685 1522 5738 αὐτὸ
1563 5688 1729 5754 φάναι
1782 5691 1844 5742 ού

267 5771 741 5839 κυριολεκτεῖται·
777 5772 915 5826 ἀλλά
948 5773 1024 5836 ὡς
1074 5775 1184 5827 ἀπὸ
1219 5776 1418 5844 μέρους
1455 5780 1554 5848 τῆς
1591 5779 1842 5853 γλώσσης

266 5857 597 5930 δινουμένης
643 5861 729 5915 ὅτε
775 5862 1048 5933 λαλοῦμεν
1088 5864 1364 5934 εύδίνητον
1411 5871 1504 5922 καὶ
1554 5871 1614 5924 τὸ
1670 5873 1840 5942 στόμα

1933 651 2098 705 SCllll,
2126 643 2244 699 solo
2281 645 2504 698 nomine
2537 645 2791 700 erlebt‘ali
2815 647 2906 701 Dei
2932 647 3250 702 memoriam
3274 657 3506 716 ponens.

1930 733 2136 791 Czetera
2157 750 2287 790 vero
2305 737 2528 804 stmplte
2546 747 2691 792 recte
2708 737 2772 792 de
2795 737 3064 796 Trinitate
3082 749 3184 794 est.
3209 737 3322 792 lioe
3345 735 3512 806 igitur

1930 845 2038 883 non
2070 830 2303 884 cohaeret
2327 843 2449 882 cum
2489 828 2776 883 harmonia
2814 831 3044 885 aliorum
3081 843 3382 890 canonum,
3451 824 3506 878 in

1931 923 2132 992 quibus
2165 936 2286 991 quae
2309 923 2374 976 de
2407 919 2674 976 Trinitate
2701 930 2854 988 sunt,
2878 937 2942 978 ea
2974 938 3094 993 qnt'e
3114 938 3142 975 a
3180 923 3287 978 Deo
3309 927 3511 975 exeunt

1931 1013 2402 1084 antegrediuntur.

2005 1106 2130 1162 2H.
2163 1105 2313 1162 llunc
2337 1116 2517 1161 autem
2549 1113 2874 1176 praesentem
2899 1121 3098 1161 nexum
3128 1105 3251 1161 talis
3279 1114 3509 1161 senten-

1929 1197 2005 1252 tia
2044 1198 2281 1268 partitur
2312 1216 2325 1252 :
2361 1198 2540 1264 Salve,
2575 1196 2806 1269 Regina,
2840 1197 3287 1270 μητροπάρθενον
3327 1196 3510 1259 κλέος,

1929 1288 2073 1359 quod
2109 1297 2191 1343 est
2252 1303 2348 1358 per
2401 1287 2972 1352 circumlocutionem,
3025 1295 3201 1340 mater
3243 1292 3296 1339 et
3333 1285 3508 1353 virgo,

1929 1390 2298 1450 caeterumque
2321 1391 2556 1437 matrum
2591 1396 2658 1436 ac
2697 1381 2969 1448 virginum
3020 1379 3224 1444 decus;
3279 1377 3508 1431 aliarum

1930 1472 2148 1542 quidem
2175 1481 2396 1544 propter
2426 1472 2576 1527 illum
2613 1488 2772 1539 quem
2808 1471 2993 1542 genuit
3054 1469 3222 1526 Deum
3272 1469 3514 1524 suaviter

1928 1575 1982 1622 et
2009 1567 2150 1631 laete,
2188 1580 2253 1621 eo
2280 1563 2423 1635 quod
2464 1563 2671 1634 absque
2712 1572 2900 1632 partus
2931 1561 3200 1634 angustiis
3233 1569 3286 1614 et
3312 1574 3514 1615 moero-

1933 1659 2088 1714 ribns
2137 1656 2340 1712 exinde
2371 1657 2630 1727 peperit;
2687 1663 2964 1725 quatenus
3027 1653 3278 1710 eumdem
3343 1652 3512 1706 Deum

1933 1751 2053 1806 sine
2076 1751 2355 1820 voluptate
2390 1750 2617 1817 sineque
2646 1747 2931 1802 voluntate
2962 1745 3171 1801 carnali
3221 1743 3512 1811 concepit;

1933 1841 2080 1911 quod
2108 1840 2163 1895 in
2196 1839 2317 1895 aliis
2353 1839 2620 1893 matribus
2650 1838 2798 1892 nullo
2823 1836 2987 1892 modo
3016 1835 3317 1904 reperitur;
3349 1841 3516 1901 atque

1931 1934 2006 1990 ita
2065 1932 2307 2004 quidem,
2365 1945 2490 1986 cum
2538 1945 2699 2001 supra
2753 1939 3004 1984 naturam
3057 1927 3288 1998 peperit,
3347 1926 3517 1978 decus

1931 2035 2016 2083 est
2040 2035 2299 2090 matrum,
2322 2039 2444 2095 qua:
2476 2024 2613 2079 lilios
2641 2023 2692 2077 in
2718 2021 3048 2078 maeroribus
3079 2018 3321 2091 pariunt,
3353 2026 3516 2074 catte-

1933 2135 2136 2190 rosque
2171 2119 2423 2175 turbidos
2463 2132 2653 2173 secum
2682 2116 2911 2172 trahunt
2933 2115 3187 2174 affectus,
3224 2111 3317 2181 qui
3352 2120 3514 2166 natu-

1931 2227 1992 2268 ra
2025 2213 2256 2268 comites
2285 2210 2597 2282 huiusmodi
2655 2210 2926 2264 matribus
2973 2209 3192 2263 adsunt.
3225 2203 3517 2276 Virginum

1931 2311 2114 2357 autem
2145 2303 2308 2357 decus
2349 2301 2540 2356 cadent
2572 2309 2679 2366 est,
2710 2315 2776 2356 eo
2806 2298 2955 2367 quod
3011 2297 3248 2367 praetulit
3280 2311 3344 2350 ac
3377 2311 3516 2364 pra:-

1933 2395 2115 2465 posuit
2149 2404 2410 2450 materna:
2439 2393 2751 2464 gloriationi
2779 2391 3103 2464 virgineam.
3139 2389 3335 2462 Spicus
3369 2387 3514 2442 enim

1935 2487 2024 2541 ille
2062 2485 2418 2557 primigenius
2453 2484 2572 2541 sine
2616 2485 2848 2551 semine,
2905 2493 3164 2552 terraque
3216 2498 3324 2536 non
3358 2489 3506 2534 arata

1935 2594 2056 2648 qure
2097 2579 2325 2632 nutrivit
2378 2577 2554 2654 illum,
2619 2578 2791 2632 multo
2857 2577 3034 2645 magis
3085 2588 3250 2645 quam
3303 2571 3380 2626 illi
3423 2570 3518 2640 qui

1937 2671 2239 2726 naturalem
2263 2672 2670 2740 generationem
2695 2676 3134 2740 consequuntur,
3168 2665 3512 2722 mirationem
3551 2729 3556 2734 _

1939 2772 2184 2820 movent.
2216 2763 2285 2818 Et
2312 2764 2417 2820 ista
2451 2773 2592 2818 terra
2617 2779 2726 2818 non
2770 2763 3000 2826 calcata,
3056 2775 3166 2816 non
3221 2759 3368 2818 trita.
3407 2772 3518 2810 non

1938 2857 2163 2911 omnino
2219 2856 2392 2920 culta,
2460 2856 2586 2910 licet
2641 2871 2710 2911 ex
2767 2855 2970 2909 virtute
3032 2852 3138 2908 Deo
3201 2847 3523 2918 recipiendo

1943 2947 2078 3002 bene
2128 2947 2430 3018 disposita,
2489 2947 2725 3017 vitteque
2778 2945 2964 3016 spicus
3012 2960 3081 2999 ex
3140 2957 3203 2998 ea
3257 2954 3510 3009 surgens,

1939 3049 2030 3108 per
2063 3052 2223 3108 quem
2253 3038 2411 3093 nobis
2444 3038 2601 3106 panis
2637 3037 2876 3094 cwlestis
2923 3035 3077 3092 visus
3115 3043 3170 3089 et
3227 3033 3384 3086 datus
3411 3037 3516 3096 est,

1939 3136 2330 3201 permanetque
2361 3128 2547 3185 vivens
2591 3134 2645 3184 et
2695 3127 2995 3190 vivi'licatts,
3057 3139 3170 3179 non
3219 3129 3303 3179 est
3348 3119 3518 3177 decus

1941 3221 2090 3292 quod
2123 3235 2380 3292 superare
2409 3231 2703 3291 nequeant.

2009 3310 2138 3365 215.
2173 3311 2367 3366 Adhuc
2390 3319 2568 3365 autem
2597 3319 2830 3366 matrunt
2852 3325 2916 3366 ac
2946 3309 3216 3379 virginum
3239 3317 3323 3363 est
3350 3306 3519 3361 decus

1937 3402 2125 3458 eadem
2159 3413 2332 3458 mater
2357 3403 2685 3458 excellenter
2744 3417 2958 3472 semper
2991 3404 3144 3474 virgo
3196 3413 3522 3470 semperque

1941 3495 2141 3564 puclla,
2177 3494 2474 3549 dummodo
2497 3509 2660 3549 sanas
2694 3493 2931 3548 habeant
2966 3503 3199 3558 mentes,
3233 3501 3286 3548 et
3322 3505 3518 3547 secun-

1939 3589 2068 3641 dum
2128 3587 2299 3650 illam,
2360 3595 2420 3641 ut
2477 3596 2560 3640 est
2622 3587 2902 3655 possibile,
2957 3602 3078 3643 sese
3135 3591 3518 3641 mensurantes

1939 3678 2358 3749 perambulent;
2421 3679 2538 3732 alia:
2562 3679 2778 3750 quidem
2828 3679 3180 3733 recordantes
3229 3677 3373 3744 quod
3409 3691 3520 3729 me.

1941 3779 2166 3825 ruerunt
2231 3785 2354 3826 esse
2426 3779 2652 3836 matres,
2721 3768 2886 3840 hujus
2950 3768 3110 3824 oﬂicii
3171 3767 3525 3836 nominisque-

1942 3860 2151 3930 pulchri
2181 3876 2243 3916 ac
2277 3860 2404 3915 boni
2429 3859 2582 3915 faetae
2608 3861 2902 3931 participes
2928 3877 2944 3928 ;
2979 3862 3096 3915 alia:
3125 3876 3254 3917 vero
3287 3860 3516 3930 virgini-

1942 3953 2068 4008 latis
2092 3953 2295 4007 sortita:
2323 3953 2665 4016 thesaurum,
2697 3967 2856 4021 quem
2896 3949 3062 4020 Deus,
3107 3948 3280 4020 ipsius
3328 3964 3517 4004 amore

1940 4055 2150 4114 captus,
2176 4047 2454 4116 proprium
2487 4042 2591 4100 sibi
2630 4043 2785 4112 fecit,
2814 4043 3008 4098 mirant
3057 4041 3254 4098 exinde
3284 4041 3516 4114 gloriam

1941 4137 2044 4192 sibi
2081 4138 2396 4208 acquirunt.
2429 4135 2588 4191 Salve
2616 4152 2769 4208 ergo,
2801 4136 3029 4205 Regina,
3057 4136 3348 4191 mulierum
3377 4150 3516 4206 quas

1941 4230 2202 4298 diximus,
2256 4228 2444 4285 decus.
2506 4227 2619 4283 Cur
2665 4237 2847 4283 autem
2908 4229 3013 4283 hoc
3071 4228 3219 4284 salve
3266 4226 3404 4283 tibi?
3459 4213 3530 4283 ut-

1941 4321 2070 4392 quid
2108 4319 2212 4375 huc
2243 4321 2484 4391 gaudeas
2506 4319 2532 4374 τ
2553 4314 2670 4377 Hac
2723 4329 2875 4376 certe
2938 4319 3042 4374 fuit
3072 4319 3200 4375 olim
3237 4319 3519 4375 exsultans

1940 4411 2210 4470 Gabrielis
2240 4413 2523 4476 salutatio,
2560 4413 2821 4483 quoniam
2862 4425 3026 4482 super
3050 4426 3268 4468 omnem
3302 4409 3516 4466 laudent

1943 4521 2002 4560 es
2061 4503 2296 4560 exaltata
2360 4515 2580 4574 propter
2623 4503 3008 4560 excellentiam
3062 4504 3308 4570 virtutis,
3358 4503 3517 4573 juxta

1944 4611 2104 4667 quam
2170 4598 2424 4653 celestes
2488 4598 2710 4652 ordines
2766 4603 3105 4663 transgressa
3167 4610 3288 4656 es:
3357 4609 3520 4650 omne

1957 4705 2193 4758 namque
2222 4703 2284 4745 os
2315 4689 2609 4744 ltumanum
2637 4685 2888 4752 volubile,
2919 4686 3036 4742 sive
3085 4695 3418 4757 promptum,
3465 4696 3521 4742 et

1943 4781 2164 4852 loquax,
2195 4793 2302 4834 non
2328 4779 2672 4849 simpliciter,
2703 4779 2795 4832 sed
2822 4776 3088 4834 disertum
3114 4785 3168 4832 et
3195 4776 3520 4844 fecundum,

1944 4887 2053 4925 non
2090 4879 2142 4925 te
2170 4871 2332 4941 digne
2385 4871 2659 4925 celebrare
2691 4879 2908 4940 potest:
2939 4871 3043 4926 hoc
3065 4878 3246 4925 autem
3278 4879 3525 4926 mentem

1943 4962 2266 5032 eloquentiae
2327 4960 2541 5026 .ducem
2598 4971 2845 5033 superat;
2930 4960 3067 5016 Cum
3138 4962 3286 5017 enim
3340 4962 3520 5018 omnis

1946 5064 2100 5107 mens
2147 5059 2329 5122 stupet
2381 5059 2436 5105 et
2493 5051 2707 5107 bmsltat
2769 5051 3010 5123 cogitare
3062 5060 3218 5106 tuum
3274 5060 3516 5124 partum,

1943 5143 2220 5213 quomodo
2270 5147 2436 5211 super
2479 5140 2632 5195 illum
2685 5156 2749 5198 os
2785 5142 3048 5212 eloquens
3096 5157 3220 5199 esse
3267 5142 3524 5214 poterit?

1946 5235 2076 5290 ideo
2110 5249 2219 5290 non
2248 5233 2502 5290 valentes
2531 5244 2586 5289 te
2635 5234 2860 5291 laudare
2882 5237 3134 5299 multum,
3159 5235 3337 5292 solum
3362 5238 3465 5292 hoc
3501 5253 3516 5290 :

1947 5327 2070 5382 Tibi
2101 5325 2293 5396 gloria,
2323 5327 2645 5392 clamamus,
2675 5341 2784 5381 non
2818 5327 2883 5382 ad
2919 5328 3094 5383 solam
3116 5327 3517 5384 absolutionem

1945 5418 2128 5482 oliie’ii,
2159 5427 2323 5487 quam
2356 5413 2674 5474 simulatam
2729 5419 2785 5474 in
2824 5419 3016 5476 multis
3062 5429 3186 5476 esse
3241 5420 3519 5486 novimus,

1946 5509 2039 5564 sed
2063 5523 2188 5562 cum
2229 5507 2506 5564 desiderio
2530 5505 2900 5564 convenienti.

2015 5593 2143 5653 216.
2173 5597 2466 5654 Sciendum
2509 5601 2872 5671 autemquod
2921 5617 2984 5660 os
3011 5605 3230 5675 quidem
3294 5601 3522 5657 εύλαλον

1945 5691 2142 5757 dicere,
2182 5692 2399 5761 propria
2417 5691 2584 5747 dictio
2603 5701 2687 5748 est
2705 5708 2720 5745 :
2738 5693 2868 5749 illud
2893 5706 3070 5751 autem
3094 5696 3369 5765 εὑδινητον
3391 5708 3518 5764 pro-

1948 5785 2327 5850 tmu-tian'e,non
2355 5785 2570 5856 proprie
2606 5786 2805 5841 dicitur
2850 5788 2975 5842 :sed
2998 5785 3520 5855 velut‘expartelin-

1947 5892 2194 5946 grta:qu
2211 5887 2457 5931 movetur
2487 5879 2704 5948 quando
2732 5878 3024 5949 loquimur,
3051 5892 3111 5933 os
3141 5880 3302 5934 etiam
3324 5877 3522 5934 mobile
