3966 6248
425 376 532 442 72⁵1

1135 384 1555 446 EUSTATIIII
1599 381 2040 443 TllESSALON
2056 383 2358 445 lCENhIS
2403 385 2969 450 METROPOLlT/E
3581 395 3670 459 728

482 492 612 549 22L
646 492 702 549 Si
733 509 864 548 vero
908 496 1124 549 modum
1175 497 1320 552 illius
1364 496 1735 567 pertingentes
1772 495 1993 548 maxime

2181 504 2322 568 ρκα’.
2355 498 2415 550 Εἰ
2448 497 2503 551 δὲ
2535 498 2625 552 τόν
2653 502 2857 570 τρόπον
2887 501 3102 555 ἐκείνου
3142 520 3568 574 περιερχομενοι
3591 507 3671 559 τὸν

415 584 748 648 mirandum,
775 595 830 639 ιιι
855 601 918 640 ει
946 585 1290 641 immaculata
1317 587 1526 658 virgine
1553 586 1778 640 seminis
1804 599 1992 655 exper-

416 687 482 744 te,
527 686 820 732 renuerunt
849 692 945 747 per
975 687 1144 732 totum
1176 677 1238 732 τδ
1273 679 1548 750 quomodo
1581 679 1838 740 scrutari,
1878 692 1986 731 non

413 779 495 822 est
533 769 636 822 hoc
683 769 988 837 ignorantia
1038 785 1211 839 neque
1242 771 1514 842 cogitandi
1582 771 1840 841 privatio,
1894 767 1988 825 sed

413 860 663 926 praedicta
689 862 942 932 vertigo;
998 878 1162 932 quam
1211 865 1498 919 oculorum
1555 863 1986 918 tenebrationem

409 953 600 1006 dicunt
626 953 969 1023 interpretes.
989 955 1091 1021 Qui
1117 957 1262 1009 enim
1292 956 1603 1011 didicerunt
1631 964 1684 1011 et
1713 964 1987 1010 noverunt

413 1043 607 1099 melius
629 1060 794 1114 quam
829 1061 929 1101 nos
956 1048 1100 1118 quod
1136 1048 1188 1101 in
1222 1047 1458 1104 hominis
1484 1048 1603 1118 puri
1632 1049 1986 1120 generatione

407 1147 516 1188 non
550 1136 774 1190 materia
797 1138 1122 1208 spermatica
1151 1139 1372 1194 humida
1402 1139 1566 1195 eliicit
1592 1141 1744 1195 illum
1768 1141 1985 1207 laetum,

407 1226 500 1295 qui
563 1228 743 1295 primo
790 1229 1038 1300 quidem,
1087 1231 1243 1299 juxta
1297 1246 1554 1303 magnum
1625 1234 1813 1299 David,
1876 1250 1982 1289 non

407 1329 492 1374 est
533 1319 868 1386 elaboratus,
921 1331 1112 1392 postea
1143 1339 1276 1379 vero
1329 1325 1465 1380 bene
1503 1325 1825 1382 articulatus
1879 1337 1982 1392 cst,

406 1422 460 1466 et
513 1412 780 1481 promittit
829 1413 1078 1469 ultimum
1140 1416 1438 1484 hominem,
1503 1417 1598 1473 sed
1629 1418 1776 1488 quod
1828 1419 1981 1488 juxta

407 1504 738 1562 locutionem
764 1506 1029 1577 ipsorum.
1063 1509 1394 1578 spcrmatiea
1456 1511 1598 1566 ratio
1643 1511 1985 1567 intellectua-

408 1596 476 1652 lis
503 1605 558 1654 et
597 1598 884 1656 iniisihilis
923 1599 1090 1658 foetus
1123 1601 1506 1657 formationem
1533 1604 1742 1673 perlicit
1770 1621 1796 1670 ;.
1817 1604 1908 1672 qui
1937 1602 1976 1638 '-

407 1689 534 1744 dam
562 1692 741 1747 adhuc
789 1692 952 1746 etiam
988 1694 1164 1764 magis
1195 1694 1584 1760 rnvsteriosum
1640 1708 1703 1748 ac
1736 1694 1975 1748 divinu...

407 1782 660 1847 scrutati,
687 1785 964 1852 quomodo
991 1784 1304 1840 dicerentur
1335 1799 1440 1838 non
1471 1784 1767 1839 attendisse
1819 1784 1983 1839 modo

406 1873 605 1930 divina:
635 1850 1027 1934 incarnationis
1054 1877 1124 1932 illi
1155 1879 1225 1932 ab
1277 1878 1397 1949 ipso
1428 1877 1538 1934 Deo
1588 1878 1818 1945 incitati,
1850 1879 1988 1933 divi—
2020 1850 2063 1907 Β

407 1967 490 2023 nis
522 1968 742 2033 initiati,
769 1979 824 2022 et
870 1970 943 2024 ita
974 1984 1138 2041 super
1169 1971 1452 2027 hominem
1490 1972 1766 2042 sapientes
1819 1971 1992 2027 facti?

409 2058 510 2114 Hic
536 2069 718 2114 autem
750 2059 1050 2117 oﬂlciosius
1075 2063 1478 2118 observandum
1507 2062 1783 2133 quomodo
1817 2063 1985 2119 verti-

405 2153 532 2223 gine
553 2153 766 2209 laboret
797 2154 977 2210 omnis
1008 2155 1234 2226 spiritus
1275 2156 1679 2211 considerando
1741 2155 1993 2213 ineﬂ'abi-

407 2249 510 2303 lem
539 2247 662 2303 Filii
695 2247 789 2304 Dei
819 2258 1033 2317 partum
1067 2264 1133 2304 ex
1165 2248 1400 2319 virgine.
1433 2248 1498 2303 Et
1519 2249 1728 2304 interea
1778 2264 1989 2321 praesu-

411 2343 669 2396 mcndnm
703 2341 845 2412 quod
879 2356 944 2397 ex
976 2341 1147 2397 verbo
1178 2340 1439 2395 εἰλεῖσθαι
1502 2350 1556 2396 et
1580 2357 1643 2396 ex
1675 2341 1990 2410 huiusmodi

407 2433 617 2489 vertice
685 2434 1038 2505 quadamque
1099 2432 1460 2500 volutatione,
1530 2433 1672 2488 dicta
1737 2442 1823 2489 est
1882 2447 1986 2490 vox

410 2525 616 2593 ῐ).ιγγος
641 2523 874 2593 vertigo.
927 2525 1123 2578 Postea
1187 2523 1591 2594 pr:rcidendum
1643 2525 1788 2594 quod
1834 2539 1993 2580 mens

409 2618 672 2684 lmmana,
729 2625 1017 2688 postquam
1047 2619 1214 2672 vertit
1255 2627 1313 2672 et
1347 2627 1605 2687 tanquam
1665 2617 1720 2672 in
1771 2618 1994 2673 semcti-

407 2725 562 2780 psam
590 2713 820 2782 gyravit,
848 2711 1128 2782 multaque
1157 2720 1213 2767 et
1239 2695 1404 2783 longa
1441 2714 1674 2778 curavit,
1714 2714 1995 2784 multaque

407 2804 638 2860 sollicite
659 2805 886 2876 peregit,
923 2820 990 2860 an
1018 2805 1162 2861 forte
1192 2821 1256 2861 ex
1287 2805 1390 2862 hac
1425 2806 1768 2863 volutatione
1804 2816 1994 2877 posset

409 2897 551 2952 idem
576 2899 664 2952 vel
687 2897 906 2974 aliquid
955 2898 1133 2952 simile
1191 2897 1459 2964 invenire,
1489 2899 1543 2953 in
1602 2899 1990 2968 cogitationem

411 3006 653 3058 reversa,
690 3006 900 3046 necnon
943 3001 1254 3045 accuratam
1305 2993 1497 3061 adepta
1550 2991 1994 3060 comprehensio-

413 3097 536 3139 nem
562 3084 707 3153 quod
735 3081 872 3137 nihil
907 3081 1112 3151 aliquid
1149 3081 1253 3136 tale
1279 3076 1380 3135 fuit
1414 3089 1510 3135 aut
1545 3095 1784 3151 unquam
1843 3080 1994 3136 futu-

2108 591 2539 661 παραδοξότατον
2569 593 2658 646 τὸν
2691 596 2752 648 ἐκ
2795 595 3075 666 παρθένου
3115 597 3356 667 ἀφθόρου
3389 601 3487 652 καὶ
3515 599 3672 653 ἀσπό-

2108 701 2223 754 ρου,
2266 686 2611 758 ἀπηνήναντο
2640 687 2919 758 ἐπιζητεῖν
2955 688 3042 742 διὰ
3083 689 3272 754 τέλους
3317 691 3378 744 τὺ
3409 692 3552 758 πῶς,
3584 693 3674 747 οὐκ

2105 774 2253 828 ἔστιν
2285 775 2479 844 ἄγνοια
2507 779 2666 831 τοῦτο
2699 780 2877 832 εῐτουν
2917 781 3178 852 στέρησις
3219 782 3313 836 τοῦ
3344 786 3510 846 νοεῖν,
3545 784 3674 839 ἀλλὰ

2103 868 2312 937 ἴλιγγος
2357 873 2382 923 6
2435 871 2768 944 προρρηθεές
2795 888 2809 903 ·
2851 873 2910 927 ὃν
2963 875 3277 942 σκοτοδίνην
3313 877 3482 945 φασὶν
3513 879 3560 930 οἱ
3590 878 3675 945 ἐρ-

2109 962 2459 1032 μηνεύοντες·
2497 967 2545 1018 οε
2596 965 2706 1036 γὰρ
2755 967 3025 1037 μαθόντες
3073 971 3170 1022 καὶ
3221 971 3424 1034 εἰδότες
3461 971 3676 1024 κάλλιον

2103 1054 2250 1125 ἥπερ
2278 1057 2459 1126 ἡμεῖς,
2496 1059 2570 1121 ὡς
2603 1061 2697 1113 καὶ
2723 1063 2778 1114 ἐν
2810 1063 2874 1130 τῇ
2905 1063 3118 1130 γενέσει
3150 1066 3214 1135 τῇ
3245 1063 3366 1118 κατ’
3391 1063 3677 1134 ἄνθρωπον

2099 1149 2192 1202 τὸν
2227 1151 2437 1215 ἁπλῶς,
2477 1153 2538 1206 οὗ
2587 1155 2647 1207 τὸ
2676 1154 2857 1208 ὑλαίον
2913 1158 3294 1226 σπερματικὸν
3345 1159 3514 1227 ὑγρὸν
3547 1159 3678 1212 ἁπιν-

2099 1241 2244 1294 τελεῖ
2295 1243 2356 1295 τὺ
2405 1244 2500 1297 τοῦ
2557 1245 2827 1317 ὲμϐρύου,
2875 1249 3068 1317 πρῶτα
3103 1249 3203 1318 μὲν
3246 1251 3676 1319 ἀκατέργαστον,

2099 1337 2239 1387 κατὰ
2271 1335 2361 1386 τὸν
2387 1335 2567 1406 μέγαν
2595 1338 2781 1400 Δαὸιδ,
2817 1337 2938 1392 εἶτα
2976 1340 3402 1410 εὐδιάρθρωτον,
3447 1342 3476 1395 δ
3512 1345 3679 1410 ἑπαγ-

2098 1426 2346 1494 γέλλεται
2374 1429 2466 1482 τὸν
2499 1429 2726 1502 ὕστερον
2759 1431 3048 1503 ἄνθρωπον
3073 1449 3086 1462 '
3126 1435 3262 1488 ἀλλὰ
3308 1436 3356 1496 6,
3386 1437 3510 1488 κατ’
3542 1437 3679 1488 ἐκεῖ·

2095 1537 2219 1582 νους
2242 1523 2439 1591 εἰπεῖν,
2471 1527 2851 1594 σπερματικὸς
2878 1525 3036 1592 λόγος
3057 1528 3084 1579 6
3112 1529 3300 1594 νοητὸς
3329 1529 3422 1580 καὶ
3450 1528 3677 1598 ἀόρατος

2098 1616 2192 1677 τὴν
2225 1613 2708 1684 ὲμϐρυοπλαστίαν
2743 1619 2953 1671 ἐκτελεῖ
2979 1636 2992 1650 ο
3029 1621 3122 1671 καὶ
3160 1619 3468 1688 μυστικώτε
3481 1637 3573 1688 ρον
3602 1619 3678 1674 ἔτι

2098 1707 2506 1775 ὲςρϐαθύναντες
2552 1710 2646 1764 καὶ
2690 1711 2987 1782 θειότερον,
3039 1714 3159 1777 πῶς
3202 1715 3444 1786 λεχθεῖεν
3493 1715 3560 1768 ἂν
3607 1716 3678 1786 μὴ

2097 1797 2379 1852 ἐπιϐαλεῖν
2420 1799 2496 1869 τῷ
2533 1800 2724 1873 τρόπῳ
2756 1802 2854 1872 τῆς
2898 1802 3044 1867 θείας
3083 1804 3554 1873 ὲνανθρωπήσεως
3586 1801 3676 1856 ὑπ’

2095 1889 2258 1941 αὑτοῦ
2305 1889 2444 1956 Θεοῦ
2482 1892 2805 1963 ὲναγόμενοι
2849 1894 2946 1947 καὶ
2992 1894 3061 1948 τὰ
3090 1894 3208 1948 θεῖα
3247 1895 3552 1966 μυούμενοι
3587 1894 3676 1950 καὶ

2093 1981 2269 2044 οὕτως
2316 1983 2458 2054 ὑπὲρ
2512 1983 2808 2056 ἄνθρωπον
2862 1985 3248 2058 σοφιζόμενοις
3300 1989 3570 2042 Ἐνταῦθα
3623 1989 3676 2042 δὲ

2097 2073 2402 2145 θεωρητέον
2464 2078 3029 2148 πραγματικὼτερον,
3100 2077 3220 2144 πῶς
3279 2079 3490 2151 ἰλιγγιᾷ
3555 2077 3677 2142 νοῦς

2097 2167 2243 2229 ἄπας
2265 2170 2408 2221 νοεῖν
2438 2168 2528 2221 τὸν
2567 2171 2628 2222 ὲκ
2653 2169 2933 2239 Παρθένου
2967 2171 3211 2245 ἄρρητον
3242 2172 3400 2226 τόκον
3429 2173 3523 2224 τοῦ
3545 2171 3674 2226 Υἱοῦ

2095 2258 2186 2312 τοῦ
2219 2259 2378 2314 Θεοῦ·
2414 2262 2509 2314 καὶ
2542 2263 2680 2325 τέως
2716 2265 3065 2335 προληπτέον
3087 2265 3163 2329 ὡς
3189 2267 3256 2318 ὲκ
3285 2264 3382 2318 τοῦ
3414 2265 3675 2318 εἰλεῐσθαι

2103 2351 2200 2404 κοιλ⁵
2228 2351 2485 2422 τοιαύτης
2516 2353 2668 2426 δίνης
2719 2355 2816 2409 καὶ
2870 2356 3110 2426 στροφῆς
3166 2374 3336 2422 τινος,
3391 2356 3606 2425 εἴρηται
3650 2358 3676 2410 6

2099 2442 2331 2510 ἴλιγγος·
2366 2445 2486 2514 μεθ’
2517 2445 2546 2500 6
2586 2447 2922 2519 ἐπιτμητέον
2970 2449 3055 2502 ὅτι
3098 2450 3125 2501 6
3166 2448 3516 2520 ἀνθρώπινος
3560 2445 3675 2510 νοῦς

2099 2534 2437 2605 συστρέψας,
2476 2539 2572 2592 καὶ
2603 2532 2716 2592 οἷον
2743 2539 2823 2602 εἰς
2852 2540 3046 2592 ἑαυτὸν
3077 2539 3338 2610 εἰληθεὶς,
3371 2539 3468 2591 καὶ
3512 2537 3676 2590 πολλά

2099 2626 2193 2677 καὶ
2227 2627 2419 2699 μακρὰ
2453 2628 2785 2700 μελετήσας,
2816 2632 2911 2684 καὶ
2937 2630 3110 2684 πολλὰ
3142 2632 3493 2700 μεριμνήσας
3519 2630 3670 2683 εἵπου

2099 2719 2357 2790 τοιαύτης
2388 2721 2652 2792 εἰλήσεως
2709 2723 2960 2794 δυνηθεὶς
3017 2723 3262 2795 ἐξευρεῖν
3315 2723 3350 2792 ἦ
3399 2721 3594 2775 ταυτὸν
3640 2719 3672 2790 ἦ

2099 2810 2236 2864 ἀλλὰ
2269 2811 2458 2880 ὅμοιόν
2491 2829 2567 2880 τι,
2597 2813 3006 2884 ὲπανακάμψας
3036 2814 3112 2878 εἰς
3154 2815 3343 2883 νόησιν
3386 2815 3484 2868 καὶ
3508 2811 3669 2889 »κατάο

2091 2901 2266 2971 ,ληψιν
2323 2904 2532 2975 ἀκριϐῆ
2583 2903 2681 2975 τὴν
2740 2904 2835 2958 τοῦ
2894 2905 3061 2976 μηδὲν
3093 2924 3146 2960 τι
3191 2906 3319 2958 ἄλλο
3365 2901 3668 2972 τοιοῦτονῆ

2103 2993 2359 3060 γενέσθαι
2410 2994 2542 3048 ποτὲ
2595 2995 2628 3067 ἢ
2686 2996 3018 3067 γενήσεσθαι
3066 2997 3156 3061 ἂν,
3216 2999 3417 3067 πάσχει
3472 2996 3669 3048 ἐκεῖθεν

2104 3087 2319 3156 ἴλιγγον
2348 3087 2658 3159 ἔννουνξκαὶ
2691 3091 2860 3163 κάρον
2891 3091 3156 3162 ἔμφρονα·
3192 3094 3285 3145 καὶ
3318 3090 3533 3151 ἀνεθεὶς
3581 3087 3666 3141 τοῦ

416 3192 536 3231 rum
575 3183 677 3241 est,
709 3175 904 3230 exinde
941 3175 1260 3244 vertiginem
1316 3172 1461 3230 subit
1492 3175 1884 3247 intelligenlem
1916 3191 1993 3231 so-

2104 3179 2250 3234 οὕτω
2282 3181 2632 3250 σπουδάζειν,
2673 3183 2930 3256 παρίεται
2971 3184 3074 3256 τῆς
3109 3183 3414 3257 ζητήσεως,
3465 3185 3557 3238 καὶ
3587 3184 3663 3237 6o-

415 3280 711 3336 poremque
740 3265 1100 3336 prudentem;
1142 3277 1198 3320 et
1224 3266 1304 3322 sic
1336 3274 1546 3320 retenta
1578 3281 1607 3320 a
1643 3267 1732 3320 tali
1789 3267 1993 3333 studio,

415 3358 643 3414 remittit
666 3357 734 3413 ab
769 3357 1144 3429 inquisitione,
1182 3356 1524 3428 etglorilicat
1553 3357 1988 3427 omnipotentem

413 3451 610 3508 Filium
640 3461 694 3506 et
721 3451 872 3506 illam
902 3467 1024 3522 quae
1054 3463 1248 3521 praeter
1278 3452 1588 3520 Opinionem
1627 3467 1750 3508 eum
1783 3455 1992 3523 genuit.

487 3545 618 3600 222.
655 3543 768 3600 Hoc
791 3557 972 3600 autem
1004 3561 1017 3597 :
1049 3560 1173 3600 cum
1202 3561 1391 3600 amore
1423 3543 1812 3617 gloriﬁcamus,
1876 3555 1996 3600 Ian-

416 3654 580 3708 quam
608 3638 811 3709 aliquid
841 3637 1347 3696 extraordinarium
1396 3638 1645 3696 melodus
1681 3638 1995 3710 adscripsit.

417 3735 523 3802 Qui
549 3735 695 3789 enim
727 3749 794 3789 ex
854 3742 967 3789 toto
1000 3733 1168 3790 corde
1192 3733 1499 3806 glorificent
1521 3733 1690 3789 Deum
1715 3734 1998 3804 ipsiusque

415 3830 824 3887 sanctissimam
850 3827 1079 3884 Matrem
1133 3839 1300 3900 atque
1330 3837 1572 3897 sanctos,
1601 3826 1757 3898 juxta
1809 3843 1999 3898 quem-

415 3925 538 3980 dam
568 3923 767 3977 mirum
793 3930 1071 3991 stuporem
1130 3921 1235 3978 hoc
1283 3921 1511 3983 faciunt,
1566 3919 1827 3976 continuo
1886 3920 1996 3974 cla-

417 4029 628 4075 mentes
665 4033 732 4074 ex
787 4031 982 4072 more:
1037 4015 1241 4071 Gloria.
1284 4012 1403 4070 Non
1458 4023 1642 4069 autem
1698 4013 1839 4067 idem
1889 4023 2000 4079 est,

418 4111 610 4184 procul
635 4111 819 4172 dubio,
849 4117 1042 4178 stupor
1069 4119 1124 4163 et
1145 4122 1318 4173 amor,
1352 4121 1451 4161 nec
1478 4105 1641 4161 simul
1671 4120 1736 4159 ex
1758 4105 2001 4160 necessi-

421 4215 532 4259 tate
563 4203 778 4258 cunctis
817 4200 1173 4271 stupentibus
1214 4197 1531 4268 supervenit
1559 4196 1650 4250 illa
1682 4195 2000 4252 desiderare

424 4313 519 4365 per
550 4313 671 4367 qua:
700 4297 757 4349 lit
794 4303 1006 4365 stupor.
1060 4293 1208 4347 Multi
1245 4307 1484 4361 namque
1536 4291 1652 4344 sola
1711 4291 1999 4346 miratione

422 4387 1076 4458 perculsi,constiterunt
1106 4385 1243 4439 nihil
1305 4382 1435 4438 inde
1485 4381 1886 4449 desiderantes,
1947 4391 2001 4436 et

417 4481 716 4554 aliquando
745 4479 973 4534 multum
994 4478 1121 4535 odio
1146 4487 1414 4533 tenentes.
1435 4473 1545 4532 Nos
1569 4484 1776 4538 autem,
1801 4474 2000 4546 inquit,

419 4591 456 4630 ο
499 4588 713 4631 summa
763 4571 993 4644 Regina,
1044 4579 1098 4626 te
1145 4585 1271 4626 cum
1341 4584 1530 4624 amore
1586 4567 1994 4637 gloriﬁcamus;

421 4679 680 4737 tanquam
749 4679 908 4721 amor
966 4663 1320 4718 mirationem
1382 4663 1652 4728 vinceret,
1717 4660 2000 4730 ipsiusque

423 4761 604 4816 locum
637 4766 969 4829 occuparet;
1001 4755 1088 4812 vel
1115 4750 1301 4826 potius
1353 4765 1583 4824 uterque
1635 4762 1878 4808 maneret
1927 4753 2002 4808 si-

425 4851 536 4906 mul
558 4850 703 4920 apud
731 4865 852 4915 nos,
876 4849 1182 4919 eodemque
1204 4847 1366 4902 modo
1397 4847 1683 4902 nobiscum
1712 4847 2003 4903 exsisteret

427 4958 493 4999 ac
547 4944 900 4999 concordiam
949 4943 1219 4998 haberet:
1273 4957 1382 4996 una
1441 4943 1642 5012 quippe
1725 4941 2000 4996 desiderio

427 5035 824 5106 mirationeqne
842 5037 1116 5104 capimur.
1147 5033 1273 5088 ideo
1298 5044 1349 5090 te
1369 5049 1492 5088 cum
1516 5049 1700 5089 amore
1728 5033 1999 5104 gloriﬁca-

431 5142 574 5181 mus.
607 5125 663 5180 ln
699 5129 785 5182 his
811 5137 991 5181 autem
1013 5126 1074 5179 τδ
1103 5127 1226 5179 ὅθεν
1257 5128 1598 5182 causativum
1631 5136 1736 5194 est,
1789 5136 1847 5181 ut
1875 5142 2003 5181 sen-

428 5235 525 5274 sus
554 5218 729 5288 quinti
756 5232 949 5272 versus
981 5216 1104 5272 talis
1165 5218 1277 5272 sit:
1330 5219 1600 5286 Quoniam
1659 5219 1842 5272 omnis
1891 5215 2006 5271 clo-

424 5301 650 5382 quentia
676 5325 707 5366 a
742 5322 793 5367 te
822 5319 1132 5382 superatur,
1193 5313 1574 5383 augustissima
1633 5309 1860 5378 Dcipara
1888 5350 1903 5373 ,
1951 5319 2006 5366 et

423 5402 608 5458 omnis
633 5416 786 5457 mens
820 5401 1089 5471 vertigine
1120 5401 1332 5456 laborat
1362 5411 1514 5455 tuum
1546 5401 1836 5471 cogitando
1882 5414 2005 5469 par-

431 5509 567 5559 tum,
597 5497 799 5550 idcirco
829 5509 930 5548 nos
954 5495 1322 5562 gloriﬁcamus
1358 5505 1428 5560 te,
1485 5509 1594 5548 non
1660 5493 2006 5562 multiloquio

431 5590 619 5657 sicque
668 5587 821 5654 operi
872 5602 1036 5656 SUpra
1088 5588 1344 5641 virtutem
1373 5585 1595 5651 addicti,
1649 5587 1741 5642 sed
1789 5583 1868 5640 vel
1907 5587 2007 5640 hoc

433 5681 609 5747 ipsum
643 5698 656 5731 :
689 5679 872 5734 Gloria
913 5678 1039 5742 tibi,
1078 5680 1158 5731 vel
1195 5678 1337 5730 aliud
1375 5677 1503 5744 quid
1543 5675 1870 5739 venerabile,
1925 5675 2010 5731 vel

433 5769 624 5822 saltent
655 5770 756 5823 hoc
811 5768 1068 5840 angelica!
1099 5769 1442 5822 salutationis
1477 5783 1490 5821 :
1523 5768 1656 5832 Ave,
1690 5783 1784 5823 seu
1839 5771 2004 5833 salve,

429 5867 738 5911 αωηηιεε.

2101 3273 2253 3339 ξάζει
2285 3274 2378 3328 τὸν
2426 3275 2866 3348 ἁπειροδύναμον
2908 3277 3137 3349 Κύριον,
3172 3280 3266 3332 καὶ
3308 3278 3409 3349 τὴν
3446 3276 3663 3348 παραδό-

2101 3363 2208 3430 ξως
2243 3364 2514 3422 τεκοῦσαν
2541 3369 2727 3423 αὐτόν.

2173 3545 2313 3618 σκβ’.
2339 3547 2412 3601 Τὸ
2437 3548 2514 3616 δὲ,
2542 3551 2639 3604 σὺν
2665 3549 2816 3622 πόοῳ
2842 3551 3161 3622 δοξάζομεν,
3195 3552 3271 3614 ὡς
3302 3554 3599 3622 παράδοξόν
3620 3573 3664 3610 τι

2099 3640 2126 3691 6
2159 3636 2399 3708 μελῳδὸς
2426 3642 2885 3712 παρεσημήνατο·
2915 3642 2965 3696 οἱ
2995 3644 3106 3714 γὰρ
3138 3643 3418 3714 ὁλοψύχως
3438 3644 3667 3708 δοξάζον-

2101 3749 2193 3794 τες
2233 3733 2323 3789 τὸν
2353 3733 2509 3801 Θεὸν,
2546 3733 2641 3787 καὶ
2668 3733 2768 3805 τὴν
2796 3734 3110 3807 ἁγιωτάτην
3139 3735 3308 3796 αὐτοῦ
3341 3739 3556 3806 μητέρα
3583 3740 3666 3790 καὶ

2101 3826 2228 3888 τοὺς
2282 3826 2474 3893 ἁγίους
2505 3825 2696 3891 αὐτοῦ,
2746 3827 2890 3883 κατά
2919 3844 3045 3882 τινα
3091 3827 3388 3897 τεραστίαν
3417 3827 3666 3898 ἔκπληξιν

2101 3916 2264 3972 τοῦτο
2297 3917 2571 3986 ποιοῦσιν,
2613 3917 2992 3990 ἀναϐοώμενοι
3042 3921 3242 3975 αὐτίκα
3291 3921 3386 3974 καὶ
3428 3922 3490 3975 τὸ
3543 3921 3666 3984 Δόξα

2103 4011 2246 4064 κατὰ
2275 4011 2337 4063 τὸ
2365 4012 2622 4083 σύνηθεςο
2669 4010 2793 4066 οὔτε
2827 4012 2884 4066 δὲ
2915 4013 3118 4068 ταυτὸν
3166 4014 3577 4085 άναντιῤῥήτως
3609 4017 3668 4086 τῇ

2102 4101 2364 4174 ἐκπλήξει
2400 4105 2428 4156 6
2479 4095 2665 4170 πόθος,
2724 4104 2851 4158 οὔτε
2896 4105 3279 4176 συμπάρεστιν
3321 4107 3381 4172 ἐξ
3435 4109 3670 4176 ἀνάγκης

2107 4195 2281 4251 ἅπασι
2313 4199 2428 4262 τοῖς
2469 4197 2940 4270 ἒκπληττομένοις
2969 4199 3030 4252 τὸ
3059 4201 3153 4253 καὶ
3182 4200 3369 4254 ποθεῖν
3395 4203 3578 4254 ἐκεῖνα
3610 4200 3670 4253 δι’

2107 4282 2246 4358 ὦνή
2282 4288 2547 4359 ἔκπληξις
2602 4290 2848 4358 γίνεται·
2899 4291 3087 4345 πολλοὶ
3147 4293 3257 4364 γὰρ
3318 4290 3670 4360 ἐκπλαγέντες

2110 4381 2295 4448 μόνον,
2326 4382 2640 4435 ἐπαύσαντο
2675 4381 2844 4453 μηδέν
2890 4400 2946 4436 τι
2995 4383 3358 4455 ποθήσαντες’
3390 4385 3506 4439 ἐστι
3541 4384 3596 4437 δὲ
3616 4373 3672 4436 οῦ

2104 4472 2199 4526 καὶ
2250 4475 2588 4542 μισήσαντες
2619 4473 2740 4528 λίαν
2791 4477 2956 4530 πάνυ.
3013 4475 3206 4544 Ἦμετς
3259 4475 3339 4540 δὲ,
3390 4477 3578 4548 φησιν,
3630 4469 3671 4527 ὦ

2107 4564 2487 4633 παντάνασσα,
2521 4566 2617 4619 σὺν
2650 4566 2805 4638 πόοῳ
2834 4567 3134 4638 δοξάζομεν
3163 4585 3224 4622 σε
3248 4585 3262 4600 ο
3289 4567 3368 4634 ὡς
3398 4568 3491 4622 τοῦ
3518 4568 3670 4622 πόθου

2104 4658 2206 4728 τὴν
2257 4657 2526 4730 ἔκπληξιν
2585 4661 3028 4732 ὲκνικήσαντος,
3084 4661 3179 4714 καὶ
3233 4661 3672 4732 ἀντεισαχθέντος

2103 4751 2338 4817 ἐκείνου,
2383 4752 2618 4820 μάλιστα
2656 4752 2757 4823 μὲν
2787 4747 2882 4806 οῦν
2910 4753 3009 4806 σὺν
3042 4755 3236 4824 ἐκείνῳ
3267 4755 3524 4824 μένοντος
3555 4753 3674 4823 παρ’

2103 4843 2239 4913 ἡμῖν
2276 4843 2372 4896 καὶ
2403 4841 2766 4912 συζυγοῦντος
2792 4843 2850 4896 ἐν
2874 4844 2952 4914 τῷ
2983 4845 3405 4910 συνδυάζεσθαιο
3438 4847 3553 4916 ἅμα
3578 4847 3675 4914 γὰρ

2106 4935 2204 4989 καὶ
2239 4935 2538 5006 ποθοῦμεν,
2574 4937 2672 4990 καὶ
2702 4937 3144 5009 ὲκπληττόμεθαο
3182 4937 3266 4992 διὸ
3289 4941 3385 4994 καὶ
3413 4942 3510 4995 σὺν
3539 4939 3678 5007 πόθῳ

2109 5041 2171 5079 σε
2206 5026 2528 5098 δοξάζομεν·
2561 5031 2620 5082 ὲν
2670 5028 2886 5092 τούτοις
2936 5028 2993 5082 δὲ
3047 5029 3106 5082 τὸ
3156 5028 3280 5083 ὅθεν
3327 5027 3678 5098 αἰτιολογικόν

2113 5121 2288 5184 ἐστιν,
2320 5119 2408 5173 ἵνα
2445 5123 2473 5173 ὁ
2501 5120 2629 5181 νοῦς
2655 5119 2752 5175 τοῦ
2799 5122 3051 5192 πέμπτου
3090 5122 3258 5185 ἔπους
3292 5122 3378 5192 εἴη
3412 5121 3676 5183 τοιοῦτος’

2123 5207 2346 5278 Ἐπειδὴ
2393 5208 2580 5262 ἅπασα
2630 5210 2887 5280 ῥητορεία
2932 5211 3164 5281 ἡττᾶταε
3203 5227 3318 5276 σου,
3354 5205 3400 5265 ὧ
3453 5212 3680 5277 πάναγνε

2111 5301 2368 5368 Θεοτόκε,
2402 5303 2496 5354 καὶ
2545 5301 2672 5365 νοῦς
2699 5301 2757 5355 δὲ
2810 5305 2960 5367 ἅπας
3009 5301 3243 5384 ἰλιγγιᾷκ
3259 5305 3354 5358 τὸν
3397 5305 3550 5358 τόκον
3591 5318 3679 5354 σου

2112 5398 2277 5460 νοεῖν,
2307 5396 2398 5448 διὰ·
2417 5395 2578 5448 τοῦτο
2611 5396 2774 5466 ἡμεῖς
2798 5393 3098 5465 δοξάζομεν
3128 5413 3212 5463 σε,
3241 5398 3301 5449 οὐ
3332 5392 3681 5464 πολυλογοῠνο

2114 5506 2226 5551 τες,
2281 5491 2375 5540 καὶ
2422 5488 2596 5552 οὕτως
2647 5489 3028 5559 ἐγχειροῦντες
3077 5490 3190 5552 τοῖς
3251 5488 3396 5558 ὑπὲρ
3440 5487 3679 5556 δύναμιν.

2116 5585 2252 5636 ἀλλὰ
2281 5582 2314 5652 ἦ
2346 5584 2477 5635 αὐτὸ
2507 5584 2664 5637 τοῦτο
2700 5583 3170 5651 αναφθεγγόμενοι
3218 5583 3306 5650 τδ,
3355 5582 3490 5647 Δόξα
3522 5565 3619 5642 σοι,
3648 5576 3678 5644 ἢ

2118 5677 2246 5731 ἄλλο
2272 5693 2322 5728 τι
2355 5677 2610 5746 γεραρὸν,
2662 5679 2693 5745 ἢ
2732 5677 2866 5729 ἀλλὰ
2898 5676 3026 5730 αὐτὸ
3072 5675 3131 5728 τὸ
3176 5677 3403 5748 Χαῐροις
3433 5675 3464 5746 ἢ
3498 5674 3676 5743 Χαῖρε,

2118 5775 2174 5828 τδ
2204 5770 2498 5838 ἀγγελικδν
2536 5774 2934 5841 προσςςὼνημα.
