3966 6248
395 425 504 490 729

579 548 906 617 Τρί-πὰριον
940 551 1172 619 πρῶτον
1204 553 1312 619 τῆς
1344 553 1604 618 syrtith
1637 552 1818 620 ᾠδῆς.

390 640 584 696 XXVI.
612 643 795 694 ⁵Υδειν
822 641 963 695 ἔοικε
995 645 1094 712 τὴν
1131 644 1398 711 φυσίζωον
1437 647 1605 715 κόρην
1631 661 1646 676 °

603 731 756 797 Μόνη
788 731 896 802 γὰρ
929 733 986 785 ἐν
1011 733 1183 805 δίνῃσι
1213 736 1478 804 κεκρύφει
1505 738 1696 805 Λόγον,

603 821 887 875 Νοσοῦσαν
917 824 1242 880 ἀλθαίνοντα
1270 828 1368 896 τὴν
1395 827 1602 898 βροτῶν
1631 830 1814 899 φύσιν,

613 915 708 977 ’ος
737 913 932 979 δεξιοῖς
967 917 1242 984 κλισμοῖσι
1279 919 1370 971 νῦν
1402 921 1684 988 ἱδρυμένος

602 1005 814 1075 Πατρὸς
841 1006 1095 1077 πέπομφε
1119 1007 1218 1080 τὴν
1241 1011 1398 1078 χάριν
1428 1011 1524 1062 τοῦ
1557 1013 1894 1082 Πνεύματος.

457 1102 599 1165 σκγθ.
633 1097 724 1161 Εἰς
748 1099 847 1165 τὴν
881 1097 1232 1168 πανύμνητον
1263 1101 1523 1154 Θεοτόκον
1550 1103 1814 1158 ἀπονεῦον
1859 1105 1955 1158 καὶ

382 1190 445 1244 τὸ
472 1190 650 1261 παρὸν
696 1191 1016 1264 τροπάριον,
1071 1193 1146 1254 ὡς
1197 1194 1392 1266 ὲρῤἑθη
1444 1196 1502 1247 ὲν
1533 1197 1645 1258 τοῖς
1685 1198 1812 1268 περὶ
1855 1197 1951 1252 τοῦ

382 1283 604 1356 εῖρμοῦ,
635 1285 907 1356 ὲπικρίνει
957 1286 1076 1340 δέον
1123 1283 1264 1340 εἶναι
1323 1288 1611 1358 ὑμνεῖσθαι
1655 1289 1828 1360 αὐτὴν
1878 1290 1952 1354 ὡς

384 1377 552 1449 μόνην
583 1379 648 1430 ὲκ
678 1378 868 1432 πασῶν
914 1379 1022 1433 τῶν
1069 1380 1275 1448 γενεῶν
1325 1381 1730 1450 ὲμφορηθεῖσαν
1783 1377 1948 1446 Θεοῦ,

380 1468 474 1519 καὶ
498 1467 883 1540 ἀγαπηθεῖσαν
911 1469 1082 1538 αὐτῷ·
1131 1473 1226 1522 καὶ
1260 1469 1440 1523 ἔνθεον
1484 1473 1579 1524 καὶ
1610 1473 1854 1544 οεοδόχον
1887 1476 1948 1528 οὑ

378 1558 522 1611 κατά
562 1557 840 1628 διαγωγὴν
873 1561 1151 1630 ἐνάρετον,
1184 1561 1218 1631 ἢ
1263 1565 1405 1616 κατὰ
1453 1563 1542 1616 τὸν
1578 1566 1950 1633 πρεσϐύτατον

377 1649 470 1701 καὶ
499 1649 803 1718 ἁγιώτατον
833 1649 1083 1722 Συμεὼν,
1121 1653 1258 1706 ἀλλὰ
1297 1655 1374 1717 ὡς
1422 1655 1635 1724 ἀληθῶς
1666 1658 1722 1708 ὲν
1751 1659 1949 1728 γαστρὶ

374 1738 679 1808 δεξαμένην
706 1745 935 1809 ἐκεῖνον,
962 1745 990 1797 ὃ
1023 1748 1137 1798 ἐστι
1165 1747 1609 1816 κυοφορήσασαν·
1645 1749 1790 1802 ἔοικε
1817 1750 1946 1821 γὰρ,

375 1833 566 1900 φησὶν,
599 1834 768 1903 ήγουν
818 1835 1040 1904 πρέπει,
1079 1835 1306 1907 οὐδεμία
1352 1838 1460 1909 γὰρ
1506 1840 1613 1891 τῶν
1648 1841 1824 1895 ἄλλων
1852 1859 1946 1912 ση-

373 1925 587 1993 μασιῶν
634 1926 729 1980 τοῦ
783 1928 962 1982 ἔοικεν
1014 1931 1297 2001 ἀρμοστέα
1324 1933 1580 1997 ἐνταῦθα,
1630 1933 1778 1987 ὕδειν
1823 1937 1940 2007 ήτοι

369 2017 516 2090 ᾄδειν
545 2021 639 2074 καὶ
665 2021 856 2090 ὑμνεῖν
880 2022 954 2087 ὡς
999 2025 1094 2078 καὶ
1146 2026 1496 2097 προεγράφη,
1535 2027 1635 2100 τὴν
1673 2030 1943 2098 φυσίξωον

369 2112 562 2182 κόρην,
595 2113 764 2184 ἧγουν
807 2114 907 2184 τὴν
954 2117 1426 2188 μητροπὰρθενον,
1483 2118 1561 2183 ὼς
1616 2119 1736 2187 μετ’
1785 2120 1941 2189 ὀλίγα

367 2205 673 2275 εἰρήσεται·
715 2205 853 2278 μόνη
905 2211 1013 2279 γὰρ
1065 2209 1332 2278 κεκρύφει
1386 2209 1557 2280 ἡγουν
1613 2210 1850 2282 ἔκρυψεν
1881 2215 1942 2266 ἐν

366 2300 512 2364 ταῖς,
540 2297 614 2364 ὡς
641 2301 669 2352 ὁ
701 2300 1160 2372 προηγησάμενος
1189 2303 1290 2373 τὴν
1331 2303 1594 2373 ἐξήγησιν
1641 2303 1812 2373 λέγει,
1845 2305 1942 2360 λα·-

365 2390 520 2462 γὸσιν
554 2392 725 2463 αὐτῆς
747 2433 763 2456 ,
808 2393 875 2457 ἃς
918 2393 1089 2460 δίνας,
1119 2395 1304 2464 φησὶν,
1339 2394 1595 2464 ὀνομάζει
1627 2397 1654 2449 ὁ
1686 2396 1938 2467 ποιητὴς,

368 2481 528 2549 λόγον
577 2482 671 2534 τὸν
705 2482 931 2554 κυρίως,
963 2483 1055 2536 τὸν
1105 2476 1488 2553 ἐνυπόστατον,
1538 2485 1628 2539 τὸν
1659 2487 1734 2556 τῷ
1763 2485 1941 2558 Πατρὶ

369 2573 812 2643 συγκαθήμενον,
868 2575 960 2628 τὸν
996 2574 1324 2630 ἀλθαίνοντα
1379 2577 1498 2648 ἦτοι
1541 2575 1937 2647 θεραπεύοντα,

364 2671 459 2718 καὶ
491 2666 812 2737 ἰατρεύοντα
840 2667 1064 2736 τὴν-καὶ
1111 2671 1426 2738 νοσήσασαν
1479 2669 1591 2722 τῶν
1634 2668 1939 2739 ἀνθρώπων

363 2756 530 2820 φύσιν
570 2756 664 2810 καὶ
697 2757 961 2812 νοσοῦσαν
995 2760 1089 2814 καὶ
1136 2762 1289 2814 οὐδὲν
1340 2763 1692 2832 παυσομένην
1740 2764 1935 2827 νοσεῖν,

361 2849 470 2912 ἕως
531 2850 630 2913 τὰς
683 2851 1064 2923 ἁμαρτητικὰς
1120 2853 1374 2924 καχεξίας
1427 2853 1615 2920 κακῶς
1664 2854 1934 2922 ποιοῦσα,

362 2945 652 3012 προσίεται
688 2947 781 3000 καὶ
817 2947 1192 3012 είσοικίζεται.

433 3127 570 3179 σκδ⁹.
608 3126 776 3178 Ἔνθα
805 3125 1112 3196 σημείωσαι
1145 3126 1220 3190 ὡς
1272 3125 1396 3179 ἐπεὶ
1429 3127 1488 3180 ἐν
1531 3127 1611 3198 τῷ
1657 3127 1849 3196 μόναις
1876 3129 1936 3182 ὶν

1176 435 1258 495 ΙΝ
1299 435 1636 496 IIYMNUM
1680 436 2339 499 I‘EN'I‘ECOS'I‘ALEM
2390 441 2856 504 DAMASCENI.

3531 451 3636 514 730

2409 558 2720 624 Traperiunt
2748 563 2971 629 primum
3001 564 3114 616 odu'
3145 580 3311 618 norim.

2233 649 2466 703 Cantare
2499 653 2651 706 ducet
2687 663 2930 706 naturam
2964 655 3321 710 viviﬁcmttem
3355 655 3584 723 puellam
3620 675 3635 711 :

2170 742 2291 794 Sola
2321 743 2462 794 enim
2497 743 2547 794 in
2583 745 2862 810 profundis
2891 747 3182 800 occultavit
3217 746 3478 810 Verbum,

2169 833 2473 904 Egrotanti
2512 837 2732 890 medens
2769 840 3078 893 mortalium
3112 842 3377 911 ttatut':e;:l

2159 926 2312 992 Quod
2348 928 2556 983 dextris
2588 931 2808 984 sedibus
2843 947 2987 986 nunc
3021 932 3218 986 sedens

2163 1019 2360 1081 Patris,
2394 1021 2543 1075 misit
2583 1022 2811 1088 gratiam
2849 1021 3111 1091 Spiritus.

2122 1111 2253 1166 225.
2279 1113 2357 1166 Ad
2394 1114 2882 1167 laudabilissimom
2926 1114 3205 1182 Deiparam
3237 1119 3539 1188 reSpicicns
3569 1128 3625 1174 et

2054 1206 2154 1263 ista
2199 1207 2440 1278 strophe,
2472 1207 2616 1261 sicut
2649 1209 2700 1260 in
2738 1207 2820 1261 his
2853 1223 2972 1274 quae
3012 1219 3254 1275 spectant
3315 1212 3378 1265 ad
3422 1228 3620 1266 nexum

2053 1297 2154 1351 fuit
2176 1298 2403 1360 dictum.
2433 1307 2686 1368 Oportere
2714 1298 2956 1352 decernit
2983 1297 3128 1352 illam
3181 1301 3457 1355 celebrare
3477 1303 3624 1355 velu-

2053 1391 2090 1443 ti
2123 1392 2295 1445 solam
2321 1408 2384 1445 ex
2414 1390 2669 1445 omnibus
2706 1391 3154 1458 generationibus
3199 1393 3306 1446 Deo
3359 1394 3618 1462 repletam

2053 1484 2266 1553 ipsique
2297 1483 2748 1546 dilectissimum;
2783 1491 2835 1537 ct
2865 1499 2892 1535 a
2947 1482 3055 1534 Deo
3101 1481 3334 1536 amatam
3368 1499 3432 1537 ac
3493 1484 3624 1538 visi-

2050 1581 2216 1626 tatatn
2254 1588 2362 1627 nou
2394 1573 2694 1629 secundum
2727 1573 2894 1624 vitam
2936 1571 3135 1627 virtute
3173 1574 3478 1642 praeditam,
3520 1590 3623 1629 nec

2049 1668 2349 1721 secundum
2413 1664 2777 1718 venerabilem
2844 1663 3367 1732 sanctissimumquc
3434 1680 3620 1719 senem

2049 1755 2497 1817 Simeonem,sed
2529 1754 2673 1810 velut
2728 1768 2844 1807 eam
2881 1770 3000 1824 qua:
3058 1757 3299 1823 suscepit
3360 1754 3510 1808 illum
3569 1756 3620 1808 iu

2049 1856 2237 1902 ventre
2255 1847 2335 1902 vel
2369 1847 2420 1902 in
2448 1856 2604 1902 utero
2627 1847 2766 1901 tulit.
2803 1849 3009 1911 'Eotxs,
3035 1847 3192 1902 decet
3220 1846 3388 1914 enim,
3414 1847 3636 1920 inquit"

2053 1940 2167 1995 sive
2195 1940 2476 2003 convenit,
2525 1940 2670 1994 nulla
2729 1941 3000 2009 siquidem
3061 1955 3123 1994 ex
3161 1941 3283 1996 aliis
3345 1939 3622 2009 signiﬁca-

2053 2031 2290 2087 tionibus
2326 2029 2422 2084 τοῦ
2461 2031 2637 2086 ἔοικεν
2667 2030 2756 2084 hic
2791 2042 3026 2098 aptatur,
3086 2029 3230 2081 ὕδειν
3285 2029 3401 2084 sive
3448 2027 3618 2101 ᾄδειν,

2051 2124 2296 2179 carmine
2321 2123 2598 2178 celebrare
2656 2122 3004 2191 bymnisque,
3061 2123 3202 2177 sicut
3250 2121 3452 2176 dictum
3513 2130 3617 2185 est,

2049 2214 2309 2278 exaltare,
2343 2213 2613 2283 φυσίζιυον
2641 2213 2832 2282 κόρην,
2871 2212 2987 2268 sive
3040 2211 3300 2282 virginem
3361 2223 3618 2277 matrem,

2050 2317 2108 2361 ut
2132 2307 2294 2377 paulo
2347 2314 2469 2376 post
2506 2304 2769 2361 docetur:
2807 2307 2920 2360 sola
2954 2305 3153 2376 quippe
3183 2303 3450 2373 κεκρύφει
3508 2302 3624 2358 sive

2048 2398 2310 2469 ἔκρυψεν,
2339 2397 2648 2462 abscondit,
2673 2397 2816 2452 sicut
2843 2397 2946 2450 dux
2973 2395 3440 2465 interpretationis
3467 2393 3623 2458 dicit,

2048 2492 2102 2546 iu
2134 2492 2296 2546 ilibus
2327 2491 2472 2555 suis,
2522 2505 2646 2558 qua:
2699 2491 2848 2552 δίνας
2911 2488 3191 2557 (vortices)
3231 2496 3390 2543 vocat
3440 2497 3624 2556 poeta,

2048 2585 2196 2638 illum
2229 2583 2322 2654 qui
2357 2583 2576 2653 proprie
2633 2589 2718 2637 est
2779 2581 3040 2642 Verbum.
3096 2579 3619 2636 consubstantialem

2046 2687 2110 2727 ac
2168 2687 2555 2727 consessorem
2605 2669 2776 2740 Patr),
2833 2670 2926 2724 τὸν
2955 2670 3300 2733 anteanam,
3358 2670 3474 2724 sive
3523 2667 3620 2738 qui

2047 2773 2202 2819 curat
2235 2778 2298 2818 ac
2327 2773 2488 2818 sanat
2517 2771 2834 2833 aegrotatam
2864 2772 2916 2818 et
2971 2771 3349 2832 aegrotantem,
3382 2771 3436 2815 et
3483 2777 3621 2814 nun-

2048 2870 2210 2923 quam
2239 2857 2306 2910 ab
2328 2835 2684 2925 aegrotatione
2719 2864 3054 2911 cessaturam
3121 2857 3402 2910 hominum
3465 2865 3620 2908 mtu-

2049 2961 2187 3009 ram,
2221 2947 2349 2999 dum
2379 2947 2716 3016 peccatorias
2744 2946 3134 3016 dispositiones
3193 2945 3334 2999 male
3391 2945 3619 3008 habens,

2046 3037 2310 3108 accipitur
2330 3045 2383 3092 et
2415 3038 2467 3092 in
2501 3053 2699 3094 novam
2741 3039 3137 3092 habitationem
3161 3037 3403 3106 eligitur.

2113 3129 2239 3184 224.
2275 3128 2375 3184 llic
2400 3130 2800 3185 observandum
2835 3130 3001 3198 quod,
3039 3129 3296 3199 quoniam
3353 3129 3407 3182 in
3466 3129 3620 3181 Ιοριι-

361 3219 542 3291 δίιῃσι
576 3216 840 3288 κεκρύφει
872 3220 1065 3285 Λόγον,
1098 3219 1198 3281 οὐκ
1225 3219 1492 3292 ἐδήλωσεν
1515 3217 1588 3282 ὡς
1618 3220 1791 3289 Λόγον
1825 3221 1931 3293 ἔφη
1967 3256 2013 3319 c
2047 3222 2192 3278 tione
2226 3241 2238 3276 :
2273 3223 2460 3291 μόναις
2490 3223 2549 3278 ὲν
2582 3222 2760 3293 δίνῃσι
2795 3221 3061 3291 κεκρύφει
3100 3221 3294 3290 Λόγον,
3329 3236 3438 3276 non
3473 3221 3628 3276 clare.

358 3307 449 3364 τὸν
490 3311 614 3364 Υίὸν
651 3310 745 3364 τοῦ
789 3310 949 3374 Θεοῦ,
994 3312 1246 3380 ἐπήγαγε
1288 3312 1390 3382 μὲν
1436 3313 1734 3382 σαφηνείας
1780 3315 1941 3384 χάριν

357 3405 418 3453 τδ
447 3403 613 3457 αὑτὸν
649 3403 927 3456 ἁλθαίνειν
974 3404 1392 3474 θεραπευτικῶς
1424 3405 1574 3473 ἡμᾶς
1627 3403 1941 3470 νοσοῦντας,

356 3491 446 3548 οἷα
471 3494 663 3564 ψυχῶν
690 3495 782 3549 καὶ
816 3495 1084 3564 σωμάτων
1117 3496 1320 3567 ἰατρόν.
1362 3494 1520 3550 Ἐπεὶ
1548 3497 1605 3550 δὲ
1638 3498 1728 3549 καὶ
1760 3496 1940 3558 ἄλλως

358 3589 538 3655 λόγοις
568 3585 734 3652 θείοις
759 3585 946 3666 ἰῶνται
972 3587 1271 3658 ἄνθρωποι,
1299 3589 1384 3643 διὶ
1409 3589 1586 3655 τοῦτο,
1612 3588 1744 3660 πρὸς
1767 3589 1941 3643 πλείω

360 3679 455 3732 καὶ
487 3680 958 3750 εῖλικρινεστάτην
993 3681 1316 3752 σαφήνειαν,
1349 3682 1545 3750 ἐπάγει
1592 3682 1686 3736 καὶ
1719 3680 1896 3734 ταῦτα
1921 3695 1936 3712 ⁶

366 3775 462 3836 ’ος
497 3775 670 3844 ἤγουν
695 3776 725 3829 ό
757 3774 946 3845 ῥηθεὶς
993 3776 1164 3843 Λόγος
1200 3774 1483 3846 ἱδρυμένος
1512 3774 1609 3830 νῦν
1641 3777 1700 3828 ὲν
1744 3774 1939 3840 δεξιοῖς

361 3865 616 3936 κλισμοῖς
657 3866 685 3920 ὃ
721 3866 838 3920 lett
877 3866 1089 3936 θρόνοις
1129 3865 1522 3937 μεγαλωσύνης
1550 3865 1646 3918 τοῦ
1692 3866 1938 3938 Πατρὸς,

361 3958 504 4012 κατὰ
530 3959 614 4024 τὸ,
631 3958 916 4012 Ἐκάθισεν
943 3961 1006 4014 ἐκ
1033 3959 1223 4024 δεξιῶν
1243 3959 1339 4012 τοῦ
1365 3958 1522 4026 Θεοῦ,
1554 3959 1812 4027 πέπομφε
1839 3958 1938 4029 τὴν

366 4053 526 4120 χάριν
556 4049 654 4103 τοῦ
690 4049 1031 4121 Πνεύματος,
1059 4042 1119 4104 οῦ
1156 4051 1255 4118 τὴν
1285 4049 1480 4120 ἑορτὴν
1526 4051 1768 4121 σήμερον
1812 4051 1940 4118 ἄγο-

362 4161 483 4210 μεν.
515 4142 707 4196 K211?)
730 4143 832 4213 μὲν
858 4142 1042 4197 ὑλικὸν
1064 4141 1270 4208 ἀγαθὸν
1291 4141 1390 4211 τῆς
1409 4142 1677 4212 τροπικῆς
1699 4141 1938 4204 ἐννοίας.

357 4232 620 4284 τοιοῦτον
652 4232 763 4286 τῶν
815 4233 872 4287 δὲ
924 4231 1066 4288 κατὰ
1120 4231 1266 4298 λέξιν
1300 4233 1360 4286 τὸ
1400 4233 1498 4301 μὲν
1529 4231 1675 4286 ὑδειν
1723 4229 1791 4305 ἦν
1839 4235 1938 4302 μὲν

357 4323 535 4378 εἰπεῖν
562 4323 867 4393 κοινότερον
889 4322 1080 4392 ὑμνεῖν
1101 4321 1421 4389 ἀλυμάντως
1439 4323 1506 4390 τῇ
1531 4321 1885 4392 ἀκροστιχίδιο
1910 4322 1942 4375 ὁ

357 4414 413 4465 δὲ
443 4411 808 4484 παροξύτονος
839 4412 1138 4485 μελῳδικὸς
1164 4413 1313 4476 τόνος
1329 4414 1448 4478 τοῦ,
1468 4414 1716 4484 Χαίροις,
1737 4416 1940 4468 Ἀνασ-

357 4525 446 4573 οα,
493 4507 556 4560 τὸ
611 4507 799 4576 ὑμνεῖν
828 4504 1156 4576 ἀπαγαγὼν,
1207 4507 1269 4559 τὸ
1300 4504 1446 4560 ὑδειν
1495 4506 1934 4578 ἀντεισήγαγεν·

2045 3315 2370 3387 signiﬁcavit
2409 3332 2466 3370 se
2503 3316 2683 3372 dicere
2717 3314 2954 3371 Verbum
2991 3314 3190 3370 Filium
3247 3315 3363 3381 Dei,
3425 3315 3626 3382 adjecit

2042 3406 2262 3478 quidem
2289 3406 2575 3464 evidentiae
2598 3422 2762 3464 causa
2798 3407 2947 3460 illum
2985 3417 3175 3460 curate
3222 3420 3321 3458 nos
3353 3411 3618 3473 aegrotan-

2045 3507 2123 3550 tes
2149 3511 2365 3563 sanare,
2401 3509 2660 3566 tauquant
2727 3500 3031 3551 animarum
3067 3511 3128 3551 ac
3163 3511 3456 3565 corporum
3496 3512 3612 3550 tne-

2041 3587 2226 3641 dicum
2256 3605 2272 3654 ;
2299 3587 2557 3658 quoniam
2590 3599 2774 3642 autem
2807 3588 3028 3642 aliunde
3058 3587 3257 3642 divinis
3293 3588 3474 3642 verbis
3531 3603 3619 3642 sa-

2043 3689 2244 3734 nantur
2269 3681 2544 3749 homines,
2572 3681 2695 3736 ideo
2726 3693 2946 3751 propter
2980 3685 3242 3753 majorem
3275 3681 3619 3736 uitidiorem-

2041 3788 2150 3842 que
2196 3772 2523 3828 evidentiam
2586 3774 2787 3842 adjecit
2811 3781 2864 3828 et
2895 3773 3044 3828 ista:
3097 3773 3202 3840 Qui
3260 3774 3443 3829 dictus
3488 3774 3620 3828 Ver-

2042 3867 2195 3929 bum,
2239 3882 2386 3920 nunc
2412 3866 2748 3921 constitutus
2801 3866 2854 3920 in
2881 3867 3118 3920 dexteris
3153 3866 3400 3935 κλισμοῖς
3456 3867 3619 3935 (sedi-

2041 3957 2204 4025 libus)
2231 3972 2324 4011 seu
2351 3957 2566 4012 thronis
2599 3956 2988 4027 magnitudinis
3057 3955 3257 4022 Patris,
3309 3957 3622 4012 secundum.

2042 4049 2144 4103 hoc
2175 4067 2188 4102 :
2216 4047 2368 4103 Sedit
2396 4049 2461 4102 ad
2484 4048 2765 4103 dexteram
2797 4046 2914 4112 Dei,
2939 4047 3328 4117 ntisitgratiam
3353 4045 3613 4113 Spiritus,

2039 4138 2198 4206 cujus
2223 4137 2382 4193 hodie
2405 4136 2600 4194 festum
2629 4137 2988 4194 celebramus.
3025 4135 3088 4191 Et
3117 4137 3342 4208 quidem
3401 4137 3506 4192 tale
3529 4145 3619 4192 est

2039 4229 2356 4286 universum
2384 4231 2605 4300 trepica:
2640 4230 2924 4286 sententia:
2960 4229 3185 4284 bonum.
3212 4229 3401 4296 Quoad
3432 4239 3614 4284 autem

2040 4322 2359 4388 dictionem,
2381 4321 2608 4378 verbum
2626 4322 2842 4391 quidem
2872 4321 3019 4376 ὕδειν
3043 4323 3392 4377 communius
3424 4320 3621 4378 luisset

2038 4413 2329 4470 dicendum
2360 4412 2554 4484 ὑμνεῖν
2579 4413 2946 4470 acrosticbide
2993 4414 3186 4479 salva;
3232 4415 3325 4468 sed
3364 4414 3620 4470 melodus

2039 4515 2202 4562 tonus
2229 4522 2400 4577 super
2421 4507 2772 4575 penultimam
2807 4505 2959 4571 dicti,
2997 4504 3243 4576 Χαίροις,
3274 4507 3504 4565 ἄνασσα.
3536 4521 3620 4560 re-

353 4601 492 4671 ὅπερ
541 4599 648 4652 ἀπὸ
675 4598 769 4652 τοῦ
808 4597 958 4672 ᾄδειν
1003 4595 1286 4669 παρῆχθαι
1325 4596 1466 4653 κατά
1498 4613 1624 4653 τινα
1675 4597 1929 4667 γλῶσσαν

2047 4613 2269 4652 movens
2318 4597 2547 4651 verbum
2595 4597 2806 4664 ὑμνεῖν,
2851 4593 2912 4646 τὸ
2960 4591 3106 4646 ὑδειν
3158 4595 3210 4646 in
3264 4587 3398 4664 ejus
3432 4596 3620 4648 lucum

352 4691 521 4761 quem
557 4689 608 4744 οῖ
647 4690 875 4744 παλαιοὶ
907 4687 1318 4761 δωρικώτερον.

435 4876 573 4926 αι’.
619 4868 686 4924 Ἦ
717 4867 776 4924 δὲ
811 4867 1085 4939 φυσίζωος
1133 4869 1294 4940 κόρη,
1336 4863 1513 4930 οὕτως
1560 4865 1629 4923 ἂν
1675 4866 1934 4939 συνθήσει

351 4963 450 5036 τὴν
496 4965 572 5030 ὡς
605 4961 806 5033 ἐρρέθη
859 4958 1310 5032 μητροπάρθενον
1339 4973 1354 4987 ο
1407 4956 1502 5010 τοῦ
1539 4957 1642 5028 μὲν
1694 4955 1862 5026 φῦσαι
1907 4959 1936 5013 ὅ

357 5061 477 5112 ἐστι
503 5057 788 5126 γεννῆσαι.
813 5055 881 5124 τῇ
907 5054 1077 5123 μητρὶ
1099 5052 1534 5122 ἁρμοττομένου·
1561 5049 1661 5118 τῆς
1685 5050 1744 5104 δὲ
1765 5050 1935 5121 κόρης

349 5155 436 5216 εἰς
467 5150 665 5204 ταυτὸν
698 5148 885 5217 ἰούσης
909 5151 979 5218 τῇ
1007 5145 1284 5214 παρθένῳ·
1313 5144 1534 5206 πάντως
1562 5141 1620 5195 δὲ
1654 5145 1684 5212 ἡ
1711 5143 1935 5213 φύσασα

351 5253 414 5306 ἐν
460 5250 542 5319 τῷ
581 5247 769 5317 μένειν
821 5243 1052 5313 τοιαύτη
1096 5240 1273 5312 κόρη,
1334 5239 1432 5309 τὴν
1487 5239 1935 5310 μητροπάρθενον

354 5341 638 5410 σημαίνει·
673 5335 734 5390 τὸ
761 5335 820 5390 δὲ
867 5332 1140 5404 φυσίζωος
1169 5333 1198 5386 ό
1231 5333 1332 5402 μὲν
1379 5329 1699 5399 Ἐλληνικῖις
1734 5329 1935 5398 γλυκὺς

354 5433 590 5502 ποιητὴς
620 5429 725 5500 γῆς
759 5427 1014 5482 ἐπίθετον
1045 5422 1180 5490 οῐδε,
1211 5425 1519 5494 λεγομένης
1548 5421 1693 5478 οὑτω
1719 5423 1752 5495 ἢ
1783 5422 1936 5494 παρὰ

351 5525 413 5578 τὸ
441 5521 602 5590 φύσιν
629 5521 804 5586 ζειὰς,
839 5520 930 5574 ἴνα
961 5515 998 5594 ᾖ
1033 5517 1301 5588 φυσίζωος
1352 5515 1426 5587 γῆ
1465 5515 1540 5580 ὡς
1581 5516 1692 5570 ἀπὸ
1729 5515 1931 5587 μέρους

353 5617 463 5670 τῶν
511 5614 678 5680 {stth
709 5614 834 5680 ἢτοι
879 5611 1260 5681 τυάνσπερμος,
1309 5607 1434 5661 ὅθεν
1486 5609 1519 5678 ή
1575 5607 1934 5676 πανσπερμία

357 5706 708 5776 παράγεταιο
742 5701 774 5771 ἢ
810 5701 986 5764 ἄλλως
1033 5698 1308 5768 φυσίζωος
1351 5698 1386 5766 ή
1432 5695 1648 5765 φύουσα
1694 5695 1765 5748 τὰ
1796 5697 1934 5766 πρὸς

357 5797 524 5869 ζωήν·
557 5797 829 5867 γράφεται
881 5792 935 5846 δὲ
978 5790 1107 5863 παρ’
1135 5790 1332 5859 ἐκείνῳ
1372 5791 1449 5858 τῷ
1479 5791 1676 5856 ποιητῇ
1710 5789 1796 5840 διὰ
1839 5788 1929 5842 τοῦ

355 5910 382 5950 ο
411 5887 610 5964 μικροῦ
645 5887 676 5958 ἡ
715 5885 1107 5957 παραλήγουσα
1137 5883 1232 5953 τῆς
1285 5880 1416 5952 παρ’
1461 5879 1612 5950 αὑτῷ
1645 5879 1928 5950 φυσιζόου,

2037 4689 2308 4755 adduxit;
2347 4689 2491 4759 quod
2517 4703 2549 4742 a
2578 4687 2745 4742 verbo
2771 4685 2923 4756 ᾄδειν
2977 4698 3100 4740 esse
3124 4685 3430 4739 derivatum
3457 4685 3619 4754 juxta

2035 4783 2325 4852 quamdam
2349 4780 2591 4833 doricam
2624 4779 2867 4847 linguam
2900 4776 3051 4831 aiunt
3081 4789 3318 4833 veteres.

2109 4871 2237 4926 225.
2309 4870 2380 4922 Ἤ
2415 4869 2472 4922 δὲ
2518 4866 2790 4936 φυσίζωος
2848 4866 3008 4937 κόρη.
3061 4867 3139 4922 sic
3186 4879 3498 4940 componet,
3555 4878 3618 4926 ut

2035 4962 2238 5018 dictum
2269 4967 2375 5023 est.
2404 4957 2672 5030 virginem
2707 4966 2935 5016 matrem
2978 4975 2993 5012 :
3031 4959 3135 5015 hoc
3167 4960 3386 5029 quidem
3423 4963 3616 5029 φῦσαι,

2035 5055 2184 5126 quod
2221 5061 2308 5109 est
2369 5051 2664 5122 genuisse,
2721 5051 2884 5104 matri
2933 5059 3186 5120 aptatur;
3246 5052 3388 5108 istud
3431 5062 3616 5109 autem

2035 5147 2174 5218 κόρη
2207 5146 2274 5201 ad
2305 5145 2452 5200 idem
2478 5143 2619 5199 redit
2664 5157 2730 5198 ac
2759 5143 2935 5214 virgo.
2987 5142 3222 5202 Prorsus
3273 5155 3456 5202 autem
3520 5147 3614 5203 illa

2036 5254 2158 5310 qua:
2189 5236 2404 5309 genuit,
2434 5235 2556 5292 talis
2606 5233 2757 5304 virgo
2799 5243 3158 5305 permanens,
3197 5236 3463 5307 virginem
3501 5253 3617 5293 ma-

2037 5339 2175 5385 trem
2234 5328 2530 5400 signilicat.
2601 5324 2715 5381 Hoc
2773 5334 2954 5383 autem
3024 5325 3320 5396 φυσίζωος,
3389 5325 3614 5384 Graecus

2036 5423 2128 5478 ille
2149 5421 2333 5478 suavis
2364 5429 2521 5491 poeta
2568 5417 2792 5490 quidem
2847 5419 3149 5490 epithetum
3205 5429 3362 5474 terra:
3415 5416 3612 5482 novit,

2035 5530 2158 5586 quae
2183 5513 2262 5570 sic
2293 5512 2518 5578 dicitur,
2548 5513 2632 5566 vel
2656 5511 2782 5582 quia
2809 5518 3032 5580 generat
3065 5526 3194 5568 zeas
3223 5509 3374 5592 (φύει
3408 5507 3608 5577 ζειὰς),

2035 5617 2097 5661 ut
2125 5605 2199 5661 sit
2221 5614 2384 5672 terra,
2419 5614 2676 5675 tanquam
2737 5617 2804 5660 ex
2863 5615 3017 5673 parte
3063 5601 3247 5668 ζειῶν,
3312 5599 3609 5670 φυσίζωυς,

2038 5698 2156 5754 sive
2221 5697 2617 5767 πάνσπερμος;
2662 5696 2806 5751 unde
2869 5693 3225 5762 πανσπερμία
3285 5692 3604 5759 derivatur;

2035 5793 2120 5846 vel
2145 5787 2301 5843 aliter
2328 5784 2619 5857 φυσίζωος,
2641 5801 2761 5856 quae
2781 5801 2880 5840 res
2906 5784 2972 5837 ad
2999 5788 3161 5836 vitam
3185 5780 3376 5852 (ζωὴν)
3409 5794 3605 5838 neces-

2035 5883 2210 5940 sarias
2230 5890 2476 5954 generat.
2509 5878 2782 5936 Scribitur
2811 5882 2992 5937 autem
3025 5872 3170 5949 apud
3208 5873 3350 5937 hunc
3382 5880 3600 5952 poetam
