3966 6248
342 355 442 420 731

1013 361 1430 423 EUSTATHII
1475 362 2229 426 THESSALONICENSIS
2269 367 2830 430 ΜΕΤΗΟΡΟῙΛΤΕ

3489 365 3592 429 732

336 484 429 534 per
453 484 486 522 ο
518 469 675 524 breve
707 471 998 542 penultima
1024 474 1175 530 vocis
1208 474 1480 542 φυσιζόου
1531 478 1687 546 juxta
1719 478 1903 549 dacty-

2036 481 2152 532 εατὰ
2181 481 2445 535 δακτύλου
2490 483 2905 551 ἀπηρτισμένον
2933 497 2947 514 ο
3000 478 3094 532 καὶ
3127 477 3226 549 τὴν
3274 480 3454 534 αἰτίαν
3497 479 3592 547 τῆς

334 560 369 614 li
399 560 850 631 dispositionem;
900 575 950 620 et
993 581 1055 618 ex
1129 566 1292 635 hujus
1333 567 1677 623 ordinatione
1728 571 1909 626 brevis

337 651 620 717 scripturae
652 652 789 706 ratio
841 655 1130 722 quaerenda
1168 664 1270 710 cst.
1332 655 1400 711 Et
1438 658 1509 710 ita
1559 661 1776 725 quidem
1826 669 1911 714 est

338 741 426 793 illa
454 741 638 796 Graeca
667 744 941 810 φυσίζοος.
981 743 1205 814 Deipara
1261 764 1386 803 vero
1431 751 1700 816 φυσεζωος
1746 754 1911 821 signi-

341 833 536 887 [icatur
562 849 684 889 esse
715 844 885 889 mater
910 835 1182 905 vita‘,qu;e
1204 849 1328 894 ante
1349 842 1531 896 omnia
1565 852 1667 908 est,
1707 852 1761 896 ct
1789 861 1909 910 quae

339 923 671 978 inonmibus
731 927 1084 996 participatur
1153 930 1269 997 Dei,
1330 933 1486 1002 cujus
1550 934 1606 988 in
1667 937 1911 1004 nomine,

338 1013 477 1067 sicut
514 1016 774 1084 scriptum
805 1028 911 1079 est,
942 1021 1110 1073 vitam
1139 1022 1421 1078 habemus.

407 1106 532 1162 236.
593 1108 830 1164 Somnus
881 1121 1062 1166 autem
1113 1113 1421 1170 dominicus
1485 1117 1802 1185 φυσίζωος,
1852 1119 1909 1176 in

340 1197 578 1252 carmine
610 1198 909 1254 beatissimi
943 1203 1138 1256 ntelodi
1192 1203 1355 1258 Marci
1384 1207 1610 1274 positus,
1659 1224 1911 1280 magnam

343 1287 513 1354 poscit
543 1289 907 1356 mirationem,
936 1307 1041 1346 non
1075 1294 1299 1358 habens,
1335 1307 1484 1365 puto,
1525 1299 1579 1353 in
1642 1304 1907 1356 universo

344 1380 569 1444 mundo,
592 1382 676 1436 vel
707 1383 850 1436 aliud
897 1385 1075 1440 simile
1111 1388 1332 1442 verbum
1357 1391 1608 1461 conjuge,
1645 1393 1724 1448 vel
1779 1394 1915 1450 alias

343 1472 646 1539 comparari
687 1484 900 1541 potens,
933 1486 984 1529 et
1031 1478 1085 1530 in
1139 1480 1504 1548 mquilibrium
1539 1483 1666 1552 poni
1717 1485 1912 1548 divini,

340 1561 594 1629 jucundi,
634 1565 815 1619 suavis
851 1572 903 1618 ct
931 1566 1189 1624 divinitus
1221 1568 1378 1625 aﬂlati
1435 1588 1744 1630 successus.
1776 1575 1904 1630 Mihi

344 1663 492 1708 certe
539 1656 845 1709 recordanti
910 1674 1052 1713 nunc
1109 1660 1259 1715 illum
1315 1651 1608 1730 φυσίζωον
1652 1682 1910 1722 somnum

344 1744 655 1811 supervenit
685 1747 1026 1816 requiescere
1051 1759 1104 1804 et
1128 1759 1381 1822 tanquam
1402 1755 1643 1811 dormire
1665 1757 1913 1828 volupta-

2019 571 2275 642 τοιαύτης
2325 575 2732 644 μικρογραφίας
2773 573 3038 643 ζητητέον
3090 575 3148 625 ὲν
3191 574 3306 634 τοῖς
3359 572 3585 626 ἔκείνονο

2018 664 2113 717 καὶ
2139 662 2280 716 οὕτω
2319 665 2419 732 μὲν
2464 667 2496 731 ὴ
2537 664 2828 735 Ἑλληνικὴ
2865 663 3043 733 εκείνη
3080 655 3192 734 ἔχει
3229 662 3484 732 φυσίζοος
3512 679 3523 693 ⁸
3556 664 3586 729 ἡ

2014 754 2070 806 δὲ
2127 755 2396 821 φυσίζωος
2432 755 2679 818 θεοτόκος
2727 756 2871 824 ζωῆς
2914 757 3102 824 μήτηρ
3152 753 3409 824 δηλοῦται
3455 748 3589 805 εἶναι

2017 846 2114 908 τῆς
2140 846 2246 915 πρὸ
2272 847 2513 907 πάντων,
2539 848 2632 899 καὶ
2665 846 3034 917 μεταδοτικῶς
3067 847 3124 898 ὲν
3155 846 3290 899 πᾶσι
3317 843 3407 896 τοῦ
3431 844 3585 904 Θεοῦ,

2018 932 2078 991 οὗ
2110 937 2168 989 ἐι·
2196 936 2272 1008 τῷ
2307 938 2556 1006 ὀνόματι,
2600 938 2744 991 καθὰ
2787 938 3122 1008 γέγραπται,
3177 936 3324 1007 ζωὴν
3363 936 3580 1006 ἔχομεν.

2094 1121 2241 1178 σκς’.
2291 1113 2350 1167 '0
2375 1114 2428 1168 δὲ
2453 1115 2728 1182 φυσίζωος
2779 1115 2948 1178 ὕπνος
2971 1117 2998 1168 6
3034 1114 3317 1186 κυριακδς,
3349 1117 3375 1166 ό
3410 1114 3593 1184 κείμε-

2019 1225 2107 1270 νος
2137 1209 2194 1260 ὲν
2227 1207 2434 1279 ᾅσματι
2465 1206 2560 1260 τοῦ
2598 1209 3023 1276 μακαριωτάτου
3062 1205 3308 1277 μελῳδοῦ
3344 1206 3593 1271 Μάρκου,

2019 1297 2202 1366 θαῦμα
2231 1297 2403 1349 ἐθέλει
2435 1297 2595 1362 πολὺ,
2631 1297 2730 1349 οὐκ
2764 1296 2903 1366 ἔχων
2933 1298 3138 1359 ἐκεῖνος
3164 1299 3221 1348 ὲν
3250 1297 3378 1364 ὅλῳ,
3419 1291 3592 1360 οἶμαι,

2017 1387 2095 1454 τῷ
2127 1386 2318 1455 κόσμῳ
2351 1387 2383 1456 ἢ
2425 1387 2693 1455 συζυγοῦν
2726 1387 2854 1441 ἄλλο
2890 1385 3044 1457 ῥῆμα
3085 1385 3327 1438 τοιοῦτον
3359 1385 3389 1454 ἦ
3427 1384 3595 1443 ἄλλως

2020 1477 2522 1545 ἁντιπαρατεθῆναι
2553 1477 2874 1546 δυνάμενον,
2912 1478 3005 1530 καὶ
3055 1478 3487 1541 ταλαντευθῆναι
3517 1477 3593 1538 εἰς

2019 1570 2390 1635 ἀντισήκωσιν
2422 1569 2712 1638 ἐπιτυχίας
2745 1569 2894 1631 θείας
2926 1570 3021 1622 καὶ
3068 1568 3311 1628 ἀστείας,
3343 1567 3432 1620 xxi.
3465 1566 3586 1632 γλυ-

2019 1660 2199 1722 κείας,
2260 1661 2354 1714 καὶ
2406 1661 2776 1729 ἐνθεαστικῆς·
2830 1660 3009 1728 ἔμοιγ’
3041 1656 3132 1713 οὖν
3176 1658 3595 1726 ἐντεθυμημὲνῳ

2022 1756 2151 1826 ἄρτι
2183 1756 2274 1808 τὶν
2309 1753 2580 1824 φυσίζωον
2617 1757 2821 1808 ἐκεῖνον
2856 1754 3044 1818 ὕπνον,
3081 1753 3313 1820 ἐπῆλθεν
3353 1753 3594 1804 ἁνεῖσθιι

344 1842 396 1888 te
422 1845 609 1903 captus
636 1853 653 1904 ;
679 1851 976 1906 pectusque
1031 1843 1332 1898 sentiebam
1371 1845 1574 1916 impetu
1633 1824 1808 1903 latum'
1842 1851 1909 1906 ad

2036 1824 2111 1900 ιαὶ
2139 1846 2214 1910 ὡς
2243 1841 2354 1901 οἷον
2385 1847 2588 1900 ὑπνοῦν
2619 1843 2710 1916 ὑφ’
2746 1846 2972 1916 ἡδονῆςο
3007 1845 3103 1897 καὶ
3136 1846 3196 1898 τὸ
3221 1844 3416 1910 στῆθος
3439 1843 3599 1912 ᾐσθό-

342 1926 648 1980 exeuudum
679 1931 991 1998 pectoribus
1018 1941 1076 1986 ut
1096 1936 1236 2004 apud
1264 1936 1546 1992 dominum
1581 1939 1744 1995 istum
1768 1941 1906 1997 Mar-

342 2034 466 2073 cum
499 2035 767 2087 essemus,
820 2025 905 2079 vel
957 2026 1108 2080 illum
1145 2028 1210 2083 ad
1292 2045 1394 2086 nos
1448 2031 1765 2099 alliciendo,
1831 2037 1916 2091 vel

344 2113 534 2164 saltem
568 2114 708 2182 apud
773 2115 920 2168 Illum
957 2122 1249 2176 manendo.
1283 2121 1470 2179 Jaceat
1530 2125 1619 2180 ille
1686 2142 1914 2185 somnus

346 2201 634 2270 φυσίζωυς,
665 2213 718 2259 et
759 2207 1054 2274 repositum
1095 2227 1313 2281 ron-pus,
1351 2213 1439 2268 cui
1468 2217 1725 2286 cogitatio
1763 2219 1911 2272 illius

351 2293 597 2356 inhaeret,
625 2295 735 2366 jam
764 2299 898 2353 satis
956 2302 1126 2354 curati
1187 2304 1255 2358 ab
1317 2305 1401 2359 bis
1459 2307 1554 2376 qui
1609 2309 1911 2364 secundum

354 2385 519 2438 istum
545 2386 668 2442 vita:
695 2389 874 2456 cupidi
903 2399 1047 2456 sunt,
1081 2393 1355 2461 φιλόζωοι,
1399 2405 1458 2451 ιιι
1513 2399 1582 2451 ita
1613 2398 1810 2466 dicam,
1865 2411 1932 2463 et,

353 2474 473 2528 ideo
500 2477 919 2544 pulchritudinis
954 2495 1217 2547 amantes,
1249 2487 1435 2541 statim
1468 2498 1647 2544 autem
1704 2492 1919 2547 honesti

347 2581 564 2636 quoque
597 2579 846 2638 expertes
873 2572 1143 2630 homines.

359 2679 374 2693 ε
415 2656 544 2713 227.
573 2658 631 2713 1η
660 2661 974 2718 universum
1000 2677 1182 2723 autem
1205 2676 1288 2725 est
1310 2671 1446 2742 κόρη
1471 2673 1721 2739 quaelibet
1744 2675 1916 2748 virgo,

345 2747 430 2804 Vel
459 2765 487 2803 a
517 2751 683 2822 κορῶ,
712 2755 858 2824 quod
887 2765 964 2810 est
999 2772 1241 2826 exorno;
1292 2765 1616 2819 naturaliter
1665 2769 1809 2821 enim
1839 2747 1915 2824 fin

347 2843 658 2899 ornamenti
709 2861 894 2901 curam
942 2857 1026 2904 est
1085 2866 1256 2920 prona
1317 2851 1628 2923 bujusmodi
1691 2860 1918 2927 puella;

349 2943 409 2988 ut
437 2935 674 2991 ostendit
702 2937 792 2993 ille
827 2941 920 3010 qui
977 2944 1328 3011 reprehendit
1385 2947 1661 3003 hominem
1723 2966 1916 3006 aurum

349 3037 654 3096 gestantem
685 3031 736 3084 in
772 3031 874 3087 hoc
901 3045 916 3087 :
947 3033 1026 3088 Ad
1069 3035 1272 3091 bellum
1303 3039 1451 3093 venit
1475 3055 1666 3096 aurum
1700 3054 1922 3114 gestans

2028 1953 2136 2006 μην
2170 1935 2494 2006 ὁρμώμενον
2535 1934 2877 2002 ἑκθρὼσκειν
2930 1934 3174 2004 στηθέων
3213 1933 3288 1992 ὡς
3346 1930 3483 1995 πρὸς
3529 1927 3602 1994 τῷ

2023 2027 2196 2099 κυρίῳ
2231 2028 2424 2097 ἐκείνῳ
2447 2028 2660 2098 Μάρκῳ
2686 2026 2962 2094 γενέσθαι,
2995 2027 3090 2078 καὶ
3136 2025 3168 2093 ἢ
3202 2024 3321 2088 seps)
3337 2023 3604 2074 κὺσασθαι

2023 2122 2186 2174 αὑτὸν
2217 2122 2353 2192 πρὸς
2387 2121 2559 2191 ἡμᾶς,
2611 2120 2643 2184 ἥ
2680 2119 2815 2172 ἀλλὰ
2862 2119 2995 2187 παρ’
3021 2115 3216 2186 ἐκείνῳ
3252 2118 3432 2182 μεῖναι
3461 2131 3474 2144 ’
3509 2114 3603 2166 καὶ

2027 2210 2227 2264 κείσθω
2263 2211 2430 2273 ὕπνος
2467 2213 2676 2272 ἐκεῖνος
2707 2213 2735 2263 6
2771 2209 3068 2278 φυσίζωος,
3117 2208 3212 2261 καὶ
3255 2207 3316 2258 τὸ
3351 2205 3604 2258 λεκτικδν

2030 2304 2211 2372 σῶμα,
2243 2299 2284 2370 ᾧ
2322 2305 2356 2374 ἡ
2390 2304 2508 2357 κατ’
2540 2304 2748 2354 ἐκεῖνον
2772 2302 2953 2354 ἔννοια
2977 2299 3245 2369 ἔγκειται,
3275 2298 3481 2359 ἱκανῶς
3506 2299 3606 2365 ἤδη

2026 2396 2408 2466 τημεληθέντα
2446 2396 2550 2449 ὑπὸ
2584 2396 2692 2448 τῶν
2724 2394 2849 2448 κατ’
2880 2394 3042 2448 αὑτὸν
3071 2393 3373 2462 φιλοζώων,
3415 2393 3490 2454 ὡς
3520 2391 3609 2443 οὖ-

2028 2507 2135 2552 τως
2171 2491 2366 2554 εἰπεῖν,
2398 2491 2491 2542 καὶ
2523 2489 2592 2542 δι’
2620 2490 2752 2542 αὐτὸ
2801 2487 3130 2559 φιλοκάλων,
3178 2489 3376 2542 αὐτίκα
3425 2487 3482 2539 δὲ
3515 2487 3609 2540 καὶ

2029 2578 2415 2648 ἀπειροκάλων
2449 2577 2683 2647 ἀνδρῶν.

2106 2668 2248 2735 σκζ.
2285 2670 2435 2740 Κόρη
2466 2670 2523 2723 δὲ
2550 2669 2782 2722 καθόλου
2810 2670 2960 2721 πᾶσα
2985 2667 3277 2734 παρθένος,
3307 2665 3340 2736 ἦ
3367 2665 3522 2733 παρὰ
3555 2665 3610 2715 τδ

2032 2762 2182 2832 κορῶ
2217 2760 2277 2813 τὸ
2317 2761 2669 2824 καλλωπῖζωο
2709 2759 3016 2830 ὲπιρῤεπὴς
3051 2759 3160 2826 γὰρ
3189 2758 3346 2824 φύσει
3395 2757 3449 2816 ἐς
3498 2757 3614 2806 sm—

2035 2855 2257 2924 μέλειαν
2286 2851 2683 2921 καλλωπισμοῦ
2719 2853 2753 2920 ἡ
2784 2850 3009 2918 τοιαύτη
3046 2851 3201 2918 κόρη,
3233 2849 3308 2911 ὡς
3339 2848 3490 2918 δηλοῖ
3516 2845 3608 2899 καὶ

2031 2949 2059 3001 6
2084 2947 2268 3017 ψέγων
2302 2945 2469 3018 ἄνδρα
2497 2945 2830 3015 χρυσοφόρον
2860 2944 2916 2994 ὲν
2939 2941 3018 3010 τῷ
3044 2936 3303 2994 -Ἥλθεν
3335 2941 3415 3000 εἰς
3447 2938 3606 2991 πόλε-

2036 3056 2136 3108 μον
2159 3039 2362 3109 χρυσὸν
2389 3040 2528 3108 ἔχων
2560 3037 2695 3107 ἠΰτε
2741 3036 2936 3106 κούρηο
2964 3035 3049 3104 -ἢ
3085 3033 3158 3098 ὡς
3195 3031 3413 3100 καθαρὰ
3459 3031 3607 3100 παρὶ

349 3126 411 3173 ut
435 3119 611 3189 puella
637 3138 655 3188 ;
687 3123 769 3176 vel
796 3132 1050 3195 tanquam
1080 3142 1238 3198 pura,
1263 3144 1291 3182 a
1321 3130 1492 3201 κορῶ,
1532 3132 1585 3187 id
1639 3144 1740 3201 est,
1776 3137 1924 3204 puri-

2036 3131 2123 3185 τοῦ
2161 3130 2308 3201 κορῶ
2343 3129 2404 3184 τδ
2455 3130 2725 3200 καθαίρω,
2774 3127 2831 3196 ἐξ
2879 3118 2940 3180 οὗ
2989 3127 3084 3180 καὶ
3133 3126 3402 3194 νεωκόρος
3453 3125 3482 3176 6
3517 3123 3608 3176 τὸν

349 3210 476 3280 ﬁco,
498 3227 564 3268 ex
601 3229 708 3284 quo
739 3217 884 3272 venit
916 3220 1207 3291 νεωκόρος,
1238 3221 1326 3278 ille
1355 3224 1447 3292 qui
1479 3227 1742 3296 templum
1777 3230 1927 3298 puri-

353 3299 482 3356 ﬁcat
509 3309 564 3357 et
611 3304 812 3360 dicitur
845 3307 1008 3362 etiam
1045 3314 1343 3382 σηκοκόρος
1407 3325 1627 3386 propter
1678 3320 1924 3375 eamdem

353 3392 644 3448 rationem.
696 3395 930 3453 Aliunde
957 3414 1086 3454 vero
1117 3403 1299 3471 puella
1334 3420 1554 3476 quoque
1610 3409 1736 3463 talis
1795 3411 1928 3466 dici-

353 3491 444 3537 tur
462 3486 529 3539 ad
563 3497 870 3556 respectum
895 3505 1016 3544 eum
1047 3492 1134 3548 illa
1172 3512 1295 3565 qua:
1323 3509 1550 3554 vocatur
1574 3503 1716 3556 oculi
1745 3505 1925 3574 pupil-

356 3575 407 3629 la
443 3578 710 3650 nobisque
739 3581 1089 3638 dilectissima
1114 3597 1196 3642 est
1228 3606 1241 3643 :
1273 3590 1469 3646 dilecta
1503 3608 1700 3664 nempe
1729 3607 1928 3654 cuncta

356 3665 533 3735 puella
566 3669 718 3740 virgo
745 3679 828 3724 est
856 3682 909 3727 et
945 3673 1026 3728 bis
1051 3676 1140 3745 qui
1184 3689 1492 3746 genuerunt
1521 3691 1574 3737 et
1614 3683 1698 3739 bis
1726 3686 1820 3755 qui
1871 3703 1930 3743 se

355 3767 634 3828 geruntnt
687 3773 996 3832 amatores;
1026 3776 1080 3822 et
1123 3771 1372 3826 custodia
1414 3772 1693 3843 judicatur
1746 3777 1928 3849 digna,

359 3851 699 3921 aliquatenus
732 3855 874 3924 apud
909 3873 1007 3913 nos
1053 3858 1107 3913 in
1159 3861 1402 3919 thalamo
1459 3875 1672 3921 servata
1728 3870 1929 3938 puclla,

359 3941 504 3996 sicut
530 3942 672 3997 intra
699 3944 988 4014 palpebras
1031 3947 1133 4004 ista
1185 3951 1388 4020 pupilla
1429 3967 1443 4005 :
1489 3953 1595 4016 lue.
1647 3971 1768 4025 qua:
1823 3955 1933 4010 fre-

358 4044 588 4104 quenter
658 4037 987 4092 clauduntur
1034 4048 1089 4093 et
1137 4043 1480 4110 aperiuntur.
1557 4047 1782 4116 preprle
1839 4062 1935 4116 per

361 4126 738 4180 ascensionem
763 4141 825 4180 ac
874 4127 1268 4184 demissionem
1322 4133 1557 4202 pupillas
1613 4135 1934 4190 custodiunt

362 4217 622 4270 adversus
653 4218 879 4274 insidias
913 4230 1229 4275 extrrorum
1286 4237 1599 4292 corporum,
1631 4241 1750 4295 qua:
1824 4235 1934 4280 tre-

361 4307 558 4362 menda
589 4316 737 4373 sunt,
766 4309 881 4365 sive
920 4313 1301 4379 percutientia,
1347 4315 1463 4369 sive
1513 4315 1672 4369 aliter
1729 4315 1936 4371 laeden-

361 4398 460 4462 tia,
488 4413 610 4455 eum
641 4400 1066 4456 introducuntur
1100 4419 1114 4455 :
1145 4406 1224 4460 sic
1253 4405 1416 4459 etiam
1445 4407 1682 4476 pupillas
1700 4408 1936 4475 virgines

2028 3223 2153 3276 ναὸν
2183 3223 2481 3292 καθαίρων·
2511 3225 2538 3276 6
2566 3221 2611 3276 δ’
2661 3222 2828 3284 αὐτὸς
2875 3221 2968 3273 καὶ
3023 3219 3325 3290 σηκοκόρος
3373 3217 3462 3270 διὰ
3513 3218 3605 3268 τὸν

2028 3312 2190 3367 αὑτὸν
2217 3312 2397 3381 λόγον’
2452 3313 2550 3366 καὶ
2582 3311 2759 3374 ἄλλως
2807 3310 2865 3365 δὲ
2915 3309 3052 3379 κόρη
3104 3311 3137 3378 ἡ
3185 3306 3412 3374 τοιαύτη
3465 3314 3608 3358 κατα

2027 3405 2307 3475 ἀναφορὰν
2340 3403 2442 3472 τὴν
2474 3403 2611 3474 πρὸς
2663 3403 2833 3472 κόρην
2861 3400 3166 3470 ὀφθαλμοῦ,
3197 3401 3297 3467 τὴν
3345 3399 3612 3467 φιλτάτην

2027 3499 2181 3566 ἡμῖν·
2213 3497 2344 3565 φίλη
2378 3496 2486 3566 γὰρ
2541 3495 2637 3548 καὶ
2688 3496 2835 3548 πᾶσα
2889 3494 3164 3564 παρθένος
3211 3491 3349 3562 κόρη
3403 3495 3522 3553 τοῖς
3558 3506 3613 3544 τε

2029 3588 2478 3658 γεννησαμὲνοις,
2515 3589 2611 3640 καὶ
2641 3588 2756 3648 τοῖς
2789 3589 2919 3655 περὶ
2946 3585 3176 3653 ἔρωτας·
3220 3584 3315 3636 καὶ
3367 3584 3612 3650 φυλακῆς

2029 3681 2088 3733 δὲ
2118 3678 2379 3744 ἀξιοῦται,
2415 3679 2558 3731 καθὰ
2587 3680 2680 3730 καὶ
2708 3676 2838 3745 παρ’
2868 3677 3000 3746 ἡμῖν
3029 3679 3062 3747 ἡ
3104 3676 3265 3746 κόρη,
3297 3669 3610 3741 θαλαμεύο-

2034 3770 2172 3841 μένη
2209 3770 2390 3839 ἐκείνη
2423 3769 2610 3839 ὥσπερ
2637 3773 2727 3823 καὶ
2755 3769 2892 3838 αὕτη
2920 3769 3071 3830 ἐντὸς
3107 3768 3213 3820 τῶν
3258 3767 3550 3836 βλεφάρων
3576 3781 3593 3797 ο

2033 3863 2176 3931 ἆπερ
2229 3862 2400 3932 συχνὰ
2449 3861 2738 3933 κλειόμενα
2785 3859 2882 3913 καὶ
2917 3859 3244 3928 ἀνοιγόμενα
3298 3856 3504 3927 κυρίως
3541 3856 3605 3922 τῇ

2033 3953 2298 4007 ἀναϐάσει
2351 3952 2446 4006 καὶ
2513 3951 2822 4005 καταϐάσει
2875 3949 2976 4014 τὰς
3027 3950 3194 4020 κόρας
3241 3945 3603 4015 συντηροῦσιν

2032 4044 2518 4108 ἁνεπιόουλεύτους
2550 4045 2663 4108 τοῖς
2678 4043 2876 4110 ἔξωθεν
2905 4041 3176 4113 φοϐεροῖς,
3205 4040 3238 4112 ἢ
3267 4040 3608 4107 πληκτικοῖς,

2035 4137 2068 4206 ἢ
2103 4137 2280 4200 ἄλλως
2311 4136 2735 4206 λυμαινομένοις
2791 4137 2849 4186 ὲν
2879 4133 2956 4204 τῷ
2987 4131 3433 4203 παρεισδῦεσθαιο
3465 4131 3610 4183 καθα

2038 4231 2295 4296 συντηρεί
2330 4229 2425 4281 καὶ
2462 4226 2560 4290 τὰς
2609 4227 2782 4298 κόρας
2838 4225 3144 4293 παρθένους
3187 4225 3221 4292 ἠ
3270 4223 3608 4290 θαλάμευσις

2038 4319 2143 4372 ἔσω
2179 4319 2358 4390 θυρῶν
2405 4318 2774 4386 ὲγκλειουσῶν
2811 4319 2978 4379 αὑτὰς
3027 4319 3107 4378 εἰς
3152 4314 3469 4383 δυοόρσιτον⁸
3526 4312 3607 4365 δ.δ

2039 4410 2359 4480 θαυμασίως
2391 4410 2481 4462 τὸν
2512 4410 2610 4478 τῆς
2651 4410 2960 4478 ἁγιωτάτης
2989 4409 3157 4476 κόρης
3193 4405 3482 4476 μνηστῆρα
3517 4406 3606 4456 τὸν

365 4502 548 4545 servat
589 4490 1028 4546 thalamusintra
1087 4505 1276 4564 portas
1325 4495 1680 4552 occludentes
1735 4511 1828 4551 eas
1879 4507 1925 4551 ul

2041 4499 2196 4569 ἅγιον
2228 4502 2448 4570 Ἰωσὴφ,
2480 4500 2680 4570 ἐμελψέ
2708 4516 2792 4564 τις
2824 4499 3041 4568 γοργῶς
3075 4498 3189 4566 ἅμα
3217 4499 3309 4550 καὶ
3338 4498 3607 4565 γλυκέως.

363 4581 579 4640 diﬂicile
631 4584 1063 4651 conSpiciantur.
1111 4585 1239 4642 Ideo
1301 4589 1661 4644 sanctissima:
1721 4589 1974 4659 pupillae,

2049 4592 2284 4659 φυλάξαι
2318 4593 2418 4662 τὴν
2450 4593 2719 4662 παρθένον
2753 4593 2827 4653 ὡς
2859 4592 3029 4662 κόρην
3057 4589 3361 4660 ὀφθαλμοῦ.

363 4691 613 4746 procum,
645 4690 895 4732 sanctum
929 4677 1155 4749 Josepb,
1183 4679 1382 4751 aliquis
1404 4681 1584 4736 vivide
1616 4681 1779 4736 simul
1816 4697 1880 4738 ac
1909 4687 2152 4739 suaviter
2198 4685 2514 4751 celebravit,
2551 4685 2728 4754 ipsum
2771 4684 3046 4738 custodire
3078 4684 3364 4754 virginem,
3403 4691 3460 4735 ut
3511 4697 3615 4751 pu-

365 4772 548 4842 pillam
572 4772 738 4838 oculi,
765 4773 1084 4829 concinens.

434 4863 561 4920 228.
589 4862 704 4919 Hoc
733 4876 935 4931 autem,
975 4867 1107 4936 μόνη
1138 4866 1245 4935 γὰρ
1278 4863 1426 4930 ἐντὸς
1457 4865 1720 4936 κεκρὺφει
1745 4865 1938 4934 Λόγον,

369 4953 598 5022 intelligi
645 4965 820 5024 potest
860 4955 1225 5026 veluti,pro:
1297 4956 1386 5012 illa
1435 4973 1578 5025 una;
1615 4960 1708 5012 sed
1762 4959 1940 5027 potius

369 5059 490 5115 pro,
551 5046 821 5101 seclusaa
858 5047 1113 5116 conjuge,
1169 5048 1285 5102 sive
1320 5049 1471 5114 viro;
1524 5058 1583 5103 ιιι
1636 5048 1939 5104 secun‘dum

368 5139 516 5193 istud
547 5153 565 5193 :
599 5139 766 5193 solius
797 5139 1105 5217 unigenitor
1133 5140 1396 5209 unigeniti
1420 5141 1547 5196 Filii
1581 5140 1762 5207 Pater,
1796 5141 1942 5198 sicut

369 5238 496 5285 ante
531 5229 792 5298 scriptum
827 5240 930 5298 est,
981 5232 1425 5288 accommodetur
1453 5233 1528 5288 ibi
1583 5233 1746 5287 etiam
1799 5235 1940 5292 hoc:

371 5322 544 5379 solius
570 5309 899 5390 nuigbnitrix
930 5321 1199 5392 unigenili
1245 5321 1366 5378 Filii
1401 5333 1593 5380 mater.
1634 5323 1747 5380 Hoc
1771 5339 1939 5381 vero:

370 5430 432 5468 εν
485 5415 682 5486 δίνῃσι,
705 5415 749 5470 si
777 5415 899 5485 quis
930 5430 1033 5470 non
1054 5415 1208 5486 juxta
1261 5416 1462 5472 dictam
1491 5428 1732 5474 veterem
1773 5418 1946 5475 inter-

376 5509 734 5578 pretationem
762 5509 818 5564 in
856 5507 1121 5566 feminino
1142 5525 1337 5580 genere
1357 5511 1580 5576 scribat,
1609 5512 1700 5564 sed
1728 5513 1906 5580 potius
1930 5551 1946 5577 ,

377 5604 435 5654 ὲν
459 5601 700 5666 δῗνοισιν,
730 5601 874 5671 quod
901 5601 1044 5657 idem
1071 5615 1152 5657 est
1173 5618 1237 5657 ac
1270 5604 1478 5656 viscera
1513 5603 1626 5656 sive
1659 5601 1944 5666 intestina,

379 5687 554 5742 ionice
578 5690 846 5758 poeticum
907 5697 1010 5755 est,
1058 5689 1199 5745 sicut
1244 5698 1401 5745 antea
1431 5690 1493 5742 τδ
1521 5691 1577 5743 ὲν
1631 5691 1944 5762 γλώσσῃσιν

381 5779 807 5856 ουιγλώσσαιςς
843 5793 894 5840 et
915 5783 1142 5840 inferius
1176 5799 1192 5838 :
1221 5783 1529 5854 κλισμοῖσιν
1549 5793 1642 5840 aut
1676 5785 1946 5856 κλισμοῒς.

2117 4864 2344 4934 σκη’.Τὸ
2370 4863 2426 4916 δὲ
2451 4892 2471 4902 -
2492 4863 2624 4934 μόνη
2645 4863 2754 4931 γὰρ
2778 4861 2928 4924 ἐντὸς
2949 4859 3216 4930 κεκρύφει
3233 4859 3430 4926 λόγον-
3446 4859 3613 4948 νοοῖτο

2047 4958 2148 5027 μὲν
2177 4957 2242 5010 ἂν
2277 4955 2374 5008 καὶ
2400 4955 2520 5008 ἀντὶ
2550 4956 2645 5008 τοῦ
2681 4957 2779 5024 μία
2817 4953 2976 5022 αὐτὴ,
3012 4955 3252 5023 μάλιστα
3280 4953 3337 5005 δὲ
3371 4953 3491 5004 ἀντὶ
3519 4949 3610 5001 τοῦ

2048 5049 2410 5119 μεμονωμένη
2441 5047 2534 5100 τοῦ
2591 5045 2976 5116 συζυγοῦντος,
3013 5046 3074 5109 ὃς
3115 5047 3268 5099 ἐστιν
3302 5046 3443 5114 ἀνήρ
3465 5060 3479 5076 ο
3525 5041 3611 5096 ἵνα

2046 5139 2190 5191 κατὰ
2221 5137 2300 5205 τὸ,
2341 5138 2503 5206 μόνου
2538 5139 2938 5208 μονογεννῆτορ
2988 5135 3312 5207 μονογενοῦς
3339 5135 3469 5189 Υίοῦ
3506 5132 3618 5186 Πά-

2045 5247 2162 5300 τερ,
2189 5229 2264 5293 ὡς
2293 5229 2388 5300 καὶ
2412 5231 2854 5300 προγέγραπται,
2885 5229 3248 5300 προσαρμόσει]
3273 5229 3371 5281 καὶ
3394 5222 3496 5282 ὦδε
3524 5226 3612 5291 τὸ,

2050 5323 2212 5390 μόνου
2245 5323 2671 5392 μονογεννήτρια
2726 5320 3050 5391 μονογενοῦς
3109 5319 3244 5373 Υἱοῦ
3298 5320 3523 5390 μήτηρο
3551 5315 3616 5368 τὺ

2046 5415 2126 5481 δὲ,
2155 5416 2212 5466 ὲν
2239 5414 2437 5486 δίνῃσι,
2474 5412 2526 5467 cf
2545 5429 2629 5477 τις
2652 5413 2712 5466 οὐ
2741 5413 2884 5466 κατὰ
2910 5413 3010 5482 τὴν
3047 5412 3352 5481 εἰρημένην
3388 5409 3621 5464 παλαιὰν

2051 5507 2314 5576 ἐξήγησιν
2341 5506 2400 5558 ὲν
2432 5505 2582 5574 γένει
2629 5503 2828 5574 γράψει
2863 5502 3104 5576 θηλυκῷ,
3131 5502 3269 5557 ἀλλὰ
3298 5502 3500 5573 μᾶλλον
3526 5501 3620 5553 ιν-

2052 5599 2300 5664 δίνοισιν,
2321 5597 2350 5650 ὃ
2381 5597 2576 5650 ταυτόν
2595 5599 2712 5650 ἐστι
2735 5595 2813 5669 τῷ
2843 5597 3237 5668 σπλάγχνοισιν
3258 5596 3290 5667 ἢ
3320 5594 3620 5664 ιγκάτοισι,

2057 5689 2340 5760 ποιητικόν
2393 5689 2544 5740 ἐστιν
2582 5688 2853 5752 ίιιι›νικι”ιῖ›ς⁹
2880 5689 3025 5743 καθὰ
3077 5688 3185 5753 πρὸ
3235 5685 3402 5740 αὐτοῦ
3435 5684 3518 5748 τὸ,
3561 5684 3622 5734 ὲν

2057 5781 2370 5852 γλώσσῃσιν
2404 5780 2570 5852 ἤγουν
2601 5779 2899 5851 γλώσσαις,
2935 5783 3029 5836 καὶ
3061 5779 3358 5847 κατωτέρω
3413 5780 3468 5833 τὸ
3497 5775 3616 5831 xit-
