3966 6248
403 375 512 438 733

1193 382 1276 442 ΙΝ
1307 383 1642 446 HYMNUM
1691 387 2334 450 PENTECOSTALEM
2378 391 2836 456 DAMASCENI.

3513 380 3636 457 ’734

403 472 622 559 σμοῖσιν
646 493 810 578 ἤγουν
836 495 1084 566 κλισμοτς
1109 511 1122 527 ⁶
1163 499 1448 569 οὐδετέρου
1475 500 1534 554 δὲ
1565 501 1753 567 γένους
1781 502 1843 555 τὸ
1881 503 1969 553 ὲν-

2069 503 2339 577 Neutralis
2379 521 2504 559 vero
2538 507 2752 576 generis
2778 515 2863 562 est
2915 505 2976 559 τδ
3011 505 3324 571 ὲνδίνοισιν,
3349 509 3503 578 cujus
3534 526 3634 562 nn-

400 582 651 648 δίνοισιν,
679 577 741 640 οὗ
788 587 971 640 εὐθεῖα
1020 588 1081 642 τὸ
1115 583 1335 655 ενδινον,
1372 590 1467 644 τοῦ
1515 593 1720 646 ὲνδένου
1745 607 1760 624 ⁸
1797 593 1974 646 ἔνδινα

400 675 458 727 δὲ
485 676 632 738 τινὲς
669 678 770 744 μὲν
818 681 882 730 τὰ
920 679 1111 748 ἔντερα
1146 677 1315 740 εἷπον,
1365 682 1440 744 ὡς
1489 678 1598 736 οἷον
1641 684 1786 738 ἔνδον
1827 683 1969 751 ἶνας,

399 765 486 818 διὰ
511 767 572 818 τὸ
603 767 724 819 κατ’
750 768 891 822 αὐτὰ
909 772 1198 837 νευρῶδες·
1222 775 1271 825 οἱ
1298 775 1353 826 δὲ
1379 775 1758 845 ἀκριϐέστεροι
1781 778 1971 840 ἁπλῶς

400 858 474 910 τὰ
502 859 772 927 ἔντόσθια,
821 855 898 918 ῶν
929 865 1027 916 καὶ
1070 868 1103 934 ἠ
1139 866 1301 934 νηδὺς
1338 868 1432 920 καὶ
1464 870 1495 937 ὴ
1546 868 1759 938 γαστὴρ
1791 871 1884 923 καὶ
1937 871 1970 938 ὴ

404 952 610 1021 μήτρα·
649 956 681 1022 ἡ
726 955 782 1006 δὲ
815 958 1012 1025 χρῆσις
1042 957 1143 1026 τῆς
1192 958 1389 1023 λέξεως
1435 960 1639 1026 ταύτης
1671 962 1762 1013 ἐπὶ
1793 962 1870 1030 τῷ
1914 964 1974 1014 ἐν

403 1044 632 1115 Ἕλλησι
666 1048 816 1115 σοφῴ
849 1053 1044 1118 ποιητῇ
1090 1051 1148 1101 ὲν
1182 1050 1256 1117 τῷ
1278 1079 1305 1089 -
1327 1051 1385 1113 ὃς
1417 1051 1471 1103 δὲ
1497 1052 1695 1119 ψαύσει
1731 1055 1973 1108 ἐνδίνων-

401 1135 570 1204 ἧγουν
618 1139 764 1202 ὅστις
796 1141 1086 1202 ἀκοντίσας
1120 1141 1322 1211 ψαύσει
1355 1142 1462 1196 τῶν
1493 1145 1760 1212 ὲγκίτων,
1799 1147 1974 1202 διελά-

402 1241 501 1287 σας
532 1227 635 1289 ἕως
666 1229 784 1280 ἐκεῖ
816 1231 876 1282 τὸ
901 1230 1054 1298 δόρυ.

489 1319 625 1373 axi)’.
653 1321 729 1374 Τὸ
761 1323 815 1374 δὲ
847 1327 1112 1395 κεκρύφει
1149 1327 1406 1392 Ἀττικῶς
1439 1331 1652 1400 ἐγράφη
1680 1330 1815 1399 μετά
1841 1332 1971 1402 μιᾶς

402 1412 707 1482 αὐξήσεως,
756 1414 830 1478 ὡς
862 1418 917 1469 εἰ
957 1435 1042 1482 τις
1089 1419 1242 1472 εἴποι
1275 1422 1500 1489 τετύφει
1527 1439 1540 1453 ·
1585 1425 1646 1475 τὸ
1683 1425 1738 1476 δὲ
1773 1425 1970 1487 κοινῶς

401 1511 619 1571 ἐντελὲς
650 1510 948 1581 ἐκεκρύφει
984 1511 1126 1565 καθά
1167 1514 1261 1565 καὶ
1291 1513 1542 1582 ἐτετύφει
1562 1530 1578 1546 ·
1610 1514 1658 1566 el
1687 1514 1743 1567 δὲ
1784 1517 1848 1568 ὲκ
1876 1513 1970 1567 τοῦ

400 1600 655 1654 τοιούτου
685 1600 1010 1669 κεκρύφειλό
1045 1603 1387 1673 κεκρύφαὶος
1421 1605 1629 1672 γίνεται
1659 1607 1970 1673 γυναικεῖος

400 1695 631 1762 κόσμος,
667 1693 820 1747 οὐδὲν
851 1695 982 1748 αὐτὸ
1030 1696 1168 1765 πρὸς
1209 1697 1277 1748 τὰ
1321 1697 1586 1764 παρόντα.
1659 1697 1969 1752 Ἀλθαίνειν

396 1782 456 1835 δὲ
496 1782 710 1848 λέγεται
757 1786 820 1837 τδ
855 1784 1206 1855 θεραπεύειν,
1263 1786 1359 1852 ἀφ’
1392 1786 1579 1840 οὔκαὶ
1610 1788 1643 1854 ἡ
1691 1787 1970 1857 παναλθὴς
2001 1830 2041 1887 Β

395 1876 459 1926 τδ
487 1874 654 1928 καλὸν
687 1876 978 1944 φάρμακον
1007 1895 1022 1909 ·
1060 1878 1270 1945 γίνεται
1309 1878 1363 1931 δὲ
1412 1880 1560 1949 παρὰ
1590 1879 1648 1932 τὸ
1686 1879 1965 1936 ἅλλεσθαι.

397 1967 523 2027 Τοῖς
577 1967 676 2036 μὲν
724 1969 834 2038 γὰρ
882 1967 1098 2022 νοτοῦσι
1149 1969 1451 2039 τηκόμενον
1501 1971 1562 2023 τὸ
1623 1970 1782 2038 σῶμα
1833 1987 1972 2039 συμ-

395 2059 612 2112 πεπτει·
637 2060 707 2112 τὰ
735 2059 791 2112 δὲ
825 2058 934 2114 τῶν
970 2059 1320 2129 ὑγιαινόντων
1358 2061 1637 2123 ἐξάλλεται
1669 2056 1782 2116 οἷον
1813 2061 1970 2125 αὐξό-

397 2165 536 2218 μενα
585 2151 680 2202 καὶ
711 2149 1043 2220 ὲξαιρόμενα
1091 2149 1347 2220 ζωογύνῳ
1391 2150 1663 2216 πνεύματι
1713 2150 1967 2222 φυσικῷ·

390 2240 475 2292 διὸ
509 2241 738 2304 ἀστείως
769 2243 820 2294 οἱ
849 2242 1068 2295 παλαιοὶ
1101 2243 1276 2308 σοφοὶ,
1310 2240 1454 2295 καθὰ
1502 2241 1597 2294 καὶ
1627 2242 1969 2311 προείρηται,

329 2373 334 2378 .
391 2331 496 2401 τὴν
538 2333 699 2400 φύσιν
738 2333 887 2400 παρὰ
917 2333 976 2386 τὸ
1008 2335 1184 2404 φυσᾷν
1214 2333 1423 2398 ἀξιοῦσι
1452 2335 1728 2403 παρῆχθαι
1750 2349 1769 2368 ⁸
1797 2335 1878 2388 ὅτι
1915 2334 1970 2388 δὲ

391 2421 455 2473 τὺ
486 2422 761 2476 ἀλδαίνειν
791 2425 882 2477 καὶ
917 2423 1178 2477 ἄλοεσθαι
1214 2424 1456 2492 λέγεται,
1487 2425 1610 2478 ὅθεν
1640 2426 1736 2478 καὶ
1768 2425 1967 2479 ἀλθαία

393 2515 455 2569 τὸ
489 2516 676 2584 φυτὸν,
713 2517 805 2569 καὶ
834 2515 1025 2586 κύριον
1051 2515 1106 2570 δὲ
1138 2516 1330 2585 ὄνομα,
1368 2519 1518 2588 δηλοῖ
1546 2519 1642 2570 καὶ
1691 2519 1718 2570 6
1754 2518 1970 2588 γράψας

391 2609 475 2672 τὸ,
511 2607 741 2677 ἇλθητος
770 2609 825 2661 δὲ
855 2608 998 2678 χείρ.
1059 2609 1178 2679 Χρὴ
1210 2610 1266 2662 δὲ
1312 2610 1818 2679 παρασημήνασθαι
1871 2610 1968 2664 νῦν

393 2699 478 2752 ὅτι
509 2699 754 2753 ἀλθαίνει
779 2701 878 2768 τὴν
900 2699 1154 2770 βροτείαν
1184 2701 1345 2770 φύσιν
1372 2703 1399 2755 6
1418 2703 1643 2774 Κύριος,
1673 2704 1768 2756 καὶ
1791 2701 1969 2765 ἄλλως

395 2791 522 2858 μὲν,
559 2790 793 2860 μάλιστα
818 2791 874 2844 δὲ
907 2793 1068 2862 εἴπερ
1102 2793 1238 2860 αὑτὴ
1269 2793 1671 2862 θεραπεύεσθαι
1720 2793 1966 2863 σπεύδει,

392 2881 486 2934 ὅτε
514 2882 606 2934 καὶ
636 2882 903 2947 παναλθὲς
931 2885 1066 2956 αὐτῇ
1098 2885 1394 2955 φάρμακον
1426 2886 1604 2941 ικεῖνὸ
1633 2889 1806 2943 ἔστιν.

2077 595 2366 649 minativus
2393 603 2479 650 est
2530 597 2750 659 ἐνδινον,
2780 596 2946 666 genit.
2991 595 3215 652 ίνδίνου.
3258 597 3474 652 Ἕνδινα
3504 615 3637 654 vero

2074 685 2294 752 quidam
2327 685 2394 738 τὰ
2423 685 2619 752 ἔντερα
2647 685 2925 750 dixerunt,
2955 695 3205 754 tanquam
3229 684 3379 738 ἔνδον
3401 681 3543 747 ἶνας,
3569 701 3636 740 eo

2073 778 2218 846 quod
2246 791 2478 830 nervosa
2510 786 2681 840 sunt;
2710 775 3080 830 accuratiores
3125 783 3307 829 autem
3371 774 3636 844 simplici-

2074 875 2157 921 ter
2178 867 2246 920 τὰ
2278 867 2544 929 ὲντόσθια,
2569 881 2802 936 quorum
2833 875 2961 922 sunt
2989 877 3198 930 venter,
3228 875 3418 920 uterus
3444 876 3496 926 et
3521 881 3636 920 ma-

2074 960 2204 1014 trix.
2234 959 2406 1027 Hujus
2465 967 2649 1012 autem
2711 958 2970 1013 dictionis
3027 972 3158 1011 usus
3193 956 3445 1020 ,hahetnr
3494 957 3636 1025 apud

2075 1060 2286 1120 poetam
2315 1052 2367 1104 in
2408 1049 2609 1104 Graecis
2633 1050 2929 1117 sapientem
2959 1049 3011 1101 in
3044 1050 3144 1102 hoc
3181 1065 3193 1101 :
3252 1047 3312 1111 ὃς
3355 1049 3410 1103 δὲ
3436 1047 3636 1116 ψαύσει

2072 1141 2312 1204 ἐνδίνων,
2347 1141 2462 1194 sive
2513 1141 2830 1208 quicunque
2887 1137 3138 1206 jaculans
3175 1137 3414 1208 attigerit
3461 1139 3637 1193 visce-

2073 1249 2154 1296 ra,
2179 1234 2463 1302 hucusque
2488 1231 2724 1286 lanceam
2754 1230 2998 1299 inﬁgens.

2140 1326 2266 1381 29.9.
2298 1323 2411 1378 Hoc
2439 1334 2620 1378 autem
2673 1323 2940 1393 κεκρύφει
2994 1323 3176 1378 Attice
3229 1323 3487 1392 scriptum
3549 1332 3637 1378 est

2072 1433 2192 1473 cum
2215 1432 2322 1472 uno
2338 1422 2648 1483 augmento,
2677 1424 2928 1484 tanquam
2945 1413 2992 1470 si
3025 1415 3148 1482 quis
3164 1414 3369 1471 diceret
3389 1413 3630 1482 τετύφειε

2072 1506 2248 1561 forma
2284 1519 2413 1560 vero
2453 1505 2757 1558 communis
2796 1504 3003 1572 integra
3052 1513 3138 1559 est
3163 1492 3457 1572 ὲκεκρυφει
3495 1503 3636 1558 sicut

2070 1598 2344 1664 ἑτετύφει.
2402 1594 2556 1662 Quod
2587 1595 2632 1650 si
2682 1609 2812 1650 vero
2857 1609 2926 1649 ex
2989 1594 3304 1664 hujusmodi
3344 1595 3634 1663 κεκρύφει.

2071 1689 2218 1744 venit
2255 1685 2621 1758 κεκρύφαλος,
2666 1683 2931 1740 muliebre
2959 1694 3372 1750 ornamentum,
3402 1683 3536 1737 nihil
3570 1683 3638 1737 ad

2071 1794 2309 1850 praesens
2327 1779 2429 1832 hoc
2459 1778 2670 1832 attinet.
2697 1777 2901 1832 Curare
2929 1791 3059 1832 vero
3100 1777 3300 1831 dicitur
3340 1775 3636 1836 ἀλθαίνειν,

2073 1884 2102 1922 a
2151 1883 2262 1939 quo
2303 1869 2450 1924 venit
2487 1870 2520 1937 ἡ
2553 1867 2850 1938 παναλθὴς,
2900 1867 2953 1922 id
2997 1873 3100 1930 est,
3152 1866 3355 1921 bonum
3407 1866 3638 1920 medica-

2073 1971 2340 2016 mentum.
2404 1958 2689 2016 Derivatur
2720 1969 2899 2014 autem
2938 1973 3003 2012 ex
3033 1957 3291 2012 ἅλλεσθαι
3326 1970 3634 2028 :zegrutan-

2074 2051 2215 2108 tibus
2233 2051 2378 2105 enim
2412 2059 2667 2121 tanquam
2728 2057 3062 2104 maceratum
3113 2048 3348 2104 concidit
3391 2063 3634 2119 corpus;

2071 2158 2194 2213 quae
2221 2157 2350 2198 vero
2375 2157 2633 2198 sanorum
2670 2150 2800 2198 sunt
2825 2141 3092 2196 exsiliunt
3120 2149 3380 2213 tanquam
3417 2151 3634 2198 accreta
3700 2187 3707 2196 .

2073 2232 2402 2303 physicoque
2428 2232 2622 2300 spiritu
2651 2231 2868 2287 viviﬁco
2900 2230 3062 2285 elata.
3103 2229 3232 2286 Ideo
3277 2229 3466 2286 festive
3493 2230 3638 2302 sapi-

2071 2332 2226 2379 entes
2248 2323 2480 2390 antiqui,
2504 2323 2652 2376 sicut
2685 2322 2886 2376 dictum
2915 2330 3020 2382 est,
3063 2321 3164 2390 τὴν
3214 2319 3376 2388 φύσιν
3403 2336 3430 2373 a
3475 2323 3636 2374 verbo

2073 2415 2250 2486 φυσᾷν
2285 2413 2516 2483 (inﬂare)
2567 2413 2866 2466 derivatam
2897 2410 3230 2466 existimant.
3264 2410 3419 2476 Quod
3455 2422 3634 2461 autem

2071 2506 2131 2559 τὸ
2161 2505 2437 2559 ἀλθαίνειν
2455 2506 2616 2558 etiam
2640 2502 2901 2556 ἀλθεσθαι
2919 2502 3137 2563 dicitur.
3159 2501 3302 2555 unde
3315 2509 3397 2556 cst
3416 2499 3633 2564 ἀλθαὶα,

2071 2613 2245 2667 genus
2306 2596 2640 2666 plantarum,
2687 2602 2743 2649 et
2795 2593 3072 2664 proprium
3128 2607 3349 2658 nomen,
3399 2592 3637 2646 ostendit

2070 2689 2158 2744 ille
2179 2688 2270 2757 qui
2302 2687 2520 2756 scripsit
2553 2704 2566 2739 :
2593 2686 2822 2756 ἀλθητος
2857 2685 2913 2738 δὲ
2945 2685 3092 2754 χείρ.
3143 2683 3300 2739 Nunc
3337 2691 3520 2739 autem
3552 2693 3637 2739 est

2069 2783 2324 2844 praeterea
2352 2773 2654 2830 notandum
2687 2773 2832 2844 quod
2891 2773 3135 2826 ἁλθαινει
3185 2773 3386 2845 (sanat)
3429 2782 3635 2829 morta-

2070 2867 2176 2924 lem
2207 2875 2459 2921 naturam
2508 2865 2792 2931 Dominus,
2838 2865 3001 2919 etiam
3055 2863 3214 2928 alias,
3250 2865 3344 2919 sed
3395 2865 3632 2921 maxime

2067 2975 2191 3017 cum
2223 2959 2362 3030 ipsa,
2393 2957 2619 3029 quando
2649 2955 2988 3012 medicamen
3039 2955 3181 3014 istud
3208 2956 3476 3026 optimum
3529 2956 3632 3028 ipsi

2067 3051 2247 3118 datur,
2282 3048 2468 3106 sanari
2494 3048 2740 3106 festinat.

465 3151 566 3204 σλθ.
611 3150 812 3204 ’ἰστέον
843 3151 900 3205 δὲ
946 3152 1027 3206 ὅτι
1081 3150 1287 3224 κρύψαι
1334 3153 1436 3226 τὴν
1471 3154 1745 3223 παρθένον
1786 3155 1958 3212 εἰπὼν
1989 3165 2034 3226 c
2135 3144 2262 3200 εὖοο
2298 3141 2590 3200 δεῖθηάυίη
2618 3149 2801 3196 amem
2838 3138 2981 3209 (1³οά
3037 3139 3306 3208 νῐτεῖιιθω
3353 3137 3409 3192 δη
3463 3136 3637 3192 νῖεεθ·

393 3243 453 3295 ἐν
486 3242 674 3295 δῖνοισι
731 3243 921 3310 Λόγον,
973 3245 1322 3316 διερμηνεύει
1382 3246 1616 3315 ᾂνταῦθα
1661 3248 1784 3302 τῑνα
1821 3252 1958 3319 φησὶ

390 3331 590 3400 Λόγον·
625 3331 751 3386 οὔτε
785 3333 918 3400 γοῦν
966 3332 1124 3402 λόγον
1160 3335 1252 3388 τὸν
1291 3337 1483 3401 κοινῶς
1516 3339 1894 3409 προαγόμενον
1923 3340 1956 3410 ἢ

388 3425 551 3479 ἄλλον
577 3425 698 3478 τινὰ
724 3425 910 3495 ὅμοιον
932 3428 1080 3494 αὐτῷ
1110 3429 1288 3482 εἰπεῖν
1320 3428 1488 3492 ἔστιν,
1518 3431 1589 3494 ὡς
1617 3433 1738 3486 οὐδὲ
1765 3433 1825 3486 ὲν
1857 3432 1954 3502 τῷ,

389 3517 620 3587 Πνεῦμα
651 3519 964 3586 ὲγκαῑνισον
992 3521 1049 3572 ὲν
1075 3522 1188 3583 τοῖς
1217 3522 1492 3590 ὲγκάτοις,
1525 3525 1704 3579 κοινόν
1732 3543 1786 3579 τι
1822 3529 1960 3581 νοεῖ-

384 3625 479 3662 ¹ται
514 3608 758 3675 πνεῦμα,
791 3609 912 3662 οὐδὲ
943 3611 1051 3680 μὴν
1080 3611 1172 3664 τὸν
1215 3613 1358 3695 κρτά
1409 3614 1625 3680 γένεσιν
1656 3633 1960 3686 σπερματι-

387 3701 504 3767 adv,
535 3700 594 3754 ὃν
622 3701 671 3753 οἱ
703 3703 922 3768 φυσικοὶ
949 3719 1052 3755 κατ
1065 3704 1278 3770 έλαϐον,
1333 3705 1470 3760 ἀλλὰ
1498 3707 1588 3760 τὸν
1617 3709 1712 3761 τοῦ
1745 3710 1958 3777 nam;

385 3793 525 3845 Θεοῦ
553 3794 641 3846 τὸν
670 3794 1011 3860 ὑπερούσιον·
1037 3789 1097 3848 ού
1133 3797 1298 3866 ἔργον
1326 3800 1422 3852 καὶ
1454 3799 1516 3852 τὸ
1561 3799 1826 3854 νοσοῦσαν
1865 3802 1958 3854 ἀλ-

387 3884 595 3937 θαίνειν
629 3885 728 3955 τὴν
761 3884 922 3954 φύσιν
976 3887 1154 3958 ἡμῶν·
1203 3888 1479 3944 ἀλθαινειν
1517 3890 1608 3957 δὲ,
1662 3894 1960 3962 προσφυῶς

385 3977 557 4045 αὐτῷ·
588 3979 872 4047 προσφυὲς
909 3980 967 4034 δὲ
1000 3982 1216 4049 ἐκεινῳ,
1249 3982 1311 4035 τὸ
1339 3982 1526 4046 καθὼς
1566 3984 1778 4048 ἀκούει,
1816 3985 1960 4039 οὕτω

385 4071 481 4122 καὶ
507 4069 798 4139 ἰατρεύειν·
825 4071 1009 4126 ἀκούει
1031 4072 1086 4125 δὲ
1105 4073 1385 4126 τουτέστιν
1413 4073 1738 4142 ὀνομάζεται
1760 4077 1956 4146 Λόγος⁸

383 4161 582 4215 οὐκοῦν
607 4162 746 4232 λόγῳ
780 4167 875 4217 καὶ
903 4165 1165 4233 ἰατρεύει⁸
1203 4163 1279 4226 ὡς
1313 4165 1614 4236 ἐθάρρησεν
1643 4167 1673 4219 6
1715 4168 1959 4238 φάμενος

385 4254 498 4307 τὸ·
520 4255 654 4309 Εἰπὲ
685 4254 864 4323 λόγον,
921 4256 1016 4309 καὶ
1059 4256 1342 4326 ἰαθήσεται
1385 4257 1414 4308 6
1461 4258 1656 4311 νοσῶν·
1681 4287 1706 4299 -
1733 4259 1827 4313 καὶ
1881 4260 1958 4323 ὡς

383 4344 650 4415 ἔπειρὰοη
689 4348 716 4399 ὁ
773 4347 1105 4416 παράλυτος,
1153 4349 1250 4402 καὶ
1299 4348 1375 4408 ὡς
1429 4347 1630 4418 ἀνέστη
1676 4349 1958 4419 κληθεὶςὸ

381 4437 635 4507 Λάζαρος
661 4452 678 4470 ⁸
716 4438 860 4492 ἰᾶται
908 4439 967 4492 δὲ
1013 4440 1041 4493 6
1087 4439 1279 4509 Σωτὴρ
1319 4441 1616 4507 πάγκοινος
1659 4442 1844 4511 ἰατρὸς
1889 4441 1953 4496 οὐ

2023 3286 2027 3290 ,
2061 3237 2213 3293 ribus
2225 3235 2459 3291 Verbum
2488 3231 2842 3289 abscondisse
2869 3231 3079 3298 dicens,
3097 3233 3480 3301 interpretatur
3496 3229 3638 3300 quod

2059 3329 2134 3385 ibi
2183 3327 2412 3383 Verbum
2443 3325 2612 3381 dicat.
2647 3321 2767 3378 Non
2807 3320 3098 3378 dicendum
3149 3333 3235 3377 est
3302 3319 3467 3390 igitur
3514 3333 3637 3375 esse

2058 3425 2282 3480 verbum
2317 3435 2610 3478 commune
2647 3419 2731 3474 vel
2762 3417 2908 3474 aliud
2955 3417 3062 3491 ipsi
3118 3415 3318 3482 simile,
3380 3426 3634 3486 tanquam

2057 3519 2113 3573 in
2139 3519 2286 3573 hoc:
2321 3515 2586 3586 Spiritum
2616 3515 2818 3569 innova
2862 3511 2920 3566 in
2940 3509 3262 3576 visceribus,
3286 3523 3394 3563 non
3443 3508 3638 3576 aliquis

2057 3607 2368 3664 communis
2395 3605 2621 3675 spiritus
2653 3601 3001 3673 intelligitur;
3032 3616 3133 3656 nec
3160 3601 3322 3656 etiam
3355 3599 3483 3656 illud
3530 3614 3628 3667 ge-

2059 3697 2356 3752 nerationis
2389 3694 2802 3763 spermaticum,
2835 3690 2978 3762 quod
3006 3691 3217 3762 physici
3240 3690 3632 3760 cogitaverunt.

2059 3786 2154 3844 sed
2191 3785 2431 3842 Verbum
2493 3784 2588 3839 Dei
2659 3781 2837 3838 Patris
2881 3780 3405 3851 supersubstantiale
3435 3793 3450 3845 ;
3477 3777 3635 3847 cujus

2057 3893 2195 3950 Opus
2212 3887 2296 3934 εει
2311 3887 2568 3948 aegrotum
2591 3889 2788 3930 sanare
2813 3881 3064 3928 naturam
3083 3881 3348 3936 nostram,
3368 3879 3422 3924 et
3440 3883 3636 3924 sanare

2055 3977 2222 4038 prout
2241 3966 2342 4034 ipsi
2368 3964 2616 4020 naturale
2640 3971 2746 4019 est.
2772 3960 3028 4016 Naturale
3059 3970 3240 4014 autem
3273 3965 3358 4014 est
3387 3957 3462 4026 ei,
3492 3957 3636 4010 sicut

2057 4059 2226 4126 audit,
2240 4059 2320 4114 sic
2335 4067 2388 4114 et
2403 4071 2618 4119 sanare;
2631 4056 2779 4110 audit
2794 4053 3056 4117 autem,id
3073 4059 3154 4108 est
3175 4050 3483 4106 nominatur
3502 4045 3634 4105 Ver-

2058 4153 2186 4208 bum
2205 4166 2219 4204 :
2241 4151 2409 4221 igitur
2431 4148 2604 4205 verbo
2621 4162 2841 4220 quoque
2858 4145 3125 4209 medetur,
3144 4141 3286 4198 sicut
3303 4142 3525 4197 ﬁdenter
3554 4150 3635 4195 te-

2057 4242 2177 4296 nuit
2194 4241 2282 4295 ille
2294 4241 2387 4310 qui
2410 4239 2549 4293 dixit
2571 4256 2586 4294 :
2610 4237 2702 4292 Dic
2723 4235 3030 4299 vcrbum,et
3045 4232 3326 4288 sanabitur
3341 4245 3630 4303 mgrmans;

2056 4340 2112 4387 et
2133 4331 2272 4387 sicut
2290 4339 2546 4400 expertus
2566 4337 2650 4382 est
2689 4326 3041 4398 paralyticus,
3059 4332 3112 4378 et
3128 4323 3267 4378 sicut
3282 4320 3519 4377 surrexit
3541 4334 3632 4374 vo-

2055 4433 2213 4479 catus
2241 4421 2505 4477 Lazarus.
2533 4419 2703 4475 Sanat
2729 4427 2910 4472 autem
2945 4414 3213 4479 Salvator,
3247 4412 3488 4468 medicus
3517 4427 3634 4466 om-

381 4506 572 4582 τούσδε
603 4529 636 4601 ἢ
667 4530 932 4595 ἐκείνους,
958 4529 1097 4582 ἀλλὰ
1121 4506 1590 4602 τὴν-ἀνθρωπίνην
1612 4506 1951 4603 ὅλην-φύσιν
1979 4523 1981 4582 ί

2066 4518 2224 4572 nibus
2253 4513 2584 4581 communis,
2617 4526 2726 4566 non
2761 4509 2864 4565 hos
2897 4509 2983 4564 vel
3013 4509 3156 4572 illos,
3182 4509 3279 4563 sed
3337 4506 3628 4560 humanam

383 4623 464 4684 εἰς
484 4620 540 4675 δὲ
572 4621 654 4686 τὺ,
683 4621 882 4684 Καθὼς
902 4621 1094 4675 ἀκούει
1119 4622 1263 4675 οὕτω
1296 4624 1391 4676 καὶ
1417 4623 1682 4694 ἰατρεύει,
1714 4625 1958 4696 ἐνθυμη-

381 4713 505 4766 τέον
528 4713 610 4778 τὸ,
643 4711 842 4776 Καθὼς
880 4713 1084 4777 ἀκούω,
1115 4714 1307 4783 κρίνω,
1333 4712 1429 4766 καὶ
1457 4714 1606 4784 ἑξῆς.
1647 4716 1857 4772 ’Λκούω
1897 4715 1956 4770 δὲ

2059 4620 2314 4667 naturam
2345 4617 2534 4662 totam.
2567 4606 2758 4660 Relate
2783 4617 2911 4658 vero
2964 4601 3032 4664 ad
3062 4603 3164 4656 hoc
3194 4617 3207 4655 :
3249 4598 3403 4684 Sicut
3453 4597 3628 4661 audit,

2057 4702 2137 4756 sic
2164 4709 2353 4766 sanat;
2389 4693 2798 4764 recogitandum
2853 4699 2936 4746 est
2992 4687 3184 4745 istud:
3227 4687 3383 4743 Sicut
3443 4685 3627 4750 audio,

382 4775 612 4865 δίκαιος,
665 4775 893 4864 δικαῑιυς
923 4803 1032 4870 ἄρα
1063 4775 1235 4871 κρίνω
1260 4775 1302 4836 ’⁷
1325 4805 1423 4856 καὶ⁸
1469 4775 1513 4873 ἡ.
1542 4775 1740 4874 ’κρίσις
1771 4807 1806 4876 ὴ
1841 4806 1952 4876 ἐμὴ

2066 4792 2270 4858 iudico,
2309 4799 2415 4845 etc.
2444 4786 2620 4842 Audio
2651 4798 2778 4838 vero
2827 4783 3011 4853 justus
3042 4781 3223 4851 ;juste
3260 4777 3487 4849 proinde
3541 4775 3632 4846 ju-

383 4893 569 4946 δικαία
600 4895 740 4947 ἐστι·
769 4893 929 4961 δῆλον
960 4894 1019 4947 δὲ
1051 4893 1125 4954 ὡς
1155 4892 1216 4946 τὸ
1247 4893 1521 4946 ἀλθαίνειν
1550 4894 1650 4964 τὴν
1681 4893 1790 4948 τῶν
1820 4894 1953 4964 βρο-

383 4987 492 5038 τῶν
513 4983 678 5054 φύσιν
700 4984 835 5055 πρὸς
853 4984 1142 5055 διαστολὴν
1166 4985 1366 5057 ἐρρέθη
1385 4985 1494 5039 τῶν
1518 4986 1764 5056 μερικῶς
1793 4985 1954 5058 θερα-

383 5076 686 5131 πευόντων.
1325 5083 1328 5089 ’

457 5165 596 5221 σλαν.
630 5166 768 5238 Περὶ
797 5166 856 5220 δὲ
880 5167 1074 5239 θρόνου
1105 5166 1252 5221 θείου
1279 5165 1454 5232 δεξιοῦ
1487 5165 1808 5236 ἀρκούντως
1833 5163 1957 5232 sque

383 5259 697 5328 λοσόφησαν
725 5261 774 5313 οἱ
807 5260 977 5328 ἅγιοι·
1011 5261 1074 5332 ἐξ
1097 5255 1172 5314 ὧν
1196 5260 1292 5314 καὶ
1316 5260 1497 5313 αὐτῶν
1524 5258 1718 5330 ἔχομεν
1756 5256 1958 5328 φιλητά

389 5351 490 5418 μὲν
538 5351 917 5420 εὖαγγιλικῶς
965 5353 1032 5405 τὰ
1083 5353 1231 5408 δεξιὰ
1260 5347 1426 5418 εἶναι,
1477 5351 1750 5406 ἀνάπαλιν
1779 5350 1834 5404 δι
1885 5350 1956 5403 τὰ

385 5441 653 5511 ἀριστερά
691 5441 815 5498 ὅθεν
835 5442 982 5506 λαιὸς
1007 5459 1091 5505 τις
1119 5442 1216 5494 καὶ
1251 5443 1615 5512 ἐπαρίστερος
1649 5440 1952 5496 ἔσκωπται·

351 5533 434 5583 .sl
466 5533 524 5586 δὲ
568 5533 874 5586 ἁποδεκτέα
921 5529 1062 5587 εἶναι
1102 5534 1303 5603 μᾶλλον
1353 5536 1423 5586 τὰ
1473 5533 1643 5599 δεξιὰ,
1680 5533 1956 5602 χρήσιμον

350 5661 353 5664 -
383 5625 451 5677 ὲκ
479 5625 590 5678 τῶν
620 5625 886 5688 παλαιῶν,
922 5627 1016 5680 καὶ
1037 5627 1114 5689 τὸ,
1145 5625 1390 5696 Ἐπλὴγη
1417 5625 1463 5678 τ’
1496 5625 1760 5688 ἐπιδέξια,
1789 5621 1956 5696 mw

381 5719 451 5770 τὰ
483 5718 676 5785 καίρια
703 5717 865 5787 -μέρη
897 5717 990 5770 τοῦ
1037 5717 1310 5787 σώματος·
1339 5719 1438 5770 καὶ
1467 5716 1862 5770 τὺοἙπεπονοι
1891 5733 1955 5786 γε

385 5809 436 5881 oi
481 5806 698 5892 §e§tol.-
720 5810 781 5874 Et
815 5808 870 5877 δέ
903 5826 955 5862 τι
993 5808 1098 5892 χρὴ
1147 5809 1380 5867 ἐνταῦθα
1411 5809 1506 5874 καὶ
1535 5809 1695 5890 χεῖρα
1738 5807 1957 5877 ἐκείνην

2055 4883 2208 4948 dico,
2243 4889 2300 4936 et
2325 4879 2591 4950 judicium
2645 4889 2824 4935 meum
2852 4873 3062 4944 justum
3098 4879 3202 4926 est.
3256 4869 3487 4925 Evidcns
3533 4883 3631 4922 an-

2055 4986 2164 5034 tem
2199 4985 2284 5032 est
2311 4972 2453 5044 quod
2480 4984 2674 5032 curare
2708 4968 3023 5024 mortalium
3055 4974 3307 5023 naturam
3334 4963 3400 5018 ad
3441 4963 3633 5019 distin-

2057 5072 2293 5133 ctionem
2327 5081 2514 5125 eorum
2546 5065 2640 5136 qui
2669 5061 2867 5135 partim
2900 5057 3184 5116 medentur
3239 5056 3346 5113 fuit
3403 5056 3628 5113 dictum.

2128 5165 2252 5226 251.
2286 5161 2362 5216 De
2385 5158 2572 5215 divino
2599 5164 2780 5212 autem
2810 5152 3042 5208 dextero
3079 5151 3274 5204 throno
3298 5148 3632 5206 suﬂicienter

2055 5257 2435 5316 disseruerunt
2477 5249 2652 5306 sancti
2680 5264 2695 5315 ;
2724 5261 2791 5302 ex
2815 5243 3164 5316 quibusipsis
3191 5241 3353 5299 etiam
3385 5251 3632 5298 tenemus

2057 5347 2249 5403 dilecta
2281 5341 2496 5413 quidem
2527 5337 2826 5398 secundum
2856 5333 3206 5404 Evangelium
3237 5345 3359 5388 esse
3387 5331 3630 5394 dextera,

2057 5451 2088 5493 e
2108 5435 2383 5492 contrario
2413 5440 2594 5488 autem
2619 5441 2747 5484 esse
2794 5425 3014 5483 sinistra
3043 5440 3058 5478 :
3087 5423 3230 5482 unde
3283 5421 3450 5477 laevus
3505 5419 3631 5487 qui-
3669 5466 3712 5482 χ

2057 5528 2182 5583 dam
2209 5525 2376 5582 etiam
2400 5520 2756 5594 ἐπαρίστερος
2775 5520 2968 5591 jocese
3006 5515 3187 5572 dictus
3217 5522 3320 5570 est.
3343 5512 3425 5566 An
3446 5519 3629 5565 autem

2059 5619 2232 5689 magis
2269 5614 2620 5687 acceptabilia
2650 5613 2763 5668 sint
2790 5611 3036 5673 dextera,
3060 5605 3318 5675 prodesse
3347 5609 3526 5672 potest
3571 5601 3626 5656 id

2058 5712 2409 5779 antiquorum
2435 5724 2448 5762 :
2476 5708 2559 5762 Ad
2590 5707 2868 5761 dexteram
2897 5698 3189 5771 perculsus
3209 5704 3317 5758 est,
3344 5695 3457 5749 sive
3483 5708 3624 5764 prte-

2058 5805 2235 5876 cipuis
2280 5805 2336 5860 in
2379 5801 2626 5875 partibus
2683 5793 2963 5868 corporis;
3022 5797 3076 5845 et
3128 5786 3271 5844 istud
3301 5783 3624 5847 :Laboriosi
