3966 6248
386 313 488 378 737

383 519 485 592 τὴν
519 515 850 588 ἀριστερὰν,
883 516 978 574 καὶ
1021 516 1122 585 τὴν
1168 515 1382 572 ἐκεῖθεν
1435 514 1738 584 uicinum.
1779 513 1954 570 Ὀκνῶ

380 613 494 683 γὰρ
542 612 639 666 καὶ
692 608 941 680 ἑτεροίας
987 607 1318 678 παραθεῖναι
1372 607 1572 675 λέξεις,
1610 601 1687 662 ὧν
1711 606 1952 677 τοῦνομα

382 705 492 774 μιν
513 703 640 773 ἡδὺ,
685 701 747 754 τὸ
792 702 1030 771 πρᾶγμα
1061 697 1285 769 πικρὸν,
1319 699 1414 752 καὶ
1455 700 1490 768 ἡ
1526 698 1822 770 προγραφὴ
1853 699 1954 769 μὲν

379 796 522 866 ζωὴ,
553 794 782 858 θάνατος
804 793 862 848 δι
901 795 970 846 τὰ
1000 792 1170 855 ἐντός·
1205 786 1281 844 ὧν
1313 792 1413 862 μία
1453 791 1550 844 καὶ
1573 794 1634 846 τὸ
1664 793 1806 846 κατὰ
1842 808 1956 845 κοι-

383 888 478 956 νὴν
511 885 802 955 συνήθειαν
848 883 996 947 Dleo;
1028 882 1123 938 τοῦ
1173 882 1308 935 Θεοῦ
1355 883 1510 952 παρὰ
1553 885 1666 946 τοῖς
1715 881 1950 944 πολλοῖςο

379 980 432 1032 οἳ
455 979 558 1048 τὴν
577 978 767 1031 θεόθεν
791 976 962 1047 ὀργὴν
978 977 1068 1029 διὰ.
1091 975 1355 1045 χαλάζης,
1381 976 1478 1030 κα)⁵
1504 974 1606 1028 ὅσα
1629 974 1686 1027 δὲ
1708 976 1954 1038 τοιαῦτα,

379 1069 522 1124 Θεοῦ
551 1086 720 1139 φασιν
755 1067 930 1131 ἔλεος,
958 1068 1374 1138 εὐφημότερον
1406 1066 1582 1120 οἴδασι
1608 1065 1665 1120 δὲ
1701 1067 1799 1120 καὶ
1823 1069 1954 1136 τρά-

378 1160 539 1230 χηλοι
585 1159 896 1228 ἀνθρώπων
939 1157 1215 1227 ὑγρότητα
1243 1157 1645 1226 πικραίνουσαι)
1671 1156 1955 1226 ἀλγήμασι

379 1252 526 1307 κατά
549 1267 603 1304 τι
637 1249 834 1316 πάθος,
863 1249 892 1304 6
928 1248 1158 1302 καλοῦσι
1196 1249 1392 1318 γλυκύο
1439 1248 1532 1301 καὶ
1562 1244 1680 1302 οῖδα
1729 1249 1828 1317 μὲν
1857 1249 1956 1316 τὴν

379 1342 785 1411 Σολομῶντειον
826 1342 1020 1410 σοφίαν
1049 1341 1234 1409 ἀγαθὰ
1269 1336 1565 1409 φέρουσαν,
1597 1341 1734 1394 ἀλλὰ
1765 1340 1868 1409 μὲν
1895 1341 1960 1399 ὲν

377 1436 450 1505 τῇ
498 1434 654 1504 δεξιᾷ
693 1435 914 1505 μεγάλα
965 1435 1170 1501 ἐκεῖνα,
1233 1435 1448 1504 ἑτεροῖα
1493 1435 1550 1487 δέ
1602 1451 1726 1488 τινα
1785 1435 1844 1486 ἐν
1885 1437 1952 1506 τῇ

377 1527 668 1597 ἀριστερᾷ·
714 1526 890 1580 ὀκνῶν
943 1527 1000 1581 δὲ
1052 1526 1534 1596 πολυπραγμονεῖν
1571 1527 1662 1578 ἐπὶ
1711 1527 1954 1580 πλέοντὺ

379 1615 623 1668 τοιοῦτον
655 1615 978 1685 κεφάλαιον,
1007 1615 1252 1670 καθιστῶ
1277 1616 1380 1678 ἓως
1415 1610 1518 1669 ὧδε
1564 1618 1624 1668 τὸ
1655 1616 1952 1686 φιλοδέξιον

377 1707 635 1780 σκέμμα,
655 1707 940 1778 γινόμενος
967 1707 1075 1762 τῶν
1119 1707 1320 1778 ἐφεξῆς
1345 1708 1717 1778 ἑορταστικῶν
1750 1707 1949 1778 μελῶν.

465 1882 596 1937 σλδ’.
641 1881 752 1938 Καὶ
776 1881 842 1952 δὴ
881 1881 1025 1951 λέγω
1058 1883 1132 1946 ὡς
1161 1883 1189 1936 6
1215 1882 1468 1953 κλισμὸς,
1495 1881 1556 1936 ὃν
1602 1882 1787 1953 θρόνον
1815 1884 1962 1936 εἴπο-

381 1993 508 2046 μεν,
539 1977 620 2039 είς
662 1975 1021 2045 ἁνάκλιντρον
1065 1975 1270 2040 μᾶλλον
1302 1976 1733 2045 κυριολεκτικῶς
1783 1977 1962 2046 ἑρμη-

379 2071 624 2133 νεύεται,
676 2067 704 2120 6
755 2066 967 2135 γίνεται
1014 2068 1078 2120 ἐκ
1119 2067 1214 2120 τοῦ
1249 2067 1580 2124 ἀνακλίνειν.
1625 2070 1687 2122 Εἰ
1719 2069 1776 2122 δὲ
1805 2069 1960 2137 γενό-

379 2176 547 2226 μενος
581 2160 609 2211 6
653 2158 880 2229 κλισμὸς
913 2160 978 2212 ἐκ
1004 2160 1098 2212 τοῦ
1135 2160 1325 2222 κλίνω,
1358 2160 1448 2214 διὰ
1475 2159 1569 2213 τοῦ
1609 2177 1642 2212 σ
1678 2161 1960 2230 προφέρε-

378 2267 497 2316 ται,
525 2251 750 2320 νοητέον
778 2249 853 2313 ὡς
900 2249 1045 2304 οὕτω
1096 2252 1190 2304 καὶ
1241 2252 1306 2304 ὲκ
1358 2251 1455 2306 τοῦ
1505 2252 1722 2322 μολύνω
1753 2253 1959 2322 γίνεται

382 2342 686 2412 μολυσμός.
723 2343 866 2412 Ὅρα
893 2343 951 2396 δὲ
994 2344 1077 2394 ὅτι
1115 2343 1404 2413 ἐπικρίνας
1436 2343 1465 2396 6
1500 2344 1739 2416 μελῳδὸς
1783 2348 1960 2398 εἰπεῖν

379 2437 442 2487 ἐν
479 2436 729 2505 καταρχῇ
759 2433 854 2488 τοῦ
895 2435 1198 2506 τροπαρίου
1240 2438 1669 2506 ποιητικώτερον
1719 2435 1864 2492 ὖδειν
1897 2437 1960 2490 τὸ

380 2526 598 2594 ὑμνεῖν,
627 2527 822 2594 διέγνω
840 2529 1036 2597 χρῆναι
1064 2527 1160 2580 καὶ
1181 2526 1346 2591 ἄλλας
1376 2531 1757 2600 -παρασπείραι
1783 2530 1960 2593 λέξεις

378 2618 440 2669 ἔν
469 2615 622 2688 αὐτῷ
655 2617 966 2688 ποιητικάς·
997 2617 1194 2672 οὐκοῦν
1224 2620 1474 2688 ἐπήγαγε
1513 2620 1759 2674 τοιοῦτον
1784 2621 1957 2690 ὄνομα

381 2709 584 2776 σεμνὸν
610 2709 709 2780 τὴν
737 2709 1030 2778 φυσίζωον,
1061 2711 1152 2763 καὶ
1181 2711 1250 2765 τὰ
1287 2711 1488 2777 ένδινα,
1536 2714 1629 2764 καὶ
1677 2712 1735 2764 τὸ
1763 2713 1951 2765 άλθαί-

377 2817 516 2854 νειν.
564 2801 694 2854 Ἰδοὺ
744 2801 803 2855 δὲ
841 2801 936 2854 καὶ
985 2802 1111 2863 τοὺς
1147 2800 1434 2870 κλισμούςο
1469 2799 1528 2856 εὖ
1576 2801 1735 2866 ιίδὼς
1787 2804 1952 2866 αὐτὸς

379 2893 532 2955 ὅπως
565 2892 838 2962 ἐνδέχεται
864 2894 1290 2964 διαχειρίζεσθαι
1314 2894 1384 2948 τὰ
1422 2896 1622 2964 μελικὰ
1649 2896 1724 2957 ὡς
1753 2899 1956 2958 κοινοῖς

386 2988 488 3055 μὲν
511 2986 865 3058 ἀναπληροῦν
918 2989 986 3042 τὰ
1020 2991 1201 3052 κοινὰ,
1239 2990 1351 3050 τοίς
1383 2989 1440 3042 δὲ
1481 2989 1557 3058 μὴ
1593 2989 1859 3050 τοιούτοις
1891 2989 1959 3042 τὰ

379 3079 717 3148 καθήκοντα.

457 3254 587 3312 σλε’.
625 3257 930 3328 Ἰδρυμένος
967 3257 1024 3311 δὲ
1072 3260 1168 3312 καὶ
1209 3256 1447 3311 ἐνταῦθα
1480 3257 1604 3312 ἀντὶ
1633 3257 1728 3312 τοῦ
1771 3260 1958 3324 ἁπλῶς

378 3347 731 3419 καθήμενος·
792 3349 887 3402 καὶ
933 3350 1265 3420 μετήνεκται
1304 3349 1337 3419 ἡ
1385 3349 1530 3415 λέξις
1577 3353 1641 3404 ὲκ
1685 3352 1794 3404 τῶν
1837 3353 1959 3407 καθ’

377 3447 528 3518 ἡμᾶς
577 3447 656 3509 εἰς
687 3444 780 3498 τὸν
814 3445 984 3500 Θεόν·
1025 3445 1402 3516 προσαχθεῑσα
1439 3444 1531 3497 ὑπ’
1568 3446 1781 3499 ἐκείνου
1816 3448 1959 3501 καθὰ

377 3537 476 3589 καὶ
531 3535 601 3588 τὰ.
644 3534 778 3589 ἄλλα
821 3535 922 3588 ὅσα
953 3537 1017 3589 ὲκ
1065 3537 1174 3589 τῶν
1219 3535 1510 3606 ἡμετέρων
1563 3535 1959 3607 προσήχθησαν

377 3627 531 3697 αὐτῷ
554 3642 571 3658 ο
608 3627 694 3680 ίνα
743 3628 838 3680 καὶ
885 3627 1137 3681 ἐντεῦθεν
1170 3627 1377 3697 ἠθικῶς
1429 3627 1816 3696 παιδευώμεθα
1851 3630 1958 3694 ἐξι-

375 3717 626 3771 διοῦσθαι
652 3719 745 3770 καὶ
776 3719 922 3789 ἡμᾶς
952 3719 1020 3771 τὰ
1048 3717 1262 3771 ἐκείνου
1289 3715 1644 3789 θεομιμήτως
1679 3717 1774 3770 καὶ
1807 3718 1960 3788 φιλο-

377 3810 540 3875 θέως,
602 3809 856 3879 καθάπερ
917 3810 1127 3873 ἐκεῖνος
1190 3809 1258 3863 τὰ
1315 3809 1609 3880 ὴμέτεραο
1671 3809 1845 3862 είπείν
1901 3810 1959 3864 δὲ

381 3902 586 3971 μᾶλλον
634 3903 904 3972 ἀκριϐῶς,
955 3902 1115 3973 εἴπερ
1162 3902 1346 3956 ἄλλοθί
1391 3919 1496 3954 που
1549 3900 1670 3972 ἱερὰ
1713 3902 1856 3966 λέξις
1900 3903 1959 3954 τὸ

382 3994 662 4066 ἱδρῦσθαι,
725 3995 868 4049 καθὰ
921 3998 1018 4050 καὶ
1073 3994 1499 4066 προδεδήλωται,
1564 3989 1667 4050 ὧδε
1725 3993 1960 4062 μάλιστα

375 4087 606 4156 τοιαύτη
648 4087 766 4140 ἐστὶ
792 4087 914 4140 κατ’
945 4086 1198 4139 ἐπίτασιν
1229 4087 1324 4138 ἐπὶ
1353 4084 1449 4137 τοῦ
1491 4084 1624 4138 Υἰοῦ
1657 4083 1753 4137 τοῦ
1799 4083 1956 4138 Θεοῦ.

377 4180 456 4232 Τὸ
482 4177 539 4233 δὲ
565 4179 660 4232 νῦν
693 4179 795 4232 οὐκ
839 4179 1067 4249 ἀφετέον
1123 4177 1486 4248 συντετάχθαι
1515 4177 1593 4246 τῷ
1647 4177 1959 4248 ἱδρυμένος,

377 4271 520 4324 ἀλλὰ
557 4270 952 4341 μεθελκυστέον
978 4271 1056 4333 είς
1088 4271 1148 4324 τὶ)
1184 4272 1497 4340 πέπομφεν,
1537 4271 1621 4324 ἵνα
1724 4272 1806 4323 ὅτι
1842 4267 1959 4321 Νῦν

377 4365 672 4432 πέπομφεν
700 4366 726 4416 6
754 4363 943 4433 Σωτὴρ
982 4363 1220 4434 Χριστὸς
1261 4363 1363 4434 τὴν
1394 4364 1550 4436 χάριν
1585 4360 1677 4414 τοῦ
1710 4360 1959 4430 Πνεύμα-

1167 304 1246 366 ΙΝ
1283 304 1619 367 HYMNUM
1658 302 2304 367 PENTECOSTALEM
2348 307 2799 375 DAMASCENI.

382 427 482 480 sal
512 421 894 494 παραϐλητέον
923 421 1038 487 τοῖς
1089 420 1356 485 τοιούτοις
1403 423 1501 486 τὰς
1550 421 1953 490 ἀγαθωνύμους

2066 419 2269 490 basque
2295 419 2688 477 conferendum
2728 430 2814 479 est
2844 422 3014 480 bonas
3064 424 3306 484 sinistre
3361 427 3538 488 famas
3585 435 3643 490 et
3744 477 3749 481 .

3519 314 3635 382 738

2059 512 2352 568 dictionem
2389 514 2912 585 ειίηάοεῠώνυμον.
2945 519 3153 575 Omitto
3207 520 3352 576 ettim
3411 529 3640 584 ceteras

2057 615 2376 673 coinparare
2403 604 2689 668 (ﬁctiones.
2722 619 2954 676 quarum
3017 623 3216 666 nomen
3275 618 3361 667 est
3415 613 3640 683 quidem

2055 693 2234 758 dulce,
2288 709 2375 750 res
2404 704 2586 750 autem
2650 711 2859 765 amara,
2914 707 2972 754 et
3021 714 3370 771 programma
3416 703 3640 774 quidem

2053 786 2184 851 vita,
2218 801 2366 842 mors
2393 796 2573 843 autem
2613 787 2876 845 interiora
2911 807 2927 846 :
2957 807 3197 862 quarum
3246 807 3354 848 una
3415 797 3644 866 quidem

2054 880 2308 948 estjuxta
2337 893 2687 934 communem
2719 895 2926 936 morem
2964 881 3056 936 Dei
3091 883 3465 940 misericordia
3487 885 3633 956 apud

2058 971 2282 1034 multos,
2311 975 2404 1040 qui
2437 970 2675 1026 divinam
2709 971 2845 1025 iram
2880 973 2933 1026 iu
2964 975 3256 1041 grandine,
3281 986 3335 1032 et
3389 991 3647 1046 quacun-

2056 1076 2165 1130 que
2178 1069 2373 1118 caetera
2399 1062 2738 1132 huiusmodi,
2761 1061 2856 1118 Dei
2878 1065 3307 1122 misericordia
3325 1069 3410 1138 pie
3428 1070 3643 1126 dicunt.

2062 1152 2256 1209 Sciunt
2279 1165 2464 1210 autem
2498 1156 2661 1208 etiam
2718 1156 3002 1210 hominum
3055 1159 3196 1214 colla
3262 1161 3645 1218 humiditatein

2053 1259 2388 1314 exasperare
2411 1247 2632 1302 dolores
2663 1248 2731 1302 ad
2757 1248 3050 1317 quamdam
3079 1251 3370 1307 attinentes
3431 1253 3644 1323 passio-

2056 1352 2202 1398 nem.
2234 1352 2396 1406 quam
2432 1339 2649 1394 dulcem
2681 1349 2904 1396 vocant.
2947 1338 3078 1395 Scio
3106 1355 3329 1411 quoque
3385 1343 3640 1400 Salomo-

2057 1434 2143 1482 nis
2173 1431 2494 1498 sapientiam
2531 1432 2676 1484 bona
2714 1431 2998 1496 ferentem,
3044 1434 3138 1489 sed
3183 1435 3286 1488 alia
3323 1437 3541 1506 quidem
3586 1438 3645 1492 in

2056 1519 2278 1576 drxtera
2314 1539 2531 1592 magna,
2565 1525 2776 1578 diversa
2804 1539 2932 1579 vero
2975 1527 3227 1594 quaedam
3277 1529 3330 1582 in
3391 1530 3641 1584 sinistra.

2056 1611 2258 1668 Nolens
2283 1624 2464 1667 autem
2501 1612 2815 1684 hujusmodi
2870 1625 3052 1686 caput‘
3082 1618 3288 1672 diutius
3333 1619 3642 1689 explorare,

2057 1703 2344 1773 hucusque
2376 1707 2514 1760 sisto
2545 1708 2783 1762 dexterae
2833 1713 3062 1763 amicam
3109 1712 3539 1780 inquisitionem,
3589 1724 3648 1769 et

1987 1770 2030 1832 Β
2062 1796 2126 1850 ad
2146 1770 2438 1864 sequentes
2461 1797 2774 1853 festivitatis
2810 1801 3075 1854 melodias
3097 1770 3283 1856 redeo.

2134 1887 2260 1941 254.
2301 1885 2422 1941 Jam
2458 1903 2588 1942 vero
2619 1890 2742 1943 dico
2764 1892 2907 1959 quod
2943 1894 2970 1943 6
3002 1891 3254 1961 κλισμὸς,
3301 1908 3463 1962 quem
3494 1896 3648 1951 ιΙηοο

2062 1995 2192 2034 num
2221 1979 2483 2042 diximus,
2517 1984 2571 2034 in
2599 1981 2954 2052 ἀνάκλιντρον
2974 1985 3176 2054 (torum
3209 1985 3646 2050 reclinatorium)

2063 2070 2234 2137 magis
2275 2071 2494 2138 preprle
2522 2071 2834 2139 exponitur,
2880 2077 3028 2142 quot
3057 2074 3203 2128 venit
3236 2089 3269 2129 a
3315 2076 3477 2129 verbo
3511 2083 3645 2128 ανα-

2063 2157 2294 2215 κλίνειν.
2338 2159 2393 2214 Si
2431 2176 2560 2214 vero
2590 2161 2812 2216 veniens
2837 2164 2864 2214 6
2895 2161 3122 2232 κλισμὸς
3179 2177 3206 2214 a
3261 2167 3428 2217 verbo
3459 2164 3647 2228 κλίναι,

2067 2265 2192 2305 cum
2232 2267 2264 2302 0
2314 2251 2618 2320 profertur,
2670 2254 3015 2320 cOgilandum
3069 2264 3151 2309 est
3203 2255 3349 2324 quod
3398 2255 3655 2312 similiter

2060 2356 2128 2398 ex
2161 2341 2381 2412 μολύνω
2409 2343 2476 2396 lit.
2502 2343 2802 2412 μολυσμὸς.
2851 2343 2981 2398 Vide
3010 2353 3192 2398 autem
3223 2345 3392 2414 quod,
3427 2347 3473 2400 si
3537 2364 3652 2402 me-

2060 2433 2218 2487 lodus
2251 2432 2303 2486 in
2335 2434 2494 2488 initio
2519 2435 2759 2504 struphae
2797 2436 2971 2505 magis
3016 2437 3230 2502 poetice
3278 2437 3462 2490 dicere
3500 2436 3648 2491 ὕδειν

2061 2527 2282 2581 verbum
2352 2529 2567 2597 ὑμνεῖν,
2620 2529 2830 2598 sclegit,
2887 2529 3020 2583 scite
3079 2529 3344 2600 judicavit
3393 2539 3650 2597 oportere

2059 2635 2278 2688 quoque
2301 2619 2438 2674 alias
2461 2620 2728 2676 dictiones
2755 2621 2809 2674 in
2844 2635 2906 2674 ea
2929 2637 3185 2689 spargere
3217 2636 3458 2690 poeticas
3487 2639 3502 2676 :
3527 2623 3652 2676 ideo

2061 2711 2362 2764 introduxit
2396 2711 2705 2778 liujusmodi
2748 2715 3117 2765 venerandum
3150 2727 3350 2766 nomen
3382 2715 3484 2783 τὴν
3544 2731 3649 2782 φυ-

2063 2802 2280 2866 σίζωον,
2305 2811 2364 2856 ει
2393 2801 2466 2855 τὰ
2495 2802 2692 2864 ένδινα,
2730 2810 2785 2856 ει
2819 2803 2882 2855 τὸ
2937 2803 3213 2855 ἁλοαίνειν
3240 2843 3262 2881 ﬁ,
3327 2820 3538 2860 necnon
3591 2814 3650 2861 et

2058 2893 2185 2956 τοὺς
2243 2893 2558 2963 κλισμούς,
2610 2897 2749 2949 bene
2804 2897 2982 2950 sciens
3033 2897 3308 2964 quomodo
3355 2899 3648 2952 conveniat

2058 2985 2442 3040 administrare
2477 2987 2714 3050 meleda,
2766 2996 2824 3041 ut
2851 2988 3237 3041 communibus
3261 2987 3480 3057 quidem
3545 2987 3651 3042 im-

1983 3114 2027 3172 c
2062 3077 2312 3146 pleantur
2333 3076 2666 3144 continuatio,
2696 3093 2803 3131 non
2837 3086 3018 3132 autem
3043 3078 3238 3133 talibus
3261 3094 3384 3147 quae
3425 3081 3648 3135 diverso

2061 3169 2369 3237 requirunt.
2877 3213 2882 3218 .

2318 3259 2629 3332 Ίδρυμένος
2667 3269 2848 3317 autem
2892 3261 2982 3316 hic
3026 3262 3264 3317 sumitur
3292 3276 3393 3332 pro
3439 3261 3652 3334 simpli-

2059 3351 2195 3406 citer
2223 3353 2468 3406 sedente.
2499 3352 2857 3406 Transfertur
2887 3360 3068 3406 autem
3117 3351 3288 3406 dictio
3339 3367 3405 3406 ex
3440 3354 3658 3408 nostris.

2058 3448 2125 3502 ad
2157 3447 2348 3509 Deum,
2381 3447 2620 3501 admissa
2645 3445 2714 3500 ab
2746 3446 2859 3509 illo,
2892 3445 3037 3500 sicut
3059 3452 3118 3499 et
3167 3444 3273 3498 alia
3304 3459 3661 3514 quaecunque

2059 3555 2126 3594 ex
2160 3538 2364 3593 nostris
2394 3538 2496 3607 ipsi
2527 3539 2906 3607 applicantur;
2945 3545 3004 3590 ut
3033 3537 3235 3590 exinde
3265 3550 3485 3605 quoque
3527 3551 3652 3591 mo—

2060 3628 2249 3682 raliter
2279 3626 2561 3681 discamus
2589 3627 2752 3682 nobis
2797 3627 3153 3696 appropriare
3185 3641 3306 3695 qua
3335 3631 3465 3680 sunt
3494 3627 3654 3682 illius

2060 3736 2156 3791 per
2192 3720 2554 3774 imitationem
2593 3736 2660 3775 ac
2691 3719 2972 3788 pietatem,
3009 3722 3153 3774 sicut
3195 3721 3282 3774 ille
3317 3731 3504 3776 nostra

2059 3809 2276 3878 propria
2313 3808 2458 3862 facit.
2514 3808 2586 3864 Ut
2611 3819 2794 3864 autem
2838 3813 3154 3864 accuratius
3181 3809 3395 3879 loquar,
3430 3811 3476 3864 si
3509 3826 3648 3879 quo-

2061 3904 2202 3972 piam
2234 3902 2364 3955 alibi
2401 3881 2556 3956 saci'a
2595 3901 2763 3955 dictio
2813 3912 2898 3955 est
2945 3901 3007 3952 τὸ
3057 3900 3325 3971 ἱδρῦσθαι,
3373 3903 3449 3954 uti
3511 3917 3648 3969 prai—

2060 4003 2418 4049 monstratum
2449 4004 2554 4058 est,
2592 3994 2682 4047 hic
2726 3993 2965 4047 maxime
3004 4008 3126 4047 cum
3180 3993 3486 4048 intentione
3517 3994 3647 4048 talis

2059 4097 2143 4142 est
2191 4103 2322 4153 erga
2378 4086 2469 4139 Dei
2525 4083 2750 4139 Filium.
2785 4083 3118 4138 Adverbium
3174 4092 3353 4138 autem
3393 4083 3489 4137 νῦν
3537 4098 3655 4140 non

2061 4181 2348 4235 sinendum
2389 4188 2474 4234 est
2529 4179 2769 4233 ordinari
2826 4193 2952 4231 cum
2999 4178 3168 4232 verbo
3218 4176 3656 4248 ίδρυμένος,οοὼ

2061 4272 2498 4328 transferendum
2547 4271 2614 4326 ad
2658 4271 2721 4323 τὸ
2775 4272 3097 4338 πέπο;.ιφεν;
3151 4277 3208 4321 ιιι
3260 4283 3459 4322 sensus
3505 4270 3581 4324 sit
3630 4285 3655 4324 τ

2059 4365 2217 4420 Nunc
2253 4365 2400 4421 misit
2421 4365 2668 4434 Spiritus
2685 4364 2914 4434 gratiam
2950 4361 3202 4416 Salvator
3229 4361 3500 4427 Christus,
3540 4377 3660 4416 non

375 4469 493 4517 τος,
519 4457 621 4507 οὐκ
643 4454 859 4518 ξδιάζων
883 4456 1072 4523 χωρὶς,
1099 4454 1234 4506 ἀλλὰ
1263 4451 1628 4521 συνεδριάζων
1647 4452 1721 4523 τῷ
1746 4451 1920 4520 Πατρί
1944 4467 1956 4481 ·

2067 4460 2355 4528 separatim
2424 4472 2631 4527 agens,
2690 4456 2783 4511 sed
2842 4454 3136 4510 considens
3186 4453 3356 4508 Patri.
3411 4451 3654 4508 Prorsus

377 4545 599 4606 πάντως
622 4545 678 4596 δὲ
701 4546 795 4597 νῦν
828 4546 1076 4614 πέμψας,
1105 4547 1193 4598 ὅτε
1221 4546 1316 4596 καὶ
1347 4543 1706 4614 ἑορτάζομεν,
1731 4544 1825 4594 καὶ
1857 4543 1962 4612 πρὸ

377 4637 574 4689 τούτου
624 4638 710 4689 ἀεὶ
745 4637 1009 4698 ὡσαύτως
1049 4636 1267 4706 ἔπεμπε
1317 4635 1415 4706 τὴν
1443 4635 1611 4705 αὐτὴν
1656 4633 1817 4705 χάριν
1849 4635 1963 4695 τοῖς

376 4726 559 4792 ἀξίοις
593 4727 762 4794 αὐτῆς
791 4742 804 4756 ⁸
851 4729 948 4779 καὶ
979 4726 1101 4779 οὐδὲ
1148 4729 1226 4789 είς
1261 4727 1320 4778 τὸ
1355 4726 1483 4794 eam
1525 4723 1797 4777 παύσεταί
1831 4739 1962 4774 ποτε

377 4820 524 4872 οὕτω
572 4821 762 4883 ποιῶν,
799 4819 909 4872 i'va.‘
934 4819 1300 4889 προσαρμόσῃ
1336 4819 1429 4869 καὶ
1470 4819 1537 4886 τῇ
1585 4814 1810 4883 τοιαύτῃ
1842 4813 1964 4883 θείᾳ

377 4913 560 4984 δωρεᾷ
589 4912 647 4966 τὸ
671 4911 789 4974 νῦν,
817 4915 909 4965 καὶ
939 4911 1046 4976 ἀεὶ,
1075 4912 1169 4963 καὶ
1196 4913 1276 4972 εἰς
1301 4910 1427 4969 τοὺς
1459 4909 1680 4970 αἰῶνας.

452 5000 596 5068 σλς’.
642 5004 714 5055 Τὸ
762 5004 816 5056 δὲ
875 5005 1131 5073 πέπομφε
1187 5002 1516 5073 χαρακτῆρα
1570 5000 1685 5069 ἔχει
1743 4999 1965 5052 διπλοῦν

376 5095 658 5164 ὁριστικοῦ
697 5100 1128 5165 παρακειμένου,
1157 5093 1516 5165 ἐνεργητικοῦ
1549 5110 1608 5145 τε
1643 5091 1843 5160 δηλαδὴ
1872 5092 1964 5143 καὶ

382 5189 554 5259 μέσου
573 5200 595 5216 ⁸
619 5187 974 5257 ἐνεργητικοῦ
1017 5190 1116 5256 μὲν
1155 5189 1240 5240 διὰ
1268 5186 1328 5239 τὸ
1361 5189 1422 5254 φῖ
1449 5186 1511 5236 τὸ
1540 5186 1602 5236 ὲκ
1636 5182 1730 5236 τοῦ
1764 5183 1966 5250 πέμπω

378 5279 610 5350 πέμψω.
639 5282 697 5333 Et
728 5281 856 5350 γὰρ,
883 5283 1070 5348 φασιν,
1100 5282 1128 5334 6
1154 5280 1366 5349 μέλλων
1392 5279 1481 5331 διὰ
1504 5275 1599 5331 τοῦ
1626 5276 1707 5346 ῲῑ,
1732 5277 1760 5328 6
1790 5293 1968 5347 παρα-

379 5372 635 5440 κείμενος
665 5373 754 5425 διὰ
780 5375 870 5426 τοῦ
902 5375 962 5441 φῖ
989 5384 1000 5396 °
1039 5373 1202 5441 μέσου
1231 5371 1287 5424 δὲ
1313 5371 1401 5426 διὰ
1433 5371 1492 5423 τὸ
1522 5375 1565 5422 0'
1593 5370 1655 5422 τὸ
1687 5367 1900 5438 μικρὸν,
1923 5362 1967 5436 ᾧ

385 5464 772 5532 παραλήγεται
797 5465 956 5533 μέσος
983 5466 1390 5535 παρακείμενος
1419 5481 1448 5516 ο
1475 5462 1617 5532 ἔχων
1649 5460 1966 5514 δισύλλαόον

309 5559 334 5576 κ
385 5557 654 5628 μέλλοντα
677 5557 1136 5627 παραληγόμενον
1159 5557 1237 5624 τῷ
1260 5571 1286 5606 ε
1307 5571 1319 5583 ·
1351 5558 1399 5606 εἰ
1424 5554 1529 5622 γὰρ
1559 5556 1614 5604 ἐν
1639 5550 1965 5618 δισυλλάϐῳ,

384 5660 548 5722 φασ“·,
597 5653 846 5722 μέλλοντι
894 5653 956 5706 τὸ
997 5671 1022 5706 ε
1077 5651 1296 5723 εὑρεθῇ,
1345 5651 1425 5713 εἰς
1479 5667 1506 5701 ο
1555 5647 1683 5701 αὐτὸ
1720 5648 1968 5715 τρέπειὸ

387 5749 554 5817 μέσος
609 5747 1056 5818 παρακείμενος⁹
1109 5741 1221 5799 οἷον
1274 5741 1462 5813 σπερῶ
1517 5740 1764 5808 ἑσποραο
1827 5740 1966 5791 κατὰ

2071 4560 2250 4606 autem
2285 4565 2452 4612 nunc,
2489 4549 2710 4618 quando
2737 4547 2935 4600 festum
2969 4546 3205 4614 agimus,
3242 4546 3414 4598 missa
3449 4546 3656 4614 gratia,

2071 4655 2286 4709 Semper
2345 4641 2508 4694 etiam
2572 4646 2730 4690 antea
2791 4636 3046 4690 similiter
3103 4633 3350 4688 eamdem
3419 4635 3661 4703 gratiam

2071 4730 2412 4786 merentibus
2475 4730 2662 4795 misit;
2732 4742 2830 4781 nec
2906 4727 2960 4781 in
3026 4726 3272 4780 futurum
3344 4725 3432 4779 sic
3481 4739 3658 4793 agens

2071 4838 2312 4892 unquam
2361 4819 2616 4885 cessabit,
2661 4827 2719 4872 ut
2766 4817 3079 4888 bujusmodi
3131 4817 3329 4870 divinae
3374 4817 3660 4888 largitioni.

2070 4916 2364 4970 conveniat
2393 4926 2535 4966 nunc
2563 4922 2614 4966 et
2644 4926 2859 4981 semper
2889 4921 2943 4966 et
2963 4911 3017 4965 in
3049 4912 3265 4965 saucius.

2141 5005 2268 5060 256.
2326 5003 2562 5059 Verbum
2616 5012 2800 5059 autem
2852 5002 3112 5072 πέπομφε
3161 5001 3438 5072 duplicem
3487 5000 3665 5058 habet.

2075 5101 2447 5156 characterem
2491 5097 2768 5152 indicativi
2819 5095 3082 5166 perfecti;
3141 5095 3304 5150 activi
3347 5094 3556 5151 scilicet
3597 5106 3656 5148 et

2075 5188 2236 5244 medii
2272 5205 2286 5241 :
2316 5185 2476 5243 activi
2510 5187 2729 5255 quidem
2782 5201 2876 5254 per
2911 5184 2972 5238 τὸ
3003 5188 3087 5252 φῖ,
3127 5184 3270 5252 quod
3313 5193 3458 5239 este
3489 5182 3667 5238 verbo

2076 5282 2282 5348 πέμπω
2338 5279 2570 5347 πέμψω;
2619 5278 2663 5331 si
2709 5278 2880 5342 enim,
2929 5276 3208 5342 inquiunt,
3249 5275 3490 5332 futurum
3540 5274 3656 5327 lor-

2075 5387 2252 5431 matur
2286 5389 2380 5444 per
2412 5371 2494 5441 ψῖ,
2525 5370 2822 5440 perfectum
2856 5385 2950 5440 per
2980 5374 3077 5438 cpi;
3114 5370 3277 5425 medii
3309 5383 3456 5434 vero,
3505 5381 3602 5434 per
3625 5381 3664 5419 ο

2074 5469 2256 5530 breve,
2288 5463 2435 5533 quod
2483 5464 2536 5516 in
2581 5462 2878 5530 penultimu
2911 5472 3058 5515 tenet
3089 5463 3321 5516 medium
3353 5461 3659 5529 perfectum

2075 5555 2284 5610 habens
2316 5553 2640 5622 disyllabum
2695 5551 2940 5606 futurum
2986 5567 3110 5606 cum
3154 5549 3446 5619 penultiaia
3477 5564 3503 5598 ε
3539 5563 3553 5600 :
3603 5547 3654 5602 si

2073 5645 2245 5708 enim,
2288 5645 2464 5708 aiunt,
2507 5644 2559 5698 in
2616 5644 2887 5713 disyllabo
2926 5642 3109 5697 futuro
3140 5643 3316 5694 littera
3365 5655 3392 5690 ε
3431 5640 3655 5693 inventa

2076 5738 2260 5805 fuerit,
2291 5739 2462 5808 ipsam
2497 5737 2551 5792 in
2583 5753 2612 5790 0
2653 5745 2828 5792 vertet
2856 5733 3092 5790 medium
3125 5729 3459 5801 perfectum;
3486 5729 3654 5787 velati
