3966 6248
375 270 481 335 739

1118 269 1540 335 EUSTATHII
1597 264 2356 332 THESSALONICENSIS
2396 267 2954 332 METROPOLITRE

3531 263 3624 336 'llll
3669 280 3671 286 '

377 382 571 452 σπερῶ
610 380 844 455 ἐσπορα.
893 383 1207 439 Secundum
1242 383 1410 453 igitur
1454 381 1592 438 duas
1638 380 1946 451 bnjusmodi

2056 380 2187 450 γοῦν
2214 383 2340 444 τοὺς
2370 391 2645 446 τοιουτους
2675 383 2768 436 δύο
2791 384 3028 442 κανόνας
3053 379 3346 451 ὀριστικῶν
3370 397 3628 451 παρακειο

375 476 620 544 regulas,
663 491 787 531 cum
838 476 947 531 duo
995 477 1107 531 sint
1144 491 1208 531 ex
1259 475 1494 544 πέμπω,
1529 474 1806 530 indicativi
1839 490 1956 545 per-

377 565 552 632 fecta,
582 581 816 636 quorum
865 570 1096 638 primum
1129 567 1374 636 quidem,
1428 567 1684 632 activum,
1741 575 1827 622 est
1860 566 1957 619 πέ-

376 676 574 728 πομφα
628 674 726 727 per
777 677 803 712 ε
833 701 847 726 ,
907 660 1145 714 medium
1203 671 1384 715 autem
1445 659 1714 730 πέπομφα
1761 674 1856 729 per
1893 677 1956 725 ος

377 751 679 819 perfectum
716 751 882 819 igitur
921 752 1189 820 πέπομφα
1220 750 1594 805 characterem
1629 752 1795 804 habet
1823 751 1957 805 duo-

373 859 519 909 rum,
539 843 714 896 activi
740 841 956 910 quidem
1002 855 1098 911 per
1126 844 1207 910 φῖ,
1235 842 1398 896 medii
1429 857 1556 896 vero
1581 857 1678 911 per
1711 859 1740 894 ο
1774 845 1956 896 breve.

377 934 512 988 Tale
533 948 714 988 autem
747 943 830 989 cst
859 933 1104 1003 κέκλοφα
1127 948 1194 987 ex
1224 943 1490 1002 prasente
1519 933 1766 996 κλέπτω,
1797 933 1957 1002 cujus

374 1026 564 1085 etiam,
609 1038 735 1078 cum
768 1023 1096 1078 naturaliter
1126 1021 1235 1078 duo
1269 1023 1380 1078 sint
1426 1025 1688 1094 perfecta,
1716 1026 1956 1079 activum

359 1114 638 1181 .xs’xloepu,
691 1123 744 1168 et
790 1114 1029 1167 medium
1084 1111 1348 1180 κέκλοπα,
1395 1113 1558 1168 activi
1597 1113 1821 1183 quidem
1873 1122 1959 1169 εει

373 1205 436 1257 τὸ
457 1208 542 1272 φῖ,
577 1205 741 1259 medii
789 1213 972 1259 autem
1001 1204 1063 1256 τὸ
1102 1221 1152 1258 ο.
1187 1202 1284 1260 His
1311 1212 1490 1260 autem
1521 1219 1741 1273 prorsus
1779 1206 1960 1261 simile

373 1305 458 1350 est
484 1296 647 1350 etiam
677 1295 966 1366 τέτροφεν.
1001 1296 1058 1351 In
1096 1296 1203 1352 alio
1231 1305 1414 1352 autem
1443 1297 1640 1352 ordine
1663 1298 1955 1354 verborum

375 1388 610 1442 habetur
632 1402 853 1458 quoque
877 1388 1025 1451 εἰκὸς
1057 1389 1241 1443 lonice
1273 1399 1329 1443 et
1359 1390 1539 1444 Attice
1561 1391 1760 1456 ἔοικεν»
1797 1401 1960 1458 atque

374 1477 599 1548 λέλογχε
633 1489 687 1532 et
729 1479 970 1548 ἐνήνοχε.
1021 1477 1119 1533 Est
1167 1487 1348 1533 autem
1399 1479 1506 1532 alio
1567 1479 1728 1533 modo
1780 1481 1956 1533 media

375 1565 562 1621 dicere
611 1567 738 1620 talia
788 1566 1052 1637 perfecta.
1108 1568 1235 1638 quia
1285 1562 1523 1623 medium
1580 1568 1960 1623 enuntiatione

2063 473 2243 542 μένων
2289 473 2386 528 δύο
2437 475 2748 545 γενομένων
2789 475 2856 528 ἐκ
2895 471 2993 528 τοῦ
3045 472 3290 542 πέμπωο
3342 466 3420 530 ὧν
3466 473 3495 526 ὁ
3540 476 3629 544 μὲν

2059 569 2278 639 πρῶτος
2313 570 2408 624 καὶ
2440 572 2797 642 ἐνεργητικὸς
2845 569 3116 638 πέπομφα
3165 569 3254 621 διὰ
3300 563 3398 621 τοῦ
3437 584 3488 634 ε,
3528 571 3554 622 ὁ
3578 570 3629 623 δὲ

2063 662 2227 731 μέσος
2257 666 2525 733 πέπομφα
2572 664 2660 716 διά
2707 663 2799 717 τοῦ
2830 679 2858 715 ο
2881 679 2898 695 ο
2949 663 3059 731 ἂρα
3103 664 3130 714 ὁ
3166 663 3435 730 πέπομφα
3469 677 3630 730 παρα-

2059 756 2317 823 κείμενος
2354 756 2448 808 τὸν
2465 757 2794 825 χαρακτῆρα
2847 755 2961 824 ἔχει
2993 754 3102 806 τῶν
3134 753 3250 818 δύο,
3286 759 3377 806 τὸν
3426 755 3524 823 μὲν
3543 755 3628 807 τοῦ

2059 846 2412 919 ἐνεργητικοῦ
2454 849 2544 902 διά
2594 850 2655 902 τδ
2701 851 2781 918 φῖ,
2837 850 2929 901 τὸν
2967 847 3022 899 δὲ
3051 845 3146 900 τοῦ
3191 847 3358 915 μέσου
3396 847 3485 901 διὰ
3522 847 3581 900 τὸ
3605 865 3630 900 ο

2063 941 2281 1010 μικρόν.
2316 940 2570 996 Τοιοῦτον
2599 942 2657 994 δὲ
2687 943 2784 994 καὶ
2811 941 2874 994 τὸ
2912 941 3152 1010 κὲκλοφα
3201 942 3267 994 ὲκ
3297 939 3393 994 τοῦ
3423 955 3631 994 κιεπτω

2059 1031 2376 1096 ἐνεστῶτος,
2427 1028 2488 1086 οὗ
2525 1033 2621 1086 καὶ
2655 1032 2824 1086 αὐτοῦ
2869 1031 2964 1084 δύο
3017 1032 3184 1100 φύσει
3216 1034 3632 1102 παρακειμένων

2058 1119 2231 1174 ὄντων
2277 1122 2372 1175 τοῦ
2440 1124 2683 1191 κέκλοφα
2745 1123 3103 1194 ἑνεργητικοῦ
3160 1124 3253 1176 καὶ
3317 1125 3488 1193 μέσου
3547 1123 3630 1177 τοῦ

2060 1211 2330 1280 κέκλοπα,
2357 1213 2452 1266 τοῦ
2489 1216 2847 1284 ἑνεργητικοῦ
2881 1217 2981 1284 μέν
3010 1217 3128 1270 ἐστι
3157 1216 3220 1268 τὸ
3242 1218 3321 1283 αἱ,
3351 1214 3446 1269 τοῦ
3478 1219 3634 1285 μέσον

2057 1303 2114 1356 δὲ
2157 1304 2220 1356 τὸ
2273 1319 2340 1356 οο
2391 1305 2578 1374 ὅμοιον
2618 1307 2676 1359 δὲ
2723 1307 2935 1369 τούτοις
2979 1307 3418 1378 ἀπαραλλάκτως
3458 1311 3549 1361 καὶ
3580 1309 3637 1364 τὸ

2059 1395 2324 1465 τέτροφεν
2344 1411 2360 1428 ·
2387 1397 2449 1451 ὲν
2472 1396 2611 1470 ἄλλῃ
2635 1399 2692 1452 δὲ
2722 1398 2952 1472 συζυγίᾳ
2975 1401 3256 1472 ῥηματικῇ
3285 1401 3380 1454 καὶ
3407 1400 3469 1453 τδ
3500 1401 3637 1465 εἰκὸς

2059 1488 2335 1554 Ἰωνικῶς,
2354 1491 2449 1542 καὶ
2473 1489 2534 1543 τὸ
2552 1491 2728 1544 ἔοικεν
2768 1491 3058 1555 ’Δττικῶς,
3083 1493 3178 1544 καὶ
3195 1493 3255 1545 τὸ
3275 1493 3525 1563 λέλογχε,
3553 1496 3639 1548 καὶ

2057 1582 2118 1634 τὸ
2149 1583 2406 1652 ἐνήνοχε·
2451 1583 2548 1636 καὶ
2589 1583 2738 1636 ἔστιν
2779 1583 2956 1636 εἰπεῖν
2997 1583 3202 1652 τρόπον
3241 1582 3401 1636 ἀλλον
3442 1586 3638 1654 μέσους

377 1667 561 1714 tenent
582 1659 725 1714 inter
747 1663 920 1714 activa
946 1661 1165 1729 proprie
1188 1659 1348 1723 dicta,
1381 1668 1436 1714 et
1462 1659 1659 1714 media.
1701 1659 1765 1712 Ἦ
1796 1661 1946 1730 χάρις

2059 1673 2187 1736 τοὺς
2205 1672 2480 1738 τοιούτους
2513 1675 2983 1746 παρακειμένους,
3004 1676 3079 1739 ὡς
3112 1675 3314 1746 μεταξύ
3347 1659 3463 1741 πως
3495 1678 3638 1742 ὄντες

376 1761 555 1806 autem
594 1750 829 1820 Spiritus
874 1767 940 1806 ex
987 1751 1066 1822 τῷ
1110 1751 1324 1822 χαίρειν
1364 1752 1662 1819 derivatur,
1697 1761 1750 1806 et
1794 1768 1860 1806 ex
1889 1757 1946 1823 τῇ

2063 1765 2128 1834 τῇ
2161 1733 2434 1835 προφορᾷ,
2461 1733 2577 1819 τῶν
2597 1733 2774 1830 ’ἰδίως
2793 1733 3168 1838 ἐνεργητικῶν
3198 1733 3537 1839 λεγομένων,
3565 1733 3640 1823 ετξ

378 1841 544 1913 χαρᾷ,
602 1857 706 1908 qua
753 1843 990 1912 gaudent
1031 1840 1365 1910 spirituales,
1403 1856 1526 1896 cum
1581 1841 1956 1896 desideratum

373 1930 679 1999 possident,
705 1944 758 1988 et
785 1932 910 1987 ideo
937 1941 1219 1987 merentur
1248 1948 1279 1986 a
1316 1932 1428 1987 Deo
1457 1934 1758 1988 secundum
1784 1933 1956 1988 Evan-

375 2022 574 2092 gelium
609 2023 798 2078 audire
829 2036 847 2076 :
879 2024 1109 2094 gaudete
1135 2038 1151 2078 :
1183 2024 1326 2079 sicut
1347 2025 1494 2080 enim
1522 2024 1726 2081 dicitur
1753 2025 1957 2097 κιθάρα

375 2113 620 2183 κίθαρις,
651 2114 730 2169 sic
763 2115 930 2168 etiam
963 2114 1109 2185 χαρὰ
1136 2115 1322 2186 χάρις.

800 2287 1121 2360 Troparium
1150 2291 1186 2346 2
1216 2291 1332 2346 ode
1360 2307 1534 2348 nonan

451 2379 824 2448 Quoscunque
862 2379 1152 2450 inspiravit
1174 2381 1370 2437 dciﬂua
1399 2385 1596 2454 gratia,

374 2467 756 2540 Splendentes,
791 2470 1151 2541 lulgurautes,
1190 2476 1508 2543 perntutati,

375 2559 669 2616 Extcruam
695 2563 1177 2633 permutationem,
1205 2567 1674 2634 deccntissimam,

374 2654 848 2723 Aiquipoteniem,
866 2654 1254 2710 indivisibilcm
1274 2667 1688 2727 cognoscentes,
1718 2658 1952 2732 (camus.

375 2746 686 2814 Sapientem
725 2745 958 2814 triplicis
1003 2747 1311 2816 splendoris
1353 2750 1714 2805 substantiam
1751 2753 1956 2822 gloriﬁ-

443 2836 569 2892 2⁸57.
617 2835 875 2906 Stropbe,
936 2852 1178 2906 praesens
1232 2848 1316 2894 est
1375 2842 1613 2896 mixtura
1670 2843 1954 2914 theologia:

376 2929 887 2997 rccordationisque
918 2927 1204 2985 Trinitatis
1237 2931 1450 3000 hymni,
1485 2934 1540 2986 in
1571 2949 1731 3002 quem
1769 2951 1955 2990 mora-

377 3019 502 3074 liter
549 3019 750 3074 dcsiuit
799 3019 869 3073 ab
920 3020 1190 3075 altissimo
1233 3021 1499 3090 incipiens
1539 3040 1555 3077 :
1589 3022 1725 3078 dicit
1755 3026 1898 3079 enim
1935 3045 1948 3079 :

375 3110 807 3180 Quibuscunque
859 3111 1086 3180 spiravit
1137 3125 1170 3164 a
1211 3109 1336 3181 _Deo
1405 3111 1580 3168 ﬂuens
1637 3116 1832 3184 gratia,
1885 3117 1952 3172 ad

384 3203 677 3256 lucendum
719 3212 774 3257 et
821 3202 1132 3274 fulgentium
1164 3213 1219 3259 et
1245 3205 1458 3258 ὀθνείαν
1491 3209 1606 3261 sive
1638 3220 1952 3264 extraneain

377 3295 735 3350 mutationem
772 3303 827 3349 et
857 3295 1430 3352 convenientissimum
1456 3299 1814 3368 operandum,
1844 3304 1956 3372 glo-

373 3388 672 3454 riﬁcamus,
699 3397 754 3443 et
779 3389 1004 3444 omnino
1033 3389 1341 3460 gloriﬁcare
1360 3390 1623 3449 debemus
1651 3396 1950 3465 sapientem

375 3481 721 3536 ti‘ilucentem
757 3483 1148 3550 substantiam,
1180 3481 1501 3538 Trinitatem
1537 3487 1767 3552 scilicet,
1806 3490 1952 3545 indi-

375 3572 644 3627 visibilem
702 3575 940 3629 scientes
995 3573 1166 3642 illam,
1218 3585 1491 3645 quatenus
1537 3579 1794 3635 dissecari
1842 3597 1950 3637 non

370 3665 598 3720 omnino
627 3675 828 3736 potest,
858 3676 920 3722 ut
951 3669 1020 3722 ab
1050 3669 1284 3724 invicem
1312 3685 1560 3740 persona.-
1587 3685 1946 3742 separentur;

370 3759 465 3812 sed
514 3759 564 3812 in
607 3774 774 3814 unum
795 3760 975 3814 solum
1021 3763 1318 3817 credantur
1359 3775 1414 3818 et
1461 3763 1840 3834 intelligantur
1889 3776 1946 3822 et

367 3851 663 3904 doceantur
691 3859 800 3906 tres
827 3853 990 3906 unius
1037 3853 1261 3909 Deitatis
1290 3868 1561 3924 perssnac.
1613 3854 1672 3910 In
1711 3856 1797 3912 his
1845 3873 1945 3912 au-

371 3955 482 4000 tem
515 3955 691 4015 potest
713 3947 934 4002 verbum
971 3949 1267 4018 δοξάζομεν
1309 3953 1558 4007 consulte
1590 3954 1820 4022 cOgitari
1855 3972 1868 4007 ι
1899 3955 1943 4010 si

301 4029 303 4031 ’
367 4051 496 4090 vero
525 4053 632 4090 non
656 4038 900 4093 extendit
941 4042 1319 4110 penultimam,
1354 4045 1458 4099 hoc
1505 4046 1701 4100 ionicae
1730 4045 1944 4102 indiﬂ'e-

365 4130 554 4182 rentite
609 4139 710 4184 cst.
753 4133 941 4195 Quoad
990 4144 1171 4186 autem
1219 4135 1396 4204 reipsa
1457 4137 1846 4191 indivisibilem
1890 4141 1941 4191 in

363 4220 538 4275 tribus
587 4225 838 4291 personis
887 4225 1278 4292 substantiam,
1334 4239 1390 4283 et
1438 4229 1644 4285 dictum
1703 4234 1769 4289 de
1826 4238 1939 4308 ipsa

362 4324 607 4376 sensum,
649 4315 1055 4386 recogitandum
1102 4329 1186 4381 est
1237 4334 1494 4391 magnum
1536 4334 1789 4380 sanctum
1844 4331 1936 4398 qui

367 4402 505 4456 dixit
533 4404 694 4457 simul
717 4420 778 4458 ac
801 4407 1149 4472 scinduntur,
1177 4409 1339 4463 etiam
1369 4423 1579 4468 atomos
1609 4415 1914 4473 coalescere

359 4493 476 4547 sive
525 4511 632 4550 non
686 4512 808 4552 esse
863 4507 1042 4554 sectos
1099 4512 1316 4555 sccinra
1369 4502 1669 4572 dividente,
1721 4511 1935 4578 qualem

359 4588 612 4652 dicimus,
653 4605 756 4657 qua
791 4590 1084 4660 ﬁngeretur
1119 4594 1293 4648 deitas
1338 4595 1392 4648 in
1431 4599 1736 4653 substantia
1773 4602 1934 4667 trina,

360 4683 441 4734 vel
472 4683 524 4735 in
564 4687 701 4736 trina
733 4684 934 4738 dcitate
963 4688 1289 4742 substantia.
1328 4689 1390 4743 Et
1421 4690 1495 4744 ita
1529 4693 1750 4760 quidem
1791 4704 1939 4750 recte

359 4778 582 4843 ponitur
615 4777 931 4847 huiusmodi
956 4783 1505 4851 sententiastrophm.

426 4866 552 4920 258.
599 4867 705 4922 Sed
751 4871 818 4924 ad
867 4873 1064 4928 melius
1124 4877 1302 4930 adhuc
1351 4878 1744 4933 attendendum
1793 4887 1876 4934 est
1919 4895 1934 4934 :

358 4958 729 5014 lnmorabilem
773 4965 856 5016 sui
915 4964 1086 5034 ipsius
1143 4967 1579 5034 prmdicationcm
1638 4968 1710 5024 ibi
1775 4978 1935 5040 poeta

357 5051 600 5116 exponit,
671 5053 724 5103 in
784 5053 1173 5109 communione
1241 5059 1530 5114 commode
1598 5059 1930 5115 latitantem.

357 5139 619 5196 Sermone
661 5159 894 5214 namque
933 5147 1160 5200 laudans
1203 5161 1296 5202 eos
1339 5151 1433 5219 qui
1469 5160 1715 5204 sanctam
1750 5148 1932 5204 Trini-

355 5241 518 5286 tatem
560 5234 882 5304 gloriﬁcant,
938 5238 992 5291 in
1045 5254 1336 5296 commune
1383 5257 1504 5297 sese
1550 5257 1777 5312 prorsus
1826 5245 1934 5297 im-

356 5333 548 5380 miscet
577 5335 833 5394 tanquam
865 5330 957 5398 qui
1009 5331 1219 5385 melode
1243 5343 1296 5387 ct
1338 5335 1748 5401 magniﬁcenter
1775 5334 1928 5390 illam

353 5418 652 5472 celebravit
686 5430 737 5473 et
773 5420 844 5473 ita
893 5422 1237 5490 glorilicavit.
1279 5424 1418 5479 Dicit
1458 5441 1589 5495 ergo
1637 5443 1651 5480 :
1701 5426 1932 5492 Quibus-

292 5536 294 5538 τ
352 5520 567 5578 cunque
615 5525 682 5563 ex
741 5512 1196 5583 nobislspiravit
1259 5513 1497 5582 Spiritus
1562 5515 1760 5584 gratia,
1824 5515 1928 5584 ipsi

352 5615 599 5672 prorsus,
634 5603 954 5674 lmjusmodi
1003 5607 1183 5676 gratia
1241 5606 1508 5674 lucentes,
1565 5619 1618 5662 et
1673 5620 1933 5664 extranee

351 5695 564 5775 mutati,
617 5707 672 5753 ct
719 5700 980 5769 aequalem
1035 5709 1241 5757 sanctrc
1292 5701 1580 5758 Trinitatis
1628 5707 1922 5770 potentiam

1922 4461 1936 4484 ν
1971 4441 2014 4498 D
2042 4437 2352 4527 τεμνόμενα
2386 4444 2528 4510 τομῇ
2575 4442 2906 4516 διαιρετικῇ,
2941 4449 3134 4500 ὁποίαν
3184 4452 3425 4522 ἔφαμεν,
3462 4457 3534 4509 δι’
3564 4454 3597 4527 ἦ

2063 1855 2118 1909 δὲ
2150 1858 2242 1907 καὶ
2273 1857 2384 1909 τῶν
2429 1859 2637 1926 μέσων.
2683 1859 2749 1912 Ἠ
2789 1861 2950 1930 χάρις
2977 1860 3035 1914 δὲ
3084 1860 3180 1915 τοῦ
3230 1861 3550 1931 Πνεύματος
3584 1867 3642 1914 ἐκ

2061 1947 2154 2001 τοῦ
2186 1950 2402 2019 χαίρειν
2435 1951 2738 2022 παρῆκται,
2774 1953 2871 2006 καὶ
2899 1953 2999 2023 τῆς
3039 1957 3218 2025 χαρᾶς
3257 1955 3322 2024 ἢν
3363 1955 3641 2026 χαίρουσιν

2062 2039 2112 2090 οἱ
2171 2044 2557 2110 πνευματικοὶ,
2610 2043 2672 2095 τὺ
2721 2044 2910 2111 ἐφετὸν
2960 2045 3196 2116 ἔχοντες,
3252 2047 3348 2099 καὶ
3395 2046 3465 2100 δι’
3520 2047 3642 2100 αὐτὸ

2063 2131 2357 2201 ἠξιωμένοι
2388 2135 2572 2188 θεόθεν
2603 2135 2975 2204 εὐαγγελικῶς
3015 2138 3237 2193 ἀκούειν
3267 2142 3346 2208 τὸ,
3378 2141 3604 2211 χαίρετε
3625 2157 3639 2174 ο

2062 2221 2136 2286 ὡς
2165 2224 2275 2294 γάρ
2307 2242 2440 2293 φασι
2472 2227 2678 2297 κιθάρα
2705 2228 2949 2300 κίθαρις,
2984 2229 3127 2284 οὕτω
3165 2233 3262 2284 καὶ
3285 2233 3432 2302 χαρά
3461 2233 3639 2302 χάρις.

2221 2317 2554 2387 Τροπὰριον
2579 2321 2865 2390 δεύτερον
2893 2322 3006 2392 τῆς
3034 2323 3295 2393 maqu
3323 2323 3510 2396 ᾠδης.

2135 2407 2346 2464 XXVII.
2389 2408 2580 2476 Ὀσοις
2605 2413 2870 2467 ἐπνευσεν
2905 2416 2938 2486 ἡ
2967 2414 3262 2488 θεόρῤυτος
3285 2419 3470 2489 χάρις,

2379 2502 2728 2572 Δάμποντες,
2758 2505 3184 2575 ἀστράπτοντες,
3217 2510 3604 2583 ἠλλοιωμένοι,

2390 2596 2642 2652 Ὀθνείαν
2670 2598 2980 2665 ἀλλοίωσιν,
3006 2601 3493 2676 εὐπρεπεστάτην,

2391 2688 2820 2758 Ἰσοσθενοῢσαν,
2853 2693 2953 2764 τὴν
2983 2695 3230 2766 ἄτμητον
3259 2698 3462 2762 εἰδότες

2376 2780 2555 2852 Σοφὴν
2583 2783 2882 2852 τρὶφεγγον
2909 2786 3099 2841 οὐσίαν
3138 2788 3464 2860 δοξάζομεν.

2134 2869 2273 2932 σλζθ.
2307 2871 2599 2941 Θεολογεας
2642 2877 2833 2946 κρᾶμα
2882 2879 2943 2932 τὸ
2976 2881 3148 2949 παρὸν
3199 2885 3509 2954 τροπάριον
3557 2888 3642 2939 καὶ

2061 2962 2424 3032 ὑπομνήσεως
2479 2965 2650 3036 ὕμνου
2714 2972 3018 3037 τριαδικοῦ,
3073 2977 3153 3038 εἰς
3217 2975 3278 3029 ὃν
3338 2979 3643 3050 καταλήγει

1987 3089 2029 3147 c
2060 3056 2269 3126 ἠθικῶς
2301 3061 2366 3110 ὲκ
2415 3059 2510 3111 τοῦ
2545 3061 2886 3132 ὑψηλοτάτου
2937 3067 3247 3137 ἀρξάμενον
3272 3086 3286 3100 ·
3338 3071 3494 3141 λέγει
3537 3073 3643 3143 γὰρ

2060 3150 2140 3201 ὅτι
2169 3151 2313 3209 ὅσοις
2341 3149 2603 3204 ἔπνευσεν
2629 3155 2661 3224 ἡ
2690 3155 2978 3226 θεὸρῤυτος
3003 3161 3158 3229 χάρις
3183 3162 3255 3226 ὡς
3282 3165 3528 3234 λάμπειν
3551 3170 3641 3220 καὶ

2056 3243 2390 3313 ἀστράπτειν
2451 3247 2546 3300 καὶ
2597 3249 2928 3317 ἠλλοιῶσθαι
2981 3253 3197 3306 ὀθνείαν
3254 3258 3427 3326 ἤγουν
3488 3260 3641 3328 ξένην

2056 3334 2344 3388 ἀλλοίωσιν
2390 3337 2844 3411 εὐπρεπεστάτην
2888 3340 3211 3414 δοξάζομεν,
3265 3347 3361 3400 καὶ
3391 3347 3640 3414 δοξάζειν

2055 3428 2275 3490 πάντως
2302 3429 2591 3500 ὀφείλομεν
2629 3433 2730 3502 τὴν
2766 3434 2934 3505 σοφὴν
2957 3438 3256 3507 τρξφεγγον
3289 3440 3508 3508 οὐσίαν,
3545 3444 3640 3515 τὴν

2052 3519 2337 3590 τριαδικὴν
2355 3521 2577 3593 δηλαδὴ,
2599 3522 2842 3594 ἄτμητον
2865 3517 3066 3592 ειδότες
3097 3531 3267 3600 αὐτὴν
3297 3537 3448 3587 κατὰ
3474 3536 3534 3590 τὸ
3564 3539 3638 3607 μὴ

2049 3611 2346 3679 τέμνεσθαι
2394 3613 2642 3684 διαμπάξ
2689 3616 2763 3679 ὡς
2817 3620 2914 3671 καὶ
2963 3620 3302 3690 χωρίζεσθαι
3353 3625 3638 3696 ἀλλήλων

2049 3702 2185 3754 ἀλλά
2215 3704 2296 3768 εἰς
2348 3706 2520 3775 μόνον
2561 3708 2688 3761 ὅσον
2729 3709 3106 3766 πιστώσασθαι
3151 3717 3244 3768 καὶ
3281 3719 3502 3787 νοῆσαι,
3552 3722 3641 3777 καὶ

2046 3793 2254 3861 διδάξαι
2300 3798 2367 3850 τὰ
2407 3800 2534 3867 τρία
2582 3801 2852 3870 πρόσωπα
2896 3806 2996 3873 τῆς
3053 3808 3184 3876 μιᾶς
3235 3808 3533 3879 θεότητος’
3584 3817 3638 3868 ὲν

2046 3887 2256 3951 τούτοις
2279 3889 2333 3941 δὲ
2358 3890 2581 3944 δύναται
2609 3893 2669 3946 τὸ
2700 3894 2998 3964 δοξάζομεν
3022 3900 3122 3950 καὶ
3148 3901 3638 3972 συμϐουλευτικῶς

2046 3981 2317 4035 νοεῖσθαι·
2376 3987 2424 4036 εί
2475 3985 2531 4038 δὲ
2590 3987 2666 4055 μὴ
2721 3987 2954 4041 ἐκτείνει
3015 3991 3113 4059 τὴν
3173 3986 3635 4065 παραλήγουσαν,

2049 4072 2271 4143 ἰωνικῆς
2321 4075 2487 4128 τοῦτο
2529 4077 2864 4148 ἀδιαφορίας
2904 4082 3073 4137 ἐστίν.
3123 4083 3217 4149 Εἰς
3250 4085 3441 4156 δὲτὴν
3470 4091 3637 4153 ὅντως

2043 4163 2284 4235 ἀτμητον
2312 4167 2696 4237 τριπρόσωπον
2727 4171 2940 4237 οὐσίαν,
2975 4175 3070 4227 καὶ
3101 4176 3190 4228 τὸν
3218 4178 3522 4249 εἰρημένον
3552 4181 3637 4235 ἐπ’

2043 4256 2179 4324 αὐτῇ
2215 4256 2362 4322 νοῦν,
2395 4259 2733 4330 ἐνθυμητέον
2764 4262 2858 4314 καὶ
2887 4267 2977 4318 τὸν
3015 4268 3193 4334 μέγαν
3225 4271 3379 4337 ἆγιον
3413 4273 3474 4338 ὃς
3506 4274 3634 4344 ἔψη,

2040 4344 2156 4414 ἅμα
2179 4347 2257 4416 τῷ
2283 4349 2490 4417 τεμεῖν,
2522 4350 2915 4407 ἐπισυνάπτειν
2939 4356 3006 4407 τὰ
3035 4358 3232 4427 ἄτομα,
3263 4361 3435 4430 ἤγουν
3463 4367 3531 4417 τά
3559 4365 3634 4436 μὴ

3608 4496 3631 4520 ‘I

2038 4526 2307 4594 τριούσιες
2345 4531 2674 4598 φαντάζοιτο
2727 4535 2796 4587 ἂν
2854 4536 3047 4605 θεότης
3091 4539 3121 4608 ἧ
3170 4543 3328 4596 οὐσία
3374 4526 3630 4615 τριθεοςυ

2040 4618 2135 4667 καὶ
2183 4617 2326 4671 οὕτω
2382 4622 2481 4691 μὲν
2513 4623 2694 4692 ὀρθῶς
2734 4626 3005 4681 διάκειται
3035 4632 3064 4698 ἡ
3098 4634 3322 4704 τοιαέτη
3375 4639 3476 4691 τοῦ
3505 4657 3632 4710 τροο

2040 4711 2240 4780 παρέου
2274 4711 2472 4769 ἔννοια.

2109 4882 2244 4954 σὶη’.
2314 4888 2620 4944 Ἐπιὸαλεῖν
2663 4892 2720 4947 δὲ
2767 4895 2935 4949 εἰσέτι
2965 4896 3216 4952 κάλλιον·
3281 4904 3492 4975 σεμνὴν
3539 4922 3635 4956 πε-

2040 4979 2419 5045 ριαυτολογίαν
2468 4982 2497 5033 ὁ
2553 4983 2790 5054 μελῳδὸς
2839 4988 3073 5042 ἐνταῦθα
3121 4992 3372 5062 ἐκτίθησι
3429 4996 3634 5049 λανθα-

2038 5084 2234 5120 νουσαν
2285 5071 2591 5140 εὐμεθόδως
2632 5076 2722 5130 διὰ
2766 5085 3214 5152 κοινοποιὴσεως.
3265 5087 3633 5157 Σεμνσλογῶν

2040 5160 2150 5228 γὰρ
2183 5163 2308 5226 τοὺς
2345 5165 2443 5234 τὴν
2478 5166 2639 5234 ἁγίαν
2676 5169 2885 5239 Τριάδα
2911 5172 3257 5240 δοξάζοντας,
3298 5181 3634 5247 συνεισάγει

2039 5251 2255 5313 πάντως
2278 5255 2336 5306 ὲν
2355 5254 2434 5324 τῷ
2463 5258 2627 5326 κοινῴ
2654 5261 2746 5313 καὶ
2776 5261 2998 5328 ἑαυτὸν,
3023 5265 3098 5328 ὡς
3127 5269 3421 5337 ἐμμέτρως
3453 5272 3636 5341 αὐτὴν

2035 5343 2128 5395 καὶ
2161 5347 2464 5414 μεγαλείως
2492 5347 2942 5423 ὑμνολογήσαντα
2973 5359 3068 5409 καὶ
3097 5359 3239 5413 οὕτω
3279 5361 3627 5424 δοξάσαντα.

2034 5434 2201 5500 Λέγει
2240 5431 2333 5491 οὖν
2376 5440 2458 5493 ὅτι
2492 5441 2637 5506 ὅσοις
2685 5445 2743 5511 ἐξ
2780 5448 2938 5515 ἡμῶν
2969 5448 3230 5504 ἔπνευσεν
3259 5453 3416 5521 ἀγεου
3451 5455 3632 5509 lived.

2038 5531 2244 5596 ματος*
2281 5531 2461 5600 χάρις,
2527 5535 2683 5588 αὐτοὶ
2746 5538 2966 5602 πάντως
3027 5542 3489 5614 λαμπρυνθέντες
3558 5551 3626 5620 τῇ

2033 5616 2260 5690 τοιαύτῃ
2287 5622 2470 5691 χάριτι
2503 5626 2595 5678 καὶ
2641 5627 2804 5692 ξένους
2853 5632 3234 5703 ὴλλοιωμένοι,
3283 5637 3373 5690 καὶ
3429 5642 3496 5691 τὸ
3528 5616 3631 5710 τῆξ

2032 5709 2202 5777 ἁγίας
2241 5713 2472 5783 Τριὰδος
2523 5720 3058 5796 ἰσοσθενὲςβῐδότες,
3100 5730 3299 5784 ταυτὸν
3340 5731 3384 5784 δ’
3418 5709 3627 5800 εἰπεῖν,
