3966 6248
373 294 473 358 ’741

1157 297 1235 360 lN
1279 297 1619 365 mnuum
1663 301 2308 371 PENTECOSTALEM
2357 280 2825 376 pauescas].

3514 295 3620 377 πε

351 412 677 479 ἑγνωκότε·,
711 410 786 476 ὡς
814 411 874 465 ὲν
903 412 980 482 τῷ
1023 413 1206 484 είρμῷ
1234 413 1334 484 τῆς
1365 416 1559 486 τρίτης
1597 416 1741 488 ᾠδῆς
1782 417 1929 487 δεδή-

2035 421 2288 490 scientes,
2342 424 2456 477 sive
2502 433 2920 494 cegnoscentes,
2957 433 3016 478 ut
3067 421 3121 477 in
3165 424 3428 480 carminis
3472 427 3619 481 tertii

351 501 521 555 λωται
539 519 552 534 ο
583 503 705 573 ἣτις
733 504 865 572 ἁγία
885 504 1057 576 Τριὰς
1083 506 1180 576 οὐχ
1207 507 1395 571 ἁπλῶς
1423 510 1582 561 οὐσία
1607 511 1777 574 ἐστὶν,
1808 509 1930 563 οὐδὲ

351 595 543 659 ἁπλῶς
571 595 893 664 τρίφεγγυς,
928 595 1066 650 ἀλλὰ.
1085 597 1228 651 κατά
1250 616 1372 652 τινα
1403 599 1614 670 τρίαξιν
1643 603 1935 670 ἐπιθέτων,

352 686 498 758 σοφὴ
528 687 824 757 τρῖφεγγος
876 687 1068 741 οὐσία·
1121 691 1276 743 αὐτοὶ
1309 693 1489 745 τοίνυν
1520 693 1660 746 οῦτω
1693 694 1938 764 λαμπροὶ

313 779 507 842 ’ὅντες
556 780 654 832 καὶ
708 781 776 833 τὰ
814 782 935 834 θεῖα
993 784 1172 850 σοφοὶ,
1211 783 1438 846 δεόντως
1468 787 1563 838 καὶ
1618 787 1934 856 δοξάζομεν.

352 871 550 932 Καλῶς
580 872 633 925 δὲ
681 873 789 941 ἄρα
838 875 932 926 καὶ
983 875 1317 945 ἀποστολικῇ
1368 876 1596 948 μεθόδῳ,
1639 878 1697 928 ὲν
1747 879 1936 947 Κυρίῳ

317 989 320 992 ~
350 965 629 1036 καυχᾶται
652 967 680 1018 ό
705 966 848 1029 θεῖος
869 962 1024 1028 οὗτος
1049 965 1288 1036 μελῳδὸς
1315 967 1591 1032 πεποιθὼς
1612 965 1897 1038 ἀληθεύειν
1917 986 1930 1000 ·

349 1059 449 1109 καί
498 1073 562 1125 γε
615 1057 874 1128 ἀληθεύει
905 1057 1041 1112 Θεοῦ
1083 1058 1304 1130 χάριτι·
1371 1061 1473 1113 οὐκ
1522 1061 1832 1130 ἀπορητέον
1878 1061 1934 1115 δὲ

317 1148 470 1212 ’πῶς
509 1149 538 1202 ὁ
587 1149 824 1219 μελῳδὸς
857 1148 1126 1220 ἠρκέσθη,
1181 1152 1372 1205 οὐσίαν
1430 1149 1602 1205 εἰπὼν
1647 1152 1744 1221 τὴν
1793 1153 1936 1221 ὑπὲρ

348 1242 754 1295 πᾶσαν”ούσίαν
800 1243 966 1310 ἁγίαν
1015 1243 1264 1314 Τριάδαο
1321 1241 1436 1296 ἀλλ’
1466 1242 1799 1312 ἐνθυμητέον
1851 1245 1934 1298 ὅτι

344 1331 458 1385 κᾶν
489 1331 563 1403 μὴ
593 1332 920 1404 ύπερούσιον
948 1334 1130 1407 ῥητῶς
1157 1332 1311 1388 εἶπεν
1344 1335 1534 1404 αὐτὴν,
1568 1335 1704 1389 ἀλλὰ
1733 1338 1934 1416 τρόπῖν

249 1413 252 1416 ’
345 1417 512 1477 ἄλλον
559 1425 658 1496 τὴν
712 1425 882 1496 αὐτὴν
932 1425 1144 1480 ἔννοιαν
1195 1427 1572 1498 ὑπεκρούσατο
1636 1413 1930 1497 ἀσφαλῶς·

344 1513 508 1567 οὐσία
568 1515 676 1586 γὰρ
729 1516 868 1587 σοφὴ
918 1517 1236 1587 τρίφεγγος,
1275 1519 1618 1591 ήάγιωτᾶτη
1673 1520 1809 1591 μόνη
1841 1521 1934 1574 καὶ

345 1607 612 1679 ἀνωτέρω
644 1609 846 1680 ἐρρέθη
883 1611 1077 1682 τριάς.

313 1704 579 1760 tentiam
631 1714 748 1762 tuto
802 1707 1170 1766 subindieavit

341 1800 493 1852 dicta
517 1806 618 1852 est.

2039 529 2180 569 nexu
2238 525 2598 572 monstratum
2650 527 2780 583 est;
2813 532 2933 587 quae
2982 511 3170 573 sancta
3216 516 3454 571 Trinitas
3508 533 3618 573 nou

2037 609 2359 678 simpliciter
2387 612 2692 666 substantia
2729 620 2834 675 est,
2862 625 2960 666 nec
2988 611 3309 680 simpliciter
3336 612 3618 678 trilneens,

2037 701 2130 754 sed
2177 701 2330 770 juxta
2375 703 2667 771 quamdam
2714 705 2931 757 triaxim
2979 703 3369 772 epithetorum.
3398 704 3620 773 sapiens

2039 791 2292 847 trilucida
2329 793 2675 859 substantia;
2739 795 2837 864 ipsi
2875 795 3100 865 proinde
3136 796 3215 849 sic
3254 793 3524 864 fulgentes
3557 797 3620 850 'et

2037 883 2090 936 in
2127 883 2326 938 divinis
2351 885 2624 954 sapientes
2654 884 2802 949 lacti,
2844 895 2899 938 ut
2932 896 3165 955 oportet,
3210 886 3372 938 etiam
3415 886 3619 953 ειυτὶίί-

2036 983 2246 1028 camUs.
2287 973 2523 1029 Pulchre
2549 976 2768 1045 quidem
2805 978 2971 1047 igitur
3004 975 3302 1046 apostolica
3336 977 3616 1042 methodo,

2035 1063 2089 1119 in
2117 1063 2346 1120 Domino
2363 1065 2626 1136 gloriatur
2645 1067 2864 1122 divinus
2893 1067 2983 1123 ille
3009 1068 3280 1133 melodus,
3312 1068 3364 1122 in
3388 1068 3620 1122 veritate

2036 1175 2094 1215 se
2129 1175 2249 1216 esse
2267 1162 2572 1218 conﬁdens.
2605 1162 2668 1215 Et
2693 1171 2838 1217 certe
2868 1164 3040 1230 gratia
3074 1163 3167 1217 Dei
3197 1177 3322 1217 vera
3349 1163 3616 1231 10quitur.

2035 1250 2153 1306 Non
2208 1262 2391 1307 autem
2446 1261 2530 1308 est
2583 1253 2966 1323 ambigendum
3030 1255 3306 1324 quomodo
3367 1255 3616 1310 melodus

2036 1353 2330 1400 contentus
2365 1345 2438 1400 sit
2487 1346 2852 1401 substantiam
2878 1345 3090 1414 dicens,
3127 1347 3276 1401 illam
3305 1362 3425 1416 qua:
3456 1362 3622 1416 super

2035 1448 2252 1489 omnem
2294 1435 2654 1491 substantiam
2699 1447 2802 1503 est,
2850 1447 3095 1491 sanetam
3137 1435 3495 1503 Trinitatem;
3523 1437 3617 1491 sed

2034 1525 2445 1595 recogitandum
2500 1528 2643 1597 quod
2698 1529 2798 1582 etsi
2861 1543 2968 1582 non
3023 1528 3200 1583 verbis
3251 1527 3452 1582 dixerit
3495 1542 3615 1580 eam

2035 1618 2638 1686 Supersubstantialem,
2667 1619 2774 1674 alio
2811 1621 2970 1675 modo
3001 1628 3181 1674 tamen
3214 1619 3459 1674 eamdem
3492 1633 3623 1672 scn-

1224 1725 1240 1764 :
1291 1709 1596 1766 substantia
1669 1725 1905 1780 namque
1947 1712 2192 1782 sapiens,
2225 1712 2510 1783 trilucida,
2538 1715 2675 1782 sola,
2701 1717 3048 1772 sanctissima
3087 1715 3325 1772 Trinitas
3368 1718 3619 1785 Superius

420 1888 552 1944 σλθ¹.
587 1890 729 1960 Ὅρα
784 1890 841 1943 δὲ
888 1889 948 1945 τὸ
1000 1890 1287 1960 ἔπνευσεν,
1340 1892 1669 1966 σεμνότερον
1717 1892 1779 1947 ὃν
1830 1894 1924 1947 τοῦ

2100 1895 2229 1952 259.
2257 1894 2390 1951 Vide
2411 1906 2591 1954 autem
2620 1898 2847 1952 verbum
2876 1899 3156 1963 ἔπνευσεν,
3183 1910 3240 1954 ιιι
3269 1903 3616 1970 praestantius

343 1988 515 2056 ἔφανε
550 1985 643 2040 καὶ
696 1984 905 2056 ἔλαμψε
938 1986 1035 2060 καὶ
1089 1986 1312 2040 πάντων
1342 1985 1455 2040 τῶν
1501 1976 1783 2050 τοιούτων,
1829 1989 1925 2041 καὶ

342 2080 676 2147 οἰκειότερον
707 2075 786 2148 τῷ
813 2075 1192 2147 ὲορταζομένῳ
1219 2076 1360 2150 ἁγίῳ
1388 2077 1669 2148 Πνεύματι
1689 2095 1704 2111 ο
1731 2078 1791 2132 οῦ
1829 2081 1927 2150 τὴν

341 2173 514 2241 χάριν
546 2170 842 2242 θεόρρυτον
871 2167 932 2234 ἐξ
969 2170 1143 2239 ὑγρᾶς
1174 2169 1458 2225 κάνταῦθα
1488 2170 1698 2241 τροπῆς
1722 2171 1826 2242 ἔφη
1853 2171 1930 2232 ὡς

343 2268 441 2318 καὶ
472 2262 857 2335 ὁμόρουμένην
891 2261 1100 2318 ἄνωθεν
1129 2263 1224 2318 ἐπὶ
1268 2262 1520 2334 ἀναψυχῇ
1555 2263 1666 2318 τῶν
1696 2263 1926 2328 πιστῶν,

342 2357 443 2410 aut
502 2354 811 2408 πλύνουσαν
864 2354 1005 2425 ἁγίῳ
1057 2371 1118 2408 τε
1175 2354 1518 2426 βαπτίσματι
1580 2356 1678 2410 καὶ
1721 2354 1930 2417 λοιποῖς

343 2449 516 2512 θείοις
559 2446 905 2518 καθαρσίοις,
936 2447 1034 2500 καὶ
1083 2446 1425 2517 ἀρδεύουσαν
1468 2445 1716 2510 αῦλακας
1757 2445 1929 2510 θείας,

343 2544 442 2595 καὶ
480 2540 758 2606 αὔξουσαν
789 2539 1143 2610 πνευματικὰ
1185 2544 1506 2611 σπέρματα,
1537 2543 1632 2594 καὶ
1661 2540 1933 2595 κατακλύ-

345 2637 546 2700 ζουσαν
571 2632 845 2705 ἁμαρτίας
867 2649 884 2666 ο
917 2635 1014 2687 καὶ
1039 2633 1177 2696 ὅλως
1195 2631 1403 2686 ἄνωθεν
1431 2631 1768 2702 ἐκχεομένην
1799 2647 1934 2700 προ-

346 2727 599 2800 φητικῶς
650 2727 739 2779 ἐπ’
795 2725 985 2794 ἀγαθῷ
1015 2724 1125 2778 τῶν
1175 2724 1269 2778 τοῦ
1315 2723 1562 2777 τοιούτου
1620 2723 1933 2792 Πνεύματος

342 2823 516 2886 ἀξίων
541 2819 732 2890 ψυχῶν
757 2833 771 2848 '
805 2819 1068 2881 τοιούτοις
1097 2816 1154 2870 δὲ
1192 2816 1374 2884 λόγοις
1402 2815 1541 2885 χυτὴ
1573 2814 1640 2868 ἂν
1674 2815 1760 2884 εἴη
1792 2815 1932 2868 ἄνω-

327 2915 439 2968 ’θεν
492 2912 878 2984 μεταφορικῶς
921 2911 954 2980 ἡ
1021 2908 1142 2962 θεία
1199 2906 1554 2976 πνευματικὴ
1609 2907 1790 2976 χάρις,
1839 2909 1934 2961 καὶ

342 3003 599 3074 ὀμϐρητὴ
625 3003 722 3056 καὶ
770 3001 929 3072 ρυτὴ,
958 3000 1063 3070 ἤδη
1111 2999 1166 3052 δὲ
1195 2999 1361 3070 ὑγρὸν
1393 2999 1632 3051 πνέουσα
1681 3013 1935 3067 πνευμα-

340 3093 538 3159 τικῶς,
568 3091 620 3146 εί
644 3109 699 3144 τι
748 3093 853 3160 χρὴ
884 3089 982 3144 καὶ
1028 3087 1171 3142 οὕτω
1201 3089 1408 3158 φράσαι
1457 3087 1758 3157 ἀρχαϊκῶς,
1791 3087 1935 3139 ὥστε

329 3182 646 3252 ’προσφυῶς
695 3181 756 3233 τὸ
787 3179 1052 3233 ἔπνευσεν
1083 3179 1176 3231 ἐπὶ
1207 3178 1308 3247 τῆς
1356 3177 1652 3249 θεορρύτου
1705 3178 1933 3247 χάριτος

343 3277 506 3334 εἶπεν
538 3281 567 3333 ό
604 3277 836 3349 μελῳδός
859 3291 872 3307 '
917 3277 1012 3329 καὶ
1045 3275 1224 3337 ἄλλως
1271 3274 1327 3327 δὲ
1351 3274 1414 3327 τὸ
1466 3272 1600 3326 αὺτὸ
1643 3271 1927 3342 σεμνύναι,

323 3374 542 3443 ’ὥσπερ
572 3372 735 3441 ἕρπει
764 3369 900 3441 πρός
927 3385 1050 3422 τινα
1104 3369 1166 3422 τὸ
1210 3368 1435 3438 ὲρπτὸν,
1487 3368 1582 3421 καὶ
1636 3365 1842 3436 βαδίζει
1870 3366 1930 3418 τὸ

345 3465 617 3530 ποδωτδν,
646 3464 741 3518 καὶ
773 3460 1201 3515 ὲπιπετάννυται
1231 3461 1293 3515 τὸ
1332 3459 1556 3530 πτηνὸν,
1587 3462 1681 3513 καὶ
1705 3458 1930 3528 νήχεται

321 3575 452 3612 σπου
486 3556 544 3609 τὸ
575 3555 790 3626 νηκτὸν,
821 3551 970 3607 οὕτω
999 3555 1217 3615 πάντως
1246 3553 1405 3606 πνέει
1453 3551 1549 3606 καὶ
1578 3552 1737 3621 ἁερὶα
1769 3553 1928 3619 πνοὴ,

343 3649 554 3720 φυσικὴ
607 3647 703 3717 μὲν
749 3644 910 3716 αῦτη,
940 3644 1474 3714 συμϐολογραφοῦσα
1523 3642 1580 3696 δὲ
1610 3643 1685 3707 ὡς
1715 3644 1817 3697 οὐκ
1864 3643 1928 3696 ἂν

341 3735 580 3806 ἀντείπῃ
608 3752 689 3798 τις
713 3734 776 3788 τδ
823 3734 981 3804 ἅγιον
1009 3734 1260 3803 Πνεῦμα,
1293 3733 1322 3786 ὃ
1374 3733 1470 3786 καὶ
1497 3733 1561 3786 εκ
1589 3734 1686 3786 τοῦ
1741 3735 1925 3788 πνέειν

339 3833 442 3886 καὶ
470 3831 570 3902 τῆς
596 3828 715 3884 κατ’
747 3829 882 3884 αὐτὸ
908 3828 1076 3900 πνοῆς
1096 3828 1438 3899 ὠνόμασται.

417 4021 532 4083 σμ’.
567 4013 744 4085 Πνοὴν
775 4013 832 4067 δέ
863 4029 1007 4083 φημι
1058 4010 1316 4079 ινταῦθα,
1352 4010 1477 4064 οὔτε
1519 4009 1618 4081 τὴν
1661 4011 1927 4079 ἁπόγαιον

339 4113 508 4164 ὁποῖα
545 4110 716 4163 πολλὰ
749 4109 881 4176 περὶ
918 4108 1067 4178 ἡμᾶς
1099 4107 1358 4160 πνέουσιν
1389 4107 1637 4176 ἀήματα,
1671 4104 1796 4159 οὔτε
1827 4109 1928 4176 τὴν

331 4208 412 4259 ἐκ
441 4203 763 4268 καπνώδους
809 4202 1010 4271 ἀτμοῦ,
1058 4201 1156 4254 καὶ
1205 4199 1350 4256 οὕτω
1384 4199 1590 4270 ξηράνο
1640 4199 1776 4253 ἀλλὰ
1832 4200 1928 4270 τὴν

339 4299 439 4365 ἀφ’
470 4297 636 4367 ὕψους
685 4299 781 4350 καὶ
829 4297 991 4361 φύσει
1025 4293 1254 4363 ἐνικμον
1300 4293 1398 4346 καὶ
1440 4292 1646 4362 ὑγρά-θ’
1697 4292 1924 4361 τοιαύτη

343 4391 456 4458 γὰρ
491 4389 585 4441 νῦν
613 4385 941 4458 χρησιμεύει
987 4385 1068 4453 τῷ
1120 4383 1348 4456 μελῳδῷ
1388 4383 1688 4455 τροπικῶς,
1739 4384 1825 4437 ἵνα
1859 4384 1926 4437 δι’

343 4483 524 4544 αὐτῆς
569 4480 912 4550 φιλοσοφήσῃ
955 4478 1322 4548 θεολογικῶς⁹
1377 4476 1458 4530 διὸ
1497 4478 1593 4532 καὶ
1629 4477 1928 4546 δυνάμενος

2033 1990 2212 2044 verbis
2247 1989 2413 2059 ἔφανε
2439 2001 2490 2045 et
2523 1990 2758 2060 ἔλαμψε,
2789 1999 2842 2044 et
2875 1993 3132 2047 omnibus
3162 1994 3454 2062 similibus,
3489 2011 3621 2052 00n-

2031 2081 2452 2150 venientiusque
2515 2081 2790 2136 celebrato
2873 2081 3101 2152 Spiritui
3162 2094 3384 2150 sancto;
3463 2089 3620 2158 cujus

2030 2171 2259 2241 gratiam
2292 2187 2356 2226 ex
2393 2172 2736 2228 humiditatis
2774 2171 2946 2245 ﬁgura
2978 2173 3234 2230 liuentem
3275 2193 3303 2231 a
3337 2178 3448 2233 Deo
3481 2179 3622 2235 dixit

2031 2269 2290 2331 tanquam
2374 2262 2603 2316 imbrem
2663 2262 2897 2332 desuper
2947 2273 3259 2318 manantem
3325 2279 3389 2318 ac
3437 2265 3622 2322 ﬁdeles

2003 2346 2472 2423 'rel‘rigerantem,
2533 2362 2835 2423 sanctoque
2899 2355 3225 2422 baptismate
3279 2371 3344 2411 ac
3404 2356 3620 2413 caeteris

2033 2444 2231 2500 divinis
2254 2446 2728 2516 pnrilleationibus
2764 2445 3064 2512 lavantem,
3097 2457 3149 2502 et
3173 2445 3392 2502 divinos
3435 2447 3621 2504 sulcos

2033 2536 2372 2607 irrigantem,
2401 2549 2452 2592 et
2485 2537 2864 2608 spiritualibus
2898 2538 3204 2593 seminibus
3225 2539 3619 2594 incrementum

2035 2627 2276 2692 dantem,
2309 2636 2474 2697 atque
2505 2629 2699 2700 culpas
2727 2629 3069 2698 abluentem;
3104 2646 3213 2686 uno
3245 2631 3432 2700 verbo,
3461 2631 3619 2702 juxta

2037 2719 2352 2790 prophetica
2395 2720 2585 2785 verba,
2640 2720 2874 2777 effusum
2935 2723 2990 2777 in
3047 2724 3251 2778 bonum
3308 2724 3618 2781 animarum

2039 2811 2349 2877 ltnjusmodi
2377 2810 2614 2881 Spiritus
2641 2814 2815 2881 gratia
2847 2813 3159 2884 dignarum.
3191 2814 3414 2870 Talibus
3439 2827 3617 2872 autem

2037 2904 2343 2960 rationibus
2379 2903 2562 2958 divina
2594 2904 2830 2976 Spiritus
2856 2908 3028 2978 gratia
3062 2909 3432 2976 metapliorice
3467 2911 3620 2966 dice-

2039 3004 2128 3050 tur
2159 2997 2393 3066 desuper
2447 2996 2648 3063 fusilis,
2683 3007 2852 3068 utque
2900 3000 3071 3054 imber
3117 3000 3291 3056 ﬂuens
3325 3011 3377 3056 et
3424 3003 3620 3058 decur-

2039 3103 2188 3153 rens,
2233 3088 2457 3160 jamque
2517 3091 2876 3160 spiritualiter
2933 3092 3216 3147 humidum
3277 3095 3512 3164 spirans,
3570 3097 3618 3152 si

2040 3189 2250 3250 oportet
2288 3183 2360 3236 ita
2395 3197 2612 3252 quoque
2644 3185 2827 3250 prisco
2859 3199 3006 3238 more
3043 3183 3227 3256 loqui;
3261 3187 3332 3240 ita
3366 3197 3424 3242 ut
3457 3199 3617 3242 natu-

2037 3272 2224 3326 raliter
2249 3273 2314 3327 de
2343 3274 2514 3342 gratia
2543 3273 2808 3328 divinitus
2838 3285 3095 3330 manante
3134 3281 3356 3330 verbum
3387 3277 3619 3330 ἔπνευσε

2034 3366 2234 3422 dixerit
2275 3367 2563 3434 melodus;
2609 3367 2700 3424 sed
2747 3378 2806 3423 ut
2849 3369 3003 3423 alilet‘
3049 3371 3188 3424 idem
3239 3371 3618 3439 honestcmus,

2032 3459 2493 3529 quemadmodum
2526 3460 2593 3515 ad
2625 3463 2806 3530 aliqua
2860 3461 3000 3532 repit
3032 3479 3252 3532 repens,
3285 3473 3339 3520 et
3374 3467 3621 3533 graditur

2045 3549 2303 3620 pedestre
2335 3561 2389 3606 et
2421 3552 2569 3606 volat
2605 3563 2928 3622 pennatam,
2965 3565 3020 3609 et
3053 3565 3198 3609 natat
3229 3557 3474 3621 natatile,
3536 3558 3619 3612 sic

2033 3658 2259 3712 prorsus
2309 3644 2480 3714 spirat
2515 3645 2660 3699 aeria
2692 3646 2942 3714 spiratio,
2984 3663 3104 3718 quae
3142 3649 3359 3718 quidem
3395 3650 3621 3720 physica

2032 3742 2136 3798 est,
2171 3735 2265 3788 sed
2293 3734 2618 3808 symbolice,
2650 3737 2792 3790 sicut
2823 3753 2982 3791 nemo
3015 3739 3388 3795 contradicere
3416 3751 3616 3810 potest,

2029 3825 2238 3894 ellingit
2295 3825 2562 3896 Spiritum
2605 3838 2875 3894 sanctum,
2928 3829 3018 3898 qui
3073 3845 3140 3884 ex
3188 3832 3401 3900 spirare
3450 3840 3505 3888 et
3550 3849 3618 3889 ex

1999 3919 2204 3988 ‘ipsius
2234 3919 2474 3973 derivata
2511 3919 2806 3989 spiratione
2835 3937 3034 3977 nomen
3071 3923 3252 3978 habet.

2103 4010 2235 4066 240.
2299 4009 2670 4080 Spirationem
2725 4023 2904 4068 autem
2957 4014 3044 4068 hic
3071 4014 3213 4080 dico,
3270 4031 3378 4071 non
3413 4001 3616 4075 Iterreo

2034 4115 2229 4171 strem,
2296 4106 2532 4174 qualiter
2570 4105 2736 4160 multa
2773 4107 2917 4161 circa
2970 4122 3069 4163 nos
3105 4109 3315 4178 spirant
3372 4109 3614 4177 ﬂamina,

2031 4213 2132 4251 nec
2154 4198 2300 4251 illaut
2321 4214 2383 4252 ex
2406 4198 2753 4252 exhalatione
2770 4197 2903 4252 fumi
2929 4199 3090 4253 simili
3114 4209 3427 4272 surgentem
3452 4215 3506 4257 et
3533 4204 3615 4259 sic

2032 4289 2242 4343 aridam
2263 4289 2380 4343 :sed
2407 4289 2550 4341 illam
2576 4304 2697 4356 quae
2719 4291 2865 4343 venit
2885 4290 2953 4344 ab
2972 4291 3078 4345 alto
3103 4300 3410 4363 naturaque
3429 4294 3614 4350 humi-

2031 4383 2100 4438 da
2127 4393 2288 4455 atque
2310 4385 2524 4441 madida
2544 4385 2804 4442 est.Talis
2833 4370 2976 4444 nunc
2995 4389 3140 4444 enim
3167 4391 3379 4461 tropice
3397 4391 3615 4446 melodo

2031 4478 2292 4545 deservit,
2317 4487 2486 4549 utper
2507 4480 2679 4549 ipsam
2702 4478 3004 4550 tbeologice
3028 4480 3464 4550 pbilos0phetur.
3490 4481 3614 4535 Ideo

335 4573 527 4625 ἐἰπεῖν
570 4572 714 4633 ὅσοις
748 4570 1009 4622 επνευσεν
1042 4568 1076 4639 ἢ
1109 4567 1396 4622 θεόσλυτον
1446 4567 1609 4638 χάριν
1645 4566 1882 4636 ἔφρασεν
1902 4582 1917 4596 ⁶
1945 4563 1998 4635 ὀ
2025 4587 2148 4628 cum
2166 4572 2345 4627 dicere
2363 4582 2544 4642 posset
2566 4589 2582 4626 :
2602 4572 2742 4634 ὅσοις
2761 4571 3616 4642 ἕπνευσενθυιἔφρασεβυθζεθε·

346 4664 522 4732 γῆθεν
561 4663 673 4732 γὰρ
703 4663 765 4715 τὸ
802 4661 966 4732 βρύον
1010 4662 1106 4715 καὶ
1152 4660 1213 4714 τὸ
1247 4660 1426 4730 βλύον,
1468 4663 1516 4714 εἰ
1551 4661 1648 4714 καὶ
1693 4659 1927 4728 γενικῶς

346 4759 487 4826 ῥυτά
514 4759 620 4810 εἰσι
642 4755 737 4808 καὶ
752 4754 916 4813 αὐτά.
941 4755 1238 4825 Προὲκρινε
1259 4754 1316 4808 δὲ
1338 4754 1398 4807 τὸ
1424 4753 1716 4826 θεόρρυτος
1739 4755 1920 4824 χάρις,

345 4851 438 4903 ἵνα
466 4851 532 4901 ὲκ
569 4847 666 4900 τοῦ
711 4847 936 4901 ἔπνευσε
963 4848 1059 4901 καὶ
1117 4847 1181 4899 ἐκ
1230 4845 1325 4898 τοῦ
1385 4846 1674 4916 θεόρρυτος
1731 4845 1806 4906 ὡς
1860 4847 1923 4897 ὲκ

344 4939 773 5008 πνευματώδους
821 4938 1056 5008 ὲνύγρου
1109 4938 1308 5006 νέφους
1360 4937 1566 5007 ὑψηλοῦ
1628 4938 1922 5007 πορίσηται

344 5033 443 5083 καὶ
492 5029 842 5100 ἀστραπαίαν
886 5030 1093 5083 ἔννοιαν
1131 5029 1232 5098 τὴν
1279 5031 1335 5081 ὲν
1379 5030 1494 5092 τοῖς
1535 5029 1924 5098 πνευματικῶς

342 5121 724 5189 ἁστράπτουσι
754 5124 988 5184 πιστοῖς,
1018 5121 1114 5174 καὶ
1157 5122 1338 5192 νόημα
1383 5120 1731 5191 λαμπηδόνος
1781 5121 1842 5173 τὸ
1867 5123 1925 5173 ὲν

339 5219 459 5274 τοῖς
493 5211 770 5280 λάμπουσι
823 5210 1119 5282 μαθηταῖς,
1155 5215 1332 5266 κοινὸν
1376 5212 1624 5284 ὑπάρχον
1658 5212 1788 5266 αὐτὸ
1833 5215 1928 5267 καὶ

345 5306 634 5376 ἀστραπῆς
667 5305 995 5375 λαμπούσης
1026 5306 1120 5358 καὶ
1153 5306 1450 5378 ὑγρότητος
1477 5307 1765 5377 ὀμϐρηρᾶς
1789 5308 1927 5361 ἀπο-

345 5395 654 5464 πλυνούσης
681 5399 772 5447 καὶ
805 5395 1182 5464 λευκανούσης
1215 5398 1307 5448 καὶ
1334 5398 1592 5466 ποιούσης
1617 5398 1758 5452 οῦτω
1789 5399 1927 5468 λάμ-

347 5501 472 5538 πειν
495 5501 508 5519 θ
548 5485 641 5537 καὶ
670 5484 873 5537 κείσθω
901 5485 996 5538 καὶ
1030 5487 1063 5554 η
1096 5486 1322 5556 τοιαύτη
1358 5486 1551 5556 σκέψις
1588 5488 1681 5540 ἐπὶ
1719 5489 1929 5558 σεμνώ-

349 5595 480 5644 ματι
504 5576 598 5630 τοῦ
623 5575 856 5630 ἔπνευσε
872 5579 967 5630 καὶ
985 5577 1111 5647 ἑξῆς
1132 5591 1146 5606 ⁶
1180 5578 1312 5632 ἔνθα
1337 5581 1550 5642 ἐννοίας
1569 5581 1925 5652 παρέφρασεν

343 5669 407 5730 ἃς
457 5669 673 5737 φθάσας
731 5669 841 5722 ἀπὸ
895 5669 1154 5724 τοιούτων
1211 5671 1538 5742 μεταφορῶν
1589 5671 1926 5743 ἑμελῲδησε,

345 5762 510 5825 δεξιὸς
545 5760 622 5816 ὣν
646 5760 791 5816 οὕτω
833 5761 1207 5819 ποικίλλεσθαι
1241 5765 1579 5836 μεταφοραῖς
1616 5765 1708 5819 καὶ
1739 5781 1928 5834 παραι

2031 4663 2125 4732 sit)
2149 4663 2432 4715 θεὸσλυτον
2452 4663 2683 4732 gratiam
2709 4679 2722 4715 :
2750 4663 2814 4716 de
2854 4673 2996 4716 terra
3041 4680 3275 4732 namque
3300 4675 3428 4718 sunt
3448 4667 3612 4734 βρύον

2031 4761 2084 4808 et
2107 4753 2504 4820 pidoincetin
2525 4768 2724 4820 genere
2745 4754 2852 4807 sint
2872 4753 2986 4823 ipsa
3016 4754 3262 4826 (ﬂuenta)
3293 4758 3466 4826 ῥυτᾶς
3497 4773 3609 4810 ma—

2027 4840 2130 4895 luit
2150 4852 2330 4895 tamen
2354 4843 2455 4896 hoc
2482 4859 2496 4895 :
2522 4841 2818 4912 θεόρρυῖος
2849 4847 3030 4915 χάρις,
3053 4857 3108 4899 ut
3128 4864 3194 4901 ex
3221 4849 3384 4902 verbo
3418 4848 3610 4903 ἔπνευ-

2032 4950 2122 4986 σεν
2137 4943 2190 4988 et
2207 4933 2474 5000 adjectivo
2492 4933 2806 5005 θεόρρυτος,
2833 4945 3092 5005 tanquam
3118 4953 3181 4992 ex
3204 4938 3426 4994 humido
3443 4949 3496 4996 et
3515 4957 3611 4995 ex-

2033 5025 2180 5080 celso
2218 5025 2645 5094 etspiriluformi
2667 5027 2886 5090 nebulo,
2906 5029 3198 5086 deduceret
3233 5030 3463 5100 fulguris
3487 5048 3612 5088 seu-

2035 5119 2284 5182 tentiam,
2317 5119 2370 5172 in
2399 5119 2649 5176 ﬁdelibus
2710 5122 2805 5192 qni
2856 5123 3176 5192 spiritaliter
3212 5124 3508 5196 fulgurant,
3558 5135 3612 5182 et

2035 5211 2350 5281 splendoris
2393 5213 2713 5283 cogitatum,
2770 5217 2826 5269 in
2920 5215 3204 5286 discipulis
3276 5216 3613 5287 splendenti-

2035 5303 2157 5368 bus,
2212 5317 2337 5357 cum
2411 5302 2480 5358 sit
2535 5303 2640 5359 hoc
2708 5319 3000 5360 commune
3057 5305 3250 5376 fulguri
3305 5307 3504 5362 lueenti
3559 5315 3612 5360 et

2034 5395 2345 5450 humiditati
2403 5395 2664 5465 pilllilOStB
2729 5413 2851 5466 qua:
2911 5399 3054 5453 lavat
3085 5409 3140 5455 et
3167 5400 3382 5454 dealbat
3439 5411 3492 5453 et
3533 5399 3606 5452 ita

2035 5489 2218 5544 lucere
2249 5489 2401 5544 facit.
2461 5489 2527 5544 Et
2586 5490 2658 5544 ita
2706 5490 2886 5557 jaceat
2921 5491 3041 5545 talis
3069 5491 3350 5561 inquisitio
3380 5491 3446 5544 de
3476 5505 3608 5544 con—

2034 5580 2305 5634 venientia
2354 5581 2502 5634 verbi
2560 5573 2819 5633 ἔπνευσέν
2877 5591 2927 5634 ct
2969 5580 3341 5651 sequentium.
3370 5579 3445 5633 lbi
3479 5593 3608 5632 sen-

2034 5672 2236 5726 tentias
2269 5672 2696 5728 eircumlocutus
2752 5681 2836 5728 est
2890 5688 3025 5742 quas
3057 5671 3429 5742 praecedenter
3480 5671 3607 5726 abs-

2033 5778 2140 5834 que
2173 5763 2658 5822 circumlocutione
2684 5765 2880 5822 cecinit
2908 5781 2923 5833 3
2971 5765 3144 5818 solers
3179 5763 3249 5815 ita
3287 5761 3605 5815 varietatem
