  <div class='ocr_page' id='page_1' title='image "/cluster/home/n/w/nwhite01/storage/ocr_20150623/136/mdp.39015038093210/382.png"; bbox 0 0 3966 6248; ppageno 0'>
   <div class='ocr_carea' id='block_1_1' title="bbox 340 366 1861 508">
    <p class='ocr_par' dir='ltr' id='par_1_1' title="bbox 340 366 1861 450">
     <span class='ocr_line' id='line_1_1' title="bbox 340 366 1861 450; baseline 0.01 -18"><span class='ocrx_word' id='word_1_1' title='bbox 340 366 444 432; x_wconf 68' lang='grc' dir='ltr'>Ἷάί)</span> <span class='ocrx_word' id='word_1_2' title='bbox 1141 377 1224 436; x_wconf 87' lang='grc' dir='ltr'>ΙΝ</span> <span class='ocrx_word' id='word_1_3' title='bbox 1262 377 1599 444; x_wconf 78' lang='lat' dir='ltr'><strong>IlYMNUM</strong></span> <span class='ocrx_word' id='word_1_4' title='bbox 1640 387 1861 450; x_wconf 82' lang='lat' dir='ltr'><strong>PEN’i‘l</strong></span> 
     </span>
    </p>
   </div>
   <div class='ocr_carea' id='block_1_2' title="bbox 1967 366 3625 508">
    <p class='ocr_par' dir='ltr' id='par_1_2' title="bbox 1967 398 3625 508">
     <span class='ocr_line' id='line_1_2' title="bbox 1967 398 3625 508; baseline 0.031 -52"><span class='ocrx_word' id='word_1_5' title='bbox 1967 398 2285 468; x_wconf 76' lang='lat' dir='ltr'><strong>lSTALEM</strong></span> <span class='ocrx_word' id='word_1_6' title='bbox 2338 414 2800 480; x_wconf 75' lang='lat' dir='ltr'><strong>DAMASCENI.</strong></span> <span class='ocrx_word' id='word_1_7' title='bbox 3465 432 3574 495; x_wconf 87' lang='lat'><strong>750</strong></span> <span class='ocrx_word' id='word_1_8' title='bbox 3619 505 3625 508; x_wconf 92' lang='lat'><em>_</em></span> 
     </span>
    </p>
   </div>
   <div class='ocr_carea' id='block_1_3' title="bbox 331 668 1861 788">
    <p class='ocr_par' dir='ltr' id='par_1_3' title="bbox 331 668 1861 788">
     <span class='ocr_line' id='line_1_3' title="bbox 331 668 1861 750; baseline 0.002 -14"><span class='ocrx_word' id='word_1_9' title='bbox 331 668 411 729; x_wconf 73' lang='grc' dir='ltr'><strong>εις</strong></span> <span class='ocrx_word' id='word_1_10' title='bbox 432 669 734 738; x_wconf 76' lang='grc' dir='ltr'><strong>ἑρμηνείαν</strong></span> <span class='ocrx_word' id='word_1_11' title='bbox 770 675 869 741; x_wconf 84' lang='grc' dir='ltr'>τῆς</span> <span class='ocrx_word' id='word_1_12' title='bbox 910 681 1285 750; x_wconf 83' lang='grc' dir='ltr'><strong>προκειμένης</strong></span> <span class='ocrx_word' id='word_1_13' title='bbox 1319 683 1519 748; x_wconf 77' lang='grc' dir='ltr'>λέξεως</span> <span class='ocrx_word' id='word_1_14' title='bbox 1544 703 1559 718; x_wconf 89' lang='grc'><strong>·</strong></span> <span class='ocrx_word' id='word_1_15' title='bbox 1593 683 1706 740; x_wconf 73' lang='grc' dir='ltr'>οἷον</span> <span class='ocrx_word' id='word_1_16' title='bbox 1759 690 1861 742; x_wconf 79' lang='grc' dir='ltr'>εστ.</span> 
     </span>
     <span class='ocr_line' id='line_1_4' title="bbox 331 759 1664 788; baseline 0 0"><span class='ocrx_word' id='word_1_17' title='bbox 331 759 555 788; x_wconf 57' lang='grc' dir='ltr'><strong>ξολ-ιιι...</strong></span> <span class='ocrx_word' id='word_1_18' title='bbox 587 764 880 788; x_wconf 60' lang='grc' dir='ltr'><strong>ι-....-.-ι,η</strong></span> <span class='ocrx_word' id='word_1_19' title='bbox 901 768 922 788; x_wconf 78' lang='lat'><strong><em>\</em></strong></span> <span class='ocrx_word' id='word_1_20' title='bbox 945 769 1041 788; x_wconf 60' lang='lat' dir='ltr'><strong>QP,,</strong></span> <span class='ocrx_word' id='word_1_21' title='bbox 1086 773 1100 788; x_wconf 73' lang='grc' dir='ltr'>ι</span> <span class='ocrx_word' id='word_1_22' title='bbox 1173 772 1189 788; x_wconf 56' lang='grc' dir='ltr'>ς</span> <span class='ocrx_word' id='word_1_23' title='bbox 1217 775 1228 788; x_wconf 79' lang='grc' dir='ltr'><strong><em>ι</em></strong></span> <span class='ocrx_word' id='word_1_24' title='bbox 1342 777 1356 788; x_wconf 74' lang='grc' dir='ltr'>ι</span> <span class='ocrx_word' id='word_1_25' title='bbox 1457 777 1482 788; x_wconf 65' lang='grc' dir='ltr'><strong>κ</strong></span> <span class='ocrx_word' id='word_1_26' title='bbox 1531 779 1625 788; x_wconf 74' lang='grc' dir='ltr'><strong>...ι--</strong></span> <span class='ocrx_word' id='word_1_27' title='bbox 1652 783 1664 788; x_wconf 82' lang='grc'><strong>-</strong></span> 
     </span>
    </p>
   </div>
   <div class='ocr_carea' id='block_1_4' title="bbox 1967 668 3575 788">
    <p class='ocr_par' dir='ltr' id='par_1_4' title="bbox 2007 668 3575 788">
     <span class='ocr_line' id='line_1_5' title="bbox 2291 668 3571 696; baseline 0.016 -31"><span class='ocrx_word' id='word_1_28' title='bbox 2291 668 2302 676; x_wconf 69' lang='grc'><strong>,</strong></span> <span class='ocrx_word' id='word_1_29' title='bbox 2518 668 2624 684; x_wconf 59' lang='lat'>,___</span> <span class='ocrx_word' id='word_1_30' title='bbox 2646 668 2666 672; x_wconf 90' lang='lat'>_</span> <span class='ocrx_word' id='word_1_31' title='bbox 2943 668 3008 676; x_wconf 62' lang='grc' dir='ltr'><strong>-μ</strong></span> <span class='ocrx_word' id='word_1_32' title='bbox 3068 668 3571 696; x_wconf 33' lang='grc' dir='ltr'><strong>....υ.,,.νι....υ...ι...</strong></span> 
     </span>
     <span class='ocr_line' id='line_1_6' title="bbox 2007 696 3575 788; baseline 0.017 -41"><span class='ocrx_word' id='word_1_33' title='bbox 2007 696 2264 764; x_wconf 62' lang='lat' dir='ltr'><strong>subjectae</strong></span> <span class='ocrx_word' id='word_1_34' title='bbox 2293 701 2568 760; x_wconf 78' lang='lat' dir='ltr'><strong>dictionis.</strong></span> <span class='ocrx_word' id='word_1_35' title='bbox 2599 707 2652 759; x_wconf 90' lang='lat' dir='ltr'><strong>ln</strong></span> <span class='ocrx_word' id='word_1_36' title='bbox 2682 711 2990 779; x_wconf 83' lang='lat' dir='ltr'><strong>exemplum</strong></span> <span class='ocrx_word' id='word_1_37' title='bbox 3015 715 3087 766; x_wconf 89' lang='lat' dir='ltr'><strong>sit</strong></span> <span class='ocrx_word' id='word_1_38' title='bbox 3115 731 3283 784; x_wconf 83' lang='lat' dir='ltr'><strong>egens</strong></span> <span class='ocrx_word' id='word_1_39' title='bbox 3309 719 3575 788; x_wconf 83' lang='lat' dir='ltr'><strong>interpre-</strong></span> 
     </span>
    </p>
   </div>
   <div class='ocr_carea' id='block_1_5' title="bbox 329 759 1861 880">
    <p class='ocr_par' dir='ltr' id='par_1_5' title="bbox 329 759 1860 880">
     <span class='ocr_line' id='line_1_7' title="bbox 329 759 1860 850; baseline 0.012 -41"><span class='ocrx_word' id='word_1_40' title='bbox 329 759 559 830; x_wconf 80' lang='grc' dir='ltr'><strong>δεομένη</strong></span> <span class='ocrx_word' id='word_1_41' title='bbox 585 764 880 834; x_wconf 78' lang='grc' dir='ltr'><strong>ἑρμηνείας</strong></span> <span class='ocrx_word' id='word_1_42' title='bbox 901 768 1046 833; x_wconf 85' lang='grc' dir='ltr'>λέξις</span> <span class='ocrx_word' id='word_1_43' title='bbox 1075 773 1108 842; x_wconf 89' lang='grc' dir='ltr'><strong>ή</strong></span> <span class='ocrx_word' id='word_1_44' title='bbox 1136 772 1308 844; x_wconf 81' lang='grc' dir='ltr'><strong>γλήνη</strong></span> <span class='ocrx_word' id='word_1_45' title='bbox 1341 777 1397 828; x_wconf 83' lang='grc' dir='ltr'><strong>ἐν</strong></span> <span class='ocrx_word' id='word_1_46' title='bbox 1416 777 1725 850; x_wconf 59' lang='grc' dir='ltr'>τῷ-Ἐρρε,</span> <span class='ocrx_word' id='word_1_47' title='bbox 1751 800 1860 835; x_wconf 80' lang='grc' dir='ltr'><strong>κακ</strong></span> 
     </span>
     <span class='ocr_line' id='line_1_8' title="bbox 329 854 1645 880; baseline 0 0"><span class='ocrx_word' id='word_1_48' title='bbox 329 854 499 880; x_wconf 64' lang='grc' dir='ltr'><strong>νη..-</strong></span> <span class='ocrx_word' id='word_1_49' title='bbox 527 871 541 880; x_wconf 88' lang='grc'>.</span> <span class='ocrx_word' id='word_1_50' title='bbox 625 858 717 880; x_wconf 56' lang='grc' dir='ltr'><strong>-.-Α</strong></span> <span class='ocrx_word' id='word_1_51' title='bbox 755 861 771 880; x_wconf 72' lang='grc' dir='ltr'>ι</span> <span class='ocrx_word' id='word_1_52' title='bbox 1044 865 1057 880; x_wconf 92' lang='grc'><strong><em>.</em></strong></span> <span class='ocrx_word' id='word_1_53' title='bbox 1196 867 1210 880; x_wconf 90' lang='grc'><strong>.</strong></span> <span class='ocrx_word' id='word_1_54' title='bbox 1261 871 1272 880; x_wconf 98' lang='grc'>.</span> <span class='ocrx_word' id='word_1_55' title='bbox 1352 871 1375 880; x_wconf 76' lang='grc'><strong>-</strong></span> <span class='ocrx_word' id='word_1_56' title='bbox 1410 872 1422 880; x_wconf 88' lang='grc'>.</span> <span class='ocrx_word' id='word_1_57' title='bbox 1533 872 1559 880; x_wconf 78' lang='lat'><em>_</em></span> <span class='ocrx_word' id='word_1_58' title='bbox 1636 878 1645 880; x_wconf 95' lang='lat'><em>_</em></span> 
     </span>
    </p>
   </div>
   <div class='ocr_carea' id='block_1_6' title="bbox 1967 759 3568 880">
    <p class='ocr_par' dir='ltr' id='par_1_6' title="bbox 2006 759 3568 880">
     <span class='ocr_line' id='line_1_9' title="bbox 2006 759 3568 880; baseline 0.019 -42"><span class='ocrx_word' id='word_1_59' title='bbox 2006 759 2208 844; x_wconf 78' lang='lat' dir='ltr'><strong>latione</strong></span> <span class='ocrx_word' id='word_1_60' title='bbox 2230 792 2398 847; x_wconf 86' lang='lat' dir='ltr'><strong>dictio</strong></span> <span class='ocrx_word' id='word_1_61' title='bbox 2425 797 2457 866; x_wconf 87' lang='grc' dir='ltr'><strong>ή</strong></span> <span class='ocrx_word' id='word_1_62' title='bbox 2490 798 2657 868; x_wconf 83' lang='grc' dir='ltr'><strong>γλήνη</strong></span> <span class='ocrx_word' id='word_1_63' title='bbox 2687 759 2740 854; x_wconf 82' lang='lat' dir='ltr'><strong>in</strong></span> <span class='ocrx_word' id='word_1_64' title='bbox 2774 759 2873 857; x_wconf 64' lang='lat' dir='ltr'><strong>hoc</strong></span> <span class='ocrx_word' id='word_1_65' title='bbox 2903 823 2916 859; x_wconf 90' lang='lat'><strong>:</strong></span> <span class='ocrx_word' id='word_1_66' title='bbox 2974 806 3096 869; x_wconf 87' lang='lat' dir='ltr'><strong>Abi,</strong></span> <span class='ocrx_word' id='word_1_67' title='bbox 3152 759 3298 862; x_wconf 43' lang='lat' dir='ltr'><strong>lIanala</strong></span> <span class='ocrx_word' id='word_1_68' title='bbox 3356 759 3527 880; x_wconf 58' lang='lat' dir='ltr'><strong>viﬁlv&#39;q</strong></span> <span class='ocrx_word' id='word_1_69' title='bbox 3553 831 3568 878; x_wconf 89' lang='lat'><strong>;</strong></span> 
     </span>
    </p>
   </div>
   <div class='ocr_carea' id='block_1_7' title="bbox 328 854 1861 969">
    <p class='ocr_par' dir='ltr' id='par_1_7' title="bbox 328 854 1861 946">
     <span class='ocr_line' id='line_1_10' title="bbox 328 854 1861 946; baseline 0.018 -44"><span class='ocrx_word' id='word_1_70' title='bbox 328 854 502 923; x_wconf 82' lang='grc' dir='ltr'><strong>γλήνη</strong></span> <span class='ocrx_word' id='word_1_71' title='bbox 527 871 541 886; x_wconf 79' lang='grc' dir='ltr'><strong><em>ο</em></strong></span> <span class='ocrx_word' id='word_1_72' title='bbox 572 886 597 898; x_wconf 87' lang='grc'><strong>-</strong></span> <span class='ocrx_word' id='word_1_73' title='bbox 625 858 721 910; x_wconf 77' lang='grc' dir='ltr'>καὶ</span> <span class='ocrx_word' id='word_1_74' title='bbox 749 861 1122 932; x_wconf 79' lang='grc' dir='ltr'>ἑρμηνευτέον</span> <span class='ocrx_word' id='word_1_75' title='bbox 1151 867 1321 939; x_wconf 78' lang='grc' dir='ltr'>αὐτὴν</span> <span class='ocrx_word' id='word_1_76' title='bbox 1347 871 1434 924; x_wconf 85' lang='grc' dir='ltr'>διὰ</span> <span class='ocrx_word' id='word_1_77' title='bbox 1467 872 1560 927; x_wconf 79' lang='grc' dir='ltr'><strong>τοῦ</strong></span> <span class='ocrx_word' id='word_1_78' title='bbox 1584 878 1742 946; x_wconf 86' lang='grc' dir='ltr'>κόρη.</span> <span class='ocrx_word' id='word_1_79' title='bbox 1777 881 1861 932; x_wconf 77' lang='grc' dir='ltr'><strong>Ἐτ</strong></span> 
     </span>
    </p>
   </div>
   <div class='ocr_carea' id='block_1_8' title="bbox 1967 854 3569 969">
    <p class='ocr_par' dir='ltr' id='par_1_8' title="bbox 2002 854 3569 969">
     <span class='ocr_line' id='line_1_11' title="bbox 2445 854 3568 878; baseline -0.003 -12"><span class='ocrx_word' id='word_1_80' title='bbox 2445 854 2512 866; x_wconf 96' lang='grc'><em>..</em></span> <span class='ocrx_word' id='word_1_81' title='bbox 2579 854 2589 866; x_wconf 94' lang='grc'><em>.</em></span> <span class='ocrx_word' id='word_1_82' title='bbox 2647 854 2657 868; x_wconf 94' lang='grc'><strong>.</strong></span> <span class='ocrx_word' id='word_1_83' title='bbox 2974 854 3096 869; x_wconf 46' lang='grc' dir='ltr'><strong>ην,</strong></span> <span class='ocrx_word' id='word_1_84' title='bbox 3159 854 3298 862; x_wconf 75' lang='lat'><strong>---_--</strong></span> <span class='ocrx_word' id='word_1_85' title='bbox 3553 854 3568 878; x_wconf 89' lang='lat'><strong>,</strong></span> 
     </span>
     <span class='ocr_line' id='line_1_12' title="bbox 2002 854 3569 969; baseline 0.015 -38"><span class='ocrx_word' id='word_1_86' title='bbox 2002 887 2054 931; x_wconf 85' lang='lat' dir='ltr'><strong>et</strong></span> <span class='ocrx_word' id='word_1_87' title='bbox 2086 879 2454 951; x_wconf 87' lang='lat' dir='ltr'><strong>interpretatio</strong></span> <span class='ocrx_word' id='word_1_88' title='bbox 2490 888 2582 943; x_wconf 80' lang='lat' dir='ltr'><strong>ﬁat</strong></span> <span class='ocrx_word' id='word_1_89' title='bbox 2639 906 2733 959; x_wconf 89' lang='lat' dir='ltr'><strong>per</strong></span> <span class='ocrx_word' id='word_1_90' title='bbox 2791 908 2974 948; x_wconf 81' lang='lat' dir='ltr'><strong>vocem</strong></span> <span class='ocrx_word' id='word_1_91' title='bbox 3004 897 3162 966; x_wconf 86' lang='grc' dir='ltr'>κόρη.</span> <span class='ocrx_word' id='word_1_92' title='bbox 3219 854 3569 969; x_wconf 49' lang='lat' dir='ltr'><strong>Cum‘igittir</strong></span> 
     </span>
    </p>
   </div>
   <div class='ocr_carea' id='block_1_9' title="bbox 325 942 1898 1040">
    <p class='ocr_par' dir='ltr' id='par_1_9' title="bbox 325 942 1898 1040">
     <span class='ocr_line' id='line_1_13' title="bbox 325 942 1898 1040; baseline 0.018 -44"><span class='ocrx_word' id='word_1_93' title='bbox 325 942 421 998; x_wconf 78' lang='grc' dir='ltr'>οὖν</span> <span class='ocrx_word' id='word_1_94' title='bbox 458 947 594 1017; x_wconf 83' lang='grc' dir='ltr'>κόρη</span> <span class='ocrx_word' id='word_1_95' title='bbox 651 950 752 1018; x_wconf 78' lang='grc' dir='ltr'>μὲν</span> <span class='ocrx_word' id='word_1_96' title='bbox 784 954 876 1006; x_wconf 76' lang='grc' dir='ltr'><strong>καὶ</strong></span> <span class='ocrx_word' id='word_1_97' title='bbox 907 957 940 1024; x_wconf 88' lang='grc' dir='ltr'><strong>ή</strong></span> <span class='ocrx_word' id='word_1_98' title='bbox 991 960 1132 1010; x_wconf 86' lang='grc' dir='ltr'><strong>κατά</strong></span> <span class='ocrx_word' id='word_1_99' title='bbox 1169 961 1276 1019; x_wconf 58' lang='grc' dir='ltr'>,τὸν</span> <span class='ocrx_word' id='word_1_100' title='bbox 1309 962 1616 1034; x_wconf 80' lang='grc' dir='ltr'>ὀφθαλμὸν,</span> <span class='ocrx_word' id='word_1_101' title='bbox 1654 942 1790 1040; x_wconf 76' lang='grc' dir='ltr'>κόρη</span> <span class='ocrx_word' id='word_1_102' title='bbox 1841 971 1898 1024; x_wconf 86' lang='grc' dir='ltr'><strong>ὃέ</strong></span> 
     </span>
    </p>
   </div>
   <div class='ocr_carea' id='block_1_10' title="bbox 321 1039 1895 1131">
    <p class='ocr_par' dir='ltr' id='par_1_10' title="bbox 321 1039 1895 1131">
     <span class='ocr_line' id='line_1_14' title="bbox 321 1039 1895 1131; baseline 0.017 -42"><span class='ocrx_word' id='word_1_103' title='bbox 321 1039 633 1106; x_wconf 75' lang='grc' dir='ltr'>ὁμωνύμως</span> <span class='ocrx_word' id='word_1_104' title='bbox 673 1045 814 1098; x_wconf 82' lang='grc' dir='ltr'>κατὰ</span> <span class='ocrx_word' id='word_1_105' title='bbox 839 1045 1089 1117; x_wconf 85' lang='grc' dir='ltr'>ἐτεροίαν</span> <span class='ocrx_word' id='word_1_106' title='bbox 1129 1054 1410 1120; x_wconf 85' lang='grc' dir='ltr'>σημασίαν</span> <span class='ocrx_word' id='word_1_107' title='bbox 1442 1058 1537 1109; x_wconf 79' lang='grc' dir='ltr'><strong>καὶ</strong></span> <span class='ocrx_word' id='word_1_108' title='bbox 1593 1059 1653 1111; x_wconf 83' lang='grc' dir='ltr'><strong>τὸ</strong></span> <span class='ocrx_word' id='word_1_109' title='bbox 1699 1039 1895 1131; x_wconf 90' lang='grc' dir='ltr'>νεαρδν</span> 
     </span>
    </p>
   </div>
   <div class='ocr_carea' id='block_1_11' title="bbox 321 1134 1894 1222">
    <p class='ocr_par' dir='ltr' id='par_1_11' title="bbox 321 1134 1894 1222">
     <span class='ocr_line' id='line_1_15' title="bbox 321 1134 1894 1222; baseline 0.018 -43"><span class='ocrx_word' id='word_1_110' title='bbox 321 1134 700 1202; x_wconf 85' lang='grc' dir='ltr'>γυναικάριον,</span> <span class='ocrx_word' id='word_1_111' title='bbox 736 1139 764 1188; x_wconf 83' lang='grc' dir='ltr'><strong>ό</strong></span> <span class='ocrx_word' id='word_1_112' title='bbox 802 1138 903 1206; x_wconf 77' lang='grc' dir='ltr'>μὲν</span> <span class='ocrx_word' id='word_1_113' title='bbox 926 1144 1212 1212; x_wconf 80' lang='grc' dir='ltr'><strong>προσάψας</strong></span> <span class='ocrx_word' id='word_1_114' title='bbox 1240 1149 1310 1215; x_wconf 81' lang='grc' dir='ltr'><strong>τῇ</strong></span> <span class='ocrx_word' id='word_1_115' title='bbox 1336 1149 1510 1221; x_wconf 75' lang='grc' dir='ltr'>γλήνη</span> <span class='ocrx_word' id='word_1_116' title='bbox 1539 1151 1636 1221; x_wconf 78' lang='grc' dir='ltr'>τὴν</span> <span class='ocrx_word' id='word_1_117' title='bbox 1669 1155 1894 1222; x_wconf 83' lang='grc' dir='ltr'>πρώτην</span> 
     </span>
    </p>
   </div>
   <div class='ocr_carea' id='block_1_12' title="bbox 319 1220 1888 1314">
    <p class='ocr_par' dir='ltr' id='par_1_12' title="bbox 319 1220 1888 1314">
     <span class='ocr_line' id='line_1_16' title="bbox 319 1220 1888 1314; baseline 0.02 -45"><span class='ocrx_word' id='word_1_118' title='bbox 319 1220 493 1286; x_wconf 80' lang='grc' dir='ltr'>κόρην</span> <span class='ocrx_word' id='word_1_119' title='bbox 517 1224 617 1291; x_wconf 81' lang='grc' dir='ltr'>τὴν</span> <span class='ocrx_word' id='word_1_120' title='bbox 653 1227 776 1279; x_wconf 80' lang='grc' dir='ltr'>κατ’</span> <span class='ocrx_word' id='word_1_121' title='bbox 806 1227 950 1298; x_wconf 76' lang='grc' dir='ltr'>ὄψιν,</span> <span class='ocrx_word' id='word_1_122' title='bbox 981 1231 1070 1286; x_wconf 80' lang='grc' dir='ltr'><strong>ἵνα</strong></span> <span class='ocrx_word' id='word_1_123' title='bbox 1100 1234 1233 1308; x_wconf 82' lang='grc' dir='ltr'><strong>λέγῃ</strong></span> <span class='ocrx_word' id='word_1_124' title='bbox 1257 1239 1338 1291; x_wconf 84' lang='grc' dir='ltr'><strong>ὅτι</strong></span> <span class='ocrx_word' id='word_1_125' title='bbox 1363 1220 1555 1312; x_wconf 71' lang='grc' dir='ltr'>Ἕρρε,</span> <span class='ocrx_word' id='word_1_126' title='bbox 1593 1220 1740 1314; x_wconf 73' lang='grc' dir='ltr'>κακή</span> <span class='ocrx_word' id='word_1_127' title='bbox 1769 1220 1888 1312; x_wconf 75' lang='grc' dir='ltr'>θέα,</span> 
     </span>
    </p>
   </div>
   <div class='ocr_carea' id='block_1_13' title="bbox 317 1311 1889 1406">
    <p class='ocr_par' dir='ltr' id='par_1_13' title="bbox 317 1311 1889 1406">
     <span class='ocr_line' id='line_1_17' title="bbox 317 1311 1889 1406; baseline 0.01 -30"><span class='ocrx_word' id='word_1_128' title='bbox 317 1311 488 1376; x_wconf 76' lang='grc' dir='ltr'>ἤγουν</span> <span class='ocrx_word' id='word_1_129' title='bbox 537 1317 704 1386; x_wconf 81' lang='grc' dir='ltr'>Ἀνερ</span> <span class='ocrx_word' id='word_1_130' title='bbox 753 1321 828 1391; x_wconf 81' lang='grc' dir='ltr'>μὴ</span> <span class='ocrx_word' id='word_1_131' title='bbox 879 1323 1186 1392; x_wconf 80' lang='grc' dir='ltr'>ἀξιοθέατε,</span> <span class='ocrx_word' id='word_1_132' title='bbox 1244 1311 1481 1394; x_wconf 70' lang='grc' dir='ltr'>οἰκείως</span> <span class='ocrx_word' id='word_1_133' title='bbox 1517 1311 1889 1406; x_wconf 31' lang='grc' dir='ltr'>ήρμήνε-υσεν,</span> 
     </span>
    </p>
   </div>
   <div class='ocr_carea' id='block_1_14' title="bbox 316 1402 1889 1495">
    <p class='ocr_par' dir='ltr' id='par_1_14' title="bbox 316 1402 1889 1495">
     <span class='ocr_line' id='line_1_18' title="bbox 316 1402 1889 1495; baseline 0.02 -43"><span class='ocrx_word' id='word_1_134' title='bbox 316 1402 497 1455; x_wconf 81' lang='grc' dir='ltr'>εῐτουν</span> <span class='ocrx_word' id='word_1_135' title='bbox 527 1411 826 1476; x_wconf 78' lang='grc' dir='ltr'><strong>προσφυῶς</strong></span> <span class='ocrx_word' id='word_1_136' title='bbox 850 1430 862 1442; x_wconf 86' lang='grc'><strong>·</strong></span> <span class='ocrx_word' id='word_1_137' title='bbox 898 1417 926 1467; x_wconf 88' lang='grc' dir='ltr'><strong>ό</strong></span> <span class='ocrx_word' id='word_1_138' title='bbox 972 1414 1029 1469; x_wconf 79' lang='grc' dir='ltr'>δὲ</span> <span class='ocrx_word' id='word_1_139' title='bbox 1065 1419 1390 1488; x_wconf 76' lang='grc' dir='ltr'>μεταλαϐὼν</span> <span class='ocrx_word' id='word_1_140' title='bbox 1434 1402 1608 1495; x_wconf 74' lang='grc' dir='ltr'>ἤγουν</span> <span class='ocrx_word' id='word_1_141' title='bbox 1649 1402 1889 1495; x_wconf 81' lang='grc' dir='ltr'>ἀλλάξας</span> 
     </span>
    </p>
   </div>
   <div class='ocr_carea' id='block_1_15' title="bbox 311 1495 1887 1589">
    <p class='ocr_par' dir='ltr' id='par_1_15' title="bbox 311 1495 1887 1589">
     <span class='ocr_line' id='line_1_19' title="bbox 311 1495 1887 1589; baseline 0.018 -46"><span class='ocrx_word' id='word_1_142' title='bbox 311 1495 416 1562; x_wconf 78' lang='grc' dir='ltr'><strong>τὴν</strong></span> <span class='ocrx_word' id='word_1_143' title='bbox 452 1495 584 1549; x_wconf 80' lang='grc' dir='ltr'>θέαν</span> <span class='ocrx_word' id='word_1_144' title='bbox 639 1501 734 1554; x_wconf 73' lang='grc' dir='ltr'><strong>καὶ</strong></span> <span class='ocrx_word' id='word_1_145' title='bbox 777 1504 946 1559; x_wconf 83' lang='grc' dir='ltr'>είπὼν</span> <span class='ocrx_word' id='word_1_146' title='bbox 978 1510 1425 1580; x_wconf 83' lang='grc' dir='ltr'>μεταληπτικῶς,</span> <span class='ocrx_word' id='word_1_147' title='bbox 1467 1517 1657 1589; x_wconf 75' lang='grc' dir='ltr'>Ἔῤῥε,</span> <span class='ocrx_word' id='word_1_148' title='bbox 1689 1523 1887 1576; x_wconf 62' lang='grc' dir='ltr'>κακὸνῑ</span> 
     </span>
    </p>
   </div>
   <div class='ocr_carea' id='block_1_16' title="bbox 316 1590 1883 1681">
    <p class='ocr_par' dir='ltr' id='par_1_16' title="bbox 316 1590 1883 1681">
     <span class='ocr_line' id='line_1_20' title="bbox 316 1590 1883 1681; baseline 0.02 -45"><span class='ocrx_word' id='word_1_149' title='bbox 316 1590 604 1658; x_wconf 80' lang='grc' dir='ltr'><strong>κοράσιον,</strong></span> <span class='ocrx_word' id='word_1_150' title='bbox 635 1595 801 1664; x_wconf 83' lang='grc' dir='ltr'>ήγουν</span> <span class='ocrx_word' id='word_1_151' title='bbox 831 1595 900 1650; x_wconf 81' lang='grc' dir='ltr'><strong><em>Ὦ</em></strong></span> <span class='ocrx_word' id='word_1_152' title='bbox 931 1603 1188 1666; x_wconf 85' lang='grc' dir='ltr'>γυναικία</span> <span class='ocrx_word' id='word_1_153' title='bbox 1210 1607 1304 1658; x_wconf 75' lang='grc' dir='ltr'>καὶ</span> <span class='ocrx_word' id='word_1_154' title='bbox 1333 1607 1606 1663; x_wconf 78' lang='grc' dir='ltr'><strong>δειλότατε</strong></span> <span class='ocrx_word' id='word_1_155' title='bbox 1635 1612 1786 1681; x_wconf 78' lang='grc' dir='ltr'>ἄνερ,</span> <span class='ocrx_word' id='word_1_156' title='bbox 1824 1615 1883 1666; x_wconf 86' lang='grc' dir='ltr'><strong>οὐ</strong></span> 
     </span>
    </p>
   </div>
   <div class='ocr_carea' id='block_1_17' title="bbox 311 1683 1885 1772">
    <p class='ocr_par' dir='ltr' id='par_1_17' title="bbox 311 1683 1885 1772">
     <span class='ocr_line' id='line_1_21' title="bbox 311 1683 1885 1772; baseline 0.018 -41"><span class='ocrx_word' id='word_1_157' title='bbox 311 1683 498 1746; x_wconf 87' lang='grc' dir='ltr'>καλῶς</span> <span class='ocrx_word' id='word_1_158' title='bbox 535 1687 632 1752; x_wconf 83' lang='grc' dir='ltr'><strong>μὲν</strong></span> <span class='ocrx_word' id='word_1_159' title='bbox 662 1689 981 1758; x_wconf 80' lang='grc' dir='ltr'>ἡρμήνευσε</span> <span class='ocrx_word' id='word_1_160' title='bbox 1009 1709 1023 1725; x_wconf 90' lang='grc'><strong>·</strong></span> <span class='ocrx_word' id='word_1_161' title='bbox 1074 1695 1223 1749; x_wconf 88' lang='grc' dir='ltr'><strong>δοκεῖ</strong></span> <span class='ocrx_word' id='word_1_162' title='bbox 1250 1699 1304 1752; x_wconf 84' lang='grc' dir='ltr'><strong>δέ</strong></span> <span class='ocrx_word' id='word_1_163' title='bbox 1358 1700 1546 1770; x_wconf 79' lang='grc' dir='ltr'>βιαίως</span> <span class='ocrx_word' id='word_1_164' title='bbox 1576 1704 1885 1772; x_wconf 72' lang='grc' dir='ltr'>ἀναγκάζε-</span> 
     </span>
    </p>
   </div>
   <div class='ocr_carea' id='block_1_18' title="bbox 311 1772 1881 1868">
    <p class='ocr_par' dir='ltr' id='par_1_18' title="bbox 311 1772 1881 1868">
     <span class='ocr_line' id='line_1_22' title="bbox 311 1772 1881 1868; baseline 0.017 -44"><span class='ocrx_word' id='word_1_165' title='bbox 311 1772 460 1839; x_wconf 86' lang='grc' dir='ltr'>σθαι,</span> <span class='ocrx_word' id='word_1_166' title='bbox 495 1774 566 1838; x_wconf 83' lang='grc' dir='ltr'>ὡς</span> <span class='ocrx_word' id='word_1_167' title='bbox 597 1773 708 1830; x_wconf 76' lang='grc' dir='ltr'>οἷον</span> <span class='ocrx_word' id='word_1_168' title='bbox 738 1781 1117 1854; x_wconf 84' lang='grc' dir='ltr'>ἐναπαιτήσει,</span> <span class='ocrx_word' id='word_1_169' title='bbox 1147 1787 1231 1842; x_wconf 86' lang='grc' dir='ltr'>ὅτι</span> <span class='ocrx_word' id='word_1_170' title='bbox 1258 1790 1352 1843; x_wconf 76' lang='grc' dir='ltr'><strong>ἐπὶ</strong></span> <span class='ocrx_word' id='word_1_171' title='bbox 1383 1793 1587 1864; x_wconf 86' lang='grc' dir='ltr'>γλήνην</span> <span class='ocrx_word' id='word_1_172' title='bbox 1609 1797 1745 1866; x_wconf 81' lang='grc' dir='ltr'>ἔφης</span> <span class='ocrx_word' id='word_1_173' title='bbox 1781 1799 1881 1868; x_wconf 81' lang='grc' dir='ltr'><strong>τήν</strong></span> 
     </span>
    </p>
   </div>
   <div class='ocr_carea' id='block_1_19' title="bbox 306 1864 1876 1950">
    <p class='ocr_par' dir='ltr' id='par_1_19' title="bbox 306 1864 1876 1950">
     <span class='ocr_line' id='line_1_23' title="bbox 306 1864 1876 1950; baseline 0.02 -37"><span class='ocrx_word' id='word_1_174' title='bbox 306 1864 516 1935; x_wconf 84' lang='grc' dir='ltr'>κόρην·</span> <span class='ocrx_word' id='word_1_175' title='bbox 559 1868 696 1940; x_wconf 83' lang='grc' dir='ltr'>κόρη</span> <span class='ocrx_word' id='word_1_176' title='bbox 750 1871 806 1924; x_wconf 86' lang='grc' dir='ltr'>δὲ</span> <span class='ocrx_word' id='word_1_177' title='bbox 838 1876 931 1926; x_wconf 83' lang='grc' dir='ltr'>καὶ</span> <span class='ocrx_word' id='word_1_178' title='bbox 956 1875 1018 1927; x_wconf 86' lang='grc' dir='ltr'>τὸ</span> <span class='ocrx_word' id='word_1_179' title='bbox 1052 1879 1334 1948; x_wconf 79' lang='grc' dir='ltr'>κοράσιον,</span> <span class='ocrx_word' id='word_1_180' title='bbox 1368 1864 1661 1950; x_wconf 83' lang='grc' dir='ltr'>κατάδεξαι</span> <span class='ocrx_word' id='word_1_181' title='bbox 1697 1864 1876 1944; x_wconf 66' lang='grc' dir='ltr'>είπείν</span> 
     </span>
    </p>
   </div>
   <div class='ocr_carea' id='block_1_20' title="bbox 303 1954 1879 2048">
    <p class='ocr_par' dir='ltr' id='par_1_20' title="bbox 303 1954 1879 2048">
     <span class='ocr_line' id='line_1_24' title="bbox 303 1954 1879 2048; baseline 0.02 -43"><span class='ocrx_word' id='word_1_182' title='bbox 303 1954 731 2024; x_wconf 85' lang='grc' dir='ltr'>ἐρμηνευτικῶς</span> <span class='ocrx_word' id='word_1_183' title='bbox 769 1963 949 2018; x_wconf 80' lang='grc' dir='ltr'>καὶτὸ</span> <span class='ocrx_word' id='word_1_184' title='bbox 977 1996 1002 2006; x_wconf 90' lang='grc'><strong>-</strong></span> <span class='ocrx_word' id='word_1_185' title='bbox 1027 1967 1221 2039; x_wconf 79' lang='grc' dir='ltr'><strong>Ἕρῤε.</strong></span> <span class='ocrx_word' id='word_1_186' title='bbox 1260 1973 1406 2044; x_wconf 82' lang='grc' dir='ltr'>κακὴ</span> <span class='ocrx_word' id='word_1_187' title='bbox 1462 1976 1659 2048; x_wconf 84' lang='grc' dir='ltr'>γλήνη,</span> <span class='ocrx_word' id='word_1_188' title='bbox 1697 2007 1718 2020; x_wconf 75' lang='grc' dir='ltr'><strong>ο</strong></span> <span class='ocrx_word' id='word_1_189' title='bbox 1757 1984 1879 2037; x_wconf 75' lang='grc' dir='ltr'>ἀντὶ</span> 
     </span>
    </p>
   </div>
   <div class='ocr_carea' id='block_1_21' title="bbox 298 2047 1878 2142">
    <p class='ocr_par' dir='ltr' id='par_1_21' title="bbox 298 2047 1878 2142">
     <span class='ocr_line' id='line_1_25' title="bbox 298 2047 1878 2142; baseline 0.018 -43"><span class='ocrx_word' id='word_1_190' title='bbox 298 2047 401 2100; x_wconf 82' lang='grc' dir='ltr'>τοῦ</span> <span class='ocrx_word' id='word_1_191' title='bbox 437 2050 676 2121; x_wconf 82' lang='grc' dir='ltr'>φθάρηθι</span> <span class='ocrx_word' id='word_1_192' title='bbox 714 2048 759 2108; x_wconf 83' lang='grc' dir='ltr'><strong>ὦ</strong></span> <span class='ocrx_word' id='word_1_193' title='bbox 790 2061 1122 2130; x_wconf 85' lang='grc' dir='ltr'>γυναικάνερ</span> <span class='ocrx_word' id='word_1_194' title='bbox 1153 2062 1238 2116; x_wconf 83' lang='grc' dir='ltr'>διὰ</span> <span class='ocrx_word' id='word_1_195' title='bbox 1265 2064 1488 2121; x_wconf 77' lang='grc' dir='ltr'><strong>δειλίαν.</strong></span> <span class='ocrx_word' id='word_1_196' title='bbox 1526 2047 1768 2141; x_wconf 80' lang='grc' dir='ltr'>Τοιούτῳ</span> <span class='ocrx_word' id='word_1_197' title='bbox 1812 2074 1878 2142; x_wconf 83' lang='grc' dir='ltr'><strong>δή</strong></span> 
     </span>
    </p>
   </div>
   <div class='ocr_carea' id='block_1_22' title="bbox 296 2143 1876 2235">
    <p class='ocr_par' dir='ltr' id='par_1_22' title="bbox 296 2143 1876 2235">
     <span class='ocr_line' id='line_1_26' title="bbox 296 2143 1876 2235; baseline 0.019 -43"><span class='ocrx_word' id='word_1_198' title='bbox 296 2157 413 2194; x_wconf 82' lang='grc' dir='ltr'>τινι</span> <span class='ocrx_word' id='word_1_199' title='bbox 441 2143 587 2214; x_wconf 83' lang='grc' dir='ltr'>λόγῳ</span> <span class='ocrx_word' id='word_1_200' title='bbox 619 2147 711 2199; x_wconf 81' lang='grc' dir='ltr'><strong>καὶ</strong></span> <span class='ocrx_word' id='word_1_201' title='bbox 743 2147 771 2199; x_wconf 84' lang='grc' dir='ltr'><strong>ό</strong></span> <span class='ocrx_word' id='word_1_202' title='bbox 810 2149 1046 2220; x_wconf 80' lang='grc' dir='ltr'><strong>μελῳδὸς</strong></span> <span class='ocrx_word' id='word_1_203' title='bbox 1081 2155 1368 2226; x_wconf 76' lang='grc' dir='ltr'>ἐγγράψας</span> <span class='ocrx_word' id='word_1_204' title='bbox 1397 2162 1462 2229; x_wconf 78' lang='grc' dir='ltr'><strong>τῇ</strong></span> <span class='ocrx_word' id='word_1_205' title='bbox 1499 2160 1668 2233; x_wconf 76' lang='grc' dir='ltr'>ψυχῇ,</span> <span class='ocrx_word' id='word_1_206' title='bbox 1719 2163 1876 2235; x_wconf 78' lang='grc' dir='ltr'>ξένην</span> 
     </span>
    </p>
   </div>
   <div class='ocr_carea' id='block_1_23' title="bbox 297 2230 1876 2321">
    <p class='ocr_par' dir='ltr' id='par_1_23' title="bbox 297 2230 1876 2321">
     <span class='ocr_line' id='line_1_27' title="bbox 297 2230 1876 2321; baseline 0.017 -40"><span class='ocrx_word' id='word_1_207' title='bbox 297 2230 594 2286; x_wconf 77' lang='grc' dir='ltr'>ἀλλοίωσιν</span> <span class='ocrx_word' id='word_1_208' title='bbox 623 2236 800 2290; x_wconf 85' lang='grc' dir='ltr'>είπεῖν</span> <span class='ocrx_word' id='word_1_209' title='bbox 831 2237 930 2309; x_wconf 79' lang='grc' dir='ltr'><strong>τὴν</strong></span> <span class='ocrx_word' id='word_1_210' title='bbox 964 2241 1027 2294; x_wconf 86' lang='grc' dir='ltr'><strong>ἐκ</strong></span> <span class='ocrx_word' id='word_1_211' title='bbox 1081 2244 1176 2296; x_wconf 75' lang='grc' dir='ltr'><strong>τοῦ</strong></span> <span class='ocrx_word' id='word_1_212' title='bbox 1211 2245 1372 2312; x_wconf 79' lang='grc' dir='ltr'>ἁγίου</span> <span class='ocrx_word' id='word_1_213' title='bbox 1421 2230 1764 2321; x_wconf 75' lang='grc' dir='ltr'>Πνεῦματος,</span> <span class='ocrx_word' id='word_1_214' title='bbox 1818 2230 1876 2307; x_wconf 69' lang='grc' dir='ltr'><strong>ἐν</strong></span> 
     </span>
    </p>
   </div>
   <div class='ocr_carea' id='block_1_24' title="bbox 295 2319 1870 2410">
    <p class='ocr_par' dir='ltr' id='par_1_24' title="bbox 295 2319 1870 2410">
     <span class='ocr_line' id='line_1_28' title="bbox 295 2319 1870 2410; baseline 0.015 -38"><span class='ocrx_word' id='word_1_215' title='bbox 295 2319 382 2387; x_wconf 78' lang='grc' dir='ltr'><strong>τῷ</strong></span> <span class='ocrx_word' id='word_1_216' title='bbox 419 2320 606 2374; x_wconf 78' lang='grc' dir='ltr'>λαὸεῐν</span> <span class='ocrx_word' id='word_1_217' title='bbox 654 2322 783 2388; x_wconf 79' lang='grc' dir='ltr'>ἴσως</span> <span class='ocrx_word' id='word_1_218' title='bbox 807 2327 940 2380; x_wconf 75' lang='grc' dir='ltr'><strong>αὐτὸ</strong></span> <span class='ocrx_word' id='word_1_219' title='bbox 988 2329 1053 2382; x_wconf 86' lang='grc' dir='ltr'><strong>ἐκ</strong></span> <span class='ocrx_word' id='word_1_220' title='bbox 1099 2333 1196 2386; x_wconf 84' lang='grc' dir='ltr'><strong>τοῦ</strong></span> <span class='ocrx_word' id='word_1_221' title='bbox 1226 2362 1248 2374; x_wconf 74' lang='grc' dir='ltr'><strong><em>ο</em></strong></span> <span class='ocrx_word' id='word_1_222' title='bbox 1288 2335 1529 2401; x_wconf 80' lang='grc' dir='ltr'>Ἀλλοίός</span> <span class='ocrx_word' id='word_1_223' title='bbox 1564 2319 1678 2407; x_wconf 77' lang='grc' dir='ltr'>μοι,</span> <span class='ocrx_word' id='word_1_224' title='bbox 1719 2339 1870 2410; x_wconf 82' lang='grc' dir='ltr'>ξεῖν’,</span> 
     </span>
    </p>
   </div>
   <div class='ocr_carea' id='block_1_25' title="bbox 293 2412 1873 2501">
    <p class='ocr_par' dir='ltr' id='par_1_25' title="bbox 293 2412 1873 2501">
     <span class='ocr_line' id='line_1_29' title="bbox 293 2412 1873 2501; baseline 0.016 -39"><span class='ocrx_word' id='word_1_225' title='bbox 293 2412 510 2479; x_wconf 74' lang='grc' dir='ltr'>ἐφάνης</span> <span class='ocrx_word' id='word_1_226' title='bbox 537 2414 656 2467; x_wconf 79' lang='grc' dir='ltr'>νέον</span> <span class='ocrx_word' id='word_1_227' title='bbox 691 2415 755 2485; x_wconf 75' lang='grc' dir='ltr'><strong>ὴὲ</strong></span> <span class='ocrx_word' id='word_1_228' title='bbox 789 2419 1051 2487; x_wconf 74' lang='grc' dir='ltr'>πάροιθεν</span> <span class='ocrx_word' id='word_1_229' title='bbox 1079 2439 1093 2452; x_wconf 89' lang='grc'><strong>·</strong></span> <span class='ocrx_word' id='word_1_230' title='bbox 1125 2454 1146 2462; x_wconf 94' lang='grc'><strong>-</strong></span> <span class='ocrx_word' id='word_1_231' title='bbox 1176 2427 1270 2479; x_wconf 77' lang='grc' dir='ltr'><strong>καὶ</strong></span> <span class='ocrx_word' id='word_1_232' title='bbox 1317 2428 1474 2491; x_wconf 84' lang='grc' dir='ltr'>είδὼς</span> <span class='ocrx_word' id='word_1_233' title='bbox 1526 2429 1688 2500; x_wconf 81' lang='grc' dir='ltr'>ξένην</span> <span class='ocrx_word' id='word_1_234' title='bbox 1720 2433 1873 2501; x_wconf 81' lang='grc' dir='ltr'>λέγε-</span> 
     </span>
    </p>
   </div>
   <div class='ocr_carea' id='block_1_26' title="bbox 294 2503 1872 2594">
    <p class='ocr_par' dir='ltr' id='par_1_26' title="bbox 294 2503 1872 2594">
     <span class='ocr_line' id='line_1_30' title="bbox 294 2503 1872 2594; baseline 0.015 -39"><span class='ocrx_word' id='word_1_235' title='bbox 294 2503 426 2557; x_wconf 80' lang='grc' dir='ltr'>σθαι</span> <span class='ocrx_word' id='word_1_236' title='bbox 459 2505 520 2557; x_wconf 83' lang='grc' dir='ltr'>οὐ</span> <span class='ocrx_word' id='word_1_237' title='bbox 560 2506 722 2574; x_wconf 83' lang='grc' dir='ltr'>μόνον</span> <span class='ocrx_word' id='word_1_238' title='bbox 752 2509 850 2578; x_wconf 80' lang='grc' dir='ltr'><strong>τὴν</strong></span> <span class='ocrx_word' id='word_1_239' title='bbox 896 2511 1216 2577; x_wconf 79' lang='grc' dir='ltr'>ξενίζουσαν</span> <span class='ocrx_word' id='word_1_240' title='bbox 1247 2519 1342 2570; x_wconf 77' lang='grc' dir='ltr'><strong>καὶ</strong></span> <span class='ocrx_word' id='word_1_241' title='bbox 1373 2522 1700 2590; x_wconf 80' lang='grc' dir='ltr'>παράδοξον,</span> <span class='ocrx_word' id='word_1_242' title='bbox 1734 2527 1872 2594; x_wconf 83' lang='grc' dir='ltr'>ὅπερ</span> 
     </span>
    </p>
   </div>
   <div class='ocr_carea' id='block_1_27' title="bbox 291 2593 1870 2684">
    <p class='ocr_par' dir='ltr' id='par_1_27' title="bbox 291 2593 1870 2684">
     <span class='ocr_line' id='line_1_31' title="bbox 291 2593 1870 2684; baseline 0.017 -39"><span class='ocrx_word' id='word_1_243' title='bbox 291 2593 522 2664; x_wconf 74' lang='grc' dir='ltr'>ἀληθῶς</span> <span class='ocrx_word' id='word_1_244' title='bbox 550 2596 813 2666; x_wconf 81' lang='grc' dir='ltr'>ἁρμόττει</span> <span class='ocrx_word' id='word_1_245' title='bbox 842 2598 1099 2682; x_wconf 81' lang='grc' dir='ltr'>ἐνταῦθα,</span> <span class='ocrx_word' id='word_1_246' title='bbox 1127 2606 1263 2660; x_wconf 76' lang='grc' dir='ltr'><strong>ἀλλά</strong></span> <span class='ocrx_word' id='word_1_247' title='bbox 1305 2610 1405 2679; x_wconf 76' lang='grc' dir='ltr'>τὴν</span> <span class='ocrx_word' id='word_1_248' title='bbox 1450 2612 1666 2668; x_wconf 84' lang='grc' dir='ltr'>όθνείαν</span> <span class='ocrx_word' id='word_1_249' title='bbox 1700 2593 1870 2684; x_wconf 81' lang='grc' dir='ltr'>ήγουν</span> 
     </span>
    </p>
   </div>
   <div class='ocr_carea' id='block_1_28' title="bbox 289 2679 1870 2779">
    <p class='ocr_par' dir='ltr' id='par_1_28' title="bbox 289 2679 1870 2779">
     <span class='ocr_line' id='line_1_32' title="bbox 289 2679 1870 2779; baseline 0.014 -39"><span class='ocrx_word' id='word_1_250' title='bbox 289 2687 612 2756; x_wconf 77' lang='grc' dir='ltr'>ἀλλοτρίαν,</span> <span class='ocrx_word' id='word_1_251' title='bbox 633 2692 890 2762; x_wconf 82' lang='grc' dir='ltr'>ἀπῃτήθη</span> <span class='ocrx_word' id='word_1_252' title='bbox 908 2679 1330 2764; x_wconf 31' lang='grc' dir='ltr'>ἀναλγκαστικῶς</span> <span class='ocrx_word' id='word_1_253' title='bbox 1354 2703 1459 2755; x_wconf 86' lang='grc' dir='ltr'>ὑπὸ</span> <span class='ocrx_word' id='word_1_254' title='bbox 1477 2705 1593 2773; x_wconf 59' lang='grc' dir='ltr'><strong>τῆς.</strong></span> <span class='ocrx_word' id='word_1_255' title='bbox 1602 2679 1870 2779; x_wconf 73' lang='grc' dir='ltr'>μετρικῆς</span> 
     </span>
    </p>
   </div>
   <div class='ocr_carea' id='block_1_29' title="bbox 287 2781 1870 2862">
    <p class='ocr_par' dir='ltr' id='par_1_29' title="bbox 287 2781 1870 2862">
     <span class='ocr_line' id='line_1_33' title="bbox 287 2781 1870 2862; baseline 0.014 -31"><span class='ocrx_word' id='word_1_256' title='bbox 287 2781 709 2850; x_wconf 71' lang='grc' dir='ltr'>ἀκροστιχίδο;’</span> <span class='ocrx_word' id='word_1_257' title='bbox 763 2785 1080 2850; x_wconf 72' lang='grc' dir='ltr'>ξενίζουσαν</span> <span class='ocrx_word' id='word_1_258' title='bbox 1114 2789 1216 2858; x_wconf 80' lang='grc' dir='ltr'>μὲν</span> <span class='ocrx_word' id='word_1_259' title='bbox 1271 2793 1346 2862; x_wconf 80' lang='grc' dir='ltr'>μὴ</span> <span class='ocrx_word' id='word_1_260' title='bbox 1389 2797 1603 2850; x_wconf 81' lang='grc' dir='ltr'>είπεῖν’</span> <span class='ocrx_word' id='word_1_261' title='bbox 1652 2799 1870 2853; x_wconf 81' lang='grc' dir='ltr'>ὀθνείαν</span> 
     </span>
    </p>
   </div>
   <div class='ocr_carea' id='block_1_30' title="bbox 286 2870 1867 2960">
    <p class='ocr_par' dir='ltr' id='par_1_30' title="bbox 286 2870 1867 2960">
     <span class='ocr_line' id='line_1_34' title="bbox 286 2870 1867 2960; baseline 0.013 -36"><span class='ocrx_word' id='word_1_262' title='bbox 286 2870 352 2925; x_wconf 70' lang='grc' dir='ltr'>δὲ</span> <span class='ocrx_word' id='word_1_263' title='bbox 389 2873 448 2939; x_wconf 81' lang='grc' dir='ltr'><strong>ἐξ</strong></span> <span class='ocrx_word' id='word_1_264' title='bbox 483 2875 752 2945; x_wconf 79' lang='grc' dir='ltr'>ἀνάγκης,</span> <span class='ocrx_word' id='word_1_265' title='bbox 799 2878 934 2932; x_wconf 77' lang='grc' dir='ltr'>διότι</span> <span class='ocrx_word' id='word_1_266' title='bbox 982 2881 1009 2948; x_wconf 86' lang='grc' dir='ltr'><strong>ή</strong></span> <span class='ocrx_word' id='word_1_267' title='bbox 1073 2881 1197 2954; x_wconf 83' lang='grc' dir='ltr'>ξένη</span> <span class='ocrx_word' id='word_1_268' title='bbox 1247 2885 1535 2950; x_wconf 81' lang='grc' dir='ltr'>ἀλλοίωσις</span> <span class='ocrx_word' id='word_1_269' title='bbox 1583 2891 1867 2960; x_wconf 72' lang='grc' dir='ltr'>όμοτίμως</span> 
     </span>
    </p>
   </div>
   <div class='ocr_carea' id='block_1_31' title="bbox 285 2963 1861 3054">
    <p class='ocr_par' dir='ltr' id='par_1_31' title="bbox 285 2963 1861 3054">
     <span class='ocr_line' id='line_1_35' title="bbox 285 2963 1861 3054; baseline 0.014 -37"><span class='ocrx_word' id='word_1_270' title='bbox 285 2963 488 3037; x_wconf 80' lang='grc' dir='ltr'>ὥσπερ</span> <span class='ocrx_word' id='word_1_271' title='bbox 512 2969 612 3037; x_wconf 81' lang='grc' dir='ltr'>τήν</span> <span class='ocrx_word' id='word_1_272' title='bbox 641 2970 940 3039; x_wconf 81' lang='grc' dir='ltr'>παράδοξον</span> <span class='ocrx_word' id='word_1_273' title='bbox 967 2973 1111 3029; x_wconf 75' lang='grc' dir='ltr'>οὕτω</span> <span class='ocrx_word' id='word_1_274' title='bbox 1142 2977 1237 3029; x_wconf 72' lang='grc' dir='ltr'><strong>καὶ</strong></span> <span class='ocrx_word' id='word_1_275' title='bbox 1271 2979 1369 3048; x_wconf 83' lang='grc' dir='ltr'><strong>τὴν</strong></span> <span class='ocrx_word' id='word_1_276' title='bbox 1403 2978 1620 3036; x_wconf 78' lang='grc' dir='ltr'>όθνείαν</span> <span class='ocrx_word' id='word_1_277' title='bbox 1649 2983 1861 3054; x_wconf 90' lang='grc' dir='ltr'>ἐδήλου.</span> 
     </span>
    </p>
   </div>
   <div class='ocr_carea' id='block_1_32' title="bbox 362 3235 1863 3321">
    <p class='ocr_par' dir='ltr' id='par_1_32' title="bbox 362 3235 1863 3321">
     <span class='ocr_line' id='line_1_36' title="bbox 362 3235 1863 3321; baseline 0.013 -32"><span class='ocrx_word' id='word_1_278' title='bbox 362 3235 462 3293; x_wconf 89' lang='grc' dir='ltr'>σν’.</span> <span class='ocrx_word' id='word_1_279' title='bbox 503 3239 612 3292; x_wconf 73' lang='grc' dir='ltr'>Καὶ</span> <span class='ocrx_word' id='word_1_280' title='bbox 646 3240 824 3294; x_wconf 88' lang='grc' dir='ltr'>τοίνυν</span> <span class='ocrx_word' id='word_1_281' title='bbox 859 3246 1006 3297; x_wconf 81' lang='grc' dir='ltr'>ποιεῖ</span> <span class='ocrx_word' id='word_1_282' title='bbox 1038 3245 1197 3301; x_wconf 78' lang='grc' dir='ltr'>τοῦτο</span> <span class='ocrx_word' id='word_1_283' title='bbox 1233 3247 1385 3302; x_wconf 81' lang='grc' dir='ltr'>ἄκων</span> <span class='ocrx_word' id='word_1_284' title='bbox 1407 3265 1422 3280; x_wconf 81' lang='lat'>&#39;</span> <span class='ocrx_word' id='word_1_285' title='bbox 1457 3247 1517 3305; x_wconf 86' lang='grc' dir='ltr'>εὖ</span> <span class='ocrx_word' id='word_1_286' title='bbox 1548 3253 1646 3321; x_wconf 72' lang='grc' dir='ltr'><strong>μὲν</strong></span> <span class='ocrx_word' id='word_1_287' title='bbox 1702 3255 1863 3321; x_wconf 73' lang='grc' dir='ltr'>εἰδὼς</span> 
     </span>
    </p>
   </div>
   <div class='ocr_carea' id='block_1_33' title="bbox 285 3333 1862 3408">
    <p class='ocr_par' dir='ltr' id='par_1_33' title="bbox 285 3333 1862 3408">
     <span class='ocr_line' id='line_1_37' title="bbox 285 3333 1862 3408; baseline 0.014 -27"><span class='ocrx_word' id='word_1_288' title='bbox 285 3335 632 3399; x_wconf 86' lang='grc' dir='ltr'>παραποιεῖν</span> <span class='ocrx_word' id='word_1_289' title='bbox 658 3333 716 3386; x_wconf 82' lang='grc' dir='ltr'><strong>τὸ</strong></span> <span class='ocrx_word' id='word_1_290' title='bbox 747 3337 859 3397; x_wconf 84' lang='grc' dir='ltr'>τοῖς</span> <span class='ocrx_word' id='word_1_291' title='bbox 915 3341 1301 3408; x_wconf 77' lang='grc' dir='ltr'>προκειμένοις</span> <span class='ocrx_word' id='word_1_292' title='bbox 1347 3343 1677 3399; x_wconf 84' lang='grc' dir='ltr'>ἀκόλουθον·</span> <span class='ocrx_word' id='word_1_293' title='bbox 1726 3349 1862 3402; x_wconf 80' lang='grc' dir='ltr'>ἀνα-</span> 
     </span>
    </p>
   </div>
   <div class='ocr_carea' id='block_1_34' title="bbox 280 3424 1864 3512">
    <p class='ocr_par' dir='ltr' id='par_1_34' title="bbox 280 3424 1864 3512">
     <span class='ocr_line' id='line_1_38' title="bbox 280 3424 1864 3512; baseline 0.015 -38"><span class='ocrx_word' id='word_1_294' title='bbox 280 3424 464 3486; x_wconf 74' lang='grc' dir='ltr'>τιθεὶς</span> <span class='ocrx_word' id='word_1_295' title='bbox 492 3425 550 3477; x_wconf 79' lang='grc' dir='ltr'>δὲ</span> <span class='ocrx_word' id='word_1_296' title='bbox 592 3426 726 3478; x_wconf 79' lang='grc' dir='ltr'>αὐτὸ</span> <span class='ocrx_word' id='word_1_297' title='bbox 748 3429 949 3498; x_wconf 84' lang='grc' dir='ltr'>γρίφου</span> <span class='ocrx_word' id='word_1_298' title='bbox 999 3430 1156 3501; x_wconf 90' lang='grc' dir='ltr'>δίκην</span> <span class='ocrx_word' id='word_1_299' title='bbox 1194 3434 1345 3503; x_wconf 79' lang='grc' dir='ltr'>παρὰ</span> <span class='ocrx_word' id='word_1_300' title='bbox 1396 3437 1706 3505; x_wconf 82' lang='grc' dir='ltr'>εὐγνώμοσι</span> <span class='ocrx_word' id='word_1_301' title='bbox 1744 3459 1864 3512; x_wconf 80' lang='grc' dir='ltr'>κρι-</span> 
     </span>
    </p>
   </div>
   <div class='ocr_carea' id='block_1_35' title="bbox 278 3516 1860 3602">
    <p class='ocr_par' dir='ltr' id='par_1_35' title="bbox 278 3516 1860 3602">
     <span class='ocr_line' id='line_1_39' title="bbox 278 3516 1860 3602; baseline 0.013 -36"><span class='ocrx_word' id='word_1_302' title='bbox 278 3518 501 3578; x_wconf 82' lang='grc' dir='ltr'>τικοῖς·</span> <span class='ocrx_word' id='word_1_303' title='bbox 533 3519 598 3586; x_wconf 80' lang='grc' dir='ltr'><strong>τῇ</strong></span> <span class='ocrx_word' id='word_1_304' title='bbox 659 3516 806 3572; x_wconf 76' lang='grc' dir='ltr'>ἐστιν</span> <span class='ocrx_word' id='word_1_305' title='bbox 862 3521 950 3573; x_wconf 81' lang='grc' dir='ltr'><strong>ὅτε</strong></span> <span class='ocrx_word' id='word_1_306' title='bbox 992 3525 1113 3575; x_wconf 79' lang='grc' dir='ltr'>κατ’</span> <span class='ocrx_word' id='word_1_307' title='bbox 1161 3526 1410 3598; x_wconf 86' lang='grc' dir='ltr'>ἀνάγκην</span> <span class='ocrx_word' id='word_1_308' title='bbox 1457 3530 1860 3602; x_wconf 78' lang='grc' dir='ltr'>διθυραμϐὡδει</span> 
     </span>
    </p>
   </div>
   <div class='ocr_carea' id='block_1_36' title="bbox 283 3609 1858 3689">
    <p class='ocr_par' dir='ltr' id='par_1_36' title="bbox 283 3609 1858 3689">
     <span class='ocr_line' id='line_1_40' title="bbox 283 3609 1858 3689; baseline 0.015 -34"><span class='ocrx_word' id='word_1_309' title='bbox 283 3609 668 3675; x_wconf 79' lang='grc' dir='ltr'>μεταχειρίσει</span> <span class='ocrx_word' id='word_1_310' title='bbox 703 3611 800 3679; x_wconf 76' lang='grc' dir='ltr'><strong>τῆς</strong></span> <span class='ocrx_word' id='word_1_311' title='bbox 831 3612 1128 3681; x_wconf 86' lang='grc' dir='ltr'>ποιήσεως.</span> <span class='ocrx_word' id='word_1_312' title='bbox 1167 3616 1541 3685; x_wconf 78' lang='grc' dir='ltr'>ἀλλαξάμενος</span> <span class='ocrx_word' id='word_1_313' title='bbox 1576 3622 1676 3689; x_wconf 81' lang='grc' dir='ltr'>τῆς</span> <span class='ocrx_word' id='word_1_314' title='bbox 1729 3626 1858 3678; x_wconf 78' lang='grc' dir='ltr'>καθ’</span> 
     </span>
    </p>
   </div>
   <div class='ocr_carea' id='block_1_37' title="bbox 275 3698 1856 3783">
    <p class='ocr_par' dir='ltr' id='par_1_37' title="bbox 275 3698 1856 3783">
     <span class='ocr_line' id='line_1_41' title="bbox 275 3698 1856 3783; baseline 0.014 -35"><span class='ocrx_word' id='word_1_315' title='bbox 275 3698 590 3766; x_wconf 74' lang='grc' dir='ltr'>ἑρμηνείαν</span> <span class='ocrx_word' id='word_1_316' title='bbox 618 3703 922 3771; x_wconf 84' lang='grc' dir='ltr'>προσεχοῦς</span> <span class='ocrx_word' id='word_1_317' title='bbox 966 3703 1168 3768; x_wconf 73' lang='grc' dir='ltr'>λέξεως</span> <span class='ocrx_word' id='word_1_318' title='bbox 1206 3709 1306 3777; x_wconf 78' lang='grc' dir='ltr'>τὴν</span> <span class='ocrx_word' id='word_1_319' title='bbox 1339 3714 1701 3783; x_wconf 80' lang='grc' dir='ltr'>πορρωτέρω.</span> <span class='ocrx_word' id='word_1_320' title='bbox 1751 3735 1856 3769; x_wconf 71' lang='grc' dir='ltr'>παι-</span> 
     </span>
    </p>
   </div>
   <div class='ocr_carea' id='block_1_38' title="bbox 278 3787 1855 3874">
    <p class='ocr_par' dir='ltr' id='par_1_38' title="bbox 278 3787 1855 3874">
     <span class='ocr_line' id='line_1_42' title="bbox 278 3787 1855 3874; baseline 0.016 -37"><span class='ocrx_word' id='word_1_321' title='bbox 278 3787 546 3855; x_wconf 80' lang='grc' dir='ltr'>ραδοξίας</span> <span class='ocrx_word' id='word_1_322' title='bbox 577 3791 739 3857; x_wconf 82' lang='grc' dir='ltr'>χάριν</span> <span class='ocrx_word' id='word_1_323' title='bbox 786 3795 882 3846; x_wconf 78' lang='grc' dir='ltr'>καὶ</span> <span class='ocrx_word' id='word_1_324' title='bbox 927 3795 1375 3869; x_wconf 71' lang='grc' dir='ltr'>γλαφυρότητοςο</span> <span class='ocrx_word' id='word_1_325' title='bbox 1409 3804 1477 3856; x_wconf 87' lang='grc' dir='ltr'>δι’</span> <span class='ocrx_word' id='word_1_326' title='bbox 1510 3806 1576 3874; x_wconf 73' lang='grc' dir='ltr'>ἢν</span> <span class='ocrx_word' id='word_1_327' title='bbox 1607 3809 1703 3860; x_wconf 70' lang='grc' dir='ltr'><strong>καὶ</strong></span> <span class='ocrx_word' id='word_1_328' title='bbox 1756 3809 1855 3862; x_wconf 84' lang='grc' dir='ltr'>ἀλ-</span> 
     </span>
    </p>
   </div>
   <div class='ocr_carea' id='block_1_39' title="bbox 272 3876 1853 3967">
    <p class='ocr_par' dir='ltr' id='par_1_39' title="bbox 272 3876 1853 3967">
     <span class='ocr_line' id='line_1_43' title="bbox 272 3876 1853 3967; baseline 0.017 -39"><span class='ocrx_word' id='word_1_329' title='bbox 272 3876 436 3942; x_wconf 84' lang='grc' dir='ltr'>λοίας</span> <span class='ocrx_word' id='word_1_330' title='bbox 484 3883 543 3934; x_wconf 85' lang='grc' dir='ltr'><strong>ἐν</strong></span> <span class='ocrx_word' id='word_1_331' title='bbox 576 3884 786 3952; x_wconf 79' lang='grc' dir='ltr'>ἑτέροις</span> <span class='ocrx_word' id='word_1_332' title='bbox 833 3888 1316 3959; x_wconf 81' lang='grc' dir='ltr'>παραδοξοφωνίας</span> <span class='ocrx_word' id='word_1_333' title='bbox 1347 3896 1661 3967; x_wconf 75' lang='grc' dir='ltr'>ἐμάθομενο</span> <span class='ocrx_word' id='word_1_334' title='bbox 1711 3895 1853 3955; x_wconf 70' lang='grc' dir='ltr'>ὥστε</span> 
     </span>
    </p>
   </div>
   <div class='ocr_carea' id='block_1_40' title="bbox 269 3971 1850 4063">
    <p class='ocr_par' dir='ltr' id='par_1_40' title="bbox 269 3971 1850 4063">
     <span class='ocr_line' id='line_1_44' title="bbox 269 3971 1850 4063; baseline 0.016 -41"><span class='ocrx_word' id='word_1_335' title='bbox 269 3971 467 4023; x_wconf 77' lang='grc' dir='ltr'>ὀθνεῖα</span> <span class='ocrx_word' id='word_1_336' title='bbox 521 3973 616 4025; x_wconf 83' lang='grc' dir='ltr'>νῦν</span> <span class='ocrx_word' id='word_1_337' title='bbox 662 3976 969 4045; x_wconf 81' lang='grc' dir='ltr'>ἀλλοίωσις,</span> <span class='ocrx_word' id='word_1_338' title='bbox 1017 3983 1050 4051; x_wconf 88' lang='grc' dir='ltr'><strong>ή</strong></span> <span class='ocrx_word' id='word_1_339' title='bbox 1109 3982 1233 4054; x_wconf 81' lang='grc' dir='ltr'>ξένη</span> <span class='ocrx_word' id='word_1_340' title='bbox 1267 3987 1361 4038; x_wconf 75' lang='grc' dir='ltr'>καὶ</span> <span class='ocrx_word' id='word_1_341' title='bbox 1400 3991 1850 4063; x_wconf 76' lang='grc' dir='ltr'>παρηλλαγμένη,</span> 
     </span>
    </p>
   </div>
   <div class='ocr_carea' id='block_1_41' title="bbox 269 4061 1851 4153">
    <p class='ocr_par' dir='ltr' id='par_1_41' title="bbox 269 4061 1851 4153">
     <span class='ocr_line' id='line_1_45' title="bbox 269 4061 1851 4153; baseline 0.018 -43"><span class='ocrx_word' id='word_1_342' title='bbox 269 4061 592 4129; x_wconf 68' lang='grc' dir='ltr'>φρασθείσα</span> <span class='ocrx_word' id='word_1_343' title='bbox 623 4064 766 4119; x_wconf 82' lang='grc' dir='ltr'>οὕτω</span> <span class='ocrx_word' id='word_1_344' title='bbox 805 4071 1075 4142; x_wconf 83' lang='grc' dir='ltr'>ποιητικῷ</span> <span class='ocrx_word' id='word_1_345' title='bbox 1111 4075 1510 4150; x_wconf 82' lang='grc' dir='ltr'>μεταληπτικῴ</span> <span class='ocrx_word' id='word_1_346' title='bbox 1534 4061 1721 4153; x_wconf 67' lang='grc' dir='ltr'>τρόπω</span> <span class='ocrx_word' id='word_1_347' title='bbox 1765 4061 1851 4140; x_wconf 85' lang='grc' dir='ltr'>δε-</span> 
     </span>
    </p>
   </div>
   <div class='ocr_carea' id='block_1_42' title="bbox 264 4153 1850 4245">
    <p class='ocr_par' dir='ltr' id='par_1_42' title="bbox 264 4153 1850 4245">
     <span class='ocr_line' id='line_1_46' title="bbox 264 4153 1850 4245; baseline 0.018 -41"><span class='ocrx_word' id='word_1_348' title='bbox 264 4153 493 4222; x_wconf 82' lang='grc' dir='ltr'>δομὲνῳ</span> <span class='ocrx_word' id='word_1_349' title='bbox 526 4158 638 4219; x_wconf 82' lang='grc' dir='ltr'>τοῖς</span> <span class='ocrx_word' id='word_1_350' title='bbox 688 4159 971 4226; x_wconf 73' lang='grc' dir='ltr'>ἐποποιοῖς</span> <span class='ocrx_word' id='word_1_351' title='bbox 997 4179 1011 4195; x_wconf 78' lang='grc' dir='ltr'><strong>ο</strong></span> <span class='ocrx_word' id='word_1_352' title='bbox 1051 4167 1147 4219; x_wconf 75' lang='grc' dir='ltr'><strong>καὶ</strong></span> <span class='ocrx_word' id='word_1_353' title='bbox 1192 4167 1370 4234; x_wconf 80' lang='grc' dir='ltr'>ἄλλως</span> <span class='ocrx_word' id='word_1_354' title='bbox 1405 4171 1462 4225; x_wconf 86' lang='grc' dir='ltr'><strong>δέ</strong></span> <span class='ocrx_word' id='word_1_355' title='bbox 1511 4173 1850 4245; x_wconf 85' lang='grc' dir='ltr'>διασαφῆσαι</span> 
     </span>
    </p>
   </div>
   <div class='ocr_carea' id='block_1_43' title="bbox 263 4243 1846 4340">
    <p class='ocr_par' dir='ltr' id='par_1_43' title="bbox 263 4243 1846 4340">
     <span class='ocr_line' id='line_1_47' title="bbox 263 4243 1846 4340; baseline 0.016 -45"><span class='ocrx_word' id='word_1_356' title='bbox 263 4244 332 4295; x_wconf 78' lang='grc' dir='ltr'><strong>τὸ</strong></span> <span class='ocrx_word' id='word_1_357' title='bbox 383 4243 622 4299; x_wconf 77' lang='grc' dir='ltr'>τοιοῦτον</span> <span class='ocrx_word' id='word_1_358' title='bbox 675 4253 1067 4322; x_wconf 88' lang='grc' dir='ltr'>καινόσχημον,</span> <span class='ocrx_word' id='word_1_359' title='bbox 1125 4258 1372 4324; x_wconf 81' lang='grc' dir='ltr'>φαίνεται</span> <span class='ocrx_word' id='word_1_360' title='bbox 1428 4263 1461 4332; x_wconf 86' lang='grc' dir='ltr'><strong>ή</strong></span> <span class='ocrx_word' id='word_1_361' title='bbox 1516 4265 1588 4328; x_wconf 82' lang='grc' dir='ltr'><strong>ὡς</strong></span> <span class='ocrx_word' id='word_1_362' title='bbox 1645 4243 1846 4340; x_wconf 73' lang='grc' dir='ltr'>ἐρρέθη</span> 
     </span>
    </p>
   </div>
   <div class='ocr_carea' id='block_1_44' title="bbox 262 4335 1847 4424">
    <p class='ocr_par' dir='ltr' id='par_1_44' title="bbox 262 4335 1847 4424">
     <span class='ocr_line' id='line_1_48' title="bbox 262 4335 1847 4424; baseline 0.019 -39"><span class='ocrx_word' id='word_1_363' title='bbox 262 4335 464 4388; x_wconf 79' lang='grc' dir='ltr'>ὀθνεία</span> <span class='ocrx_word' id='word_1_364' title='bbox 519 4338 689 4404; x_wconf 79' lang='grc' dir='ltr'>ήγουν</span> <span class='ocrx_word' id='word_1_365' title='bbox 744 4341 869 4413; x_wconf 75' lang='grc' dir='ltr'>ξένη</span> <span class='ocrx_word' id='word_1_366' title='bbox 920 4345 1227 4415; x_wconf 83' lang='grc' dir='ltr'>ἀλλοίωσις,</span> <span class='ocrx_word' id='word_1_367' title='bbox 1275 4356 1550 4424; x_wconf 80' lang='grc' dir='ltr'>προῆχθαι</span> <span class='ocrx_word' id='word_1_368' title='bbox 1607 4335 1753 4413; x_wconf 77' lang='grc' dir='ltr'>κατά</span> <span class='ocrx_word' id='word_1_369' title='bbox 1792 4335 1847 4416; x_wconf 67' lang='grc' dir='ltr'>τί</span> 
     </span>
    </p>
   </div>
   <div class='ocr_carea' id='block_1_45' title="bbox 261 4428 1846 4514">
    <p class='ocr_par' dir='ltr' id='par_1_45' title="bbox 261 4428 1846 4514">
     <span class='ocr_line' id='line_1_49' title="bbox 261 4428 1846 4514; baseline 0.02 -38"><span class='ocrx_word' id='word_1_370' title='bbox 261 4428 455 4495; x_wconf 69' lang='grc' dir='ltr'>νόημα</span> <span class='ocrx_word' id='word_1_371' title='bbox 501 4433 814 4498; x_wconf 77' lang='grc' dir='ltr'>σοφιστικὸν</span> <span class='ocrx_word' id='word_1_372' title='bbox 849 4438 972 4504; x_wconf 79' lang='grc' dir='ltr'>μὲν,</span> <span class='ocrx_word' id='word_1_373' title='bbox 1033 4442 1129 4492; x_wconf 78' lang='grc' dir='ltr'><strong>καὶ</strong></span> <span class='ocrx_word' id='word_1_374' title='bbox 1175 4442 1272 4512; x_wconf 84' lang='grc' dir='ltr'><strong>οὐχ</strong></span> <span class='ocrx_word' id='word_1_375' title='bbox 1323 4445 1497 4514; x_wconf 78' lang='grc' dir='ltr'>ὑγιὲς,</span> <span class='ocrx_word' id='word_1_376' title='bbox 1549 4449 1744 4505; x_wconf 82' lang='grc' dir='ltr'>δοκοῦν</span> <span class='ocrx_word' id='word_1_377' title='bbox 1788 4455 1846 4507; x_wconf 81' lang='grc' dir='ltr'>δὲ</span> 
     </span>
    </p>
   </div>
   <div class='ocr_carea' id='block_1_46' title="bbox 255 4513 1924 4616">
    <p class='ocr_par' dir='ltr' id='par_1_46' title="bbox 255 4513 1924 4616">
     <span class='ocr_line' id='line_1_50' title="bbox 255 4513 1924 4616; baseline 0.019 -49"><span class='ocrx_word' id='word_1_378' title='bbox 255 4513 412 4570; x_wconf 70' lang='grc' dir='ltr'>εἶναι</span> <span class='ocrx_word' id='word_1_379' title='bbox 445 4519 854 4589; x_wconf 73' lang='grc' dir='ltr'>συλλογιστικὸν</span> <span class='ocrx_word' id='word_1_380' title='bbox 911 4531 1153 4584; x_wconf 81' lang='grc' dir='ltr'>τοιοῦτον</span> <span class='ocrx_word' id='word_1_381' title='bbox 1183 4534 1244 4585; x_wconf 83' lang='grc' dir='ltr'><strong>τὺ</strong></span> <span class='ocrx_word' id='word_1_382' title='bbox 1289 4536 1517 4607; x_wconf 77' lang='grc' dir='ltr'>ὀθνεῖον,</span> <span class='ocrx_word' id='word_1_383' title='bbox 1569 4540 1718 4605; x_wconf 81' lang='grc' dir='ltr'>ξένον</span> <span class='ocrx_word' id='word_1_384' title='bbox 1748 4545 1844 4616; x_wconf 88' lang='grc' dir='ltr'>δη-</span> <span class='ocrx_word' id='word_1_385' title='bbox 1871 4525 1924 4583; x_wconf 79' lang='lat' dir='ltr'><strong>D</strong></span> 
     </span>
    </p>
   </div>
   <div class='ocr_carea' id='block_1_47' title="bbox 256 4610 1843 4708">
    <p class='ocr_par' dir='ltr' id='par_1_47' title="bbox 256 4610 1843 4708">
     <span class='ocr_line' id='line_1_51' title="bbox 256 4610 1843 4708; baseline 0.021 -48"><span class='ocrx_word' id='word_1_386' title='bbox 256 4610 352 4662; x_wconf 81' lang='grc' dir='ltr'>λοί</span> <span class='ocrx_word' id='word_1_387' title='bbox 377 4627 389 4638; x_wconf 88' lang='grc'><strong>·</strong></span> <span class='ocrx_word' id='word_1_388' title='bbox 429 4611 579 4674; x_wconf 80' lang='grc' dir='ltr'>ξένον</span> <span class='ocrx_word' id='word_1_389' title='bbox 607 4615 662 4666; x_wconf 86' lang='grc' dir='ltr'><strong>δὲ</strong></span> <span class='ocrx_word' id='word_1_390' title='bbox 697 4618 758 4669; x_wconf 80' lang='grc' dir='ltr'><strong>τὸ</strong></span> <span class='ocrx_word' id='word_1_391' title='bbox 792 4621 1099 4690; x_wconf 82' lang='grc' dir='ltr'>παράδοξον</span> <span class='ocrx_word' id='word_1_392' title='bbox 1120 4641 1133 4654; x_wconf 89' lang='grc'><strong>·</strong></span> <span class='ocrx_word' id='word_1_393' title='bbox 1168 4625 1380 4681; x_wconf 82' lang='grc' dir='ltr'>ὀθνεῖον</span> <span class='ocrx_word' id='word_1_394' title='bbox 1419 4629 1525 4700; x_wconf 78' lang='grc' dir='ltr'>ἄρα</span> <span class='ocrx_word' id='word_1_395' title='bbox 1567 4635 1628 4688; x_wconf 81' lang='grc' dir='ltr'>τὸ</span> <span class='ocrx_word' id='word_1_396' title='bbox 1660 4610 1843 4708; x_wconf 79' lang='grc' dir='ltr'>παρά-</span> 
     </span>
    </p>
   </div>
   <div class='ocr_carea' id='block_1_48' title="bbox 254 4700 1840 4796">
    <p class='ocr_par' dir='ltr' id='par_1_48' title="bbox 254 4700 1840 4796">
     <span class='ocr_line' id='line_1_52' title="bbox 254 4700 1840 4796; baseline 0.021 -45"><span class='ocrx_word' id='word_1_397' title='bbox 254 4700 423 4767; x_wconf 77' lang='grc' dir='ltr'>δοξον</span> <span class='ocrx_word' id='word_1_398' title='bbox 453 4720 466 4735; x_wconf 92' lang='grc'><strong>·</strong></span> <span class='ocrx_word' id='word_1_399' title='bbox 508 4709 598 4756; x_wconf 75' lang='grc' dir='ltr'><strong>καὶ</strong></span> <span class='ocrx_word' id='word_1_400' title='bbox 635 4709 845 4764; x_wconf 85' lang='grc' dir='ltr'>ἐκεῖθεν</span> <span class='ocrx_word' id='word_1_401' title='bbox 884 4714 1176 4781; x_wconf 83' lang='grc' dir='ltr'>ἀλλοίωσις</span> <span class='ocrx_word' id='word_1_402' title='bbox 1215 4719 1398 4772; x_wconf 82' lang='grc' dir='ltr'>όθνεία</span> <span class='ocrx_word' id='word_1_403' title='bbox 1429 4724 1462 4792; x_wconf 81' lang='grc' dir='ltr'><strong>ἡ</strong></span> <span class='ocrx_word' id='word_1_404' title='bbox 1494 4700 1800 4796; x_wconf 75' lang='grc' dir='ltr'>παράδοξος</span> <span class='ocrx_word' id='word_1_405' title='bbox 1825 4747 1840 4763; x_wconf 81' lang='lat'>&#39;</span> 
     </span>
    </p>
   </div>
   <div class='ocr_carea' id='block_1_49' title="bbox 252 4791 1837 4892">
    <p class='ocr_par' dir='ltr' id='par_1_49' title="bbox 252 4791 1837 4892">
     <span class='ocr_line' id='line_1_53' title="bbox 252 4791 1837 4892; baseline 0.041 -71"><span class='ocrx_word' id='word_1_406' title='bbox 252 4791 414 4842; x_wconf 59' lang='grc' dir='ltr'><strong>οδτω</strong></span> <span class='ocrx_word' id='word_1_407' title='bbox 445 4795 540 4846; x_wconf 56' lang='grc' dir='ltr'><strong>καὶ</strong></span> <span class='ocrx_word' id='word_1_408' title='bbox 573 4795 738 4866; x_wconf 77' lang='grc' dir='ltr'>γλήνη</span> <span class='ocrx_word' id='word_1_409' title='bbox 777 4801 810 4868; x_wconf 79' lang='grc' dir='ltr'><strong>ἡ</strong></span> <span class='ocrx_word' id='word_1_410' title='bbox 845 4804 980 4872; x_wconf 86' lang='grc' dir='ltr'>κόρη</span> <span class='ocrx_word' id='word_1_411' title='bbox 1010 4820 1022 4834; x_wconf 87' lang='lat'><strong>-</strong></span> <span class='ocrx_word' id='word_1_412' title='bbox 1077 4806 1211 4876; x_wconf 89' lang='grc' dir='ltr'>κόρη</span> <span class='ocrx_word' id='word_1_413' title='bbox 1246 4808 1303 4861; x_wconf 89' lang='grc' dir='ltr'><strong>δέ</strong></span> <span class='ocrx_word' id='word_1_414' title='bbox 1347 4791 1530 4885; x_wconf 84' lang='grc' dir='ltr'>άπαλή</span> <span class='ocrx_word' id='word_1_415' title='bbox 1569 4791 1651 4879; x_wconf 51' lang='lat' dir='ltr'><strong>in;</strong></span> <span class='ocrx_word' id='word_1_416' title='bbox 1682 4791 1837 4892; x_wconf 57' lang='grc' dir='ltr'>γννὲι,</span> 
     </span>
    </p>
   </div>
   <div class='ocr_carea' id='block_1_50' title="bbox 251 4884 1026 4963">
    <p class='ocr_par' dir='ltr' id='par_1_50' title="bbox 251 4884 1026 4963">
     <span class='ocr_line' id='line_1_54' title="bbox 251 4884 1026 4963; baseline 0.021 -29"><span class='ocrx_word' id='word_1_417' title='bbox 251 4884 424 4952; x_wconf 77' lang='grc' dir='ltr'>καὶὴ</span> <span class='ocrx_word' id='word_1_418' title='bbox 461 4884 634 4958; x_wconf 87' lang='grc' dir='ltr'>γλήνη</span> <span class='ocrx_word' id='word_1_419' title='bbox 673 4890 781 4959; x_wconf 83' lang='grc' dir='ltr'>ἄρα</span> <span class='ocrx_word' id='word_1_420' title='bbox 818 4894 1026 4963; x_wconf 79' lang='grc' dir='ltr'>κόριον;</span> 
     </span>
    </p>
   </div>
   <div class='ocr_carea' id='block_1_51' title="bbox 335 5064 1839 5157">
    <p class='ocr_par' dir='ltr' id='par_1_51' title="bbox 335 5064 1839 5157">
     <span class='ocr_line' id='line_1_55' title="bbox 335 5064 1839 5157; baseline 0.024 -47"><span class='ocrx_word' id='word_1_421' title='bbox 335 5068 478 5114; x_wconf 88' lang='grc' dir='ltr'>σνα’.</span> <span class='ocrx_word' id='word_1_422' title='bbox 518 5064 738 5119; x_wconf 82' lang='grc' dir='ltr'>Τούτων</span> <span class='ocrx_word' id='word_1_423' title='bbox 770 5068 826 5121; x_wconf 84' lang='grc' dir='ltr'>δὲ</span> <span class='ocrx_word' id='word_1_424' title='bbox 846 5071 1162 5141; x_wconf 73' lang='grc' dir='ltr'>ἀρκούντως</span> <span class='ocrx_word' id='word_1_425' title='bbox 1181 5079 1323 5147; x_wconf 67' lang='grc' dir='ltr'>οὕῖω</span> <span class='ocrx_word' id='word_1_426' title='bbox 1347 5085 1645 5155; x_wconf 71' lang='grc' dir='ltr'>ῥηθέντων,</span> <span class='ocrx_word' id='word_1_427' title='bbox 1681 5092 1735 5142; x_wconf 81' lang='grc' dir='ltr'>εἴ</span> <span class='ocrx_word' id='word_1_428' title='bbox 1756 5111 1839 5157; x_wconf 86' lang='grc' dir='ltr'>τις</span> 
     </span>
    </p>
   </div>
   <div class='ocr_carea' id='block_1_52' title="bbox 247 5154 1838 5246">
    <p class='ocr_par' dir='ltr' id='par_1_52' title="bbox 247 5154 1838 5246">
     <span class='ocr_line' id='line_1_56' title="bbox 247 5154 1838 5246; baseline 0.019 -40"><span class='ocrx_word' id='word_1_429' title='bbox 247 5154 556 5209; x_wconf 82' lang='grc' dir='ltr'>ἀλλοίωσιν</span> <span class='ocrx_word' id='word_1_430' title='bbox 583 5157 801 5213; x_wconf 83' lang='grc' dir='ltr'>ὀθνείαν</span> <span class='ocrx_word' id='word_1_431' title='bbox 835 5165 1075 5221; x_wconf 81' lang='grc' dir='ltr'>ἐνταῦθα</span> <span class='ocrx_word' id='word_1_432' title='bbox 1101 5169 1250 5238; x_wconf 82' lang='grc' dir='ltr'>λέγει</span> <span class='ocrx_word' id='word_1_433' title='bbox 1278 5173 1377 5242; x_wconf 80' lang='grc' dir='ltr'><strong>τὴν</strong></span> <span class='ocrx_word' id='word_1_434' title='bbox 1405 5154 1461 5242; x_wconf 82' lang='grc' dir='ltr'><strong>ἐξ</strong></span> <span class='ocrx_word' id='word_1_435' title='bbox 1491 5179 1652 5246; x_wconf 80' lang='grc' dir='ltr'>ὀρθοῦ</span> <span class='ocrx_word' id='word_1_436' title='bbox 1683 5154 1838 5237; x_wconf 48' lang='grc' dir='ltr'><strong>όιλλοζ</strong></span> 
     </span>
    </p>
   </div>
   <div class='ocr_carea' id='block_1_53' title="bbox 241 5245 1837 5343">
    <p class='ocr_par' dir='ltr' id='par_1_53' title="bbox 241 5245 1837 5343">
     <span class='ocr_line' id='line_1_57' title="bbox 241 5245 1837 5343; baseline 0.019 -46"><span class='ocrx_word' id='word_1_437' title='bbox 241 5245 440 5315; x_wconf 82' lang='grc' dir='ltr'>τρίαν,</span> <span class='ocrx_word' id='word_1_438' title='bbox 477 5248 577 5300; x_wconf 85' lang='grc' dir='ltr'><strong>οὐκ</strong></span> <span class='ocrx_word' id='word_1_439' title='bbox 609 5249 674 5302; x_wconf 87' lang='grc' dir='ltr'><strong>ἂν</strong></span> <span class='ocrx_word' id='word_1_440' title='bbox 707 5251 928 5321; x_wconf 82' lang='grc' dir='ltr'>εὑρήσει</span> <span class='ocrx_word' id='word_1_441' title='bbox 982 5258 1186 5327; x_wconf 72' lang='grc' dir='ltr'>ῥᾳδίως</span> <span class='ocrx_word' id='word_1_442' title='bbox 1217 5261 1360 5317; x_wconf 74' lang='grc' dir='ltr'>οὕτω</span> <span class='ocrx_word' id='word_1_443' title='bbox 1394 5269 1489 5320; x_wconf 81' lang='grc' dir='ltr'><strong>καὶ</strong></span> <span class='ocrx_word' id='word_1_444' title='bbox 1546 5273 1837 5343; x_wconf 77' lang='grc' dir='ltr'>ἀπραγμό-</span> 
     </span>
    </p>
   </div>
   <div class='ocr_carea' id='block_1_54' title="bbox 248 5339 1837 5437">
    <p class='ocr_par' dir='ltr' id='par_1_54' title="bbox 248 5339 1837 5437">
     <span class='ocr_line' id='line_1_58' title="bbox 248 5339 1837 5437; baseline 0.022 -52"><span class='ocrx_word' id='word_1_445' title='bbox 248 5355 370 5397; x_wconf 82' lang='grc' dir='ltr'><strong>νως</strong></span> <span class='ocrx_word' id='word_1_446' title='bbox 408 5339 578 5390; x_wconf 79' lang='grc' dir='ltr'>ποθὲν</span> <span class='ocrx_word' id='word_1_447' title='bbox 611 5347 910 5414; x_wconf 70' lang='grc' dir='ltr'>προσοχὴν.</span> <span class='ocrx_word' id='word_1_448' title='bbox 950 5349 1075 5412; x_wconf 85' lang='grc' dir='ltr'><strong>Πῶς</strong></span> <span class='ocrx_word' id='word_1_449' title='bbox 1101 5353 1210 5421; x_wconf 83' lang='grc' dir='ltr'>γὰρ</span> <span class='ocrx_word' id='word_1_450' title='bbox 1243 5356 1506 5428; x_wconf 84' lang='grc' dir='ltr'>ἀλλοτρία</span> <span class='ocrx_word' id='word_1_451' title='bbox 1546 5339 1660 5429; x_wconf 85' lang='grc' dir='ltr'><strong>ήὲν</strong></span> <span class='ocrx_word' id='word_1_452' title='bbox 1694 5339 1837 5437; x_wconf 83' lang='grc' dir='ltr'>ἁγίῳ</span> 
     </span>
    </p>
   </div>
   <div class='ocr_carea' id='block_1_55' title="bbox 247 5427 1834 5528">
    <p class='ocr_par' dir='ltr' id='par_1_55' title="bbox 247 5427 1834 5528">
     <span class='ocr_line' id='line_1_59' title="bbox 247 5427 1834 5528; baseline 0.021 -49"><span class='ocrx_word' id='word_1_453' title='bbox 247 5427 544 5497; x_wconf 84' lang='grc' dir='ltr'>Πνεύματι</span> <span class='ocrx_word' id='word_1_454' title='bbox 585 5430 677 5484; x_wconf 82' lang='grc' dir='ltr'>νῦν</span> <span class='ocrx_word' id='word_1_455' title='bbox 709 5437 984 5510; x_wconf 75' lang='grc' dir='ltr'>μεταϐολὴ</span> <span class='ocrx_word' id='word_1_456' title='bbox 1014 5442 1109 5495; x_wconf 75' lang='grc' dir='ltr'>καὶ</span> <span class='ocrx_word' id='word_1_457' title='bbox 1139 5443 1428 5512; x_wconf 85' lang='grc' dir='ltr'>ἀλλοίωσις</span> <span class='ocrx_word' id='word_1_458' title='bbox 1461 5452 1525 5505; x_wconf 87' lang='grc' dir='ltr'><strong>ἐκ</strong></span> <span class='ocrx_word' id='word_1_459' title='bbox 1559 5427 1658 5525; x_wconf 68' lang='grc' dir='ltr'><strong>⁴ιςῆς</strong></span> <span class='ocrx_word' id='word_1_460' title='bbox 1683 5427 1834 5528; x_wconf 73' lang='grc' dir='ltr'><strong>παρά</strong></span> 
     </span>
    </p>
   </div>
   <div class='ocr_carea' id='block_1_56' title="bbox 242 5518 1834 5618">
    <p class='ocr_par' dir='ltr' id='par_1_56' title="bbox 242 5518 1834 5618">
     <span class='ocr_line' id='line_1_60' title="bbox 242 5518 1834 5618; baseline 0.023 -51"><span class='ocrx_word' id='word_1_461' title='bbox 242 5518 428 5585; x_wconf 75' lang='grc' dir='ltr'>φύσιν</span> <span class='ocrx_word' id='word_1_462' title='bbox 481 5523 681 5588; x_wconf 85' lang='grc' dir='ltr'>κακίας</span> <span class='ocrx_word' id='word_1_463' title='bbox 730 5528 825 5579; x_wconf 77' lang='grc' dir='ltr'><strong>καὶ</strong></span> <span class='ocrx_word' id='word_1_464' title='bbox 878 5530 1154 5602; x_wconf 80' lang='grc' dir='ltr'>ἁμαρτίας</span> <span class='ocrx_word' id='word_1_465' title='bbox 1213 5540 1294 5602; x_wconf 88' lang='grc' dir='ltr'><strong>είς</strong></span> <span class='ocrx_word' id='word_1_466' title='bbox 1339 5541 1440 5612; x_wconf 82' lang='grc' dir='ltr'><strong>τὴν</strong></span> <span class='ocrx_word' id='word_1_467' title='bbox 1477 5548 1615 5599; x_wconf 84' lang='grc' dir='ltr'>κατὰ</span> <span class='ocrx_word' id='word_1_468' title='bbox 1671 5550 1834 5618; x_wconf 83' lang='grc' dir='ltr'>φύσιν</span> 
     </span>
    </p>
   </div>
   <div class='ocr_carea' id='block_1_57' title="bbox 239 5612 1834 5713">
    <p class='ocr_par' dir='ltr' id='par_1_57' title="bbox 239 5612 1834 5713">
     <span class='ocr_line' id='line_1_61' title="bbox 239 5612 1834 5713; baseline 0.021 -51"><span class='ocrx_word' id='word_1_469' title='bbox 239 5612 682 5682; x_wconf 78' lang='grc' dir='ltr'>ἀναμαρτησίαν</span> <span class='ocrx_word' id='word_1_470' title='bbox 713 5619 808 5672; x_wconf 75' lang='grc' dir='ltr'><strong>καὶ</strong></span> <span class='ocrx_word' id='word_1_471' title='bbox 842 5621 1072 5692; x_wconf 83' lang='grc' dir='ltr'>ἀρετήν,</span> <span class='ocrx_word' id='word_1_472' title='bbox 1116 5628 1227 5680; x_wconf 77' lang='grc' dir='ltr'>εἴτε</span> <span class='ocrx_word' id='word_1_473' title='bbox 1263 5634 1404 5686; x_wconf 85' lang='grc' dir='ltr'><strong>κατά</strong></span> <span class='ocrx_word' id='word_1_474' title='bbox 1425 5635 1484 5686; x_wconf 85' lang='grc' dir='ltr'><strong>τὸ</strong></span> <span class='ocrx_word' id='word_1_475' title='bbox 1526 5612 1704 5692; x_wconf 78' lang='grc' dir='ltr'>κοινὸν</span> <span class='ocrx_word' id='word_1_476' title='bbox 1736 5661 1834 5713; x_wconf 86' lang='grc' dir='ltr'>ση-</span> 
     </span>
    </p>
   </div>
   <div class='ocr_carea' id='block_1_58' title="bbox 243 5705 1835 5799">
    <p class='ocr_par' dir='ltr' id='par_1_58' title="bbox 243 5705 1835 5799">
     <span class='ocr_line' id='line_1_62' title="bbox 243 5705 1835 5799; baseline 0.025 -50"><span class='ocrx_word' id='word_1_477' title='bbox 243 5705 598 5771; x_wconf 79' lang='grc' dir='ltr'>μαινόμενον</span> <span class='ocrx_word' id='word_1_478' title='bbox 627 5707 726 5778; x_wconf 81' lang='grc' dir='ltr'>τῆς</span> <span class='ocrx_word' id='word_1_479' title='bbox 757 5713 1061 5785; x_wconf 78' lang='grc' dir='ltr'>εἰρημένης</span> <span class='ocrx_word' id='word_1_480' title='bbox 1091 5717 1310 5787; x_wconf 78' lang='grc' dir='ltr'>λέξεως,</span> <span class='ocrx_word' id='word_1_481' title='bbox 1349 5726 1473 5778; x_wconf 80' lang='grc' dir='ltr'>καθ’</span> <span class='ocrx_word' id='word_1_482' title='bbox 1517 5729 1584 5799; x_wconf 85' lang='grc' dir='ltr'>ἣν</span> <span class='ocrx_word' id='word_1_483' title='bbox 1627 5705 1835 5789; x_wconf 66' lang='grc' dir='ltr'>ὀθνεῖόν</span> 
     </span>
    </p>
   </div>
   <div class='ocr_carea' id='block_1_59' title="bbox 241 5791 1830 5890">
    <p class='ocr_par' dir='ltr' id='par_1_59' title="bbox 241 5791 1830 5890">
     <span class='ocr_line' id='line_1_63' title="bbox 241 5791 1830 5890; baseline 0.023 -47"><span class='ocrx_word' id='word_1_484' title='bbox 241 5791 411 5860; x_wconf 79' lang='grc' dir='ltr'>λέγει</span> <span class='ocrx_word' id='word_1_485' title='bbox 470 5811 558 5858; x_wconf 83' lang='grc' dir='ltr'><strong>τις</strong></span> <span class='ocrx_word' id='word_1_486' title='bbox 605 5799 700 5851; x_wconf 83' lang='grc' dir='ltr'><strong>καὶ</strong></span> <span class='ocrx_word' id='word_1_487' title='bbox 754 5802 1063 5874; x_wconf 87' lang='grc' dir='ltr'>ἀλλότριον,</span> <span class='ocrx_word' id='word_1_488' title='bbox 1102 5812 1270 5881; x_wconf 84' lang='grc' dir='ltr'>ήγουν</span> <span class='ocrx_word' id='word_1_489' title='bbox 1328 5817 1402 5888; x_wconf 81' lang='grc' dir='ltr'><strong>μὴ</strong></span> <span class='ocrx_word' id='word_1_490' title='bbox 1457 5791 1680 5890; x_wconf 75' lang='grc' dir='ltr'>οίκεῖον,</span> <span class='ocrx_word' id='word_1_491' title='bbox 1717 5825 1830 5881; x_wconf 74' lang='grc' dir='ltr'>εἴτε</span> 
     </span>
    </p>
   </div>
   <div class='ocr_carea' id='block_1_60' title="bbox 1999 977 3566 1063">
    <p class='ocr_par' dir='ltr' id='par_1_60' title="bbox 1999 977 3566 1063">
     <span class='ocr_line' id='line_1_64' title="bbox 1999 977 3566 1063; baseline 0.017 -39"><span class='ocrx_word' id='word_1_492' title='bbox 1999 981 2085 1026; x_wconf 88' lang='lat' dir='ltr'><strong>est</strong></span> <span class='ocrx_word' id='word_1_493' title='bbox 2117 977 2335 1042; x_wconf 84' lang='lat' dir='ltr'><strong>quidem</strong></span> <span class='ocrx_word' id='word_1_494' title='bbox 2360 981 2496 1052; x_wconf 84' lang='grc' dir='ltr'>κόρη</span> <span class='ocrx_word' id='word_1_495' title='bbox 2549 984 2694 1037; x_wconf 88' lang='lat' dir='ltr'><strong>oculi</strong></span> <span class='ocrx_word' id='word_1_496' title='bbox 2719 987 2947 1054; x_wconf 87' lang='lat' dir='ltr'><strong>pupilla,</strong></span> <span class='ocrx_word' id='word_1_497' title='bbox 2985 989 3121 1059; x_wconf 83' lang='grc' dir='ltr'>κόρη</span> <span class='ocrx_word' id='word_1_498' title='bbox 3174 1007 3302 1045; x_wconf 82' lang='lat' dir='ltr'><strong>vero</strong></span> <span class='ocrx_word' id='word_1_499' title='bbox 3340 1009 3435 1063; x_wconf 90' lang='lat' dir='ltr'><strong>per</strong></span> <span class='ocrx_word' id='word_1_500' title='bbox 3465 996 3566 1050; x_wconf 86' lang='lat' dir='ltr'><strong>bo-</strong></span> 
     </span>
    </p>
   </div>
   <div class='ocr_carea' id='block_1_61' title="bbox 1999 1071 3565 1156">
    <p class='ocr_par' dir='ltr' id='par_1_61' title="bbox 1999 1071 3565 1156">
     <span class='ocr_line' id='line_1_65' title="bbox 1999 1071 3565 1156; baseline 0.015 -36"><span class='ocrx_word' id='word_1_501' title='bbox 1999 1071 2329 1139; x_wconf 77' lang='lat' dir='ltr'><strong>monymiam</strong></span> <span class='ocrx_word' id='word_1_502' title='bbox 2359 1083 2440 1128; x_wconf 89' lang='lat' dir='ltr'><strong>est</strong></span> <span class='ocrx_word' id='word_1_503' title='bbox 2468 1076 2628 1129; x_wconf 89' lang='lat' dir='ltr'><strong>etiam</strong></span> <span class='ocrx_word' id='word_1_504' title='bbox 2653 1093 2782 1134; x_wconf 85' lang='lat' dir='ltr'><strong>cum</strong></span> <span class='ocrx_word' id='word_1_505' title='bbox 2802 1080 2904 1134; x_wconf 83' lang='lat' dir='ltr'><strong>alia</strong></span> <span class='ocrx_word' id='word_1_506' title='bbox 2932 1083 3565 1156; x_wconf 70' lang='lat' dir='ltr'><strong>significationejuvenis</strong></span> 
     </span>
    </p>
   </div>
   <div class='ocr_carea' id='block_1_62' title="bbox 1998 1162 3564 1251">
    <p class='ocr_par' dir='ltr' id='par_1_62' title="bbox 1998 1162 3564 1251">
     <span class='ocr_line' id='line_1_66' title="bbox 1998 1162 3564 1251; baseline 0.016 -39"><span class='ocrx_word' id='word_1_507' title='bbox 1998 1162 2218 1228; x_wconf 72' lang='lat' dir='ltr'><strong>ntulier,</strong></span> <span class='ocrx_word' id='word_1_508' title='bbox 2254 1165 2345 1220; x_wconf 89' lang='lat' dir='ltr'><strong>ille</strong></span> <span class='ocrx_word' id='word_1_509' title='bbox 2379 1169 2600 1237; x_wconf 88' lang='lat' dir='ltr'><strong>quidem</strong></span> <span class='ocrx_word' id='word_1_510' title='bbox 2651 1173 2742 1241; x_wconf 90' lang='lat' dir='ltr'><strong>qui</strong></span> <span class='ocrx_word' id='word_1_511' title='bbox 2771 1176 2835 1243; x_wconf 82' lang='grc' dir='ltr'>τῇ</span> <span class='ocrx_word' id='word_1_512' title='bbox 2862 1175 3034 1246; x_wconf 77' lang='grc' dir='ltr'>γλήνη</span> <span class='ocrx_word' id='word_1_513' title='bbox 3101 1180 3378 1246; x_wconf 86' lang='lat' dir='ltr'><strong>adaptavit</strong></span> <span class='ocrx_word' id='word_1_514' title='bbox 3414 1185 3564 1251; x_wconf 84' lang='lat' dir='ltr'><strong>prio-</strong></span> 
     </span>
    </p>
   </div>
   <div class='ocr_carea' id='block_1_63' title="bbox 1997 1255 3559 1336">
    <p class='ocr_par' dir='ltr' id='par_1_63' title="bbox 1997 1255 3559 1336">
     <span class='ocr_line' id='line_1_67' title="bbox 1997 1255 3559 1336; baseline 0.013 -29"><span class='ocrx_word' id='word_1_515' title='bbox 1997 1268 2109 1308; x_wconf 88' lang='lat' dir='ltr'><strong>rem</strong></span> <span class='ocrx_word' id='word_1_516' title='bbox 2141 1255 2312 1327; x_wconf 81' lang='grc' dir='ltr'>κόρην</span> <span class='ocrx_word' id='word_1_517' title='bbox 2345 1260 2412 1314; x_wconf 88' lang='lat' dir='ltr'><strong>ad</strong></span> <span class='ocrx_word' id='word_1_518' title='bbox 2445 1263 2665 1317; x_wconf 91' lang='lat' dir='ltr'><strong>oculum</strong></span> <span class='ocrx_word' id='word_1_519' title='bbox 2704 1267 3109 1336; x_wconf 76' lang='lat' dir='ltr'><strong>respicientem,</strong></span> <span class='ocrx_word' id='word_1_520' title='bbox 3140 1281 3199 1325; x_wconf 88' lang='grc' dir='ltr'><strong>ιιι</strong></span> <span class='ocrx_word' id='word_1_521' title='bbox 3227 1273 3375 1327; x_wconf 90' lang='lat' dir='ltr'><strong>dicat</strong></span> <span class='ocrx_word' id='word_1_522' title='bbox 3402 1292 3415 1327; x_wconf 91' lang='lat'><strong>:</strong></span> <span class='ocrx_word' id='word_1_523' title='bbox 3447 1278 3559 1334; x_wconf 87' lang='lat' dir='ltr'><strong>abi.</strong></span> 
     </span>
    </p>
   </div>
   <div class='ocr_carea' id='block_1_64' title="bbox 1996 1346 3554 1432">
    <p class='ocr_par' dir='ltr' id='par_1_64' title="bbox 1996 1346 3554 1432">
     <span class='ocr_line' id='line_1_68' title="bbox 1996 1346 3554 1432; baseline 0.016 -36"><span class='ocrx_word' id='word_1_524' title='bbox 1996 1346 2134 1400; x_wconf 89' lang='lat' dir='ltr'><strong>mala</strong></span> <span class='ocrx_word' id='word_1_525' title='bbox 2171 1349 2331 1414; x_wconf 85' lang='lat' dir='ltr'><strong>visio,</strong></span> <span class='ocrx_word' id='word_1_526' title='bbox 2381 1351 2498 1408; x_wconf 86' lang='lat' dir='ltr'><strong>sive</strong></span> <span class='ocrx_word' id='word_1_527' title='bbox 2530 1354 2692 1410; x_wconf 89' lang='lat' dir='ltr'><strong>homo</strong></span> <span class='ocrx_word' id='word_1_528' title='bbox 2713 1358 2832 1412; x_wconf 91' lang='lat' dir='ltr'><strong>visu</strong></span> <span class='ocrx_word' id='word_1_529' title='bbox 2869 1358 3125 1429; x_wconf 80' lang='lat' dir='ltr'><strong>indigne;</strong></span> <span class='ocrx_word' id='word_1_530' title='bbox 3189 1367 3409 1432; x_wconf 85' lang='lat' dir='ltr'><strong>proprie</strong></span> <span class='ocrx_word' id='word_1_531' title='bbox 3459 1383 3554 1421; x_wconf 85' lang='lat' dir='ltr'><strong>seu</strong></span> 
     </span>
    </p>
   </div>
   <div class='ocr_carea' id='block_1_65' title="bbox 1993 1440 3560 1523">
    <p class='ocr_par' dir='ltr' id='par_1_65' title="bbox 1993 1440 3560 1523">
     <span class='ocr_line' id='line_1_69' title="bbox 1993 1440 3560 1523; baseline 0.011 -35"><span class='ocrx_word' id='word_1_532' title='bbox 1993 1440 2316 1516; x_wconf 71' lang='lat' dir='ltr'><strong>naturaliter</strong></span> <span class='ocrx_word' id='word_1_533' title='bbox 2348 1442 2740 1512; x_wconf 74' lang='lat' dir='ltr'><strong>interpretatus</strong></span> <span class='ocrx_word' id='word_1_534' title='bbox 2772 1457 2875 1504; x_wconf 87' lang='lat' dir='ltr'><strong>est.</strong></span> <span class='ocrx_word' id='word_1_535' title='bbox 2902 1446 2995 1504; x_wconf 90' lang='lat' dir='ltr'><strong>Ille</strong></span> <span class='ocrx_word' id='word_1_536' title='bbox 3021 1467 3149 1506; x_wconf 88' lang='lat' dir='ltr'><strong>vero</strong></span> <span class='ocrx_word' id='word_1_537' title='bbox 3176 1453 3291 1523; x_wconf 88' lang='lat' dir='ltr'><strong>qui,</strong></span> <span class='ocrx_word' id='word_1_538' title='bbox 3328 1457 3560 1509; x_wconf 72' lang='lat' dir='ltr'><strong>transie-</strong></span> 
     </span>
    </p>
   </div>
   <div class='ocr_carea' id='block_1_66' title="bbox 1991 1529 3557 1612">
    <p class='ocr_par' dir='ltr' id='par_1_66' title="bbox 1991 1529 3557 1612">
     <span class='ocr_line' id='line_1_70' title="bbox 1991 1529 3557 1612; baseline 0.013 -32"><span class='ocrx_word' id='word_1_539' title='bbox 1991 1542 2119 1584; x_wconf 79' lang='lat' dir='ltr'><strong>rens</strong></span> <span class='ocrx_word' id='word_1_540' title='bbox 2141 1529 2255 1586; x_wconf 87' lang='lat' dir='ltr'><strong>sive</strong></span> <span class='ocrx_word' id='word_1_541' title='bbox 2281 1545 2626 1591; x_wconf 77' lang='lat' dir='ltr'><strong>commutatis</strong></span> <span class='ocrx_word' id='word_1_542' title='bbox 2659 1538 2950 1604; x_wconf 86' lang='lat' dir='ltr'><strong>visionem,</strong></span> <span class='ocrx_word' id='word_1_543' title='bbox 2977 1557 3072 1608; x_wconf 85' lang='lat' dir='ltr'><strong>per</strong></span> <span class='ocrx_word' id='word_1_544' title='bbox 3103 1548 3439 1612; x_wconf 78' lang='lat' dir='ltr'><strong>metalepsim</strong></span> <span class='ocrx_word' id='word_1_545' title='bbox 3473 1551 3557 1600; x_wconf 87' lang='lat' dir='ltr'><strong>di-</strong></span> 
     </span>
    </p>
   </div>
   <div class='ocr_carea' id='block_1_67' title="bbox 1989 1617 3556 1706">
    <p class='ocr_par' dir='ltr' id='par_1_67' title="bbox 1989 1617 3556 1706">
     <span class='ocr_line' id='line_1_71' title="bbox 1989 1617 3556 1706; baseline 0.013 -35"><span class='ocrx_word' id='word_1_546' title='bbox 1989 1617 2069 1672; x_wconf 84' lang='lat' dir='ltr'><strong>xit</strong></span> <span class='ocrx_word' id='word_1_547' title='bbox 2096 1637 2110 1674; x_wconf 86' lang='lat'><strong>:</strong></span> <span class='ocrx_word' id='word_1_548' title='bbox 2141 1621 2248 1684; x_wconf 88' lang='lat' dir='ltr'><strong>abi.</strong></span> <span class='ocrx_word' id='word_1_549' title='bbox 2275 1625 2443 1678; x_wconf 80' lang='grc' dir='ltr'>κακὸν</span> <span class='ocrx_word' id='word_1_550' title='bbox 2482 1629 2755 1697; x_wconf 80' lang='grc' dir='ltr'>κοράσιον,</span> <span class='ocrx_word' id='word_1_551' title='bbox 2782 1645 2876 1686; x_wconf 89' lang='lat' dir='ltr'><strong>seu</strong></span> <span class='ocrx_word' id='word_1_552' title='bbox 2908 1649 2939 1685; x_wconf 91' lang='grc' dir='ltr'><strong>ο</strong></span> <span class='ocrx_word' id='word_1_553' title='bbox 2961 1634 3274 1690; x_wconf 81' lang='lat' dir='ltr'><strong>muliercula</strong></span> <span class='ocrx_word' id='word_1_554' title='bbox 3308 1647 3361 1691; x_wconf 89' lang='lat' dir='ltr'><strong>et</strong></span> <span class='ocrx_word' id='word_1_555' title='bbox 3391 1638 3556 1706; x_wconf 68' lang='lat' dir='ltr'><strong>igna-</strong></span> 
     </span>
    </p>
   </div>
   <div class='ocr_carea' id='block_1_68' title="bbox 1986 1711 3554 1795">
    <p class='ocr_par' dir='ltr' id='par_1_68' title="bbox 1986 1711 3554 1795">
     <span class='ocr_line' id='line_1_72' title="bbox 1986 1711 3554 1795; baseline 0.012 -31"><span class='ocrx_word' id='word_1_556' title='bbox 1986 1711 2207 1767; x_wconf 88' lang='lat' dir='ltr'><strong>vissime</strong></span> <span class='ocrx_word' id='word_1_557' title='bbox 2232 1714 2415 1780; x_wconf 91' lang='lat' dir='ltr'><strong>homo,</strong></span> <span class='ocrx_word' id='word_1_558' title='bbox 2454 1735 2558 1772; x_wconf 85' lang='lat' dir='ltr'><strong>non</strong></span> <span class='ocrx_word' id='word_1_559' title='bbox 2588 1722 2720 1776; x_wconf 90' lang='lat' dir='ltr'><strong>bene</strong></span> <span class='ocrx_word' id='word_1_560' title='bbox 2746 1725 2966 1793; x_wconf 86' lang='lat' dir='ltr'><strong>quidem</strong></span> <span class='ocrx_word' id='word_1_561' title='bbox 3003 1726 3394 1795; x_wconf 85' lang='lat' dir='ltr'><strong>interpretatus</strong></span> <span class='ocrx_word' id='word_1_562' title='bbox 3431 1741 3554 1794; x_wconf 82' lang='lat' dir='ltr'><strong>est;</strong></span> 
     </span>
    </p>
   </div>
   <div class='ocr_carea' id='block_1_69' title="bbox 1986 1802 3555 1889">
    <p class='ocr_par' dir='ltr' id='par_1_69' title="bbox 1986 1802 3555 1889">
     <span class='ocr_line' id='line_1_73' title="bbox 1986 1802 3555 1889; baseline 0.011 -32"><span class='ocrx_word' id='word_1_563' title='bbox 1986 1802 2079 1857; x_wconf 89' lang='lat' dir='ltr'><strong>sed</strong></span> <span class='ocrx_word' id='word_1_564' title='bbox 2133 1804 2348 1860; x_wconf 84' lang='lat' dir='ltr'><strong>videtur</strong></span> <span class='ocrx_word' id='word_1_565' title='bbox 2392 1809 2442 1863; x_wconf 90' lang='lat' dir='ltr'><strong>vi</strong></span> <span class='ocrx_word' id='word_1_566' title='bbox 2501 1812 2640 1880; x_wconf 80' lang='lat' dir='ltr'><strong>cogi,</strong></span> <span class='ocrx_word' id='word_1_567' title='bbox 2687 1823 2946 1885; x_wconf 77' lang='lat' dir='ltr'><strong>tanquam</strong></span> <span class='ocrx_word' id='word_1_568' title='bbox 3008 1819 3302 1889; x_wconf 85' lang='lat' dir='ltr'><strong>petitione,</strong></span> <span class='ocrx_word' id='word_1_569' title='bbox 3344 1837 3442 1875; x_wconf 88' lang='lat' dir='ltr'><strong>cur</strong></span> <span class='ocrx_word' id='word_1_570' title='bbox 3484 1821 3555 1877; x_wconf 86' lang='lat' dir='ltr'><strong>ad</strong></span> 
     </span>
    </p>
   </div>
   <div class='ocr_carea' id='block_1_70' title="bbox 1982 1895 3555 1981">
    <p class='ocr_par' dir='ltr' id='par_1_70' title="bbox 1982 1895 3555 1981">
     <span class='ocr_line' id='line_1_74' title="bbox 1982 1895 3555 1981; baseline 0.015 -34"><span class='ocrx_word' id='word_1_571' title='bbox 1982 1895 2189 1980; x_wconf 83' lang='grc' dir='ltr'>γλήνην</span> <span class='ocrx_word' id='word_1_572' title='bbox 2241 1897 2427 1955; x_wconf 80' lang='lat' dir='ltr'><strong>dixisti</strong></span> <span class='ocrx_word' id='word_1_573' title='bbox 2479 1905 2577 1972; x_wconf 79' lang='grc' dir='ltr'><strong>τὴν</strong></span> <span class='ocrx_word' id='word_1_574' title='bbox 2631 1906 2845 1977; x_wconf 74' lang='grc' dir='ltr'>κόρηνῖ</span> <span class='ocrx_word' id='word_1_575' title='bbox 2886 1911 3019 1981; x_wconf 88' lang='grc' dir='ltr'>κόρη</span> <span class='ocrx_word' id='word_1_576' title='bbox 3057 1927 3187 1967; x_wconf 91' lang='lat' dir='ltr'><strong>vero</strong></span> <span class='ocrx_word' id='word_1_577' title='bbox 3238 1915 3436 1969; x_wconf 88' lang='lat' dir='ltr'><strong>dicitur</strong></span> <span class='ocrx_word' id='word_1_578' title='bbox 3500 1927 3555 1971; x_wconf 85' lang='lat' dir='ltr'><strong>et</strong></span> 
     </span>
    </p>
   </div>
   <div class='ocr_carea' id='block_1_71' title="bbox 1979 1977 3548 2069">
    <p class='ocr_par' dir='ltr' id='par_1_71' title="bbox 1979 1977 3548 2069">
     <span class='ocr_line' id='line_1_75' title="bbox 1979 1977 3548 2069; baseline 0.015 -30"><span class='ocrx_word' id='word_1_579' title='bbox 1979 1987 2038 2039; x_wconf 81' lang='grc' dir='ltr'><strong>τὺ</strong></span> <span class='ocrx_word' id='word_1_580' title='bbox 2073 1977 2349 2059; x_wconf 73' lang='grc' dir='ltr'>κοράσιον,</span> <span class='ocrx_word' id='word_1_581' title='bbox 2395 1996 2679 2050; x_wconf 85' lang='lat' dir='ltr'><strong>ostendere</strong></span> <span class='ocrx_word' id='word_1_582' title='bbox 2719 1977 3169 2069; x_wconf 77' lang='lat' dir='ltr'><strong>interpretatione</strong></span> <span class='ocrx_word' id='word_1_583' title='bbox 3233 2014 3282 2060; x_wconf 88' lang='lat' dir='ltr'><strong>te</strong></span> <span class='ocrx_word' id='word_1_584' title='bbox 3343 2007 3548 2062; x_wconf 80' lang='lat' dir='ltr'><strong>dixisse</strong></span> 
     </span>
    </p>
   </div>
   <div class='ocr_carea' id='block_1_72' title="bbox 1980 2079 3552 2164">
    <p class='ocr_par' dir='ltr' id='par_1_72' title="bbox 1980 2079 3552 2164">
     <span class='ocr_line' id='line_1_76' title="bbox 1980 2079 3552 2164; baseline 0.014 -32"><span class='ocrx_word' id='word_1_585' title='bbox 1980 2079 2123 2135; x_wconf 81' lang='lat' dir='ltr'><strong>istud</strong></span> <span class='ocrx_word' id='word_1_586' title='bbox 2166 2099 2179 2136; x_wconf 90' lang='lat'><strong>:</strong></span> <span class='ocrx_word' id='word_1_587' title='bbox 2216 2084 2367 2155; x_wconf 74' lang='grc' dir='ltr'>ἔρρε,</span> <span class='ocrx_word' id='word_1_588' title='bbox 2405 2090 2547 2157; x_wconf 83' lang='grc' dir='ltr'>κακὴ</span> <span class='ocrx_word' id='word_1_589' title='bbox 2586 2089 2784 2160; x_wconf 88' lang='grc' dir='ltr'>γλήνη,</span> <span class='ocrx_word' id='word_1_590' title='bbox 2817 2108 2915 2161; x_wconf 92' lang='lat' dir='ltr'><strong>pro</strong></span> <span class='ocrx_word' id='word_1_591' title='bbox 2969 2096 3070 2150; x_wconf 85' lang='lat' dir='ltr'><strong>hoc</strong></span> <span class='ocrx_word' id='word_1_592' title='bbox 3103 2115 3116 2150; x_wconf 87' lang='lat'><strong>:</strong></span> <span class='ocrx_word' id='word_1_593' title='bbox 3147 2113 3356 2164; x_wconf 84' lang='lat' dir='ltr'><strong>pereas,</strong></span> <span class='ocrx_word' id='word_1_594' title='bbox 3388 2099 3552 2154; x_wconf 86' lang='lat' dir='ltr'><strong>homo</strong></span> 
     </span>
    </p>
   </div>
   <div class='ocr_carea' id='block_1_73' title="bbox 1979 2173 3554 2259">
    <p class='ocr_par' dir='ltr' id='par_1_73' title="bbox 1979 2173 3554 2259">
     <span class='ocr_line' id='line_1_77' title="bbox 1979 2173 3554 2259; baseline 0.013 -35"><span class='ocrx_word' id='word_1_595' title='bbox 1979 2173 2303 2230; x_wconf 82' lang='lat' dir='ltr'><strong>muliercula</strong></span> <span class='ocrx_word' id='word_1_596' title='bbox 2355 2191 2577 2248; x_wconf 89' lang='lat' dir='ltr'><strong>pr0pter</strong></span> <span class='ocrx_word' id='word_1_597' title='bbox 2609 2181 2909 2251; x_wconf 80' lang='lat' dir='ltr'><strong>ignaviam.</strong></span> <span class='ocrx_word' id='word_1_598' title='bbox 2964 2184 3160 2251; x_wconf 89' lang='lat' dir='ltr'><strong>Porro,</strong></span> <span class='ocrx_word' id='word_1_599' title='bbox 3213 2188 3376 2245; x_wconf 84' lang='lat' dir='ltr'><strong>simili</strong></span> <span class='ocrx_word' id='word_1_600' title='bbox 3418 2207 3554 2259; x_wconf 79' lang='lat' dir='ltr'><strong>qua-</strong></span> 
     </span>
    </p>
   </div>
   <div class='ocr_carea' id='block_1_74' title="bbox 1977 2265 3552 2345">
    <p class='ocr_par' dir='ltr' id='par_1_74' title="bbox 1977 2265 3552 2345">
     <span class='ocr_line' id='line_1_78' title="bbox 1977 2265 3552 2345; baseline 0.015 -29"><span class='ocrx_word' id='word_1_601' title='bbox 1977 2265 2100 2318; x_wconf 87' lang='lat' dir='ltr'><strong>dam</strong></span> <span class='ocrx_word' id='word_1_602' title='bbox 2166 2269 2399 2334; x_wconf 87' lang='lat' dir='ltr'><strong>ratione,</strong></span> <span class='ocrx_word' id='word_1_603' title='bbox 2460 2281 2640 2340; x_wconf 88' lang='lat' dir='ltr'><strong>poeta,</strong></span> <span class='ocrx_word' id='word_1_604' title='bbox 2693 2287 2982 2345; x_wconf 83' lang='lat' dir='ltr'><strong>postquam</strong></span> <span class='ocrx_word' id='word_1_605' title='bbox 3021 2278 3076 2331; x_wconf 91' lang='lat' dir='ltr'><strong>in</strong></span> <span class='ocrx_word' id='word_1_606' title='bbox 3123 2281 3307 2335; x_wconf 83' lang='lat' dir='ltr'><strong>animo</strong></span> <span class='ocrx_word' id='word_1_607' title='bbox 3359 2282 3552 2338; x_wconf 90' lang='lat' dir='ltr'><strong>inseri-</strong></span> 
     </span>
    </p>
   </div>
   <div class='ocr_carea' id='block_1_75' title="bbox 1974 2357 3550 2445">
    <p class='ocr_par' dir='ltr' id='par_1_75' title="bbox 1974 2357 3550 2445">
     <span class='ocr_line' id='line_1_79' title="bbox 1974 2357 3550 2445; baseline 0.013 -36"><span class='ocrx_word' id='word_1_608' title='bbox 1974 2366 2162 2423; x_wconf 86' lang='lat' dir='ltr'><strong>pserat</strong></span> <span class='ocrx_word' id='word_1_609' title='bbox 2192 2357 2349 2429; x_wconf 81' lang='grc' dir='ltr'>ξένην</span> <span class='ocrx_word' id='word_1_610' title='bbox 2387 2365 2740 2420; x_wconf 85' lang='lat' dir='ltr'><strong>mutationem</strong></span> <span class='ocrx_word' id='word_1_611' title='bbox 2771 2368 2954 2424; x_wconf 90' lang='lat' dir='ltr'><strong>dicere</strong></span> <span class='ocrx_word' id='word_1_612' title='bbox 2985 2388 3104 2440; x_wconf 71' lang='lat' dir='ltr'><strong>qum</strong></span> <span class='ocrx_word' id='word_1_613' title='bbox 3133 2373 3188 2427; x_wconf 86' lang='lat' dir='ltr'><strong>tit</strong></span> <span class='ocrx_word' id='word_1_614' title='bbox 3219 2390 3283 2428; x_wconf 85' lang='lat' dir='ltr'><strong>ex</strong></span> <span class='ocrx_word' id='word_1_615' title='bbox 3340 2376 3550 2445; x_wconf 86' lang='lat' dir='ltr'><strong>Spiritu</strong></span> 
     </span>
    </p>
   </div>
   <div class='ocr_carea' id='block_1_76' title="bbox 1975 2448 3550 2534">
    <p class='ocr_par' dir='ltr' id='par_1_76' title="bbox 1975 2448 3550 2534">
     <span class='ocr_line' id='line_1_80' title="bbox 1975 2448 3550 2534; baseline 0.013 -36"><span class='ocrx_word' id='word_1_616' title='bbox 1975 2457 2189 2514; x_wconf 88' lang='lat' dir='ltr'><strong>sancto,</strong></span> <span class='ocrx_word' id='word_1_617' title='bbox 2213 2448 2316 2504; x_wconf 87' lang='lat' dir='ltr'><strong>hoc</strong></span> <span class='ocrx_word' id='word_1_618' title='bbox 2345 2450 2486 2508; x_wconf 78' lang='lat' dir='ltr'><strong>forte</strong></span> <span class='ocrx_word' id='word_1_619' title='bbox 2512 2469 2736 2512; x_wconf 84' lang='lat' dir='ltr'><strong>sumens</strong></span> <span class='ocrx_word' id='word_1_620' title='bbox 2765 2475 2831 2513; x_wconf 88' lang='lat' dir='ltr'><strong>ex</strong></span> <span class='ocrx_word' id='word_1_621' title='bbox 2858 2460 2962 2515; x_wconf 92' lang='lat' dir='ltr'><strong>isto</strong></span> <span class='ocrx_word' id='word_1_622' title='bbox 3001 2479 3014 2515; x_wconf 90' lang='lat'><strong>:</strong></span> <span class='ocrx_word' id='word_1_623' title='bbox 3042 2463 3278 2527; x_wconf 82' lang='grc' dir='ltr'>Ἀλλοῖός</span> <span class='ocrx_word' id='word_1_624' title='bbox 3306 2483 3396 2534; x_wconf 79' lang='grc' dir='ltr'><strong>μοι</strong></span> <span class='ocrx_word' id='word_1_625' title='bbox 3421 2465 3550 2532; x_wconf 80' lang='grc' dir='ltr'>ξεῖν’</span> 
     </span>
    </p>
   </div>
   <div class='ocr_carea' id='block_1_77' title="bbox 1973 2539 3547 2622">
    <p class='ocr_par' dir='ltr' id='par_1_77' title="bbox 1973 2539 3547 2622">
     <span class='ocr_line' id='line_1_81' title="bbox 1973 2539 3547 2622; baseline 0.011 -32"><span class='ocrx_word' id='word_1_626' title='bbox 1973 2539 2181 2611; x_wconf 70' lang='grc' dir='ltr'>ἐφάνης</span> <span class='ocrx_word' id='word_1_627' title='bbox 2207 2543 2324 2596; x_wconf 84' lang='grc' dir='ltr'>νέον</span> <span class='ocrx_word' id='word_1_628' title='bbox 2352 2545 2415 2614; x_wconf 77' lang='grc' dir='ltr'><strong>ήέ</strong></span> <span class='ocrx_word' id='word_1_629' title='bbox 2449 2545 2711 2618; x_wconf 84' lang='grc' dir='ltr'>πάροιθεν</span> <span class='ocrx_word' id='word_1_630' title='bbox 2763 2565 2777 2605; x_wconf 86' lang='lat'><strong>:</strong></span> <span class='ocrx_word' id='word_1_631' title='bbox 2832 2552 2985 2608; x_wconf 85' lang='lat' dir='ltr'><strong>Alius</strong></span> <span class='ocrx_word' id='word_1_632' title='bbox 3015 2555 3147 2610; x_wconf 89' lang='lat' dir='ltr'><strong>mibi</strong></span> <span class='ocrx_word' id='word_1_633' title='bbox 3179 2595 3196 2620; x_wconf 89' lang='lat'><strong>,</strong></span> <span class='ocrx_word' id='word_1_634' title='bbox 3220 2558 3412 2622; x_wconf 81' lang='lat' dir='ltr'><strong>amice,</strong></span> <span class='ocrx_word' id='word_1_635' title='bbox 3447 2575 3547 2610; x_wconf 82' lang='lat' dir='ltr'><strong>nu-</strong></span> 
     </span>
    </p>
   </div>
   <div class='ocr_carea' id='block_1_78' title="bbox 1973 2630 3541 2711">
    <p class='ocr_par' dir='ltr' id='par_1_78' title="bbox 1973 2630 3541 2711">
     <span class='ocr_line' id='line_1_82' title="bbox 1973 2630 3541 2711; baseline 0.011 -30"><span class='ocrx_word' id='word_1_636' title='bbox 1973 2643 2069 2699; x_wconf 91' lang='lat' dir='ltr'><strong>per</strong></span> <span class='ocrx_word' id='word_1_637' title='bbox 2090 2630 2174 2684; x_wconf 86' lang='lat' dir='ltr'><strong>vel</strong></span> <span class='ocrx_word' id='word_1_638' title='bbox 2211 2643 2367 2686; x_wconf 90' lang='lat' dir='ltr'><strong>antea</strong></span> <span class='ocrx_word' id='word_1_639' title='bbox 2398 2633 2548 2691; x_wconf 91' lang='lat' dir='ltr'><strong>visus</strong></span> <span class='ocrx_word' id='word_1_640' title='bbox 2581 2651 2673 2701; x_wconf 82' lang='lat' dir='ltr'><strong>es;</strong></span> <span class='ocrx_word' id='word_1_641' title='bbox 2701 2639 2990 2710; x_wconf 86' lang='lat' dir='ltr'><strong>sciensque</strong></span> <span class='ocrx_word' id='word_1_642' title='bbox 3033 2642 3196 2711; x_wconf 82' lang='grc' dir='ltr'>ξένην</span> <span class='ocrx_word' id='word_1_643' title='bbox 3246 2645 3354 2698; x_wconf 78' lang='lat' dir='ltr'><strong>dici</strong></span> <span class='ocrx_word' id='word_1_644' title='bbox 3435 2664 3541 2700; x_wconf 87' lang='lat' dir='ltr'><strong>non</strong></span> 
     </span>
    </p>
   </div>
   <div class='ocr_carea' id='block_1_79' title="bbox 1972 2722 3540 2806">
    <p class='ocr_par' dir='ltr' id='par_1_79' title="bbox 1972 2722 3540 2806">
     <span class='ocr_line' id='line_1_83' title="bbox 1972 2722 3540 2806; baseline 0.01 -31"><span class='ocrx_word' id='word_1_645' title='bbox 1972 2722 2153 2776; x_wconf 87' lang='lat' dir='ltr'><strong>solum</strong></span> <span class='ocrx_word' id='word_1_646' title='bbox 2193 2734 2507 2780; x_wconf 86' lang='lat' dir='ltr'><strong>extraneam</strong></span> <span class='ocrx_word' id='word_1_647' title='bbox 2570 2730 2690 2784; x_wconf 89' lang='lat' dir='ltr'><strong>visu</strong></span> <span class='ocrx_word' id='word_1_648' title='bbox 2715 2739 2768 2784; x_wconf 90' lang='lat' dir='ltr'><strong>et</strong></span> <span class='ocrx_word' id='word_1_649' title='bbox 2819 2735 3334 2802; x_wconf 83' lang='lat' dir='ltr'><strong>extraordinariam,</strong></span> <span class='ocrx_word' id='word_1_650' title='bbox 3395 2739 3540 2806; x_wconf 85' lang='lat' dir='ltr'><strong>quod</strong></span> 
     </span>
    </p>
   </div>
   <div class='ocr_carea' id='block_1_80' title="bbox 1973 2814 3534 2899">
    <p class='ocr_par' dir='ltr' id='par_1_80' title="bbox 1973 2814 3534 2899">
     <span class='ocr_line' id='line_1_84' title="bbox 1973 2814 3534 2899; baseline 0.011 -33"><span class='ocrx_word' id='word_1_651' title='bbox 1973 2814 2062 2867; x_wconf 77' lang='lat' dir='ltr'><strong>hic</strong></span> <span class='ocrx_word' id='word_1_652' title='bbox 2091 2831 2215 2870; x_wconf 86' lang='lat' dir='ltr'><strong>vere</strong></span> <span class='ocrx_word' id='word_1_653' title='bbox 2244 2821 2520 2883; x_wconf 84' lang='lat' dir='ltr'><strong>convenit,</strong></span> <span class='ocrx_word' id='word_1_654' title='bbox 2553 2822 2646 2876; x_wconf 88' lang='lat' dir='ltr'><strong>sed</strong></span> <span class='ocrx_word' id='word_1_655' title='bbox 2675 2824 2773 2891; x_wconf 78' lang='grc' dir='ltr'>τήν</span> <span class='ocrx_word' id='word_1_656' title='bbox 2831 2825 3068 2890; x_wconf 79' lang='grc' dir='ltr'>όθνείαν,</span> <span class='ocrx_word' id='word_1_657' title='bbox 3142 2828 3257 2882; x_wconf 89' lang='lat' dir='ltr'><strong>sive</strong></span> <span class='ocrx_word' id='word_1_658' title='bbox 3281 2831 3534 2899; x_wconf 72' lang='lat' dir='ltr'><strong>3ii0lt8lll_</strong></span> 
     </span>
    </p>
   </div>
   <div class='ocr_carea' id='block_1_81' title="bbox 1971 2907 3534 2994">
    <p class='ocr_par' dir='ltr' id='par_1_81' title="bbox 1971 2907 3534 2994">
     <span class='ocr_line' id='line_1_85' title="bbox 1971 2907 3534 2994; baseline 0.012 -37"><span class='ocrx_word' id='word_1_659' title='bbox 1971 2907 2298 2962; x_wconf 85' lang='lat' dir='ltr'><strong>necessitate</strong></span> <span class='ocrx_word' id='word_1_660' title='bbox 2328 2923 2556 2966; x_wconf 86' lang='lat' dir='ltr'><strong>coactus</strong></span> <span class='ocrx_word' id='word_1_661' title='bbox 2583 2925 2665 2967; x_wconf 86' lang='lat' dir='ltr'><strong>est.</strong></span> <span class='ocrx_word' id='word_1_662' title='bbox 2701 2917 3087 2972; x_wconf 86' lang='lat' dir='ltr'><strong>acrosticbidis</strong></span> <span class='ocrx_word' id='word_1_663' title='bbox 3127 2931 3324 2994; x_wconf 85' lang='lat' dir='ltr'><strong>metro,</strong></span> <span class='ocrx_word' id='word_1_664' title='bbox 3391 2923 3534 2988; x_wconf 81' lang='grc' dir='ltr'>ξενὶ-</span> 
     </span>
    </p>
   </div>
   <div class='ocr_carea' id='block_1_82' title="bbox 1968 2996 3534 3088">
    <p class='ocr_par' dir='ltr' id='par_1_82' title="bbox 1968 2996 3534 3088">
     <span class='ocr_line' id='line_1_86' title="bbox 1968 2996 3534 3088; baseline 0.015 -41"><span class='ocrx_word' id='word_1_665' title='bbox 1968 2996 2169 3060; x_wconf 81' lang='grc' dir='ltr'>ζουσαν</span> <span class='ocrx_word' id='word_1_666' title='bbox 2193 3001 2410 3068; x_wconf 89' lang='lat' dir='ltr'><strong>quidem</strong></span> <span class='ocrx_word' id='word_1_667' title='bbox 2435 3017 2541 3057; x_wconf 92' lang='lat' dir='ltr'><strong>non</strong></span> <span class='ocrx_word' id='word_1_668' title='bbox 2571 3005 2772 3073; x_wconf 85' lang='lat' dir='ltr'><strong>dicere,</strong></span> <span class='ocrx_word' id='word_1_669' title='bbox 2811 3009 2904 3063; x_wconf 91' lang='lat' dir='ltr'><strong>sed</strong></span> <span class='ocrx_word' id='word_1_670' title='bbox 2936 2998 3464 3082; x_wconf 63' lang='grc' dir='ltr'>όθνείαν,ἠιιοηίιηι</span> <span class='ocrx_word' id='word_1_671' title='bbox 3504 3021 3534 3088; x_wconf 87' lang='grc' dir='ltr'><strong>ή</strong></span> 
     </span>
    </p>
   </div>
   <div class='ocr_carea' id='block_1_83' title="bbox 1969 3087 3535 3174">
    <p class='ocr_par' dir='ltr' id='par_1_83' title="bbox 1969 3087 3535 3174">
     <span class='ocr_line' id='line_1_87' title="bbox 1969 3087 3535 3174; baseline 0.017 -37"><span class='ocrx_word' id='word_1_672' title='bbox 1969 3087 2097 3159; x_wconf 80' lang='grc' dir='ltr'>ξένη</span> <span class='ocrx_word' id='word_1_673' title='bbox 2159 3090 2446 3155; x_wconf 75' lang='grc' dir='ltr'>ἀλλοίωσις</span> <span class='ocrx_word' id='word_1_674' title='bbox 2486 3096 2861 3162; x_wconf 83' lang='lat' dir='ltr'><strong>pariter&#39;sicut</strong></span> <span class='ocrx_word' id='word_1_675' title='bbox 2901 3103 3418 3174; x_wconf 79' lang='lat' dir='ltr'><strong>extraordinariam,</strong></span> <span class='ocrx_word' id='word_1_676' title='bbox 3455 3087 3535 3164; x_wconf 85' lang='lat' dir='ltr'><strong>sic</strong></span> 
     </span>
    </p>
   </div>
   <div class='ocr_carea' id='block_1_84' title="bbox 1889 3180 2876 3259">
    <p class='ocr_par' dir='ltr' id='par_1_84' title="bbox 1889 3180 2876 3259">
     <span class='ocr_line' id='line_1_88' title="bbox 1889 3180 2876 3259; baseline 0.015 -27"><span class='ocrx_word' id='word_1_677' title='bbox 1889 3191 1935 3251; x_wconf 75' lang='grc' dir='ltr'>ο</span> <span class='ocrx_word' id='word_1_678' title='bbox 1968 3180 2131 3236; x_wconf 89' lang='lat' dir='ltr'><strong>etiam</strong></span> <span class='ocrx_word' id='word_1_679' title='bbox 2157 3183 2386 3238; x_wconf 84' lang='lat' dir='ltr'><strong>alienam</strong></span> <span class='ocrx_word' id='word_1_680' title='bbox 2430 3186 2790 3256; x_wconf 69' lang='lat' dir='ltr'><strong>significabat.</strong></span> <span class='ocrx_word' id='word_1_681' title='bbox 2867 3255 2876 3259; x_wconf 11' lang='grc' dir='ltr'>Α,</span> 
     </span>
    </p>
   </div>
   <div class='ocr_carea' id='block_1_85' title="bbox 2042 3275 3534 3359">
    <p class='ocr_par' dir='ltr' id='par_1_85' title="bbox 2042 3275 3534 3359">
     <span class='ocr_line' id='line_1_89' title="bbox 2042 3275 3534 3359; baseline 0.009 -29"><span class='ocrx_word' id='word_1_682' title='bbox 2042 3275 2168 3331; x_wconf 73' lang='lat'><strong>250.</strong></span> <span class='ocrx_word' id='word_1_683' title='bbox 2205 3275 2269 3329; x_wconf 84' lang='lat' dir='ltr'><strong>Et</strong></span> <span class='ocrx_word' id='word_1_684' title='bbox 2300 3285 2478 3332; x_wconf 86' lang='lat' dir='ltr'><strong>tamen</strong></span> <span class='ocrx_word' id='word_1_685' title='bbox 2526 3280 2654 3336; x_wconf 81' lang='lat' dir='ltr'><strong>facit</strong></span> <span class='ocrx_word' id='word_1_686' title='bbox 2709 3284 2809 3339; x_wconf 84' lang='lat' dir='ltr'><strong>hoc</strong></span> <span class='ocrx_word' id='word_1_687' title='bbox 2842 3285 3076 3353; x_wconf 86' lang='lat' dir='ltr'><strong>invitus;</strong></span> <span class='ocrx_word' id='word_1_688' title='bbox 3118 3288 3255 3344; x_wconf 87' lang='lat' dir='ltr'><strong>bene</strong></span> <span class='ocrx_word' id='word_1_689' title='bbox 3315 3292 3534 3359; x_wconf 84' lang='lat' dir='ltr'><strong>quidem</strong></span> 
     </span>
    </p>
   </div>
   <div class='ocr_carea' id='block_1_86' title="bbox 1969 3367 3532 3450">
    <p class='ocr_par' dir='ltr' id='par_1_86' title="bbox 1969 3367 3532 3450">
     <span class='ocr_line' id='line_1_90' title="bbox 1969 3367 3532 3450; baseline 0.01 -28"><span class='ocrx_word' id='word_1_690' title='bbox 1969 3367 2150 3423; x_wconf 89' lang='lat' dir='ltr'><strong>sciens</strong></span> <span class='ocrx_word' id='word_1_691' title='bbox 2214 3368 2455 3424; x_wconf 88' lang='lat' dir='ltr'><strong>alienare</strong></span> <span class='ocrx_word' id='word_1_692' title='bbox 2508 3373 2652 3442; x_wconf 86' lang='lat' dir='ltr'><strong>quod</strong></span> <span class='ocrx_word' id='word_1_693' title='bbox 2721 3377 2985 3446; x_wconf 79' lang='lat' dir='ltr'><strong>subjectis</strong></span> <span class='ocrx_word' id='word_1_694' title='bbox 3040 3389 3122 3434; x_wconf 86' lang='lat' dir='ltr'><strong>est</strong></span> <span class='ocrx_word' id='word_1_695' title='bbox 3182 3381 3532 3450; x_wconf 74' lang='lat' dir='ltr'><strong>adiunctum;</strong></span> 
     </span>
    </p>
   </div>
   <div class='ocr_carea' id='block_1_87' title="bbox 1965 3461 3530 3541">
    <p class='ocr_par' dir='ltr' id='par_1_87' title="bbox 1965 3461 3530 3541">
     <span class='ocr_line' id='line_1_91' title="bbox 1965 3461 3530 3541; baseline 0.011 -29"><span class='ocrx_word' id='word_1_696' title='bbox 1965 3461 2248 3529; x_wconf 87' lang='lat' dir='ltr'><strong>applicans</strong></span> <span class='ocrx_word' id='word_1_697' title='bbox 2272 3472 2450 3518; x_wconf 84' lang='lat' dir='ltr'><strong>autem</strong></span> <span class='ocrx_word' id='word_1_698' title='bbox 2489 3465 2620 3519; x_wconf 91' lang='lat' dir='ltr'><strong>illud</strong></span> <span class='ocrx_word' id='word_1_699' title='bbox 2657 3467 2723 3520; x_wconf 88' lang='lat' dir='ltr'><strong>ad</strong></span> <span class='ocrx_word' id='word_1_700' title='bbox 2747 3469 2964 3523; x_wconf 87' lang='lat' dir='ltr'><strong>modum</strong></span> <span class='ocrx_word' id='word_1_701' title='bbox 3007 3475 3312 3541; x_wconf 82' lang='lat' dir='ltr'><strong>aenigmatis</strong></span> <span class='ocrx_word' id='word_1_702' title='bbox 3348 3490 3530 3529; x_wconf 87' lang='lat' dir='ltr'><strong>coram</strong></span> 
     </span>
    </p>
   </div>
   <div class='ocr_carea' id='block_1_88' title="bbox 1965 3550 3534 3635">
    <p class='ocr_par' dir='ltr' id='par_1_88' title="bbox 1965 3550 3534 3635">
     <span class='ocr_line' id='line_1_92' title="bbox 1965 3550 3534 3635; baseline 0.01 -32"><span class='ocrx_word' id='word_1_703' title='bbox 1965 3550 2244 3607; x_wconf 86' lang='lat' dir='ltr'><strong>benevolis</strong></span> <span class='ocrx_word' id='word_1_704' title='bbox 2276 3555 2520 3620; x_wconf 87' lang='lat' dir='ltr'><strong>criticis;</strong></span> <span class='ocrx_word' id='word_1_705' title='bbox 2560 3557 2652 3610; x_wconf 86' lang='lat' dir='ltr'><strong>tali</strong></span> <span class='ocrx_word' id='word_1_706' title='bbox 2685 3560 2847 3613; x_wconf 88' lang='lat' dir='ltr'><strong>modo</strong></span> <span class='ocrx_word' id='word_1_707' title='bbox 2879 3566 3211 3635; x_wconf 82' lang='lat' dir='ltr'><strong>quandoque</strong></span> <span class='ocrx_word' id='word_1_708' title='bbox 3244 3584 3310 3622; x_wconf 88' lang='lat' dir='ltr'><strong>ex</strong></span> <span class='ocrx_word' id='word_1_709' title='bbox 3343 3583 3534 3622; x_wconf 85' lang='lat' dir='ltr'><strong>ncces-</strong></span> 
     </span>
    </p>
   </div>
   <div class='ocr_carea' id='block_1_89' title="bbox 1963 3640 3533 3722">
    <p class='ocr_par' dir='ltr' id='par_1_89' title="bbox 1963 3640 3533 3722">
     <span class='ocr_line' id='line_1_93' title="bbox 1963 3640 3533 3722; baseline 0.013 -30"><span class='ocrx_word' id='word_1_710' title='bbox 1963 3641 2125 3695; x_wconf 88' lang='lat' dir='ltr'><strong>sitate</strong></span> <span class='ocrx_word' id='word_1_711' title='bbox 2149 3640 2204 3694; x_wconf 92' lang='lat' dir='ltr'><strong>in</strong></span> <span class='ocrx_word' id='word_1_712' title='bbox 2240 3643 2638 3714; x_wconf 82' lang='lat' dir='ltr'><strong>dithyrambica</strong></span> <span class='ocrx_word' id='word_1_713' title='bbox 2675 3664 2904 3716; x_wconf 88' lang='lat' dir='ltr'><strong>poeseos</strong></span> <span class='ocrx_word' id='word_1_714' title='bbox 2958 3658 3304 3722; x_wconf 86' lang='lat' dir='ltr'><strong>tractatione,</strong></span> <span class='ocrx_word' id='word_1_715' title='bbox 3338 3660 3533 3713; x_wconf 82' lang='lat' dir='ltr'><strong>dictio-</strong></span> 
     </span>
    </p>
   </div>
   <div class='ocr_carea' id='block_1_90' title="bbox 1964 3734 3527 3821">
    <p class='ocr_par' dir='ltr' id='par_1_90' title="bbox 1964 3734 3527 3821">
     <span class='ocr_line' id='line_1_94' title="bbox 1964 3734 3527 3821; baseline 0.015 -37"><span class='ocrx_word' id='word_1_716' title='bbox 1964 3747 2086 3785; x_wconf 90' lang='lat' dir='ltr'><strong>nem</strong></span> <span class='ocrx_word' id='word_1_717' title='bbox 2144 3734 2587 3803; x_wconf 86' lang='lat' dir='ltr'><strong>interpretationi</strong></span> <span class='ocrx_word' id='word_1_718' title='bbox 2617 3744 2980 3813; x_wconf 87' lang='lat' dir='ltr'><strong>propinquam</strong></span> <span class='ocrx_word' id='word_1_719' title='bbox 3020 3765 3144 3804; x_wconf 89' lang='lat' dir='ltr'><strong>cum</strong></span> <span class='ocrx_word' id='word_1_720' title='bbox 3213 3752 3527 3821; x_wconf 84' lang='lat' dir='ltr'><strong>longinqua,</strong></span> 
     </span>
    </p>
   </div>
   <div class='ocr_carea' id='block_1_91' title="bbox 1963 3821 3528 3910">
    <p class='ocr_par' dir='ltr' id='par_1_91' title="bbox 1963 3821 3528 3910">
     <span class='ocr_line' id='line_1_95' title="bbox 1963 3821 3528 3910; baseline 0.016 -37"><span class='ocrx_word' id='word_1_721' title='bbox 1963 3821 2273 3877; x_wconf 79' lang='lat' dir='ltr'><strong>miratiOnis</strong></span> <span class='ocrx_word' id='word_1_722' title='bbox 2301 3834 2353 3878; x_wconf 86' lang='lat' dir='ltr'><strong>et</strong></span> <span class='ocrx_word' id='word_1_723' title='bbox 2405 3827 2688 3896; x_wconf 66' lang='lat' dir='ltr'><strong>elegantia:</strong></span> <span class='ocrx_word' id='word_1_724' title='bbox 2722 3847 2908 3898; x_wconf 85' lang='lat' dir='ltr'><strong>causa,</strong></span> <span class='ocrx_word' id='word_1_725' title='bbox 2963 3849 3211 3907; x_wconf 90' lang='lat' dir='ltr'><strong>mutans;</strong></span> <span class='ocrx_word' id='word_1_726' title='bbox 3251 3843 3340 3894; x_wconf 76' lang='lat' dir='ltr'><strong>ubi</strong></span> <span class='ocrx_word' id='word_1_727' title='bbox 3393 3839 3528 3910; x_wconf 67' lang='lat' dir='ltr'><strong>alitis</strong></span> 
     </span>
    </p>
   </div>
   <div class='ocr_carea' id='block_1_92' title="bbox 1961 3915 3525 3999">
    <p class='ocr_par' dir='ltr' id='par_1_92' title="bbox 1961 3915 3525 3999">
     <span class='ocr_line' id='line_1_96' title="bbox 1961 3915 3525 3999; baseline 0.013 -33"><span class='ocrx_word' id='word_1_728' title='bbox 1961 3915 2015 3967; x_wconf 89' lang='lat' dir='ltr'><strong>in</strong></span> <span class='ocrx_word' id='word_1_729' title='bbox 2053 3915 2176 3970; x_wconf 89' lang='lat' dir='ltr'><strong>aliis</strong></span> <span class='ocrx_word' id='word_1_730' title='bbox 2230 3919 2692 3975; x_wconf 81' lang='lat' dir='ltr'><strong>extraordinarias</strong></span> <span class='ocrx_word' id='word_1_731' title='bbox 2726 3939 2888 3979; x_wconf 87' lang='lat' dir='ltr'><strong>voces</strong></span> <span class='ocrx_word' id='word_1_732' title='bbox 2947 3928 3290 3999; x_wconf 75' lang='lat' dir='ltr'><strong>didicimus;</strong></span> <span class='ocrx_word' id='word_1_733' title='bbox 3340 3933 3411 3984; x_wconf 85' lang='lat' dir='ltr'><strong>ita</strong></span> <span class='ocrx_word' id='word_1_734' title='bbox 3467 3946 3525 3987; x_wconf 90' lang='lat' dir='ltr'><strong>nt</strong></span> 
     </span>
    </p>
   </div>
   <div class='ocr_carea' id='block_1_93' title="bbox 1928 4006 3521 4085">
    <p class='ocr_par' dir='ltr' id='par_1_93' title="bbox 1928 4006 3521 4085">
     <span class='ocr_line' id='line_1_97' title="bbox 1928 4006 3521 4085; baseline 0.014 -28"><span class='ocrx_word' id='word_1_735' title='bbox 1928 4006 2140 4060; x_wconf 84' lang='grc' dir='ltr'>-ὀθνεία</span> <span class='ocrx_word' id='word_1_736' title='bbox 2167 4007 2238 4062; x_wconf 91' lang='lat' dir='ltr'><strong>sit</strong></span> <span class='ocrx_word' id='word_1_737' title='bbox 2270 4025 2416 4063; x_wconf 88' lang='lat' dir='ltr'><strong>nunc</strong></span> <span class='ocrx_word' id='word_1_738' title='bbox 2436 4014 2686 4079; x_wconf 89' lang='lat' dir='ltr'><strong>mutalio,</strong></span> <span class='ocrx_word' id='word_1_739' title='bbox 2711 4030 2830 4085; x_wconf 77' lang='lat' dir='ltr'><strong>qua:</strong></span> <span class='ocrx_word' id='word_1_740' title='bbox 2860 4029 3120 4076; x_wconf 78' lang='lat' dir='ltr'><strong>extranea</strong></span> <span class='ocrx_word' id='word_1_741' title='bbox 3143 4025 3255 4076; x_wconf 79' lang='lat' dir='ltr'><strong>sive</strong></span> <span class='ocrx_word' id='word_1_742' title='bbox 3278 4035 3521 4078; x_wconf 76' lang='lat' dir='ltr'><strong>extraor~</strong></span> 
     </span>
    </p>
   </div>
   <div class='ocr_carea' id='block_1_94' title="bbox 1956 4098 3524 4188">
    <p class='ocr_par' dir='ltr' id='par_1_94' title="bbox 1956 4098 3524 4188">
     <span class='ocr_line' id='line_1_98' title="bbox 1956 4098 3524 4188; baseline 0.013 -36"><span class='ocrx_word' id='word_1_743' title='bbox 1956 4098 2168 4153; x_wconf 86' lang='lat' dir='ltr'><strong>dinaria</strong></span> <span class='ocrx_word' id='word_1_744' title='bbox 2206 4113 2314 4163; x_wconf 86' lang='lat' dir='ltr'><strong>est,</strong></span> <span class='ocrx_word' id='word_1_745' title='bbox 2363 4103 2440 4155; x_wconf 91' lang='lat' dir='ltr'><strong>sic</strong></span> <span class='ocrx_word' id='word_1_746' title='bbox 2483 4105 2698 4172; x_wconf 84' lang='lat' dir='ltr'><strong>poetico</strong></span> <span class='ocrx_word' id='word_1_747' title='bbox 2752 4112 3067 4180; x_wconf 87' lang='lat' dir='ltr'><strong>metalepsis</strong></span> <span class='ocrx_word' id='word_1_748' title='bbox 3121 4125 3279 4184; x_wconf 82' lang='lat' dir='ltr'><strong>trepo</strong></span> <span class='ocrx_word' id='word_1_749' title='bbox 3341 4117 3524 4188; x_wconf 50' lang='lat' dir='ltr'><strong>lyricis</strong></span> 
     </span>
    </p>
   </div>
   <div class='ocr_carea' id='block_1_95' title="bbox 1953 4191 3525 4276">
    <p class='ocr_par' dir='ltr' id='par_1_95' title="bbox 1953 4191 3525 4276">
     <span class='ocr_line' id='line_1_99' title="bbox 1953 4191 3525 4276; baseline 0.011 -33"><span class='ocrx_word' id='word_1_750' title='bbox 1953 4205 2222 4246; x_wconf 88' lang='lat' dir='ltr'><strong>concesso</strong></span> <span class='ocrx_word' id='word_1_751' title='bbox 2257 4191 2430 4248; x_wconf 89' lang='lat' dir='ltr'><strong>dicta.</strong></span> <span class='ocrx_word' id='word_1_752' title='bbox 2464 4194 2545 4247; x_wconf 87' lang='lat' dir='ltr'><strong>Ad</strong></span> <span class='ocrx_word' id='word_1_753' title='bbox 2583 4196 2744 4250; x_wconf 89' lang='lat' dir='ltr'><strong>aliter</strong></span> <span class='ocrx_word' id='word_1_754' title='bbox 2794 4210 2973 4254; x_wconf 88' lang='lat' dir='ltr'><strong>autem</strong></span> <span class='ocrx_word' id='word_1_755' title='bbox 3026 4205 3188 4256; x_wconf 88' lang='lat' dir='ltr'><strong>etiam</strong></span> <span class='ocrx_word' id='word_1_756' title='bbox 3249 4201 3525 4276; x_wconf 73' lang='lat' dir='ltr'><strong>explicau-</strong></span> 
     </span>
    </p>
   </div>
   <div class='ocr_carea' id='block_1_96' title="bbox 1954 4284 3527 4366">
    <p class='ocr_par' dir='ltr' id='par_1_96' title="bbox 1954 4284 3527 4366">
     <span class='ocr_line' id='line_1_100' title="bbox 1954 4284 3527 4366; baseline 0.013 -29"><span class='ocrx_word' id='word_1_757' title='bbox 1954 4284 2081 4338; x_wconf 91' lang='lat' dir='ltr'><strong>dum</strong></span> <span class='ocrx_word' id='word_1_758' title='bbox 2120 4299 2316 4338; x_wconf 87' lang='lat' dir='ltr'><strong>novam</strong></span> <span class='ocrx_word' id='word_1_759' title='bbox 2350 4285 2669 4354; x_wconf 78' lang='lat' dir='ltr'><strong>huiusmodi</strong></span> <span class='ocrx_word' id='word_1_760' title='bbox 2703 4289 2961 4360; x_wconf 77' lang='lat' dir='ltr'><strong>formam,</strong></span> <span class='ocrx_word' id='word_1_761' title='bbox 2991 4296 3209 4352; x_wconf 87' lang='lat' dir='ltr'><strong>videtur</strong></span> <span class='ocrx_word' id='word_1_762' title='bbox 3233 4298 3354 4366; x_wconf 87' lang='lat' dir='ltr'><strong>ista,</strong></span> <span class='ocrx_word' id='word_1_763' title='bbox 3382 4303 3527 4357; x_wconf 88' lang='lat' dir='ltr'><strong>sicut</strong></span> 
     </span>
    </p>
   </div>
   <div class='ocr_carea' id='block_1_97' title="bbox 1952 4371 3522 4462">
    <p class='ocr_par' dir='ltr' id='par_1_97' title="bbox 1952 4371 3522 4462">
     <span class='ocr_line' id='line_1_101' title="bbox 1952 4371 3522 4462; baseline 0.011 -31"><span class='ocrx_word' id='word_1_764' title='bbox 1952 4371 2188 4431; x_wconf 81' lang='lat' dir='ltr'><strong>dictum</strong></span> <span class='ocrx_word' id='word_1_765' title='bbox 2214 4385 2319 4443; x_wconf 87' lang='lat' dir='ltr'><strong>est,</strong></span> <span class='ocrx_word' id='word_1_766' title='bbox 2357 4379 2542 4433; x_wconf 78' lang='grc' dir='ltr'>ὁθνεία</span> <span class='ocrx_word' id='word_1_767' title='bbox 2596 4382 2711 4438; x_wconf 89' lang='lat' dir='ltr'><strong>sive</strong></span> <span class='ocrx_word' id='word_1_768' title='bbox 2747 4396 3006 4442; x_wconf 87' lang='lat' dir='ltr'><strong>extranea</strong></span> <span class='ocrx_word' id='word_1_769' title='bbox 3055 4393 3284 4446; x_wconf 86' lang='lat' dir='ltr'><strong>mutatio</strong></span> <span class='ocrx_word' id='word_1_770' title='bbox 3317 4399 3522 4462; x_wconf 86' lang='lat' dir='ltr'><strong>prolata</strong></span> 
     </span>
    </p>
   </div>
   <div class='ocr_carea' id='block_1_98' title="bbox 1951 4467 3523 4556">
    <p class='ocr_par' dir='ltr' id='par_1_98' title="bbox 1951 4467 3523 4556">
     <span class='ocr_line' id='line_1_102' title="bbox 1951 4467 3523 4556; baseline 0.013 -36"><span class='ocrx_word' id='word_1_771' title='bbox 1951 4467 2119 4523; x_wconf 80' lang='lat' dir='ltr'><strong>fuisse</strong></span> <span class='ocrx_word' id='word_1_772' title='bbox 2146 4469 2296 4538; x_wconf 87' lang='lat' dir='ltr'><strong>juxta</strong></span> <span class='ocrx_word' id='word_1_773' title='bbox 2321 4473 2594 4540; x_wconf 90' lang='lat' dir='ltr'><strong>quoddam</strong></span> <span class='ocrx_word' id='word_1_774' title='bbox 2621 4489 2976 4548; x_wconf 89' lang='lat' dir='ltr'><strong>conceptum,</strong></span> <span class='ocrx_word' id='word_1_775' title='bbox 3011 4483 3371 4549; x_wconf 79' lang='lat' dir='ltr'><strong>sophisticam</strong></span> <span class='ocrx_word' id='word_1_776' title='bbox 3401 4491 3523 4556; x_wconf 88' lang='lat' dir='ltr'><strong>qui-</strong></span> 
     </span>
    </p>
   </div>
   <div class='ocr_carea' id='block_1_99' title="bbox 1948 4559 3520 4646">
    <p class='ocr_par' dir='ltr' id='par_1_99' title="bbox 1948 4559 3520 4646">
     <span class='ocr_line' id='line_1_103' title="bbox 1948 4559 3520 4646; baseline 0.014 -35"><span class='ocrx_word' id='word_1_777' title='bbox 1948 4559 2070 4612; x_wconf 90' lang='lat' dir='ltr'><strong>dem</strong></span> <span class='ocrx_word' id='word_1_778' title='bbox 2103 4570 2159 4614; x_wconf 91' lang='lat' dir='ltr'><strong>et</strong></span> <span class='ocrx_word' id='word_1_779' title='bbox 2204 4578 2310 4615; x_wconf 89' lang='lat' dir='ltr'><strong>non</strong></span> <span class='ocrx_word' id='word_1_780' title='bbox 2368 4579 2587 4630; x_wconf 88' lang='lat' dir='ltr'><strong>sanum,</strong></span> <span class='ocrx_word' id='word_1_781' title='bbox 2634 4569 2730 4620; x_wconf 92' lang='lat' dir='ltr'><strong>sed</strong></span> <span class='ocrx_word' id='word_1_782' title='bbox 2768 4571 2943 4623; x_wconf 89' lang='lat' dir='ltr'><strong>visum</strong></span> <span class='ocrx_word' id='word_1_783' title='bbox 2991 4573 3300 4638; x_wconf 84' lang='lat' dir='ltr'><strong>bujusmodi</strong></span> <span class='ocrx_word' id='word_1_784' title='bbox 3355 4578 3520 4646; x_wconf 84' lang='lat' dir='ltr'><strong>syllo-</strong></span> 
     </span>
    </p>
   </div>
   <div class='ocr_carea' id='block_1_100' title="bbox 1950 4651 3522 4729">
    <p class='ocr_par' dir='ltr' id='par_1_100' title="bbox 1950 4651 3522 4729">
     <span class='ocr_line' id='line_1_104' title="bbox 1950 4651 3522 4729; baseline 0.017 -33"><span class='ocrx_word' id='word_1_785' title='bbox 1950 4651 2204 4719; x_wconf 83' lang='lat' dir='ltr'><strong>gisticum</strong></span> <span class='ocrx_word' id='word_1_786' title='bbox 2231 4669 2244 4704; x_wconf 92' lang='lat'><strong>:</strong></span> <span class='ocrx_word' id='word_1_787' title='bbox 2275 4654 2334 4704; x_wconf 64' lang='grc' dir='ltr'><strong>τὸ</strong></span> <span class='ocrx_word' id='word_1_788' title='bbox 2361 4655 2586 4719; x_wconf 79' lang='grc' dir='ltr'>ὀθνεῖον,</span> <span class='ocrx_word' id='word_1_789' title='bbox 2645 4670 2966 4713; x_wconf 83' lang='lat' dir='ltr'><strong>extraneum</strong></span> <span class='ocrx_word' id='word_1_790' title='bbox 2989 4663 3305 4729; x_wconf 76' lang='lat' dir='ltr'><strong>signiﬁcat;</strong></span> <span class='ocrx_word' id='word_1_791' title='bbox 3339 4677 3522 4721; x_wconf 81' lang='lat' dir='ltr'><strong>extra-</strong></span> 
     </span>
    </p>
   </div>
   <div class='ocr_carea' id='block_1_101' title="bbox 1945 4745 3517 4815">
    <p class='ocr_par' dir='ltr' id='par_1_101' title="bbox 1945 4745 3517 4815">
     <span class='ocr_line' id='line_1_105' title="bbox 1945 4745 3517 4815; baseline 0.015 -23"><span class='ocrx_word' id='word_1_792' title='bbox 1945 4754 2106 4794; x_wconf 90' lang='lat' dir='ltr'><strong>neum</strong></span> <span class='ocrx_word' id='word_1_793' title='bbox 2138 4750 2322 4796; x_wconf 88' lang='lat' dir='ltr'><strong>autem</strong></span> <span class='ocrx_word' id='word_1_794' title='bbox 2379 4755 2461 4798; x_wconf 89' lang='lat' dir='ltr'><strong>est</strong></span> <span class='ocrx_word' id='word_1_795' title='bbox 2505 4745 2651 4813; x_wconf 89' lang='lat' dir='ltr'><strong>quod</strong></span> <span class='ocrx_word' id='word_1_796' title='bbox 2684 4757 2767 4802; x_wconf 89' lang='lat' dir='ltr'><strong>est</strong></span> <span class='ocrx_word' id='word_1_797' title='bbox 2791 4752 3284 4808; x_wconf 83' lang='lat' dir='ltr'><strong>extraordinarium</strong></span> <span class='ocrx_word' id='word_1_798' title='bbox 3318 4774 3333 4810; x_wconf 86' lang='lat'><strong>:</strong></span> <span class='ocrx_word' id='word_1_799' title='bbox 3373 4761 3517 4815; x_wconf 88' lang='lat' dir='ltr'><strong>unde</strong></span> 
     </span>
    </p>
   </div>
   <div class='ocr_carea' id='block_1_102' title="bbox 1944 4831 3515 4908">
    <p class='ocr_par' dir='ltr' id='par_1_102' title="bbox 1944 4831 3515 4908">
     <span class='ocr_line' id='line_1_106' title="bbox 1944 4831 3515 4908; baseline 0.015 -24"><span class='ocrx_word' id='word_1_800' title='bbox 1944 4831 2125 4884; x_wconf 85' lang='grc' dir='ltr'>όθνεία</span> <span class='ocrx_word' id='word_1_801' title='bbox 2180 4842 2261 4887; x_wconf 89' lang='lat' dir='ltr'><strong>est</strong></span> <span class='ocrx_word' id='word_1_802' title='bbox 2315 4836 2544 4889; x_wconf 87' lang='lat' dir='ltr'><strong>mutatio</strong></span> <span class='ocrx_word' id='word_1_803' title='bbox 2593 4852 2711 4905; x_wconf 84' lang='lat' dir='ltr'><strong>quae</strong></span> <span class='ocrx_word' id='word_1_804' title='bbox 2773 4844 3209 4900; x_wconf 82' lang='lat' dir='ltr'><strong>extraordinaria</strong></span> <span class='ocrx_word' id='word_1_805' title='bbox 3267 4860 3370 4906; x_wconf 91' lang='lat' dir='ltr'><strong>est.</strong></span> <span class='ocrx_word' id='word_1_806' title='bbox 3422 4853 3515 4908; x_wconf 88' lang='lat' dir='ltr'><strong>Sic</strong></span> 
     </span>
    </p>
   </div>
   <div class='ocr_carea' id='block_1_103' title="bbox 1944 4922 3514 5004">
    <p class='ocr_par' dir='ltr' id='par_1_103' title="bbox 1944 4922 3514 5004">
     <span class='ocr_line' id='line_1_107' title="bbox 1944 4922 3514 5004; baseline 0.017 -29"><span class='ocrx_word' id='word_1_807' title='bbox 1944 4922 2106 4975; x_wconf 87' lang='lat' dir='ltr'><strong>etiam</strong></span> <span class='ocrx_word' id='word_1_808' title='bbox 2142 4938 2156 4974; x_wconf 92' lang='lat'><strong>:</strong></span> <span class='ocrx_word' id='word_1_809' title='bbox 2185 4925 2358 4992; x_wconf 82' lang='grc' dir='ltr'>γλήνη</span> <span class='ocrx_word' id='word_1_810' title='bbox 2397 4927 2428 4994; x_wconf 88' lang='grc' dir='ltr'><strong>ή</strong></span> <span class='ocrx_word' id='word_1_811' title='bbox 2461 4927 2630 4995; x_wconf 81' lang='grc' dir='ltr'>κόρη;</span> <span class='ocrx_word' id='word_1_812' title='bbox 2659 4929 2798 4997; x_wconf 84' lang='grc' dir='ltr'>κόρη</span> <span class='ocrx_word' id='word_1_813' title='bbox 2836 4946 2964 4986; x_wconf 76' lang='lat' dir='ltr'><strong>vero</strong></span> <span class='ocrx_word' id='word_1_814' title='bbox 2994 4946 3079 4989; x_wconf 84' lang='lat' dir='ltr'><strong>est</strong></span> <span class='ocrx_word' id='word_1_815' title='bbox 3109 4940 3353 5004; x_wconf 82' lang='lat' dir='ltr'><strong>quaedam</strong></span> <span class='ocrx_word' id='word_1_816' title='bbox 3381 4939 3514 5002; x_wconf 25' lang='lat' dir='ltr'><strong>’mu-</strong></span> 
     </span>
    </p>
   </div>
   <div class='ocr_carea' id='block_1_104' title="bbox 1942 5012 3273 5098">
    <p class='ocr_par' dir='ltr' id='par_1_104' title="bbox 1942 5012 3273 5098">
     <span class='ocr_line' id='line_1_108' title="bbox 1942 5012 3273 5098; baseline 0.017 -33"><span class='ocrx_word' id='word_1_817' title='bbox 1942 5012 2043 5066; x_wconf 90' lang='lat' dir='ltr'><strong>lier</strong></span> <span class='ocrx_word' id='word_1_818' title='bbox 2076 5015 2303 5080; x_wconf 89' lang='lat' dir='ltr'><strong>tenella;</strong></span> <span class='ocrx_word' id='word_1_819' title='bbox 2334 5020 2516 5087; x_wconf 68' lang='lat' dir='ltr'><strong>ergoi;</strong></span> <span class='ocrx_word' id='word_1_820' title='bbox 2552 5019 2722 5090; x_wconf 87' lang='grc' dir='ltr'>γλήνη</span> <span class='ocrx_word' id='word_1_821' title='bbox 2770 5034 2854 5078; x_wconf 85' lang='lat' dir='ltr'><strong>est</strong></span> <span class='ocrx_word' id='word_1_822' title='bbox 2882 5027 3044 5082; x_wconf 83' lang='lat' dir='ltr'><strong>etiam</strong></span> <span class='ocrx_word' id='word_1_823' title='bbox 3073 5033 3273 5098; x_wconf 84' lang='lat' dir='ltr'><strong>puella.</strong></span> 
     </span>
    </p>
   </div>
   <div class='ocr_carea' id='block_1_105' title="bbox 2011 5103 3504 5198">
    <p class='ocr_par' dir='ltr' id='par_1_105' title="bbox 2011 5103 3504 5198">
     <span class='ocr_line' id='line_1_109' title="bbox 2011 5103 3504 5198; baseline 0.019 -42"><span class='ocrx_word' id='word_1_824' title='bbox 2011 5103 2138 5159; x_wconf 70' lang='grc'><strong>251.</strong></span> <span class='ocrx_word' id='word_1_825' title='bbox 2171 5105 2267 5160; x_wconf 83' lang='lat' dir='ltr'><strong>llis</strong></span> <span class='ocrx_word' id='word_1_826' title='bbox 2299 5119 2481 5160; x_wconf 83' lang='lat' dir='ltr'><strong>autem</strong></span> <span class='ocrx_word' id='word_1_827' title='bbox 2507 5110 2843 5168; x_wconf 78' lang='lat' dir='ltr'><strong>sufﬁcienter</strong></span> <span class='ocrx_word' id='word_1_828' title='bbox 2872 5117 2941 5171; x_wconf 88' lang='lat' dir='ltr'><strong>ila</strong></span> <span class='ocrx_word' id='word_1_829' title='bbox 2970 5119 3156 5187; x_wconf 87' lang='lat' dir='ltr'><strong>dictis,</strong></span> <span class='ocrx_word' id='word_1_830' title='bbox 3182 5128 3226 5180; x_wconf 92' lang='lat' dir='ltr'><strong>si</strong></span> <span class='ocrx_word' id='word_1_831' title='bbox 3261 5131 3382 5198; x_wconf 86' lang='lat' dir='ltr'><strong>quis</strong></span> <span class='ocrx_word' id='word_1_832' title='bbox 3412 5135 3504 5188; x_wconf 87' lang='grc' dir='ltr'>ἁλ-</span> 
     </span>
    </p>
   </div>
   <div class='ocr_carea' id='block_1_106' title="bbox 1940 5193 3510 5278">
    <p class='ocr_par' dir='ltr' id='par_1_106' title="bbox 1940 5193 3510 5278">
     <span class='ocr_line' id='line_1_110' title="bbox 1940 5193 3510 5278; baseline 0.022 -36"><span class='ocrx_word' id='word_1_833' title='bbox 1940 5193 2156 5246; x_wconf 79' lang='grc' dir='ltr'>λοὶωσιν</span> <span class='ocrx_word' id='word_1_834' title='bbox 2204 5195 2418 5248; x_wconf 68' lang='grc' dir='ltr'>όθνείπιν</span> <span class='ocrx_word' id='word_1_835' title='bbox 2466 5199 2551 5252; x_wconf 85' lang='lat' dir='ltr'><strong>hic</strong></span> <span class='ocrx_word' id='word_1_836' title='bbox 2586 5200 2719 5255; x_wconf 89' lang='lat' dir='ltr'><strong>dicit</strong></span> <span class='ocrx_word' id='word_1_837' title='bbox 2762 5205 2911 5259; x_wconf 89' lang='lat' dir='ltr'><strong>illam</strong></span> <span class='ocrx_word' id='word_1_838' title='bbox 2949 5227 3072 5278; x_wconf 71' lang='lat' dir='ltr'><strong>quae</strong></span> <span class='ocrx_word' id='word_1_839' title='bbox 3104 5231 3170 5268; x_wconf 82' lang='lat' dir='ltr'><strong>ex</strong></span> <span class='ocrx_word' id='word_1_840' title='bbox 3231 5231 3380 5276; x_wconf 91' lang='lat' dir='ltr'><strong>recto</strong></span> <span class='ocrx_word' id='word_1_841' title='bbox 3426 5237 3510 5278; x_wconf 55' lang='lat' dir='ltr'><strong>est</strong></span> 
     </span>
    </p>
   </div>
   <div class='ocr_carea' id='block_1_107' title="bbox 1939 5287 3512 5371">
    <p class='ocr_par' dir='ltr' id='par_1_107' title="bbox 1939 5287 3512 5371">
     <span class='ocr_line' id='line_1_111' title="bbox 1939 5287 3512 5371; baseline 0.02 -33"><span class='ocrx_word' id='word_1_842' title='bbox 1939 5287 2138 5350; x_wconf 86' lang='lat' dir='ltr'><strong>aliena,</strong></span> <span class='ocrx_word' id='word_1_843' title='bbox 2171 5303 2278 5340; x_wconf 93' lang='lat' dir='ltr'><strong>non</strong></span> <span class='ocrx_word' id='word_1_844' title='bbox 2331 5289 2404 5343; x_wconf 87' lang='lat' dir='ltr'><strong>ita</strong></span> <span class='ocrx_word' id='word_1_845' title='bbox 2441 5291 2598 5346; x_wconf 80' lang='lat' dir='ltr'><strong>facile</strong></span> <span class='ocrx_word' id='word_1_846' title='bbox 2623 5300 3024 5370; x_wconf 84' lang='lat' dir='ltr'><strong>commodeque</strong></span> <span class='ocrx_word' id='word_1_847' title='bbox 3055 5308 3158 5361; x_wconf 89' lang='lat' dir='ltr'><strong>sibi</strong></span> <span class='ocrx_word' id='word_1_848' title='bbox 3191 5316 3512 5371; x_wconf 82' lang='lat' dir='ltr'><strong>conciliabit</strong></span> 
     </span>
    </p>
   </div>
   <div class='ocr_carea' id='block_1_108' title="bbox 1941 5380 3508 5474">
    <p class='ocr_par' dir='ltr' id='par_1_108' title="bbox 1941 5380 3508 5474">
     <span class='ocr_line' id='line_1_112' title="bbox 1941 5380 3508 5474; baseline 0.022 -46"><span class='ocrx_word' id='word_1_849' title='bbox 1941 5380 2295 5433; x_wconf 80' lang='lat' dir='ltr'><strong>attentionem</strong></span> <span class='ocrx_word' id='word_1_850' title='bbox 2331 5399 2344 5412; x_wconf 87' lang='grc'><strong>·</strong></span> <span class='ocrx_word' id='word_1_851' title='bbox 2381 5386 2658 5451; x_wconf 86' lang='lat' dir='ltr'><strong>quomodo</strong></span> <span class='ocrx_word' id='word_1_852' title='bbox 2693 5390 2840 5444; x_wconf 89' lang='lat' dir='ltr'><strong>enim</strong></span> <span class='ocrx_word' id='word_1_853' title='bbox 2881 5394 3061 5451; x_wconf 81' lang='lat' dir='ltr'><strong>aliena</strong></span> <span class='ocrx_word' id='word_1_854' title='bbox 3090 5415 3234 5456; x_wconf 87' lang='lat' dir='ltr'><strong>esset</strong></span> <span class='ocrx_word' id='word_1_855' title='bbox 3271 5423 3508 5474; x_wconf 71' lang='lat' dir='ltr'><strong>praesens</strong></span> 
     </span>
    </p>
   </div>
   <div class='ocr_carea' id='block_1_109' title="bbox 1939 5467 3504 5552">
    <p class='ocr_par' dir='ltr' id='par_1_109' title="bbox 1939 5467 3504 5552">
     <span class='ocr_line' id='line_1_113' title="bbox 1939 5467 3504 5552; baseline 0.02 -32"><span class='ocrx_word' id='word_1_856' title='bbox 1939 5467 1992 5520; x_wconf 93' lang='lat' dir='ltr'><strong>in</strong></span> <span class='ocrx_word' id='word_1_857' title='bbox 2047 5470 2252 5538; x_wconf 83' lang='lat' dir='ltr'><strong>Spiritu</strong></span> <span class='ocrx_word' id='word_1_858' title='bbox 2284 5483 2476 5528; x_wconf 88' lang='lat' dir='ltr'><strong>saneto</strong></span> <span class='ocrx_word' id='word_1_859' title='bbox 2519 5481 2748 5534; x_wconf 87' lang='lat' dir='ltr'><strong>mutatio</strong></span> <span class='ocrx_word' id='word_1_860' title='bbox 2779 5492 2944 5549; x_wconf 87' lang='lat' dir='ltr'><strong>atque</strong></span> <span class='ocrx_word' id='word_1_861' title='bbox 2984 5467 3398 5550; x_wconf 72' lang='lat' dir='ltr'><strong>tt&#39;ansi‘oriuatio</strong></span> <span class='ocrx_word' id='word_1_862' title='bbox 3438 5515 3504 5552; x_wconf 78' lang='lat' dir='ltr'><strong>ex</strong></span> 
     </span>
    </p>
   </div>
   <div class='ocr_carea' id='block_1_110' title="bbox 1940 5559 3504 5649">
    <p class='ocr_par' dir='ltr' id='par_1_110' title="bbox 1940 5559 3504 5649">
     <span class='ocr_line' id='line_1_114' title="bbox 1940 5559 3504 5649; baseline 0.021 -39"><span class='ocrx_word' id='word_1_863' title='bbox 1940 5559 2147 5613; x_wconf 76' lang='lat' dir='ltr'><strong>malitia</strong></span> <span class='ocrx_word' id='word_1_864' title='bbox 2175 5571 2228 5612; x_wconf 92' lang='lat' dir='ltr'><strong>et</strong></span> <span class='ocrx_word' id='word_1_865' title='bbox 2261 5562 2420 5632; x_wconf 92' lang='lat' dir='ltr'><strong>culpa</strong></span> <span class='ocrx_word' id='word_1_866' title='bbox 2473 5578 2662 5624; x_wconf 88' lang='lat' dir='ltr'><strong>contra</strong></span> <span class='ocrx_word' id='word_1_867' title='bbox 2697 5582 2976 5638; x_wconf 88' lang='lat' dir='ltr'><strong>naturam,</strong></span> <span class='ocrx_word' id='word_1_868' title='bbox 3021 5580 3079 5633; x_wconf 90' lang='lat' dir='ltr'><strong>in</strong></span> <span class='ocrx_word' id='word_1_869' title='bbox 3121 5583 3393 5649; x_wconf 87' lang='lat' dir='ltr'><strong>justitiam</strong></span> <span class='ocrx_word' id='word_1_870' title='bbox 3449 5602 3504 5642; x_wconf 86' lang='lat' dir='ltr'><strong>et</strong></span> 
     </span>
    </p>
   </div>
   <div class='ocr_carea' id='block_1_111' title="bbox 1937 5648 3504 5731">
    <p class='ocr_par' dir='ltr' id='par_1_111' title="bbox 1937 5648 3504 5731">
     <span class='ocr_line' id='line_1_115' title="bbox 1937 5648 3504 5731; baseline 0.019 -30"><span class='ocrx_word' id='word_1_871' title='bbox 1937 5649 2197 5705; x_wconf 82' lang='lat' dir='ltr'><strong>virtutem</strong></span> <span class='ocrx_word' id='word_1_872' title='bbox 2235 5652 2394 5721; x_wconf 81' lang='lat' dir='ltr'><strong>juxta</strong></span> <span class='ocrx_word' id='word_1_873' title='bbox 2449 5648 2740 5730; x_wconf 62' lang='lat' dir='ltr'><strong>naturam:</strong></span> <span class='ocrx_word' id='word_1_874' title='bbox 2775 5666 2888 5721; x_wconf 91' lang='lat' dir='ltr'><strong>sive</strong></span> <span class='ocrx_word' id='word_1_875' title='bbox 2921 5673 3219 5725; x_wconf 82' lang='lat' dir='ltr'><strong>secundum</strong></span> <span class='ocrx_word' id='word_1_876' title='bbox 3258 5691 3504 5731; x_wconf 85' lang='lat' dir='ltr'><strong>conmm-</strong></span> 
     </span>
    </p>
   </div>
   <div class='ocr_carea' id='block_1_112' title="bbox 1937 5753 3498 5836">
    <p class='ocr_par' dir='ltr' id='par_1_112' title="bbox 1937 5753 3498 5836">
     <span class='ocr_line' id='line_1_116' title="bbox 1937 5753 3498 5836; baseline 0.019 -43"><span class='ocrx_word' id='word_1_877' title='bbox 1937 5756 2059 5794; x_wconf 90' lang='lat' dir='ltr'><strong>nem</strong></span> <span class='ocrx_word' id='word_1_878' title='bbox 2093 5755 2410 5801; x_wconf 74' lang='lat' dir='ltr'><strong>memorata:</strong></span> <span class='ocrx_word' id='word_1_879' title='bbox 2439 5753 2590 5807; x_wconf 89' lang='lat' dir='ltr'><strong>vocis</strong></span> <span class='ocrx_word' id='word_1_880' title='bbox 2647 5756 3299 5830; x_wconf 76' lang='lat' dir='ltr'><strong>signiﬁcationem,juxta</strong></span> <span class='ocrx_word' id='word_1_881' title='bbox 3334 5785 3498 5836; x_wconf 88' lang='lat' dir='ltr'><strong>quam</strong></span> 
     </span>
    </p>
   </div>
   <div class='ocr_carea' id='block_1_113' title="bbox 1934 5831 3502 5928">
    <p class='ocr_par' dir='ltr' id='par_1_113' title="bbox 1934 5831 3502 5928">
     <span class='ocr_line' id='line_1_117' title="bbox 1934 5831 3502 5928; baseline 0.02 -45"><span class='ocrx_word' id='word_1_882' title='bbox 1934 5831 2142 5887; x_wconf 79' lang='grc' dir='ltr'>ὀθνεῖον</span> <span class='ocrx_word' id='word_1_883' title='bbox 2177 5835 2315 5891; x_wconf 77' lang='lat' dir='ltr'><strong>dicit;</strong></span> <span class='ocrx_word' id='word_1_884' title='bbox 2348 5840 2512 5896; x_wconf 88' lang='lat' dir='ltr'><strong>etiam</strong></span> <span class='ocrx_word' id='word_1_885' title='bbox 2542 5843 2742 5915; x_wconf 87' lang='lat' dir='ltr'><strong>aliquis</strong></span> <span class='ocrx_word' id='word_1_886' title='bbox 2771 5850 3067 5918; x_wconf 74' lang='grc' dir='ltr'>ἀλλότριον,</span> <span class='ocrx_word' id='word_1_887' title='bbox 3107 5869 3202 5909; x_wconf 83' lang='lat' dir='ltr'><strong>seu</strong></span> <span class='ocrx_word' id='word_1_888' title='bbox 3237 5831 3502 5928; x_wconf 43' lang='lat' dir='ltr'><strong>non-pro-</strong></span> 
     </span>
    </p>
   </div>
  </div>
