3966 6248
425 345 526 412 751

1165 344 1510 408 EUSTATII
1525 345 1583 404 II
1623 342 2374 405 TIIESSALONICENSIS
2409 341 2979 404 METROPOLI'IE-E

3576 339 3670 401 752

427 456 626 525 prium,
658 455 771 516 sive
791 445 1096 510 secundum
1139 455 1498 524 seriptionem
1542 470 1651 525 qua
1699 453 1995 522 ἀλλόφυλοι

2127 454 2248 509 εατά
2277 453 2340 507 τὸ
2369 455 2642 524 γραφικὴν
2665 454 2724 505 έν
2742 445 2783 520 ᾧ
2811 452 3106 522 ἀλλόφυλοι
3124 451 3432 522 ἐρρέθησαν
3459 452 3508 502 οἱ
3533 451 3672 503 ἀλλέ-

426 549 557 604 dicti
585 558 716 605 sunt
763 549 813 600 οί
853 546 1162 617 ἀλλότριοιῗ
1212 563 1320 602 non
1379 559 1465 602 est
1511 547 1656 602 enim
1701 548 1862 601 nobis
1893 547 1999 600 im-

429 644 648 713 pr0pria
687 644 740 696 in
803 642 1007 696 bonum
1067 658 1130 694 ex
1185 643 1328 695 malo
1382 641 1638 707 mutatio,
1701 656 1855 697 neca
1892 641 2001 695 Deo

429 736 633 790 alienat
663 749 758 790 eos
798 734 888 803 qui
920 735 1220 787 secundum
1260 734 1432 804 ipsam
1479 742 1802 788 mutantur:
1858 733 2002 786 unde

431 843 536 882 non
566 837 650 881 est
677 826 980 896 epithetum
1008 827 1321 898 Imjusmodi
1355 827 1729 881 conversionis
1753 829 1786 896 ἡ
1819 827 2004 879 ὀθνεία

429 917 542 970 sive
589 915 713 983 ξένη
777 924 1035 984 tanquam
1067 916 1355 986 ἀλλοτρίοις
1404 925 1456 969 et
1494 918 1564 969 ita
1617 917 1840 985 Quidcm
1869 915 2000 970 sub.

429 1009 664 1062 invisum
689 1014 775 1062 est
808 1008 1100 1079 ἀλλοτρίαν
1131 1010 1409 1080 (alienam)
1435 1009 1530 1080 τὴν
1556 1009 1770 1062 όθνείαν
1796 1009 2002 1082 (estra-

429 1101 610 1169 neam)
648 1102 1026 1172 interpretari.

497 1197 627 1252 252.
665 1196 724 1250 Si
755 1196 880 1264 quis
915 1205 1096 1249 autem
1131 1195 1277 1249 dicat
1306 1195 1451 1250 illius
1492 1195 1590 1250 aevi
1617 1207 1842 1251 sanctos
1883 1197 2002 1266 spi-

428 1291 703 1345 ritualiter
733 1296 972 1343 mutatos
1017 1287 1188 1343 fuisse
1225 1288 1351 1361 ξένῃ
1393 1289 1702 1353 ἀλλοιώσει,
1754 1306 1876 1361 qua:
1911 1289 2002 1341 όθσ

427 1383 545 1437 νεία
567 1383 684 1438 sive
718 1380 979 1452 dnozp'u
1008 1389 1128 1435 erat
1159 1397 1332 1451 usque
1363 1384 1429 1436 ad
1486 1387 1660 1452 ipsos,
1690 1385 1773 1438 vel
1820 1399 1848 1438 a
1893 1399 2006 1448 qua

427 1476 582 1546 prius
611 1475 714 1546 ipsi
746 1473 967 1528 alienati
1000 1483 1164 1544 atque
1197 1475 1455 1543 disiuncti
1494 1475 1740 1543 fuerant,
1775 1487 1861 1532 est
1885 1481 2009 1547 qui-

432 1572 555 1624 dem
595 1569 819 1624 violenti
859 1567 1133 1638 quoddam
1177 1569 1292 1623 luee
1350 1569 1681 1638 expressio;
1732 1568 2010 1624 benevolis

430 1669 613 1716 autem
637 1659 979 1715 auditoribus
1011 1659 1310 1730 accipietur
1337 1676 1352 1726 ;
1383 1662 1409 1713 ὁ
1443 1660 1650 1722 όθνεῖος
1677 1675 1806 1714 vero
1851 1675 2007 1714 mas-

433 1753 704 1820 culinum,
735 1767 799 1806 ex
837 1767 946 1821 quo
981 1753 1013 1823 ἡ
1044 1750 1252 1817 ὀθνείοι,
1285 1767 1314 1806 e
1348 1767 1479 1807 voce
1509 1751 1661 1814 νόθος
1692 1752 2007 1818 derivatur;

2103 564 2286 618 τριοι;
2326 547 2452 602 οὕτε
2475 549 2586 619 γὰρ
2615 548 2881 610 ἀνοίκειος
2906 549 3039 617 ἡμῖν
3072 547 3104 616 ἡ
3146 549 3209 599 ἐκ
3242 543 3419 599 κακοῦ
3461 549 3545 609 εἰς
3583 565 3671 601 κα-

2101 639 2194 692 λὸν
2223 637 2521 708 μεταϐολὴ,
2555 637 2682 690 οὔτε
2737 637 2831 689 τοῦ
2864 636 2999 689 Θεοῦ
3055 635 3336 705 ἀλλοτριοί
3386 637 3515 698 τοὺς
3565 636 3674 690 κατ’

2103 732 2275 800 αὐτὴν
2327 730 2750 799 ἀλλοίουμένους
2781 745 2796 760 ο
2845 727 2988 781 ὥστε
3047 728 3168 781 οὐδὲ
3227 727 3382 780 ἐστιν
3434 726 3674 781 ἐπίθετον

2102 821 2448 885 ἀλλοιώσεως
2477 823 2737 887 τοιαύτης
2759 824 2792 890 ὴ
2821 821 3007 873 όθνεία
3039 821 3209 891 ῆγουν
3248 820 3378 890 ξένη
3415 820 3491 882 ὠς
3525 821 3676 874 ἀλλο-

2102 915 2273 986 τρίαο
2329 917 2428 968 καὶ
2469 913 2614 968 οὕτω
2679 914 2779 982 μὲν
2822 912 3179 968 ὐποδίσκολον
3231 912 3291 968 τὸ
3345 913 3676 984 ἑρμηνεῦσαι

2105 1009 2392 1082 ἀλλοτρίαν
2421 1008 2521 1081 τὴν
2561 1009 2803 1062 ὀθνείαν.

2180 1188 2315 1258 σνβ’.
2356 1188 2417 1240 Ei
2445 1188 2502 1240 δέ
2534 1205 2618 1249 τις
2643 1187 2790 1240 είποι
2811 1188 2938 1250 τοὺς
2965 1188 3089 1240 τότε
3145 1187 3335 1255 ἁγίους
3371 1184 3677 1258 ἠλλοιωμέ-

2109 1298 2233 1346 νους
2285 1278 2676 1348 πνευματικῶς
2722 1276 2884 1348 ξένην
2944 1278 3256 1339 ἀλλοίωσιν,
3316 1278 3415 1330 καὶ
3471 1276 3677 1330 όθνείαν

2109 1375 2229 1444 ἦτοι
2278 1373 2571 1444 ἀλλοτρίαν
2609 1374 2776 1444 μέχρι
2835 1373 2936 1427 καὶ
2979 1371 3103 1425 τότε
3145 1370 3354 1437 αὐτῶν,
3407 1371 3580 1440 ἤγουν
3615 1365 3678 1437 ἦς

2111 1468 2242 1538 πρὶν
2273 1466 2432 1519 αὐτοὶ
2481 1464 2827 1530 ἀπεξένωντο
2851 1465 2948 1518 καὶ
2983 1464 3371 1536 ὴλλοτρίωντο,
3426 1463 3546 1515 ἐστι
3583 1463 3674 1532 μὲν

2113 1560 2336 1629 βιαστόν
2391 1579 2443 1614 τι
2499 1561 2650 1614 τουτὶ
2697 1558 2760 1612 τὸ
2815 1559 3024 1630 δνομα’
3080 1557 3562 1628 προσθεχθήσεται
3626 1555 3677 1607 δὲ

2111 1654 2410 1723 ἀκροαταῖς
2442 1651 2822 1720 εὐγνώμοσινο
2877 1653 2905 1704 ό
2938 1651 3146 1712 όθνεῖος
3181 1650 3239 1702 δὲ
3286 1648 3580 1717 ἀρσενικὸν
3622 1647 3678 1710 ἐξ

2112 1737 2175 1798 οὗ
2200 1745 2233 1814 ἡ
2278 1743 2462 1796 ὀθνεία
2503 1745 2567 1796 ὲκ
2595 1742 2691 1797 τοῦ
2719 1741 2873 1805 νόθος
2903 1741 3191 1812 παρῆκται
3215 1757 3228 1770 ’
3258 1741 3349 1809 ἀφ’
3385 1739 3447 1793 οὗ
3503 1739 3681 1808 ὥσπερ

429 1861 466 1900 a
502 1860 608 1915 qua
635 1846 779 1900 sicut
803 1819 1023 1916 Κάδμος
1052 1847 1334 1914 καδμεῖος,
1368 1845 1449 1899 sic
1497 1845 1653 1908 νόθος
1683 1847 1916 1909 νοθεῖος,
1956 1819 2089 1900 etB
2119 1837 2343 1905 Κάδμος
2378 1835 2664 1906 καδμεῖος,
2713 1834 2859 1889 οὕτω
2907 1835 3061 1898 νόθος
3107 1833 3335 1898 νοθεῖος,
3370 1834 3470 1886 καὶ
3528 1849 3680 1902 μετα-

435 1935 630 1992 litterze
656 1937 1083 2008 transpositione
1107 1938 1346 2004 όθνεῖος;
1379 1949 1432 1992 et
1457 1938 1596 1992 forte
1621 1939 1722 1992 hoc
1749 1947 1832 1992 est
1864 1937 2013 2007 quod

434 2029 602 2083 etiam
646 2029 719 2082 ibi
750 2027 877 2084 fecit
910 2029 978 2084 de
1001 2027 1190 2099 ὀθνείᾳ
1241 2029 1545 2084 mutatione
1576 2029 2013 2099 ambiguitatem.

434 2121 572 2176 Cum
609 2121 753 2177 enim
782 2121 937 2185 νόθος
974 2121 1196 2192 proprie
1230 2121 1449 2192 quidem
1479 2130 1563 2177 est
1593 2121 1738 2190 [ilius
1768 2123 1863 2193 qui
1905 2138 2014 2176 non

433 2222 517 2269 est
548 2228 842 2284 germanus
867 2222 923 2268 et
948 2213 1224 2283 legitimus
1248 2213 1579 2283 generatori,
1623 2213 1888 2285 praevenit
1917 2230 2016 2269 aus

436 2314 546 2362 tem
583 2306 672 2359 illa
704 2305 872 2361 dictio
907 2303 1038 2376 poni
1071 2305 1137 2360 de
1172 2305 1338 2360 rebus
1378 2305 1704 2377 simpliciter
1735 2307 2018 2363 extraneis

435 2408 492 2452 et
510 2399 589 2453 sic
617 2397 844 2465 alienis;
878 2393 1074 2453 deinde
1100 2412 1229 2452 vero
1246 2397 1482 2453 deducta
1504 2405 1636 2455 sunt
1655 2399 1819 2455 etiam
1855 2399 2016 2454 verba

437 2491 467 2542 ό
519 2491 730 2554 όθνεῖος
780 2501 833 2544 et
887 2499 1086 2546 caetera
1140 2491 1410 2557 derivata,
1450 2491 1690 2562 propriae
1751 2493 2014 2547 dictionis

438 2581 585 2635 illius
636 2581 949 2636 immutatio
1002 2583 1370 2636 commutavit
1421 2583 1586 2637 etiam
1629 2593 1894 2652 concepta
1955 2585 2008 2637 in

438 2675 640 2744 quibus
689 2675 794 2729 illa:
841 2689 1006 2730 voces
1064 2674 1486 2743 spargebantur,
1518 2681 1573 2729 et
1607 2675 1912 2744 praesertim
1966 2675 2020 2728 in

441 2765 805 2836 dispositione
835 2767 1073 2836 poetica.
1330 2809 1334 2813 .

507 2857 636 2912 255.
684 2856 1014 2915 Laudandus
1061 2871 1224 2928 porro
1256 2865 1414 2929 poeta
1468 2866 1551 2914 est
1599 2857 1770 2928 quod,
1825 2873 2022 2913 neces-

439 2951 656 3007 sitatcm
688 2951 897 3005 habens
933 2949 988 3004 in
1024 2950 1191 3004 tertio
1213 2963 1379 3006 versu
1408 2948 1768 3019 jam,tractati
1802 2951 2022 3004 initium

441 3043 510 3096 ab
535 3059 563 3094 ο
595 3041 743 3095 brevi
774 3040 1033 3111 ponendi,
1064 3039 1224 3096 talem
1271 3040 1326 3094 in
1391 3040 1552 3095 metri
1585 3043 1914 3097 necessitate
1945 3042 2026 3094 di-

444 3136 680 3188 ctionem
715 3133 944 3189 invenit.
967 3133 1436 3187 Considerandum
1469 3143 1554 3188 est
1585 3145 1764 3190 autem
1795 3150 1862 3188 an
1888 3134 2024 3190 forte
2048 3167 2096 3232 Β

446 3242 553 3280 non
611 3226 683 3280 sit
733 3224 928 3279 melius
986 3226 1228 3285 scribere
1263 3225 1619 3280 mutationem
1681 3225 1892 3278 ὀθνεῖον
1950 3226 2020 3281 ab

443 3319 610 3373 attico
665 3317 1002 3372 nominativo
1037 3318 1072 3388 ἡ
1137 3317 1374 3381 όθνείος.
1430 3317 1625 3372 Dicere
1679 3333 1872 3388 nempe
1923 3321 2022 3390 τὴν

443 3411 660 3464 ὀθνείαν
697 3414 750 3463 in
790 3409 1186 3464 communibus
1227 3409 1426 3464 iambis
1477 3424 1587 3464 non
1645 3420 1732 3466 est
1786 3426 2022 3468 consue-

444 3511 600 3568 tum;
653 3512 913 3571 tanquam
950 3499 1236 3569 spondam,
1276 3514 1343 3553 ex
1392 3499 1583 3569 regula
1641 3504 2022 3570 grammatica,

443 3594 708 3648 evadente
739 3591 981 3647 secundo
1013 3591 1169 3662 pede,
1208 3601 1432 3661 propter
1461 3592 1675 3664 longam
1705 3596 1856 3651 vocis
1885 3596 2022 3648 ﬁna-

446 3685 548 3738 lem
578 3684 840 3756 ἡόθνεία.
877 3682 1034 3738 Sicut
1079 3683 1224 3738 enim
1285 3699 1353 3740 ex
1385 3685 1481 3738 τοῦ
1529 3685 1674 3740 θείου
1715 3687 1816 3758 τὴν
1870 3687 2023 3742 θείαν

445 3777 810 3833 communiter
836 3776 1209 3841 extendimus,
1245 3777 1331 3832 sic
1363 3778 1530 3833 etiam
1567 3794 1630 3834 ex
1666 3779 1761 3832 τοῦ
1807 3781 2020 3834 όθνείου

445 3870 541 3940 τὴν
615 3869 852 3922 όθνείαν.
926 3867 984 3922 Si
1071 3884 1202 3924 vero
1240 3923 1244 3928 ,
1280 3868 1421 3924 forte
1476 3882 1636 3942 poeta
1698 3872 2022 3930 recordatus

450 3963 590 4028 istud
619 3978 634 4015 :
666 3965 733 4031 τῇ
761 3963 948 4032 μακρᾷ
983 3962 1212 4034 πέμπτη
1242 3962 1455 4033 μακρὸν
1497 3963 1665 4031 ὕμνον
1695 3963 1890 4035 ὲξᾴδω,
1927 3981 2018 4022 se-

449 4055 685 4108 cundum
721 4055 868 4109 hunc
922 4055 1167 4108 iambum
1217 4069 1444 4110 mensus
1478 4064 1563 4110 est
1610 4071 1828 4128 quoque
1885 4072 2024 4128 prae-

2119 1927 2272 1982 θέσει
2301 1929 2571 1998 στοιχείου
2595 1929 2800 1987 ὀθνεῖος
2831 1944 2845 1959 ο
2877 1926 2974 1980 καὶ
3007 1927 3148 1996 τάχα
3171 1926 3332 1980 τοῦτό
3360 1927 3483 1979 ἐστι
3508 1926 3569 1977 τὸ
3599 1927 3686 1978 καὶ

2120 2022 2356 2078 ἐνταῦθα
2404 2021 2714 2089 πεποιηκὸς
2763 2021 2863 2091 τὴν
2911 2023 3004 2074 ἐπὶ
3047 2024 3114 2091 τῇ
3160 2020 3345 2092 ὀθνείᾳ
3407 2019 3685 2072 ἀλλοιώσει

2121 2115 2565 2187 στρεόλολογίαν.
2609 2115 2764 2168 Ἐπεὶ
2803 2115 2911 2183 γὰρ
2945 2114 3099 2176 νόθος
3142 2114 3242 2182 μὲν
3269 2112 3481 2183 κυρίως
3513 2112 3626 2176 υίὸς
3662 2112 3687 2163 ό

2123 2209 2200 2279 μὴ
2226 2210 2448 2278 γνήσιος
2480 2195 2572 2260 καὶ
2600 2206 2826 2276 ἔννομος
2862 2207 2940 2276 τῷ
2967 2206 3362 2276 γεννησαμένῳ
3398 2221 3412 2236 ·
3448 2205 3590 2274 ἔφθη
3638 2205 3688 2258 δὲ

2121 2304 2156 2373 ἡ
2189 2302 2337 2366 λέξις
2366 2303 2597 2372 τεθῆναι
2626 2301 2724 2355 καὶ
2757 2301 2851 2354 ἐπὶ
2882 2300 2991 2354 τῶν
3045 2301 3231 2363 ἁπλῶς
3263 2299 3432 2364 ξένων
3468 2297 3565 2352 καὶ
3608 2297 3687 2350 οὖ-

2122 2415 2228 2462 τως
2259 2397 2560 2467 ἀλλοτρίων
2587 2412 2601 2426 ·
2635 2396 2847 2448 ἐκεῖθεν
2883 2394 2938 2447 δὲ
2973 2395 3260 2464 κεκίνηται
3295 2394 3391 2445 καὶ
3420 2395 3448 2445 ὁ
3493 2392 3690 2453 ὀθνείος

2121 2489 2218 2540 καὶ
2242 2489 2309 2541 τά
2333 2488 2390 2552 ἐξ
2406 2488 2594 2552 αὑτοῦ,
2618 2489 2650 2558 ἡ
2681 2489 2783 2556 τῆς
2811 2486 3157 2556 κυριολεξίας
3205 2486 3420 2555 ἐκείνης
3454 2483 3690 2552 ὲκτροπὴ

2125 2581 2542 2650 συνεξέστρεψε,
2570 2580 2664 2633 καὶ
2686 2580 2754 2634 τὰ
2781 2582 3031 2652 νοήματα
3055 2583 3113 2633 έν
3141 2574 3225 2643 οἷς
3245 2578 3500 2632 τοιαῦται
3523 2578 3690 2642 λέξεις

2123 2674 2584 2743 κατεσπάρησαν,
2611 2673 2715 2727 καὸ
2749 2675 3015 2726 κάλλιστα
3057 2673 3116 2726 ὲν
3151 2673 3390 2727 διαθέσει
3415 2673 3692 2741 ποιητικῇ.

2197 2848 2336 2918 σνγ’.
2374 2849 2722 2902 Ἐπαινετέόν
2757 2850 2822 2920 δὴ
2876 2851 2972 2904 τὸν
3031 2849 3273 2920 μεληδὸν
3316 2852 3402 2904 ὃτι
3453 2851 3696 2919 ἀνάγκην

2127 2945 2266 3015 ἔχων
2298 2945 2356 2996 έν
2378 2943 2457 3014 τῷ
2483 2944 2653 3013 τρίτῳ
2684 2943 2854 3013 στίχῳ
2899 2945 2995 2997 τοῦ
3029 2945 3563 3014 προκεχειρισμένον
3598 2945 3700 2998 ἀπὸ

2127 3037 2221 3090 τοῦ
2253 3035 2293 3088 o'
2327 3035 2528 3107 μικροῦ
2559 3034 2752 3089 θέσθαι
2789 3037 2986 3105 ἀρχὴν,
3027 3035 3219 3106 ἐξεῦρε
3241 3036 3506 3106 τοιαύτην
3555 3038 3699 3104 λέξιν

2131 3133 2188 3183 ὲν
2225 3130 2442 3200 ἀνάγκη
2474 3131 2744 3199 μετρικῇ.
2786 3130 3100 3198 Σκοπητέον
3133 3129 3191 3182 δὲ
3239 3131 3452 3199 μήποτε
3484 3128 3701 3182 κάλλιόν

2129 3227 2246 3277 ἐστι
2279 3223 2491 3294 γράψαι
2511 3221 2725 3276 ὀθνεῖον
2755 3222 3068 3286 ἀλλοίωσιν,
3117 3224 3226 3276 ἀπὸ
3268 3223 3492 3286 εὐθείας
3534 3227 3704 3277 ’Δττι-

2131 3315 2237 3384 κῆς
2269 3315 2370 3382 τῆς
2404 3316 2437 3384 ἠ
2478 3315 2686 3378 όθνεῑος
2708 3330 2722 3344 ·
2749 3314 2852 3382 τὴν
2907 3314 3127 3369 όθνείαν
3169 3317 3278 3387 γὰρ
3307 3317 3488 3368 εἰπεῖν
3521 3317 3583 3369 οὐ
3613 3317 3701 3369 σύ-

2132 3409 2295 3479 νηθες
2345 3409 2402 3460 ὲν
2435 3407 2711 3477 ίαμῦείοις
2773 3409 3010 3470 κοινοῖς·
3056 3401 3146 3460 οἷα
3192 3409 3480 3462 σπονδείου
3523 3409 3703 3463 κανόνι

2132 3501 2513 3571 γραμματικῷ
2539 3500 2971 3562 ἀπεκὸαίνοντος
3003 3501 3097 3554 τοῦ
3114 3501 3376 3572 δευτέρου
3407 3503 3592 3567 ποδὸς,
3618 3502 3704 3556 διὰ

2131 3593 2233 3660 τὴν
2259 3590 2536 3660 λήγουσαν
2577 3589 2673 3643 τοῦ
2699 3591 2733 3659 ἡ
2761 3589 2970 3644 όθνεία.
3018 3591 3105 3655 Ὠς
3154 3593 3261 3663 γὰρ
3292 3597 3358 3646 ὲκ
3404 3593 3501 3646 τοῦ
3559 3594 3701 3646 θείου

2132 3687 2232 3751 τὴν
2270 3683 2422 3736 θείαν
2449 3682 2768 3751 ὲκτείνομεν
2800 3679 3128 3752 κοινόνερον.
3157 3683 3331 3748 οὕτως
3361 3688 3462 3739 καὶ
3503 3687 3570 3739 ἐκ
3605 3683 3696 3739 τοῦ

2132 3774 2339 3828 όθνείου
2374 3773 2471 3843 τὴν
2497 3771 2729 3826 όθνείοιν.
2763 3773 2823 3825 Et
2865 3773 2921 3826 δὲ
2959 3775 3089 3837 ῐσως
3114 3777 3142 3826 ό
3172 3774 3412 3845 μελῳδὸς
3473 3777 3706 3845 ἐνθυμη-

2135 3867 2256 3930 θεὶς
2271 3866 2333 3918 τδ
2363 3868 2428 3937 τῇ
2458 3866 2645 3937 μακρᾷ
2669 3867 2897 3938 πέμπτῃ
2919 3871 3129 3938 μακρὸν
3153 3867 3322 3937 ὕμνον
3341 3867 3536 3940 egeam,
3574 3870 3706 3938 πρὸς

2134 3959 2313 4013 ἐκεῖνο
2343 3959 2402 4013 τὸ
2433 3959 2686 4030 ἰαμὸεῖον
2720 3959 2937 4012 ἐπόδιτε
2973 3961 3143 4014 καὶτὸ
3175 3962 3374 4031 παρὸν,
3421 3963 3524 4015 οὑκ
3557 3965 3706 4015 ἀντι.

2136 4051 2408 4120 πίπτομεν
2461 4052 2540 4116 είς
2590 4051 2744 4105 οὐδὲν
2774 4053 2916 4118 δέον,
2974 4054 3476 4123 ὑπομιμνήσκομεν
3528 4054 3586 4108 δὲ
3632 4055 3705 4115 ὡς

452 4159 688 4211 sontem,
727 4161 834 4204 non
871 4146 1146 4201 inutiliter
1198 4147 1285 4201 bic
1316 4149 1777 4217 contradicimus,
1825 4152 1920 4206 sed
1971 4152 2017 4206 iu

2133 4147 2320 4216 ὅμοιον
2347 4143 2654 4214 πεποίηκεν
2684 4143 2710 4195 ὁ
2739 4144 2884 4214 ίερδς
2933 4144 3192 4213 Ἰωάννης
3220 4144 3402 4210 οὖτος,
3430 4145 3530 4218 κηαὶ
3551 4147 3612 4199 ὲν
3633 4145 3706 4214 τῷ

454 4239 774 4293 memoriam
810 4253 1136 4293 revocamus
1164 4240 1311 4308 quod
1353 4241 1613 4296 similiter
1641 4242 1774 4298 fecit
1801 4255 2017 4300 sanctus

2137 4234 2554 4307 tmoppalewv
2604 4238 2671 4306 τῇ
2723 4237 2870 4300 ζέσει
2899 4235 2992 4290 τοῦ
3046 4237 3390 4305 Πνεῦματος.
3439 4239 3550 4293 Τοῦ
3602 4242 3708 4308 γὰρ

456 4334 542 4416 [με
567 4329 808 4386 Ioannes
844 4339 898 4386 et
938 4331 990 4385 in
1053 4332 1157 4388 hoc
1209 4347 1227 4388 :
1287 4335 1712 4405 ὲπισφραγίζων
1770 4339 1836 4407 τῇ
1881 4337 2028 4401 ζέσει
2139 4328 2465 4398 σφρπγτξειν
2515 4327 2872 4398 ὲκ’τέθετιιταιιθ]
2907 4328 3177 4398 ἄρχουσα.
3207 4332 3354 4385 καθά
3403 4336 3501 4385 καὶ
3550 4333 3710 4404 ήτῆς

452 4424 546 4477 τοῦ
589 4422 931 4494 Πνεύματος.
967 4423 1100 4479 Nam
1131 4424 1281 4480 verbi
1330 4427 1652 4497 σφραγίζειν
1676 4429 1920 4485 initialis
1949 4441 2017 4486 est

2140 4421 2459 4489 σφραγῖδος,
2493 4419 2569 4482 ὡς
2599 4421 2702 4473 οὐκ
2747 4420 2898 4473 ἐστιν
2935 4421 3271 4491 ἀμφιϐαλεῖν
3312 4422 3487 4493 ἄνδρα
3534 4443 3710 4496 γραμ-

453 4525 700 4578 extensa,
736 4515 882 4570 sicut
919 4516 1068 4570 vocis
1119 4517 1440 4586 σφραγῖδος,
1475 4527 1532 4572 ιιι
1581 4534 1688 4573 non
1726 4530 1811 4575 est
1848 4521 2017 4575 ambi-

2139 4514 2386 4583 ματικόν.
2421 4515 2539 4568 Ὀτι
2557 4515 2616 4568 δὲ
2647 4516 2983 4586 ἠρωῖςοντες
3017 4517 3187 4571 πολλὰ
3218 4519 3313 4572 καὶ
3353 4521 3584 4576 τοιαῦτα
3613 4523 3708 4589 θη-

460 4611 696 4680 gendum
754 4608 962 4662 bomlni
997 4611 1382 4679 grammatico.
1416 4609 1573 4678 Quod
1606 4621 1788 4667 autem
1825 4614 2011 4667 heroic

2137 4607 2280 4660 λυκά
2307 4607 2554 4678 ὀνόματα
2585 4609 2667 4672 είς
2694 4609 2841 4678 ἄλφα
2888 4610 3128 4681 λήγοντα
3169 4615 3233 4666 εκ
3281 4615 3710 4685 μακροκαταλή-

455 4701 625 4756 multa
657 4699 1038 4771 quoque_talia
1077 4700 1300 4755 nomina
1340 4700 1608 4757 feminina
1659 4702 1712 4756 in
1749 4701 1910 4771 alpha
1939 4701 2017 4757 de'

2140 4717 2284 4754 κτων
2333 4701 2575 4769 γενικῶν
2634 4701 3043 4770 συστέλλουσιν,
3088 4705 3188 4757 οὐκ
3233 4704 3389 4759 ἔστιν
3434 4709 3708 4762 ἀντειπεῖν

456 4789 696 4843 sinentia
735 4804 800 4843 ex
858 4777 1116 4859 génitivis
1149 4804 1246 4861 per
1280 4789 1498 4860 longam
1557 4793 1870 4846 terminatis
1900 4806 2017 4847 cont

2141 4792 2442 4863 σταθερῶς,
2481 4794 2534 4846 εί
2557 4808 2640 4854 τις
2676 4793 3039 4858 πεπείραται.
3073 4797 3146 4849 Τὸ
3169 4796 3223 4850 δὲ
3257 4800 3708 4871 εὐπρεπεστάτην

461 4881 710 4946 trahunt,
746 4894 853 4933 non
914 4891 999 4935 est
1045 4881 1535 4941 contradicendum
1603 4893 1946 4948 constanter,
1987 4897 2014 4938 ε

2137 4887 2260 4940 ἀντὶ
2286 4884 2382 4938 τοῦ
2423 4886 2597 4955 καλὴν
2629 4885 2825 4939 ἐλαϐεν
2869 4887 2897 4939 ό
2945 4888 3206 4958 μελῳδὸς,
3245 4891 3306 4945 εὖ
3349 4895 3446 4946 καὶ
3477 4894 3706 4948 ἐνταῦθα

455 4974 578 5040 quis
602 4981 863 5042 expertus
897 4974 990 5028 sit.
1023 4971 1231 5030 Vocem
1271 4989 1404 5030 vero
1438 4976 1898 5046 εὐπρεπεστάτην
1936 4991 2017 5045 pri

2141 4977 2318 5030 λαλῶν
2339 4995 2351 5012 ·
2391 4980 2440 5030 εί
2474 4979 2584 5049 γὰρ
2614 4983 2760 5032 κατά
2785 4996 2876 5032 τον
2913 4983 3148 5035 εἰπόντα
3186 4982 3328 5054 καλὴ
3357 4985 3642 5048 ἀλλοίωσις
3668 4988 3701 5055 η

462 5061 633 5132 γαλῆν
666 5066 953 5133 usurpavit
982 5065 1251 5132 melodus,
1285 5070 1420 5122 bene
1440 5082 1657 5138 quoque
1679 5068 1753 5122 ibi
1782 5069 1996 5124 locutus

2139 5067 2244 5137 τῆς
2283 5069 2464 5136 δεξιᾶς
2485 5069 2881 5139 τοῦΎψίστου,
2913 5073 3007 5126 καὶ
3037 5074 3461 5147 εὐπρεπεστάτη
3489 5078 3550 5132 ἂν
3585 5078 3667 5145 είη
3689 5090 3705 5106 ⁶

461 5155 506 5205 si
543 5155 690 5207 enim
743 5155 903 5224 juxta
975 5158 1269 5226 quemdam
1323 5157 1619 5223 dicentem,
1673 5159 1904 5228 pulchra
1955 5175 2014 5214 es

2141 5159 2300 5223 τοῦτο
2327 5159 2385 5212 δὲ
2409 5159 2813 5230 διασαφητικόν
2843 5164 2959 5217 ἐστι
2985 5165 3079 5218 τοῦ
3099 5167 3200 5229 τὴν
3228 5165 3454 5223 ὀθνείαν
3489 5173 3561 5238 μὴ
3610 5168 3704 5220 ἀλ-

463 5245 693 5297 mntatio
723 5246 965 5302 dexterae
1017 5248 1259 5313 Excelsi,
1298 5253 1464 5306 etiam
1513 5251 2038 5306 convenientissima

461 5345 628 5393 es:cl.
660 5335 772 5391 lloc
801 5348 980 5394 autem
1022 5341 1370 5400 demonstrat
1419 5343 1518 5414 τὴν
1567 5343 2040 5406 ὀθνείανίιιιειιίο

461 5431 695 5498 gendum
732 5446 855 5486 esse
884 5448 992 5487 non
1050 5435 1303 5501 alienam,
1363 5435 1460 5491 sed
1493 5436 1983 5491 extraordinariam
2021 5453 2036 5490 :

463 5525 585 5577 Iul-.5
615 5525 759 5578 enim
819 5535 904 5579 est
936 5525 1052 5581 haec
1085 5528 1339 5594 mutatio,
1384 5529 1595 5583 diceret
1640 5529 1865 5598 aliquis,
1917 5545 2038 5582 am-

464 5618 784 5682 pliludiltcm
851 5618 940 5674 bic
998 5621 1168 5674 etiam
1229 5621 1553 5676 ostendente
1621 5621 2036 5692 praepositione.

465 5703 823 5761 Connnunius
882 5717 1065 5764 tamen
1108 5709 1296 5778 sicque
1353 5709 1535 5765 netius
1563 5721 1645 5765 est
1699 5713 1733 5782 ἡ
1765 5712 2040 5781 εὐπρεπε-

466 5795 655 5866 nam.
705 5800 823 5853 Non
882 5801 1131 5872 ignotum
1174 5809 1259 5856 est
1314 5809 1496 5857 autem
1539 5805 1685 5877 quod
1735 5803 2042 5874 pulchritu-

752 6037 785 6072 \

2141 5251 2362 5321 λοτρίαν
2395 5255 2596 5322 χρῆναι
2627 5252 2672 5306 δ’
2698 5254 3074 5319 ὑπονοεῖσθαι,
3121 5256 3261 5310 ἀλλά
3291 5258 3612 5324 ξενίζουσαν
3633 5275 3644 5287 ·
3673 5258 3705 5326 ἡ

2141 5343 2366 5412 τοιαύτη
2391 5345 2500 5415 γὰρ
2531 5345 2822 5409 ἀλλοίωσις
2852 5347 3004 5415 λέγοι
3040 5365 3122 5410 τις
3160 5349 3250 5415 ἂν,
3299 5351 3552 5404 ἐπίτασιν
3585 5352 3711 5404 κάν-

2143 5434 2311 5488 ταῦθα
2344 5435 2613 5506 δηλούσης
2637 5440 2736 5508 τῆς
2773 5438 3086 5507 προθέσεως
3112 5456 3128 5472 ο
3161 5441 3474 5512 κοινότερον
3513 5443 3611 5514 μέν
3635 5457 3713 5492 τοι

2142 5525 2237 5576 καὶ
2285 5524 2430 5578 οὕτω
2481 5525 2911 5597 γνωριμώτερόν
2963 5531 3111 5582 ἐστιν
3160 5531 3195 5600 ἡ
3246 5531 3665 5600 εὐπρεπεστάτη
3697 5544 3712 5558 ·

2142 5619 2242 5671 οὐκ
2275 5618 2468 5688 ἄδηλον
2516 5620 2581 5672 δὲ
2619 5621 2702 5674 ὅτι
2744 5621 3012 5695 καλλονήν
3043 5642 3166 5678 τινα
3218 5629 3483 5697 σημαίνει
3523 5628 3619 5680 καὶ
3654 5625 3714 5679 τὸ

2143 5711 2373 5781 πρέπον,
2405 5714 2500 5766 καί
2533 5715 2560 5766 ὁ
2594 5715 2906 5786 εὐπρεπὴς,
2937 5720 3032 5770 καὶ
3089 5719 3116 5771 ό
3149 5721 3460 5792 ἐκπρεπὴς,
3514 5720 3611 5772 καὶ
3655 5716 3717 5769 τὸ

2144 5803 2499 5874 ἐπιπρέπειν,
2535 5805 2630 5862 καὶ
2664 5808 2696 5877 ὴ
2731 5807 3040 5878 εὐπρέπεια
3062 5826 3078 5844 ο
3122 5810 3338 5878 γίνεται
3377 5811 3434 5864 δὲ
3477 5808 3586 5865 ἀπὸ
3620 5803 3716 5861 τοῦ
