3966 6248
332 363 449 426 757

1324 370 1713 433 LAUDATIO
1753 371 2145 434 FUNEBRIS
2186 373 2625 440 EUSTATHH.

3474 376 3577 438 758

348 474 517 528 Ἀλλά
539 474 593 526 τί
622 448 821 542 πάθω;
855 475 1115 531 Ἐπόθουν
1163 477 1292 531 ίδεῖν
1322 478 1413 531 τὸν
1460 480 1561 550 ἐμὲ
1613 479 1906 545 ποθοῦντα,

2014 480 2161 536 tior?
2184 481 2566 538 Desiderabam
2588 485 2772 541 videre
2795 499 2883 541 me
2906 484 3155 541 desidera
3166 491 3331 546 ntem,
3357 490 3410 538 et
3439 497 3577 552 quo-

334 566 433 618 καὶ
461 568 583 629 ταῖς
605 565 999 638 καθημεριναῖς
1027 569 1237 624 ὲλπίσιν
1267 571 1724 641 ὶϐουκολούμεθα,
1748 572 1776 626 6
1809 571 1909 642 μὲν

332 657 430 709 τὸν
467 657 698 727 ἀδελφὺν
736 660 1102 725 ὑποδέξασθαι
1152 664 1245 717 καὶ
1300 664 1739 734 φιλενδεικτῆσαι
1779 664 1909 734 περὶ

330 748 427 800 τὸν
452 748 644 816 ξένιον,
663 749 775 818 ἐγὼ
801 750 859 804 δὲ
912 752 990 822 τῷ
1032 755 1344 826 φιλουμένῳ
1398 758 1757 828 περιχυθῆναι
1816 758 1909 810 καὶ

331 838 747 904 ἀφοσιώσασθαι
768 842 819 894 0t
852 842 944 895 τὸν
973 843 1167 911 φίλιον.
1215 846 1354 899 Ἀλλ’
1381 847 1567 915 οῐμοιί
1621 846 1814 911 φθάνει
1848 846 1908 899 τὸ

332 929 428 980 τοῦ
463 930 695 985 θανάτου
723 934 1027 1002 ταχυπετὲς
1069 934 1163 987 καὶ
1206 936 1522 1008 ὀξύδρομον.
1570 938 1678 991 Kal
1731 939 1907 992 κεῖται

336 1020 439 1088 μὲν
466 1022 494 1073 6
529 1023 908 1093 πεποθημὲνος
946 1024 1204 1093 ἄφαντος,
1228 1027 1453 1091 ἄναυδος
1486 1043 1500 1059 ⁸
1555 1028 1667 1097 ἐγὼ
1708 1027 1767 1082 δὲ
1811 1029 1908 1082 τά-

333 1126 437 1176 φον
472 1112 837 1181 περιίσταμαι
866 1112 1079 1181 τοῦτον,
1112 1115 1171 1169 ὃν
1203 1118 1302 1171 ούκ
1329 1114 1427 1171 οἷδ’
1448 1119 1595 1182 ὅπως
1623 1119 1717 1173 καὶ
1743 1136 1908 1188 προσο

332 1200 465 1254 ιδεῖν
527 1202 894 1275 ἑκαρτέρησα.
939 1206 1075 1261 Οὐδὲ
1139 1207 1248 1275 γὰρ
1294 1208 1386 1261 ἐπὶ
1420 1210 1595 1279 τάφον
1636 1210 1906 1281 ἠρχέμην,

329 1292 443 1344 οὐδ’
468 1295 560 1346 ἐπὶ
594 1297 820 1359 πένθους
852 1300 1130 1363 ὑπόθεσιν,
1166 1301 1282 1354 ἀλλ’
1305 1302 1399 1355 ἐπὶ
1449 1302 1691 1372 λειμῶνα
1739 1302 1907 1373 Χαρίο

329 1402 464 1446 των,
497 1388 592 1440 ἐπὶ
616 1391 855 1458 τερπνὴν
877 1393 1224 1462 ἀγαλλίασιν.
1280 1395 1393 1447 Καὶ
1424 1393 1553 1460 γοῦν
1583 1411 1673 1463 μοι
1700 1395 1772 1448 τὰ
1809 1395 1907 1465 μὲν

329 1476 434 1542 τῆς
467 1472 647 1546 ζώσης
674 1481 1006 1549 προσλαλιᾶς
1037 1486 1066 1536 6
1114 1485 1321 1554 χάρτης
1368 1484 1524 1546 οὗτος
1575 1486 1905 1557 ἀναπληροῖ,

331 1566 392 1625 ὃς
423 1567 520 1622 καὶ
544 1570 651 1622 ἀπὸ
680 1572 780 1641 τῆς
809 1575 902 1627 τοῦ
934 1576 1141 1640 πάθους
1187 1577 1416 1644 αίθάλης
1470 1575 1671 1647 μᾶλλον
1721 1580 1754 1650 ἢ
1811 1581 1907 1633 τοῦ

335 1661 606 1729 συνήθους
647 1663 932 1734 βάμματος
977 1669 1379 1738 μεμελάνωται.
1438 1671 1549 1724 Kal
1599 1672 1904 1740 φθέγγομαι

338 1751 462 1816 μὲν,
496 1751 613 1803 ἀλλ’
654 1755 751 1824 οὐχ
783 1751 869 1809 οἷα
898 1758 993 1810 καὶ
1031 1758 1121 1811 τὸν
1172 1760 1400 1827 ἀδελφὲν
1457 1761 1764 1815 ὑπακοῦσαι
1811 1764 1906 1817 καὶ

337 1840 650 1897 ἀντιδοῦναι
703 1821 924 1916 φθέγμα
954 1821 1324 1920 προσήγορον,
1352 1851 1471 1904 ἀλλ’
1497 1846 1587 1907 οἷα
1616 1852 1788 1922 τάφον
1817 1854 1910 1923 μό-
1937 1821 1983 1878 B

337 1947 431 1983 νον
490 1934 870 2003 περιλαλῆσαι,
928 1941 1024 1993 καὶ
1060 1942 1172 2004 τοῖς
1224 1943 1574 2013 παρεστῶσιν
1630 1946 1909 2014 ἀνεγεῖραι

335 2023 638 2094 κλαυθμόν.
700 2029 760 2080 Et
817 2029 870 2083 δὲ
900 2031 993 2083 καὶ
1047 2030 1148 2102 τὴν
1195 2032 1491 2105 ἀδελφικὴν
1522 2036 1705 2090 ἑστίαν
1754 2037 1911 2103 ἔδοξά

340 2129 461 2198 πως
486 2115 829 2183 καταλαϐεῖν,
863 2119 980 2172 ἀλλ’
1009 2117 1134 2174 οὔτε
1169 2139 1258 2192 μοι
1285 2126 1747 2193 προσυπαντῶντα
1789 2126 1908 2198 βλέο

334 2181 427 2271 ᾦω
456 2205 547 2258 τίιν
568 2181 967 2275 ἀδελφὸν,ῖοῦτε
1014 2212 1120 2281 μὴν
1153 2181 1247 2267 τὸν
1297 2181 1543 2286 θυρωρὸν
1592 2181 1911 2286 ὑπανοίγον-

336 2312 406 2347 τα
439 2312 453 2325 ’
476 2294 681 2366 ἕστηκα
714 2299 773 2352 δὲ
807 2301 1017 2369 μακρὸν
1051 2301 1363 2373 κεκραγὼς,
1414 2308 1511 2359 καὶ
1551 2306 1766 2376 κρούων
1809 2308 1910 2377 τὴν

340 2385 538 2453 θύραν,
564 2390 655 2441 καὶ
678 2391 777 2460 οὐχ
807 2390 1097 2446 ὑπακούων
1124 2394 1322 2459 οὐδείς.

415 2478 484 2547 β’.
515 2478 680 2546 mw,
711 2474 756 2534 ὧ
783 2482 1088 2552 ἀρχιερέων
1117 2486 1359 2539 θειότατε
1387 2488 1479 2541 καὶ
1514 2489 1812 2557 σοφώτατε,
1835 2495 1909 2561 μή

335 2569 390 2621 τί
421 2585 515 2621 σου
544 2572 638 2624 καὶ
676 2572 770 2627 νῦν
817 2573 1025 2644 βιϐλίον
1077 2579 1135 2630 ὲν
1181 2581 1247 2649 τῇ
1297 2581 1461 2650 χειρὶ,
1515 2584 1609 2634 καὶ
1646 2584 1738 2636 τὸν
1787 2584 1913 2637 νοῦν

337 2660 521 2711 ἐκεῖσε
544 2662 748 2732 τρέψας
782 2666 919 2735 πρὸς
943 2666 1036 2721 τὸν
1069 2668 1305 2738 φθόγγον
1340 2672 1717 2741 άνηκουστεῖς,
1770 2678 1910 2747 μηδὲ

339 2752 434 2803 καὶ
466 2754 713 2822 γράφων,
748 2756 849 2810 ὅσα
879 2758 1015 2829 πρὸς
1042 2763 1415 2833 καταρτισμὸν
1446 2763 1541 2817 τοῦ
1572 2769 1848 2836 ποιμνίου,
1877 2769 1911 2839 ἢ

337 2841 492 2908 βίους
519 2849 824 2911 σκοτεινοὺς
849 2852 1180 2920 ὲρεϐοδιφῶν
1200 2856 1296 2907 καὶ
1319 2856 1703 2925 ἀναπτύσσων,
1737 2860 1912 2914 ὁπόσα

336 2933 571 3004 κρύφια,
599 2937 633 3007 ἢ
676 2938 959 3008 βασιλεῦσι
992 2943 1204 2999 πλέκων
1233 2946 1511 3017 ἐγκώμια,
1542 2949 1576 3020 ἢ
1609 2949 1784 3019 φίλοις
1816 2954 1913 3020 ἑγ-

334 3029 625 3093 χαράττων
649 3032 936 3113 ἐπιστολὰς
965 3033 1163 3103 (ταῦτα
1210 3037 1279 3105 δή
1330 3053 1414 3092 σοι
1475 3039 1547 3093 τὰ
1603 3043 1912 3112 προσευχῆς

2012 571 2211 626 tidiana
2245 587 2342 642 spe
2369 573 2762 631 deludcbamur
2789 593 2805 630 :
2842 577 2930 633 ille
2963 560 3181 648 quidem
3234 575 3488 644 sperabat
3521 590 3581 628 se

2010 662 2229 718 fratrem
2289 675 2670 734 suscepturum
2738 669 2899 739 eique
2971 668 3312 738 splendidum
3383 666 3581 721 oﬂ'erre

2008 754 2332 822 hospitium;
2362 773 2463 828 ego
2494 767 2670 813 autem
2706 774 2794 814 me
2817 760 3056 815 sodalem
3087 768 3328 831 amatum
3360 760 3579 810 suavia-

2008 853 2215 911 turum,
2240 857 2297 902 et
2322 862 2447 918 erga
2499 850 2648 903 illum
2679 850 2931 905 amicitire
2990 851 3307 906 functurum
3359 848 3575 903 oﬂiciis.

2007 937 2110 993 Sed
2144 940 2278 994 heu!
2309 940 2514 996 interiit
2537 951 2709 995 morte
2727 942 3005 1008 repentina
3029 942 3312 1010 velociqtm
3336 949 3577 1009 ereptus.

2007 1025 2163 1082 Nunc
2205 1030 2422 1099 quidem
2471 1031 2616 1100 jacet
2649 1027 3007 1096 desideratus,
3060 1030 3177 1085 sine
3219 1028 3414 1089 forma,
3453 1028 3577 1080 sine

2006 1133 2179 1185 voce;
2217 1103 2315 1190 ego
2355 1136 2485 1176 vero
2527 1121 2617 1176 isti
2663 1120 2874 1175 tumulo
2927 1120 3087 1174 adsto
3135 1134 3236 1173 nec
3280 1119 3415 1172 satis
3468 1118 3583 1169 seio

2008 1224 2117 1278 quo
2170 1221 2330 1280 pacto
2382 1227 2505 1267 eum
2554 1212 2802 1281 aspicere
2852 1210 3110 1266 sustinui.
3175 1209 3253 1263 Ad
3314 1206 3578 1262 tumulum

2007 1301 2151 1356 enim
2192 1317 2533 1372 nequaquam
2575 1305 2718 1369 veni,
2752 1316 2853 1358 nec
2881 1303 2947 1355 ad
2978 1303 3230 1357 maeroris
3269 1300 3578 1358 materiam,

2008 1392 2100 1446 sed
2129 1394 2195 1446 ad
2229 1393 2442 1447 hortum
2473 1392 2807 1456 Gratiarum,
2848 1391 2915 1445 ad
2950 1390 3171 1445 hilarem
3205 1389 3571 1444 festivitatem.

2007 1483 2140 1538 Mihi
2170 1498 2298 1553 ergo
2328 1484 2444 1539 haec
2501 1484 2687 1537 charta
2739 1485 2916 1538 vivam
2952 1483 3197 1552 suppleat
3246 1496 3368 1550 quae
3416 1481 3585 1550 magis

2006 1574 2212 1630 doloris
2246 1573 2469 1643 fuligine
2501 1591 2661 1644 quam
2687 1576 2847 1629 solito
2873 1575 3082 1630 fuscata
3115 1574 3213 1629 fuit
3248 1581 3574 1628 atramento.

2008 1663 2225 1734 Loquar
2249 1666 2489 1734 quidem,
2523 1666 2614 1719 sed
2666 1681 2773 1719 non
2809 1665 3045 1734 qualiter
3073 1664 3228 1732 juvat
3256 1676 3376 1716 cum
3410 1660 3580 1715 fratre

2009 1756 2342 1820 conversari,
2397 1769 2457 1809 ut
2510 1756 2579 1810 ab
2628 1771 2697 1810 eo
2743 1769 3067 1824 responsum
3112 1752 3429 1820 accipiatur.
3469 1747 3584 1802 Vo:

2011 1855 2191 1901 autem
2210 1862 2327 1901 mea
2351 1847 2523 1901 solum
2548 1846 2863 1915 personahit
2887 1843 3245 1914 sepulchrum
3269 1850 3322 1895 et
3343 1841 3584 1895 circum-

2010 1938 2281 1993 stantibus
2312 1938 2568 1993 excitabit
2621 1937 2875 2008 gemitus,
2933 1935 2989 1990 Si
3041 1948 3264 1989 rursum
3312 1932 3585 1986 fraternas

2010 2028 2154 2083 aedes
2183 2030 2334 2084 adire
2365 2029 2650 2098 placuerit,
2682 2027 2811 2082 mihi
2843 2035 3221 2083 occurrentem
3255 2039 3360 2078 non
3392 2023 3583 2077 videbo

2010 2116 2230 2173 fratrem
2261 2134 2360 2173 nec
2411 2120 2542 2173 mihi
2595 2118 2742 2173 fores
2785 2119 3153 2188 pandentem;
3184 2116 3279 2172 sed
3314 2114 3438 2169 steti
3489 2112 3582 2166 diu

2011 2209 2253 2264 clamans
2283 2219 2338 2265 ct
2367 2220 2574 2279 portam
2613 2210 2858 2280 pulsans,
2887 2223 2988 2264 nec
3020 2206 3227 2263 audivit
3255 2204 3426 2261 ullus.

2079 2480 2136 2535 2.
2172 2478 2300 2544 Sed,
2335 2493 2369 2535 ο
2403 2478 2719 2549 poutiﬂcum
2776 2476 3121 2533 divinissime
3178 2483 3231 2528 et
3286 2471 3586 2543 sapientis-

2011 2573 2168 2640 sime,
2232 2572 2498 2643 uumquid
2550 2571 2678 2642 quia
2740 2585 2902 2625 manu
2958 2577 3150 2625 tenens
3198 2566 3401 2622 librum
3463 2564 3587 2619 inde

2013 2674 2246 2718 mentem
2277 2663 2573 2726 nutriebas,
2599 2665 2666 2715 ad
2700 2676 2894 2717 sonum
2923 2675 3030 2715 nou
3058 2657 3336 2713 attendisti
3365 2674 3380 2723 ;
3423 2671 3584 2710 nurn-

2012 2756 2139 2825 quid
2169 2756 2296 2824 quia
2328 2754 2608 2811 scribebas
2650 2768 2715 2807 ea
2770 2766 2893 2822 quae
2922 2754 2976 2804 in
3010 2764 3171 2821 grege
3204 2763 3391 2817 pacem
3428 2748 3587 2801 resti-

2012 2852 2190 2909 tuant,
2225 2847 2308 2899 vel
2347 2845 2476 2915 quia
2507 2844 2647 2899 vitas
2664 2844 2934 2900 obscuras
2964 2850 3240 2898 scrutatus
3270 2830 3585 2909 explicabas

2013 2936 2162 2991 velut
2189 2936 2581 3002 secretissima,
2621 2937 2707 2991 vel
2749 2936 3175 3006 imperatoribus
3231 2936 3457 2989 texebas
3483 2948 3586 2987 en-

2014 3030 2188 3085 comia
2214 3040 2311 3085 aut
2349 3029 2543 3086 amicis
2571 3029 2839 3086 exarabas
2862 3028 3122 3099 epistolas
3158 3027 3268 3099 (his
3292 3025 3440 3080 enim
3478 3034 3583 3080 ture

333 3123 431 3218 καὶ
463 3120 736 3218 μερίμνης
769 3123 905 3194 ἀεὶ),
942 3127 1269 3193 ἀπέκλεισάς
1302 3146 1398 3184 σου
1449 3133 1548 3200 τὴν
1587 3132 1784 3203 θύραν,
1830 3134 1906 3198 ὡς

2016 3137 2183 3187 curae,
2215 3130 2303 3176 tua
2333 3121 2640 3176 sollicitudo
2672 3121 2972 3189 continua)
3004 3130 3153 3174 tuam
3199 3118 3466 3174 obserasti
3494 3117 3583 3186 ja-

335 3211 416 3278 μή
445 3227 529 3263 σοι
560 3212 907 3283 ἐπιταραχθῇ
935 3215 995 3268 τὸ
1046 3217 1342 3288 ὲμπόνημα
1378 3237 1395 3287 ;
1439 3221 1583 3275 Ἀλλ’
1631 3224 1726 3276 ἐπὶ
1780 3225 1905 3277 τού-

2013 3224 2174 3266 uuam
2213 3224 2281 3264 ne
2311 3211 2389 3265 tui
2431 3210 2721 3265 turbentur
2772 3209 3034 3265 labores?
3067 3209 3133 3264 Et
3190 3206 3317 3262 inde
3366 3221 3466 3260 nec
3495 3220 3582 3260 me

337 3302 457 3365 τὸις
481 3304 690 3366 ἀδικεῖς
729 3305 829 3373 μὲν
851 3307 972 3376 ἐμὲ,
1008 3308 1186 3380 μάτην
1216 3312 1312 3365 ἐπὶ
1344 3311 1404 3366 σὲ
1435 3312 1511 3383 τῷ
1557 3313 1742 3385 δρόμῳ
1770 3332 1908 3386 χρη-

337 3393 601 3462 σάμενον,
629 3388 690 3447 οὗ
721 3398 818 3451 καὶ
839 3398 938 3469 τὴν
961 3397 1090 3452 θέαν
1138 3402 1513 3473 ὲκαραδόκεις,
1543 3400 1589 3476 ᾧ
1636 3409 1731 3462 καλ⁵
1776 3408 1908 3479 τρά-

338 3488 519 3552 πεζαν
554 3489 648 3542 καὶ
677 3489 867 3553 κλίνην
895 3492 1248 3562 ηὑτρέπιζες,
1281 3499 1375 3551 καὶ
1404 3500 1528 3571 οὐχὶ
1561 3501 1689 3564 τοὺς
1718 3500 1910 3555 ὑποδε-

346 3576 609 3644 ξομένους
639 3579 1061 3648 άνεπετάννυες,
1092 3582 1225 3637 ἀλλὰ
1253 3587 1349 3638 καὶ
1398 3588 1576 3658 ψυχῆς
1615 3589 1786 3661 αὐτῆς
1810 3591 1912 3645 ύπο

340 3672 562 3739 ἡνοιγες
594 3672 656 3724 τὸ
696 3671 933 3740 θυρίδων
967 3691 981 3706 ο
1008 3675 1221 3739 ἀδικεῖς
1251 3678 1308 3731 δὲ
1338 3682 1434 3736 καὶ
1455 3683 1553 3751 τὴν
1578 3682 1676 3753 σὴν
1704 3682 1912 3755 ταύτην

338 3765 517 3826 πόλιν,
544 3765 620 3834 μὴ
652 3765 865 3834 θρήνων
887 3768 1094 3821 ἐπαΐων
1115 3769 1224 3823 τῶν
1258 3773 1605 3842 πανοδύρτων
1659 3773 1751 3836 οὓς
1787 3776 1912 3829 ἔπι-

337 3854 513 3907 λείϐει
548 3872 643 3908 σου
669 3858 736 3925 τῇ
769 3855 912 3926 σορῷ
942 3857 1233 3928 παννύχιός
1261 3878 1323 3913 τε
1383 3863 1480 3915 καὶ
1530 3867 1870 3935 πανημέριος
1895 3883 1909 3898 ·

338 3944 415 4007 ὡς
442 3945 620 4012 ἔγωγε
651 3945 859 4014 ταύτην
896 3947 986 4000 καὶ
1018 3947 1175 4013 ἐλεῶ,
1208 3950 1464 4004 τοσοῦτον
1512 3952 1722 4024 κόσμον
1773 3956 1913 4009 ἁπο-

338 4036 603 4103 θεμένην,
636 4036 730 4087 καὶ
756 4035 979 4104 τηλίκον
1009 4036 1322 4092 ὑποστᾶσαν
1362 4040 1706 4113 δυστύχημα.
1734 4034 1915 4099 Ὀὕτω

339 4128 435 4181 καὶ
464 4127 595 4180 ναῦν
622 4128 879 4189 πολλάκις
903 4130 1110 4200 ἠλέησα
1133 4131 1225 4184 τὸν
1244 4133 1585 4205 κυϐερνήτην
1610 4137 1916 4192 ἀποϐαλοῦ-

340 4238 462 4282 σαν,
493 4218 638 4272 οὕτω
667 4221 760 4274 καὶ
791 4223 1049 4291 στρατιὰν
1073 4223 1166 4276 τὸν
1201 4226 1505 4295 στρατηγὸν
1530 4227 1874 4282 ἀπολέσασαν
1897 4247 1910 4261 ·

340 4312 434 4363 ἐπὶ
462 4313 519 4364 δὲ
548 4310 760 4381 σώματι
790 4312 939 4381 καλῷ
973 4314 1067 4366 καὶ
1116 4315 1328 4386 κοσμίῳ
1355 4315 1455 4386 τὴν
1493 4318 1735 4388 κεφαλὴν
1784 4320 1921 4374 ἀπο·

338 4422 369 4456 τ
377 4404 601 4472 μηθὲντι
627 4405 720 4457 καὶ
749 4405 1117 4475 ὲπεδάκρυσα.

2007 3301 2252 3372 dignaris
2286 3302 2567 3371 suscipere
2594 3302 2691 3372 qui
2714 3302 2783 3358 ad
2813 3310 2865 3357 te
2911 3301 3169 3357 velociter
3217 3296 3457 3361 cucurri,
3487 3310 3583 3351 cu-

2004 3391 2093 3462 jus
2118 3402 2396 3461 aspectqu
2447 3390 2702 3448 ardenter
2753 3391 3115 3461 optabas,.cui
3162 3403 3400 3443 inensam
3424 3395 3479 3442 et
3509 3385 3586 3440 le-

2011 3484 2216 3536 ctulum
2259 3499 2569 3552 paraveras,
2601 3483 2686 3537 cui
2725 3498 2830 3537 non
2866 3491 3077 3538 tantum
3111 3479 3411 3550 detegebas
3450 3479 3589 3531 reci-

2009 3575 2256 3645 piendos,
2284 3573 2376 3630 sed
2412 3575 2584 3643 ipsius
2609 3576 2770 3629 etiam
2792 3575 2986 3629 animae
3018 3580 3229 3643 portatu
3263 3568 3587 3639 aperiebas;
3676 3596 3703 3617 ιι

2009 3682 2112 3722 nec
2136 3667 2383 3737 accipere
2429 3666 2675 3736 dignaris
2704 3666 2876 3735 ipsam
2925 3675 3072 3719 tuam
3108 3664 3405 3724 civitatem,
3436 3658 3591 3714 ﬂcbi-
3646 3704 3651 3707 _

2011 3758 2151 3813 libus
2184 3758 2438 3827 ejttwou
2507 3756 2707 3812 auditis
2752 3757 3050 3826 gemitibus
3078 3768 3217 3825 quos
3273 3762 3386 3807 tota
3422 3760 3581 3804 nocte

2012 3858 2232 3917 totaque
2283 3849 2369 3904 die
2418 3849 2530 3904 edit
2589 3851 2642 3902 iu
2678 3857 2771 3903 tuo
2830 3846 3101 3915 sepulcro.
3160 3845 3434 3910 Quantum
3490 3857 3589 3912 ego

2012 3941 2128 4009 ipse
2157 3955 2275 3994 eam
2310 3941 2469 3995 dolui.
2491 3955 2613 4010 quae
2656 3947 2806 3994 tanto
2851 3937 3078 4007 spoliata
3138 3945 3335 3990 ornatu
3380 3944 3585 3988 tantam

2016 4031 2235 4086 sustulit
2266 4046 2586 4086 tertnnnatn.
2616 4030 2772 4086 Sicut
2807 4030 2960 4083 navis
3000 4043 3142 4097 saepe
3179 4028 3434 4085 misertus
3459 4042 3580 4080 sum

2016 4121 2383 4191 gubernatore
2403 4121 2695 4190 destitutae,
2733 4122 2877 4178 sicut
2903 4120 3176 4208 exercitus
3199 4118 3356 4173 .duce
3389 4118 3589 4182 orbati,

2018 4213 2090 4267 ita
2125 4215 2177 4266 in
2213 4228 2446 4284 corpore
2473 4214 2701 4284 pulchro
2732 4225 2786 4268 et
2808 4212 3057 4283 specioso
3081 4222 3243 4281 caput
3268 4209 3584 4280 ademptum

2016 4305 2226 4362 deﬂevi.

411 4500 483 4563 γι.
526 4493 617 4563 Τῷ
646 4494 760 4547 ὄντι
785 4494 842 4548 δὲ
879 4495 996 4562 νῦν,
1030 4498 1190 4567 είπερ
1227 4498 1417 4554 ἄλλοτέ
1448 4518 1605 4563 ποτε,
1632 4501 1911 4575 γέγονενή

2084 4494 2141 4549 5.
2178 4492 2383 4564 Utique
2412 4496 2665 4566 prmsenti
2706 4504 2969 4563 tempore,
3003 4496 3051 4550 si
3092 4510 3351 4564 unquam.
3382 4495 3592 4563 captiva

341 4582 789 4637 Θεσσαλονικέων
820 4584 972 4647 πόλις
1014 4586 1382 4656 αἰχμάλωτος,
1420 4592 1516 4644 καὶ
1554 4591 1796 4661 πολέμου
1829 4592 1909 4644 δί-

339 4691 409 4742 χι
441 4676 538 4726 καὶ
576 4673 878 4743 Βαρϐάρων
901 4676 1203 4747 ἐπιδρομῆς
1227 4679 1502 4750 ὲσκυλήθη
1545 4683 1654 4736 τῶν
1716 4682 1913 4750 ἑαυτῆς

340 4764 665 4833 κειμηλίων.
694 4765 722 4817 ὃ
757 4783 920 4836 τιπερ
947 4769 1255 4836 κράτιστον.
1318 4771 1478 4823 Δοκεῖ
1534 4787 1626 4841 μοι
1678 4774 1773 4826 καὶ¹
1808 4777 1836 4827 6
1859 4777 1915 4827 tv

345 4857 590 4925 μάρτυσι
618 4857 985 4928 μυροϐλύτης,
1015 4858 1115 4930 τὴν
1160 4859 1255 4913 τοῦ
1309 4861 1531 4929 ῥείθρου
1574 4863 1916 4934 πλημμύραν

343 4946 745 5041 ἀνακόψαςιὲπὶ
779 4948 998 5019 μικρὸν,
1045 4950 1146 5018 τῆς
1190 4949 1399 5012 οἰκείας
1454 4950 1662 5015 πόλεως
1722 4953 1916 5021 ἐπιση-

346 5040 516 5107 μῆναι
552 5040 650 5109 τὴν
678 5040 1095 5111 συμφοράν.“⁹0
1124 5040 1182 5097 δὲ
1221 5043 1320 5112 τὴν
1363 5040 1518 5095 πόλιν
1574 5041 1919 5113 περικλύζων

344 5132 602 5202 δεύτερος
629 5133 895 5203 ποταμὸς,
917 5133 978 5187 οὖ
1010 5134 1070 5188 τὸ
1099 5133 1281 5204 ῥεῦμα
1310 5133 1419 5187 τῶν
1461 5135 1635 5201 λόγων
1678 5133 1773 5189 καὶ
1822 5135 1917 5187 τοῦ

345 5225 545 5278 Νείλου
579 5225 932 5293 καταράκτας
958 5227 1301 5298 ἀπέκρυψεν,
1332 5225 1613 5279 επαύσατο
1638 5226 1800 5296 ῥέων,
1824 5229 1919 5282 καὶ

342 5318 369 5368 ὁ
399 5317 570 5377 πολὺς
597 5318 805 5380 ἐκεῖνος
841 5318 1017 5384 ῥοῖζος
1050 5320 1326 5397 ἐσίγησεν.
1372 5319 1483 5374 Καὶ
1532 5319 1626 5374 νῦν
1683 5321 1733 5373 οἱ
1791 5320 1920 5391 χθὲς

344 5409 536 5476 χανδρν
564 5409 943 5480 ὲκροφοῦντες.
970 5412 1067 5465 καὶ
1109 5412 1187 5481 τῷ
1245 5412 1484 5484 μελιχρῷ
1525 5412 1619 5467 τοῦ
1676 5414 1919 5483 νάματος

349 5498 1024 5569 γλυκαζὸμενοι,αύαλέοι
1070 5505 1310 5574 σήμερον
1362 5506 1457 5557 καὶ
1497 5507 1782 5575 περικαεῖς
1842 5504 1920 5575 τῷ

346 5594 481 5661 πυρὶ
510 5594 609 5661 τῆς
637 5591 794 5664 δίψης
826 5593 1232 5664 καμινεύονται.
1256 5596 1552 5666 Διψήσουσι
1579 5597 1622 5650 δ’
1649 5592 1919 5667 οἶμαικαὶ

355 5682 482 5735 πολύ
523 5700 576 5734 τι
613 5684 773 5752 μέρος
798 5684 896 5754 τῆς
927 5687 1272 5756 οἰκουμένης,
1303 5688 1417 5740 ὅσοι
1451 5689 1561 5741 τῶν
1587 5688 1680 5741 τού
1733 5687 1912 5758 μάκα-

352 5789 447 5840 ρος
490 5774 749 5845 ναμάτων
779 5776 1073 5843 ἐγεύσαντο
1108 5791 1123 5809 ⁸
1154 5778 1203 5830 οί
1235 5778 1334 5848 μὲν
1365 5782 1429 5832 ἐκ
1463 5778 1558 5833 τοῦ
1607 5780 1790 5850 σχεδὸν
1818 5780 1916 5851 τῆς

2016 4586 2156 4641 facta
2204 4599 2291 4643 est
2346 4587 2911 4643 Thessalonicensium
2976 4587 3210 4653 civitas,
3289 4597 3345 4641 et
3401 4596 3593 4655 prater

2015 4679 2258 4741 bellum,
2335 4679 2616 4733 incursum
2703 4677 3065 4732 Barbarorum
3157 4691 3377 4732 suarum
3472 4693 3593 4745 prc-

2019 4770 2312 4825 tiosissima
2388 4783 2725 4839 gemmarum
2776 4767 2877 4822 fuit
2927 4777 3117 4823 exuta.
3169 4766 3390 4822 Videtur
3456 4770 3590 4825 mihi

2015 4861 2105 4916 ille
2142 4862 2283 4915 inter
2314 4870 2582 4930 martyres
2608 4858 2971 4928 Myrostillaus
3001 4858 3281 4927 paululum
3328 4873 3593 4928 suspenso

2016 4953 2164 5007 ﬂuxu
2199 4968 2420 5021 prorsus
2445 4951 2737 5017 odorifero,
2770 4951 2922 5005 urbis
2958 4951 3304 5021 signiﬁcasse
3334 4951 3590 5021 exitium.

2016 5044 2294 5099 Posterior
2343 5043 2532 5097 urbem
2568 5042 2798 5113 irrigans
2833 5042 3050 5106 ﬂuvius,
3078 5042 3238 5112 cujus
3266 5058 3587 5098 sermonum

2017 5133 2219 5189 ﬂuento
2250 5132 2352 5187 Nili
2396 5133 2564 5203 ipsius
2598 5133 2800 5188 cedunt
2822 5142 3142 5201 cataractae;
3184 5133 3353 5189 ﬂuere
3404 5134 3588 5200 desiit,

2016 5234 2071 5278 ct
2101 5240 2328 5294 magnus
2362 5223 2450 5277 ille
2480 5223 2660 5294 fragor
2688 5225 2863 5278 siluit.
2899 5222 2966 5278 Et
2999 5238 3143 5279 nunc
3171 5225 3263 5294 qui
3292 5224 3404 5279 heri
3429 5224 3589 5294 pleno

2018 5331 2145 5371 ore~
2173 5316 2422 5371 bibentes
2474 5330 2637 5370 amne
2688 5315 3421 5387 melliﬂuo'delectabantur,
3456 5315 3587 5369 sicci

2019 5409 2178 5463 hodie
2206 5416 2259 5464 et
2290 5409 2484 5463 torridi
2541 5410 2663 5463 sitis
2708 5409 2833 5480 igne
2862 5416 3118 5463 uruntur.
3147 5407 3363 5464 Sitient-
3399 5408 3584 5473 etiam,

2019 5517 2105 5557 me
2158 5499 2360 5569 judice,
2417 5501 2571 5557 multi
2621 5501 2826 5556 telluris
2876 5502 3065 5557 incolat
3120 5510 3387 5571 quotquot
3439 5498 3589 5553 Beati

2022 5594 2193 5650 nostri
2226 5592 2422 5648 ﬂuenta
2459 5602 2852 5665 guStaverunt;
2913 5602 3023 5648 tum
3063 5594 3154 5663 qui
3212 5594 3393 5662 lingua
3422 5606 3588 5646 aurea

2028 5686 2253 5758 propius
2303 5687 2643 5753 gaudebant,
2699 5696 2811 5739 tum
2879 5687 2970 5755 qui
3012 5684 3203 5754 procul
3248 5688 3384 5738 echo
3411 5685 3589 5754 perci-

2022 5779 2261 5851 piebant.
2281 5776 2397 5834 Non
2418 5781 2562 5834 enim
2587 5782 2790 5834 tonitru
2816 5776 3087 5845 indignior
3101 5789 3412 5832 sermonum
3443 5776 3590 5831 illius
