3980 6248
261 335 364 401 761

1043 347 1438 412 LAUDATIO
1479 353 1879 418 FUNEBRIS
1903 359 2330 421 EUSTATHII
2369 363 2729 427 THESSAL.

3405 374 3510 435 ’7Γὲ

259 460 520 553 λειμῶνος
549 459 710 553 χάριν
753 461 869 525 πῶς
905 461 973 553 ἂν
1001 465 1424 539 ἀφηγησαίμην,
1452 470 1558 525 ὑπὸ
1599 473 1702 526 τοῦ.
1725 474 1829 528 πά-

1950 480 2110 532 numl
2144 494 2177 533 o
2213 481 2516 538 intellectus
2575 484 2928 553 magnitudo!
2979 501 3012 542 ο
3046 485 3310 544 labiorum
3343 506 3508 547 amoe-

262 552 383 615 θους
411 552 854 638 ἀνακοπτόμενος
885 570 903 622 ;
932 551 1002 608 Ὦ
1039 557 1162 620 νοῦς
1197 559 1472 638 αἱΘρριοςί
1529 556 1574 620 ὦ
1633 560 1830 634 φρένες

262 644 566 711 στερέμνιοι
595 645 608 698 !
643 637 686 698 ὦ
719 647 1032 716 φρονήσεως
1063 649 1324 716 μέγεθοςί
1355 644 1402 703 ὦ
1427 652 1648 720 χειλέων
1698 654 1832 721 γλυ-

262 733 489 804 κύτητες
523 736 684 804 μέχρι
720 738 814 788 καὶ
852 738 1014 806 μόνου
1066 743 1495 810 προσρήματοςί
1548 739 1593 798 ὦ
1653 749 1833 814 χεῖρες

261 827 417 882 27.ὶαὶ
448 828 714 896 μὲνικατά
739 831 838 889 τὰς
871 833 1009 903 πρὸς
1033 833 1165 887 Θεὸν
1193 836 1468 899 ἐκτάσεις,
1502 832 1585 900 οἷς
1609 837 1688 907 τῷ
1714 839 1830 908 λαῷ

261 918 347 970 τὸν
373 921 575 989 Κύριον
607 920 987 992 ἐξηυμὲνιζον,
1041 924 1204 979 καλαὶ
1252 926 1309 978 δὲ
1340 927 1437 980 καὶ
1484 928 1578 980 τὸν
1611 930 1834 998 κρουνὸν

263 1011 352 1062 τοῦ
383 1011 586 1074 ἐλέους,
623 1013 680 1065 ὃν
707 1007 1029 1083 πενομένοις
1055 1016 1336 1087 ἐπήγαξον
1366 1021 1378 1072 !
1412 1013 1481 1074 Ὦ
1510 1019 1652 1074 καλὰ
1692 1021 1833 1074 πάνθ

261 1119 327 1154 τα
361 1104 454 1156 καὶ
489 1104 625 1172 πρὸς
651 1105 820 1160 ἑαυτὰ
848 1109 941 1160 καὶ
969 1109 1102 1178 πρὸς
1145 1108 1370 1178 ἀλληλα,
1432 1113 1528 1164 καὶ
1580 1109 1659 1174 ὡς
1697 1109 1835 1180 λύρα

261 1211 342 1256 τις
370 1193 404 1259 ἢ
437 1194 640 1263 κιθάρα
657 1195 835 1257 καλῶς
873 1198 1008 1266 πρὸς
1033 1199 1298 1268 ἁρμονίαν
1334 1201 1466 1268 μίαν
1501 1201 1836 1271 ξυναρμοζό-

268 1300 401 1351 μενα
432 1286 446 1340 !
478 1280 548 1340 Ὠ
575 1285 800 1352 γλυκεῖα
831 1289 1140 1357 προσλαλιὰ
1168 1291 1264 1343 καὶ
1294 1289 1515 1360 βλέμμα
1565 1291 1837 1361 προσηνὲς

266 1377 358 1428 καὶ
386 1377 682 1446 μειλίχιονῐ
710 1379 768 1431 Ei
793 1378 840 1432 δ’
866 1379 1016 1432 ἐστιν
1065 1379 1126 1432 οὗ
1158 1383 1252 1433 καὶ
1301 1383 1436 1450 πρὸς
1490 1383 1672 1446 ἐνίους
1706 1385 1836 1440 bats.-

266 1467 618 1536 δριμύσσετο,
649 1470 786 1538 ἀλλὰ
820 1471 1054 1526 ἐνταῦθα
1106 1472 1167 1526 τδ
1223 1474 1452 1544 ἀρχικὸν
1499 1475 1838 1546 ὑπεραπολο-

267 1564 445 1627 γεῒται
507 1561 659 1615 τοῦδε
691 1563 783 1616 τοῦ
819 1562 1145 1633 θαυμασίου,
1178 1566 1272 1619 καὶ
1301 1567 1360 1620 τὸ
1391 1568 1530 1630 τέως
1584 1567 1840 1638 ἔγκλημα

269 1655 379 1713 τοῖς
411 1652 808 1722 κατορθώμασι
833 1655 1263 1726 συνεισέρχεται.
1311 1655 1522 1728 Ῥάὸδῳ
1578 1659 1682 1728 μὲν
1731 1661 1836 1727 γὰρ

263 1745 360 1797 οὐκ
389 1740 460 1816 ἦν
481 1747 786 1815 χρήσασθαι
816 1747 908 1800 τὸν
928 1748 1008 1810 εἰς
1059 1747 1368 1818 βακτηρίαν
1412 1750 1620 1821 ταύτην
1664 1753 1842 1820 £7st.-

1941 570 2081 626 nitas
2127 571 2289 628 etiam
2333 575 2384 628 in
2439 577 2559 630 solo
2587 577 2792 631 verbo!
2845 591 2880 632 ο
2933 595 3128 635 manus
3175 581 3412 650 pulchrae
3444 588 3508 637 ad

1936 659 2104 715 Deum
2134 672 2368 719 extentae
2405 681 2526 735 qua:
2564 667 2730 722 Deum
2767 671 2968 738 populo
3032 671 3353 740 placabunt;
3391 676 3510 744 pttl-

1939 751 2086 805 clirae
2118 753 2279 807 etiam
2311 769 2377 808 ex
2421 755 2569 811 fonte
2602 759 2993 814 misericordia
3031 763 3121 828 qui
3157 765 3279 817 inde
3321 774 3511 818 scatu-

1937 842 2113 896 riebat
2140 843 2543 914 indigentibus!
2598 847 2644 902 0
2673 848 2813 904 bona
2841 853 3026 905 omnia
3066 861 3179 906 tum
3220 853 3275 908 in
3312 855 3512 923 seipsis

1939 943 2054 986 tum
2082 949 2208 1004 erga
2236 936 2352 990 alia
2377 977 2392 1003 ,
2443 947 2500 992 et
2528 940 2680 1007 quasi
2733 941 2848 1012 lyra
2879 943 2962 997 vel
3003 943 3213 999 cithara
3257 947 3310 998 in
3341 961 3502 999 unam

1940 1022 2276 1079 harmoniam
2319 1027 2671 1103 coordinata!
2710 1030 2754 1086 0
2781 1032 2955 1087 dulcis
3034 1035 3286 1104 loquela!
3347 1052 3379 1091 ο
3425 1037 3510 1106 ju-

1938 1112 2114 1168 cunde
2141 1125 2195 1170 et
2223 1118 2410 1172 suavis
2447 1120 2636 1175 oculei
2687 1119 2792 1188 Qui
2831 1122 2876 1176 si
2910 1138 2938 1175 a
2964 1126 3242 1179 nonnullis
3263 1136 3512 1194 'punctus

1943 1202 2150 1271 fuerit,
2184 1207 2239 1261 in
2282 1210 2386 1262 hec
2423 1213 2728 1280 praesertim
2785 1214 2964 1283 capite
3008 1215 3364 1272 admiratione
3397 1234 3514 1272 om-

1942 1295 2072 1351 nino
2105 1298 2305 1368 d-ignus
2340 1313 2444 1365 est,
2473 1312 2523 1357 et
2549 1304 2825 1358 accusatio
2853 1307 2907 1359 in
2943 1308 3071 1374 ejns-
3094 1308 3318 1378 gloriam
3352 1311 3516 1363 verti-

1940 1396 2055 1472 tur.
2089 1387 2224 1444 Nam
2255 1394 2332 1446 uti
2364 1395 2510 1462 virga
2538 1409 2644 1449 non
2680 1411 2904 1453 necesse
2935 1408 3055 1452 erat
3089 1409 3147 1453 ut
3176 1402 3516 1455 adversarios

1942 1488 2232 1545 everteret,
2267 1481 2362 1536 sed
2393 1484 2560 1537 verbo
2611 1495 2663 1538 et
2712 1494 2935 1555 aSpectu
2970 1497 3279 1552 protervum
3307 1500 3516 1545 sterne-

1945 1568 2058 1633 bat,
2086 1579 2140 1623 et
2173 1570 2292 1626 sine
2322 1571 2515 1628 labore
2549 1573 2836 1644 frangebat
2870 1577 3358 1646 supplautatorem.
3405 1578 3518 1635 Hoc

1943 1670 1996 1715 et
2020 1661 2276 1720 Christ-us
2307 1664 2538 1721 faciebat
2593 1667 2736 1722 circa
2791 1669 3168 1740 delinquentes
3196 1671 3248 1726 in
3291 1673 3518 1742 templo.

1944 1755 2158 1809 Nullam
2187 1771 2317 1810 tunc
2353 1755 2660 1826 proferebat
2688 1773 2875 1814 vocent
2900 1763 3127 1816 omnino
3152 1763 3400 1816 acerbam
3437 1765 3518 1818 vel

265 1837 523 1906 ρισθέντα
550 1838 646 1890 καὶ
691 1837 800 1890 τῶν
843 1837 1305 1893 ἐπιϐουλευόντων
1343 1840 1652 1911 ἐλάτειραν,
1696 1842 1838 1914 λόγῳ

1950 1847 2412 1911 contumeliosam,
2442 1849 2555 1904 sive
2599 1850 2859 1919 subjectis
2885 1855 3130 1916 noxium,
3162 1855 3277 1908 sive
3300 1855 3473 1922 priuci
3493 1883 3514 1894 -

264 1929 320 1981 δὲ
358 1929 452 1982 καὶ
474 1928 749 1999 βλέμματι
779 1929 980 1998 πλῆξαι
1001 1930 1093 1983 τὸν
1113 1931 1475 1999 ἀτακτοῦντα,
1502 1933 1597 1990 καὶ
1623 1934 1839 1998 ἀπόνως

264 2021 536 2090 ἀρτιῶσαι
594 2021 689 2073 τὸν
730 2022 1127 2092 ύποσχάζοντα.
1177 2023 1350 2078 Τοῦτο
1399 2025 1456 2079 δὲ
1505 2027 1642 2082 ἀλλὰ
1691 2029 1784 2082 καὶ
1813 2031 1841 2082 6

263 2111 502 2179 Χριστὸς
531 2110 705 2166 ἐποίει
769 2114 898 2182 περὶ
935 2114 1060 2177 τοὺς
1103 2113 1558 2179 ἀπαιδευτοῖωτας
1594 2119 1738 2188 ἀμφὶ
1782 2121 1842 2173 τὸ

265 2203 434 2274 ἱερόν,
469 2205 546 2258 Ού
583 2206 656 2274 μὴ
686 2206 850 2259 πλέον
870 2203 938 2277 ἦν
959 2207 1076 2260 ἐκεῖ
1100 2207 1160 2261 τὸ
1190 2209 1542 2278 φραγγέλιον,
1574 2210 1649 2272 ὡς
1694 2213 1838 2280 τότε,

264 2293 552 2357 παντελῶς
583 2295 894 2364 ἀνάλγητον
926 2297 1021 2348 καὶ
1043 2299 1463 2368 ἀνεπιτίμητον,
1496 2303 1611 2364 τοῖς
1656 2302 1714 2355 δὲ
1737 2304 1838 2372 ἀρσ-

261 2383 517 2453 χομὲνοις
555 2385 770 2448 πάντως
803 2387 1120 2453 meum,
1149 2391 1243 2444 καὶ
1273 2391 1394 2444 οὐδὲ
1423 2395 1534 2453 τοῖς
1581 2392 1841 2462 ἄρχουσιν

266 2477 577 2542 αίνέσιμον.
607 2479 680 2530 Ἦ
709 2479 819 2547 γὰρ
849 2477 913 2532 ἂν
945 2483 1041 2534 καὶ
1063 2483 1092 2533 6
1118 2482 1271 2552 παρὰ
1299 2483 1392 2535 τδν
1423 2483 1590 2554 νόμον
1612 2485 1841 2548 παλαιὸς

273 2569 470 2638 ἱερέων
499 2569 716 2638 ἔμεινεν
740 2572 1132 2642 ἀκατάκριτος,
1161 2577 1538 2646 παρανομοῦσι
1561 2580 1672 2642 τοῖς
1701 2579 1842 2632 υίέσι

263 2662 403 2732 μηδὲ
437 2661 612 2734 βραχύ
673 2681 802 2716 ποτε
847 2666 1272 2737 δριμυξάμενος.
1325 2663 1394 2722 Ὦ
1457 2670 1844 2732 ταπεινώσεως

261 2752 402 2820 Crto;
425 2756 570 2808 κατὰ
597 2755 858 2810 τοσούτου
889 2757 1130 2828 πλήθους
1158 2759 1269 2834 τῶν
1296 2759 1528 2829 ἀρετῶν,
1571 2756 1653 2823 οἷς
1705 2762 1844 2814 61:1-

261 2847 344 2899 δεῖ
377 2848 440 2901 τὺ
469 2848 809 2920 μεγάλαυχον
843 2851 855 2904 l
887 2848 1028 2904 Οὔτε
1049 2851 1159 2920 γὰρ
1207 2851 1268 2904 τὸ
1305 2851 1434 2922 περὶ
1480 2852 1576 2921 τῆς
1625 2854 1841 2922 σοφίας,

262 2936 390 2989 οὔτε
421 2936 484 2990 τὸ
513 2937 611 3006 τῆς
639 2943 907 3003 συνέσεως
937 2941 1298 3009 ὑπερϐάλλον,
1329 2943 1392 2996 τὸ
1431 2942 1522 2996 τοῦ
1548 2931 1668 3011 βίου
1691 2943 1842 3012 φιλό-

267 3047 460 3099 σοφον,
485 3030 600 3084 οὔτ’
623 3031 750 3086 ἄλλο
784 3048 839 3084 τι
870 3032 978 3085 τῶν
1021 3034 1465 3104 κατορθωμάτων
1491 3035 1642 3090 οὐδὲν
1676 3035 1756 3098 είς
1784 3035 1844 3088 τὸ

261 3122 439 3188 τύφου
468 3107 741 3192 βάραθρον
774 3123 938 3177 αὑτὸν
963 3126 1398 3196 ἅπεκρήμνισεν.
1446 3127 1521 3181 Οὐ
1562 3127 1668 3198 μὴν
1719 3126 1841 3182 οὐδὲ

261 3216 320 3266 τὸ
353 3217 456 3283 τῆς
477 3217 634 3282 ἀξίας
663 3215 816 3285 ὕψος,
845 3218 954 3272 οὐδ’
990 3220 1017 3270 6
1046 3216 1324 3288 περίδοξος
1366 3218 1580 3287 θρόνος,
1615 3219 1711 3274 καὶ
1749 3219 1849 3274 ὅσα

259 3312 376 3369 τοῖς
409 3309 480 3360 τὰ
522 3309 730 3377 μεγάλα
759 3311 1152 3381 κληρουμένοις
1178 3311 1508 3381 παρέπεται,
1532 3309 1849 3380 κατοφρυῶ-

264 3416 360 3461 σαι
384 3401 577 3452 τοῦτον
606 3399 976 3469 διδυνᾶμωτο.
1017 3400 1159 3455 Ἀλλ’
1191 3396 1259 3470 ἦν
1304 3401 1507 3471 ὑψηλὸς
1567 3401 1666 3469 μὲν
1737 3401 1849 3464 τοῖς

261 3490 478 3561 ἔργοις,
514 3494 769 3554 ταπεινὸς
791 3492 848 3546 δὲ
877 3493 954 3562 τῷ
989 3494 1323 3563 φρονήματι,
1375 3495 1468 3553 καὶ
1519 3495 1695 3562 μέγας
1750 3495 1851 3561 μὲν

261 3584 420 3648 ἐντὸς
455 3586 550 3636 καὶ
584 3579 698 3638 οἷον
743 3586 809 3638 ἄν
848 3601 930 3645 τις
982 3585 1286 3655 ἐκπλαγείη
1347 3588 1712 3656 κατανοήσας,
1758 3588 1853 3640 καὶ

263 3677 387 3738 τοῖς
420 3673 515 3728 τοῦ
548 3674 786 3730 Λιϐάνου
825 3674 1062 3743 δένδροις
1126 3677 1579 3745 συγκαταλέξειεν
1606 3693 1620 3707 ο
1656 3675 1852 3740 ἔξωθεν

264 3769 324 3822 δὲ
354 3769 552 3839 μικρός
582 3785 642 3821 τε
687 3769 783 3821 καὶ
813 3767 1153 3838 περιπέζιος,
1186 3768 1282 3822 καλ
1322 3763 1436 3832 οἷος
1484 3767 1848 3837 ἐξαπατῆσαι,

261 3861 366 3916 καὶ
397 3860 479 3924 εἰς
526 3859 922 3929 περιφρόνησιν
983 3860 1363 3929 παρακινῆσαι
1403 3858 1530 3920 τοὺς
1582 3858 1851 3927 ἐντυγχά-

262 3967 486 4014 νοντας.
512 3954 822 4022 Δορυφορία
848 3967 908 4004 τε
931 3950 1038 4020 γὰρ
1073 3952 1244 4020 ἀπῆν,
1278 3950 1372 4003 καὶ
1402 3949 1594 4002 ὀπαδοὶ
1619 3950 1713 4003 καὶ
1761 3949 1854 4002 κό-

263 4043 438 4106 λακες
459 4044 519 4094 ού
549 4044 902 4113 παρείποντο.
937 4041 1115 4096 Μόνον
1161 4041 1220 4094 τὸ
1251 4039 1499 4107 συνήθως
1549 4055 1852 4110 προπορευ-

263 4137 470 4194 όμενον
507 4133 624 4201 φῶς
651 4136 800 4204 καὶὴ
837 4134 1062 4200 λαμπὰς
1088 4135 1120 4201 ἡ
1152 4135 1475 4201 προάγουσα
1503 4131 1594 4184 τδν
1644 4131 1704 4185 ιν
1755 4132 1852 4200 ἀρ-

263 4225 524 4298 χιερεῦσι
571 4226 742 4296 μέγαν
777 4225 1060 4295 ἐσέμνυνε,
1083 4223 1401 4288 διδάσκαλος
1452 4227 1550 4294 τῆς
1599 4221 1748 4275 ἔνδον
1775 4224 1853 4276 οἰ-

266 4317 586 4388 κουρούσης
613 4317 1017 4388 λαμπρότητος,
1044 4318 1138 4370 καὶ
1172 4317 1267 4370 τοῦ
1291 4315 1467 4382 τρωτὸς
1521 4315 1632 4369 τῶν
1673 4315 1852 4386 ἔργων

265 4411 646 4480 προάγγελος.
672 4413 732 4464 Ei
775 4412 833 4464 δὲ
873 4411 967 4466 καὶ
995 4412 1247 4466 πλουτεῖν
1294 4411 1510 4480 ἠγάπα,
1561 4412 1611 4464 εί
1655 4410 1714 4463 δὲ
1756 4410 1851 4466 καὶ

1941 1938 2098 2007 pibus
2145 1939 2473 1994 irreverens.
2516 1939 2650 1995 Sine
2679 1941 2889 2011 judicio
2930 1945 3328 2001 condemnatus
3379 1945 3520 1999 exiit

1944 2030 1998 2084 in
2051 2031 2165 2101 lege
2205 2030 2388 2086 senior
2443 2032 2534 2088 ille
2587 2037 2934 2090 sacerdotum
2971 2036 3222 2106 (Helias),
3273 2039 3364 2108 qui
3417 2054 3517 2092 nec

1946 2122 2136 2176 leviter
2165 2122 2387 2191 quidem
2454 2123 2594 2180 filios
2645 2124 3023 2196 delinquentes
3079 2129 3422 2198 vituperavit.
3474 2130 3520 2186 0

1943 2214 2266 2270 humilitatis
2326 2216 2558 2272 altitudo
2605 2218 2659 2271 in
2711 2226 2858 2272 tan-ta
2893 2220 3153 2276 virtutum
3182 2223 3334 2291 copia
3367 2239 3505 2292 quas

1945 2307 2205 2376 subsequi
2237 2307 2371 2362 solet
2403 2310 2718 2378 arrogantia
2752 2312 2764 2364 !
2797 2309 2907 2367 Nec
2929 2313 3074 2366 enim
3105 2315 3390 2382 sapientia,
3425 2331 3524 2370 nec

1946 2397 2223 2452 excellens
2253 2399 2591 2464 intellectus,
2627 2415 2730 2456 nec
2759 2401 2866 2454 vita
2898 2403 3218 2473 philosopho
3237 2420 3476 2472 congrua
3505 2446 3521 2469 ,
3551 2389 3556 2392 ’

1945 2503 2046 2544 nec
2070 2490 2365 2560 quicquam
2387 2492 2536 2546 aliud
2567 2494 2981 2547 commodorum
3009 2495 3158 2549 illum
3179 2497 3229 2550 in
3259 2497 3526 2567 superbia:

1955 2581 2272 2636 barathrum
2314 2583 2650 2652 praecipitem
2686 2587 2814 2655 egit.
2848 2585 3036 2654 Neque
3081 2589 3359 2658 dignitatis
3403 2605 3525 2643 ma-

1953 2673 2203 2760 gnitudo,
2241 2689 2418 2740 neque
2467 2676 2613 2730 sedis
2662 2691 2839 2732 nonor
2902 2694 3002 2733 nec
3045 2694 3381 2749 quaecunque
3415 2682 3521 2735 alia

1947 2763 2205 2830 praeclara
2231 2763 2430 2830 quibus
2464 2763 2640 2816 sortiti
2671 2764 2939 2835 stipantur
2974 2781 3095 2819 eum
3120 2766 3312 2820 inflare
3333 2776 3525 2836 potue-

1948 2863 2096 2908 runt.
2131 2852 2234 2908 Sed
2267 2863 2384 2908 erat
2406 2855 2659 2909 excelsus
2679 2856 2958 2924 operibus,
2985 2856 3316 2911 conscientia
3337 2866 3516 2911 autem

1949 2948 2196 3012 humilis,
2245 2947 2477 3002 interius
2537 2947 2756 3017 quidem
2799 2962 3027 3018 magnus
3082 2948 3154 3002 ita
3189 2957 3246 3003 ut
3296 2949 3526 3018 quilibet

1949 3039 2263 3110 intelligens
2307 3039 2614 3108 obstupeat,
2649 3047 2702 3094 et
2739 3053 2864 3094 eum
2901 3037 3089 3093 Libani
3143 3039 3306 3110 lignis
3334 3041 3522 3094 confe-

1876 3162 1921 3220 ο
1953 3143 2062 3198 rat;
2087 3133 2328 3189 exterius
2366 3147 2496 3186 vero
2539 3147 2738 3201 parvus
2768 3143 2822 3186 et
2856 3131 3102 3202 abiectus
3130 3131 3202 3186 ita
3239 3140 3299 3185 ut
3331 3147 3526 3186 occur-

1955 3235 2133 3284 rentes
2212 3223 2492 3281 deluderet
2541 3233 2598 3279 et
2667 3223 2735 3278 ad
2796 3225 3166 3294 contemplatu
3250 3224 3520 3278 incitaret.

1952 3315 2165 3384 Quippe
2204 3316 2466 3372 satellites
2490 3315 2732 3378 aberant,
2765 3327 2974 3371 necnon
3010 3315 3233 3369 comites
3255 3313 3525 3367 et'aduia-

1955 3417 2100 3463 tores
2133 3424 2417 3477 nunquam
2450 3409 2846 3473 sequebantur.
2880 3407 3114 3462 Solitum
3141 3415 3322 3461 autem
3345 3405 3521 3460 solum

1955 3504 2188 3571 prteiens
2233 3501 2415 3556 lumen
2455 3509 2506 3555 et
2555 3501 2764 3570 lampas
2793 3500 3120 3554 antecedens
3171 3499 3321 3552 illum
3385 3499 3527 3552 inter

1955 3589 2241 3659 pontiﬁces
2278 3604 2535 3659 magnum
2599 3589 2929 3652 illustrabat,
2981 3588 3238 3659 magistra
3297 3588 3527 3642 internae

1955 3679 2246 3744 claritatis,
2280 3689 2335 3734 ct
2387 3680 2526 3734 lucis
2547 3694 2774 3748 operum
2820 3679 3148 3749 praenuntia.
3177 3678 3328 3744 Quod
3364 3679 3409 3732 si
3443 3677 3530 3731 di-

1956 3781 2162 3826 tescere
2215 3772 2472 3837 amabat,
2542 3772 2586 3825 si
2619 3787 2783 3841 opum
2843 3787 3072 3827 acervos
3123 3773 3527 3842 congregabat,

1959 3873 2200 3919 vestrum
2257 3864 2438 3931 poscit
2487 3863 2854 3917 testimonium
2905 3862 3049 3917 inter
3107 3877 3248 3933 quos
3313 3877 3530 3931 semper

1956 3958 2108 4019 vixit,
2139 3970 2355 4024 semper
2381 3963 2742 4008 conversatus
2781 3963 2884 4008 est.
2917 3953 3057 4020 Quid
3089 3954 3258 4023 ergo?
3291 3954 3530 4007 muneri-

1956 4049 2060 4101 bus
2097 4061 2292 4100 manus
2321 4045 2568 4114 implevit
2597 4045 2620 4099 τ
2647 4044 2787 4111 Quid
2812 4059 2942 4114 ergo
2970 4047 2994 4100 7
3023 4041 3231 4099 Oblatis
3264 4042 3531 4110 donisque

1957 4137 2336 4193 delectabatur
2399 4139 2473 4191 ita
2530 4145 2590 4190 ut
2657 4135 2959 4205 spiritualia
3000 4135 3310 4189 volentibus
3357 4133 3531 4202 pretio

1957 4230 2244 4286 tradiderit
2294 4237 2352 4284 et.-
2405 4228 2610 4286 illicitis
2635 4229 2802 4284 Iucris
2832 4244 3030 4282 manus
3060 4227 3350 4297 polluerit?
3390 4226 3533 4281 Sane

1958 4323 2085 4393 quis
2114 4322 2252 4378 adeo
2267 4321 2496 4376 mendax
2519 4321 2830 4376 etinsolens
2863 4328 2920 4374 ut
2945 4320 3121 4374 taliter
3143 4319 3288 4389 loqui
3315 4319 3532 4382 audeat,

1958 4425 2014 4472 et
2068 4413 2287 4470 sordem
2339 4413 2626 4469 munditias
2665 4412 2960 4478 immittat,
2990 4425 3043 4467 et
3088 4413 3263 4467 lucem
3301 4411 3536 4480 appellet

267 4503 494 4573 σωροὺς.
513 4519 618 4572 χρη
628 4503 813 4573 μάτων
836 4503 1282 4569 ἐπεστοιϐἁσατο,
1309 4502 1465 4573 ζητεῖ
1489 4501 1586 4572 τὴν
1610 4501 1673 4569 ἐξ
1698 4501 1845 4571 ὑμῶν

1962 4507 2234 4572 tenebras,
2263 4515 2318 4560 et
2365 4507 2536 4560 facem
2585 4515 2742 4560 vocet
2797 4505 3132 4572 caliginem?
3163 4505 3356 4558 Manus
3387 4501 3532 4555 enim

270 4594 613 4666 μαρτυρίαν,
641 4588 721 4659 οἷς
768 4589 940 4664 ἦνάεὶ
980 4595 1076 4649 καὶ
1115 4593 1361 4657 σύνοικος
1416 4595 1514 4648 καὶ
1542 4594 1849 4665 συνόμιλος.

263 4687 420 4741 Τίδὲ
453 4705 476 4756 ;,
523 4685 828 4756 λημμάτων
888 4685 1195 4756 ἐπληροῦτο
1248 4686 1349 4746 τὰς
1381 4689 1610 4755 χεῖρας;
1666 4685 1730 4739 Τί
1757 4686 1853 4752 δές

267 4777 472 4844 ξενίοις
503 4779 596 4831 καὶ
635 4777 826 4846 δώροις
847 4776 1088 4846 ἔχαιρεν,
1133 4776 1209 4840 ὡς
1262 4778 1355 4830 καὶ
1390 4779 1459 4831 τὰ
1503 4777 1855 4846 πνευματικὰ

261 4871 388 4932 τοῖς
451 4867 798 4938 βουλομένοις
858 4867 1007 4922 ἔστιν
1054 4867 1143 4922 ὅτε
1189 4868 1698 4937 καταχαρίζεσθαι.
1759 4871 1855 4921 καὶ

268 4957 530 5029 μολύνειν
560 4960 746 5029 χεῖρας
787 4959 1048 5027 ἀθέσμοις
1079 4960 1330 5029 λήμμασι
1357 4974 1374 5026 ;
1434 4960 1544 5016 Καὶ
1567 4959 1650 5022 τίς
1702 4960 1853 5016 οὓτω

262 5052 585 5124 ψευδοεπὴς
659 5054 756 5106 καὶ
837 5052 1260 5123 Θρασύστομος,
1335 5053 1412 5115 ὼς
1494 5052 1859 5123 ἤπιοαρῥῆσαι

265 5143 504 5210 τοιούτῳ
535 5143 760 5213 ῥήματι,
803 5144 898 5197 κοιλ⁵
929 5144 1020 5196 τὸν
1053 5146 1239 5197 σπῖλον
1262 5142 1546 5213 ἐπιτρίψαι
1570 5142 1648 5212 τῷ
1677 5143 1849 5198 καθα-

273 5235 384 5305 ρῷ,
407 5236 506 5290 καὶ
527 5235 589 5286 τὸ
620 5236 736 5302 φῶς
767 5234 1036 5302 ὀνομάσαι
1068 5237 1282 5300 σκότος,
1310 5238 1405 5290 καὶ
1465 5237 1556 5290 τὸν
1599 5238 1857 5305 λυχνίτην

266 5327 510 5381 καλέσαι
542 5326 823 5396 κάχληκα;
855 5327 1055 5394 Χεῖρες
1110 5329 1220 5398 γὰρ
1263 5323 1402 5399 ἦσαν
1457 5329 1666 5382 ἐκείνου
1716 5329 1855 5381 λεῖαι

270 5420 382 5487 μὲν
417 5419 506 5472 ἀεὶ
540 5420 635 5472 καὶ
668 5417 908 5486 καθαραὶ
945 5417 1082 5486 μετὰ
1121 5419 1220 5488 τῆς
1261 5419 1454 5474 Ἰακὼϐ
1503 5419 1809 5487 ἀπληστίας
1840 5433 1857 5451 ο

272 5509 631 5578 μεταπλάσαι
675 5508 731 5561 δὲ
780 5508 982 5570 ταύτας
1024 5511 1102 5571 είς
1163 5512 1226 5563 τὸ
1265 5511 1581 5580 ἁμφιλαφὲς
1619 5510 1726 5562 ob»
1766 5513 1858 5580 ὴν-

268 5603 492 5671 έσχετο,
523 5600 598 5662 ὡς
627 5600 694 5654 ἂν
717 5601 775 5653 τὸ
797 5600 994 5668 ἀληθὲς
1013 5602 1420 5672 ὲπικρύπτοιτο.
1443 5602 1608 5656 Φύσει
1629 5603 1738 5672 γὰρ
1765 5603 1858 5656 καὶ

267 5697 340 5746 το
384 5693 685 5746 ἐπίκλοπον
744 5694 950 5763 ἐμίσει,
1013 5696 1106 5747 καὶ
1155 5694 1219 5747 τὸ
1263 5694 1436 5748 δόλιον
1460 5695 1855 5766 ἀπεστρέφετο.

1961 4599 2109 4658 illius
2141 4605 2300 4653 erant
2341 4598 2500 4652 la‘ves
2547 4605 2602 4652 et
2648 4612 2798 4665 purae
2844 4610 2968 4650 cum
3005 4595 3298 4664 cupiditate
3341 4593 3532 4648 Jacob.

1961 4689 2069 4746 Eas
2096 4689 2150 4742 in
2183 4688 2408 4757 ancipiti
2435 4687 2730 4742 extendere
2761 4702 2870 4740 non
2898 4687 3206 4755 patiebatur
3245 4694 3303 4739 ut
3335 4685 3535 4739 veritas

1962 4781 2267 4836 caalaretnr.
2318 4779 2450 4833 Nam
2491 4788 2684 4832 natura
2741 4777 2986 4831 fraudem
3040 4776 3226 4829 oderat
3267 4787 3320 4828 et
3351 4777 3533 4828 dolum

1962 4873 2344 4928 aversabatur.
2384 4871 2448 4924 Et
2487 4871 2534 4925 si
2571 4870 2697 4939 quis
2739 4882 2977 4937 unquam
3029 4867 3130 4936 ipsi
3165 4865 3364 4920 talibus
3401 4882 3534 4934 gau-

1960 4962 2094 5016 dens
2122 4963 2528 5025 ostenderetur,
2579 4961 2705 5014 huic
2731 4960 2783 5014 in
2814 4960 3091 5012 inimicum
3123 4959 3449 5022 vertebatur,
3482 4967 3538 5012 et

1961 5053 2204 5123 perfecto
2245 5054 2372 5108 odio
2395 5054 2584 5112 oderat
2610 5068 2757 5106 eum.
2793 5051 2913 5121 Ipse
2941 5052 3084 5105 enim
3135 5051 3188 5104 in
3224 5051 3534 5106 innocentia

1963 5147 2145 5201 cordis
2172 5147 2227 5201 in
2256 5146 2433 5201 medio
2467 5145 2666 5201 domus
2690 5144 3028 5208 ambulabat,
3073 5159 3171 5198 nec
3194 5158 3222 5196 a
3257 5142 3539 5212 iuventute

1965 5238 2288 5306 ambagibus
2322 5246 2376 5289 et
2410 5236 2730 5292 circuitibus
2763 5236 2865 5290 fuit
2891 5235 3209 5302 delectatus,
3232 5233 3539 5302 necjanuas

1964 5332 2192 5387 divitum
2227 5331 2396 5400 magis
2439 5345 2599 5399 quam
2640 5330 2923 5384 doctorum
2960 5328 3212 5398 pulsavit.
3247 5327 3350 5381 Sed
3381 5327 3535 5396 quasi

1967 5441 2153 5480 senem
2185 5423 2462 5478 bonorans
2496 5421 2777 5476 veritatem
2800 5435 2963 5489 quam
2988 5435 3113 5474 cum
3145 5419 3256 5474 Deo
3289 5417 3539 5472 confere-

1966 5517 2078 5582 bat,
2107 5515 2368 5569 facientes
2395 5514 2734 5568 mendacium
2771 5511 2962 5567 oderat
3021 5520 3076 5567 et
3119 5520 3312 5565 contra
3359 5506 3538 5576 proxi-

1970 5619 2119 5658 mum
2174 5613 2387 5659 secreto
2431 5603 2815 5660 maledicentes
2863 5613 2918 5658 et
2947 5607 3354 5658 murmurantes
3393 5597 3540 5652 inse-

1973 5696 2245 5752 ctabatur.

273 5787 390 5860 ξίαὶ
416 5786 473 5840 ετ
499 5785 630 5840 ποτέ
657 5804 738 5850 τις
772 5787 927 5858 αὐτῷ
955 5790 1069 5850 τοῖς
1101 5788 1361 5852 τοιούτοις
1395 5787 1602 5858 χαίρων
1627 5786 1976 5857 ἐπεφώρατο,
2031 5790 2112 5852 είς
2170 5787 2367 5859 ἐχθρὸν
2417 5786 2634 5858 ἐγένετό
2694 5787 2764 5852 οἱ,
2823 5787 2915 5838 καὶ
2967 5785 3121 5852 μῖσος
3176 5775 3364 5832 τοῦτον
3416 5776 3536 5846 ἑμί-
