  <div class='ocr_page' id='page_1' title='image "/cluster/home/n/w/nwhite01/storage/ocr_20150623/136/mdp.39015038093210/389.png"; bbox 0 0 3980 6248; ppageno 0'>
   <div class='ocr_carea' id='block_1_1' title="bbox 469 318 3717 389">
    <p class='ocr_par' dir='ltr' id='par_1_1' title="bbox 469 318 3717 389">
     <span class='ocr_line' id='line_1_1' title="bbox 469 318 3717 389; baseline -0.002 -1"><span class='ocrx_word' id='word_1_1' title='bbox 469 324 576 389; x_wconf 76' lang='lat'><strong>763</strong></span> <span class='ocrx_word' id='word_1_2' title='bbox 1211 323 1607 387; x_wconf 85' lang='lat' dir='ltr'><strong>EUTHYMII</strong></span> <span class='ocrx_word' id='word_1_3' title='bbox 1648 321 2042 384; x_wconf 84' lang='lat' dir='ltr'><strong>LAUDATIO</strong></span> <span class='ocrx_word' id='word_1_4' title='bbox 2092 322 2490 385; x_wconf 81' lang='lat' dir='ltr'><strong>FUNEBRIS</strong></span> <span class='ocrx_word' id='word_1_5' title='bbox 2530 324 2951 386; x_wconf 78' lang='lat' dir='ltr'><strong>EUSTATHII</strong></span> <span class='ocrx_word' id='word_1_6' title='bbox 3622 318 3717 384; x_wconf 57' lang='lat'><strong>76$</strong></span> 
     </span>
    </p>
   </div>
   <div class='ocr_carea' id='block_1_2' title="bbox 473 427 3715 505">
    <p class='ocr_par' dir='ltr' id='par_1_2' title="bbox 473 427 3715 505">
     <span class='ocr_line' id='line_1_2' title="bbox 473 427 3715 505; baseline -0.001 -19"><span class='ocrx_word' id='word_1_7' title='bbox 473 453 556 487; x_wconf 77' lang='lat' dir='ltr'><strong>aa:</strong></span> <span class='ocrx_word' id='word_1_8' title='bbox 590 433 818 488; x_wconf 80' lang='grc' dir='ltr'>τέλειον.</span> <span class='ocrx_word' id='word_1_9' title='bbox 850 432 1018 499; x_wconf 72' lang='grc' dir='ltr'>Αὐτὸς</span> <span class='ocrx_word' id='word_1_10' title='bbox 1053 434 1152 501; x_wconf 83' lang='grc' dir='ltr'>μὲν</span> <span class='ocrx_word' id='word_1_11' title='bbox 1191 434 1301 505; x_wconf 75' lang='grc' dir='ltr'><strong>γὰρ</strong></span> <span class='ocrx_word' id='word_1_12' title='bbox 1355 434 1415 487; x_wconf 80' lang='grc' dir='ltr'>ὲν</span> <span class='ocrx_word' id='word_1_13' title='bbox 1468 432 1676 501; x_wconf 74' lang='grc' dir='ltr'>ἀκακία</span> <span class='ocrx_word' id='word_1_14' title='bbox 1730 428 1958 500; x_wconf 81' lang='grc' dir='ltr'><strong>καρδίας</strong></span> <span class='ocrx_word' id='word_1_15' title='bbox 1990 429 2047 480; x_wconf 79' lang='grc' dir='ltr'>ὲν</span> <span class='ocrx_word' id='word_1_16' title='bbox 2077 427 2231 498; x_wconf 83' lang='grc' dir='ltr'>μέσῳ</span> <span class='ocrx_word' id='word_1_17' title='bbox 2255 430 2354 501; x_wconf 81' lang='grc' dir='ltr'>τῆς</span> <span class='ocrx_word' id='word_1_18' title='bbox 2380 430 2554 495; x_wconf 83' lang='grc' dir='ltr'>οίκίας</span> <span class='ocrx_word' id='word_1_19' title='bbox 2622 432 2995 505; x_wconf 82' lang='grc' dir='ltr'><strong>διεπορεύετο,</strong></span> <span class='ocrx_word' id='word_1_20' title='bbox 3057 432 3168 503; x_wconf 79' lang='grc' dir='ltr'><strong>ὅσῳ</strong></span> <span class='ocrx_word' id='word_1_21' title='bbox 3209 430 3457 502; x_wconf 79' lang='grc' dir='ltr'>προόδοις</span> <span class='ocrx_word' id='word_1_22' title='bbox 3505 447 3567 483; x_wconf 83' lang='grc' dir='ltr'><strong>τε</strong></span> <span class='ocrx_word' id='word_1_23' title='bbox 3630 431 3715 484; x_wconf 76' lang='grc' dir='ltr'>καὶ</span> 
     </span>
    </p>
   </div>
   <div class='ocr_carea' id='block_1_3' title="bbox 472 521 3716 598">
    <p class='ocr_par' dir='ltr' id='par_1_3' title="bbox 472 521 3716 598">
     <span class='ocr_line' id='line_1_3' title="bbox 472 521 3716 598; baseline -0.001 -19"><span class='ocrx_word' id='word_1_24' title='bbox 472 527 739 597; x_wconf 82' lang='grc' dir='ltr'><strong>περιόδοις</strong></span> <span class='ocrx_word' id='word_1_25' title='bbox 787 529 889 582; x_wconf 83' lang='grc' dir='ltr'>οὐκ</span> <span class='ocrx_word' id='word_1_26' title='bbox 922 525 1269 595; x_wconf 79' lang='grc' dir='ltr'>ὲνησμένιξεν</span> <span class='ocrx_word' id='word_1_27' title='bbox 1318 527 1384 581; x_wconf 78' lang='grc' dir='ltr'>ἑκ</span> <span class='ocrx_word' id='word_1_28' title='bbox 1430 528 1701 597; x_wconf 80' lang='grc' dir='ltr'>νεότητος,</span> <span class='ocrx_word' id='word_1_29' title='bbox 1757 524 1880 579; x_wconf 72' lang='grc' dir='ltr'>οὐδὲ</span> <span class='ocrx_word' id='word_1_30' title='bbox 1931 521 2106 592; x_wconf 80' lang='grc' dir='ltr'><strong>θύρας</strong></span> <span class='ocrx_word' id='word_1_31' title='bbox 2172 523 2442 580; x_wconf 80' lang='grc' dir='ltr'>πλουσίων</span> <span class='ocrx_word' id='word_1_32' title='bbox 2498 525 2700 596; x_wconf 81' lang='grc' dir='ltr'>μᾶλλον</span> <span class='ocrx_word' id='word_1_33' title='bbox 2749 530 2783 598; x_wconf 78' lang='grc' dir='ltr'>ἢ</span> <span class='ocrx_word' id='word_1_34' title='bbox 2846 526 2955 580; x_wconf 80' lang='grc' dir='ltr'><strong>τῶν</strong></span> <span class='ocrx_word' id='word_1_35' title='bbox 3008 526 3207 593; x_wconf 83' lang='grc' dir='ltr'>λογίων</span> <span class='ocrx_word' id='word_1_36' title='bbox 3264 524 3528 596; x_wconf 75' lang='grc' dir='ltr'>ὲξέτριϐε.</span> <span class='ocrx_word' id='word_1_37' title='bbox 3592 526 3716 592; x_wconf 87' lang='grc' dir='ltr'>Πρε-</span> 
     </span>
    </p>
   </div>
   <div class='ocr_carea' id='block_1_4' title="bbox 474 610 3718 690">
    <p class='ocr_par' dir='ltr' id='par_1_4' title="bbox 474 610 3718 690">
     <span class='ocr_line' id='line_1_4' title="bbox 474 610 3718 690; baseline -0.001 -17"><span class='ocrx_word' id='word_1_38' title='bbox 474 618 685 674; x_wconf 72' lang='grc' dir='ltr'>σὸεύων</span> <span class='ocrx_word' id='word_1_39' title='bbox 722 619 779 673; x_wconf 80' lang='grc' dir='ltr'>δὲ</span> <span class='ocrx_word' id='word_1_40' title='bbox 808 620 944 673; x_wconf 83' lang='grc' dir='ltr'>ἀλλὰ</span> <span class='ocrx_word' id='word_1_41' title='bbox 990 621 1086 673; x_wconf 73' lang='grc' dir='ltr'>καὶ</span> <span class='ocrx_word' id='word_1_42' title='bbox 1113 620 1213 690; x_wconf 80' lang='grc' dir='ltr'><strong>τὴν</strong></span> <span class='ocrx_word' id='word_1_43' title='bbox 1241 619 1521 690; x_wconf 77' lang='grc' dir='ltr'>ἀλήθειαν,</span> <span class='ocrx_word' id='word_1_44' title='bbox 1555 619 1650 673; x_wconf 81' lang='grc' dir='ltr'>καὶ</span> <span class='ocrx_word' id='word_1_45' title='bbox 1669 618 1819 686; x_wconf 78' lang='grc' dir='ltr'>ἄγων</span> <span class='ocrx_word' id='word_1_46' title='bbox 1843 617 1931 668; x_wconf 86' lang='grc' dir='ltr'>ῐσα</span> <span class='ocrx_word' id='word_1_47' title='bbox 1961 610 2102 679; x_wconf 83' lang='grc' dir='ltr'>Θεῷ,</span> <span class='ocrx_word' id='word_1_48' title='bbox 2132 614 2258 678; x_wconf 81' lang='grc' dir='ltr'>τοὺς</span> <span class='ocrx_word' id='word_1_49' title='bbox 2290 616 2579 682; x_wconf 73' lang='grc' dir='ltr'><strong>ποιοῦντας</strong></span> <span class='ocrx_word' id='word_1_50' title='bbox 2607 617 2946 690; x_wconf 79' lang='grc' dir='ltr'>παραόάσεις</span> <span class='ocrx_word' id='word_1_51' title='bbox 2996 618 3197 689; x_wconf 73' lang='grc' dir='ltr'>ἐμίσει,</span> <span class='ocrx_word' id='word_1_52' title='bbox 3244 618 3338 673; x_wconf 79' lang='grc' dir='ltr'>καὶ</span> <span class='ocrx_word' id='word_1_53' title='bbox 3374 618 3501 680; x_wconf 76' lang='grc' dir='ltr'>τοὺς</span> <span class='ocrx_word' id='word_1_54' title='bbox 3554 616 3718 687; x_wconf 79' lang='grc' dir='ltr'>λάθρα</span> 
     </span>
    </p>
   </div>
   <div class='ocr_carea' id='block_1_5' title="bbox 472 700 2256 781">
    <p class='ocr_par' dir='ltr' id='par_1_5' title="bbox 472 700 2256 781">
     <span class='ocr_line' id='line_1_5' title="bbox 472 700 2256 781; baseline 0 -18"><span class='ocrx_word' id='word_1_55' title='bbox 472 713 564 764; x_wconf 84' lang='grc' dir='ltr'>τοῦ</span> <span class='ocrx_word' id='word_1_56' title='bbox 602 712 830 779; x_wconf 82' lang='grc' dir='ltr'><strong>πλησίον</strong></span> <span class='ocrx_word' id='word_1_57' title='bbox 876 711 1312 773; x_wconf 62' lang='grc' dir='ltr'>καταλαλῶντας</span> <span class='ocrx_word' id='word_1_58' title='bbox 1377 712 1473 767; x_wconf 80' lang='grc' dir='ltr'>καὶ</span> <span class='ocrx_word' id='word_1_59' title='bbox 1514 710 1897 781; x_wconf 73' lang='grc' dir='ltr'>ψιθυρίζοντας</span> <span class='ocrx_word' id='word_1_60' title='bbox 1953 700 2256 769; x_wconf 77' lang='grc' dir='ltr'><strong>ἐξεδίωκεν,</strong></span> 
     </span>
    </p>
   </div>
   <div class='ocr_carea' id='block_1_6' title="bbox 544 794 2061 871">
    <p class='ocr_par' dir='ltr' id='par_1_6' title="bbox 544 794 2041 871">
     <span class='ocr_line' id='line_1_6' title="bbox 544 794 2041 871; baseline -0.003 -19"><span class='ocrx_word' id='word_1_61' title='bbox 544 800 599 852; x_wconf 85' lang='grc'><strong>5.</strong></span> <span class='ocrx_word' id='word_1_62' title='bbox 628 800 672 853; x_wconf 88' lang='lat'>0</span> <span class='ocrx_word' id='word_1_63' title='bbox 699 800 829 869; x_wconf 85' lang='lat' dir='ltr'><strong>quid</strong></span> <span class='ocrx_word' id='word_1_64' title='bbox 869 801 941 854; x_wconf 90' lang='lat' dir='ltr'><strong>tui</strong></span> <span class='ocrx_word' id='word_1_65' title='bbox 998 803 1148 871; x_wconf 91' lang='lat' dir='ltr'><strong>prius</strong></span> <span class='ocrx_word' id='word_1_66' title='bbox 1197 800 1435 865; x_wconf 84' lang='lat' dir='ltr'><strong>deﬂebo,</strong></span> <span class='ocrx_word' id='word_1_67' title='bbox 1479 801 1644 856; x_wconf 80' lang='lat' dir='ltr'><strong>frater</strong></span> <span class='ocrx_word' id='word_1_68' title='bbox 1669 794 2041 855; x_wconf 84' lang='lat' dir='ltr'><strong>divinissime?</strong></span> 
     </span>
    </p>
   </div>
   <div class='ocr_carea' id='block_1_7' title="bbox 2167 794 3716 871">
    <p class='ocr_par' dir='ltr' id='par_1_7' title="bbox 2213 795 3716 871">
     <span class='ocr_line' id='line_1_7' title="bbox 2213 795 3716 871; baseline 0.002 -21"><span class='ocrx_word' id='word_1_69' title='bbox 2213 795 2353 854; x_wconf 77' lang='lat' dir='ltr'><strong>s&#39;.&#39;0</strong></span> <span class='ocrx_word' id='word_1_70' title='bbox 2376 801 2430 854; x_wconf 89' lang='grc' dir='ltr'><strong>τί</strong></span> <span class='ocrx_word' id='word_1_71' title='bbox 2454 818 2549 855; x_wconf 91' lang='grc' dir='ltr'><strong>σου</strong></span> <span class='ocrx_word' id='word_1_72' title='bbox 2577 800 2792 871; x_wconf 83' lang='grc' dir='ltr'>πρῶτον</span> <span class='ocrx_word' id='word_1_73' title='bbox 2816 800 3256 871; x_wconf 87' lang='grc' dir='ltr'>άποκλαύσομαι,</span> <span class='ocrx_word' id='word_1_74' title='bbox 3289 801 3533 855; x_wconf 82' lang='grc' dir='ltr'><strong>θειότατε</strong></span> <span class='ocrx_word' id='word_1_75' title='bbox 3574 801 3716 855; x_wconf 76' lang='grc' dir='ltr'>ἀδελ-</span> 
     </span>
    </p>
   </div>
   <div class='ocr_carea' id='block_1_8' title="bbox 473 888 2039 963">
    <p class='ocr_par' dir='ltr' id='par_1_8' title="bbox 473 888 2039 963">
     <span class='ocr_line' id='line_1_8' title="bbox 473 888 2039 963; baseline -0.002 -19"><span class='ocrx_word' id='word_1_76' title='bbox 473 890 611 955; x_wconf 83' lang='lat' dir='ltr'><strong>Quid</strong></span> <span class='ocrx_word' id='word_1_77' title='bbox 645 891 720 945; x_wconf 88' lang='lat' dir='ltr'><strong>lui</strong></span> <span class='ocrx_word' id='word_1_78' title='bbox 756 891 1073 963; x_wconf 85' lang='lat' dir='ltr'><strong>lacrymaho</strong></span> <span class='ocrx_word' id='word_1_79' title='bbox 1126 893 1443 963; x_wconf 72' lang='lat' dir='ltr'><strong>posterius?</strong></span> <span class='ocrx_word' id='word_1_80' title='bbox 1475 892 1804 949; x_wconf 72' lang='lat' dir='ltr'><strong>Gravitatem</strong></span> <span class='ocrx_word' id='word_1_81' title='bbox 1842 899 1896 945; x_wconf 90' lang='lat' dir='ltr'><strong>et</strong></span> <span class='ocrx_word' id='word_1_82' title='bbox 1922 888 2039 959; x_wconf 87' lang='lat' dir='ltr'><strong>phi-</strong></span> 
     </span>
    </p>
   </div>
   <div class='ocr_carea' id='block_1_9' title="bbox 473 978 2042 1053">
    <p class='ocr_par' dir='ltr' id='par_1_9' title="bbox 473 978 2042 1053">
     <span class='ocr_line' id='line_1_9' title="bbox 473 978 2042 1053; baseline 0 -22"><span class='ocrx_word' id='word_1_83' title='bbox 473 979 800 1049; x_wconf 79' lang='lat' dir='ltr'><strong>lOSOphiam,</strong></span> <span class='ocrx_word' id='word_1_84' title='bbox 826 982 913 1036; x_wconf 87' lang='lat' dir='ltr'><strong>vel</strong></span> <span class='ocrx_word' id='word_1_85' title='bbox 941 983 1256 1036; x_wconf 86' lang='lat' dir='ltr'><strong>societatem</strong></span> <span class='ocrx_word' id='word_1_86' title='bbox 1276 991 1435 1053; x_wconf 87' lang='lat' dir='ltr'><strong>atque</strong></span> <span class='ocrx_word' id='word_1_87' title='bbox 1458 978 1820 1036; x_wconf 83' lang='lat' dir='ltr'><strong>cbaritalem?</strong></span> <span class='ocrx_word' id='word_1_88' title='bbox 1846 979 2042 1047; x_wconf 62' lang='lat' dir='ltr'><strong>lingua</strong></span> 
     </span>
    </p>
   </div>
   <div class='ocr_carea' id='block_1_10' title="bbox 473 1069 2043 1144">
    <p class='ocr_par' dir='ltr' id='par_1_10' title="bbox 473 1069 2043 1144">
     <span class='ocr_line' id='line_1_10' title="bbox 473 1069 2043 1144; baseline -0.001 -21"><span class='ocrx_word' id='word_1_89' title='bbox 473 1069 840 1138; x_wconf 81' lang='lat' dir='ltr'><strong>prudentiam,</strong></span> <span class='ocrx_word' id='word_1_90' title='bbox 875 1085 969 1127; x_wconf 89' lang='lat' dir='ltr'><strong>aut</strong></span> <span class='ocrx_word' id='word_1_91' title='bbox 999 1073 1319 1127; x_wconf 75' lang='lat' dir='ltr'><strong>suavitatem</strong></span> <span class='ocrx_word' id='word_1_92' title='bbox 1359 1081 1415 1127; x_wconf 89' lang='lat' dir='ltr'><strong>et</strong></span> <span class='ocrx_word' id='word_1_93' title='bbox 1441 1072 1716 1144; x_wconf 78' lang='lat' dir='ltr'><strong>gratiam?</strong></span> <span class='ocrx_word' id='word_1_94' title='bbox 1740 1069 2043 1140; x_wconf 87' lang='lat' dir='ltr'><strong>pontilicia-</strong></span> 
     </span>
    </p>
   </div>
   <div class='ocr_carea' id='block_1_11' title="bbox 474 1160 2045 1233">
    <p class='ocr_par' dir='ltr' id='par_1_11' title="bbox 474 1160 2045 1233">
     <span class='ocr_line' id='line_1_11' title="bbox 474 1160 2045 1233; baseline -0.002 -17"><span class='ocrx_word' id='word_1_95' title='bbox 474 1162 579 1217; x_wconf 81' lang='lat' dir='ltr'><strong>lem</strong></span> <span class='ocrx_word' id='word_1_96' title='bbox 612 1166 902 1228; x_wconf 86' lang='lat' dir='ltr'><strong>honorem,</strong></span> <span class='ocrx_word' id='word_1_97' title='bbox 936 1173 1032 1219; x_wconf 87' lang='lat' dir='ltr'><strong>aut</strong></span> <span class='ocrx_word' id='word_1_98' title='bbox 1065 1165 1341 1233; x_wconf 85' lang='lat' dir='ltr'><strong>politicam</strong></span> <span class='ocrx_word' id='word_1_99' title='bbox 1373 1164 1843 1219; x_wconf 81' lang='lat' dir='ltr'><strong>conversationem</strong></span> <span class='ocrx_word' id='word_1_100' title='bbox 1870 1162 1892 1215; x_wconf 74' lang='grc' dir='ltr'><strong><em>τ</em></strong></span> <span class='ocrx_word' id='word_1_101' title='bbox 1918 1160 2045 1215; x_wconf 82' lang='lat' dir='ltr'><strong>0m-</strong></span> 
     </span>
    </p>
   </div>
   <div class='ocr_carea' id='block_1_12' title="bbox 474 1255 2045 1326">
    <p class='ocr_par' dir='ltr' id='par_1_12' title="bbox 474 1255 2045 1326">
     <span class='ocr_line' id='line_1_12' title="bbox 474 1255 2045 1326; baseline -0.001 -18"><span class='ocrx_word' id='word_1_102' title='bbox 474 1255 564 1310; x_wconf 90' lang='lat' dir='ltr'><strong>nia</strong></span> <span class='ocrx_word' id='word_1_103' title='bbox 603 1256 746 1310; x_wconf 86' lang='lat' dir='ltr'><strong>enim</strong></span> <span class='ocrx_word' id='word_1_104' title='bbox 792 1256 954 1311; x_wconf 90' lang='lat' dir='ltr'><strong>simul</strong></span> <span class='ocrx_word' id='word_1_105' title='bbox 1002 1256 1226 1311; x_wconf 87' lang='lat' dir='ltr'><strong>collecta</strong></span> <span class='ocrx_word' id='word_1_106' title='bbox 1277 1271 1400 1326; x_wconf 83' lang='lat' dir='ltr'><strong>quae</strong></span> <span class='ocrx_word' id='word_1_107' title='bbox 1442 1255 1715 1311; x_wconf 84' lang='lat' dir='ltr'><strong>hominem</strong></span> <span class='ocrx_word' id='word_1_108' title='bbox 1766 1256 2045 1309; x_wconf 87' lang='lat' dir='ltr'><strong>adornant</strong></span> 
     </span>
    </p>
   </div>
   <div class='ocr_carea' id='block_1_13' title="bbox 475 1347 2051 1417">
    <p class='ocr_par' dir='ltr' id='par_1_13' title="bbox 475 1347 2051 1417">
     <span class='ocr_line' id='line_1_13' title="bbox 475 1347 2051 1417; baseline 0 -17"><span class='ocrx_word' id='word_1_109' title='bbox 475 1348 620 1400; x_wconf 84' lang='lat' dir='ltr'><strong>inter</strong></span> <span class='ocrx_word' id='word_1_110' title='bbox 653 1362 712 1401; x_wconf 89' lang='lat' dir='ltr'><strong>se</strong></span> <span class='ocrx_word' id='word_1_111' title='bbox 733 1348 936 1416; x_wconf 87' lang='lat' dir='ltr'><strong>optimc</strong></span> <span class='ocrx_word' id='word_1_112' title='bbox 968 1348 1285 1401; x_wconf 81' lang='lat' dir='ltr'><strong>coordinata</strong></span> <span class='ocrx_word' id='word_1_113' title='bbox 1324 1347 1637 1417; x_wconf 83' lang='lat' dir='ltr'><strong>temperasti</strong></span> <span class='ocrx_word' id='word_1_114' title='bbox 1666 1357 1720 1402; x_wconf 90' lang='lat' dir='ltr'><strong>et</strong></span> <span class='ocrx_word' id='word_1_115' title='bbox 1747 1347 1800 1401; x_wconf 90' lang='lat' dir='ltr'><strong>in</strong></span> <span class='ocrx_word' id='word_1_116' title='bbox 1831 1358 2051 1415; x_wconf 84' lang='lat' dir='ltr'><strong>compo-</strong></span> 
     </span>
    </p>
   </div>
   <div class='ocr_carea' id='block_1_14' title="bbox 476 1436 2048 1508">
    <p class='ocr_par' dir='ltr' id='par_1_14' title="bbox 476 1436 2048 1508">
     <span class='ocr_line' id='line_1_14' title="bbox 476 1436 2048 1508; baseline 0 -17"><span class='ocrx_word' id='word_1_117' title='bbox 476 1440 728 1494; x_wconf 82' lang='lat' dir='ltr'><strong>sitionem</strong></span> <span class='ocrx_word' id='word_1_118' title='bbox 794 1436 1069 1507; x_wconf 77' lang='lat' dir='ltr'><strong>perfecisti</strong></span> <span class='ocrx_word' id='word_1_119' title='bbox 1130 1454 1292 1508; x_wconf 90' lang='lat' dir='ltr'><strong>quam</strong></span> <span class='ocrx_word' id='word_1_120' title='bbox 1343 1448 1464 1493; x_wconf 87' lang='lat' dir='ltr'><strong>arte</strong></span> <span class='ocrx_word' id='word_1_121' title='bbox 1517 1438 1805 1494; x_wconf 81' lang='lat' dir='ltr'><strong>eﬁ‘ormant</strong></span> <span class='ocrx_word' id='word_1_122' title='bbox 1868 1437 2048 1491; x_wconf 89' lang='lat' dir='ltr'><strong>omnis</strong></span> 
     </span>
    </p>
   </div>
   <div class='ocr_carea' id='block_1_15' title="bbox 478 1529 2048 1600">
    <p class='ocr_par' dir='ltr' id='par_1_15' title="bbox 478 1529 2048 1600">
     <span class='ocr_line' id='line_1_15' title="bbox 478 1529 2048 1600; baseline 0.001 -19"><span class='ocrx_word' id='word_1_123' title='bbox 478 1532 697 1599; x_wconf 75' lang='lat' dir='ltr'><strong>generis</strong></span> <span class='ocrx_word' id='word_1_124' title='bbox 744 1529 904 1585; x_wconf 84' lang='lat' dir='ltr'><strong>ﬂores</strong></span> <span class='ocrx_word' id='word_1_125' title='bbox 957 1539 1122 1600; x_wconf 87' lang='lat' dir='ltr'><strong>atque</strong></span> <span class='ocrx_word' id='word_1_126' title='bbox 1157 1530 1394 1588; x_wconf 90' lang='lat' dir='ltr'><strong>colores.</strong></span> <span class='ocrx_word' id='word_1_127' title='bbox 1429 1530 1477 1588; x_wconf 93' lang='lat'><strong>0</strong></span> <span class='ocrx_word' id='word_1_128' title='bbox 1516 1540 1734 1600; x_wconf 66' lang='lat' dir='ltr'><strong>quanta:</strong></span> <span class='ocrx_word' id='word_1_129' title='bbox 1759 1531 1946 1600; x_wconf 82' lang='lat' dir='ltr'><strong>gratiae</strong></span> <span class='ocrx_word' id='word_1_130' title='bbox 1973 1529 1986 1583; x_wconf 86' lang='grc' dir='ltr'><strong>ι</strong></span> <span class='ocrx_word' id='word_1_131' title='bbox 2016 1544 2048 1583; x_wconf 94' lang='lat' dir='ltr'><strong>o</strong></span> 
     </span>
    </p>
   </div>
   <div class='ocr_carea' id='block_1_16' title="bbox 479 1623 2050 1694">
    <p class='ocr_par' dir='ltr' id='par_1_16' title="bbox 479 1623 2050 1694">
     <span class='ocr_line' id='line_1_16' title="bbox 479 1623 2050 1694; baseline 0.002 -20"><span class='ocrx_word' id='word_1_132' title='bbox 479 1634 716 1688; x_wconf 79' lang='lat' dir='ltr'><strong>quantus</strong></span> <span class='ocrx_word' id='word_1_133' title='bbox 770 1623 958 1688; x_wconf 88' lang='lat' dir='ltr'><strong>decor,</strong></span> <span class='ocrx_word' id='word_1_134' title='bbox 1017 1632 1343 1694; x_wconf 70' lang='lat' dir='ltr'><strong>quantaeque</strong></span> <span class='ocrx_word' id='word_1_135' title='bbox 1398 1623 1672 1681; x_wconf 76' lang='lat' dir='ltr'><strong>virtutes!</strong></span> <span class='ocrx_word' id='word_1_136' title='bbox 1708 1638 1741 1679; x_wconf 89' lang='grc' dir='ltr'><strong>ο</strong></span> <span class='ocrx_word' id='word_1_137' title='bbox 1770 1623 1853 1677; x_wconf 85' lang='lat' dir='ltr'><strong>vir</strong></span> <span class='ocrx_word' id='word_1_138' title='bbox 1885 1623 2050 1678; x_wconf 79' lang='lat' dir='ltr'><strong>etiam</strong></span> 
     </span>
    </p>
   </div>
   <div class='ocr_carea' id='block_1_17' title="bbox 478 1713 2052 1787">
    <p class='ocr_par' dir='ltr' id='par_1_17' title="bbox 478 1713 2052 1787">
     <span class='ocr_line' id='line_1_17' title="bbox 478 1713 2052 1787; baseline 0.004 -22"><span class='ocrx_word' id='word_1_139' title='bbox 478 1721 606 1767; x_wconf 88' lang='lat' dir='ltr'><strong>aute</strong></span> <span class='ocrx_word' id='word_1_140' title='bbox 650 1713 811 1767; x_wconf 91' lang='lat' dir='ltr'><strong>ﬁnem</strong></span> <span class='ocrx_word' id='word_1_141' title='bbox 847 1715 1205 1781; x_wconf 85' lang='lat' dir='ltr'><strong>beatiﬁcatus,</strong></span> <span class='ocrx_word' id='word_1_142' title='bbox 1245 1724 1300 1772; x_wconf 89' lang='lat' dir='ltr'><strong>et</strong></span> <span class='ocrx_word' id='word_1_143' title='bbox 1342 1726 1466 1787; x_wconf 89' lang='lat' dir='ltr'><strong>post</strong></span> <span class='ocrx_word' id='word_1_144' title='bbox 1514 1717 1676 1771; x_wconf 74' lang='lat' dir='ltr'><strong>ﬁnem</strong></span> <span class='ocrx_word' id='word_1_145' title='bbox 1716 1724 1933 1787; x_wconf 88' lang='lat' dir='ltr'><strong>propter</strong></span> <span class='ocrx_word' id='word_1_146' title='bbox 1968 1717 2052 1785; x_wconf 86' lang='lat' dir='ltr'><strong>ja-</strong></span> 
     </span>
    </p>
   </div>
   <div class='ocr_carea' id='block_1_18' title="bbox 2145 892 3721 964">
    <p class='ocr_par' dir='ltr' id='par_1_18' title="bbox 2145 892 3721 964">
     <span class='ocr_line' id='line_1_18' title="bbox 2145 892 3721 964; baseline 0.002 -20"><span class='ocrx_word' id='word_1_147' title='bbox 2145 892 2214 961; x_wconf 80' lang='grc' dir='ltr'>φέ</span> <span class='ocrx_word' id='word_1_148' title='bbox 2237 892 2335 959; x_wconf 71' lang='grc' dir='ltr'>ςτί</span> <span class='ocrx_word' id='word_1_149' title='bbox 2362 892 2421 946; x_wconf 69' lang='grc' dir='ltr'>δέ</span> <span class='ocrx_word' id='word_1_150' title='bbox 2440 910 2534 946; x_wconf 90' lang='grc' dir='ltr'><strong>σου</strong></span> <span class='ocrx_word' id='word_1_151' title='bbox 2557 892 2812 964; x_wconf 87' lang='grc' dir='ltr'>δακρύσω</span> <span class='ocrx_word' id='word_1_152' title='bbox 2831 893 3114 964; x_wconf 75' lang='grc' dir='ltr'>δεύτερονς</span> <span class='ocrx_word' id='word_1_153' title='bbox 3143 894 3217 946; x_wconf 79' lang='grc' dir='ltr'><strong>Τὸ</strong></span> <span class='ocrx_word' id='word_1_154' title='bbox 3238 892 3499 964; x_wconf 75' lang='grc' dir='ltr'>ἐμϐριθὲς</span> <span class='ocrx_word' id='word_1_155' title='bbox 3527 893 3622 947; x_wconf 77' lang='grc' dir='ltr'>καὶ</span> <span class='ocrx_word' id='word_1_156' title='bbox 3647 911 3721 961; x_wconf 80' lang='grc' dir='ltr'>φι-</span> 
     </span>
    </p>
   </div>
   <div class='ocr_carea' id='block_1_19' title="bbox 2147 983 3719 1056">
    <p class='ocr_par' dir='ltr' id='par_1_19' title="bbox 2147 983 3719 1056">
     <span class='ocr_line' id='line_1_19' title="bbox 2147 983 3719 1056; baseline 0.001 -20"><span class='ocrx_word' id='word_1_157' title='bbox 2147 983 2396 1052; x_wconf 81' lang='grc' dir='ltr'>λόσοφον,</span> <span class='ocrx_word' id='word_1_158' title='bbox 2418 983 2452 1055; x_wconf 79' lang='grc' dir='ltr'>ἢ</span> <span class='ocrx_word' id='word_1_159' title='bbox 2474 984 2536 1038; x_wconf 79' lang='grc' dir='ltr'><strong>τὺ</strong></span> <span class='ocrx_word' id='word_1_160' title='bbox 2563 985 2879 1038; x_wconf 75' lang='grc' dir='ltr'>κοινωνικὸν</span> <span class='ocrx_word' id='word_1_161' title='bbox 2897 985 2992 1038; x_wconf 72' lang='grc' dir='ltr'>καὶ</span> <span class='ocrx_word' id='word_1_162' title='bbox 3016 984 3338 1054; x_wconf 83' lang='grc' dir='ltr'>φιλάλληλον</span> <span class='ocrx_word' id='word_1_163' title='bbox 3372 1002 3387 1051; x_wconf 86' lang='lat'><strong>;</strong></span> <span class='ocrx_word' id='word_1_164' title='bbox 3418 986 3492 1038; x_wconf 85' lang='grc' dir='ltr'>Τὸ</span> <span class='ocrx_word' id='word_1_165' title='bbox 3516 986 3719 1056; x_wconf 84' lang='grc' dir='ltr'>σῶφρον</span> 
     </span>
    </p>
   </div>
   <div class='ocr_carea' id='block_1_20' title="bbox 2147 1074 3723 1149">
    <p class='ocr_par' dir='ltr' id='par_1_20' title="bbox 2147 1074 3723 1149">
     <span class='ocr_line' id='line_1_20' title="bbox 2147 1074 3723 1149; baseline 0.003 -23"><span class='ocrx_word' id='word_1_166' title='bbox 2147 1074 2252 1143; x_wconf 86' lang='grc' dir='ltr'>τῆς</span> <span class='ocrx_word' id='word_1_167' title='bbox 2277 1074 2542 1145; x_wconf 79' lang='grc' dir='ltr'><strong>γλώττης,</strong></span> <span class='ocrx_word' id='word_1_168' title='bbox 2573 1076 2605 1146; x_wconf 85' lang='grc' dir='ltr'><strong>ἢ</strong></span> <span class='ocrx_word' id='word_1_169' title='bbox 2630 1077 2689 1129; x_wconf 86' lang='grc' dir='ltr'>τὸ</span> <span class='ocrx_word' id='word_1_170' title='bbox 2712 1076 2884 1144; x_wconf 89' lang='grc' dir='ltr'>γλυκύ</span> <span class='ocrx_word' id='word_1_171' title='bbox 2909 1094 2966 1130; x_wconf 91' lang='grc' dir='ltr'><strong>τε</strong></span> <span class='ocrx_word' id='word_1_172' title='bbox 2991 1077 3084 1130; x_wconf 76' lang='grc' dir='ltr'>καὶ</span> <span class='ocrx_word' id='word_1_173' title='bbox 3106 1077 3445 1147; x_wconf 69' lang='grc' dir='ltr'>χάριενετὴν</span> <span class='ocrx_word' id='word_1_174' title='bbox 3476 1080 3723 1149; x_wconf 81' lang='grc' dir='ltr'>ἀρχιερα-</span> 
     </span>
    </p>
   </div>
   <div class='ocr_carea' id='block_1_21' title="bbox 2150 1165 3720 1238">
    <p class='ocr_par' dir='ltr' id='par_1_21' title="bbox 2150 1165 3720 1238">
     <span class='ocr_line' id='line_1_21' title="bbox 2150 1165 3720 1238; baseline 0.001 -19"><span class='ocrx_word' id='word_1_175' title='bbox 2150 1165 2309 1237; x_wconf 82' lang='grc' dir='ltr'>τικὴν</span> <span class='ocrx_word' id='word_1_176' title='bbox 2339 1166 2710 1238; x_wconf 77' lang='grc' dir='ltr'>εύκοσμίαν,ἢ</span> <span class='ocrx_word' id='word_1_177' title='bbox 2737 1167 2836 1237; x_wconf 82' lang='grc' dir='ltr'>τὴν</span> <span class='ocrx_word' id='word_1_178' title='bbox 2860 1168 3138 1238; x_wconf 79' lang='grc' dir='ltr'>πολιτικὴν</span> <span class='ocrx_word' id='word_1_179' title='bbox 3161 1169 3485 1238; x_wconf 81' lang='grc' dir='ltr'>ἐπιφάνειαν</span> <span class='ocrx_word' id='word_1_180' title='bbox 3511 1170 3720 1233; x_wconf 69' lang='grc' dir='ltr'>ςΠάκιτα</span> 
     </span>
    </p>
   </div>
   <div class='ocr_carea' id='block_1_22' title="bbox 2151 1258 3722 1330">
    <p class='ocr_par' dir='ltr' id='par_1_22' title="bbox 2151 1258 3722 1330">
     <span class='ocr_line' id='line_1_22' title="bbox 2151 1258 3722 1330; baseline 0.002 -20"><span class='ocrx_word' id='word_1_181' title='bbox 2151 1259 2260 1325; x_wconf 79' lang='grc' dir='ltr'>γὰρ</span> <span class='ocrx_word' id='word_1_182' title='bbox 2291 1258 2427 1328; x_wconf 83' lang='grc' dir='ltr'>ὁμοῦ</span> <span class='ocrx_word' id='word_1_183' title='bbox 2459 1259 2759 1322; x_wconf 78' lang='grc' dir='ltr'>συλλαϐὼν,</span> <span class='ocrx_word' id='word_1_184' title='bbox 2797 1261 2899 1313; x_wconf 82' lang='grc' dir='ltr'>ὅσα</span> <span class='ocrx_word' id='word_1_185' title='bbox 2921 1277 2976 1313; x_wconf 91' lang='grc' dir='ltr'><strong>τε</strong></span> <span class='ocrx_word' id='word_1_186' title='bbox 3005 1261 3171 1323; x_wconf 79' lang='grc' dir='ltr'>δντως</span> <span class='ocrx_word' id='word_1_187' title='bbox 3190 1261 3487 1330; x_wconf 81' lang='grc' dir='ltr'>κοσμοῦσιν</span> <span class='ocrx_word' id='word_1_188' title='bbox 3519 1259 3722 1327; x_wconf 75' lang='grc' dir='ltr'>ἅνθρω-</span> 
     </span>
    </p>
   </div>
   <div class='ocr_carea' id='block_1_23' title="bbox 2150 1347 3722 1423">
    <p class='ocr_par' dir='ltr' id='par_1_23' title="bbox 2150 1347 3722 1423">
     <span class='ocr_line' id='line_1_23' title="bbox 2150 1347 3722 1423; baseline 0.002 -22"><span class='ocrx_word' id='word_1_189' title='bbox 2150 1364 2274 1414; x_wconf 81' lang='grc' dir='ltr'>πον,</span> <span class='ocrx_word' id='word_1_190' title='bbox 2308 1347 2561 1417; x_wconf 77' lang='grc' dir='ltr'>ἀλλήλοις</span> <span class='ocrx_word' id='word_1_191' title='bbox 2586 1351 2761 1404; x_wconf 80' lang='grc' dir='ltr'>ταῦτα</span> <span class='ocrx_word' id='word_1_192' title='bbox 2779 1351 2958 1414; x_wconf 83' lang='grc' dir='ltr'>καλῶς</span> <span class='ocrx_word' id='word_1_193' title='bbox 2994 1352 3339 1423; x_wconf 76' lang='grc' dir='ltr'>συνήρμοσάς</span> <span class='ocrx_word' id='word_1_194' title='bbox 3363 1369 3421 1405; x_wconf 89' lang='grc' dir='ltr'><strong>τε</strong></span> <span class='ocrx_word' id='word_1_195' title='bbox 3444 1353 3542 1406; x_wconf 75' lang='grc' dir='ltr'><strong>καὶ</strong></span> <span class='ocrx_word' id='word_1_196' title='bbox 3575 1369 3722 1405; x_wconf 82' lang='grc' dir='ltr'>συνε-</span> 
     </span>
    </p>
   </div>
   <div class='ocr_carea' id='block_1_24' title="bbox 2152 1439 3723 1515">
    <p class='ocr_par' dir='ltr' id='par_1_24' title="bbox 2152 1439 3723 1515">
     <span class='ocr_line' id='line_1_24' title="bbox 2152 1439 3723 1515; baseline 0.003 -23"><span class='ocrx_word' id='word_1_197' title='bbox 2152 1439 2413 1508; x_wconf 70' lang='grc' dir='ltr'>κόρασας,</span> <span class='ocrx_word' id='word_1_198' title='bbox 2442 1442 2538 1495; x_wconf 79' lang='grc' dir='ltr'>καὶ</span> <span class='ocrx_word' id='word_1_199' title='bbox 2567 1443 2647 1505; x_wconf 87' lang='grc' dir='ltr'><strong>είς</strong></span> <span class='ocrx_word' id='word_1_200' title='bbox 2672 1442 2993 1511; x_wconf 78' lang='grc' dir='ltr'>οἰκονομίαν</span> <span class='ocrx_word' id='word_1_201' title='bbox 3044 1443 3417 1515; x_wconf 55' lang='lat' dir='ltr'><strong>egeremqu</strong></span> <span class='ocrx_word' id='word_1_202' title='bbox 3454 1445 3524 1515; x_wconf 71' lang='grc' dir='ltr'>ἢν</span> <span class='ocrx_word' id='word_1_203' title='bbox 3553 1462 3723 1514; x_wconf 75' lang='grc' dir='ltr'>τεχνιο</span> 
     </span>
    </p>
   </div>
   <div class='ocr_carea' id='block_1_25' title="bbox 2155 1532 3727 1605">
    <p class='ocr_par' dir='ltr' id='par_1_25' title="bbox 2155 1532 3727 1605">
     <span class='ocr_line' id='line_1_25' title="bbox 2155 1532 3727 1605; baseline 0.002 -20"><span class='ocrx_word' id='word_1_204' title='bbox 2155 1532 2268 1594; x_wconf 82' lang='grc' dir='ltr'>κῶς</span> <span class='ocrx_word' id='word_1_205' title='bbox 2303 1532 2700 1603; x_wconf 81' lang='grc' dir='ltr'>ὲμορφὼσαντο</span> <span class='ocrx_word' id='word_1_206' title='bbox 2721 1534 3045 1587; x_wconf 82' lang='grc' dir='ltr'>παντοδαπὰ</span> <span class='ocrx_word' id='word_1_207' title='bbox 3078 1536 3175 1588; x_wconf 71' lang='grc' dir='ltr'><strong>καὶ</strong></span> <span class='ocrx_word' id='word_1_208' title='bbox 3206 1535 3342 1605; x_wconf 80' lang='grc' dir='ltr'>ἄνθη</span> <span class='ocrx_word' id='word_1_209' title='bbox 3369 1538 3463 1589; x_wconf 72' lang='grc' dir='ltr'>καὶ</span> <span class='ocrx_word' id='word_1_210' title='bbox 3513 1537 3727 1605; x_wconf 76' lang='grc' dir='ltr'>χρῶμα·</span> 
     </span>
    </p>
   </div>
   <div class='ocr_carea' id='block_1_26' title="bbox 2155 1615 3725 1695">
    <p class='ocr_par' dir='ltr' id='par_1_26' title="bbox 2155 1615 3725 1695">
     <span class='ocr_line' id='line_1_26' title="bbox 2155 1615 3725 1695; baseline 0.003 -21"><span class='ocrx_word' id='word_1_211' title='bbox 2155 1637 2246 1677; x_wconf 88' lang='grc' dir='ltr'>τα.</span> <span class='ocrx_word' id='word_1_212' title='bbox 2273 1616 2346 1675; x_wconf 80' lang='grc' dir='ltr'><strong><em>Ὠ</em></strong></span> <span class='ocrx_word' id='word_1_213' title='bbox 2386 1623 2733 1692; x_wconf 88' lang='grc' dir='ltr'>τηλικούτων·</span> <span class='ocrx_word' id='word_1_214' title='bbox 2770 1615 3053 1695; x_wconf 73' lang='grc' dir='ltr'>χαρίτωνί</span> <span class='ocrx_word' id='word_1_215' title='bbox 3107 1620 3152 1679; x_wconf 80' lang='grc' dir='ltr'>ὦ</span> <span class='ocrx_word' id='word_1_216' title='bbox 3196 1624 3464 1678; x_wconf 82' lang='grc' dir='ltr'>τοσούτου</span> <span class='ocrx_word' id='word_1_217' title='bbox 3528 1626 3725 1695; x_wconf 66' lang='grc' dir='ltr'>κόσμου</span> 
     </span>
    </p>
   </div>
   <div class='ocr_carea' id='block_1_27' title="bbox 2157 1710 3729 1786">
    <p class='ocr_par' dir='ltr' id='par_1_27' title="bbox 2157 1710 3729 1786">
     <span class='ocr_line' id='line_1_27' title="bbox 2157 1710 3729 1786; baseline 0 -17"><span class='ocrx_word' id='word_1_218' title='bbox 2157 1714 2253 1769; x_wconf 73' lang='grc' dir='ltr'>καὶ</span> <span class='ocrx_word' id='word_1_219' title='bbox 2285 1714 2496 1785; x_wconf 76' lang='grc' dir='ltr'>ἀρετῶν</span> <span class='ocrx_word' id='word_1_220' title='bbox 2551 1716 2564 1769; x_wconf 83' lang='lat' dir='ltr'><strong>i</strong></span> <span class='ocrx_word' id='word_1_221' title='bbox 2601 1710 2646 1769; x_wconf 74' lang='grc' dir='ltr'>ὦ</span> <span class='ocrx_word' id='word_1_222' title='bbox 2675 1716 2963 1785; x_wconf 75' lang='grc' dir='ltr'>ἄνθρωπος</span> <span class='ocrx_word' id='word_1_223' title='bbox 3002 1717 3094 1770; x_wconf 77' lang='grc' dir='ltr'>καὶ</span> <span class='ocrx_word' id='word_1_224' title='bbox 3122 1716 3229 1786; x_wconf 81' lang='grc' dir='ltr'>πρὸ</span> <span class='ocrx_word' id='word_1_225' title='bbox 3262 1717 3521 1785; x_wconf 78' lang='grc' dir='ltr'><strong>τελευτῆς</strong></span> <span class='ocrx_word' id='word_1_226' title='bbox 3568 1717 3729 1779; x_wconf 64' lang='lat' dir='ltr'><strong>bum;</strong></span> 
     </span>
    </p>
   </div>
   <div class='ocr_carea' id='block_1_28' title="bbox 480 1806 2061 1880">
    <p class='ocr_par' dir='ltr' id='par_1_28' title="bbox 480 1806 2054 1880">
     <span class='ocr_line' id='line_1_28' title="bbox 480 1806 2054 1880; baseline 0.005 -23"><span class='ocrx_word' id='word_1_227' title='bbox 480 1816 690 1858; x_wconf 77' lang='lat' dir='ltr'><strong>ciuram</strong></span> <span class='ocrx_word' id='word_1_228' title='bbox 726 1806 948 1875; x_wconf 87' lang='lat' dir='ltr'><strong>quidem</strong></span> <span class='ocrx_word' id='word_1_229' title='bbox 997 1807 1251 1876; x_wconf 81' lang='lat' dir='ltr'><strong>deﬂetus,</strong></span> <span class='ocrx_word' id='word_1_230' title='bbox 1288 1811 1381 1867; x_wconf 89' lang='lat' dir='ltr'><strong>sed</strong></span> <span class='ocrx_word' id='word_1_231' title='bbox 1412 1821 1637 1880; x_wconf 81' lang='lat' dir='ltr'><strong>propter</strong></span> <span class='ocrx_word' id='word_1_232' title='bbox 1664 1809 1890 1864; x_wconf 82' lang='lat' dir='ltr'><strong>virtutes</strong></span> <span class='ocrx_word' id='word_1_233' title='bbox 1915 1809 2054 1865; x_wconf 86' lang='lat' dir='ltr'><strong>cele-</strong></span> 
     </span>
    </p>
   </div>
   <div class='ocr_carea' id='block_1_29' title="bbox 2167 1806 3727 1880">
    <p class='ocr_par' dir='ltr' id='par_1_29' title="bbox 2167 1806 3727 1877">
     <span class='ocr_line' id='line_1_29' title="bbox 2167 1806 3727 1877; baseline -0.001 -17"><span class='ocrx_word' id='word_1_234' title='bbox 2167 1806 2628 1877; x_wconf 79' lang='grc' dir='ltr'>μακαριζόμενος,</span> <span class='ocrx_word' id='word_1_235' title='bbox 2666 1807 2762 1860; x_wconf 72' lang='grc' dir='ltr'>καὶ</span> <span class='ocrx_word' id='word_1_236' title='bbox 2794 1807 2933 1876; x_wconf 84' lang='grc' dir='ltr'>μετὰ</span> <span class='ocrx_word' id='word_1_237' title='bbox 2951 1807 3213 1877; x_wconf 79' lang='grc' dir='ltr'>τελευτὴν</span> <span class='ocrx_word' id='word_1_238' title='bbox 3240 1807 3326 1859; x_wconf 72' lang='grc' dir='ltr'><strong>διὰ</strong></span> <span class='ocrx_word' id='word_1_239' title='bbox 3360 1806 3457 1876; x_wconf 76' lang='grc' dir='ltr'>μὲν</span> <span class='ocrx_word' id='word_1_240' title='bbox 3483 1807 3584 1876; x_wconf 78' lang='grc' dir='ltr'>τὴν</span> <span class='ocrx_word' id='word_1_241' title='bbox 3638 1807 3727 1874; x_wconf 78' lang='grc' dir='ltr'><strong>ζη-</strong></span> 
     </span>
    </p>
   </div>
   <div class='ocr_carea' id='block_1_30' title="bbox 481 1894 2061 1971">
    <p class='ocr_par' dir='ltr' id='par_1_30' title="bbox 481 1894 2050 1971">
     <span class='ocr_line' id='line_1_30' title="bbox 481 1894 2050 1971; baseline 0.006 -23"><span class='ocrx_word' id='word_1_242' title='bbox 481 1894 669 1950; x_wconf 87' lang='lat' dir='ltr'><strong>hratus</strong></span> <span class='ocrx_word' id='word_1_243' title='bbox 690 1898 702 1950; x_wconf 91' lang='lat'><strong>!</strong></span> <span class='ocrx_word' id='word_1_244' title='bbox 729 1896 773 1952; x_wconf 90' lang='grc' dir='ltr'><strong>Ο</strong></span> <span class='ocrx_word' id='word_1_245' title='bbox 799 1897 1054 1968; x_wconf 84' lang='lat' dir='ltr'><strong>juventus</strong></span> <span class='ocrx_word' id='word_1_246' title='bbox 1074 1901 1315 1971; x_wconf 84' lang='lat' dir='ltr'><strong>gloriosa</strong></span> <span class='ocrx_word' id='word_1_247' title='bbox 1335 1902 1349 1956; x_wconf 87' lang='grc' dir='ltr'><strong>ι</strong></span> <span class='ocrx_word' id='word_1_248' title='bbox 1370 1918 1403 1957; x_wconf 94' lang='lat' dir='ltr'><strong>o</strong></span> <span class='ocrx_word' id='word_1_249' title='bbox 1424 1912 1674 1959; x_wconf 86' lang='lat' dir='ltr'><strong>senectus</strong></span> <span class='ocrx_word' id='word_1_250' title='bbox 1693 1902 2050 1957; x_wconf 84' lang='lat' dir='ltr'><strong>coucinendai</strong></span> 
     </span>
    </p>
   </div>
   <div class='ocr_carea' id='block_1_31' title="bbox 2167 1894 3729 1971">
    <p class='ocr_par' dir='ltr' id='par_1_31' title="bbox 2167 1898 3729 1970">
     <span class='ocr_line' id='line_1_31' title="bbox 2167 1898 3729 1970; baseline 0.001 -20"><span class='ocrx_word' id='word_1_251' title='bbox 2167 1898 2300 1968; x_wconf 89' lang='grc' dir='ltr'>μίαν</span> <span class='ocrx_word' id='word_1_252' title='bbox 2339 1898 2732 1970; x_wconf 80' lang='grc' dir='ltr'>θρηνούμενος,</span> <span class='ocrx_word' id='word_1_253' title='bbox 2759 1900 2849 1952; x_wconf 86' lang='grc' dir='ltr'><strong>διὰ</strong></span> <span class='ocrx_word' id='word_1_254' title='bbox 2872 1899 2930 1952; x_wconf 80' lang='grc' dir='ltr'>δὲ</span> <span class='ocrx_word' id='word_1_255' title='bbox 2955 1901 3056 1963; x_wconf 75' lang='grc' dir='ltr'><strong>τὰς</strong></span> <span class='ocrx_word' id='word_1_256' title='bbox 3081 1899 3281 1970; x_wconf 80' lang='grc' dir='ltr'>ἀρετὰς</span> <span class='ocrx_word' id='word_1_257' title='bbox 3304 1899 3729 1969; x_wconf 75' lang='grc' dir='ltr'>ὲξυμνούμενοςί</span> 
     </span>
    </p>
   </div>
   <div class='ocr_carea' id='block_1_32' title="bbox 487 1984 2061 2062">
    <p class='ocr_par' dir='ltr' id='par_1_32' title="bbox 487 1984 2055 2057">
     <span class='ocr_line' id='line_1_32' title="bbox 487 1984 2055 2057; baseline 0.004 -18"><span class='ocrx_word' id='word_1_258' title='bbox 487 1984 618 2040; x_wconf 84' lang='lat' dir='ltr'><strong>Nam</strong></span> <span class='ocrx_word' id='word_1_259' title='bbox 643 1993 900 2056; x_wconf 78' lang='lat' dir='ltr'><strong>juvenem</strong></span> <span class='ocrx_word' id='word_1_260' title='bbox 940 1990 1130 2047; x_wconf 83' lang='lat' dir='ltr'><strong>habuit</strong></span> <span class='ocrx_word' id='word_1_261' title='bbox 1155 2007 1279 2047; x_wconf 89' lang='lat' dir='ltr'><strong>eum</strong></span> <span class='ocrx_word' id='word_1_262' title='bbox 1323 1993 1625 2048; x_wconf 81' lang='lat' dir='ltr'><strong>litterarum</strong></span> <span class='ocrx_word' id='word_1_263' title='bbox 1657 1993 1874 2057; x_wconf 83' lang='lat' dir='ltr'><strong>civitas,</strong></span> <span class='ocrx_word' id='word_1_264' title='bbox 1905 1992 2055 2048; x_wconf 88' lang='lat' dir='ltr'><strong>Con-</strong></span> 
     </span>
    </p>
   </div>
   <div class='ocr_carea' id='block_1_33' title="bbox 2167 1984 3733 2062">
    <p class='ocr_par' dir='ltr' id='par_1_33' title="bbox 2167 1984 3733 2062">
     <span class='ocr_line' id='line_1_33' title="bbox 2167 1984 3733 2062; baseline -0.003 -16"><span class='ocrx_word' id='word_1_265' title='bbox 2167 1985 2232 2046; x_wconf 83' lang='grc' dir='ltr'><strong><em>Ὦ</em></strong></span> <span class='ocrx_word' id='word_1_266' title='bbox 2267 1990 2459 2060; x_wconf 83' lang='grc' dir='ltr'>νεότης</span> <span class='ocrx_word' id='word_1_267' title='bbox 2510 1989 2825 2061; x_wconf 77' lang='grc' dir='ltr'>περίδοξοςί</span> <span class='ocrx_word' id='word_1_268' title='bbox 2867 1984 2914 2044; x_wconf 84' lang='grc' dir='ltr'><strong>ὦ</strong></span> <span class='ocrx_word' id='word_1_269' title='bbox 2961 1992 3142 2062; x_wconf 77' lang='grc' dir='ltr'>γῆρας</span> <span class='ocrx_word' id='word_1_270' title='bbox 3196 1990 3477 2060; x_wconf 70' lang='grc' dir='ltr'>ἀοίδιμονί</span> <span class='ocrx_word' id='word_1_271' title='bbox 3535 1988 3733 2055; x_wconf 75' lang='grc' dir='ltr'>’Λκμάο</span> 
     </span>
    </p>
   </div>
   <div class='ocr_carea' id='block_1_34' title="bbox 483 2077 2061 2153">
    <p class='ocr_par' dir='ltr' id='par_1_34' title="bbox 483 2079 2054 2153">
     <span class='ocr_line' id='line_1_34' title="bbox 483 2079 2054 2153; baseline 0.003 -22"><span class='ocrx_word' id='word_1_272' title='bbox 483 2079 906 2150; x_wconf 85' lang='lat' dir='ltr'><strong>stantinopolis.</strong></span> <span class='ocrx_word' id='word_1_273' title='bbox 969 2092 1022 2137; x_wconf 78' lang='lat' dir='ltr'><strong>rt</strong></span> <span class='ocrx_word' id='word_1_274' title='bbox 1076 2085 1256 2141; x_wconf 90' lang='lat' dir='ltr'><strong>omnis</strong></span> <span class='ocrx_word' id='word_1_275' title='bbox 1314 2084 1571 2153; x_wconf 83' lang='lat' dir='ltr'><strong>juventus</strong></span> <span class='ocrx_word' id='word_1_276' title='bbox 1619 2085 1815 2140; x_wconf 85' lang='lat' dir='ltr'><strong>litteris</strong></span> <span class='ocrx_word' id='word_1_277' title='bbox 1875 2084 2054 2140; x_wconf 87' lang='lat' dir='ltr'><strong>dedita</strong></span> 
     </span>
    </p>
   </div>
   <div class='ocr_carea' id='block_1_35' title="bbox 2167 2077 3735 2153">
    <p class='ocr_par' dir='ltr' id='par_1_35' title="bbox 2167 2077 3735 2152">
     <span class='ocr_line' id='line_1_35' title="bbox 2167 2077 3735 2152; baseline -0.001 -19"><span class='ocrx_word' id='word_1_278' title='bbox 2167 2079 2327 2143; x_wconf 77' lang='grc' dir='ltr'>ζοντα</span> <span class='ocrx_word' id='word_1_279' title='bbox 2360 2080 2458 2151; x_wconf 76' lang='grc' dir='ltr'>μὲν</span> <span class='ocrx_word' id='word_1_280' title='bbox 2495 2082 2606 2151; x_wconf 84' lang='grc' dir='ltr'>γὰρ</span> <span class='ocrx_word' id='word_1_281' title='bbox 2629 2077 2742 2152; x_wconf 75' lang='grc' dir='ltr'>εἶχέ</span> <span class='ocrx_word' id='word_1_282' title='bbox 2770 2083 2889 2152; x_wconf 80' lang='grc' dir='ltr'>τεὴ</span> <span class='ocrx_word' id='word_1_283' title='bbox 2930 2081 3040 2135; x_wconf 86' lang='grc' dir='ltr'><strong>τῶν</strong></span> <span class='ocrx_word' id='word_1_284' title='bbox 3069 2082 3243 2149; x_wconf 86' lang='grc' dir='ltr'>λόγων</span> <span class='ocrx_word' id='word_1_285' title='bbox 3282 2079 3458 2142; x_wconf 80' lang='grc' dir='ltr'>πόλις,</span> <span class='ocrx_word' id='word_1_286' title='bbox 3496 2082 3528 2149; x_wconf 80' lang='grc' dir='ltr'><strong>ἡ</strong></span> <span class='ocrx_word' id='word_1_287' title='bbox 3589 2082 3735 2134; x_wconf 80' lang='grc' dir='ltr'>Κων-</span> 
     </span>
    </p>
   </div>
   <div class='ocr_carea' id='block_1_36' title="bbox 483 2168 2058 2248">
    <p class='ocr_par' dir='ltr' id='par_1_36' title="bbox 483 2168 2058 2248">
     <span class='ocr_line' id='line_1_36' title="bbox 483 2168 2058 2248; baseline 0.005 -25"><span class='ocrx_word' id='word_1_288' title='bbox 483 2168 625 2225; x_wconf 86' lang='lat' dir='ltr'><strong>circa</strong></span> <span class='ocrx_word' id='word_1_289' title='bbox 670 2172 851 2239; x_wconf 89' lang='lat' dir='ltr'><strong>illum;</strong></span> <span class='ocrx_word' id='word_1_290' title='bbox 916 2173 1193 2231; x_wconf 81' lang='lat' dir='ltr'><strong>Musarum</strong></span> <span class='ocrx_word' id='word_1_291' title='bbox 1247 2179 1396 2233; x_wconf 89' lang='lat' dir='ltr'><strong>velut</strong></span> <span class='ocrx_word' id='word_1_292' title='bbox 1452 2177 1711 2248; x_wconf 87' lang='lat' dir='ltr'><strong>templum</strong></span> <span class='ocrx_word' id='word_1_293' title='bbox 1745 2183 1903 2244; x_wconf 85' lang='lat' dir='ltr'><strong>erat;</strong></span> <span class='ocrx_word' id='word_1_294' title='bbox 1952 2176 2058 2231; x_wconf 91' lang='lat' dir='ltr'><strong>alia</strong></span> 
     </span>
    </p>
   </div>
   <div class='ocr_carea' id='block_1_37' title="bbox 486 2264 2048 2338">
    <p class='ocr_par' dir='ltr' id='par_1_37' title="bbox 486 2264 2048 2338">
     <span class='ocr_line' id='line_1_37' title="bbox 486 2264 2048 2338; baseline 0.004 -22"><span class='ocrx_word' id='word_1_295' title='bbox 486 2264 731 2329; x_wconf 79' lang='lat' dir='ltr'><strong>qua-dam</strong></span> <span class='ocrx_word' id='word_1_296' title='bbox 760 2264 1074 2330; x_wconf 81' lang='lat' dir='ltr'><strong>Academia,</strong></span> <span class='ocrx_word' id='word_1_297' title='bbox 1105 2267 1422 2324; x_wconf 83' lang='lat' dir='ltr'><strong>Porticusve</strong></span> <span class='ocrx_word' id='word_1_298' title='bbox 1470 2278 1526 2324; x_wconf 88' lang='lat' dir='ltr'><strong>et</strong></span> <span class='ocrx_word' id='word_1_299' title='bbox 1569 2268 2048 2338; x_wconf 77' lang='lat' dir='ltr'><strong>Peripateticorum</strong></span> 
     </span>
    </p>
   </div>
   <div class='ocr_carea' id='block_1_38' title="bbox 488 2355 2057 2431">
    <p class='ocr_par' dir='ltr' id='par_1_38' title="bbox 488 2355 2057 2431">
     <span class='ocr_line' id='line_1_38' title="bbox 488 2355 2057 2431; baseline 0.003 -23"><span class='ocrx_word' id='word_1_300' title='bbox 488 2355 1011 2414; x_wconf 69' lang='lat' dir='ltr'><strong>deanihulatorium.</strong></span> <span class='ocrx_word' id='word_1_301' title='bbox 1063 2360 1217 2417; x_wconf 82' lang='lat' dir='ltr'><strong>Alios</strong></span> <span class='ocrx_word' id='word_1_302' title='bbox 1271 2361 1489 2431; x_wconf 84' lang='lat' dir='ltr'><strong>quidem</strong></span> <span class='ocrx_word' id='word_1_303' title='bbox 1575 2361 1951 2415; x_wconf 84' lang='lat' dir='ltr'><strong>introducebat</strong></span> <span class='ocrx_word' id='word_1_304' title='bbox 2004 2361 2057 2414; x_wconf 91' lang='lat' dir='ltr'><strong>in</strong></span> 
     </span>
    </p>
   </div>
   <div class='ocr_carea' id='block_1_39' title="bbox 486 2448 2059 2523">
    <p class='ocr_par' dir='ltr' id='par_1_39' title="bbox 486 2448 2059 2523">
     <span class='ocr_line' id='line_1_39' title="bbox 486 2448 2059 2523; baseline 0.006 -27"><span class='ocrx_word' id='word_1_305' title='bbox 486 2448 902 2513; x_wconf 80' lang='lat' dir='ltr'><strong>grammaticam</strong></span> <span class='ocrx_word' id='word_1_306' title='bbox 933 2489 949 2515; x_wconf 96' lang='lat'><strong>,</strong></span> <span class='ocrx_word' id='word_1_307' title='bbox 1012 2450 1067 2505; x_wconf 90' lang='lat' dir='ltr'><strong>in</strong></span> <span class='ocrx_word' id='word_1_308' title='bbox 1105 2461 1280 2507; x_wconf 88' lang='lat' dir='ltr'><strong>metra</strong></span> <span class='ocrx_word' id='word_1_309' title='bbox 1341 2461 1501 2523; x_wconf 86' lang='lat' dir='ltr'><strong>atque</strong></span> <span class='ocrx_word' id='word_1_310' title='bbox 1541 2452 1770 2522; x_wconf 90' lang='lat' dir='ltr'><strong>poesim,</strong></span> <span class='ocrx_word' id='word_1_311' title='bbox 1812 2460 1959 2507; x_wconf 89' lang='lat' dir='ltr'><strong>tanta</strong></span> <span class='ocrx_word' id='word_1_312' title='bbox 1990 2452 2059 2506; x_wconf 88' lang='lat' dir='ltr'><strong>de</strong></span> 
     </span>
    </p>
   </div>
   <div class='ocr_carea' id='block_1_40' title="bbox 487 2535 2058 2615">
    <p class='ocr_par' dir='ltr' id='par_1_40' title="bbox 487 2535 2058 2615">
     <span class='ocr_line' id='line_1_40' title="bbox 487 2535 2058 2615; baseline 0.004 -27"><span class='ocrx_word' id='word_1_313' title='bbox 487 2535 597 2590; x_wconf 82' lang='lat' dir='ltr'><strong>illis</strong></span> <span class='ocrx_word' id='word_1_314' title='bbox 636 2537 864 2591; x_wconf 88' lang='lat' dir='ltr'><strong>scientia</strong></span> <span class='ocrx_word' id='word_1_315' title='bbox 920 2541 1181 2608; x_wconf 66' lang='lat' dir='ltr'><strong>prmditus</strong></span> <span class='ocrx_word' id='word_1_316' title='bbox 1236 2549 1297 2596; x_wconf 92' lang='lat' dir='ltr'><strong>ut</strong></span> <span class='ocrx_word' id='word_1_317' title='bbox 1345 2542 1497 2597; x_wconf 90' lang='lat' dir='ltr'><strong>nullo</strong></span> <span class='ocrx_word' id='word_1_318' title='bbox 1550 2543 1711 2615; x_wconf 72' lang='lat' dir='ltr'><strong>plodo</strong></span> <span class='ocrx_word' id='word_1_319' title='bbox 1764 2543 2058 2597; x_wconf 81' lang='lat' dir='ltr'><strong>ab.earum</strong></span> 
     </span>
    </p>
   </div>
   <div class='ocr_carea' id='block_1_41' title="bbox 487 2628 2062 2703">
    <p class='ocr_par' dir='ltr' id='par_1_41' title="bbox 487 2628 2062 2703">
     <span class='ocr_line' id='line_1_41' title="bbox 487 2628 2062 2703; baseline 0.005 -23"><span class='ocrx_word' id='word_1_320' title='bbox 487 2628 950 2698; x_wconf 74' lang='lat' dir='ltr'><strong>cxcogitatoribus</strong></span> <span class='ocrx_word' id='word_1_321' title='bbox 1000 2643 1289 2703; x_wconf 89' lang='lat' dir='ltr'><strong>superatus</strong></span> <span class='ocrx_word' id='word_1_322' title='bbox 1328 2634 1558 2703; x_wconf 78' lang='lat' dir='ltr'><strong>fuisset;</strong></span> <span class='ocrx_word' id='word_1_323' title='bbox 1607 2635 1747 2691; x_wconf 88' lang='lat' dir='ltr'><strong>alios</strong></span> <span class='ocrx_word' id='word_1_324' title='bbox 1783 2649 1913 2689; x_wconf 86' lang='lat' dir='ltr'><strong>vero</strong></span> <span class='ocrx_word' id='word_1_325' title='bbox 1957 2635 2062 2689; x_wconf 89' lang='lat' dir='ltr'><strong>lin-</strong></span> 
     </span>
    </p>
   </div>
   <div class='ocr_carea' id='block_1_42' title="bbox 487 2720 2060 2794">
    <p class='ocr_par' dir='ltr' id='par_1_42' title="bbox 487 2720 2060 2794">
     <span class='ocr_line' id='line_1_42' title="bbox 487 2720 2060 2794; baseline 0.007 -25"><span class='ocrx_word' id='word_1_326' title='bbox 487 2734 649 2787; x_wconf 83' lang='lat' dir='ltr'><strong>gnam</strong></span> <span class='ocrx_word' id='word_1_327' title='bbox 682 2720 930 2790; x_wconf 73' lang='lat' dir='ltr'><strong>docebai,</strong></span> <span class='ocrx_word' id='word_1_328' title='bbox 961 2725 1028 2779; x_wconf 85' lang='lat' dir='ltr'><strong>ad</strong></span> <span class='ocrx_word' id='word_1_329' title='bbox 1077 2725 1403 2781; x_wconf 88' lang='lat' dir='ltr'><strong>rhetoricam</strong></span> <span class='ocrx_word' id='word_1_330' title='bbox 1443 2727 1658 2794; x_wconf 88' lang='lat' dir='ltr'><strong>ductos,</strong></span> <span class='ocrx_word' id='word_1_331' title='bbox 1686 2738 1737 2783; x_wconf 90' lang='lat' dir='ltr'><strong>et</strong></span> <span class='ocrx_word' id='word_1_332' title='bbox 1771 2727 1905 2782; x_wconf 88' lang='lat' dir='ltr'><strong>alios</strong></span> <span class='ocrx_word' id='word_1_333' title='bbox 1938 2725 2060 2781; x_wconf 86' lang='lat' dir='ltr'><strong>aliis</strong></span> 
     </span>
    </p>
   </div>
   <div class='ocr_carea' id='block_1_43' title="bbox 488 2814 2060 2875">
    <p class='ocr_par' dir='ltr' id='par_1_43' title="bbox 488 2814 2060 2875">
     <span class='ocr_line' id='line_1_43' title="bbox 488 2814 2060 2875; baseline 0.005 -9"><span class='ocrx_word' id='word_1_334' title='bbox 488 2814 779 2868; x_wconf 67' lang='lat' dir='ltr'><strong>exercebat</strong></span> <span class='ocrx_word' id='word_1_335' title='bbox 829 2823 947 2869; x_wconf 87' lang='lat' dir='ltr'><strong>tum</strong></span> <span class='ocrx_word' id='word_1_336' title='bbox 976 2816 1419 2875; x_wconf 85' lang='lat' dir='ltr'><strong>institutionibus</strong></span> <span class='ocrx_word' id='word_1_337' title='bbox 1468 2829 1579 2874; x_wconf 91' lang='lat' dir='ltr'><strong>tum</strong></span> <span class='ocrx_word' id='word_1_338' title='bbox 1630 2820 1920 2875; x_wconf 86' lang='lat' dir='ltr'><strong>doctrinis.</strong></span> <span class='ocrx_word' id='word_1_339' title='bbox 1953 2818 2060 2874; x_wconf 89' lang='lat' dir='ltr'><strong>Sed</strong></span> 
     </span>
    </p>
   </div>
   <div class='ocr_carea' id='block_1_44' title="bbox 488 2903 2062 2983">
    <p class='ocr_par' dir='ltr' id='par_1_44' title="bbox 488 2903 2062 2983">
     <span class='ocr_line' id='line_1_44' title="bbox 488 2903 2062 2983; baseline 0.006 -25"><span class='ocrx_word' id='word_1_340' title='bbox 488 2917 559 2959; x_wconf 86' lang='lat' dir='ltr'><strong>eo</strong></span> <span class='ocrx_word' id='word_1_341' title='bbox 580 2903 865 2973; x_wconf 83' lang='lat' dir='ltr'><strong>juventam</strong></span> <span class='ocrx_word' id='word_1_342' title='bbox 899 2918 1258 2977; x_wconf 71' lang='lat' dir='ltr'><strong>transgresso,</strong></span> <span class='ocrx_word' id='word_1_343' title='bbox 1295 2920 1351 2966; x_wconf 91' lang='lat' dir='ltr'><strong>et</strong></span> <span class='ocrx_word' id='word_1_344' title='bbox 1374 2912 1426 2966; x_wconf 92' lang='lat' dir='ltr'><strong>in</strong></span> <span class='ocrx_word' id='word_1_345' title='bbox 1456 2912 1749 2983; x_wconf 60' lang='lat' dir='ltr'><strong>pontiﬁcis:</strong></span> <span class='ocrx_word' id='word_1_346' title='bbox 1784 2912 2062 2982; x_wconf 79' lang='lat' dir='ltr'><strong>dignitatis</strong></span> 
     </span>
    </p>
   </div>
   <div class='ocr_carea' id='block_1_45' title="bbox 495 2996 2061 3076">
    <p class='ocr_par' dir='ltr' id='par_1_45' title="bbox 495 2996 2061 3076">
     <span class='ocr_line' id='line_1_45' title="bbox 495 2996 2061 3076; baseline 0.008 -28"><span class='ocrx_word' id='word_1_347' title='bbox 495 2996 841 3052; x_wconf 83' lang='lat' dir='ltr'><strong>altitudinem</strong></span> <span class='ocrx_word' id='word_1_348' title='bbox 873 3003 1225 3069; x_wconf 83' lang='lat' dir='ltr'><strong>ascendente,</strong></span> <span class='ocrx_word' id='word_1_349' title='bbox 1260 3004 1389 3073; x_wconf 85' lang='lat' dir='ltr'><strong>quid</strong></span> <span class='ocrx_word' id='word_1_350' title='bbox 1417 3020 1643 3061; x_wconf 89' lang='lat' dir='ltr'><strong>necesse</strong></span> <span class='ocrx_word' id='word_1_351' title='bbox 1665 3006 1821 3076; x_wconf 81' lang='lat' dir='ltr'><strong>plura</strong></span> <span class='ocrx_word' id='word_1_352' title='bbox 1838 3006 2061 3062; x_wconf 84' lang='lat' dir='ltr'><strong>dicere?</strong></span> 
     </span>
    </p>
   </div>
   <div class='ocr_carea' id='block_1_46' title="bbox 494 3088 2066 3172">
    <p class='ocr_par' dir='ltr' id='par_1_46' title="bbox 494 3088 2066 3172">
     <span class='ocr_line' id='line_1_46' title="bbox 494 3088 2066 3172; baseline 0.008 -27"><span class='ocrx_word' id='word_1_353' title='bbox 494 3088 649 3146; x_wconf 90' lang='lat' dir='ltr'><strong>Unus</strong></span> <span class='ocrx_word' id='word_1_354' title='bbox 700 3092 757 3147; x_wconf 88' lang='lat' dir='ltr'><strong>in</strong></span> <span class='ocrx_word' id='word_1_355' title='bbox 788 3094 1169 3163; x_wconf 87' lang='lat' dir='ltr'><strong>pontiﬁcibus,</strong></span> <span class='ocrx_word' id='word_1_356' title='bbox 1208 3114 1353 3156; x_wconf 91' lang='lat' dir='ltr'><strong>unus</strong></span> <span class='ocrx_word' id='word_1_357' title='bbox 1382 3100 1437 3154; x_wconf 94' lang='lat' dir='ltr'><strong>in</strong></span> <span class='ocrx_word' id='word_1_358' title='bbox 1467 3102 1804 3172; x_wconf 82' lang='lat' dir='ltr'><strong>sapientibus</strong></span> <span class='ocrx_word' id='word_1_359' title='bbox 1832 3101 2066 3158; x_wconf 91' lang='lat' dir='ltr'><strong>Thessa-</strong></span> 
     </span>
    </p>
   </div>
   <div class='ocr_carea' id='block_1_47' title="bbox 493 3181 2066 3261">
    <p class='ocr_par' dir='ltr' id='par_1_47' title="bbox 493 3181 2066 3261">
     <span class='ocr_line' id='line_1_47' title="bbox 493 3181 2066 3261; baseline 0.01 -27"><span class='ocrx_word' id='word_1_360' title='bbox 493 3181 787 3239; x_wconf 87' lang='lat' dir='ltr'><strong>lonicensis</strong></span> <span class='ocrx_word' id='word_1_361' title='bbox 815 3186 1106 3257; x_wconf 88' lang='lat' dir='ltr'><strong>episcopus</strong></span> <span class='ocrx_word' id='word_1_362' title='bbox 1147 3189 1215 3245; x_wconf 89' lang='lat' dir='ltr'><strong>ab</strong></span> <span class='ocrx_word' id='word_1_363' title='bbox 1237 3191 1492 3247; x_wconf 88' lang='lat' dir='ltr'><strong>omnibus</strong></span> <span class='ocrx_word' id='word_1_364' title='bbox 1540 3192 1961 3261; x_wconf 69' lang='lat' dir='ltr'><strong>praedicabatur.</strong></span> <span class='ocrx_word' id='word_1_365' title='bbox 1999 3194 2066 3249; x_wconf 89' lang='lat' dir='ltr'><strong>Et</strong></span> 
     </span>
    </p>
   </div>
   <div class='ocr_carea' id='block_1_48' title="bbox 495 3274 2064 3351">
    <p class='ocr_par' dir='ltr' id='par_1_48' title="bbox 495 3274 2064 3351">
     <span class='ocr_line' id='line_1_48' title="bbox 495 3274 2064 3351; baseline 0.01 -27"><span class='ocrx_word' id='word_1_366' title='bbox 495 3286 642 3327; x_wconf 90' lang='lat' dir='ltr'><strong>nunc</strong></span> <span class='ocrx_word' id='word_1_367' title='bbox 668 3274 778 3328; x_wconf 89' lang='lat' dir='ltr'><strong>vita</strong></span> <span class='ocrx_word' id='word_1_368' title='bbox 799 3275 1115 3333; x_wconf 80' lang='lat' dir='ltr'><strong>defunctum</strong></span> <span class='ocrx_word' id='word_1_369' title='bbox 1150 3280 1326 3350; x_wconf 85' lang='lat' dir='ltr'><strong>plorat</strong></span> <span class='ocrx_word' id='word_1_370' title='bbox 1355 3291 1501 3339; x_wconf 84' lang='lat' dir='ltr'><strong>totus</strong></span> <span class='ocrx_word' id='word_1_371' title='bbox 1526 3282 1810 3339; x_wconf 91' lang='lat' dir='ltr'><strong>doctorum</strong></span> <span class='ocrx_word' id='word_1_372' title='bbox 1843 3285 2064 3351; x_wconf 89' lang='lat' dir='ltr'><strong>chorus,</strong></span> 
     </span>
    </p>
   </div>
   <div class='ocr_carea' id='block_1_49' title="bbox 494 3363 2068 3443">
    <p class='ocr_par' dir='ltr' id='par_1_49' title="bbox 494 3363 2068 3443">
     <span class='ocr_line' id='line_1_49' title="bbox 494 3363 2068 3443; baseline 0.009 -29"><span class='ocrx_word' id='word_1_373' title='bbox 494 3369 548 3415; x_wconf 91' lang='lat' dir='ltr'><strong>et</strong></span> <span class='ocrx_word' id='word_1_374' title='bbox 583 3363 816 3432; x_wconf 86' lang='lat' dir='ltr'><strong>amplius</strong></span> <span class='ocrx_word' id='word_1_375' title='bbox 867 3366 990 3422; x_wconf 88' lang='lat' dir='ltr'><strong>istis</strong></span> <span class='ocrx_word' id='word_1_376' title='bbox 1037 3369 1311 3440; x_wconf 85' lang='lat' dir='ltr'><strong>sapientes</strong></span> <span class='ocrx_word' id='word_1_377' title='bbox 1365 3373 1485 3442; x_wconf 89' lang='lat' dir='ltr'><strong>ejus</strong></span> <span class='ocrx_word' id='word_1_378' title='bbox 1546 3373 1842 3443; x_wconf 89' lang='lat' dir='ltr'><strong>discipuli;</strong></span> <span class='ocrx_word' id='word_1_379' title='bbox 1893 3375 2068 3442; x_wconf 80' lang='lat' dir='ltr'><strong>plorat</strong></span> 
     </span>
    </p>
   </div>
   <div class='ocr_carea' id='block_1_50' title="bbox 2166 2171 3735 2243">
    <p class='ocr_par' dir='ltr' id='par_1_50' title="bbox 2166 2171 3735 2243">
     <span class='ocr_line' id='line_1_50' title="bbox 2166 2171 3735 2243; baseline -0.001 -19"><span class='ocrx_word' id='word_1_380' title='bbox 2166 2171 2471 2232; x_wconf 89' lang='grc' dir='ltr'>σταντίνου.</span> <span class='ocrx_word' id='word_1_381' title='bbox 2510 2171 2663 2243; x_wconf 79' lang='grc' dir='ltr'>καὶὴ</span> <span class='ocrx_word' id='word_1_382' title='bbox 2696 2172 2982 2240; x_wconf 85' lang='grc' dir='ltr'>φιλολόγος</span> <span class='ocrx_word' id='word_1_383' title='bbox 3009 2172 3226 2225; x_wconf 86' lang='grc' dir='ltr'>νεολαία</span> <span class='ocrx_word' id='word_1_384' title='bbox 3265 2173 3415 2224; x_wconf 82' lang='grc' dir='ltr'>πᾶσα</span> <span class='ocrx_word' id='word_1_385' title='bbox 3478 2172 3606 2241; x_wconf 72' lang='grc' dir='ltr'>περὶ</span> <span class='ocrx_word' id='word_1_386' title='bbox 3648 2172 3735 2223; x_wconf 78' lang='grc' dir='ltr'>αύ-</span> 
     </span>
    </p>
   </div>
   <div class='ocr_carea' id='block_1_51' title="bbox 2161 2256 3734 2330">
    <p class='ocr_par' dir='ltr' id='par_1_51' title="bbox 2161 2256 3734 2330">
     <span class='ocr_line' id='line_1_51' title="bbox 2161 2256 3734 2330; baseline -0.004 -17"><span class='ocrx_word' id='word_1_387' title='bbox 2161 2260 2275 2327; x_wconf 81' lang='grc' dir='ltr'>τὸν,</span> <span class='ocrx_word' id='word_1_388' title='bbox 2293 2262 2390 2314; x_wconf 80' lang='grc' dir='ltr'>καὶ</span> <span class='ocrx_word' id='word_1_389' title='bbox 2420 2257 2490 2330; x_wconf 82' lang='grc' dir='ltr'>ἦν</span> <span class='ocrx_word' id='word_1_390' title='bbox 2532 2262 2780 2328; x_wconf 83' lang='grc' dir='ltr'>μουσεῖον</span> <span class='ocrx_word' id='word_1_391' title='bbox 2813 2260 3078 2329; x_wconf 79' lang='grc' dir='ltr'>ἄντικρυς</span> <span class='ocrx_word' id='word_1_392' title='bbox 3139 2259 3200 2311; x_wconf 78' lang='grc' dir='ltr'>τὸ</span> <span class='ocrx_word' id='word_1_393' title='bbox 3250 2258 3545 2327; x_wconf 85' lang='grc' dir='ltr'>δωμάτιον,</span> <span class='ocrx_word' id='word_1_394' title='bbox 3609 2256 3734 2322; x_wconf 70' lang='grc' dir='ltr'>άλλη</span> 
     </span>
    </p>
   </div>
   <div class='ocr_carea' id='block_1_52' title="bbox 2160 2343 3733 2422">
    <p class='ocr_par' dir='ltr' id='par_1_52' title="bbox 2160 2343 3733 2422">
     <span class='ocr_line' id='line_1_52' title="bbox 2160 2343 3733 2422; baseline -0.004 -17"><span class='ocrx_word' id='word_1_395' title='bbox 2160 2370 2242 2416; x_wconf 88' lang='grc' dir='ltr'><strong>τις</strong></span> <span class='ocrx_word' id='word_1_396' title='bbox 2282 2352 2478 2422; x_wconf 79' lang='grc' dir='ltr'>’Δκαδη</span> <span class='ocrx_word' id='word_1_397' title='bbox 2488 2353 2589 2421; x_wconf 85' lang='grc' dir='ltr'><strong>μία</strong></span> <span class='ocrx_word' id='word_1_398' title='bbox 2613 2353 2709 2405; x_wconf 72' lang='grc' dir='ltr'>καὶ</span> <span class='ocrx_word' id='word_1_399' title='bbox 2738 2351 2878 2405; x_wconf 83' lang='grc' dir='ltr'>Στοὰ</span> <span class='ocrx_word' id='word_1_400' title='bbox 2906 2352 3003 2405; x_wconf 70' lang='grc' dir='ltr'>καὶ</span> <span class='ocrx_word' id='word_1_401' title='bbox 3029 2350 3361 2421; x_wconf 83' lang='grc' dir='ltr'>Περίπατος.</span> <span class='ocrx_word' id='word_1_402' title='bbox 3393 2348 3504 2402; x_wconf 71' lang='grc' dir='ltr'><strong>Καὶ</strong></span> <span class='ocrx_word' id='word_1_403' title='bbox 3529 2343 3612 2412; x_wconf 74' lang='grc' dir='ltr'>οἷς</span> <span class='ocrx_word' id='word_1_404' title='bbox 3644 2347 3733 2415; x_wconf 84' lang='grc' dir='ltr'>μὲν</span> 
     </span>
    </p>
   </div>
   <div class='ocr_carea' id='block_1_53' title="bbox 2163 2441 3734 2516">
    <p class='ocr_par' dir='ltr' id='par_1_53' title="bbox 2163 2441 3734 2516">
     <span class='ocr_line' id='line_1_53' title="bbox 2163 2441 3734 2516; baseline -0.006 -15"><span class='ocrx_word' id='word_1_405' title='bbox 2163 2447 2421 2516; x_wconf 70' lang='grc' dir='ltr'>ἐχορήγει</span> <span class='ocrx_word' id='word_1_406' title='bbox 2454 2443 2858 2516; x_wconf 76' lang='grc' dir='ltr'>γραμματικὴν</span> <span class='ocrx_word' id='word_1_407' title='bbox 2880 2446 2977 2499; x_wconf 79' lang='grc' dir='ltr'>καὶ</span> <span class='ocrx_word' id='word_1_408' title='bbox 3007 2445 3182 2516; x_wconf 83' lang='grc' dir='ltr'>μέτρα</span> <span class='ocrx_word' id='word_1_409' title='bbox 3226 2444 3323 2497; x_wconf 71' lang='grc' dir='ltr'><strong>καὶ</strong></span> <span class='ocrx_word' id='word_1_410' title='bbox 3368 2441 3610 2510; x_wconf 77' lang='grc' dir='ltr'>ποίησιν,</span> <span class='ocrx_word' id='word_1_411' title='bbox 3662 2458 3734 2492; x_wconf 83' lang='grc' dir='ltr'>το-</span> 
     </span>
    </p>
   </div>
   <div class='ocr_carea' id='block_1_54' title="bbox 2165 2533 3731 2610">
    <p class='ocr_par' dir='ltr' id='par_1_54' title="bbox 2165 2533 3731 2610">
     <span class='ocr_line' id='line_1_54' title="bbox 2165 2533 3731 2610; baseline -0.005 -18"><span class='ocrx_word' id='word_1_412' title='bbox 2165 2538 2373 2610; x_wconf 86' lang='grc' dir='ltr'>σαύτην</span> <span class='ocrx_word' id='word_1_413' title='bbox 2397 2538 2535 2609; x_wconf 70' lang='grc' dir='ltr'>ιχων</span> <span class='ocrx_word' id='word_1_414' title='bbox 2569 2538 2779 2593; x_wconf 87' lang='grc' dir='ltr'>τούτων</span> <span class='ocrx_word' id='word_1_415' title='bbox 2802 2539 2903 2610; x_wconf 81' lang='grc' dir='ltr'>τὴν</span> <span class='ocrx_word' id='word_1_416' title='bbox 2931 2539 3127 2607; x_wconf 81' lang='grc' dir='ltr'>ὲπιστή</span> <span class='ocrx_word' id='word_1_417' title='bbox 3141 2554 3266 2606; x_wconf 85' lang='grc' dir='ltr'>μην.</span> <span class='ocrx_word' id='word_1_418' title='bbox 3293 2535 3370 2597; x_wconf 84' lang='grc' dir='ltr'>ὡς</span> <span class='ocrx_word' id='word_1_419' title='bbox 3419 2534 3590 2604; x_wconf 75' lang='grc' dir='ltr'>μηδὲν</span> <span class='ocrx_word' id='word_1_420' title='bbox 3632 2533 3731 2586; x_wconf 85' lang='grc' dir='ltr'><strong>τῶν</strong></span> 
     </span>
    </p>
   </div>
   <div class='ocr_carea' id='block_1_55' title="bbox 2164 2618 3735 2699">
    <p class='ocr_par' dir='ltr' id='par_1_55' title="bbox 2164 2618 3735 2699">
     <span class='ocr_line' id='line_1_55' title="bbox 2164 2618 3735 2699; baseline -0.005 -17"><span class='ocrx_word' id='word_1_421' title='bbox 2164 2628 2491 2698; x_wconf 74' lang='grc' dir='ltr'>ἀρξαμένων</span> <span class='ocrx_word' id='word_1_422' title='bbox 2522 2628 2676 2697; x_wconf 81' lang='grc' dir='ltr'>σφῶν</span> <span class='ocrx_word' id='word_1_423' title='bbox 2723 2627 2997 2699; x_wconf 83' lang='grc' dir='ltr'>εὑρέσεως</span> <span class='ocrx_word' id='word_1_424' title='bbox 3048 2625 3488 2680; x_wconf 87' lang='grc' dir='ltr'>ἀπολείπεσθαι·</span> <span class='ocrx_word' id='word_1_425' title='bbox 3549 2618 3632 2685; x_wconf 73' lang='grc' dir='ltr'>οἷς</span> <span class='ocrx_word' id='word_1_426' title='bbox 3685 2622 3735 2675; x_wconf 74' lang='grc' dir='ltr'>δὲ</span> 
     </span>
    </p>
   </div>
   <div class='ocr_carea' id='block_1_56' title="bbox 2160 2713 3737 2792">
    <p class='ocr_par' dir='ltr' id='par_1_56' title="bbox 2160 2713 3737 2792">
     <span class='ocr_line' id='line_1_56' title="bbox 2160 2713 3737 2792; baseline -0.005 -18"><span class='ocrx_word' id='word_1_427' title='bbox 2160 2721 2261 2792; x_wconf 83' lang='grc' dir='ltr'>τὴν</span> <span class='ocrx_word' id='word_1_428' title='bbox 2290 2721 2538 2789; x_wconf 72' lang='grc' dir='ltr'>γλῶτταν</span> <span class='ocrx_word' id='word_1_429' title='bbox 2584 2721 2792 2789; x_wconf 79' lang='grc' dir='ltr'>ὴκόνει,</span> <span class='ocrx_word' id='word_1_430' title='bbox 2859 2720 3170 2792; x_wconf 77' lang='grc' dir='ltr'>ῥητορικῶς</span> <span class='ocrx_word' id='word_1_431' title='bbox 3210 2717 3603 2787; x_wconf 73' lang='grc' dir='ltr'>ἐξηγούμενος,</span> <span class='ocrx_word' id='word_1_432' title='bbox 3651 2713 3737 2768; x_wconf 80' lang='grc' dir='ltr'>καὶ</span> 
     </span>
    </p>
   </div>
   <div class='ocr_carea' id='block_1_57' title="bbox 2163 2806 3736 2882">
    <p class='ocr_par' dir='ltr' id='par_1_57' title="bbox 2163 2806 3736 2882">
     <span class='ocr_line' id='line_1_57' title="bbox 2163 2806 3736 2882; baseline -0.006 -15"><span class='ocrx_word' id='word_1_433' title='bbox 2163 2811 2358 2875; x_wconf 75' lang='grc' dir='ltr'>ἄλλους</span> <span class='ocrx_word' id='word_1_434' title='bbox 2380 2812 2560 2877; x_wconf 76' lang='grc' dir='ltr'>ἄλλοις</span> <span class='ocrx_word' id='word_1_435' title='bbox 2589 2813 2809 2882; x_wconf 75' lang='grc' dir='ltr'>ὲνήσκει</span> <span class='ocrx_word' id='word_1_436' title='bbox 2840 2812 2937 2866; x_wconf 78' lang='grc' dir='ltr'>καὶ</span> <span class='ocrx_word' id='word_1_437' title='bbox 2973 2811 3306 2881; x_wconf 82' lang='grc' dir='ltr'>παιδεύμασι</span> <span class='ocrx_word' id='word_1_438' title='bbox 3357 2809 3454 2863; x_wconf 80' lang='grc' dir='ltr'>καὶ</span> <span class='ocrx_word' id='word_1_439' title='bbox 3487 2806 3736 2878; x_wconf 83' lang='grc' dir='ltr'>μαθήμα-</span> 
     </span>
    </p>
   </div>
   <div class='ocr_carea' id='block_1_58' title="bbox 2165 2894 3737 2972">
    <p class='ocr_par' dir='ltr' id='par_1_58' title="bbox 2165 2894 3737 2972">
     <span class='ocr_line' id='line_1_58' title="bbox 2165 2894 3737 2972; baseline -0.009 -13"><span class='ocrx_word' id='word_1_440' title='bbox 2165 2921 2274 2959; x_wconf 90' lang='grc' dir='ltr'>σιν.</span> <span class='ocrx_word' id='word_1_441' title='bbox 2303 2904 2467 2958; x_wconf 75' lang='grc' dir='ltr'>Ὀθεν</span> <span class='ocrx_word' id='word_1_442' title='bbox 2493 2905 2590 2956; x_wconf 78' lang='grc' dir='ltr'>καὶ</span> <span class='ocrx_word' id='word_1_443' title='bbox 2621 2903 2777 2966; x_wconf 74' lang='grc' dir='ltr'>κλέος</span> <span class='ocrx_word' id='word_1_444' title='bbox 2792 2901 2951 2972; x_wconf 67' lang='grc' dir='ltr'>ἔσχεν</span> <span class='ocrx_word' id='word_1_445' title='bbox 2979 2902 3139 2972; x_wconf 82' lang='grc' dir='ltr'>εὐρὺ,</span> <span class='ocrx_word' id='word_1_446' title='bbox 3167 2901 3281 2959; x_wconf 78' lang='grc' dir='ltr'>τοῖς</span> <span class='ocrx_word' id='word_1_447' title='bbox 3308 2898 3573 2953; x_wconf 74' lang='grc' dir='ltr'>ἁπάντων</span> <span class='ocrx_word' id='word_1_448' title='bbox 3625 2894 3737 2947; x_wconf 52' lang='grc' dir='ltr'>κει-ν</span> 
     </span>
    </p>
   </div>
   <div class='ocr_carea' id='block_1_59' title="bbox 2169 2988 3731 3070">
    <p class='ocr_par' dir='ltr' id='par_1_59' title="bbox 2169 2988 3731 3070">
     <span class='ocr_line' id='line_1_59' title="bbox 2169 2988 3731 3070; baseline -0.008 -17"><span class='ocrx_word' id='word_1_449' title='bbox 2169 3017 2328 3070; x_wconf 73' lang='grc' dir='ltr'>μενος</span> <span class='ocrx_word' id='word_1_450' title='bbox 2359 2999 2618 3069; x_wconf 85' lang='grc' dir='ltr'>στόμασι.</span> <span class='ocrx_word' id='word_1_451' title='bbox 2662 2997 3028 3068; x_wconf 77' lang='grc' dir='ltr'>Παραμείψας</span> <span class='ocrx_word' id='word_1_452' title='bbox 3060 2995 3120 3049; x_wconf 76' lang='grc' dir='ltr'>δὲ</span> <span class='ocrx_word' id='word_1_453' title='bbox 3147 2995 3240 3048; x_wconf 77' lang='grc' dir='ltr'><strong>τὸν</strong></span> <span class='ocrx_word' id='word_1_454' title='bbox 3264 2992 3410 3058; x_wconf 81' lang='grc' dir='ltr'>νέον,</span> <span class='ocrx_word' id='word_1_455' title='bbox 3447 2992 3545 3045; x_wconf 76' lang='grc' dir='ltr'>καὶ</span> <span class='ocrx_word' id='word_1_456' title='bbox 3572 2991 3651 3054; x_wconf 84' lang='grc' dir='ltr'><strong>είς</strong></span> <span class='ocrx_word' id='word_1_457' title='bbox 3676 2988 3731 3041; x_wconf 65' lang='grc' dir='ltr'><strong>τ’)</strong></span> 
     </span>
    </p>
   </div>
   <div class='ocr_carea' id='block_1_60' title="bbox 2165 3078 3736 3162">
    <p class='ocr_par' dir='ltr' id='par_1_60' title="bbox 2165 3078 3736 3162">
     <span class='ocr_line' id='line_1_60' title="bbox 2165 3078 3736 3162; baseline -0.01 -15"><span class='ocrx_word' id='word_1_458' title='bbox 2165 3093 2265 3162; x_wconf 80' lang='grc' dir='ltr'>τῆς</span> <span class='ocrx_word' id='word_1_459' title='bbox 2330 3090 2741 3162; x_wconf 86' lang='grc' dir='ltr'>ἀρχιερωσύνης</span> <span class='ocrx_word' id='word_1_460' title='bbox 2791 3088 2920 3159; x_wconf 74' lang='grc' dir='ltr'>ὕψος</span> <span class='ocrx_word' id='word_1_461' title='bbox 2982 3083 3342 3157; x_wconf 83' lang='grc' dir='ltr'>ἀναδραμὼν,</span> <span class='ocrx_word' id='word_1_462' title='bbox 3375 3086 3433 3139; x_wconf 88' lang='grc' dir='ltr'><strong>τί</strong></span> <span class='ocrx_word' id='word_1_463' title='bbox 3473 3087 3554 3137; x_wconf 79' lang='grc' dir='ltr'><strong>δεῖ</strong></span> <span class='ocrx_word' id='word_1_464' title='bbox 3580 3078 3736 3135; x_wconf 78' lang='grc' dir='ltr'>πολλὰ</span> 
     </span>
    </p>
   </div>
   <div class='ocr_carea' id='block_1_61' title="bbox 2167 3176 3737 3254">
    <p class='ocr_par' dir='ltr' id='par_1_61' title="bbox 2167 3176 3737 3254">
     <span class='ocr_line' id='line_1_61' title="bbox 2167 3176 3737 3254; baseline -0.007 -16"><span class='ocrx_word' id='word_1_465' title='bbox 2167 3184 2350 3254; x_wconf 81' lang='grc' dir='ltr'>λέγειν</span> <span class='ocrx_word' id='word_1_466' title='bbox 2379 3201 2395 3252; x_wconf 87' lang='grc'><strong>;</strong></span> <span class='ocrx_word' id='word_1_467' title='bbox 2431 3179 2528 3249; x_wconf 75' lang='grc' dir='ltr'><strong>Εἷς</strong></span> <span class='ocrx_word' id='word_1_468' title='bbox 2555 3186 2613 3238; x_wconf 79' lang='grc' dir='ltr'>ὲν</span> <span class='ocrx_word' id='word_1_469' title='bbox 2631 3182 3006 3254; x_wconf 80' lang='grc' dir='ltr'>ἀρχιερεῦσιν,</span> <span class='ocrx_word' id='word_1_470' title='bbox 3044 3176 3128 3245; x_wconf 77' lang='grc' dir='ltr'>εἷς</span> <span class='ocrx_word' id='word_1_471' title='bbox 3153 3183 3212 3234; x_wconf 79' lang='grc' dir='ltr'>ὲν</span> <span class='ocrx_word' id='word_1_472' title='bbox 3246 3180 3434 3248; x_wconf 77' lang='grc' dir='ltr'>σοφοῖς</span> <span class='ocrx_word' id='word_1_473' title='bbox 3479 3181 3508 3231; x_wconf 85' lang='grc' dir='ltr'><strong>ό</strong></span> <span class='ocrx_word' id='word_1_474' title='bbox 3546 3178 3737 3230; x_wconf 87' lang='grc' dir='ltr'>Θεσσα-</span> 
     </span>
    </p>
   </div>
   <div class='ocr_carea' id='block_1_62' title="bbox 2166 3269 3736 3349">
    <p class='ocr_par' dir='ltr' id='par_1_62' title="bbox 2166 3269 3736 3349">
     <span class='ocr_line' id='line_1_62' title="bbox 2166 3269 3736 3349; baseline -0.004 -20"><span class='ocrx_word' id='word_1_475' title='bbox 2166 3277 2386 3349; x_wconf 84' lang='grc' dir='ltr'>λονίκης</span> <span class='ocrx_word' id='word_1_476' title='bbox 2412 3276 2565 3348; x_wconf 82' lang='grc' dir='ltr'>παρὰ</span> <span class='ocrx_word' id='word_1_477' title='bbox 2592 3278 2762 3331; x_wconf 78' lang='grc' dir='ltr'>πᾶσιν</span> <span class='ocrx_word' id='word_1_478' title='bbox 2779 3273 3201 3346; x_wconf 82' lang='grc' dir='ltr'>ἀνεκηρύττετο.</span> <span class='ocrx_word' id='word_1_479' title='bbox 3238 3271 3352 3325; x_wconf 73' lang='grc' dir='ltr'><strong>Καὶ</strong></span> <span class='ocrx_word' id='word_1_480' title='bbox 3370 3269 3470 3324; x_wconf 82' lang='grc' dir='ltr'>νῦν</span> <span class='ocrx_word' id='word_1_481' title='bbox 3494 3271 3595 3338; x_wconf 75' lang='grc' dir='ltr'>μὲν</span> <span class='ocrx_word' id='word_1_482' title='bbox 3616 3270 3736 3322; x_wconf 79' lang='grc' dir='ltr'>ἀπο-</span> 
     </span>
    </p>
   </div>
   <div class='ocr_carea' id='block_1_63' title="bbox 2166 3363 3735 3440">
    <p class='ocr_par' dir='ltr' id='par_1_63' title="bbox 2166 3363 3735 3440">
     <span class='ocr_line' id='line_1_63' title="bbox 2166 3363 3735 3440; baseline -0.005 -16"><span class='ocrx_word' id='word_1_483' title='bbox 2166 3370 2396 3425; x_wconf 87' lang='grc' dir='ltr'>λιπόντα</span> <span class='ocrx_word' id='word_1_484' title='bbox 2422 3369 2513 3423; x_wconf 83' lang='grc' dir='ltr'>τὸν</span> <span class='ocrx_word' id='word_1_485' title='bbox 2542 3368 2659 3437; x_wconf 84' lang='grc' dir='ltr'>βίον</span> <span class='ocrx_word' id='word_1_486' title='bbox 2686 3369 2876 3440; x_wconf 87' lang='grc' dir='ltr'>θρηνεί</span> <span class='ocrx_word' id='word_1_487' title='bbox 2902 3367 2999 3439; x_wconf 72' lang='grc' dir='ltr'>μὲν</span> <span class='ocrx_word' id='word_1_488' title='bbox 3029 3368 3058 3420; x_wconf 87' lang='grc' dir='ltr'><strong>ό</strong></span> <span class='ocrx_word' id='word_1_489' title='bbox 3084 3363 3302 3434; x_wconf 79' lang='grc' dir='ltr'>λογικὸς</span> <span class='ocrx_word' id='word_1_490' title='bbox 3351 3364 3518 3435; x_wconf 78' lang='grc' dir='ltr'>χορὸς</span> <span class='ocrx_word' id='word_1_491' title='bbox 3579 3363 3735 3427; x_wconf 72' lang='grc' dir='ltr'>ἅπας.</span> 
     </span>
    </p>
   </div>
   <div class='ocr_carea' id='block_1_64' title="bbox 493 3451 2061 3551">
    <p class='ocr_par' dir='ltr' id='par_1_64' title="bbox 493 3451 2061 3527">
     <span class='ocr_line' id='line_1_64' title="bbox 493 3451 2061 3527; baseline 0.011 -24"><span class='ocrx_word' id='word_1_492' title='bbox 493 3451 654 3505; x_wconf 88' lang='lat' dir='ltr'><strong>etiam</strong></span> <span class='ocrx_word' id='word_1_493' title='bbox 693 3455 829 3511; x_wconf 85' lang='lat' dir='ltr'><strong>Ordo</strong></span> <span class='ocrx_word' id='word_1_494' title='bbox 860 3457 1173 3525; x_wconf 86' lang='lat' dir='ltr'><strong>pontiﬁcum</strong></span> <span class='ocrx_word' id='word_1_495' title='bbox 1208 3476 1310 3516; x_wconf 83' lang='lat' dir='ltr'><strong>suo</strong></span> <span class='ocrx_word' id='word_1_496' title='bbox 1346 3471 1686 3527; x_wconf 76' lang='lat' dir='ltr'><strong>ornamento,</strong></span> <span class='ocrx_word' id='word_1_497' title='bbox 1737 3479 1840 3519; x_wconf 88' lang='lat' dir='ltr'><strong>suo</strong></span> <span class='ocrx_word' id='word_1_498' title='bbox 1868 3463 2061 3520; x_wconf 91' lang='lat' dir='ltr'><strong>decore</strong></span> 
     </span>
    </p>
   </div>
   <div class='ocr_carea' id='block_1_65' title="bbox 2167 3451 3738 3551">
    <p class='ocr_par' dir='ltr' id='par_1_65' title="bbox 2174 3454 3738 3529">
     <span class='ocr_line' id='line_1_65' title="bbox 2174 3454 3738 3529; baseline -0.006 -15"><span class='ocrx_word' id='word_1_499' title='bbox 2174 3463 2270 3515; x_wconf 70' lang='lat' dir='ltr'><strong>atat</strong></span> <span class='ocrx_word' id='word_1_500' title='bbox 2309 3460 2516 3516; x_wconf 86' lang='grc' dir='ltr'>τούτων</span> <span class='ocrx_word' id='word_1_501' title='bbox 2555 3460 2718 3515; x_wconf 76' lang='grc' dir='ltr'>πλέον</span> <span class='ocrx_word' id='word_1_502' title='bbox 2750 3461 2801 3513; x_wconf 81' lang='lat' dir='ltr'><strong>oi</strong></span> <span class='ocrx_word' id='word_1_503' title='bbox 2835 3459 2991 3526; x_wconf 78' lang='grc' dir='ltr'>σοφοὶ</span> <span class='ocrx_word' id='word_1_504' title='bbox 3029 3457 3273 3529; x_wconf 85' lang='grc' dir='ltr'>μαθηταί</span> <span class='ocrx_word' id='word_1_505' title='bbox 3305 3473 3321 3487; x_wconf 76' lang='grc' dir='ltr'><strong>ο</strong></span> <span class='ocrx_word' id='word_1_506' title='bbox 3341 3455 3536 3527; x_wconf 79' lang='grc' dir='ltr'>θρηνεῖ</span> <span class='ocrx_word' id='word_1_507' title='bbox 3562 3454 3620 3509; x_wconf 68' lang='grc' dir='ltr'>δὲ</span> <span class='ocrx_word' id='word_1_508' title='bbox 3652 3456 3738 3507; x_wconf 80' lang='grc' dir='ltr'>καὶ</span> 
     </span>
    </p>
   </div>
   <div class='ocr_carea' id='block_1_66' title="bbox 493 3549 2064 3626">
    <p class='ocr_par' dir='ltr' id='par_1_66' title="bbox 493 3549 2064 3626">
     <span class='ocr_line' id='line_1_66' title="bbox 493 3549 2064 3626; baseline 0.01 -31"><span class='ocrx_word' id='word_1_509' title='bbox 493 3552 715 3612; x_wconf 82' lang='lat' dir='ltr'><strong>exutus,</strong></span> <span class='ocrx_word' id='word_1_510' title='bbox 748 3556 806 3600; x_wconf 89' lang='lat' dir='ltr'><strong>et</strong></span> <span class='ocrx_word' id='word_1_511' title='bbox 848 3549 1083 3618; x_wconf 89' lang='lat' dir='ltr'><strong>amplius</strong></span> <span class='ocrx_word' id='word_1_512' title='bbox 1110 3551 1229 3608; x_wconf 82' lang='lat' dir='ltr'><strong>istis</strong></span> <span class='ocrx_word' id='word_1_513' title='bbox 1257 3566 1356 3624; x_wconf 87' lang='lat' dir='ltr'><strong>ego</strong></span> <span class='ocrx_word' id='word_1_514' title='bbox 1393 3553 1515 3623; x_wconf 86' lang='lat' dir='ltr'><strong>ejus</strong></span> <span class='ocrx_word' id='word_1_515' title='bbox 1549 3556 1709 3612; x_wconf 77' lang='lat' dir='ltr'><strong>annis</strong></span> <span class='ocrx_word' id='word_1_516' title='bbox 1750 3556 1977 3626; x_wconf 65' lang='lat' dir='ltr'><strong>aequalis</strong></span> <span class='ocrx_word' id='word_1_517' title='bbox 2008 3565 2064 3611; x_wconf 89' lang='lat' dir='ltr'><strong>et</strong></span> 
     </span>
    </p>
   </div>
   <div class='ocr_carea' id='block_1_67' title="bbox 496 3635 2062 3717">
    <p class='ocr_par' dir='ltr' id='par_1_67' title="bbox 496 3635 2062 3717">
     <span class='ocr_line' id='line_1_67' title="bbox 496 3635 2062 3717; baseline 0.01 -29"><span class='ocrx_word' id='word_1_518' title='bbox 496 3635 837 3693; x_wconf 85' lang='lat' dir='ltr'><strong>educationis</strong></span> <span class='ocrx_word' id='word_1_519' title='bbox 866 3642 1046 3697; x_wconf 89' lang='lat' dir='ltr'><strong>socius</strong></span> <span class='ocrx_word' id='word_1_520' title='bbox 1073 3658 1282 3699; x_wconf 90' lang='lat' dir='ltr'><strong>necnon</strong></span> <span class='ocrx_word' id='word_1_521' title='bbox 1308 3647 1615 3701; x_wconf 87' lang='lat' dir='ltr'><strong>studiorum</strong></span> <span class='ocrx_word' id='word_1_522' title='bbox 1638 3648 2062 3717; x_wconf 89' lang='lat' dir='ltr'><strong>condiscipulus,</strong></span> 
     </span>
    </p>
   </div>
   <div class='ocr_carea' id='block_1_68' title="bbox 496 3726 2064 3809">
    <p class='ocr_par' dir='ltr' id='par_1_68' title="bbox 496 3726 2064 3809">
     <span class='ocr_line' id='line_1_68' title="bbox 496 3726 2064 3809; baseline 0.013 -33"><span class='ocrx_word' id='word_1_523' title='bbox 496 3726 586 3793; x_wconf 87' lang='lat' dir='ltr'><strong>qui</strong></span> <span class='ocrx_word' id='word_1_524' title='bbox 620 3743 779 3784; x_wconf 90' lang='lat' dir='ltr'><strong>omne</strong></span> <span class='ocrx_word' id='word_1_525' title='bbox 825 3731 1133 3801; x_wconf 89' lang='lat' dir='ltr'><strong>juventutis</strong></span> <span class='ocrx_word' id='word_1_526' title='bbox 1187 3746 1402 3807; x_wconf 89' lang='lat' dir='ltr'><strong>tempus</strong></span> <span class='ocrx_word' id='word_1_527' title='bbox 1451 3755 1573 3793; x_wconf 87' lang='lat' dir='ltr'><strong>cum</strong></span> <span class='ocrx_word' id='word_1_528' title='bbox 1620 3740 1741 3809; x_wconf 89' lang='lat' dir='ltr'><strong>ipso</strong></span> <span class='ocrx_word' id='word_1_529' title='bbox 1769 3740 1825 3795; x_wconf 91' lang='lat' dir='ltr'><strong>in</strong></span> <span class='ocrx_word' id='word_1_530' title='bbox 1875 3741 2064 3796; x_wconf 89' lang='lat' dir='ltr'><strong>eadem</strong></span> 
     </span>
    </p>
   </div>
   <div class='ocr_carea' id='block_1_69' title="bbox 504 3817 2066 3899">
    <p class='ocr_par' dir='ltr' id='par_1_69' title="bbox 504 3817 2066 3899">
     <span class='ocr_line' id='line_1_69' title="bbox 504 3817 2066 3899; baseline 0.012 -30"><span class='ocrx_word' id='word_1_531' title='bbox 504 3817 668 3872; x_wconf 84' lang='lat' dir='ltr'><strong>domo</strong></span> <span class='ocrx_word' id='word_1_532' title='bbox 723 3833 1083 3882; x_wconf 84' lang='lat' dir='ltr'><strong>conversatus</strong></span> <span class='ocrx_word' id='word_1_533' title='bbox 1117 3829 1395 3899; x_wconf 77' lang='lat' dir='ltr'><strong>transegi;</strong></span> <span class='ocrx_word' id='word_1_534' title='bbox 1457 3838 1512 3885; x_wconf 93' lang='lat' dir='ltr'><strong>et</strong></span> <span class='ocrx_word' id='word_1_535' title='bbox 1558 3840 1614 3886; x_wconf 93' lang='lat' dir='ltr'><strong>ut</strong></span> <span class='ocrx_word' id='word_1_536' title='bbox 1651 3833 1831 3887; x_wconf 85' lang='lat' dir='ltr'><strong>omnia</strong></span> <span class='ocrx_word' id='word_1_537' title='bbox 1869 3834 1921 3887; x_wconf 92' lang='lat' dir='ltr'><strong>iu</strong></span> <span class='ocrx_word' id='word_1_538' title='bbox 1957 3848 2066 3887; x_wconf 92' lang='lat' dir='ltr'><strong>uno</strong></span> 
     </span>
    </p>
   </div>
   <div class='ocr_carea' id='block_1_70' title="bbox 496 3908 2070 3981">
    <p class='ocr_par' dir='ltr' id='par_1_70' title="bbox 496 3908 2070 3981">
     <span class='ocr_line' id='line_1_70' title="bbox 496 3908 2070 3981; baseline 0.015 -22"><span class='ocrx_word' id='word_1_539' title='bbox 496 3908 769 3977; x_wconf 80' lang='lat' dir='ltr'><strong>colligam,</strong></span> <span class='ocrx_word' id='word_1_540' title='bbox 807 3912 860 3966; x_wconf 88' lang='lat' dir='ltr'><strong>iu</strong></span> <span class='ocrx_word' id='word_1_541' title='bbox 889 3931 1051 3970; x_wconf 87' lang='lat' dir='ltr'><strong>uuam</strong></span> <span class='ocrx_word' id='word_1_542' title='bbox 1078 3921 1240 3978; x_wconf 86' lang='lat' dir='ltr'><strong>ambo</strong></span> <span class='ocrx_word' id='word_1_543' title='bbox 1268 3923 1509 3977; x_wconf 87' lang='lat' dir='ltr'><strong>animam</strong></span> <span class='ocrx_word' id='word_1_544' title='bbox 1540 3924 1846 3979; x_wconf 89' lang='lat' dir='ltr'><strong>conﬁrmati</strong></span> <span class='ocrx_word' id='word_1_545' title='bbox 1877 3939 2070 3981; x_wconf 89' lang='lat' dir='ltr'><strong>sumus</strong></span> 
     </span>
    </p>
   </div>
   <div class='ocr_carea' id='block_1_71' title="bbox 496 4005 968 4073">
    <p class='ocr_par' dir='ltr' id='par_1_71' title="bbox 496 4005 968 4073">
     <span class='ocr_line' id='line_1_71' title="bbox 496 4005 968 4073; baseline 0.025 -21"><span class='ocrx_word' id='word_1_546' title='bbox 496 4010 554 4054; x_wconf 82' lang='lat' dir='ltr'><strong>et</strong></span> <span class='ocrx_word' id='word_1_547' title='bbox 587 4005 968 4073; x_wconf 83' lang='lat' dir='ltr'><strong>conglutinati.</strong></span> 
     </span>
    </p>
   </div>
   <div class='ocr_carea' id='block_1_72' title="bbox 572 4179 2069 4262">
    <p class='ocr_par' dir='ltr' id='par_1_72' title="bbox 572 4179 2069 4262">
     <span class='ocr_line' id='line_1_72' title="bbox 572 4179 2069 4262; baseline 0.013 -28"><span class='ocrx_word' id='word_1_548' title='bbox 572 4179 626 4236; x_wconf 90' lang='lat'><strong>6.</strong></span> <span class='ocrx_word' id='word_1_549' title='bbox 658 4182 782 4239; x_wconf 73' lang='lat' dir='ltr'><strong>Haec</strong></span> <span class='ocrx_word' id='word_1_550' title='bbox 812 4188 1064 4245; x_wconf 83' lang='lat' dir='ltr'><strong>manibus</strong></span> <span class='ocrx_word' id='word_1_551' title='bbox 1098 4191 1206 4246; x_wconf 88' lang='lat' dir='ltr'><strong>tuis</strong></span> <span class='ocrx_word' id='word_1_552' title='bbox 1234 4192 1491 4262; x_wconf 90' lang='lat' dir='ltr'><strong>libamus,</strong></span> <span class='ocrx_word' id='word_1_553' title='bbox 1538 4211 1571 4253; x_wconf 94' lang='grc' dir='ltr'><strong>ο</strong></span> <span class='ocrx_word' id='word_1_554' title='bbox 1619 4196 1805 4253; x_wconf 86' lang='lat' dir='ltr'><strong>divum</strong></span> <span class='ocrx_word' id='word_1_555' title='bbox 1844 4206 1898 4253; x_wconf 92' lang='lat' dir='ltr'><strong>et</strong></span> <span class='ocrx_word' id='word_1_556' title='bbox 1933 4198 2069 4254; x_wconf 87' lang='lat' dir='ltr'><strong>mihi</strong></span> 
     </span>
    </p>
   </div>
   <div class='ocr_carea' id='block_1_73' title="bbox 499 4273 2072 4358">
    <p class='ocr_par' dir='ltr' id='par_1_73' title="bbox 499 4273 2072 4358">
     <span class='ocr_line' id='line_1_73' title="bbox 499 4273 2072 4358; baseline 0.013 -36"><span class='ocrx_word' id='word_1_557' title='bbox 499 4273 889 4330; x_wconf 89' lang='lat' dir='ltr'><strong>amicissimum</strong></span> <span class='ocrx_word' id='word_1_558' title='bbox 954 4289 1139 4349; x_wconf 88' lang='lat' dir='ltr'><strong>caput.</strong></span> <span class='ocrx_word' id='word_1_559' title='bbox 1196 4280 1323 4339; x_wconf 72' lang='lat' dir='ltr'><strong>Haec</strong></span> <span class='ocrx_word' id='word_1_560' title='bbox 1374 4294 1502 4340; x_wconf 90' lang='lat' dir='ltr'><strong>sunt</strong></span> <span class='ocrx_word' id='word_1_561' title='bbox 1560 4301 1682 4357; x_wconf 69' lang='lat' dir='ltr'><strong>quae</strong></span> <span class='ocrx_word' id='word_1_562' title='bbox 1736 4287 1831 4342; x_wconf 90' lang='lat' dir='ltr'><strong>tibi</strong></span> <span class='ocrx_word' id='word_1_563' title='bbox 1886 4287 2072 4358; x_wconf 79' lang='lat' dir='ltr'><strong>lingua</strong></span> 
     </span>
    </p>
   </div>
   <div class='ocr_carea' id='block_1_74' title="bbox 503 4363 2072 4449">
    <p class='ocr_par' dir='ltr' id='par_1_74' title="bbox 503 4363 2072 4449">
     <span class='ocr_line' id='line_1_74' title="bbox 503 4363 2072 4449; baseline 0.013 -33"><span class='ocrx_word' id='word_1_564' title='bbox 503 4363 708 4417; x_wconf 83' lang='lat' dir='ltr'><strong>sodalis</strong></span> <span class='ocrx_word' id='word_1_565' title='bbox 732 4366 930 4422; x_wconf 88' lang='lat' dir='ltr'><strong>dilecta</strong></span> <span class='ocrx_word' id='word_1_566' title='bbox 975 4370 1154 4437; x_wconf 79' lang='lat' dir='ltr'><strong>oﬁert,</strong></span> <span class='ocrx_word' id='word_1_567' title='bbox 1187 4389 1348 4443; x_wconf 88' lang='lat' dir='ltr'><strong>quam</strong></span> <span class='ocrx_word' id='word_1_568' title='bbox 1393 4377 1522 4432; x_wconf 93' lang='lat' dir='ltr'><strong>olim</strong></span> <span class='ocrx_word' id='word_1_569' title='bbox 1578 4380 1887 4449; x_wconf 90' lang='lat' dir='ltr'><strong>loquentem</strong></span> <span class='ocrx_word' id='word_1_570' title='bbox 1923 4394 2072 4435; x_wconf 87' lang='lat' dir='ltr'><strong>ama-</strong></span> 
     </span>
    </p>
   </div>
   <div class='ocr_carea' id='block_1_75' title="bbox 499 4455 2063 4540">
    <p class='ocr_par' dir='ltr' id='par_1_75' title="bbox 499 4455 2063 4540">
     <span class='ocr_line' id='line_1_75' title="bbox 499 4455 2063 4540; baseline 0.014 -33"><span class='ocrx_word' id='word_1_571' title='bbox 499 4455 624 4519; x_wconf 84' lang='lat' dir='ltr'><strong>bas,</strong></span> <span class='ocrx_word' id='word_1_572' title='bbox 654 4472 797 4513; x_wconf 89' lang='lat' dir='ltr'><strong>nunc</strong></span> <span class='ocrx_word' id='word_1_573' title='bbox 828 4474 959 4517; x_wconf 86' lang='lat' dir='ltr'><strong>vero</strong></span> <span class='ocrx_word' id='word_1_574' title='bbox 995 4462 1181 4520; x_wconf 86' lang='lat' dir='ltr'><strong>dolore</strong></span> <span class='ocrx_word' id='word_1_575' title='bbox 1215 4469 1451 4524; x_wconf 86' lang='lat' dir='ltr'><strong>ardentis</strong></span> <span class='ocrx_word' id='word_1_576' title='bbox 1480 4470 1600 4540; x_wconf 89' lang='lat' dir='ltr'><strong>ejus</strong></span> <span class='ocrx_word' id='word_1_577' title='bbox 1625 4486 1731 4525; x_wconf 89' lang='lat' dir='ltr'><strong>non</strong></span> <span class='ocrx_word' id='word_1_578' title='bbox 1763 4472 2063 4540; x_wconf 88' lang='lat' dir='ltr'><strong>misereris,</strong></span> 
     </span>
    </p>
   </div>
   <div class='ocr_carea' id='block_1_76' title="bbox 504 4552 2071 4633">
    <p class='ocr_par' dir='ltr' id='par_1_76' title="bbox 504 4552 2071 4633">
     <span class='ocr_line' id='line_1_76' title="bbox 504 4552 2071 4633; baseline 0.014 -34"><span class='ocrx_word' id='word_1_579' title='bbox 504 4563 604 4604; x_wconf 90' lang='lat' dir='ltr'><strong>nec</strong></span> <span class='ocrx_word' id='word_1_580' title='bbox 639 4564 705 4604; x_wconf 83' lang='lat' dir='ltr'><strong>ex</strong></span> <span class='ocrx_word' id='word_1_581' title='bbox 759 4552 883 4607; x_wconf 90' lang='lat' dir='ltr'><strong>sinu</strong></span> <span class='ocrx_word' id='word_1_582' title='bbox 930 4557 1253 4625; x_wconf 64' lang='lat' dir='ltr'><strong>patriarcha:</strong></span> <span class='ocrx_word' id='word_1_583' title='bbox 1296 4561 1349 4615; x_wconf 92' lang='lat' dir='ltr'><strong>in</strong></span> <span class='ocrx_word' id='word_1_584' title='bbox 1399 4578 1507 4630; x_wconf 92' lang='lat' dir='ltr'><strong>quo</strong></span> <span class='ocrx_word' id='word_1_585' title='bbox 1533 4565 1769 4633; x_wconf 89' lang='lat' dir='ltr'><strong>portaris</strong></span> <span class='ocrx_word' id='word_1_586' title='bbox 1802 4567 2071 4621; x_wconf 90' lang='lat' dir='ltr'><strong>roscidam</strong></span> 
     </span>
    </p>
   </div>
   <div class='ocr_carea' id='block_1_77' title="bbox 500 4643 2065 4726">
    <p class='ocr_par' dir='ltr' id='par_1_77' title="bbox 500 4643 2065 4726">
     <span class='ocr_line' id='line_1_77' title="bbox 500 4643 2065 4726; baseline 0.011 -31"><span class='ocrx_word' id='word_1_587' title='bbox 500 4643 767 4709; x_wconf 74' lang='lat' dir='ltr'><strong>guttulam</strong></span> <span class='ocrx_word' id='word_1_588' title='bbox 805 4647 962 4704; x_wconf 86' lang='lat' dir='ltr'><strong>nobis</strong></span> <span class='ocrx_word' id='word_1_589' title='bbox 987 4650 1190 4705; x_wconf 87' lang='lat' dir='ltr'><strong>emittis</strong></span> <span class='ocrx_word' id='word_1_590' title='bbox 1225 4652 1458 4708; x_wconf 72' lang='lat' dir='ltr'><strong>tristitiae</strong></span> <span class='ocrx_word' id='word_1_591' title='bbox 1503 4655 1625 4726; x_wconf 84' lang='lat' dir='ltr'><strong>igne</strong></span> <span class='ocrx_word' id='word_1_592' title='bbox 1680 4657 2065 4712; x_wconf 74' lang='lat' dir='ltr'><strong>:estuantibus.</strong></span> 
     </span>
    </p>
   </div>
   <div class='ocr_carea' id='block_1_78' title="bbox 2171 3544 3737 3625">
    <p class='ocr_par' dir='ltr' id='par_1_78' title="bbox 2171 3544 3737 3625">
     <span class='ocr_line' id='line_1_78' title="bbox 2171 3544 3737 3625; baseline -0.006 -17"><span class='ocrx_word' id='word_1_593' title='bbox 2171 3556 2199 3607; x_wconf 88' lang='grc' dir='ltr'><strong>ό</strong></span> <span class='ocrx_word' id='word_1_594' title='bbox 2222 3553 2331 3608; x_wconf 86' lang='grc' dir='ltr'><strong>τῶν</strong></span> <span class='ocrx_word' id='word_1_595' title='bbox 2360 3554 2667 3625; x_wconf 77' lang='grc' dir='ltr'>ἀρχιερέων</span> <span class='ocrx_word' id='word_1_596' title='bbox 2697 3552 3027 3620; x_wconf 80' lang='grc' dir='ltr'>κατάλογος,</span> <span class='ocrx_word' id='word_1_597' title='bbox 3075 3550 3136 3604; x_wconf 81' lang='grc' dir='ltr'>ὃν</span> <span class='ocrx_word' id='word_1_598' title='bbox 3166 3546 3280 3619; x_wconf 73' lang='grc' dir='ltr'>εἶχε</span> <span class='ocrx_word' id='word_1_599' title='bbox 3334 3547 3602 3619; x_wconf 84' lang='grc' dir='ltr'>καύχημα</span> <span class='ocrx_word' id='word_1_600' title='bbox 3652 3544 3737 3599; x_wconf 81' lang='grc' dir='ltr'>καὶ</span> 
     </span>
    </p>
   </div>
   <div class='ocr_carea' id='block_1_79' title="bbox 2173 3636 3735 3716">
    <p class='ocr_par' dir='ltr' id='par_1_79' title="bbox 2173 3636 3735 3716">
     <span class='ocr_line' id='line_1_79' title="bbox 2173 3636 3735 3716; baseline -0.008 -15"><span class='ocrx_word' id='word_1_601' title='bbox 2173 3647 2377 3716; x_wconf 85' lang='grc' dir='ltr'>κόσμον</span> <span class='ocrx_word' id='word_1_602' title='bbox 2401 3644 2712 3707; x_wconf 76' lang='grc' dir='ltr'>ἀποϐαλὼν,</span> <span class='ocrx_word' id='word_1_603' title='bbox 2749 3645 2845 3698; x_wconf 73' lang='grc' dir='ltr'>καὶ</span> <span class='ocrx_word' id='word_1_604' title='bbox 2873 3642 3081 3697; x_wconf 89' lang='grc' dir='ltr'>τούτων</span> <span class='ocrx_word' id='word_1_605' title='bbox 3113 3641 3277 3695; x_wconf 84' lang='grc' dir='ltr'>πλέον</span> <span class='ocrx_word' id='word_1_606' title='bbox 3317 3638 3428 3707; x_wconf 77' lang='grc' dir='ltr'><strong>ἐγὼ</strong></span> <span class='ocrx_word' id='word_1_607' title='bbox 3457 3642 3487 3692; x_wconf 88' lang='grc' dir='ltr'>ὁ</span> <span class='ocrx_word' id='word_1_608' title='bbox 3535 3636 3735 3707; x_wconf 84' lang='grc' dir='ltr'>συνηλι-</span> 
     </span>
    </p>
   </div>
   <div class='ocr_carea' id='block_1_80' title="bbox 2172 3734 3735 3809">
    <p class='ocr_par' dir='ltr' id='par_1_80' title="bbox 2172 3734 3735 3809">
     <span class='ocr_line' id='line_1_80' title="bbox 2172 3734 3735 3809; baseline -0.005 -16"><span class='ocrx_word' id='word_1_609' title='bbox 2172 3738 2382 3809; x_wconf 80' lang='grc' dir='ltr'>κιώτης</span> <span class='ocrx_word' id='word_1_610' title='bbox 2409 3738 2504 3791; x_wconf 76' lang='grc' dir='ltr'><strong>καὶ</strong></span> <span class='ocrx_word' id='word_1_611' title='bbox 2538 3737 2865 3808; x_wconf 78' lang='grc' dir='ltr'>σύντροφος,</span> <span class='ocrx_word' id='word_1_612' title='bbox 2902 3735 2962 3799; x_wconf 81' lang='grc' dir='ltr'>ὃς</span> <span class='ocrx_word' id='word_1_613' title='bbox 2999 3736 3094 3789; x_wconf 77' lang='grc' dir='ltr'>καὶ</span> <span class='ocrx_word' id='word_1_614' title='bbox 3143 3734 3488 3805; x_wconf 84' lang='grc' dir='ltr'>μαθημάτων</span> <span class='ocrx_word' id='word_1_615' title='bbox 3536 3748 3735 3803; x_wconf 83' lang='grc' dir='ltr'>συμμε-</span> 
     </span>
    </p>
   </div>
   <div class='ocr_carea' id='block_1_81' title="bbox 2173 3826 3734 3902">
    <p class='ocr_par' dir='ltr' id='par_1_81' title="bbox 2173 3826 3734 3902">
     <span class='ocr_line' id='line_1_81' title="bbox 2173 3826 3734 3902; baseline -0.007 -16"><span class='ocrx_word' id='word_1_616' title='bbox 2173 3833 2367 3902; x_wconf 85' lang='grc' dir='ltr'>τέσχον</span> <span class='ocrx_word' id='word_1_617' title='bbox 2391 3830 2562 3901; x_wconf 85' lang='grc' dir='ltr'>αύτῷ,</span> <span class='ocrx_word' id='word_1_618' title='bbox 2606 3832 2703 3884; x_wconf 75' lang='grc' dir='ltr'>καὶ</span> <span class='ocrx_word' id='word_1_619' title='bbox 2730 3831 2822 3883; x_wconf 72' lang='grc' dir='ltr'><strong>τὸν</strong></span> <span class='ocrx_word' id='word_1_620' title='bbox 2867 3830 3049 3883; x_wconf 85' lang='grc' dir='ltr'>πάντα</span> <span class='ocrx_word' id='word_1_621' title='bbox 3104 3827 3206 3896; x_wconf 81' lang='grc' dir='ltr'>τῆς</span> <span class='ocrx_word' id='word_1_622' title='bbox 3256 3827 3513 3897; x_wconf 88' lang='grc' dir='ltr'>νεότητος</span> <span class='ocrx_word' id='word_1_623' title='bbox 3558 3826 3734 3896; x_wconf 87' lang='grc' dir='ltr'>χρόνον</span> 
     </span>
    </p>
   </div>
   <div class='ocr_carea' id='block_1_82' title="bbox 2176 3913 3733 3994">
    <p class='ocr_par' dir='ltr' id='par_1_82' title="bbox 2176 3913 3733 3994">
     <span class='ocr_line' id='line_1_82' title="bbox 2176 3913 3733 3994; baseline -0.006 -18"><span class='ocrx_word' id='word_1_624' title='bbox 2176 3922 2540 3994; x_wconf 88' lang='grc' dir='ltr'>συνηυλίσθην</span> <span class='ocrx_word' id='word_1_625' title='bbox 2565 3938 2624 3974; x_wconf 89' lang='grc' dir='ltr'><strong>τε</strong></span> <span class='ocrx_word' id='word_1_626' title='bbox 2666 3923 2762 3975; x_wconf 81' lang='grc' dir='ltr'>καὶ</span> <span class='ocrx_word' id='word_1_627' title='bbox 2802 3920 3104 3988; x_wconf 74' lang='grc' dir='ltr'>συνέζησα,</span> <span class='ocrx_word' id='word_1_628' title='bbox 3143 3920 3237 3971; x_wconf 72' lang='grc' dir='ltr'>καὶ</span> <span class='ocrx_word' id='word_1_629' title='bbox 3282 3917 3369 3972; x_wconf 77' lang='grc' dir='ltr'>ἵνα</span> <span class='ocrx_word' id='word_1_630' title='bbox 3404 3916 3634 3972; x_wconf 85' lang='grc' dir='ltr'>συνελὼν</span> <span class='ocrx_word' id='word_1_631' title='bbox 3667 3913 3733 3968; x_wconf 81' lang='grc' dir='ltr'>εί-</span> 
     </span>
    </p>
   </div>
   <div class='ocr_carea' id='block_1_83' title="bbox 2174 4008 3730 4084">
    <p class='ocr_par' dir='ltr' id='par_1_83' title="bbox 2174 4008 3730 4084">
     <span class='ocr_line' id='line_1_83' title="bbox 2174 4008 3730 4084; baseline -0.005 -17"><span class='ocrx_word' id='word_1_632' title='bbox 2174 4031 2284 4080; x_wconf 87' lang='grc' dir='ltr'><strong>πω,</strong></span> <span class='ocrx_word' id='word_1_633' title='bbox 2330 4016 2409 4078; x_wconf 84' lang='grc' dir='ltr'><strong>εἰς</strong></span> <span class='ocrx_word' id='word_1_634' title='bbox 2470 4013 2603 4084; x_wconf 89' lang='grc' dir='ltr'>μίαν</span> <span class='ocrx_word' id='word_1_635' title='bbox 2657 4014 2829 4084; x_wconf 82' lang='grc' dir='ltr'>ἄμφω</span> <span class='ocrx_word' id='word_1_636' title='bbox 2865 4010 3045 4083; x_wconf 68' lang='grc' dir='ltr'>ψυχὴν</span> <span class='ocrx_word' id='word_1_637' title='bbox 3090 4010 3506 4081; x_wconf 76' lang='grc' dir='ltr'>συνεκράθημέν</span> <span class='ocrx_word' id='word_1_638' title='bbox 3554 4025 3611 4063; x_wconf 88' lang='grc' dir='ltr'><strong>τε</strong></span> <span class='ocrx_word' id='word_1_639' title='bbox 3648 4008 3730 4061; x_wconf 80' lang='grc' dir='ltr'><strong>καὶ</strong></span> 
     </span>
    </p>
   </div>
   <div class='ocr_carea' id='block_1_84' title="bbox 2179 4105 2568 4176">
    <p class='ocr_par' dir='ltr' id='par_1_84' title="bbox 2179 4105 2568 4176">
     <span class='ocr_line' id='line_1_84' title="bbox 2179 4105 2568 4176; baseline -0.008 -15"><span class='ocrx_word' id='word_1_640' title='bbox 2179 4105 2438 4175; x_wconf 74' lang='grc' dir='ltr'>συνεδέθη</span> <span class='ocrx_word' id='word_1_641' title='bbox 2448 4122 2568 4176; x_wconf 86' lang='grc' dir='ltr'>μεν.</span> 
     </span>
    </p>
   </div>
   <div class='ocr_carea' id='block_1_85' title="bbox 2252 4188 3732 4267">
    <p class='ocr_par' dir='ltr' id='par_1_85' title="bbox 2252 4188 3732 4267">
     <span class='ocr_line' id='line_1_85' title="bbox 2252 4188 3732 4267; baseline -0.009 -13"><span class='ocrx_word' id='word_1_642' title='bbox 2252 4205 2328 4264; x_wconf 82' lang='grc' dir='ltr'><strong>ς’.</strong></span> <span class='ocrx_word' id='word_1_643' title='bbox 2362 4196 2534 4253; x_wconf 79' lang='grc' dir='ltr'>Αὖταί</span> <span class='ocrx_word' id='word_1_644' title='bbox 2566 4213 2647 4250; x_wconf 92' lang='grc' dir='ltr'><strong>σοι</strong></span> <span class='ocrx_word' id='word_1_645' title='bbox 2686 4196 2928 4267; x_wconf 78' lang='grc' dir='ltr'>κειμένῳ</span> <span class='ocrx_word' id='word_1_646' title='bbox 2974 4194 3106 4267; x_wconf 81' lang='grc' dir='ltr'>παρ’</span> <span class='ocrx_word' id='word_1_647' title='bbox 3138 4194 3294 4264; x_wconf 83' lang='grc' dir='ltr'>ήμῶν</span> <span class='ocrx_word' id='word_1_648' title='bbox 3324 4195 3381 4249; x_wconf 77' lang='grc' dir='ltr'>αἱ</span> <span class='ocrx_word' id='word_1_649' title='bbox 3430 4194 3573 4265; x_wconf 78' lang='grc' dir='ltr'>χοαὶ,</span> <span class='ocrx_word' id='word_1_650' title='bbox 3622 4188 3732 4243; x_wconf 83' lang='grc' dir='ltr'>θεία</span> 
     </span>
    </p>
   </div>
   <div class='ocr_carea' id='block_1_86' title="bbox 2177 4282 3730 4360">
    <p class='ocr_par' dir='ltr' id='par_1_86' title="bbox 2177 4282 3730 4360">
     <span class='ocr_line' id='line_1_86' title="bbox 2177 4282 3730 4360; baseline -0.006 -15"><span class='ocrx_word' id='word_1_651' title='bbox 2177 4292 2273 4345; x_wconf 77' lang='grc' dir='ltr'>καὶ</span> <span class='ocrx_word' id='word_1_652' title='bbox 2322 4289 2555 4360; x_wconf 82' lang='grc' dir='ltr'>φιλτάτη</span> <span class='ocrx_word' id='word_1_653' title='bbox 2589 4306 2679 4358; x_wconf 87' lang='grc' dir='ltr'><strong>μοι</strong></span> <span class='ocrx_word' id='word_1_654' title='bbox 2703 4288 2942 4359; x_wconf 85' lang='grc' dir='ltr'>κεφαλή.</span> <span class='ocrx_word' id='word_1_655' title='bbox 2973 4286 3162 4341; x_wconf 81' lang='grc' dir='ltr'>Ταῦτά</span> <span class='ocrx_word' id='word_1_656' title='bbox 3190 4304 3275 4340; x_wconf 84' lang='grc' dir='ltr'><strong>σοι</strong></span> <span class='ocrx_word' id='word_1_657' title='bbox 3299 4288 3369 4341; x_wconf 76' lang='grc' dir='ltr'><strong>τὰ</strong></span> <span class='ocrx_word' id='word_1_658' title='bbox 3428 4289 3525 4357; x_wconf 84' lang='grc' dir='ltr'>τῆς</span> <span class='ocrx_word' id='word_1_659' title='bbox 3559 4282 3730 4355; x_wconf 84' lang='grc' dir='ltr'>φιλου-</span> 
     </span>
    </p>
   </div>
   <div class='ocr_carea' id='block_1_87' title="bbox 2121 4373 3734 4463">
    <p class='ocr_par' dir='ltr' id='par_1_87' title="bbox 2121 4373 3734 4463">
     <span class='ocr_line' id='line_1_87' title="bbox 2121 4373 3734 4463; baseline -0.008 -25"><span class='ocrx_word' id='word_1_660' title='bbox 2121 4442 2123 4445; x_wconf 28' lang='grc' dir='ltr'><strong><em>τ</em></strong></span> <span class='ocrx_word' id='word_1_661' title='bbox 2182 4385 2350 4455; x_wconf 78' lang='grc' dir='ltr'>μένης</span> <span class='ocrx_word' id='word_1_662' title='bbox 2381 4382 2630 4451; x_wconf 84' lang='grc' dir='ltr'>γλώττης</span> <span class='ocrx_word' id='word_1_663' title='bbox 2676 4383 2774 4463; x_wconf 75' lang='grc' dir='ltr'><strong>καὶ</strong></span> <span class='ocrx_word' id='word_1_664' title='bbox 2807 4381 2999 4455; x_wconf 76' lang='grc' dir='ltr'>ἥλικος</span> <span class='ocrx_word' id='word_1_665' title='bbox 3047 4379 3416 4449; x_wconf 79' lang='grc' dir='ltr'>ἐναγίσματα,</span> <span class='ocrx_word' id='word_1_666' title='bbox 3462 4380 3527 4450; x_wconf 75' lang='grc' dir='ltr'>ἠν</span> <span class='ocrx_word' id='word_1_667' title='bbox 3587 4373 3734 4429; x_wconf 82' lang='grc' dir='ltr'>πάλαι</span> 
     </span>
    </p>
   </div>
   <div class='ocr_carea' id='block_1_88' title="bbox 2184 4466 3735 4546">
    <p class='ocr_par' dir='ltr' id='par_1_88' title="bbox 2184 4466 3735 4546">
     <span class='ocr_line' id='line_1_88' title="bbox 2184 4466 3735 4546; baseline -0.006 -16"><span class='ocrx_word' id='word_1_668' title='bbox 2184 4476 2282 4546; x_wconf 73' lang='grc' dir='ltr'>μὲν</span> <span class='ocrx_word' id='word_1_669' title='bbox 2311 4474 2586 4529; x_wconf 79' lang='grc' dir='ltr'>λαλοῦσαν</span> <span class='ocrx_word' id='word_1_670' title='bbox 2608 4473 2855 4543; x_wconf 81' lang='grc' dir='ltr'>ἠγάπας,</span> <span class='ocrx_word' id='word_1_671' title='bbox 2882 4468 2981 4524; x_wconf 82' lang='grc' dir='ltr'>νῦν</span> <span class='ocrx_word' id='word_1_672' title='bbox 3011 4469 3071 4523; x_wconf 71' lang='grc' dir='ltr'>δὲ</span> <span class='ocrx_word' id='word_1_673' title='bbox 3097 4469 3175 4539; x_wconf 81' lang='grc' dir='ltr'><strong>τῷ</strong></span> <span class='ocrx_word' id='word_1_674' title='bbox 3216 4469 3383 4523; x_wconf 82' lang='grc' dir='ltr'>πάθει</span> <span class='ocrx_word' id='word_1_675' title='bbox 3414 4466 3735 4540; x_wconf 79' lang='grc' dir='ltr'>φλεγομένην</span> 
     </span>
    </p>
   </div>
   <div class='ocr_carea' id='block_1_89' title="bbox 2180 4553 3735 4634">
    <p class='ocr_par' dir='ltr' id='par_1_89' title="bbox 2180 4553 3735 4634">
     <span class='ocr_line' id='line_1_89' title="bbox 2180 4553 3735 4634; baseline -0.009 -12"><span class='ocrx_word' id='word_1_676' title='bbox 2180 4569 2284 4622; x_wconf 80' lang='grc' dir='ltr'>οὐκ</span> <span class='ocrx_word' id='word_1_677' title='bbox 2313 4566 2486 4629; x_wconf 76' lang='grc' dir='ltr'>ἐλεεῖς</span> <span class='ocrx_word' id='word_1_678' title='bbox 2515 4581 2531 4595; x_wconf 83' lang='grc'><em>’</em></span> <span class='ocrx_word' id='word_1_679' title='bbox 2571 4564 2695 4618; x_wconf 69' lang='grc' dir='ltr'>οὐδὲ</span> <span class='ocrx_word' id='word_1_680' title='bbox 2724 4564 2834 4617; x_wconf 77' lang='grc' dir='ltr'><strong>ἀπὸ</strong></span> <span class='ocrx_word' id='word_1_681' title='bbox 2860 4562 2954 4616; x_wconf 81' lang='grc' dir='ltr'>τοῦ</span> <span class='ocrx_word' id='word_1_682' title='bbox 3001 4562 3262 4634; x_wconf 84' lang='grc' dir='ltr'>φέροντός</span> <span class='ocrx_word' id='word_1_683' title='bbox 3309 4577 3371 4614; x_wconf 89' lang='grc' dir='ltr'><strong>σε</strong></span> <span class='ocrx_word' id='word_1_684' title='bbox 3430 4560 3627 4614; x_wconf 88' lang='grc' dir='ltr'>κόλπου</span> <span class='ocrx_word' id='word_1_685' title='bbox 3652 4553 3735 4608; x_wconf 78' lang='grc' dir='ltr'><strong>τοῦ</strong></span> 
     </span>
    </p>
   </div>
   <div class='ocr_carea' id='block_1_90' title="bbox 2182 4650 3738 4728">
    <p class='ocr_par' dir='ltr' id='par_1_90' title="bbox 2182 4650 3738 4728">
     <span class='ocr_line' id='line_1_90' title="bbox 2182 4650 3738 4728; baseline -0.009 -17"><span class='ocrx_word' id='word_1_686' title='bbox 2182 4653 2586 4728; x_wconf 84' lang='grc' dir='ltr'>πατριαρχικοῦ</span> <span class='ocrx_word' id='word_1_687' title='bbox 2624 4655 2720 4708; x_wconf 80' lang='grc' dir='ltr'>καὶ</span> <span class='ocrx_word' id='word_1_688' title='bbox 2789 4654 3123 4724; x_wconf 83' lang='grc' dir='ltr'>δροσόεσσαν</span> <span class='ocrx_word' id='word_1_689' title='bbox 3186 4651 3376 4721; x_wconf 81' lang='grc' dir='ltr'>ρανίδα</span> <span class='ocrx_word' id='word_1_690' title='bbox 3419 4650 3738 4717; x_wconf 72' lang='grc' dir='ltr'>ἐπιπέμπεις</span> 
     </span>
    </p>
   </div>
   <div class='ocr_carea' id='block_1_91' title="bbox 2182 4739 3408 4816">
    <p class='ocr_par' dir='ltr' id='par_1_91' title="bbox 2182 4739 3408 4816">
     <span class='ocr_line' id='line_1_91' title="bbox 2182 4739 3408 4816; baseline -0.003 -19"><span class='ocrx_word' id='word_1_691' title='bbox 2182 4745 2315 4816; x_wconf 77' lang='grc' dir='ltr'>ἡμῖν</span> <span class='ocrx_word' id='word_1_692' title='bbox 2349 4743 2764 4814; x_wconf 74' lang='grc' dir='ltr'>φλογιζομένοις</span> <span class='ocrx_word' id='word_1_693' title='bbox 2798 4741 2877 4812; x_wconf 83' lang='grc' dir='ltr'>τῷ</span> <span class='ocrx_word' id='word_1_694' title='bbox 2902 4741 3004 4811; x_wconf 85' lang='grc' dir='ltr'>τῆς</span> <span class='ocrx_word' id='word_1_695' title='bbox 3035 4740 3213 4811; x_wconf 88' lang='grc' dir='ltr'>λύπης</span> <span class='ocrx_word' id='word_1_696' title='bbox 3248 4739 3408 4810; x_wconf 79' lang='grc' dir='ltr'>πυρί.</span> 
     </span>
    </p>
   </div>
   <div class='ocr_carea' id='block_1_92' title="bbox 571 4820 2061 4904">
    <p class='ocr_par' dir='ltr' id='par_1_92' title="bbox 571 4820 2061 4901">
     <span class='ocr_line' id='line_1_92' title="bbox 571 4820 2061 4901; baseline 0.009 -28"><span class='ocrx_word' id='word_1_697' title='bbox 571 4820 770 4890; x_wconf 86' lang='lat' dir='ltr'><strong>Accipe</strong></span> <span class='ocrx_word' id='word_1_698' title='bbox 812 4837 939 4892; x_wconf 83' lang='lat' dir='ltr'><strong>ergo</strong></span> <span class='ocrx_word' id='word_1_699' title='bbox 969 4824 1085 4880; x_wconf 66' lang='lat' dir='ltr'><strong>haec</strong></span> <span class='ocrx_word' id='word_1_700' title='bbox 1123 4841 1154 4881; x_wconf 89' lang='lat' dir='ltr'><strong>a</strong></span> <span class='ocrx_word' id='word_1_701' title='bbox 1186 4828 1366 4892; x_wconf 89' lang='lat' dir='ltr'><strong>nobis,</strong></span> <span class='ocrx_word' id='word_1_702' title='bbox 1413 4845 1582 4899; x_wconf 86' lang='lat' dir='ltr'><strong>pauca</strong></span> <span class='ocrx_word' id='word_1_703' title='bbox 1619 4832 1842 4901; x_wconf 81' lang='lat' dir='ltr'><strong>quidem</strong></span> <span class='ocrx_word' id='word_1_704' title='bbox 1875 4847 1938 4887; x_wconf 88' lang='lat' dir='ltr'><strong>ac</strong></span> <span class='ocrx_word' id='word_1_705' title='bbox 1970 4832 2061 4901; x_wconf 88' lang='lat' dir='ltr'><strong>spi-</strong></span> 
     </span>
    </p>
   </div>
   <div class='ocr_carea' id='block_1_93' title="bbox 2167 4820 3741 4904">
    <p class='ocr_par' dir='ltr' id='par_1_93' title="bbox 2252 4823 3741 4904">
     <span class='ocr_line' id='line_1_93' title="bbox 2252 4823 3741 4904; baseline -0.007 -16"><span class='ocrx_word' id='word_1_706' title='bbox 2252 4834 2344 4888; x_wconf 59' lang='grc' dir='ltr'><strong>Σοί⁸</strong></span> <span class='ocrx_word' id='word_1_707' title='bbox 2376 4833 2475 4904; x_wconf 77' lang='grc' dir='ltr'>μὲν</span> <span class='ocrx_word' id='word_1_708' title='bbox 2502 4832 2596 4887; x_wconf 80' lang='grc' dir='ltr'>οὖν</span> <span class='ocrx_word' id='word_1_709' title='bbox 2631 4833 2806 4886; x_wconf 85' lang='grc' dir='ltr'>ταῦτα</span> <span class='ocrx_word' id='word_1_710' title='bbox 2842 4830 2974 4903; x_wconf 81' lang='grc' dir='ltr'>παρ’</span> <span class='ocrx_word' id='word_1_711' title='bbox 3015 4833 3169 4902; x_wconf 76' lang='grc' dir='ltr'>ἡμῖν,</span> <span class='ocrx_word' id='word_1_712' title='bbox 3204 4829 3361 4898; x_wconf 73' lang='grc' dir='ltr'>ὀλίγα</span> <span class='ocrx_word' id='word_1_713' title='bbox 3410 4829 3510 4898; x_wconf 78' lang='grc' dir='ltr'>μὲν</span> <span class='ocrx_word' id='word_1_714' title='bbox 3541 4827 3633 4881; x_wconf 74' lang='grc' dir='ltr'>καὶ</span> <span class='ocrx_word' id='word_1_715' title='bbox 3670 4823 3741 4892; x_wconf 81' lang='grc' dir='ltr'>τῷ</span> 
     </span>
    </p>
   </div>
   <div class='ocr_carea' id='block_1_94' title="bbox 503 4912 2061 4995">
    <p class='ocr_par' dir='ltr' id='par_1_94' title="bbox 503 4912 2061 4993">
     <span class='ocr_line' id='line_1_94' title="bbox 503 4912 2061 4993; baseline 0.01 -30"><span class='ocrx_word' id='word_1_716' title='bbox 503 4912 613 4965; x_wconf 87' lang='lat' dir='ltr'><strong>ritu</strong></span> <span class='ocrx_word' id='word_1_717' title='bbox 670 4914 963 4970; x_wconf 84' lang='lat' dir='ltr'><strong>anhelante</strong></span> <span class='ocrx_word' id='word_1_718' title='bbox 1016 4922 1340 4986; x_wconf 84' lang='lat' dir='ltr'><strong>composita.</strong></span> <span class='ocrx_word' id='word_1_719' title='bbox 1394 4924 1683 4986; x_wconf 71' lang='lat' dir='ltr'><strong>Quomodo</strong></span> <span class='ocrx_word' id='word_1_720' title='bbox 1738 4923 1886 4978; x_wconf 89' lang='lat' dir='ltr'><strong>enim</strong></span> <span class='ocrx_word' id='word_1_721' title='bbox 1938 4939 2061 4993; x_wconf 76' lang='lat' dir='ltr'><strong>equt</strong></span> 
     </span>
    </p>
   </div>
   <div class='ocr_carea' id='block_1_95' title="bbox 2167 4912 3741 4995">
    <p class='ocr_par' dir='ltr' id='par_1_95' title="bbox 2184 4914 3741 4995">
     <span class='ocr_line' id='line_1_95' title="bbox 2184 4914 3741 4995; baseline -0.024 -13"><span class='ocrx_word' id='word_1_722' title='bbox 2184 4925 2280 4981; x_wconf 80' lang='grc' dir='ltr'>τοῦ</span> <span class='ocrx_word' id='word_1_723' title='bbox 2316 4924 2523 4995; x_wconf 85' lang='grc' dir='ltr'>δρόμου</span> <span class='ocrx_word' id='word_1_724' title='bbox 2579 4923 2822 4991; x_wconf 69' lang='grc' dir='ltr'>ἄσθματι</span> <span class='ocrx_word' id='word_1_725' title='bbox 2883 4921 3084 4993; x_wconf 85' lang='grc' dir='ltr'>μικροῦ</span> <span class='ocrx_word' id='word_1_726' title='bbox 3130 4920 3581 4990; x_wconf 63' lang='grc' dir='ltr'>συμπνιγόμενα.</span> <span class='ocrx_word' id='word_1_727' title='bbox 3638 4914 3741 4974; x_wconf 65' lang='grc' dir='ltr'><strong>πῶς</strong></span> 
     </span>
    </p>
   </div>
   <div class='ocr_carea' id='block_1_96' title="bbox 503 5004 2083 5083">
    <p class='ocr_par' dir='ltr' id='par_1_96' title="bbox 503 5004 2083 5083">
     <span class='ocr_line' id='line_1_96' title="bbox 503 5004 2083 5083; baseline 0.008 -28"><span class='ocrx_word' id='word_1_728' title='bbox 503 5004 625 5068; x_wconf 88' lang='lat' dir='ltr'><strong>quis</strong></span> <span class='ocrx_word' id='word_1_729' title='bbox 657 5007 899 5062; x_wconf 88' lang='lat' dir='ltr'><strong>insidens</strong></span> <span class='ocrx_word' id='word_1_730' title='bbox 950 5009 1152 5078; x_wconf 85' lang='lat' dir='ltr'><strong>stylum</strong></span> <span class='ocrx_word' id='word_1_731' title='bbox 1204 5013 1607 5082; x_wconf 83' lang='lat' dir='ltr'><strong>exerceat?qui</strong></span> <span class='ocrx_word' id='word_1_732' title='bbox 1661 5015 1836 5083; x_wconf 84' lang='lat' dir='ltr'><strong>capite</strong></span> <span class='ocrx_word' id='word_1_733' title='bbox 1893 5014 2083 5068; x_wconf 89' lang='lat' dir='ltr'><strong>dolens</strong></span> 
     </span>
    </p>
   </div>
   <div class='ocr_carea' id='block_1_97' title="bbox 503 5101 2085 5177">
    <p class='ocr_par' dir='ltr' id='par_1_97' title="bbox 503 5101 2085 5177">
     <span class='ocr_line' id='line_1_97' title="bbox 503 5101 2085 5177; baseline 0.007 -25"><span class='ocrx_word' id='word_1_734' title='bbox 503 5108 557 5152; x_wconf 88' lang='lat' dir='ltr'><strong>et</strong></span> <span class='ocrx_word' id='word_1_735' title='bbox 585 5101 743 5155; x_wconf 89' lang='lat' dir='ltr'><strong>annis</strong></span> <span class='ocrx_word' id='word_1_736' title='bbox 766 5104 949 5170; x_wconf 83' lang='lat' dir='ltr'><strong>gravis</strong></span> <span class='ocrx_word' id='word_1_737' title='bbox 978 5106 1213 5158; x_wconf 88' lang='lat' dir='ltr'><strong>amicum</strong></span> <span class='ocrx_word' id='word_1_738' title='bbox 1241 5117 1413 5162; x_wconf 88' lang='lat' dir='ltr'><strong>morte</strong></span> <span class='ocrx_word' id='word_1_739' title='bbox 1434 5118 1673 5177; x_wconf 83' lang='lat' dir='ltr'><strong>ereptqu</strong></span> <span class='ocrx_word' id='word_1_740' title='bbox 1697 5109 1860 5176; x_wconf 75' lang='lat' dir='ltr'><strong>digne</strong></span> <span class='ocrx_word' id='word_1_741' title='bbox 1880 5107 2085 5163; x_wconf 82' lang='lat' dir='ltr'><strong>ﬂeam?</strong></span> 
     </span>
    </p>
   </div>
   <div class='ocr_carea' id='block_1_98' title="bbox 505 5189 2086 5263">
    <p class='ocr_par' dir='ltr' id='par_1_98' title="bbox 505 5189 2086 5263">
     <span class='ocr_line' id='line_1_98' title="bbox 505 5189 2086 5263; baseline 0.007 -21"><span class='ocrx_word' id='word_1_742' title='bbox 505 5189 615 5244; x_wconf 84' lang='lat' dir='ltr'><strong>Nos</strong></span> <span class='ocrx_word' id='word_1_743' title='bbox 645 5206 863 5259; x_wconf 76' lang='lat' dir='ltr'><strong>quoque</strong></span> <span class='ocrx_word' id='word_1_744' title='bbox 882 5194 1174 5263; x_wconf 86' lang='lat' dir='ltr'><strong>aliquando</strong></span> <span class='ocrx_word' id='word_1_745' title='bbox 1205 5205 1363 5252; x_wconf 59' lang='lat' dir='ltr'><strong>terra;</strong></span> <span class='ocrx_word' id='word_1_746' title='bbox 1388 5200 1623 5254; x_wconf 87' lang='lat' dir='ltr'><strong>creditos</strong></span> <span class='ocrx_word' id='word_1_747' title='bbox 1661 5201 1821 5255; x_wconf 89' lang='lat' dir='ltr'><strong>amici</strong></span> <span class='ocrx_word' id='word_1_748' title='bbox 1849 5199 2086 5253; x_wconf 87' lang='lat' dir='ltr'><strong>circum-</strong></span> 
     </span>
    </p>
   </div>
   <div class='ocr_carea' id='block_1_99' title="bbox 504 5279 2084 5360">
    <p class='ocr_par' dir='ltr' id='par_1_99' title="bbox 504 5279 2084 5360">
     <span class='ocr_line' id='line_1_99' title="bbox 504 5279 2084 5360; baseline 0.008 -27"><span class='ocrx_word' id='word_1_749' title='bbox 504 5279 731 5333; x_wconf 86' lang='lat' dir='ltr'><strong>stabunt</strong></span> <span class='ocrx_word' id='word_1_750' title='bbox 772 5283 949 5349; x_wconf 89' lang='lat' dir='ltr'><strong>multi,</strong></span> <span class='ocrx_word' id='word_1_751' title='bbox 983 5284 1079 5339; x_wconf 89' lang='lat' dir='ltr'><strong>sed</strong></span> <span class='ocrx_word' id='word_1_752' title='bbox 1116 5287 1258 5341; x_wconf 88' lang='lat' dir='ltr'><strong>nulla</strong></span> <span class='ocrx_word' id='word_1_753' title='bbox 1297 5304 1402 5343; x_wconf 78' lang='lat' dir='ltr'><strong>vox</strong></span> <span class='ocrx_word' id='word_1_754' title='bbox 1448 5290 1627 5360; x_wconf 86' lang='lat' dir='ltr'><strong>qualis</strong></span> <span class='ocrx_word' id='word_1_755' title='bbox 1670 5302 1759 5345; x_wconf 90' lang='lat' dir='ltr'><strong>tua</strong></span> <span class='ocrx_word' id='word_1_756' title='bbox 1807 5292 1931 5355; x_wconf 78' lang='lat' dir='ltr'><strong>fuit,</strong></span> <span class='ocrx_word' id='word_1_757' title='bbox 1981 5305 2084 5345; x_wconf 89' lang='lat' dir='ltr'><strong>nos</strong></span> 
     </span>
    </p>
   </div>
   <div class='ocr_carea' id='block_1_100' title="bbox 505 5371 2085 5451">
    <p class='ocr_par' dir='ltr' id='par_1_100' title="bbox 505 5371 2085 5451">
     <span class='ocr_line' id='line_1_100' title="bbox 505 5371 2085 5451; baseline 0.008 -26"><span class='ocrx_word' id='word_1_758' title='bbox 505 5371 842 5430; x_wconf 78' lang='lat' dir='ltr'><strong>celebrabit:</strong></span> <span class='ocrx_word' id='word_1_759' title='bbox 877 5385 932 5430; x_wconf 89' lang='lat' dir='ltr'><strong>ct</strong></span> <span class='ocrx_word' id='word_1_760' title='bbox 970 5378 1072 5432; x_wconf 91' lang='lat' dir='ltr'><strong>hoc</strong></span> <span class='ocrx_word' id='word_1_761' title='bbox 1101 5378 1319 5448; x_wconf 86' lang='lat' dir='ltr'><strong>quidem</strong></span> <span class='ocrx_word' id='word_1_762' title='bbox 1348 5380 1519 5451; x_wconf 91' lang='lat' dir='ltr'><strong>priori</strong></span> <span class='ocrx_word' id='word_1_763' title='bbox 1561 5382 1855 5439; x_wconf 82' lang='lat' dir='ltr'><strong>calamitati</strong></span> <span class='ocrx_word' id='word_1_764' title='bbox 1887 5398 2085 5438; x_wconf 89' lang='lat' dir='ltr'><strong>secun-</strong></span> 
     </span>
    </p>
   </div>
   <div class='ocr_carea' id='block_1_101' title="bbox 507 5462 1288 5524">
    <p class='ocr_par' dir='ltr' id='par_1_101' title="bbox 507 5462 1288 5524">
     <span class='ocr_line' id='line_1_101' title="bbox 507 5462 1288 5524; baseline 0.015 -11"><span class='ocrx_word' id='word_1_765' title='bbox 507 5462 635 5517; x_wconf 88' lang='lat' dir='ltr'><strong>dum</strong></span> <span class='ocrx_word' id='word_1_766' title='bbox 665 5463 880 5519; x_wconf 87' lang='lat' dir='ltr'><strong>additur</strong></span> <span class='ocrx_word' id='word_1_767' title='bbox 907 5466 1288 5524; x_wconf 78' lang='lat' dir='ltr'><strong>infortunium.</strong></span> 
     </span>
    </p>
   </div>
   <div class='ocr_carea' id='block_1_102' title="bbox 2190 5012 3740 5087">
    <p class='ocr_par' dir='ltr' id='par_1_102' title="bbox 2190 5012 3740 5087">
     <span class='ocr_line' id='line_1_102' title="bbox 2190 5012 3740 5087; baseline -0.008 -16"><span class='ocrx_word' id='word_1_768' title='bbox 2190 5018 2300 5087; x_wconf 79' lang='grc' dir='ltr'><strong>γὰρ</strong></span> <span class='ocrx_word' id='word_1_769' title='bbox 2331 5015 2425 5069; x_wconf 69' lang='grc' dir='ltr'>καὶ</span> <span class='ocrx_word' id='word_1_770' title='bbox 2455 5015 2543 5085; x_wconf 73' lang='grc' dir='ltr'><strong>ιφ’</strong></span> <span class='ocrx_word' id='word_1_771' title='bbox 2571 5015 2743 5068; x_wconf 77' lang='grc' dir='ltr'>ἵππου</span> <span class='ocrx_word' id='word_1_772' title='bbox 2776 5013 2979 5085; x_wconf 81' lang='grc' dir='ltr'>βαίνων</span> <span class='ocrx_word' id='word_1_773' title='bbox 3016 5030 3103 5075; x_wconf 89' lang='grc' dir='ltr'><strong>τις</strong></span> <span class='ocrx_word' id='word_1_774' title='bbox 3133 5013 3227 5065; x_wconf 78' lang='grc' dir='ltr'>καὶ</span> <span class='ocrx_word' id='word_1_775' title='bbox 3258 5012 3740 5081; x_wconf 73' lang='grc' dir='ltr'>λογογραφήσειενς</span> 
     </span>
    </p>
   </div>
   <div class='ocr_carea' id='block_1_103' title="bbox 2188 5102 3742 5178">
    <p class='ocr_par' dir='ltr' id='par_1_103' title="bbox 2188 5102 3742 5178">
     <span class='ocr_line' id='line_1_103' title="bbox 2188 5102 3742 5178; baseline -0.006 -16"><span class='ocrx_word' id='word_1_776' title='bbox 2188 5110 2308 5172; x_wconf 78' lang='grc' dir='ltr'>πῶς</span> <span class='ocrx_word' id='word_1_777' title='bbox 2337 5110 2393 5162; x_wconf 84' lang='grc' dir='ltr'>δὲ</span> <span class='ocrx_word' id='word_1_778' title='bbox 2424 5109 2517 5163; x_wconf 81' lang='grc' dir='ltr'>καὶ</span> <span class='ocrx_word' id='word_1_779' title='bbox 2557 5107 2745 5178; x_wconf 78' lang='grc' dir='ltr'>δρόμῳ</span> <span class='ocrx_word' id='word_1_780' title='bbox 2792 5107 3037 5173; x_wconf 79' lang='grc' dir='ltr'>κεφαλὴν</span> <span class='ocrx_word' id='word_1_781' title='bbox 3082 5104 3416 5174; x_wconf 81' lang='grc' dir='ltr'>τεινόμενος,</span> <span class='ocrx_word' id='word_1_782' title='bbox 3475 5102 3567 5155; x_wconf 82' lang='grc' dir='ltr'>καὶ</span> <span class='ocrx_word' id='word_1_783' title='bbox 3610 5103 3742 5167; x_wconf 64' lang='grc' dir='ltr'>γήρᾳ</span> 
     </span>
    </p>
   </div>
   <div class='ocr_carea' id='block_1_104' title="bbox 2191 5191 3744 5270">
    <p class='ocr_par' dir='ltr' id='par_1_104' title="bbox 2191 5191 3744 5270">
     <span class='ocr_line' id='line_1_104' title="bbox 2191 5191 3744 5270; baseline -0.022 4"><span class='ocrx_word' id='word_1_784' title='bbox 2191 5202 2608 5270; x_wconf 75' lang='grc' dir='ltr'>καμπτόμενος.</span> <span class='ocrx_word' id='word_1_785' title='bbox 2647 5198 2783 5267; x_wconf 81' lang='grc' dir='ltr'>πρὸς</span> <span class='ocrx_word' id='word_1_786' title='bbox 2816 5199 2973 5265; x_wconf 81' lang='grc' dir='ltr'>ἀξίαν</span> <span class='ocrx_word' id='word_1_787' title='bbox 3021 5196 3284 5267; x_wconf 80' lang='grc' dir='ltr'>θρηνήσει</span> <span class='ocrx_word' id='word_1_788' title='bbox 3316 5196 3412 5249; x_wconf 72' lang='grc' dir='ltr'><strong>τὸν</strong></span> <span class='ocrx_word' id='word_1_789' title='bbox 3455 5195 3601 5263; x_wconf 85' lang='grc' dir='ltr'>φίλον</span> <span class='ocrx_word' id='word_1_790' title='bbox 3641 5191 3744 5244; x_wconf 78' lang='grc' dir='ltr'><strong>κεί-</strong></span> 
     </span>
    </p>
   </div>
   <div class='ocr_carea' id='block_1_105' title="bbox 2192 5283 3744 5363">
    <p class='ocr_par' dir='ltr' id='par_1_105' title="bbox 2192 5283 3744 5363">
     <span class='ocr_line' id='line_1_105' title="bbox 2192 5283 3744 5363; baseline -0.007 -18"><span class='ocrx_word' id='word_1_791' title='bbox 2192 5308 2396 5363; x_wconf 86' lang='grc' dir='ltr'>μενον;</span> <span class='ocrx_word' id='word_1_792' title='bbox 2424 5292 2570 5361; x_wconf 81' lang='grc' dir='ltr'>ἡμᾶς</span> <span class='ocrx_word' id='word_1_793' title='bbox 2607 5291 2663 5343; x_wconf 84' lang='grc' dir='ltr'>δὲ</span> <span class='ocrx_word' id='word_1_794' title='bbox 2696 5289 2834 5361; x_wconf 84' lang='grc' dir='ltr'>μετὰ</span> <span class='ocrx_word' id='word_1_795' title='bbox 2871 5290 2930 5342; x_wconf 80' lang='grc' dir='ltr'>σὲ</span> <span class='ocrx_word' id='word_1_796' title='bbox 2960 5289 3246 5357; x_wconf 79' lang='grc' dir='ltr'>κειμένους</span> <span class='ocrx_word' id='word_1_797' title='bbox 3271 5287 3417 5356; x_wconf 85' lang='grc' dir='ltr'>φίλοι</span> <span class='ocrx_word' id='word_1_798' title='bbox 3469 5287 3566 5356; x_wconf 81' lang='grc' dir='ltr'>μὲν</span> <span class='ocrx_word' id='word_1_799' title='bbox 3626 5283 3744 5342; x_wconf 71' lang='grc' dir='ltr'>ἴσως</span> 
     </span>
    </p>
   </div>
   <div class='ocr_carea' id='block_1_106' title="bbox 2192 5375 3745 5453">
    <p class='ocr_par' dir='ltr' id='par_1_106' title="bbox 2192 5375 3745 5453">
     <span class='ocr_line' id='line_1_106' title="bbox 2192 5375 3745 5453; baseline -0.01 -17"><span class='ocrx_word' id='word_1_800' title='bbox 2192 5383 2378 5436; x_wconf 79' lang='grc' dir='ltr'>πολλοὶ</span> <span class='ocrx_word' id='word_1_801' title='bbox 2405 5383 2855 5453; x_wconf 80' lang='grc' dir='ltr'>περιστήσονται,</span> <span class='ocrx_word' id='word_1_802' title='bbox 2885 5378 3110 5443; x_wconf 83' lang='grc' dir='ltr'>γλῶσσα</span> <span class='ocrx_word' id='word_1_803' title='bbox 3139 5377 3197 5430; x_wconf 86' lang='grc' dir='ltr'>δὲ</span> <span class='ocrx_word' id='word_1_804' title='bbox 3239 5378 3459 5438; x_wconf 83' lang='grc' dir='ltr'>πάντως</span> <span class='ocrx_word' id='word_1_805' title='bbox 3510 5375 3568 5427; x_wconf 77' lang='grc' dir='ltr'>οὗ</span> <span class='ocrx_word' id='word_1_806' title='bbox 3606 5387 3745 5441; x_wconf 76' lang='grc' dir='ltr'>περιο</span> 
     </span>
    </p>
   </div>
   <div class='ocr_carea' id='block_1_107' title="bbox 2189 5466 3744 5543">
    <p class='ocr_par' dir='ltr' id='par_1_107' title="bbox 2189 5466 3744 5543">
     <span class='ocr_line' id='line_1_107' title="bbox 2189 5466 3744 5543; baseline -0.006 -17"><span class='ocrx_word' id='word_1_807' title='bbox 2189 5474 2411 5543; x_wconf 78' lang='grc' dir='ltr'>λαλήσει</span> <span class='ocrx_word' id='word_1_808' title='bbox 2479 5472 2572 5525; x_wconf 81' lang='grc' dir='ltr'>τὸν</span> <span class='ocrx_word' id='word_1_809' title='bbox 2613 5470 2846 5542; x_wconf 73' lang='grc' dir='ltr'>τύμῦον,</span> <span class='ocrx_word' id='word_1_810' title='bbox 2897 5471 3016 5524; x_wconf 79' lang='grc' dir='ltr'>οἵαν</span> <span class='ocrx_word' id='word_1_811' title='bbox 3061 5469 3162 5536; x_wconf 80' lang='grc' dir='ltr'><strong>τὴν</strong></span> <span class='ocrx_word' id='word_1_812' title='bbox 3213 5469 3317 5538; x_wconf 84' lang='grc' dir='ltr'>σὴν</span> <span class='ocrx_word' id='word_1_813' title='bbox 3364 5466 3744 5537; x_wconf 66' lang='grc' dir='ltr'>ἐγνωρίσαμεν.</span> 
     </span>
    </p>
   </div>
   <div class='ocr_carea' id='block_1_108' title="bbox 2192 5553 3746 5633">
    <p class='ocr_par' dir='ltr' id='par_1_108' title="bbox 2192 5553 3746 5633">
     <span class='ocr_line' id='line_1_108' title="bbox 2192 5553 3746 5633; baseline -0.008 -16"><span class='ocrx_word' id='word_1_814' title='bbox 2192 5566 2304 5618; x_wconf 71' lang='grc' dir='ltr'><strong>Καὶ</strong></span> <span class='ocrx_word' id='word_1_815' title='bbox 2333 5564 2488 5617; x_wconf 77' lang='grc' dir='ltr'>ἔσται</span> <span class='ocrx_word' id='word_1_816' title='bbox 2536 5580 2625 5633; x_wconf 91' lang='grc' dir='ltr'><strong>μοι</strong></span> <span class='ocrx_word' id='word_1_817' title='bbox 2653 5565 2751 5618; x_wconf 80' lang='grc' dir='ltr'>καὶ</span> <span class='ocrx_word' id='word_1_818' title='bbox 2793 5562 2953 5617; x_wconf 81' lang='grc' dir='ltr'>τοῦτο</span> <span class='ocrx_word' id='word_1_819' title='bbox 2996 5561 3133 5630; x_wconf 82' lang='grc' dir='ltr'>μετά</span> <span class='ocrx_word' id='word_1_820' title='bbox 3187 5560 3288 5632; x_wconf 78' lang='grc' dir='ltr'>τὴν</span> <span class='ocrx_word' id='word_1_821' title='bbox 3340 5560 3435 5614; x_wconf 84' lang='grc' dir='ltr'><strong>νῦν</strong></span> <span class='ocrx_word' id='word_1_822' title='bbox 3480 5553 3746 5627; x_wconf 70' lang='grc' dir='ltr'>συμφορὰν</span> 
     </span>
    </p>
   </div>
   <div class='ocr_carea' id='block_1_109' title="bbox 2189 5651 3313 5743">
    <p class='ocr_par' dir='ltr' id='par_1_109' title="bbox 2189 5651 3313 5743">
     <span class='ocr_line' id='line_1_109' title="bbox 2189 5651 3313 5743; baseline -0.001 -37"><span class='ocrx_word' id='word_1_823' title='bbox 2189 5651 2513 5725; x_wconf 76' lang='grc' dir='ltr'>δυστύχημα</span> <span class='ocrx_word' id='word_1_824' title='bbox 2538 5651 2811 5723; x_wconf 80' lang='grc' dir='ltr'>δεύτερον.</span> <span class='ocrx_word' id='word_1_825' title='bbox 3298 5704 3313 5743; x_wconf 54' lang='lat'><em>&#39;</em></span> 
     </span>
    </p>
   </div>
  </div>
