3980 6248
415 327 526 394 ’76⁸7

1659 316 1908 378 ΑΝΤΟΝ
1929 318 1983 378 lI
2024 313 2373 378 MELISS/E

3581 303 3688 368 76%

414 441 477 496 lit
533 448 592 494 et
644 435 760 506 ipse
808 433 876 488 de
934 427 1311 503 primogenitis
1350 426 1533 480 ovium
1565 441 1788 480 suarum
1813 436 1864 480 et
1923 427 1991 480 de

2136 433 2199 485 ιαὶ
2228 432 2411 499 αὐτὸς,
2446 431 2552 484 ἀπὸ
2585 431 2694 483 τῶν
2728 428 3090 500 πρωτοτόκων
3129 425 3239 488 τῶν
3269 425 3558 497 προϐάτων
3587 426 3685 478 αὐ-

419 534 669 605 adipibns
719 544 932 585 earum.
974 525 1037 578 Et
1072 521 1309 592 respexit
1351 520 1492 575 Deus
1535 520 1600 574 ad
1657 521 1788 574 Abel
1842 528 1895 574 et
1941 519 2006 573 ad

2143 525 2226 590 οὗ,
2255 525 2347 578 καὶ
2375 523 2483 576 ἀπὸ
2507 523 2618 575 τῶν
2649 523 2889 576 στεάτων
2912 518 3116 574 αὐτῶν
3145 521 3241 572 καὶ
3264 518 3476 571 ἐπεῖδεν
3499 519 3527 570 6
3550 516 3685 574 Θεὸς

427 641 654 681 munera
707 623 848 690 ejus.
895 617 975 672 Ad
1004 615 1134 672 Cain
1166 623 1345 670 autem
1396 621 1449 668 et
1499 612 1566 666 ad
1595 611 1864 668 sacrilicia
1893 613 2010 683 ejus

2142 618 2203 670 πὶ
2239 616 2423 680 Ἅϐελ,
2454 615 2546 666 καὶ
2581 613 2676 690 ἐπὶ
2719 615 2831 677 τοῖς
2869 611 3062 681 δώροις
3092 609 3280 672 αὐτοῦ,
3331 610 3424 661 ἐπὶ
3455 609 3511 661 δὲ
3543 609 3682 661 Κάῖν

425 735 529 772 non
551 715 806 770 attendit.

492 803 982 874 Gen.v.Etplacuil
1012 803 1199 858 Enoch
1217 801 1423 868 Deo,et
1456 813 1565 856 non
1609 795 2008 868 inveniebatur,

423 903 548 974 quia
574 898 850 954 transtulit
873 896 1025 949 illum
1062 895 1226 948 Deus.

459 1028 462 1030 η
493 994 623 1050 Gen.
645 1009 720 1047 v1.
779 989 888 1044 Noe
925 984 1374 1056 invenitgratiam
1399 997 1582 1036 coram
1615 980 1843 1034 Domino
1876 979 2002 1034 Deo.

495 1077 994 1139 Ibid.EtfecitNoe
1011 1076 1216 1142 omnia,
1278 1088 1620 1146 quaecunque
1659 1071 1915 1140 praecepit
1956 1071 2007 1126 ei

427 1180 588 1239 Deus,
611 1179 690 1229 sic
741 1172 891 1226 fecit.

494 1266 636 1322 lbtd.
657 1263 768 1318 Noe
783 1263 944 1315 homo
961 1258 1167 1327 justus,
1187 1253 1458 1324 perfectus
1472 1251 1748 1308 exsistens
1773 1251 1825 1305 in
1845 1264 2006 1322 gene-

431 1362 638 1414 ratione
654 1370 775 1410 sua.
805 1352 914 1405 Deo
938 1349 1136 1418 placuit
1160 1347 1293 1400 Noe.

500 1451 629 1506 Gen.
664 1461 793 1500 xvu.
824 1443 966 1496 Dixit
1000 1439 1260 1494 Dominus
1295 1437 1434 1491 Deus
1461 1437 1528 1491 ad
1552 1435 1820 1490 Abraham
1851 1453 1865 1488 :
1893 1433 2006 1502 Ego

429 1561 548 1600 sunt
575 1539 831 1594 Dominus
859 1535 998 1588 Deus
1016 1543 1163 1596 tuus,
1185 1531 1464 1600 complace
1486 1545 1668 1584 coram
1691 1543 1795 1590 me,
1818 1537 1869 1581 et
1887 1535 2004 1580 esto

430 1627 940 1698 irrepreliensibilis.

501 1727 628 1783 Gen.
650 1739 737 1779 xv.
761 1718 1007 1775 Credidit
1031 1715 1301 1770 Abraham
1325 1713 1454 1780 Deo,
1482 1722 1536 1766 et
1583 1720 1890 1781 reputatum
1919 1717 2004 1764 est

432 1820 507 1874 illi
532 1817 597 1872 ad
645 1812 934 1882 justitiam.

504 1909 676 1964 Exod.
702 1920 796 1959 xx.
824 1903 933 1970 Ego
957 1915 1075 1954 sum
1107 1897 1364 1951 Dominus
1392 1895 1534 1949 Deus
1566 1903 1715 1957 tuus,
1735 1892 1824 1961 qui
1855 1890 2016 1945 eduxi

437 2012 488 2055 te
533 2005 598 2054 de
626 2009 766 2052 terra
821 1991 1061 2062 Egypti,
1097 1989 1162 2044 de
1191 1990 1352 2042 domo
1386 1985 1686 2040 servitutis.
1711 1983 1824 2037 Non
1858 1993 2018 2037 erunt

435 2091 534 2147 tibi
567 2090 638 2145 dii
670 2087 762 2143 alii
791 2093 984 2154 praeter
1019 2095 1128 2135 me.
1157 2080 1274 2134 Non
1305 2077 1472 2132 facies
1503 2077 1597 2131 tibi
1643 2075 1871 2136 idolum,
1920 2090 2017 2128 ne-

438 2199 548 2253 que
564 2181 728 2236 ullius
749 2175 1124 2235 simulacrum,
1147 2184 1484 2240 quaecumque
1517 2169 1571 2222 in
1605 2169 1752 2222 coelo.
1776 2181 2018 2230 sursum,

435 2283 491 2326 et
519 2281 860 2340 quaecunque
890 2265 942 2317 in
981 2271 1129 2316 terra.
1157 2261 1438 2322 deorsum,
1475 2266 1529 2313 et
1559 2272 1898 2328 quaecunque
1957 2257 2014 2311 in

441 2362 597 2433 aquis
625 2359 727 2415 sub
761 2368 927 2411 terra.
948 2353 1065 2409 Non
1096 2352 1348 2408 adorabis
1370 2366 1456 2416 ea,
1481 2365 1659 2419 neque
1682 2344 1899 2405 σοι-νίας
1918 2348 2019 2402 eis.

512 2545 725 2600 Denter.
763 2559 817 2599 ιι.
859 2539 1147 2595 Dominum
1183 2536 1351 2592 Deum
1392 2543 1546 2590 tuum
1581 2531 1818 2598 timebis,
1844 2540 1898 2585 et
1945 2530 2018 2585 illi

441 2641 542 2698 soli
562 2639 784 2700 servies,
811 2643 864 2690 et
888 2635 966 2689 illi
986 2631 1312 2693 adba-rebis,
1337 2639 1390 2684 et
1414 2629 1467 2682 in
1492 2627 1713 2682 nomine
1735 2625 1856 2695 ejus
1870 2622 2024 2694 jura-

441 2732 549 2788 bis.
574 2729 690 2799 Ipse
713 2725 968 2798 gloriatio
992 2732 1106 2786 tua,
1135 2723 1252 2790 ipse
1270 2722 1412 2778 Deus
1433 2727 1579 2772 tuus.

511 2916 654 2970 Ibid.
687 2913 754 2966 Et
787 2925 952 2972 nunc,
989 2907 1178 2972 Israel,
1216 2905 1346 2976 quid
1410 2901 1672 2958 Dominus
1716 2899 1863 2954 Deus
1897 2907 2024 2952 tuus

442 3010 574 3078 petit
609 3022 637 3060 a
675 3015 724 3059 lc
753 3004 855 3058 nisi
899 3013 957 3056 ut
985 3001 1178 3054 timeas
1219 3013 1366 3061 eum,
1404 3005 1459 3049 ut
1487 2995 1734 3050 ambules
1765 2993 1819 3046 in
1847 2990 2026 3046 omni-

2110 709 2203 761 ml.
2229 707 2319 760 ἐπὶ
2354 708 2473 769 ταῖς
2506 706 2716 767 θυσίαις
2752 705 2916 762 αὐτοῦ
2949 704 3008 755 οὐ
3040 703 3366 772 προσέσχεν.

2193 801 2362 871 Ἑνὼχ
2390 799 2731 870 εὐηρέστησε
2760 799 2846 867 τῷ.
2891 796 3033 865 Θεῷ,
3083 797 3179 849 καὶ
3223 795 3322 864 οὐχ
3375 794 3684 862 εὑρίσκετο.

2107 895 2246 949 διότι
2284 893 2586 962 μετέθηκεν
2608 891 2770 946 αὐτὸν
2807 893 2835 944 6
2868 891 3024 954 Θεός.

2180 986 2302 1040 Νῶε
2341 980 2465 1054 εὗρε
2494 985 2656 1054 χάριν
2684 984 2914 1036 ἐνώπιον
2944 984 3150 1055 Κυρίου
3181 982 3274 1037 τοῦ
3313 983 3471 1038 Θεοῦ.

2176 1083 2286 1135 Καὶ
2308 1081 2533 1150 ἐποίησε
2559 1078 2683 1132 Νῶε
2710 1078 2890 1133 πάντα
2918 1077 3018 1132 ὅσα
3051 1074 3207 1132 εἶπεν
3237 1077 3387 1147 αὐτῷ
3422 1078 3629 1148 Κύριος
3657 1080 3684 1131 6

2107 1174 2261 1237 Θεὸς,
2287 1173 2459 1235 οὕτως
2491 1172 2732 1240 ἐποίησε.

2175 1264 2301 1320 Νῶε
2349 1264 2630 1332 ἄνθρωπος
2663 1262 2867 1323 δίκαιος
2919 1259 3020 1323 ῶν,
3068 1259 3270 1323 τέλειος
3316 1262 3373 1314 ἐν
3407 1261 3474 1330 τῇ
3519 1261 3681 1328 γενεᾷ

2106 1355 2291 1411 αὐτοῦ.
2325 1355 2416 1424 Τῷ
2447 1353 2566 1421 Θεῷ
2596 1351 2932 1421 εὐηρέστησε
2969 1348 3120 1403 Νῶε.

2175 1443 2342 1500 Εἶπεν
2390 1445 2595 1513 Κύριος
2622 1443 2649 1494 6
2681 1441 2813 1504 Θεὸς
2859 1439 2936 1509 τῷ
2975 1439 3248 1508 Ἀϐραὰμ,
3300 1457 3319 1490 ι
3376 1436 3518 1506 Ἐγώ
3568 1438 3685 1506 είμι

2117 1539 2323 1609 Κύριος
2375 1538 2403 1590 6
2451 1535 2580 1598 Θεός
2629 1551 2747 1601 σου,
2803 1532 3092 1601 εὐαρέστει
3126 1530 3365 1583 ἐναντίον
3415 1547 3538 1599 μου,
3591 1529 3682 1582 καὶ

2112 1634 2266 1700 γίνου
2301 1631 2614 1700 ἄμεμπτος.
2656 1645 2675 1679 ι

2197 1722 2552 1774 Ἐπίστευσεν
2589 1716 2843 1788 ’Δϐραὰμ
2867 1723 2943 1786 τῷ
2973 1714 3110 1786 Θεῷ,
3139 1715 3232 1767 καὶ
3255 1712 3510 1782 ἐλογίσθη
3541 1711 3684 1779 αὐτῷ

2120 1818 2203 1879 εἰς
2229 1812 2594 1879 δικαιοσύνην.

2193 1928 2211 1961 ι
2261 1907 2400 1974 Ἐγώ
2434 1908 2548 1975 εἰμι
2574 1903 2776 1973 Κύριος
2803 1903 2828 1954 6
2857 1900 2987 1964 Θεός
3018 1917 3135 1964 σου,
3162 1899 3191 1952 6
3218 1896 3503 1974 ἐξαγαγών
3535 1913 3596 1949 σε
3627 1898 3685 1950 ἐκ

2122 2001 2224 2071 τῆς
2256 1997 2563 2066 Αἰγύπτου,
2608 1993 2666 2059 ἑξ
2697 1993 2846 2047 οἴκου
2877 1985 3140 2053 δούλείας.
3188 1991 3301 2042 Οὐκ
3340 1989 3555 2041 ἔσονταί
3609 2005 3685 2042 σοι

2125 2091 2240 2144 θεοὶ
2275 2089 2452 2156 ἕτεροι
2481 2085 2622 2155 πλὴν
2656 2082 2812 2152 ἐμοῦ.
2841 2081 2914 2140 Οὐ
2940 2082 3185 2149 ποιήσεις
3212 2078 3420 2146 σεαυτῷ
3448 2077 3681 2139 εἴδωλον,

2123 2181 2246 2234 οὐδὲ
2277 2180 2477 2241 παντὸς
2506 2176 2760 2244 ὁμοίωμα
2803 2173 2902 2226 ὅσα
2951 2173 3010 2224 ὲν
3041 2171 3118 2239 τῷ
3150 2169 3367 2238 οὐρανῷ
3414 2169 3551 2231 ἄνω,
3598 2175 3684 2220 καὶ

2123 2275 2222 2326 ὅσα
2252 2275 2309 2325 ἐν
2344 2274 2410 2340 τῇ
2441 2272 2513 2340 γῇ
2543 2269 2713 2332 κάτω,
2743 2266 2837 2320 καὶ
2864 2267 2963 2318 ὅσα
2988 2265 3047 2318 ὲν
3069 2265 3181 2324 τοῖς
3221 2260 3408 2314 ὕδασιν
3432 2261 3684 2314 ὑποκάτω

2123 2365 2221 2434 τῆς
2257 2363 2382 2431 γῆς.
2414 2361 2488 2414 Οὐ
2524 2358 2926 2429 προσκυνήσεις
2957 2355 3162 2417 αὐτοῖς,
3199 2351 3317 2404 οὐδὲ
3351 2351 3428 2421 μὴ
3464 2349 3686 2420 λατρεύ-

2128 2471 2240 2517 σεις
2270 2454 2472 2515 αὐτοῖς.
2517 2470 2538 2504 ι

2194 2545 2399 2615 Κύριον
2426 2545 2517 2600 τὸν
2547 2543 2678 2598 Θεόν
2702 2561 2794 2597 σου
2825 2543 3139 2613 φοϐηθήσῃ,
3157 2541 3250 2596 καὶ
3279 2541 3439 2594 αὐτὸν
3464 2536 3681 2608 λατρεύ-

2130 2654 2265 2701 σεις,
2300 2637 2398 2690 καὶ
2425 2636 2560 2705 πρὸς
2589 2636 2750 2690 αὐτὸν
2774 2634 3107 2706 κολληθήσῃ,
3140 2633 3235 2687 καὶ
3262 2634 3355 2686 ἐπὶ
3387 2631 3464 2700 τῷ
3498 2630 3681 2695 ὀνόμα-

2127 2747 2178 2784 τι
2212 2728 2374 2782 αὐτοῦ
2403 2729 2536 2802 ὁμῇ.
2563 2729 2736 2794 Αὐτὸς
2773 2726 3037 2797 καύχημά
3068 2738 3182 2791 σου,
3232 2726 3324 2778 καὶ
3359 2722 3521 2786 αὐτὸς
3557 2721 3680 2783 Θεός

2130 2841 2244 2880 σου.

2203 2918 2313 2973 Καὶ
2338 2918 2454 2986 νῦν,
2505 2916 2743 2987 Ἰσραὴλ,
2777 2915 2831 2968 τί
2860 2914 3063 2982 Κύριος
3107 2915 3134 2967 6
3164 2913 3294 2976 Θεὸς
3333 2929 3429 2963 σου
3476 2909 3683 2962 ἀπαιτεῖ

2132 3014 2277 3084 παρὰ
2311 3012 2426 3077 σοῦ,
2463 3010 2640 3081 ἀλλ’ἢ
2683 3008 2965 3078 φοϐεῖσθαι
3010 3007 3196 3070 αὐτὸν,
3237 3005 3331 3057 καὶ
3365 3003 3680 3074 πορεύεσθαι

443 3097 542 3149 bus
576 3093 679 3147 viis
705 3089 841 3161 ejus,
888 3099 941 3143 et
1001 3088 1192 3156 diligas
1235 3103 1383 3152 eum,
1439 3093 1494 3140 et
1539 3084 1745 3138 servias
1790 3081 2019 3135 Domino

2136 3107 2186 3159 ὲν
2211 3081 2412 3168 πάσαις
2443 3105 2560 3166 ταῖς
2595 3103 2734 3164 ὁδοῖς
2767 3099 2955 3161 αὐτοῦ,
2992 3100 3086 3153 καὶ
3122 3099 3341 3168 ἀγαπᾷν
3371 3097 3556 3158 αὐτὸν,
3591 3095 3675 3146 καὶ

445 3183 555 3238 Deo
581 3192 777 3248 Iuo,ex
803 3188 914 3236 toto
935 3181 1098 3235 corde
1122 3188 1236 3241 tuo,
1266 3186 1316 3232 et
1339 3192 1409 3233 ex,
1427 3186 1539 3232 tota
1571 3174 1750 3232 anima
1774 3183 1862 3227 tua
1893 3173 1918 3226 ?

523 3366 640 3422 Job.
658 3378 847 3421 ιχνιιι.
874 3364 1012 3424 Ecce
1034 3365 1204 3435 pietas
1223 3372 1304 3419 est
1331 3363 1616 3430 sapientia.

529 3460 670 3515 Psal.
697 3455 1230 3527 xxxufgﬂectumeSt
1248 3457 1468 3510 verbum
1490 3453 1728 3517 Domini,
1750 3461 1804 3506 et
1842 3449 2019 3506 omnia

447 3567 609 3620 opera
625 3550 814 3620 cjusin
849 3549 974 3602 (ide.

519 3644 668 3698 Psal.
699 3656 750 3698 c.
777 3639 1055 3700 Orulimei
1073 3637 1140 3694 ad
1164 3637 1351 3692 ﬁdeles
1385 3645 1564 3699 teni-az,
1591 3643 1651 3689 ut
1669 3633 1896 3689 sedeant
1917 3632 2021 3701 ipsi

449 3751 684 3790 mecum.

521 3827 787 3882 Sat-omen.
823 3823 1126 3879 Exhibitam
1176 3829 1232 3876 et
1273 3827 1478 3874 certam
1535 3818 1692 3872 iidem
1737 3816 2026 3870 annuntiat

447 3923 651 3993 justus.

523 4015 682 4068 Prov.
721 4029 759 4067 ι.
790 4011 967 4066 Pietas
998 4008 1053 4063 in
1090 4005 1259 4062 Deum
1299 4007 1510 4059 initium
1547 4019 1746 4059 sensus
1806 4003 1886 4058 vel
1940 4018 2026 4058 sa-

454 4106 692 4177 pientizr.

529 4193 684 4247 Prov.
711 4208 797 4246 xv.
825 4188 1100 4244 Desideria
1135 4187 1349 4256 piorum
1380 4186 1650 4241 delectant
1681 4189 1912 4241 animas.

522 4285 668 4347 Osee,
712 4299 784 4335 vn.
819 4271 1247 4333 Misericortliani
1285 4277 1402 4330 volo
1436 4287 1488 4330 et
1520 4291 1627 4330 non
1675 4278 2028 4346 sacrificium,

453 4380 505 4448 2
528 4389 581 4431 et
623 4375 865 4429 notitiam
895 4372 987 4427 [\ei
1031 4372 1199 4441 magis
1228 4385 1389 4438 quam
1415 4368 1752 4430 holocausta.

521 4468 636 4522 lsa.
676 4480 824 4521 mn.
851 4463 944 4519 Via
972 4462 1184 4532 piorum
1221 4467 1372 4514 recta
1409 4467 1469 4514 et
1491 4469 1674 4528 parata
1699 4469 1804 4517 est.

521 4651 600 4706 Pii
625 4648 913 4720 prudenter
933 4642 1426 4705 consuluerunt,et
1445 4641 1729 4699 consilium
1758 4643 1889 4700 illud
1915 4661 2032 4700 ma-

454 4753 570 4798 net.

520 4834 717 4888 Jerem.
743 4848 796 4886 ν.
829 4831 892 4886 Si
919 4834 1122 4900 estqui
1153 4835 1315 4890 faciat
1336 4836 1602 4904 judicium
1636 4842 1691 4888 ct
1731 4831 1930 4896 querit-
1971 4830 2032 4885 li-

454 4924 603 4988 dem,
630 4921 898 4990 propitius
931 4921 1008 4975 illi
1033 4937 1146 4985 ero,
1166 4926 1297 4984 dicit
1326 4926 1611 4981 Dominus.

526 5013 656 5082 Sap.
687 5029 725 5067 l.
761 5013 994 5080 Diligite;
1024 5013 1312 5082 justitiam,
1340 5019 1430 5087 qui
1491 5016 1749 5087 judicatis
1787 5025 1980 5069 terram
2013 5031 2030 5082 ;

455 5107 649 5160 Sentite
675 5105 741 5157 de
761 5102 988 5159 Domino
1017 5107 1071 5160 in
1089 5107 1347 5174 bonitate,
1376 5120 1429 5162 et
1452 5109 1502 5162 in
1536 5108 1883 5175 simplicitate
1912 5121 2033 5160 cor-

453 5197 539 5248 dis
565 5196 791 5263 quaerite
817 5196 966 5250 illum
993 5216 1008 5252 :
1039 5207 1262 5267 apparet
1284 5202 1428 5254 enim
1455 5200 1541 5266 iis,
1565 5200 1654 5268 qui
1672 5199 1746 5252 illi
1766 5214 1872 5253 non
1894 5197 2028 5253 diili-

453 5286 610 5338 dunt.
1117 5293 1120 5296 ’

525 5375 690 5430 Eccli.
718 5391 856 5431 xciv.
882 5376 1133 5432 Omnium
1175 5379 1547 5448 potentissima
1581 5390 1663 5436 est
1689 5381 1881 5450 pietas.

527 5466 688 5519 Eccli.
725 5481 880 5520 xxm.
904 5465 1216 5524 Thesaurus
1231 5483 1507 5536 nunquam
1537 5469 1810 5537 periturus
1863 5469 2032 5525 timor

453 5556 690 5612 Domini.

522 5645 694 5703 Crede
724 5647 856 5714 Deo,
878 5660 933 5704 et
954 5665 1304 5718 recuperauit
1330 5671 1401 5705 te.

526 5736 700 5792 Eccle.
716 5739 1010 5794 ti.Donum
1033 5740 1245 5795 Domini
1267 5748 1545 5810 permanet
1589 5754 1710 5794 cum
1765 5741 1890 5809 piis.

2055 4475 2103 4537 ἰ)

2121 3198 2401 3270 λατρεύειν
2431 3197 2620 3268 Κυρίῳ
2647 3195 2726 3265 τῷ
2768 3193 2888 3263 Θεῷ
2929 3193 2989 3258 ἐξ
3017 3192 3150 3266 ὅλης
3177 3191 3275 3261 τῆς
3311 3190 3536 3262 καρδίας
3565 3205 3670 3253 σου,

2122 3293 2215 3345 καὶ
2239 3291 2296 3356 ὲξ
2325 3291 2452 3359 ὅλης
2479 3290 2578 3357 τῆς
2615 3289 2790 3358 ψυχῆς
2813 3304 2905 3342 σου
2933 3304 2949 3353 ;

2202 3382 2330 3437 Ἰδοὺ
2358 3380 2687 3452 ἡθεοσέϐειά
2719 3382 2834 3432 ἐστι
2868 3379 3052 3448 σοφία.

2196 3473 2368 3535 Εὐθὺς
2404 3474 2430 3522 6
2457 3471 2613 3539 λόγος
2667 3471 2760 3524 τοῦ
2807 3470 3036 3540 Κυρίου,
3081 3467 3183 3521 καὶ
3219 3467 3398 3522 πάντα
3441 3466 3508 3520 τὰ
3551 3465 3674 3536 ἔργα

2125 3563 2288 3620 αὐτοῦ
2322 3564 2379 3615 ὲν
2412 3562 2616 3619 πίστει.

2195 3657 2256 3708 Οἱ
2287 3653 2554 3723 ὀφθαλμοί
2602 3670 2701 3720 μου
2737 3654 2834 3706 ἐπὶ
2864 3653 2990 3714 τοὺς
3033 3650 3264 3716 πιστοὺς
3293 3654 3396 3723 τῆς
3426 3652 3548 3722 γῆς,
3587 3650 3672 3704 τοῦ

2128 3745 2506 3816 συγκαθῆσθαι
2527 3746 2724 3808 αὐτοὺς
2750 3744 2867 3809 μετ’
2897 3742 3055 3813 ἐμοῦ.

2211 3839 2694 3909 Ἑπιδεικνυμὲνην
2725 3838 2908 3891 πίστιν
2945 3837 3248 3907 ἀπαγγελεῖ
3279 3837 3509 3900 δίκαιος.

2201 4015 2465 4069 Εὐσέϐεια
2494 4019 2572 4080 είς
2610 4015 2742 4070 Θεὸν
2771 4016 2914 4088 ἀρχὴ
2946 4015 3266 4088 αἰσθήσεως.

2213 4198 2532 4267 Ἐπιθυμίαι
2557 4196 2797 4250 εὐσεϐῶν
2824 4197 3078 4268 ἡδύνουσι
3106 4197 3304 4266 ψυχάς.

2212 4286 2400 4340 Ἐλεον
2432 4286 2592 4351 θέλω,
2624 4287 2717 4340 καὶ
2746 4287 2806 4340 οὐ
2833 4285 3044 4350 θυσίαν,
3078 4287 3173 4340 καὶ
3206 4287 3501 4356 ἐπίγνωσιν
3530 4284 3667 4346 Θεοῦ,

2132 4375 2166 4445 ἢ
2188 4377 2311 4429 ὁλοκ
2324 4376 2636 4446 meum.

2211 4468 2356 4531 Ὀδὸς
2400 4468 2640 4521 εὐσεϐῶν
2691 4467 2877 4521 εὐθεῖα
2927 4463 3289 4534 ἐγένετοκαὶ
3347 4484 3665 4540 παρεσκευα-

2135 4561 2328 4630 σμένη.

2204 4653 2268 4704 Οἱ
2321 4651 2565 4715 εὐσεϐεῖς
2619 4651 2810 4704 συνετὰ
2859 4651 3268 4717 ἐϐουλεύσαντο,
3328 4655 3423 4707 καὶ
3464 4652 3590 4723 αὕτη
3639 4653 3665 4717 ἡ

2136 4741 2301 4813 βουλὴ
2331 4744 2502 4812 μενεῖ.
3197 4801 3206 4804 _

2212 4854 2236 4885 τ
2271 4836 2331 4887 Ei
2393 4836 2506 4887 ἔστι
2555 4836 2723 4887 ποιῶν
2772 4837 2978 4902 πίστιν,
3017 4837 3173 4900 ἵλεως
3227 4837 3421 4909 ἔσομαι
3456 4837 3608 4906 αὐτῷ,
3648 4851 3665 4884 ι

2134 4926 2282 4994 λέγει
2319 4927 2546 4996 Κύριος.

2220 5020 2569 5087 Ἀγαπήσατε
2631 5019 3000 5089 δικαιοσύνην,
3032 5022 3078 5072 οἱ
3128 5021 3404 5090 κρίνοντες
3439 5022 3532 5090 τὴν
3567 5021 3670 5087 γῆν,

2135 5113 2442 5178 φρυνήσατε
2487 5111 2614 5178 περὶ
2649 5109 2742 5162 τοῦ
2781 5110 2984 5180 Κυρίου
3020 5113 3076 5163 ὲν
3117 5111 3410 5180 ἀγαθότητι
3450 5113 3670 5182 καρδίας.

2136 5202 2227 5252 καὶ
2276 5201 2612 5270 ἑκζητήσατε
2655 5202 2838 5256 αὐτόν.
2882 5200 3273 5272 Ἐμφανίζεται
3322 5205 3429 5275 γὰρ
3469 5206 3579 5266 τοῖς
3608 5201 3672 5272 μὴ

2136 5289 2456 5342 ἀπιστοῦσιν
2485 5291 2666 5345 αὐτόν.

2209 5381 2411 5444 Παντὸς
2437 5381 2785 5453 δυνατωτέρα
2814 5384 2963 5438 ἐστὶν
2989 5385 3023 5453 ἡ
3056 5384 3328 5439 εὐσέϐεια.

2206 5473 2492 5541 Θησαυρὸς
2521 5474 2861 5538 ἀδιάπτωτος
2892 5476 2925 5546 ή
2953 5474 3251 5531 θεοσέϐεια.

2207 5647 2505 5700 Πίστευσον
2528 5647 2605 5718 τῷ
2640 5648 2780 5718 Θεῷ,
2818 5650 2912 5703 καὶ
2941 5642 3293 5720 ἀντιλήψεταί
3324 5670 3435 5708 σου.

2208 5742 2361 5801 Δόσις
2396 5741 2602 5807 Κυριου
2637 5742 2938 5807 παραμένει
2974 5743 3277 5798 εὐσεϐέσιν.
