3980 6248
319 333 433 396 769

391 445 656 516 Διήγησις
688 441 949 506 εὐσεϐοῦς
970 441 1060 495 διὰ
1096 441 1296 502 παντὸς
1328 439 1509 507 σοφία.

407 532 499 583 Ἐν
530 531 757 600 στόματι
783 530 1025 584 εὐσεϐῶν
1054 529 1494 600 πληθυνθήσεται
1521 526 1830 598 ἄνθρωπος.

392 624 716 694 Ἀνθρωπος
749 623 980 690 εὐσεϐὴς
1005 623 1062 673 ὲν
1089 620 1255 692 σοφίᾳ
1298 621 1469 690 μένει,
1510 620 1586 680 ὡς
1614 619 1641 672 ὁ
1666 620 1840 690 ἦλιος.

396 805 590 867 Πίστις
621 806 702 868 είς
725 803 819 859 τὸν
846 805 1019 858 αίῶνα
1052 804 1402 874 σταθήσεται.

409 898 582 967 Ἀμὴν
617 898 762 968 ἀμὴν
792 897 936 966 λέγω
962 899 1111 967 ὑμῖν,
1135 899 1230 950 ἐὰν
1252 897 1410 968 ἔχητε
1436 898 1622 950 πίστιν
1657 896 1731 957 ὡς
1764 897 1898 949 κόκ-

325 1008 423 1043 κον
460 990 746 1052 σινάπεως,
790 989 966 1056 ἐρεῖτε
1003 987 1080 1058 τῷ
1114 987 1230 1058 ὄρει
1257 987 1434 1058 τούτῳ
1458 1005 1470 1018 '
1496 985 1782 1056 Μετάϐηθι
1816 990 1901 1040 ὲν-

323 1082 519 1134 τεῦθεν
542 1083 677 1144 ἐκεῖ,
703 1081 795 1134 καὶ
823 1079 1220 1150 μεταϐήσεται.
1839 1091 1842 1095 ’

412 1173 758 1242 Ἀποκριθεὶς
810 1172 866 1224 δὲ
917 1173 1125 1242 Πέτρος
1179 1167 1305 1225 εἷπε
1354 1172 1431 1241 τῷ
1486 1171 1700 1240 Ἰησοῦ⁶
1769 1171 1900 1225 Ἰδοὺ

326 1269 493 1337 ἡμεῖς
523 1267 816 1336 ἀφήκαμεν
850 1267 1050 1328 πάντα.
1082 1265 1178 1318 καὶ
1211 1264 1656 1335 ἠκολουθήσαμέν
1689 1281 1808 1317 σοι·
1849 1264 1903 1318 τί
1937 1319 1941 1323 Α

329 1361 444 1428 ἄρα
495 1359 646 1411 ἔσται
713 1348 883 1427 mihi;
947 1357 1008 1410 Ὀ
1063 1357 1120 1410 δὲ
1197 1357 1406 1426 Ἰησοῦς
1466 1354 1620 1412 εἶπεν
1677 1357 1899 1418 αὐτοῖς’

339 1469 360 1502 ι
405 1449 580 1520 ’Δμὴν
611 1449 757 1521 ἀμὴν
782 1449 924 1518 λέγω
955 1451 1104 1519 ὑμῖν,
1133 1450 1216 1503 ὅτι
1247 1450 1404 1520 ὑμεῖς
1429 1451 1476 1505 οἱ
1503 1451 1903 1520 ἀκολουθήσαν-

330 1542 424 1604 τές
456 1558 566 1610 μοι,
601 1542 658 1594 ὲν
684 1543 749 1612 τῇ
778 1540 1188 1612 παλιγγενεσία,
1213 1541 1341 1594 ὅταν
1370 1542 1569 1615 καθίσῃ
1599 1543 1629 1595 δ
1657 1542 1784 1606 Υἱὸς
1808 1540 1901 1595 τοῦ

335 1634 631 1706 ἀνθρώπου
683 1635 776 1688 ἐπὶ
831 1633 925 1688 τοῦ
970 1633 1159 1704 θρόνου
1202 1634 1360 1706 δόξης
1399 1631 1586 1700 αὐτοῦ,
1637 1635 1757 1690 τότε
1811 1635 1903 1688 καὶ

336 1728 498 1798 ὑμεῖς
551 1725 843 1781 καθίσεσθε
890 1727 985 1781 ἐπὶ
1038 1727 1246 1780 δώδεκα
1303 1727 1526 1798 θρόνους
1553 1766 1569 1791 ,
1629 1727 1904 1798 κρίνοντες

1188 329 1350 388 LOCl
1394 327 1928 402 COMMUNES.T
1973 327 2165 388 PARS
2207 327 2261 388 Ι.
2305 325 2564 385 SERMO
2602 328 2652 388 Ι.

1921 453 1964 504 Α
2073 435 2236 491 Eccli.
2264 451 2432 490 xxvn.
2467 434 2550 490 Pii
2577 436 2752 492 oratio
2781 451 2928 491 mera
2959 447 3044 493 est
3064 437 3351 507 sapientia.

3462 328 3567 392 770

2071 526 2128 580 lu
2157 541 2252 580 ore
2277 528 2484 592 piorum
2519 527 2968 596 multiplicabitur
2995 529 3141 584 laus.

2073 617 2242 674 Eccli.
2267 635 2431 673 xxvn.
2460 617 2632 674 Homo
2654 620 2776 689 pius
2805 621 2858 674 in
2885 622 3154 691 sapientia
3175 631 3458 692 permanet
3513 631 3572 678 ιιι

2002 710 2078 766 sol
2092 750 2104 762 .

2071 800 2239 854 Eccli.
2264 817 2350 854 XL.
2376 800 2534 856 Fides
2555 801 2607 855 iu
2634 803 2892 857 saeculum
2925 805 3110 859 stabit.

2077 891 2264 945 Matth.
2299 909 2432 947 xvu.
2461 896 2628 948 Amen
2669 894 2792 948 dico
2823 896 2996 960 vobis,
3027 897 3073 952 si
3097 897 3387 951 habueritis
3410 897 3570 950 fidem

2004 989 2062 1034 ut
2085 998 2306 1052 granum
2333 984 2561 1052 sinapis,
2593 983 2784 1039 dicetis
2819 986 2990 1040 monti
3018 987 3387 1042 huiczTransi
3421 988 3571 1052 hinc,

2001 1082 2056 1128 et
2085 1073 2360 1128 transibit.

2073 1163 2268 1219 Matth.
2332 1164 2648 1234 x1x.-,Tune
2682 1168 3013 1235 respondens
3041 1170 3254 1237 Petrus,
3319 1169 3456 1240 dixit
3507 1172 3576 1227 ad

2000 1253 2183 1310 Jesum
2222 1275 2234 1310 :
2270 1258 2408 1312 Ecce
2442 1273 2541 1314 nos
2567 1259 2894 1326 reliquimus
2923 1261 3126 1322 omnia,
3159 1271 3224 1315 et.
3259 1264 3426 1317 secuti
3486 1279 3578 1318 su-

2004 1362 2126 1403 mus
2157 1354 2208 1403 te
2240 1347 2417 1418 :-quid
2446 1365 2576 1420 ergo
2615 1351 2720 1403 erit
2753 1351 2908 1404 nobis
2933 1350 2956 1404 ‘2
2980 1349 3141 1406 Jesus
3193 1361 3374 1405 autem
3436 1352 3576 1406 dixit

2002 1437 2110 1492 illis
2136 1455 2150 1492 :
2174 1437 2348 1493 Amen
2374 1439 2497 1494 dico
2525 1439 2702 1504 vobis,
2733 1440 2876 1508 quod
2914 1455 3030 1505 vos,
3073 1441 3163 1510 qui
3209 1442 3382 1495 secuti
3443 1441 3578 1495 estis

2003 1545 2111 1592 me,
2147 1529 2200 1583 in
2238 1528 2663 1599 regeneratione,
2693 1545 2818 1585 cum
2879 1531 3077 1588 sederit
3122 1532 3297 1586 Filius
3347 1533 3582 1587 hominis

2003 1620 2060 1674 in
2086 1621 2213 1675 sede
2244 1619 2543 1690 majeStatis
2575 1637 2705 1686 suae,
2731 1620 2992 1677 sedebitis
3015 1634 3068 1676 et
3099 1637 3196 1676 vos
3221 1637 3390 1689 super
3419 1621 3577 1676 Sedes

2005 1711 2315 1777 duodecim,
2348 1712 2654 1781 judicantes
2717 1713 3000 1768 duodecim
3066 1714 3241 1768 tribus
3301 1713 3486 1768 israel.
3519 1716 3584 1768 Et

336 1788 436 1880 τας
459 1788 664 1871 δώδεκα
688 1817 857 1884 φυλὰς
876 1817 970 1870 τοῦ
1010 1818 1246 1888 Ἰσραήλ.
1269 1788 1379 1872 καὶ
1398 1788 1678 1883 πᾶςγὸστις
1694 1788 1906 1888 ἀφῆκεν

2050 1803 2181 1858 mnis
2208 1805 2299 1874 qui
2323 1806 2604 1874 reliquerit
2633 1806 2847 1868 domos,
2868 1814 2962 1859 aut
2986 1805 3202 1868 fratres,
3224 1814 3314 1860 aut
3337 1820 3581 1868 sorores,

335 1909 518 1961 οἰκίαν
539 1947 554 1973 ,
584 1909 616 1978 ἢ
648 1907 912 1978 ἀδελφοὺς
935 1946 952 1972 ,
1003 1909 1036 1978 ἢ
1081 1908 1332 1978 ἀδελφὰς,
1367 1908 1400 1980 ἢ
1439 1909 1672 1980 πατέρα,
1722 1909 1756 1980 ἢ
1793 1927 1906 1980 μη·

335 2003 496 2070 τέρα,
546 2000 868 2069 ἦγυναῖκα,
926 2000 958 2070 ἢ
1004 2000 1260 2070 τέκνα,ἢ
1317 2001 1520 2070 ἀγροὺς
1566 2002 1754 2055 ἕνεκεν
1813 2001 1908 2054 τοῦ

335 2093 609 2162 ὀνόματός
645 2110 770 2164 μου,
803 2093 1336 2148 ἑκατονταπλασίονα
1364 2092 1612 2163 λήψεται,
1645 2094 1738 2146 καὶ⁵
1764 2093 1908 2162 ζωὴν

339 2184 558 2239 αἰώνιον
591 2185 836 2254 κληρομή
847 2201 949 2239 σει.
991 2203 1011 2237 ι

412 2277 603 2342 Οὕτως
623 2278 911 2348 ἠγάπησεν
936 2279 964 2332 ὁ
985 2277 1114 2342 Θεὸς
1131 2277 1224 2330 τὸν
1247 2278 1471 2346 κόσμον,
1494 2277 1632 2330 ὥστε
1663 2278 1755 2331 τὸν
1783 2279 1910 2330 Υίὺν

339 2367 510 2422 αὐτοῦ
548 2369 640 2420 τὸν
669 2367 935 2438 μονογενῆ
958 2368 1180 2434 ἔδωκεν,
1216 2369 1300 2423 ἵνα
1331 2370 1438 2432 πᾶς
1472 2373 1498 2422 ὁ
1537 2368 1808 2422 πιστεύων
1831 2370 1911 2432 εἰς

343 2460 512 2514 αὐτὸν
545 2460 619 2531 μὴ
648 2461 937 2530 ἀπόληται.

419 2573 438 2606 ι
483 2551 546 2608 Ὀ
574 2553 846 2607 πιστεύων
876 2554 956 2618 είς
990 2554 1114 2623 ἐμὲ,
1154 2554 1222 2607 τὰ
1248 2555 1384 2623 ἔργα
1408 2553 1444 2608 ἃ
1471 2555 1582 2622 ἐγὼ
1616 2553 1774 2618 ποιῶ,
1817 2553 1916 2608 κά-

343 2646 522 2706 κεῖνος
550 2645 788 2714 ποιήσει,
824 2645 918 2698 καὶ
957 2644 1183 2714 μείζονα
1208 2645 1415 2697 τούτων
1449 2645 1692 2714 ποιήσει.
1722 2664 1742 2696 ι

423 2753 445 2788 ι
481 2735 760 2806 Μακάριοι
784 2736 833 2788 oi
868 2735 943 2806 μὴ
972 2736 1171 2797 ἰδόντες
1195 2736 1288 2789 καὶ
1319 2736 1730 2799 πιστεύσαντες.
1779 2752 1802 2788 ι

414 2827 560 2881 νἘὰν
583 2828 930 2900 ὁμολογήσῃς
959 2829 1018 2882 ὲν
1060 2829 1139 2898 τῷ
1174 2829 1401 2898 στόματί
1446 2847 1563 2897 σου,
1602 2830 1684 2882 ὅτι
1714 2829 1914 2899 Κύριος

356 2917 570 2987 Ἰησοῦς
600 2919 858 2988 Χριστὸς,
889 2921 984 2974 καὶ
1017 2920 1318 2991 πιστεύσῃς
1357 2923 1418 2974 ὲν
1451 2925 1515 2991 τῇ
1551 2922 1752 2992 καρδίᾳ
1795 2938 1914 2987 σου,

344 3010 433 3064 ὃτι
463 3012 490 3063 ὁ
520 3010 651 3073 Θεὸς
679 3011 900 3083 ήγειρεν
929 3011 1091 3065 αὐτὸν
1119 3013 1187 3065 ἑκ
1215 3013 1447 3082 νεκρῶν,
1479 3013 1720 3085 σωθήσῃ.
1769 3014 1917 3083 Καρ-

346 3102 439 3174 δίᾳ
469 3103 579 3172 γὰρ
626 3102 942 3158 πιστεύεται
991 3105 1073 3167 είς
1137 3104 1520 3176 δικαιοσύνην,
1577 3106 1806 3177 στόματι
1859 3105 1916 3159 δὲ

346 3194 697 3263 ὁμολογεῖται
726 3196 806 3257 είς
833 3195 1132 3266 σωτηρίαν.

437 3288 526 3340 Ἐν
557 3288 778 3358 Χριστῷ
823 3287 998 3358 Ἰησοῦ
1032 3287 1157 3342 οὔτε
1197 3289 1468 3359 περιτομή
1497 3287 1550 3341 τί
1585 3290 1752 3352 ἐστιν,
1795 3287 1918 3341 οὐτε

351 3378 713 3449 ἀκροϐυστία,
745 3380 881 3433 ἀλλὰ
911 3379 1094 3444 πίστις
1119 3381 1187 3435 δι’
1219 3382 1438 3450 ἀγάπης
1465 3381 1854 3451 ἐνεργουμένη.

426 3473 586 3526 Ἐστι
629 3471 687 3526 δὲ
720 3472 902 3536 πίστις
948 3473 1315 3542 ἐλπιζομένων
1343 3475 1638 3538 ὑπόστασις
1665 3475 1923 3545 πραγμά-

352 3581 486 3629 των,
519 3563 738 3635 ἐλεγχος
761 3565 821 3618 οὐ
855 3565 1227 3635 βλεπομένων.

432 3739 616 3807 Χωρὶς
642 3740 880 3805 πίστεως
909 3740 1170 3795 ἀδύνατον
1201 3741 1596 3812 εὐαρεστῆσαι.
1631 3740 1925 3794 Πιστεῦσαι

359 3836 469 3902 γὰρ
497 3834 580 3886 δεῖ
611 3833 700 3888 τὸν
730 3834 1169 3904 προσερχόμενον
1203 3833 1280 3904 τῷ
1349 3833 1488 3904 Θεῷ,
1523 3835 1604 3888 ὅτι
1649 3832 1788 3902 ἔστι,
1836 3833 1928 3887 καὶ

359 3929 472 3990 τοῖς
506 3926 1022 3997 ὲκζητοῦσινάὐτὺν
1054 3925 1454 3998 μισθαποδότης
1486 3927 1718 3995 γίνεται.

433 4102 635 4173 Χάριτί
659 4103 779 4156 ὲστε
812 4103 1167 4172 σεσωσμένοι.

439 4195 689 4269 Γύμναζε
719 4197 946 4249 σεαυτὸν
995 4195 1132 4264 πρὸς
1163 4192 1464 4246 εὐσέϐειαν.
1511 4189 1578 4249 Ἥ
1610 4190 1716 4259 γὰρ
1745 4205 1933 4258 σωμα-

366 4292 494 4360 τικὴ
541 4289 819 4360 γυμνασία
856 4287 996 4357 πρὸς
1029 4286 1209 4353 ὀλίγον
1253 4283 1401 4338 ἐστὶν
1437 4281 1747 4352 ὠφέλιμοςο
1800 4280 1834 4348 ἡ
1878 4277 1935 4331 δὲ

370 4381 627 4435 εὐσέϐεια
673 4380 809 4449 πρὸς
853 4380 1030 4432 πάντα
1075 4377 1351 4446 ὠφέλιμός
1393 4378 1562 4440 ἐστιν,
1607 4373 1936 4442 ἐπαγγελίαν

371 4475 568 4545 ἔχουσα
594 4473 738 4543 ζωῆς
765 4471 864 4540 τῆς
887 4469 982 4524 νῦν
1011 4471 1103 4522 καὶ
1139 4469 1238 4538 τῆς
1269 4467 1593 4537 μελλούσης.

453 4565 519 4618 Ἥ
549 4563 732 4627 πίστις
760 4565 853 4617 ἐὰν
886 4562 962 4632 μὴ
993 4561 1091 4632 ἔχῃ
1116 4560 1273 4630 ἔργα,
1301 4559 1471 4646 νεκρά
1503 4561 1621 4611 ἐστι
1656 4555 1778 4610 καθ’
1811 4556 1941 4675 ἰαυ-

373 4653 496 4722 τήν.
1814 4653 1820 4658 ’

451 4743 797 4798 Σπουδάσατε
849 4742 941 4796 διὰ
968 4739 1286 4800 τῶνκαλῶν
1316 4740 1494 4811 ἔργων
1537 4739 1764 4812 βεϐαίαν
1789 4740 1942 4810 ὑμῶν

375 4837 474 4906 τὴν
506 4833 702 4904 κλῆσιν
760 4835 856 4888 καὶ
906 4832 1135 4904 ἐκλογὴν
1182 4832 1539 4902 ποιήσασθαι.
1597 4830 1782 4895 Οὕτως
1835 4831 1945 4902 γὰρ

380 4931 512 4998 ἡμῖν
547 4928 818 4991 πλουσίως
871 4927 1411 4997 ἐπιχορηγηθήσεται
1443 4927 1477 4996 ή
1509 4924 1711 4990 εἴσοδος
1742 4929 1822 4986 εἰς
1846 4927 1946 4995 τὴν

382 5019 599 5074 αἰώνιον
652 5018 934 5089 βασιλείαν
987 5017 1082 5073 τοῦ
1121 5017 1325 5090 Κυρίου
1379 5017 1539 5090 ἡμῶν
1601 5017 1776 5087 Ἰησοῦ
1807 5019 1948 5089 Χρι-

383 5127 530 5165 στου.

453 5200 666 5272 Ὥσπερ
697 5201 746 5253 οἱ
781 5199 1072 5270 βλέποντες
1091 5200 1154 5254 τὺ
1182 5201 1296 5270 φῶς
1323 5200 1473 5263 ἐντός
1495 5201 1599 5254 είσι
1628 5200 1724 5254 τοῦ
1747 5201 1947 5268 φωτὸς,

381 5293 476 5346 καὶ
507 5295 608 5362 τῆς
638 5293 1028 5363 λαμπρότητος
1079 5292 1243 5346 αὐτοῦ
1296 5293 1651 5363 μετέχουσιν·
1699 5293 1868 5356 οὓτως
1900 5292 1951 5344 oi.

385 5383 676 5450 βλέποντες
720 5385 810 5438 τὸν
837 5384 971 5439 Θεὸν
1005 5387 1158 5448 ἐντὸς
1187 5387 1427 5454 γίνονται
1457 5384 1553 5438 τοῦ
1587 5383 1746 5447 Θεοῦ,
1789 5384 1951 5452 μετέ-

385 5492 572 5545 χοντες
599 5475 764 5529 αὐτοῦ
796 5478 888 5547 τῆς
926 5477 1334 5548 λαμπρότητος.
1383 5478 1536 5547 Ζωῆς
1565 5477 1660 5530 οὖν
1695 5476 1952 5546 μεθέξον-

387 5583 475 5618 σιν
506 5569 553 5618 οἱ
581 5567 818 5636 ὁρῶντες
851 5569 1004 5622 Θεόν.

460 5658 648 5721 Πίστις
679 5660 917 5727 ἡγείσθω
948 5659 1056 5714 ’ὧν
1086 5660 1213 5730 περὶ
1241 5659 1376 5714 Θεοῦ
1401 5660 1605 5726 λόγων·
1639 5659 1842 5722 πίστις,
1863 5660 1958 5711 καὶ

395 5749 474 5822 μὴ
505 5749 806 5818 ἀπόδειξις·
845 5752 1028 5818 πίστις
1053 5755 1086 5825 ή
1121 5753 1260 5825 ὑπὲρ
1289 5754 1386 5819 τὰς
1416 5753 1638 5823 λογικὰς
1675 5752 1954 5823 μεθόδους,

2003 1907 2351 1967 autpzttrem,
2387 1908 2482 1951 aut
2505 1906 2752 1962 matrem,
2781 1895 3061 1963 autﬁlios,
3094 1908 3187 1950 aut
3223 1912 3382 1965 agros
3451 1912 3580 1964 pro-

2008 2001 2126 2061 ptcr
2168 2006 2363 2045 nomen
2431 2005 2633 2056 meum,
2682 1991 2991 2060 centuplum
3056 1989 3304 2060 accipiet,
3352 1998 3406 2045 et
3463 1991 3586 2042 vitte

2006 2096 2218 2136 aeternae
2250 2081 2506 2137 sortietur
2536 2081 2935 2138 lmreditatem.

2076 2259 2232 2312 Joan.
2271 2276 2352 2315 ιιι.
2388 2259 2479 2315 Sic
2519 2259 2668 2341 Deus
2714 2261 2904 2317 dilexit
2954 2261 3242 2326 mundum,
3299 2271 3357 2315 ut
3389 2261 3582 2314 Filium

2009 2364 2165 2404 suum
2188 2353 2520 2421 unigenitum
2546 2352 2716 2419 daret,
2739 2362 2797 2409 ut
2821 2353 3002 2410 omnis
3030 2356 3124 2425 qui
3147 2356 3319 2410 credit
3344 2356 3394 2408 in
3431 2370 3580 2419 eum,

2011 2444 2064 2496 in
2101 2444 2336 2498 tenebris
2354 2459 2458 2498 non
2479 2453 2716 2500 maneat.

2077 2536 2236 2590 Joan.
2270 2553 2382 2592 xiv.
2414 2539 2513 2605 Qui
2541 2540 2716 2594 credit
2739 2539 2793 2594 in
2814 2553 2924 2606 me,
2955 2555 3118 2609 opera
3146 2555 3267 2610 qua:
3291 2555 3391 2612 ego
3423 2541 3586 2608 facio,

2012 2641 2065 2683 et
2091 2629 2204 2696 ipse
2233 2629 2417 2693 faciet,
2449 2639 2503 2684 et
2526 2632 2731 2701 majora
2758 2633 2844 2688 his
2868 2632 3057 2688 faciet.

2084 2719 2243 2775 Joan.
2275 2737 2364 2775 xx.
2390 2722 2537 2777 Beati
2565 2723 2654 2792 qui
2678 2738 2787 2779 non
2805 2725 3078 2790 viderunt,
3109 2734 3166 2780 et
3218 2724 3590 2781 crediderunt.

2087 2810 2244 2865 Rom.
2283 2828 2336 2866 ι.
2372 2811 2429 2867 Si
2464 2814 2749 2871 confessus
2793 2815 2964 2871 fueris
3010 2832 3105 2872 ore
3165 2827 3261 2873 tuo
3303 2820 3604 2873 Dominum

2015 2903 2201 2958 Jesum
2231 2904 2535 2971 Christum,
2564 2915 2618 2962 et
2645 2908 2945 2966 credideris
2977 2909 3031 2964 in
3054 2911 3219 2966 corde
3272 2921 3389 2978 tuo,
3444 2913 3591 2980 quod

2019 2996 2158 3051 Deus
2197 2997 2350 3050 illum
2383 2998 2640 3052 excitavit
2664 3017 2693 3050 ιι
2731 3000 2982 3066 mortuis,
3037 3002 3362 3057 salvabcris.
3418 3001 3596 3058 Corde

2018 3086 2163 3141 enim
2192 3085 2432 3140 creditur
2455 3085 2520 3140 ad
2533 3087 2825 3156 justitiam,
2850 3103 2946 3142 ore
2975 3101 3157 3144 autem
3211 3092 3271 3145 iit
3323 3092 3597 3147 confessio

2021 3175 2088 3230 ad
2124 3177 2375 3232 salutem.

2095 3265 2274 3320 Colat.
2304 3283 2356 3322 ν.
2390 3267 2446 3324 in
2483 3268 2704 3328 Christo
2733 3270 2861 3327 Jesu
2896 3289 2996 3328 nec
3025 3274 3370 3331 circumcisio
3399 3286 3600 3333 estnec

2025 3361 2371 3429 praeputium,
2399 3361 2493 3414 sed
2517 3361 2651 3417 ﬁdes
2691 3377 2784 3432 per
2815 3365 3140 3420 charitatem
3175 3383 3431 3436 operaus.

2099 3451 2266 3507 Hebr.
2296 3468 2372 3509 xt.
2429 3453 2526 3509 Est
2571 3466 2750 3511 autem
2803 3458 2935 3515 ﬁdes
2986 3437 3168 3514 rerdm
3213 3463 3598 3530 sperandarum

2028 3545 2425 3613 substantia,et
2447 3558 2822 3618 argumentum
2854 3565 3068 3618 eorum,
3090 3568 3210 3620 qua:
3253 3569 3361 3618 non
3414 3555 3601 3609 viden-

2030 3650 2138 3693 tur.
2709 3689 2714 3712 ς

2098 3729 2235 3785 Ibid.
2268 3730 2395 3785 Sine
2427 3733 2529 3786 lide
2557 3734 2669 3788 ﬁeri
2696 3750 2801 3789 non
2827 3745 3093 3805 potest,ut
3114 3737 3235 3803 quis
3264 3738 3335 3791 illi
3370 3738 3600 3806 placeat.

2029 3818 2162 3874 Nam
2188 3822 2280 3891 qui
2323 3825 2531 3881 accedit
2549 3827 2614 3879 ad
2649 3825 2834 3891 Deum,
2898 3827 3041 3880 hunc
3091 3830 3311 3883 credere
3368 3843 3602 3900 Opttrlel,

2034 3915 2178 3985 quod
2199 3915 2343 3970 Deus
2361 3918 2454 3983 sit,
2479 3927 2534 3972 et
2556 3918 2700 3986 quod
2734 3928 3111 3974 remunerator
3137 3920 3206 3975 sit
3233 3925 3602 3992 quwrcntibus

2031 4009 2085 4080 3
2121 4009 2318 4076 ipsum.

2111 4101 2302 4170 Epltes.
2333 4117 2392 4157 ιι.
2413 4102 2597 4158 Gratia
2625 4104 2756 4160 estis
2781 4105 3002 4162 servati.

2055 4188 2060 4193 ’
2109 4193 2138 4248 1
2167 4194 2300 4250 Tim.
2329 4211 2402 4250 tv.
2431 4196 2632 4252 Exerce
2654 4198 2995 4268 temetipsum
3029 4201 3095 4254 ad
3143 4200 3416 4270 pietatem.
3472 4201 3606 4259 Nam

2039 4291 2340 4360 corporalis
2369 4292 2690 4347 exercitatio
2727 4294 3005 4362 paululum
3039 4294 3196 4351 habet
3229 4300 3481 4355 utilitatis
3515 4310 3610 4354 :at

2041 4383 2212 4453 pietas
2251 4386 2317 4438 ad
2347 4384 2530 4439 omnia
2559 4386 2706 4440 utilis
2738 4395 2842 4450 est,
2869 4396 2928 4440 ut
2951 4402 3077 4457 qua
3102 4390 3491 4460 promissiones
3514 4395 3607 4446 ha-

1969 4487 2014 4539 n
2044 4475 2170 4530 beat
2201 4476 2320 4530 vitae
2345 4480 2624 4545 praesentis
2653 4486 2709 4532 et
2731 4478 2948 4532 futurae.

2109 4569 2295 4624 Iacob.
2319 4556 2576 4638 u.Fides,
2603 4572 2650 4625 si
2679 4571 2822 4626 facta
2848 4588 2953 4626 non
2981 4573 3254 4642 habuerit,
3297 4585 3509 4630 mortua
3531 4589 3614 4633 est

2046 4675 2141 4730 per
2173 4675 2250 4714 se.

2117 4749 2147 4804 Ι
2156 4751 2176 4803 1
2206 4750 2348 4805 Patr.
2383 4767 2419 4805 ι.
2468 4751 2696 4821 Operam
2725 4753 2871 4816 date,
2903 4762 2959 4807 ut
2989 4757 3326 4812 vocationem
3395 4770 3449 4815 et
3503 4763 3614 4818 elc-

2045 4843 2278 4896 ctionem
2303 4852 2534 4896 vestram
2556 4841 2768 4896 ﬁrmam
2789 4843 3052 4898 cﬂiciatis.
3075 4847 3352 4915 Siquidem
3377 4851 3442 4905 ad
3469 4852 3615 4908 hunc

2049 4933 2268 4988 modum
2297 4933 2509 4987 abunde
2541 4932 3045 4991 suluniuistrahitur
3065 4937 3218 4992 vobis
3247 4939 3502 4998 introitus
3564 4946 3615 4998 in

2059 5035 2321 5103 aeternum
2356 5026 2805 5097 reguutnbomiui
2843 5028 3017 5085 nostri
3043 5028 3170 5084 Iesu
3193 5028 3418 5087 Christi.

2123 5202 2334 5259 Irenwi.
2361 5202 2824 5268 Quemadmodum
2853 5206 2942 5273 qui
2979 5206 3154 5262 lumen
3187 5208 3487 5276 intuentur,
3541 5213 3621 5266 in-

2055 5304 2137 5350 tra
2168 5295 2349 5349 lumen
2383 5305 2508 5348 sunt
2558 5309 2630 5349 ac
2670 5295 2788 5364 ejus
2838 5297 3126 5364 splendore
3176 5299 3476 5370 fruuntur;
3539 5308 3620 5355 sic

2055 5389 2147 5458 qui
2183 5387 2349 5440 Deum
2379 5385 2584 5450 vident,
2617 5387 2760 5442 intra
2795 5388 2962 5442 Deum
2991 5390 3288 5456 exsistunt,
3324 5393 3625 5462 splendoris

2057 5477 2226 5548 ipsius
2257 5476 2566 5546 participes.
2591 5475 2726 5530 Viue
2772 5493 2903 5549 ergo
2951 5480 3249 5549 participes
3294 5491 3474 5546 erunt,
3529 5484 3627 5549 qui

2059 5570 2224 5622 Deum
2247 5569 2467 5620 videntu'

2125 5659 2340 5713 Basilii.
2368 5658 2528 5713 Fides
2561 5674 2772 5725 eorum,
2807 5675 2924 5730 quae
2957 5659 3025 5716 de
3055 5658 3163 5712 Deo
3188 5657 3465 5720 dicuntur,
3515 5658 3625 5718 dux

2059 5753 2130 5810 sit
2155 5768 2174 5822 ;
2209 5751 2360 5820 ﬁdes,
2397 5763 2449 5808 et
2483 5765 2590 5807 non
2623 5752 3050 5819 demonstratio;
3074 5751 3233 5816 iides,
3262 5763 3382 5819 quae
3409 5762 3626 5811 omnem
