  <div class='ocr_page' id='page_1' title='image "/cluster/home/n/w/nwhite01/storage/ocr_20150623/136/mdp.39015038093210/393.png"; bbox 0 0 3980 6248; ppageno 0'>
   <div class='ocr_carea' id='block_1_1' title="bbox 485 325 589 387">
    <p class='ocr_par' dir='ltr' id='par_1_1' title="bbox 485 325 589 387">
     <span class='ocr_line' id='line_1_1' title="bbox 485 325 589 387; baseline 0 0"><span class='ocrx_word' id='word_1_1' title='bbox 485 325 589 387; x_wconf 85' lang='lat'><strong>771</strong></span> 
     </span>
    </p>
   </div>
   <div class='ocr_carea' id='block_1_2' title="bbox 1745 326 3701 404">
    <p class='ocr_par' dir='ltr' id='par_1_2' title="bbox 1745 326 3701 404">
     <span class='ocr_line' id='line_1_2' title="bbox 1745 326 3701 404; baseline 0.003 -20"><span class='ocrx_word' id='word_1_2' title='bbox 1745 326 2066 388; x_wconf 79' lang='lat' dir='ltr'><strong>ANTONII</strong></span> <span class='ocrx_word' id='word_1_3' title='bbox 2098 327 2442 388; x_wconf 63' lang='lat' dir='ltr'><strong>MELISSAE</strong></span> <span class='ocrx_word' id='word_1_4' title='bbox 3623 342 3701 404; x_wconf 68' lang='lat'><strong>772</strong></span> 
     </span>
    </p>
   </div>
   <div class='ocr_carea' id='block_1_3' title="bbox 484 438 2059 525">
    <p class='ocr_par' dir='ltr' id='par_1_3' title="bbox 484 438 2059 508">
     <span class='ocr_line' id='line_1_3' title="bbox 484 438 2059 508; baseline 0.001 -16"><span class='ocrx_word' id='word_1_5' title='bbox 484 439 712 493; x_wconf 79' lang='lat' dir='ltr'><strong>rationis</strong></span> <span class='ocrx_word' id='word_1_6' title='bbox 742 438 1339 508; x_wconf 76' lang='lat' dir='ltr'><strong>methodumsuperans</strong></span> <span class='ocrx_word' id='word_1_7' title='bbox 1378 450 1610 494; x_wconf 89' lang='lat' dir='ltr'><strong>mentem</strong></span> <span class='ocrx_word' id='word_1_8' title='bbox 1642 441 1707 493; x_wconf 91' lang='lat' dir='ltr'><strong>ad</strong></span> <span class='ocrx_word' id='word_1_9' title='bbox 1733 455 2059 495; x_wconf 81' lang='lat' dir='ltr'><strong>consensum</strong></span> 
     </span>
    </p>
   </div>
   <div class='ocr_carea' id='block_1_4' title="bbox 2166 438 3703 525">
    <p class='ocr_par' dir='ltr' id='par_1_4' title="bbox 2170 445 3703 525">
     <span class='ocr_line' id='line_1_4' title="bbox 2170 445 3703 525; baseline 0.007 -29"><span class='ocrx_word' id='word_1_10' title='bbox 2170 445 2270 512; x_wconf 85' lang='grc' dir='ltr'>τὴν</span> <span class='ocrx_word' id='word_1_11' title='bbox 2305 445 2486 515; x_wconf 76' lang='grc' dir='ltr'>ψυχὴν</span> <span class='ocrx_word' id='word_1_12' title='bbox 2531 447 2611 510; x_wconf 89' lang='grc' dir='ltr'><strong>είς</strong></span> <span class='ocrx_word' id='word_1_13' title='bbox 2657 448 3056 516; x_wconf 76' lang='grc' dir='ltr'><strong>συγκατάθεσιν</strong></span> <span class='ocrx_word' id='word_1_14' title='bbox 3104 451 3371 504; x_wconf 76' lang='grc' dir='ltr'>ἕλκουσα·</span> <span class='ocrx_word' id='word_1_15' title='bbox 3413 453 3587 515; x_wconf 81' lang='grc' dir='ltr'><strong>πίστις</strong></span> <span class='ocrx_word' id='word_1_16' title='bbox 3613 453 3703 525; x_wconf 76' lang='grc' dir='ltr'>οὐχὶ</span> 
     </span>
    </p>
   </div>
   <div class='ocr_carea' id='block_1_5' title="bbox 484 533 2062 605">
    <p class='ocr_par' dir='ltr' id='par_1_5' title="bbox 484 533 2062 605">
     <span class='ocr_line' id='line_1_5' title="bbox 484 533 2062 605; baseline -0.001 -16"><span class='ocrx_word' id='word_1_17' title='bbox 484 547 538 590; x_wconf 89' lang='lat' dir='ltr'><strong>et</strong></span> <span class='ocrx_word' id='word_1_18' title='bbox 571 535 1010 604; x_wconf 76' lang='lat' dir='ltr'><strong>approbationem</strong></span> <span class='ocrx_word' id='word_1_19' title='bbox 1048 535 1228 588; x_wconf 91' lang='lat' dir='ltr'><strong>trahit.</strong></span> <span class='ocrx_word' id='word_1_20' title='bbox 1267 533 1449 598; x_wconf 72' lang='lat' dir='ltr'><strong>Fides,</strong></span> <span class='ocrx_word' id='word_1_21' title='bbox 1481 536 1728 599; x_wconf 83' lang='lat' dir='ltr'><strong>inquam,</strong></span> <span class='ocrx_word' id='word_1_22' title='bbox 1784 550 1892 589; x_wconf 91' lang='lat' dir='ltr'><strong>non</strong></span> <span class='ocrx_word' id='word_1_23' title='bbox 1935 551 2062 605; x_wconf 84' lang='lat' dir='ltr'><strong>geo-</strong></span> 
     </span>
    </p>
   </div>
   <div class='ocr_carea' id='block_1_6' title="bbox 487 625 2066 697">
    <p class='ocr_par' dir='ltr' id='par_1_6' title="bbox 487 625 2066 697">
     <span class='ocr_line' id='line_1_6' title="bbox 487 625 2066 697; baseline 0 -17"><span class='ocrx_word' id='word_1_24' title='bbox 487 629 708 682; x_wconf 75' lang='lat' dir='ltr'><strong>metrica</strong></span> <span class='ocrx_word' id='word_1_25' title='bbox 735 628 916 697; x_wconf 89' lang='lat' dir='ltr'><strong>aliqua</strong></span> <span class='ocrx_word' id='word_1_26' title='bbox 945 627 1284 688; x_wconf 82' lang='lat' dir='ltr'><strong>necessitate,</strong></span> <span class='ocrx_word' id='word_1_27' title='bbox 1337 629 1430 680; x_wconf 84' lang='lat' dir='ltr'><strong>sed</strong></span> <span class='ocrx_word' id='word_1_28' title='bbox 1482 626 1718 696; x_wconf 82' lang='lat' dir='ltr'><strong>Spiritus</strong></span> <span class='ocrx_word' id='word_1_29' title='bbox 1764 625 1956 682; x_wconf 83' lang='lat' dir='ltr'><strong>ell‘ectu</strong></span> <span class='ocrx_word' id='word_1_30' title='bbox 2013 636 2066 682; x_wconf 89' lang='lat' dir='ltr'><strong>et</strong></span> 
     </span>
    </p>
   </div>
   <div class='ocr_carea' id='block_1_7' title="bbox 485 719 1423 790">
    <p class='ocr_par' dir='ltr' id='par_1_7' title="bbox 485 719 1423 790">
     <span class='ocr_line' id='line_1_7' title="bbox 485 719 1423 790; baseline -0.004 -14"><span class='ocrx_word' id='word_1_31' title='bbox 485 722 802 790; x_wconf 84' lang='lat' dir='ltr'><strong>operatione</strong></span> <span class='ocrx_word' id='word_1_32' title='bbox 857 719 1055 773; x_wconf 84' lang='lat' dir='ltr'><strong>animis</strong></span> <span class='ocrx_word' id='word_1_33' title='bbox 1109 719 1423 773; x_wconf 81' lang='lat' dir='ltr'><strong>innascens.</strong></span> 
     </span>
    </p>
   </div>
   <div class='ocr_carea' id='block_1_8' title="bbox 558 809 2064 879">
    <p class='ocr_par' dir='ltr' id='par_1_8' title="bbox 558 809 2064 879">
     <span class='ocr_line' id='line_1_8' title="bbox 558 809 2064 879; baseline -0.001 -15"><span class='ocrx_word' id='word_1_34' title='bbox 558 810 866 879; x_wconf 81' lang='lat' dir='ltr'><strong>Theologiae</strong></span> <span class='ocrx_word' id='word_1_35' title='bbox 907 809 1222 878; x_wconf 84' lang='lat' dir='ltr'><strong>mysterium</strong></span> <span class='ocrx_word' id='word_1_36' title='bbox 1255 809 1377 863; x_wconf 84' lang='lat' dir='ltr'><strong>ﬁdei</strong></span> <span class='ocrx_word' id='word_1_37' title='bbox 1413 809 1546 863; x_wconf 84' lang='lat' dir='ltr'><strong>nihil</strong></span> <span class='ocrx_word' id='word_1_38' title='bbox 1592 810 1824 864; x_wconf 87' lang='lat' dir='ltr'><strong>sollicite</strong></span> <span class='ocrx_word' id='word_1_39' title='bbox 1884 811 2064 879; x_wconf 87' lang='lat' dir='ltr'><strong>inqui-</strong></span> 
     </span>
    </p>
   </div>
   <div class='ocr_carea' id='block_1_9' title="bbox 489 882 2041 970">
    <p class='ocr_par' dir='ltr' id='par_1_9' title="bbox 489 901 2041 970">
     <span class='ocr_line' id='line_1_9' title="bbox 489 901 2041 970; baseline 0.001 -15"><span class='ocrx_word' id='word_1_40' title='bbox 489 903 658 955; x_wconf 87' lang='lat' dir='ltr'><strong>rentis</strong></span> <span class='ocrx_word' id='word_1_41' title='bbox 726 901 1098 955; x_wconf 85' lang='lat' dir='ltr'><strong>assensionem</strong></span> <span class='ocrx_word' id='word_1_42' title='bbox 1164 901 1411 970; x_wconf 82' lang='lat' dir='ltr'><strong>requirit.</strong></span> <span class='ocrx_word' id='word_1_43' title='bbox 1480 902 1644 954; x_wconf 89' lang='lat' dir='ltr'><strong>Deum</strong></span> <span class='ocrx_word' id='word_1_44' title='bbox 1713 903 1859 955; x_wconf 87' lang='lat' dir='ltr'><strong>enim</strong></span> <span class='ocrx_word' id='word_1_45' title='bbox 1921 919 2041 956; x_wconf 86' lang='lat' dir='ltr'><strong>esse</strong></span> 
     </span>
    </p>
   </div>
   <div class='ocr_carea' id='block_1_10' title="bbox 488 993 2066 1064">
    <p class='ocr_par' dir='ltr' id='par_1_10' title="bbox 488 993 2066 1064">
     <span class='ocr_line' id='line_1_10' title="bbox 488 993 2066 1064; baseline 0.004 -19"><span class='ocrx_word' id='word_1_46' title='bbox 488 995 711 1046; x_wconf 90' lang='lat' dir='ltr'><strong>omnino</strong></span> <span class='ocrx_word' id='word_1_47' title='bbox 743 993 1072 1047; x_wconf 90' lang='lat' dir='ltr'><strong>credendum</strong></span> <span class='ocrx_word' id='word_1_48' title='bbox 1107 1004 1228 1058; x_wconf 86' lang='lat' dir='ltr'><strong>est;</strong></span> <span class='ocrx_word' id='word_1_49' title='bbox 1261 994 1392 1062; x_wconf 89' lang='lat' dir='ltr'><strong>quid</strong></span> <span class='ocrx_word' id='word_1_50' title='bbox 1427 1009 1554 1047; x_wconf 89' lang='lat' dir='ltr'><strong>vero</strong></span> <span class='ocrx_word' id='word_1_51' title='bbox 1584 995 1674 1049; x_wconf 91' lang='lat' dir='ltr'><strong>ille</strong></span> <span class='ocrx_word' id='word_1_52' title='bbox 1711 999 1801 1060; x_wconf 90' lang='lat' dir='ltr'><strong>sit,</strong></span> <span class='ocrx_word' id='word_1_53' title='bbox 1864 1012 2066 1064; x_wconf 75' lang='lat' dir='ltr'><strong>nequa-</strong></span> 
     </span>
    </p>
   </div>
   <div class='ocr_carea' id='block_1_11' title="bbox 485 1083 2064 1155">
    <p class='ocr_par' dir='ltr' id='par_1_11' title="bbox 485 1083 2064 1155">
     <span class='ocr_line' id='line_1_11' title="bbox 485 1083 2064 1155; baseline 0.003 -19"><span class='ocrx_word' id='word_1_54' title='bbox 485 1099 648 1152; x_wconf 81' lang='lat' dir='ltr'><strong>quam</strong></span> <span class='ocrx_word' id='word_1_55' title='bbox 683 1083 959 1152; x_wconf 85' lang='lat' dir='ltr'><strong>inquirere</strong></span> <span class='ocrx_word' id='word_1_56' title='bbox 986 1095 1080 1135; x_wconf 87' lang='lat' dir='ltr'><strong>aut</strong></span> <span class='ocrx_word' id='word_1_57' title='bbox 1111 1083 1390 1152; x_wconf 84' lang='lat' dir='ltr'><strong>disputare</strong></span> <span class='ocrx_word' id='word_1_58' title='bbox 1415 1085 1692 1138; x_wconf 74' lang='lat' dir='ltr'><strong>convenit.</strong></span> <span class='ocrx_word' id='word_1_59' title='bbox 1743 1085 1984 1155; x_wconf 64' lang='lat' dir='ltr'><strong>Denique</strong></span> <span class='ocrx_word' id='word_1_60' title='bbox 2019 1088 2064 1140; x_wconf 92' lang='lat' dir='ltr'><strong>si</strong></span> 
     </span>
    </p>
   </div>
   <div class='ocr_carea' id='block_1_12' title="bbox 489 1176 2063 1245">
    <p class='ocr_par' dir='ltr' id='par_1_12' title="bbox 489 1176 2063 1245">
     <span class='ocr_line' id='line_1_12' title="bbox 489 1176 2063 1245; baseline 0.003 -17"><span class='ocrx_word' id='word_1_61' title='bbox 489 1176 618 1231; x_wconf 89' lang='lat' dir='ltr'><strong>ﬁdes</strong></span> <span class='ocrx_word' id='word_1_62' title='bbox 643 1193 830 1230; x_wconf 87' lang='lat' dir='ltr'><strong>earum</strong></span> <span class='ocrx_word' id='word_1_63' title='bbox 868 1192 1078 1238; x_wconf 89' lang='lat' dir='ltr'><strong>rerum,</strong></span> <span class='ocrx_word' id='word_1_64' title='bbox 1112 1192 1236 1244; x_wconf 75' lang='lat' dir='ltr'><strong>qua:</strong></span> <span class='ocrx_word' id='word_1_65' title='bbox 1256 1186 1563 1245; x_wconf 84' lang='lat' dir='ltr'><strong>sperantur,</strong></span> <span class='ocrx_word' id='word_1_66' title='bbox 1598 1179 1899 1232; x_wconf 82' lang='lat' dir='ltr'><strong>substantia</strong></span> <span class='ocrx_word' id='word_1_67' title='bbox 1960 1191 2063 1245; x_wconf 89' lang='lat' dir='ltr'><strong>est,</strong></span> 
     </span>
    </p>
   </div>
   <div class='ocr_carea' id='block_1_13' title="bbox 485 1278 2061 1340">
    <p class='ocr_par' dir='ltr' id='par_1_13' title="bbox 485 1278 2061 1340">
     <span class='ocr_line' id='line_1_13' title="bbox 485 1278 2061 1340; baseline 0.001 -18"><span class='ocrx_word' id='word_1_68' title='bbox 485 1280 533 1323; x_wconf 86' lang='lat' dir='ltr'><strong>et</strong></span> <span class='ocrx_word' id='word_1_69' title='bbox 564 1278 943 1340; x_wconf 78' lang='lat' dir='ltr'><strong>argumentum</strong></span> <span class='ocrx_word' id='word_1_70' title='bbox 980 1283 1168 1322; x_wconf 86' lang='lat' dir='ltr'><strong>eorum</strong></span> <span class='ocrx_word' id='word_1_71' title='bbox 1211 1285 1330 1338; x_wconf 73' lang='lat' dir='ltr'><strong>quae</strong></span> <span class='ocrx_word' id='word_1_72' title='bbox 1356 1285 1464 1323; x_wconf 89' lang='lat' dir='ltr'><strong>non</strong></span> <span class='ocrx_word' id='word_1_73' title='bbox 1492 1281 1777 1340; x_wconf 86' lang='lat' dir='ltr'><strong>apparent,</strong></span> <span class='ocrx_word' id='word_1_74' title='bbox 1816 1286 1881 1324; x_wconf 89' lang='lat' dir='ltr'><strong>ne</strong></span> <span class='ocrx_word' id='word_1_75' title='bbox 1929 1287 2061 1324; x_wconf 81' lang='lat' dir='ltr'><strong>con-</strong></span> 
     </span>
    </p>
   </div>
   <div class='ocr_carea' id='block_1_14' title="bbox 489 1361 2061 1430">
    <p class='ocr_par' dir='ltr' id='par_1_14' title="bbox 489 1361 2061 1430">
     <span class='ocr_line' id='line_1_14' title="bbox 489 1361 2061 1430; baseline -0.001 -14"><span class='ocrx_word' id='word_1_76' title='bbox 489 1365 728 1417; x_wconf 90' lang='lat' dir='ltr'><strong>tenderis</strong></span> <span class='ocrx_word' id='word_1_77' title='bbox 761 1376 822 1415; x_wconf 90' lang='lat' dir='ltr'><strong>ea</strong></span> <span class='ocrx_word' id='word_1_78' title='bbox 856 1375 1001 1415; x_wconf 92' lang='lat' dir='ltr'><strong>nunc</strong></span> <span class='ocrx_word' id='word_1_79' title='bbox 1025 1361 1228 1423; x_wconf 88' lang='lat' dir='ltr'><strong>videre,</strong></span> <span class='ocrx_word' id='word_1_80' title='bbox 1272 1375 1388 1429; x_wconf 65' lang='lat' dir='ltr'><strong>qua:</strong></span> <span class='ocrx_word' id='word_1_81' title='bbox 1420 1361 1609 1430; x_wconf 84' lang='lat' dir='ltr'><strong>procul</strong></span> <span class='ocrx_word' id='word_1_82' title='bbox 1671 1361 1862 1416; x_wconf 85' lang='lat' dir='ltr'><strong>dissita</strong></span> <span class='ocrx_word' id='word_1_83' title='bbox 1913 1373 2061 1426; x_wconf 85' lang='lat' dir='ltr'><strong>sunt,</strong></span> 
     </span>
    </p>
   </div>
   <div class='ocr_carea' id='block_1_15' title="bbox 486 1449 2062 1524">
    <p class='ocr_par' dir='ltr' id='par_1_15' title="bbox 486 1449 2062 1524">
     <span class='ocr_line' id='line_1_15' title="bbox 486 1449 2062 1524; baseline -0.001 -18"><span class='ocrx_word' id='word_1_84' title='bbox 486 1467 660 1520; x_wconf 85' lang='lat' dir='ltr'><strong>neque</strong></span> <span class='ocrx_word' id='word_1_85' title='bbox 684 1453 734 1504; x_wconf 92' lang='lat' dir='ltr'><strong>in</strong></span> <span class='ocrx_word' id='word_1_86' title='bbox 765 1452 988 1505; x_wconf 89' lang='lat' dir='ltr'><strong>dubium</strong></span> <span class='ocrx_word' id='word_1_87' title='bbox 1020 1449 1232 1504; x_wconf 85' lang='lat' dir='ltr'><strong>vocaris</strong></span> <span class='ocrx_word' id='word_1_88' title='bbox 1249 1465 1307 1504; x_wconf 85' lang='lat' dir='ltr'><strong>ea</strong></span> <span class='ocrx_word' id='word_1_89' title='bbox 1337 1465 1458 1519; x_wconf 66' lang='lat' dir='ltr'><strong>qua:</strong></span> <span class='ocrx_word' id='word_1_90' title='bbox 1487 1459 1793 1524; x_wconf 68' lang='lat' dir='ltr'><strong>sperantur,</strong></span> <span class='ocrx_word' id='word_1_91' title='bbox 1829 1467 1894 1506; x_wconf 92' lang='lat' dir='ltr'><strong>eo</strong></span> <span class='ocrx_word' id='word_1_92' title='bbox 1921 1451 2062 1521; x_wconf 87' lang='lat' dir='ltr'><strong>quod</strong></span> 
     </span>
    </p>
   </div>
   <div class='ocr_carea' id='block_1_16' title="bbox 486 1540 1686 1612">
    <p class='ocr_par' dir='ltr' id='par_1_16' title="bbox 486 1540 1686 1612">
     <span class='ocr_line' id='line_1_16' title="bbox 486 1540 1686 1612; baseline 0 -19"><span class='ocrx_word' id='word_1_93' title='bbox 486 1545 601 1610; x_wconf 75' lang='lat' dir='ltr'><strong>ipsa</strong></span> <span class='ocrx_word' id='word_1_94' title='bbox 635 1542 944 1612; x_wconf 78' lang='lat' dir='ltr'><strong>cegnitione</strong></span> <span class='ocrx_word' id='word_1_95' title='bbox 975 1540 1215 1594; x_wconf 90' lang='lat' dir='ltr'><strong>nondum</strong></span> <span class='ocrx_word' id='word_1_96' title='bbox 1247 1541 1462 1609; x_wconf 87' lang='lat' dir='ltr'><strong>assequi</strong></span> <span class='ocrx_word' id='word_1_97' title='bbox 1495 1555 1686 1608; x_wconf 87' lang='lat' dir='ltr'><strong>queas.</strong></span> 
     </span>
    </p>
   </div>
   <div class='ocr_carea' id='block_1_17' title="bbox 557 1631 2062 1708">
    <p class='ocr_par' dir='ltr' id='par_1_17' title="bbox 557 1631 2062 1708">
     <span class='ocr_line' id='line_1_17' title="bbox 557 1631 2062 1708; baseline -0.001 -21"><span class='ocrx_word' id='word_1_98' title='bbox 557 1634 717 1708; x_wconf 63' lang='lat' dir='ltr'><strong>Fides</strong></span> <span class='ocrx_word' id='word_1_99' title='bbox 751 1645 835 1690; x_wconf 84' lang='lat' dir='ltr'><strong>est</strong></span> <span class='ocrx_word' id='word_1_100' title='bbox 863 1647 1124 1688; x_wconf 87' lang='lat' dir='ltr'><strong>assensus</strong></span> <span class='ocrx_word' id='word_1_101' title='bbox 1153 1633 1218 1686; x_wconf 88' lang='lat' dir='ltr'><strong>de</strong></span> <span class='ocrx_word' id='word_1_102' title='bbox 1269 1632 1336 1686; x_wconf 89' lang='lat' dir='ltr'><strong>iis</strong></span> <span class='ocrx_word' id='word_1_103' title='bbox 1395 1647 1516 1699; x_wconf 67' lang='lat' dir='ltr'><strong>quae</strong></span> <span class='ocrx_word' id='word_1_104' title='bbox 1563 1631 1749 1685; x_wconf 89' lang='lat' dir='ltr'><strong>auditu</strong></span> <span class='ocrx_word' id='word_1_105' title='bbox 1798 1633 2062 1702; x_wconf 86' lang='lat' dir='ltr'><strong>percepit,</strong></span> 
     </span>
    </p>
   </div>
   <div class='ocr_carea' id='block_1_18' title="bbox 485 1724 2064 1796">
    <p class='ocr_par' dir='ltr' id='par_1_18' title="bbox 485 1724 2064 1796">
     <span class='ocr_line' id='line_1_18' title="bbox 485 1724 2064 1796; baseline -0.004 -14"><span class='ocrx_word' id='word_1_106' title='bbox 485 1729 619 1782; x_wconf 81' lang='lat' dir='ltr'><strong>nihil</strong></span> <span class='ocrx_word' id='word_1_107' title='bbox 649 1729 951 1796; x_wconf 82' lang='lat' dir='ltr'><strong>ambigens,</strong></span> <span class='ocrx_word' id='word_1_108' title='bbox 981 1741 1101 1780; x_wconf 90' lang='lat' dir='ltr'><strong>cum</strong></span> <span class='ocrx_word' id='word_1_109' title='bbox 1130 1735 1277 1779; x_wconf 86' lang='lat' dir='ltr'><strong>certa</strong></span> <span class='ocrx_word' id='word_1_110' title='bbox 1301 1724 1660 1794; x_wconf 88' lang='lat' dir='ltr'><strong>persuasione</strong></span> <span class='ocrx_word' id='word_1_111' title='bbox 1690 1724 1933 1778; x_wconf 85' lang='lat' dir='ltr'><strong>veritatis</strong></span> <span class='ocrx_word' id='word_1_112' title='bbox 1971 1739 2064 1777; x_wconf 81' lang='lat' dir='ltr'><strong>ca-</strong></span> 
     </span>
    </p>
   </div>
   <div class='ocr_carea' id='block_1_19' title="bbox 2171 539 3708 616">
    <p class='ocr_par' dir='ltr' id='par_1_19' title="bbox 2171 539 3708 616">
     <span class='ocr_line' id='line_1_19' title="bbox 2171 539 3708 616; baseline 0.01 -29"><span class='ocrx_word' id='word_1_113' title='bbox 2171 539 2576 604; x_wconf 85' lang='grc' dir='ltr'>γεωμετρικαῖς</span> <span class='ocrx_word' id='word_1_114' title='bbox 2625 539 2917 606; x_wconf 76' lang='grc' dir='ltr'>ἀνάγκαις,</span> <span class='ocrx_word' id='word_1_115' title='bbox 2948 541 3083 596; x_wconf 73' lang='grc' dir='ltr'>ἀλλὰ</span> <span class='ocrx_word' id='word_1_116' title='bbox 3115 545 3234 606; x_wconf 81' lang='grc' dir='ltr'>ταῖς</span> <span class='ocrx_word' id='word_1_117' title='bbox 3281 543 3378 597; x_wconf 79' lang='grc' dir='ltr'>τοῦ</span> <span class='ocrx_word' id='word_1_118' title='bbox 3432 545 3708 616; x_wconf 78' lang='grc' dir='ltr'>Πνεύματος</span> 
     </span>
    </p>
   </div>
   <div class='ocr_carea' id='block_1_20' title="bbox 2171 628 2862 703">
    <p class='ocr_par' dir='ltr' id='par_1_20' title="bbox 2171 628 2862 703">
     <span class='ocr_line' id='line_1_20' title="bbox 2171 628 2862 703; baseline 0.009 -23"><span class='ocrx_word' id='word_1_119' title='bbox 2171 628 2475 698; x_wconf 72' lang='grc' dir='ltr'><strong>ἐνεργείαις</strong></span> <span class='ocrx_word' id='word_1_120' title='bbox 2506 631 2862 703; x_wconf 81' lang='grc' dir='ltr'>ἐγγινομένη.</span> 
     </span>
    </p>
   </div>
   <div class='ocr_carea' id='block_1_21' title="bbox 2244 806 3712 887">
    <p class='ocr_par' dir='ltr' id='par_1_21' title="bbox 2244 806 3712 887">
     <span class='ocr_line' id='line_1_21' title="bbox 2244 806 3712 887; baseline 0.011 -29"><span class='ocrx_word' id='word_1_121' title='bbox 2244 806 2317 859; x_wconf 81' lang='grc' dir='ltr'>Τὸ</span> <span class='ocrx_word' id='word_1_122' title='bbox 2341 808 2438 876; x_wconf 81' lang='grc' dir='ltr'>τῆς</span> <span class='ocrx_word' id='word_1_123' title='bbox 2467 808 2744 878; x_wconf 76' lang='grc' dir='ltr'><strong>θεολογίας</strong></span> <span class='ocrx_word' id='word_1_124' title='bbox 2782 813 3080 883; x_wconf 82' lang='grc' dir='ltr'>μυστήριον</span> <span class='ocrx_word' id='word_1_125' title='bbox 3105 815 3202 886; x_wconf 82' lang='grc' dir='ltr'>τὴν</span> <span class='ocrx_word' id='word_1_126' title='bbox 3232 818 3294 870; x_wconf 74' lang='grc' dir='ltr'>ἐκ</span> <span class='ocrx_word' id='word_1_127' title='bbox 3328 818 3427 887; x_wconf 80' lang='grc' dir='ltr'>τῆς</span> <span class='ocrx_word' id='word_1_128' title='bbox 3485 820 3712 874; x_wconf 79' lang='grc' dir='ltr'>ἀϐασανί-</span> 
     </span>
    </p>
   </div>
   <div class='ocr_carea' id='block_1_22' title="bbox 2173 901 3710 975">
    <p class='ocr_par' dir='ltr' id='par_1_22' title="bbox 2173 901 3710 975">
     <span class='ocr_line' id='line_1_22' title="bbox 2173 901 3710 975; baseline 0.013 -25"><span class='ocrx_word' id='word_1_129' title='bbox 2173 915 2299 952; x_wconf 88' lang='grc' dir='ltr'>στου</span> <span class='ocrx_word' id='word_1_130' title='bbox 2357 901 2595 966; x_wconf 90' lang='grc' dir='ltr'>πίστεως</span> <span class='ocrx_word' id='word_1_131' title='bbox 2654 905 2903 974; x_wconf 75' lang='grc' dir='ltr'>ἐπιζητεῖ</span> <span class='ocrx_word' id='word_1_132' title='bbox 2962 909 3385 975; x_wconf 87' lang='grc' dir='ltr'>συγκατάθεσιν.</span> <span class='ocrx_word' id='word_1_133' title='bbox 3450 914 3710 970; x_wconf 77' lang='grc' dir='ltr'>Πιστεύται</span> 
     </span>
    </p>
   </div>
   <div class='ocr_carea' id='block_1_23' title="bbox 2171 991 3702 1078">
    <p class='ocr_par' dir='ltr' id='par_1_23' title="bbox 2171 991 3702 1078">
     <span class='ocr_line' id='line_1_23' title="bbox 2171 991 3702 1078; baseline 0.012 -38"><span class='ocrx_word' id='word_1_134' title='bbox 2171 991 2281 1060; x_wconf 79' lang='grc' dir='ltr'>γὰρ</span> <span class='ocrx_word' id='word_1_135' title='bbox 2309 991 2389 1044; x_wconf 88' lang='grc' dir='ltr'><strong>δεῖ</strong></span> <span class='ocrx_word' id='word_1_136' title='bbox 2413 993 2494 1044; x_wconf 84' lang='grc' dir='ltr'>ὅτι</span> <span class='ocrx_word' id='word_1_137' title='bbox 2524 993 2639 1047; x_wconf 82' lang='grc' dir='ltr'>ἔστι</span> <span class='ocrx_word' id='word_1_138' title='bbox 2681 995 2835 1063; x_wconf 85' lang='grc' dir='ltr'>Θεὸς,</span> <span class='ocrx_word' id='word_1_139' title='bbox 2870 999 2988 1070; x_wconf 76' lang='grc' dir='ltr'>οὐχὶ</span> <span class='ocrx_word' id='word_1_140' title='bbox 3020 1000 3256 1069; x_wconf 81' lang='grc' dir='ltr'>ζητῆσαι</span> <span class='ocrx_word' id='word_1_141' title='bbox 3293 1004 3384 1056; x_wconf 68' lang='grc' dir='ltr'>καὶ</span> <span class='ocrx_word' id='word_1_142' title='bbox 3413 1005 3702 1078; x_wconf 77' lang='grc' dir='ltr'>λογομαχῆ-</span> 
     </span>
    </p>
   </div>
   <div class='ocr_carea' id='block_1_24' title="bbox 2174 1083 3710 1164">
    <p class='ocr_par' dir='ltr' id='par_1_24' title="bbox 2174 1083 3710 1164">
     <span class='ocr_line' id='line_1_24' title="bbox 2174 1083 3710 1164; baseline 0.014 -32"><span class='ocrx_word' id='word_1_143' title='bbox 2174 1097 2263 1133; x_wconf 90' lang='grc' dir='ltr'><strong>σαι</strong></span> <span class='ocrx_word' id='word_1_144' title='bbox 2288 1083 2370 1148; x_wconf 84' lang='grc' dir='ltr'><strong>τὸ,</strong></span> <span class='ocrx_word' id='word_1_145' title='bbox 2407 1084 2458 1136; x_wconf 88' lang='grc' dir='ltr'><strong>τί</strong></span> <span class='ocrx_word' id='word_1_146' title='bbox 2501 1087 2636 1140; x_wconf 82' lang='grc' dir='ltr'>ἐστι.</span> <span class='ocrx_word' id='word_1_147' title='bbox 2666 1088 2776 1140; x_wconf 80' lang='grc' dir='ltr'><strong>Καὶ</strong></span> <span class='ocrx_word' id='word_1_148' title='bbox 2808 1088 2942 1151; x_wconf 86' lang='grc' dir='ltr'>ὅλως</span> <span class='ocrx_word' id='word_1_149' title='bbox 2977 1092 3086 1163; x_wconf 71' lang='grc' dir='ltr'><strong>εΗ)</strong></span> <span class='ocrx_word' id='word_1_150' title='bbox 3125 1095 3311 1157; x_wconf 80' lang='grc' dir='ltr'>πίστις</span> <span class='ocrx_word' id='word_1_151' title='bbox 3340 1097 3490 1150; x_wconf 80' lang='grc' dir='ltr'>ἐστὶν</span> <span class='ocrx_word' id='word_1_152' title='bbox 3525 1099 3710 1164; x_wconf 77' lang='grc' dir='ltr'>ἐλπιζο-</span> 
     </span>
    </p>
   </div>
   <div class='ocr_carea' id='block_1_25' title="bbox 2175 1173 3710 1262">
    <p class='ocr_par' dir='ltr' id='par_1_25' title="bbox 2175 1173 3710 1262">
     <span class='ocr_line' id='line_1_25' title="bbox 2175 1173 3710 1262; baseline 0.015 -39"><span class='ocrx_word' id='word_1_153' title='bbox 2175 1173 2354 1242; x_wconf 85' lang='grc' dir='ltr'>μένων</span> <span class='ocrx_word' id='word_1_154' title='bbox 2379 1176 2680 1241; x_wconf 80' lang='grc' dir='ltr'><strong>ὑπόστασις</strong></span> <span class='ocrx_word' id='word_1_155' title='bbox 2710 1183 3076 1250; x_wconf 82' lang='grc' dir='ltr'><strong>πραγμάτων,</strong></span> <span class='ocrx_word' id='word_1_156' title='bbox 3119 1187 3340 1258; x_wconf 75' lang='grc' dir='ltr'>ἔλεγχος</span> <span class='ocrx_word' id='word_1_157' title='bbox 3370 1192 3431 1242; x_wconf 84' lang='grc' dir='ltr'><strong>οὐ</strong></span> <span class='ocrx_word' id='word_1_158' title='bbox 3468 1179 3710 1262; x_wconf 66' lang='grc' dir='ltr'>βλεπομέ-</span> 
     </span>
    </p>
   </div>
   <div class='ocr_carea' id='block_1_26' title="bbox 2171 1264 3712 1352">
    <p class='ocr_par' dir='ltr' id='par_1_26' title="bbox 2171 1264 3712 1352">
     <span class='ocr_line' id='line_1_26' title="bbox 2171 1264 3712 1352; baseline 0.015 -38"><span class='ocrx_word' id='word_1_159' title='bbox 2171 1281 2295 1326; x_wconf 91' lang='grc' dir='ltr'>νων,</span> <span class='ocrx_word' id='word_1_160' title='bbox 2319 1264 2392 1334; x_wconf 85' lang='grc' dir='ltr'>μὴ</span> <span class='ocrx_word' id='word_1_161' title='bbox 2423 1267 2718 1331; x_wconf 77' lang='grc' dir='ltr'>φιλονείκει</span> <span class='ocrx_word' id='word_1_162' title='bbox 2751 1272 2879 1324; x_wconf 83' lang='grc' dir='ltr'>ίδεῖν</span> <span class='ocrx_word' id='word_1_163' title='bbox 2903 1273 3002 1345; x_wconf 63' lang='grc' dir='ltr'><strong>ἠδη</strong></span> <span class='ocrx_word' id='word_1_164' title='bbox 3028 1278 3097 1330; x_wconf 77' lang='grc' dir='ltr'>τὰ</span> <span class='ocrx_word' id='word_1_165' title='bbox 3117 1281 3336 1349; x_wconf 82' lang='grc' dir='ltr'>μακρὰν</span> <span class='ocrx_word' id='word_1_166' title='bbox 3354 1282 3712 1352; x_wconf 81' lang='grc' dir='ltr'><strong>ἀπῳκισμένα,</strong></span> 
     </span>
    </p>
   </div>
   <div class='ocr_carea' id='block_1_27' title="bbox 2175 1356 3715 1447">
    <p class='ocr_par' dir='ltr' id='par_1_27' title="bbox 2175 1356 3715 1447">
     <span class='ocr_line' id='line_1_27' title="bbox 2175 1356 3715 1447; baseline 0.016 -41"><span class='ocrx_word' id='word_1_167' title='bbox 2175 1356 2314 1425; x_wconf 89' lang='grc' dir='ltr'>μήτε</span> <span class='ocrx_word' id='word_1_168' title='bbox 2345 1357 2413 1409; x_wconf 77' lang='grc' dir='ltr'><strong>τὰ</strong></span> <span class='ocrx_word' id='word_1_169' title='bbox 2442 1358 2775 1430; x_wconf 78' lang='grc' dir='ltr'><strong>ἐλπιζόμενα</strong></span> <span class='ocrx_word' id='word_1_170' title='bbox 2805 1365 3090 1434; x_wconf 80' lang='grc' dir='ltr'>ἀμφίϐολα</span> <span class='ocrx_word' id='word_1_171' title='bbox 3136 1373 3513 1447; x_wconf 69' lang='grc' dir='ltr'><strong>καταστήσῃς,</strong></span> <span class='ocrx_word' id='word_1_172' title='bbox 3563 1377 3646 1429; x_wconf 71' lang='grc' dir='ltr'><strong>διὰ</strong></span> <span class='ocrx_word' id='word_1_173' title='bbox 3673 1379 3715 1430; x_wconf 64' lang='grc' dir='ltr'>τὸ</span> 
     </span>
    </p>
   </div>
   <div class='ocr_carea' id='block_1_28' title="bbox 2175 1450 3716 1535">
    <p class='ocr_par' dir='ltr' id='par_1_28' title="bbox 2175 1450 3716 1535">
     <span class='ocr_line' id='line_1_28' title="bbox 2175 1450 3716 1535; baseline 0.017 -37"><span class='ocrx_word' id='word_1_174' title='bbox 2175 1450 2342 1516; x_wconf 82' lang='grc' dir='ltr'>μήπω</span> <span class='ocrx_word' id='word_1_175' title='bbox 2390 1451 2572 1505; x_wconf 89' lang='grc' dir='ltr'>αὐτῶν</span> <span class='ocrx_word' id='word_1_176' title='bbox 2623 1452 2887 1510; x_wconf 83' lang='grc' dir='ltr'>δύνασθαι</span> <span class='ocrx_word' id='word_1_177' title='bbox 2920 1461 3063 1514; x_wconf 87' lang='grc' dir='ltr'>κατὰ</span> <span class='ocrx_word' id='word_1_178' title='bbox 3109 1462 3208 1534; x_wconf 84' lang='grc' dir='ltr'><strong>τὴν</strong></span> <span class='ocrx_word' id='word_1_179' title='bbox 3250 1465 3455 1532; x_wconf 89' lang='grc' dir='ltr'>γνῶσιν</span> <span class='ocrx_word' id='word_1_180' title='bbox 3504 1469 3716 1535; x_wconf 79' lang='grc' dir='ltr'>ἐφάπτε-</span> 
     </span>
    </p>
   </div>
   <div class='ocr_carea' id='block_1_29' title="bbox 2174 1542 2321 1594">
    <p class='ocr_par' dir='ltr' id='par_1_29' title="bbox 2174 1542 2321 1594">
     <span class='ocr_line' id='line_1_29' title="bbox 2174 1542 2321 1594; baseline 0.014 -2"><span class='ocrx_word' id='word_1_181' title='bbox 2174 1542 2321 1594; x_wconf 87' lang='grc' dir='ltr'>σθαι.</span> 
     </span>
    </p>
   </div>
   <div class='ocr_carea' id='block_1_30' title="bbox 2244 1634 3716 1718">
    <p class='ocr_par' dir='ltr' id='par_1_30' title="bbox 2244 1634 3716 1718">
     <span class='ocr_line' id='line_1_30' title="bbox 2244 1634 3716 1718; baseline 0.014 -32"><span class='ocrx_word' id='word_1_182' title='bbox 2244 1634 2430 1698; x_wconf 87' lang='grc' dir='ltr'>Πίστις</span> <span class='ocrx_word' id='word_1_183' title='bbox 2474 1638 2592 1690; x_wconf 74' lang='grc' dir='ltr'>ἐστὶ</span> <span class='ocrx_word' id='word_1_184' title='bbox 2643 1641 3041 1707; x_wconf 75' lang='grc' dir='ltr'>συγκατάθεσις</span> <span class='ocrx_word' id='word_1_185' title='bbox 3074 1645 3387 1718; x_wconf 82' lang='grc' dir='ltr'>ἀδιάκριτος</span> <span class='ocrx_word' id='word_1_186' title='bbox 3419 1651 3530 1703; x_wconf 89' lang='grc' dir='ltr'><strong>τῶν</strong></span> <span class='ocrx_word' id='word_1_187' title='bbox 3575 1655 3716 1707; x_wconf 73' lang='grc' dir='ltr'>ἀκου-</span> 
     </span>
    </p>
   </div>
   <div class='ocr_carea' id='block_1_31' title="bbox 2173 1724 3717 1815">
    <p class='ocr_par' dir='ltr' id='par_1_31' title="bbox 2173 1724 3717 1815">
     <span class='ocr_line' id='line_1_31' title="bbox 2173 1724 3717 1815; baseline 0.015 -39"><span class='ocrx_word' id='word_1_188' title='bbox 2173 1724 2409 1779; x_wconf 79' lang='grc' dir='ltr'>σθέντων</span> <span class='ocrx_word' id='word_1_189' title='bbox 2434 1730 2491 1780; x_wconf 87' lang='grc' dir='ltr'>ἐν</span> <span class='ocrx_word' id='word_1_190' title='bbox 2521 1732 2863 1805; x_wconf 76' lang='grc' dir='ltr'>πληροφορίᾳ</span> <span class='ocrx_word' id='word_1_191' title='bbox 2887 1737 2984 1804; x_wconf 77' lang='grc' dir='ltr'><strong>τῆς</strong></span> <span class='ocrx_word' id='word_1_192' title='bbox 3007 1738 3282 1806; x_wconf 76' lang='grc' dir='ltr'>ἀληθείας,</span> <span class='ocrx_word' id='word_1_193' title='bbox 3304 1742 3413 1793; x_wconf 83' lang='grc' dir='ltr'><strong>τῶν</strong></span> <span class='ocrx_word' id='word_1_194' title='bbox 3437 1762 3505 1812; x_wconf 84' lang='grc' dir='ltr'><strong>κη</strong></span> <span class='ocrx_word' id='word_1_195' title='bbox 3514 1745 3717 1815; x_wconf 80' lang='grc' dir='ltr'>ρυχθὲν·</span> 
     </span>
    </p>
   </div>
   <div class='ocr_carea' id='block_1_32' title="bbox 487 1802 2059 1908">
    <p class='ocr_par' dir='ltr' id='par_1_32' title="bbox 487 1815 2059 1888">
     <span class='ocr_line' id='line_1_32' title="bbox 487 1815 2059 1888; baseline -0.002 -14"><span class='ocrx_word' id='word_1_196' title='bbox 487 1839 600 1874; x_wconf 88' lang='lat' dir='ltr'><strong>rum</strong></span> <span class='ocrx_word' id='word_1_197' title='bbox 633 1835 836 1885; x_wconf 90' lang='lat' dir='ltr'><strong>rerum,</strong></span> <span class='ocrx_word' id='word_1_198' title='bbox 869 1833 989 1888; x_wconf 76' lang='lat' dir='ltr'><strong>qure</strong></span> <span class='ocrx_word' id='word_1_199' title='bbox 1020 1817 1110 1871; x_wconf 91' lang='lat' dir='ltr'><strong>Dei</strong></span> <span class='ocrx_word' id='word_1_200' title='bbox 1144 1817 1316 1887; x_wconf 84' lang='lat' dir='ltr'><strong>gratia</strong></span> <span class='ocrx_word' id='word_1_201' title='bbox 1344 1817 1647 1886; x_wconf 57' lang='lat' dir='ltr'><strong>praedicata:</strong></span> <span class='ocrx_word' id='word_1_202' title='bbox 1681 1827 1827 1871; x_wconf 90' lang='lat' dir='ltr'><strong>sunt.</strong></span> <span class='ocrx_word' id='word_1_203' title='bbox 1893 1815 2059 1886; x_wconf 83' lang='lat' dir='ltr'><strong>Hujus</strong></span> 
     </span>
    </p>
   </div>
   <div class='ocr_carea' id='block_1_33' title="bbox 2166 1802 3716 1908">
    <p class='ocr_par' dir='ltr' id='par_1_33' title="bbox 2169 1802 3716 1908">
     <span class='ocr_line' id='line_1_33' title="bbox 2169 1802 3716 1908; baseline 0.015 -39"><span class='ocrx_word' id='word_1_204' title='bbox 2169 1834 2278 1870; x_wconf 88' lang='grc' dir='ltr'><strong>των</strong></span> <span class='ocrx_word' id='word_1_205' title='bbox 2329 1820 2463 1872; x_wconf 87' lang='grc' dir='ltr'>Θεοῦ</span> <span class='ocrx_word' id='word_1_206' title='bbox 2539 1825 2746 1894; x_wconf 80' lang='grc' dir='ltr'>χάριτι,</span> <span class='ocrx_word' id='word_1_207' title='bbox 2802 1802 2994 1896; x_wconf 79' lang='grc' dir='ltr'>ἥντινα</span> <span class='ocrx_word' id='word_1_208' title='bbox 3062 1802 3374 1898; x_wconf 65' lang='grc' dir='ltr'>ἐπεδείξατο</span> <span class='ocrx_word' id='word_1_209' title='bbox 3450 1802 3716 1908; x_wconf 61' lang='grc' dir='ltr'>Ἀϐρααμ,</span> 
     </span>
    </p>
   </div>
   <div class='ocr_carea' id='block_1_34' title="bbox 394 1895 2065 1982">
    <p class='ocr_par' dir='ltr' id='par_1_34' title="bbox 394 1895 2065 1982">
     <span class='ocr_line' id='line_1_34' title="bbox 394 1895 2065 1982; baseline -0.003 -16"><span class='ocrx_word' id='word_1_210' title='bbox 394 1895 396 1898; x_wconf 33' lang='grc'><em>’</em></span> <span class='ocrx_word' id='word_1_211' title='bbox 484 1913 791 1982; x_wconf 82' lang='lat' dir='ltr'><strong>exemplum</strong></span> <span class='ocrx_word' id='word_1_212' title='bbox 825 1921 920 1965; x_wconf 88' lang='lat' dir='ltr'><strong>aut</strong></span> <span class='ocrx_word' id='word_1_213' title='bbox 976 1911 1253 1979; x_wconf 86' lang='lat' dir='ltr'><strong>specimen</strong></span> <span class='ocrx_word' id='word_1_214' title='bbox 1309 1907 1555 1962; x_wconf 81' lang='lat' dir='ltr'><strong>exhibuit</strong></span> <span class='ocrx_word' id='word_1_215' title='bbox 1613 1909 1910 1973; x_wconf 82' lang='lat' dir='ltr'><strong>Abraham,</strong></span> <span class='ocrx_word' id='word_1_216' title='bbox 1973 1915 2065 1977; x_wconf 83' lang='lat' dir='ltr'><strong>qui</strong></span> 
     </span>
    </p>
   </div>
   <div class='ocr_carea' id='block_1_35' title="bbox 480 1999 2069 2074">
    <p class='ocr_par' dir='ltr' id='par_1_35' title="bbox 480 1999 2069 2074">
     <span class='ocr_line' id='line_1_35' title="bbox 480 1999 2069 2074; baseline -0.002 -19"><span class='ocrx_word' id='word_1_217' title='bbox 480 2007 632 2074; x_wconf 74' lang='lat' dir='ltr'><strong>juxta</strong></span> <span class='ocrx_word' id='word_1_218' title='bbox 661 2003 957 2072; x_wconf 59' lang='lat' dir='ltr'><strong>Scriptura?</strong></span> <span class='ocrx_word' id='word_1_219' title='bbox 996 1999 1362 2054; x_wconf 87' lang='lat' dir='ltr'><strong>testimoniqu</strong></span> <span class='ocrx_word' id='word_1_220' title='bbox 1389 2014 1494 2052; x_wconf 92' lang='lat' dir='ltr'><strong>non</strong></span> <span class='ocrx_word' id='word_1_221' title='bbox 1525 2000 1790 2054; x_wconf 85' lang='lat' dir='ltr'><strong>dubitavit</strong></span> <span class='ocrx_word' id='word_1_222' title='bbox 1837 2015 1933 2070; x_wconf 91' lang='lat' dir='ltr'><strong>per</strong></span> <span class='ocrx_word' id='word_1_223' title='bbox 1989 2001 2069 2053; x_wconf 88' lang='lat' dir='ltr'><strong>in-</strong></span> 
     </span>
    </p>
   </div>
   <div class='ocr_carea' id='block_1_36' title="bbox 483 2089 2061 2162">
    <p class='ocr_par' dir='ltr' id='par_1_36' title="bbox 483 2089 2061 2162">
     <span class='ocr_line' id='line_1_36' title="bbox 483 2089 2061 2162; baseline -0.004 -12"><span class='ocrx_word' id='word_1_224' title='bbox 483 2095 882 2158; x_wconf 87' lang='lat' dir='ltr'><strong>credulitatem,</strong></span> <span class='ocrx_word' id='word_1_225' title='bbox 912 2092 1004 2147; x_wconf 89' lang='lat' dir='ltr'><strong>sed</strong></span> <span class='ocrx_word' id='word_1_226' title='bbox 1054 2091 1156 2144; x_wconf 89' lang='lat' dir='ltr'><strong>ﬁde</strong></span> <span class='ocrx_word' id='word_1_227' title='bbox 1184 2090 1541 2144; x_wconf 88' lang='lat' dir='ltr'><strong>conﬁrmatus</strong></span> <span class='ocrx_word' id='word_1_228' title='bbox 1571 2099 1673 2156; x_wconf 91' lang='lat' dir='ltr'><strong>est,</strong></span> <span class='ocrx_word' id='word_1_229' title='bbox 1703 2089 1812 2144; x_wconf 90' lang='lat' dir='ltr'><strong>Deo</strong></span> <span class='ocrx_word' id='word_1_230' title='bbox 1837 2090 2061 2162; x_wconf 78' lang='lat' dir='ltr'><strong>gloriam</strong></span> 
     </span>
    </p>
   </div>
   <div class='ocr_carea' id='block_1_37' title="bbox 487 2181 2066 2252">
    <p class='ocr_par' dir='ltr' id='par_1_37' title="bbox 487 2181 2066 2252">
     <span class='ocr_line' id='line_1_37' title="bbox 487 2181 2066 2252; baseline -0.002 -13"><span class='ocrx_word' id='word_1_231' title='bbox 487 2188 754 2247; x_wconf 88' lang='lat' dir='ltr'><strong>tribuens,</strong></span> <span class='ocrx_word' id='word_1_232' title='bbox 786 2195 838 2240; x_wconf 91' lang='lat' dir='ltr'><strong>et</strong></span> <span class='ocrx_word' id='word_1_233' title='bbox 866 2196 1011 2239; x_wconf 84' lang='lat' dir='ltr'><strong>certa</strong></span> <span class='ocrx_word' id='word_1_234' title='bbox 1062 2183 1230 2237; x_wconf 86' lang='lat' dir='ltr'><strong>animi</strong></span> <span class='ocrx_word' id='word_1_235' title='bbox 1286 2181 1484 2236; x_wconf 82' lang='lat' dir='ltr'><strong>ﬁducia</strong></span> <span class='ocrx_word' id='word_1_236' title='bbox 1546 2197 1860 2251; x_wconf 87' lang='lat' dir='ltr'><strong>persuasus,</strong></span> <span class='ocrx_word' id='word_1_237' title='bbox 1918 2183 2066 2252; x_wconf 91' lang='lat' dir='ltr'><strong>quod</strong></span> 
     </span>
    </p>
   </div>
   <div class='ocr_carea' id='block_1_38' title="bbox 485 2274 1888 2347">
    <p class='ocr_par' dir='ltr' id='par_1_38' title="bbox 485 2274 1888 2347">
     <span class='ocr_line' id='line_1_38' title="bbox 485 2274 1888 2347; baseline -0.001 -18"><span class='ocrx_word' id='word_1_238' title='bbox 485 2294 605 2347; x_wconf 82' lang='lat' dir='ltr'><strong>quae</strong></span> <span class='ocrx_word' id='word_1_239' title='bbox 631 2275 881 2346; x_wconf 86' lang='lat' dir='ltr'><strong>promisit</strong></span> <span class='ocrx_word' id='word_1_240' title='bbox 911 2275 1075 2341; x_wconf 89' lang='lat' dir='ltr'><strong>Deus,</strong></span> <span class='ocrx_word' id='word_1_241' title='bbox 1105 2274 1292 2328; x_wconf 88' lang='lat' dir='ltr'><strong>eadem</strong></span> <span class='ocrx_word' id='word_1_242' title='bbox 1325 2282 1378 2328; x_wconf 89' lang='lat' dir='ltr'><strong>et</strong></span> <span class='ocrx_word' id='word_1_243' title='bbox 1409 2282 1665 2343; x_wconf 63' lang='lat' dir='ltr'><strong>priestare</strong></span> <span class='ocrx_word' id='word_1_244' title='bbox 1698 2277 1888 2342; x_wconf 87' lang='lat' dir='ltr'><strong>possit.</strong></span> 
     </span>
    </p>
   </div>
   <div class='ocr_carea' id='block_1_39' title="bbox 555 2365 2063 2438">
    <p class='ocr_par' dir='ltr' id='par_1_39' title="bbox 555 2365 2063 2438">
     <span class='ocr_line' id='line_1_39' title="bbox 555 2365 2063 2438; baseline -0.003 -14"><span class='ocrx_word' id='word_1_245' title='bbox 555 2369 712 2438; x_wconf 82' lang='lat' dir='ltr'><strong>Greg.</strong></span> <span class='ocrx_word' id='word_1_246' title='bbox 734 2367 1138 2436; x_wconf 83' lang='lat' dir='ltr'><strong>Thaumaturgi.</strong></span> <span class='ocrx_word' id='word_1_247' title='bbox 1167 2367 1497 2437; x_wconf 65' lang='lat' dir='ltr'><strong>Pracipuam</strong></span> <span class='ocrx_word' id='word_1_248' title='bbox 1523 2366 1738 2434; x_wconf 79' lang='lat' dir='ltr'><strong>pietatis</strong></span> <span class='ocrx_word' id='word_1_249' title='bbox 1768 2380 1954 2419; x_wconf 88' lang='lat' dir='ltr'><strong>curam</strong></span> <span class='ocrx_word' id='word_1_250' title='bbox 1975 2365 2063 2420; x_wconf 85' lang='lat' dir='ltr'><strong>ha-</strong></span> 
     </span>
    </p>
   </div>
   <div class='ocr_carea' id='block_1_40' title="bbox 486 2456 2061 2526">
    <p class='ocr_par' dir='ltr' id='par_1_40' title="bbox 486 2456 2061 2526">
     <span class='ocr_line' id='line_1_40' title="bbox 486 2456 2061 2526; baseline -0.003 -12"><span class='ocrx_word' id='word_1_251' title='bbox 486 2461 612 2515; x_wconf 88' lang='lat' dir='ltr'><strong>bere</strong></span> <span class='ocrx_word' id='word_1_252' title='bbox 643 2457 917 2520; x_wconf 66' lang='lat' dir='ltr'><strong>convenit,</strong></span> <span class='ocrx_word' id='word_1_253' title='bbox 954 2471 1116 2526; x_wconf 90' lang='lat' dir='ltr'><strong>quam</strong></span> <span class='ocrx_word' id='word_1_254' title='bbox 1149 2470 1257 2509; x_wconf 92' lang='lat' dir='ltr'><strong>non</strong></span> <span class='ocrx_word' id='word_1_255' title='bbox 1305 2456 1580 2510; x_wconf 90' lang='lat' dir='ltr'><strong>immerito</strong></span> <span class='ocrx_word' id='word_1_256' title='bbox 1639 2457 1894 2508; x_wconf 89' lang='lat' dir='ltr'><strong>virtutum</strong></span> <span class='ocrx_word' id='word_1_257' title='bbox 1963 2470 2061 2524; x_wconf 86' lang='lat' dir='ltr'><strong>pa-</strong></span> 
     </span>
    </p>
   </div>
   <div class='ocr_carea' id='block_1_41' title="bbox 484 2545 2054 2607">
    <p class='ocr_par' dir='ltr' id='par_1_41' title="bbox 484 2545 2054 2607">
     <span class='ocr_line' id='line_1_41' title="bbox 484 2545 2054 2607; baseline -0.003 -2"><span class='ocrx_word' id='word_1_258' title='bbox 484 2560 692 2607; x_wconf 90' lang='lat' dir='ltr'><strong>rentem</strong></span> <span class='ocrx_word' id='word_1_259' title='bbox 730 2549 1036 2604; x_wconf 87' lang='lat' dir='ltr'><strong>nominaut.</strong></span> <span class='ocrx_word' id='word_1_260' title='bbox 1099 2545 1221 2602; x_wconf 58' lang='lat' dir='ltr'><strong>llaec</strong></span> <span class='ocrx_word' id='word_1_261' title='bbox 1277 2547 1421 2603; x_wconf 89' lang='lat' dir='ltr'><strong>enim</strong></span> <span class='ocrx_word' id='word_1_262' title='bbox 1474 2548 1720 2602; x_wconf 91' lang='lat' dir='ltr'><strong>omnium</strong></span> <span class='ocrx_word' id='word_1_263' title='bbox 1790 2548 2054 2602; x_wconf 87' lang='lat' dir='ltr'><strong>virtutum</strong></span> 
     </span>
    </p>
   </div>
   <div class='ocr_carea' id='block_1_42' title="bbox 486 2640 1187 2713">
    <p class='ocr_par' dir='ltr' id='par_1_42' title="bbox 486 2640 1187 2713">
     <span class='ocr_line' id='line_1_42' title="bbox 486 2640 1187 2713; baseline -0.007 -16"><span class='ocrx_word' id='word_1_264' title='bbox 486 2643 811 2713; x_wconf 90' lang='lat' dir='ltr'><strong>principium</strong></span> <span class='ocrx_word' id='word_1_265' title='bbox 846 2654 899 2695; x_wconf 88' lang='lat' dir='ltr'><strong>et</strong></span> <span class='ocrx_word' id='word_1_266' title='bbox 930 2640 1054 2695; x_wconf 85' lang='lat' dir='ltr'><strong>linis</strong></span> <span class='ocrx_word' id='word_1_267' title='bbox 1082 2647 1187 2694; x_wconf 84' lang='lat' dir='ltr'><strong>est.</strong></span> 
     </span>
    </p>
   </div>
   <div class='ocr_carea' id='block_1_43' title="bbox 561 2729 2072 2789">
    <p class='ocr_par' dir='ltr' id='par_1_43' title="bbox 561 2729 2072 2789">
     <span class='ocr_line' id='line_1_43' title="bbox 561 2729 2072 2789; baseline -0.003 0"><span class='ocrx_word' id='word_1_268' title='bbox 561 2732 632 2789; x_wconf 90' lang='lat' dir='ltr'><strong>Ut</strong></span> <span class='ocrx_word' id='word_1_269' title='bbox 680 2733 848 2788; x_wconf 83' lang='lat' dir='ltr'><strong>Deum</strong></span> <span class='ocrx_word' id='word_1_270' title='bbox 893 2742 947 2787; x_wconf 89' lang='lat' dir='ltr'><strong>et</strong></span> <span class='ocrx_word' id='word_1_271' title='bbox 969 2747 1190 2786; x_wconf 88' lang='lat' dir='ltr'><strong>causam</strong></span> <span class='ocrx_word' id='word_1_272' title='bbox 1240 2731 1421 2785; x_wconf 90' lang='lat' dir='ltr'><strong>omnia</strong></span> <span class='ocrx_word' id='word_1_273' title='bbox 1443 2731 1806 2786; x_wconf 90' lang='lat' dir='ltr'><strong>continentem</strong></span> <span class='ocrx_word' id='word_1_274' title='bbox 1838 2729 2072 2785; x_wconf 80' lang='lat' dir='ltr'><strong>eilicien-</strong></span> 
     </span>
    </p>
   </div>
   <div class='ocr_carea' id='block_1_44' title="bbox 2174 1913 3713 1998">
    <p class='ocr_par' dir='ltr' id='par_1_44' title="bbox 2174 1913 3713 1998">
     <span class='ocr_line' id='line_1_44' title="bbox 2174 1913 3713 1998; baseline 0.015 -38"><span class='ocrx_word' id='word_1_275' title='bbox 2174 1913 2579 1982; x_wconf 83' lang='grc' dir='ltr'>μαρτυρηθεὶς,</span> <span class='ocrx_word' id='word_1_276' title='bbox 2631 1917 2714 1970; x_wconf 84' lang='grc' dir='ltr'><strong>ὅτι</strong></span> <span class='ocrx_word' id='word_1_277' title='bbox 2774 1919 2834 1971; x_wconf 91' lang='grc' dir='ltr'><strong>οὐ</strong></span> <span class='ocrx_word' id='word_1_278' title='bbox 2887 1920 3128 1994; x_wconf 77' lang='grc' dir='ltr'>διεκρίθη</span> <span class='ocrx_word' id='word_1_279' title='bbox 3181 1928 3245 1996; x_wconf 80' lang='grc' dir='ltr'>τῇ</span> <span class='ocrx_word' id='word_1_280' title='bbox 3297 1928 3565 1998; x_wconf 75' lang='grc' dir='ltr'><strong>ἀπιστίᾳ,</strong></span> <span class='ocrx_word' id='word_1_281' title='bbox 3617 1932 3713 1984; x_wconf 79' lang='grc' dir='ltr'>ἀλλ’</span> 
     </span>
    </p>
   </div>
   <div class='ocr_carea' id='block_1_45' title="bbox 2170 2001 3719 2090">
    <p class='ocr_par' dir='ltr' id='par_1_45' title="bbox 2170 2001 3719 2090">
     <span class='ocr_line' id='line_1_45' title="bbox 2170 2001 3719 2090; baseline 0.014 -38"><span class='ocrx_word' id='word_1_282' title='bbox 2170 2001 2547 2077; x_wconf 82' lang='grc' dir='ltr'>ἐνεδυναμώθη</span> <span class='ocrx_word' id='word_1_283' title='bbox 2590 2005 2666 2079; x_wconf 80' lang='grc' dir='ltr'><strong>’τῇ</strong></span> <span class='ocrx_word' id='word_1_284' title='bbox 2719 2008 2936 2076; x_wconf 89' lang='grc' dir='ltr'>πίστει,</span> <span class='ocrx_word' id='word_1_285' title='bbox 2989 2013 3112 2076; x_wconf 83' lang='grc' dir='ltr'>δοὺς</span> <span class='ocrx_word' id='word_1_286' title='bbox 3160 2014 3318 2081; x_wconf 79' lang='grc' dir='ltr'>δόξαν</span> <span class='ocrx_word' id='word_1_287' title='bbox 3361 2019 3442 2088; x_wconf 86' lang='grc' dir='ltr'>τῷ</span> <span class='ocrx_word' id='word_1_288' title='bbox 3475 2019 3614 2090; x_wconf 84' lang='grc' dir='ltr'>Θεῷ,</span> <span class='ocrx_word' id='word_1_289' title='bbox 3645 2025 3719 2076; x_wconf 78' lang='grc' dir='ltr'><strong>καὶ</strong></span> 
     </span>
    </p>
   </div>
   <div class='ocr_carea' id='block_1_46' title="bbox 2173 2092 3718 2177">
    <p class='ocr_par' dir='ltr' id='par_1_46' title="bbox 2173 2092 3718 2177">
     <span class='ocr_line' id='line_1_46' title="bbox 2173 2092 3718 2177; baseline 0.016 -34"><span class='ocrx_word' id='word_1_290' title='bbox 2173 2092 2610 2166; x_wconf 76' lang='grc' dir='ltr'>πληροφορηθεὶς</span> <span class='ocrx_word' id='word_1_291' title='bbox 2639 2099 2721 2153; x_wconf 83' lang='grc' dir='ltr'>ὅτι</span> <span class='ocrx_word' id='word_1_292' title='bbox 2750 2101 2778 2154; x_wconf 79' lang='grc' dir='ltr'><strong>ὃ</strong></span> <span class='ocrx_word' id='word_1_293' title='bbox 2811 2105 3147 2174; x_wconf 80' lang='grc' dir='ltr'>ἐπήγγελται</span> <span class='ocrx_word' id='word_1_294' title='bbox 3178 2109 3328 2174; x_wconf 85' lang='grc' dir='ltr'>Θεὸς,</span> <span class='ocrx_word' id='word_1_295' title='bbox 3363 2110 3588 2177; x_wconf 83' lang='grc' dir='ltr'>δυνατός</span> <span class='ocrx_word' id='word_1_296' title='bbox 3622 2117 3718 2168; x_wconf 71' lang='grc' dir='ltr'>ἐστι</span> 
     </span>
    </p>
   </div>
   <div class='ocr_carea' id='block_1_47' title="bbox 2170 2191 2535 2261">
    <p class='ocr_par' dir='ltr' id='par_1_47' title="bbox 2170 2191 2535 2261">
     <span class='ocr_line' id='line_1_47' title="bbox 2170 2191 2535 2261; baseline 0.016 -19"><span class='ocrx_word' id='word_1_297' title='bbox 2170 2191 2262 2242; x_wconf 80' lang='grc' dir='ltr'><strong>καὶ</strong></span> <span class='ocrx_word' id='word_1_298' title='bbox 2293 2192 2535 2261; x_wconf 87' lang='grc' dir='ltr'>ποιῆσαι.</span> 
     </span>
    </p>
   </div>
   <div class='ocr_carea' id='block_1_48' title="bbox 2239 2369 3721 2461">
    <p class='ocr_par' dir='ltr' id='par_1_48' title="bbox 2239 2369 3721 2461">
     <span class='ocr_line' id='line_1_48' title="bbox 2239 2369 3721 2461; baseline 0.017 -42"><span class='ocrx_word' id='word_1_299' title='bbox 2239 2369 2540 2435; x_wconf 82' lang='grc' dir='ltr'>Εὐσεϐείας</span> <span class='ocrx_word' id='word_1_300' title='bbox 2569 2373 2661 2425; x_wconf 75' lang='grc' dir='ltr'><strong>ἐπὶ</strong></span> <span class='ocrx_word' id='word_1_301' title='bbox 2693 2375 2829 2428; x_wconf 82' lang='grc' dir='ltr'>πᾶσι</span> <span class='ocrx_word' id='word_1_302' title='bbox 2860 2383 3232 2450; x_wconf 78' lang='grc' dir='ltr'>φροντιστέον,</span> <span class='ocrx_word' id='word_1_303' title='bbox 3267 2387 3333 2456; x_wconf 78' lang='grc' dir='ltr'>ἢν</span> <span class='ocrx_word' id='word_1_304' title='bbox 3363 2391 3579 2460; x_wconf 83' lang='grc' dir='ltr'>μητέρα</span> <span class='ocrx_word' id='word_1_305' title='bbox 3607 2395 3721 2461; x_wconf 80' lang='grc' dir='ltr'>φασὶ</span> 
     </span>
    </p>
   </div>
   <div class='ocr_carea' id='block_1_49' title="bbox 2170 2460 3721 2554">
    <p class='ocr_par' dir='ltr' id='par_1_49' title="bbox 2170 2460 3721 2554">
     <span class='ocr_line' id='line_1_49' title="bbox 2170 2460 3721 2554; baseline 0.017 -42"><span class='ocrx_word' id='word_1_306' title='bbox 2170 2460 2279 2554; x_wconf 85' lang='grc' dir='ltr'><strong>τῶν</strong></span> <span class='ocrx_word' id='word_1_307' title='bbox 2311 2463 2543 2554; x_wconf 78' lang='grc' dir='ltr'>ἀρετῶν,</span> <span class='ocrx_word' id='word_1_308' title='bbox 2573 2466 2748 2535; x_wconf 84' lang='grc' dir='ltr'>ὀρθῶς</span> <span class='ocrx_word' id='word_1_309' title='bbox 2775 2468 3045 2538; x_wconf 83' lang='grc' dir='ltr'>λέγοντες.</span> <span class='ocrx_word' id='word_1_310' title='bbox 3079 2473 3230 2546; x_wconf 79' lang='grc' dir='ltr'>Αὕτη</span> <span class='ocrx_word' id='word_1_311' title='bbox 3265 2478 3370 2549; x_wconf 84' lang='grc' dir='ltr'><strong>γάρ</strong></span> <span class='ocrx_word' id='word_1_312' title='bbox 3419 2482 3568 2536; x_wconf 75' lang='grc' dir='ltr'>ἐστιν</span> <span class='ocrx_word' id='word_1_313' title='bbox 3597 2460 3721 2554; x_wconf 80' lang='grc' dir='ltr'>ἀρχὴ</span> 
     </span>
    </p>
   </div>
   <div class='ocr_carea' id='block_1_50' title="bbox 2174 2553 3150 2634">
    <p class='ocr_par' dir='ltr' id='par_1_50' title="bbox 2174 2553 3150 2634">
     <span class='ocr_line' id='line_1_50' title="bbox 2174 2553 3150 2634; baseline 0.018 -31"><span class='ocrx_word' id='word_1_314' title='bbox 2174 2553 2266 2604; x_wconf 82' lang='grc' dir='ltr'>καὶ</span> <span class='ocrx_word' id='word_1_315' title='bbox 2295 2553 2520 2626; x_wconf 84' lang='grc' dir='ltr'>τελευτὴ</span> <span class='ocrx_word' id='word_1_316' title='bbox 2549 2557 2738 2612; x_wconf 82' lang='grc' dir='ltr'>πασῶν</span> <span class='ocrx_word' id='word_1_317' title='bbox 2769 2560 2877 2615; x_wconf 88' lang='grc' dir='ltr'><strong>τῶν</strong></span> <span class='ocrx_word' id='word_1_318' title='bbox 2915 2564 3150 2634; x_wconf 87' lang='grc' dir='ltr'>ἀρετῶν.</span> 
     </span>
    </p>
   </div>
   <div class='ocr_carea' id='block_1_51' title="bbox 2242 2730 3719 2822">
    <p class='ocr_par' dir='ltr' id='par_1_51' title="bbox 2242 2730 3719 2822">
     <span class='ocr_line' id='line_1_51' title="bbox 2242 2730 3719 2822; baseline 0.016 -39"><span class='ocrx_word' id='word_1_319' title='bbox 2242 2730 2317 2785; x_wconf 86' lang='grc' dir='ltr'><strong>Τὸ</strong></span> <span class='ocrx_word' id='word_1_320' title='bbox 2371 2733 2568 2788; x_wconf 81' lang='grc' dir='ltr'>εἰδέναι</span> <span class='ocrx_word' id='word_1_321' title='bbox 2610 2734 2745 2790; x_wconf 85' lang='grc' dir='ltr'>Θεὸν</span> <span class='ocrx_word' id='word_1_322' title='bbox 2773 2739 2865 2790; x_wconf 87' lang='grc' dir='ltr'>καὶ</span> <span class='ocrx_word' id='word_1_323' title='bbox 2895 2737 2992 2809; x_wconf 86' lang='grc' dir='ltr'><strong>τὴν</strong></span> <span class='ocrx_word' id='word_1_324' title='bbox 3040 2742 3262 2798; x_wconf 88' lang='grc' dir='ltr'>πάντων</span> <span class='ocrx_word' id='word_1_325' title='bbox 3309 2753 3637 2822; x_wconf 73' lang='grc' dir='ltr'>συνεκτικὴν</span> <span class='ocrx_word' id='word_1_326' title='bbox 3668 2773 3719 2807; x_wconf 85' lang='grc' dir='ltr'><strong>τε</strong></span> 
     </span>
    </p>
   </div>
   <div class='ocr_carea' id='block_1_52' title="bbox 423 2822 2059 2906">
    <p class='ocr_par' dir='ltr' id='par_1_52' title="bbox 423 2822 2059 2895">
     <span class='ocr_line' id='line_1_52' title="bbox 423 2822 2059 2895; baseline -0.001 -17"><span class='ocrx_word' id='word_1_327' title='bbox 423 2843 434 2848; x_wconf 81' lang='grc'><strong><em>-</em></strong></span> <span class='ocrx_word' id='word_1_328' title='bbox 485 2833 706 2895; x_wconf 80' lang='lat' dir='ltr'><strong>temque</strong></span> <span class='ocrx_word' id='word_1_329' title='bbox 749 2838 1170 2893; x_wconf 83' lang='lat' dir='ltr'><strong>cognoscamus,</strong></span> <span class='ocrx_word' id='word_1_330' title='bbox 1214 2833 1325 2877; x_wconf 89' lang='lat' dir='ltr'><strong>tum</strong></span> <span class='ocrx_word' id='word_1_331' title='bbox 1376 2824 1496 2877; x_wconf 82' lang='lat' dir='ltr'><strong>visu</strong></span> <span class='ocrx_word' id='word_1_332' title='bbox 1543 2833 1656 2876; x_wconf 91' lang='lat' dir='ltr'><strong>tum</strong></span> <span class='ocrx_word' id='word_1_333' title='bbox 1703 2830 1912 2876; x_wconf 78' lang='lat' dir='ltr'><strong>naturae</strong></span> <span class='ocrx_word' id='word_1_334' title='bbox 1953 2822 2059 2891; x_wconf 70' lang='lat' dir='ltr'><strong>lege</strong></span> 
     </span>
    </p>
   </div>
   <div class='ocr_carea' id='block_1_53' title="bbox 2166 2822 3720 2906">
    <p class='ocr_par' dir='ltr' id='par_1_53' title="bbox 2172 2825 3720 2906">
     <span class='ocr_line' id='line_1_53' title="bbox 2172 2825 3720 2906; baseline 0.016 -32"><span class='ocrx_word' id='word_1_335' title='bbox 2172 2825 2268 2876; x_wconf 74' lang='grc' dir='ltr'><strong>καὶ</strong></span> <span class='ocrx_word' id='word_1_336' title='bbox 2300 2827 2594 2897; x_wconf 80' lang='grc' dir='ltr'>ποιητικὴν</span> <span class='ocrx_word' id='word_1_337' title='bbox 2628 2830 2830 2897; x_wconf 78' lang='grc' dir='ltr'>αἰτίαν,</span> <span class='ocrx_word' id='word_1_338' title='bbox 2889 2834 2984 2886; x_wconf 82' lang='grc' dir='ltr'>καὶ</span> <span class='ocrx_word' id='word_1_339' title='bbox 3032 2834 3154 2904; x_wconf 75' lang='grc' dir='ltr'>ὄψις</span> <span class='ocrx_word' id='word_1_340' title='bbox 3193 2837 3534 2906; x_wconf 86' lang='grc' dir='ltr'>διδάσκαλος,</span> <span class='ocrx_word' id='word_1_341' title='bbox 3581 2847 3665 2897; x_wconf 81' lang='grc' dir='ltr'><strong>καὶ</strong></span> <span class='ocrx_word' id='word_1_342' title='bbox 3694 2849 3720 2898; x_wconf 80' lang='grc' dir='ltr'>ὁ</span> 
     </span>
    </p>
   </div>
   <div class='ocr_carea' id='block_1_54' title="bbox 481 2913 2071 2979">
    <p class='ocr_par' dir='ltr' id='par_1_54' title="bbox 481 2913 2071 2979">
     <span class='ocr_line' id='line_1_54' title="bbox 481 2913 2071 2979; baseline -0.004 -5"><span class='ocrx_word' id='word_1_343' title='bbox 481 2921 741 2974; x_wconf 81' lang='lat' dir='ltr'><strong>docemur</strong></span> <span class='ocrx_word' id='word_1_344' title='bbox 771 2935 785 2971; x_wconf 88' lang='lat'>:</span> <span class='ocrx_word' id='word_1_345' title='bbox 817 2918 911 2970; x_wconf 92' lang='lat' dir='ltr'><strong>illo</strong></span> <span class='ocrx_word' id='word_1_346' title='bbox 947 2916 1226 2979; x_wconf 90' lang='lat' dir='ltr'><strong>nimirum,</strong></span> <span class='ocrx_word' id='word_1_347' title='bbox 1251 2916 1379 2969; x_wconf 91' lang='lat' dir='ltr'><strong>dum</strong></span> <span class='ocrx_word' id='word_1_348' title='bbox 1410 2929 1498 2968; x_wconf 89' lang='lat' dir='ltr'><strong>res</strong></span> <span class='ocrx_word' id='word_1_349' title='bbox 1523 2913 1766 2968; x_wconf 77' lang='lat' dir='ltr'><strong>visibiles</strong></span> <span class='ocrx_word' id='word_1_350' title='bbox 1783 2921 1835 2966; x_wconf 89' lang='lat' dir='ltr'><strong>ct</strong></span> <span class='ocrx_word' id='word_1_351' title='bbox 1861 2913 2071 2967; x_wconf 85' lang='lat' dir='ltr'><strong>solidas</strong></span> 
     </span>
    </p>
   </div>
   <div class='ocr_carea' id='block_1_55' title="bbox 2172 2918 3717 3002">
    <p class='ocr_par' dir='ltr' id='par_1_55' title="bbox 2172 2918 3717 3002">
     <span class='ocr_line' id='line_1_55' title="bbox 2172 2918 3717 3002; baseline 0.017 -36"><span class='ocrx_word' id='word_1_352' title='bbox 2172 2918 2399 2984; x_wconf 79' lang='grc' dir='ltr'>φυσικὸς</span> <span class='ocrx_word' id='word_1_353' title='bbox 2421 2919 2618 2988; x_wconf 79' lang='grc' dir='ltr'>νόμος·</span> <span class='ocrx_word' id='word_1_354' title='bbox 2651 2924 2685 2991; x_wconf 80' lang='grc' dir='ltr'><strong>ῄ</strong></span> <span class='ocrx_word' id='word_1_355' title='bbox 2711 2922 2808 2992; x_wconf 84' lang='grc' dir='ltr'>μὲν</span> <span class='ocrx_word' id='word_1_356' title='bbox 2839 2927 2950 2988; x_wconf 89' lang='grc' dir='ltr'>τοῖς</span> <span class='ocrx_word' id='word_1_357' title='bbox 2978 2929 3278 2996; x_wconf 84' lang='grc' dir='ltr'>ὁρωμένοις</span> <span class='ocrx_word' id='word_1_358' title='bbox 3310 2937 3717 3002; x_wconf 87' lang='grc' dir='ltr'>προσϐάλλουσα</span> 
     </span>
    </p>
   </div>
   <div class='ocr_carea' id='block_1_56' title="bbox 480 3006 2059 3096">
    <p class='ocr_par' dir='ltr' id='par_1_56' title="bbox 480 3006 2059 3080">
     <span class='ocr_line' id='line_1_56' title="bbox 480 3006 2059 3080; baseline -0.005 -12"><span class='ocrx_word' id='word_1_359' title='bbox 480 3020 686 3080; x_wconf 85' lang='lat' dir='ltr'><strong>spectat</strong></span> <span class='ocrx_word' id='word_1_360' title='bbox 721 3027 736 3076; x_wconf 87' lang='lat'><strong>;</strong></span> <span class='ocrx_word' id='word_1_361' title='bbox 773 3011 874 3064; x_wconf 89' lang='lat' dir='ltr'><strong>hac</strong></span> <span class='ocrx_word' id='word_1_362' title='bbox 897 3023 1049 3075; x_wconf 89' lang='lat' dir='ltr'><strong>vero,</strong></span> <span class='ocrx_word' id='word_1_363' title='bbox 1077 3009 1205 3063; x_wconf 89' lang='lat' dir='ltr'><strong>dum</strong></span> <span class='ocrx_word' id='word_1_364' title='bbox 1240 3023 1307 3063; x_wconf 80' lang='lat' dir='ltr'><strong>ex</strong></span> <span class='ocrx_word' id='word_1_365' title='bbox 1343 3010 1459 3062; x_wconf 87' lang='lat' dir='ltr'><strong>visu</strong></span> <span class='ocrx_word' id='word_1_366' title='bbox 1520 3006 1749 3075; x_wconf 83' lang='lat' dir='ltr'><strong>cognitis</strong></span> <span class='ocrx_word' id='word_1_367' title='bbox 1777 3015 1830 3060; x_wconf 90' lang='lat' dir='ltr'><strong>et</strong></span> <span class='ocrx_word' id='word_1_368' title='bbox 1876 3006 2059 3060; x_wconf 69' lang='lat' dir='ltr'><strong>ordine</strong></span> 
     </span>
    </p>
   </div>
   <div class='ocr_carea' id='block_1_57' title="bbox 2166 3006 3718 3096">
    <p class='ocr_par' dir='ltr' id='par_1_57' title="bbox 2169 3008 3718 3096">
     <span class='ocr_line' id='line_1_57' title="bbox 2169 3008 3718 3096; baseline 0.015 -36"><span class='ocrx_word' id='word_1_369' title='bbox 2169 3008 2265 3061; x_wconf 72' lang='grc' dir='ltr'>καὶ</span> <span class='ocrx_word' id='word_1_370' title='bbox 2309 3011 2636 3081; x_wconf 85' lang='grc' dir='ltr'>πεπηγόσιν,</span> <span class='ocrx_word' id='word_1_371' title='bbox 2688 3017 2716 3067; x_wconf 86' lang='grc' dir='ltr'>ὁ</span> <span class='ocrx_word' id='word_1_372' title='bbox 2758 3015 2815 3068; x_wconf 83' lang='grc' dir='ltr'>δὲ</span> <span class='ocrx_word' id='word_1_373' title='bbox 2845 3016 2915 3068; x_wconf 83' lang='grc' dir='ltr'>δι’</span> <span class='ocrx_word' id='word_1_374' title='bbox 2958 3019 3138 3072; x_wconf 88' lang='grc' dir='ltr'>αὐτῶν</span> <span class='ocrx_word' id='word_1_375' title='bbox 3169 3023 3278 3077; x_wconf 89' lang='grc' dir='ltr'><strong>τῶν</strong></span> <span class='ocrx_word' id='word_1_376' title='bbox 3307 3027 3602 3096; x_wconf 85' lang='grc' dir='ltr'>ὁρωμένων</span> <span class='ocrx_word' id='word_1_377' title='bbox 3633 3034 3718 3084; x_wconf 84' lang='grc' dir='ltr'><strong>καὶ</strong></span> 
     </span>
    </p>
   </div>
   <div class='ocr_carea' id='block_1_58' title="bbox 479 3097 2059 3195">
    <p class='ocr_par' dir='ltr' id='par_1_58' title="bbox 479 3097 2059 3171">
     <span class='ocr_line' id='line_1_58' title="bbox 479 3097 2059 3171; baseline -0.004 -14"><span class='ocrx_word' id='word_1_378' title='bbox 479 3103 759 3171; x_wconf 88' lang='lat' dir='ltr'><strong>dispositis</strong></span> <span class='ocrx_word' id='word_1_379' title='bbox 782 3115 1056 3155; x_wconf 88' lang='lat' dir='ltr'><strong>summum</strong></span> <span class='ocrx_word' id='word_1_380' title='bbox 1087 3100 1279 3152; x_wconf 88' lang='lat' dir='ltr'><strong>ducem</strong></span> <span class='ocrx_word' id='word_1_381' title='bbox 1328 3107 1383 3154; x_wconf 90' lang='lat' dir='ltr'><strong>et</strong></span> <span class='ocrx_word' id='word_1_382' title='bbox 1429 3097 1676 3166; x_wconf 78' lang='lat' dir='ltr'><strong>opificem</strong></span> <span class='ocrx_word' id='word_1_383' title='bbox 1739 3097 2059 3152; x_wconf 88' lang='lat' dir='ltr'><strong>considerat.</strong></span> 
     </span>
    </p>
   </div>
   <div class='ocr_carea' id='block_1_59' title="bbox 2166 3097 3656 3195">
    <p class='ocr_par' dir='ltr' id='par_1_59' title="bbox 2169 3103 3656 3190">
     <span class='ocr_line' id='line_1_59' title="bbox 2169 3103 3656 3190; baseline 0.017 -38"><span class='ocrx_word' id='word_1_384' title='bbox 2169 3103 2518 3170; x_wconf 82' lang='grc' dir='ltr'>τεταγμένων</span> <span class='ocrx_word' id='word_1_385' title='bbox 2550 3105 2640 3157; x_wconf 85' lang='grc' dir='ltr'>τὸν</span> <span class='ocrx_word' id='word_1_386' title='bbox 2679 3106 2925 3177; x_wconf 77' lang='grc' dir='ltr'>ἀρχηγὸν</span> <span class='ocrx_word' id='word_1_387' title='bbox 2963 3111 3153 3166; x_wconf 81' lang='grc' dir='ltr'>τοῦτον</span> <span class='ocrx_word' id='word_1_388' title='bbox 3193 3115 3656 3190; x_wconf 79' lang='grc' dir='ltr'>συλλογιζόμενος.</span> 
     </span>
    </p>
   </div>
   <div class='ocr_carea' id='block_1_60' title="bbox 551 3187 2064 3262">
    <p class='ocr_par' dir='ltr' id='par_1_60' title="bbox 551 3187 2064 3262">
     <span class='ocr_line' id='line_1_60' title="bbox 551 3187 2064 3262; baseline -0.003 -14"><span class='ocrx_word' id='word_1_389' title='bbox 551 3195 716 3248; x_wconf 90' lang='lat' dir='ltr'><strong>Tecto</strong></span> <span class='ocrx_word' id='word_1_390' title='bbox 752 3194 905 3262; x_wconf 90' lang='lat' dir='ltr'><strong>pulsa</strong></span> <span class='ocrx_word' id='word_1_391' title='bbox 939 3201 991 3244; x_wconf 90' lang='lat' dir='ltr'><strong>et</strong></span> <span class='ocrx_word' id='word_1_392' title='bbox 1017 3191 1118 3244; x_wconf 91' lang='lat' dir='ltr'><strong>sub</strong></span> <span class='ocrx_word' id='word_1_393' title='bbox 1137 3190 1229 3243; x_wconf 91' lang='lat' dir='ltr'><strong>dio</strong></span> <span class='ocrx_word' id='word_1_394' title='bbox 1261 3204 1428 3258; x_wconf 81' lang='lat' dir='ltr'><strong>agens</strong></span> <span class='ocrx_word' id='word_1_395' title='bbox 1456 3189 1607 3253; x_wconf 89' lang='lat' dir='ltr'><strong>ﬁdes,</strong></span> <span class='ocrx_word' id='word_1_396' title='bbox 1649 3187 1704 3258; x_wconf 72' lang='grc' dir='ltr'>ἇ.</span> <span class='ocrx_word' id='word_1_397' title='bbox 1749 3198 2064 3257; x_wconf 88' lang='lat' dir='ltr'><strong>sumptuosa</strong></span> 
     </span>
    </p>
   </div>
   <div class='ocr_carea' id='block_1_61' title="bbox 414 3279 2062 3364">
    <p class='ocr_par' dir='ltr' id='par_1_61' title="bbox 414 3279 2062 3364">
     <span class='ocr_line' id='line_1_61' title="bbox 414 3279 2062 3364; baseline -0.004 -25"><span class='ocrx_word' id='word_1_398' title='bbox 414 3349 428 3364; x_wconf 43' lang='grc' dir='ltr'>ι</span> <span class='ocrx_word' id='word_1_399' title='bbox 481 3286 753 3354; x_wconf 88' lang='lat' dir='ltr'><strong>impietate</strong></span> <span class='ocrx_word' id='word_1_400' title='bbox 782 3283 1129 3352; x_wconf 64' lang='lat' dir='ltr'><strong>prmstantior</strong></span> <span class='ocrx_word' id='word_1_401' title='bbox 1159 3290 1263 3343; x_wconf 86' lang='lat' dir='ltr'><strong>est,</strong></span> <span class='ocrx_word' id='word_1_402' title='bbox 1284 3289 1340 3334; x_wconf 92' lang='lat' dir='ltr'><strong>et</strong></span> <span class='ocrx_word' id='word_1_403' title='bbox 1371 3289 1480 3333; x_wconf 87' lang='lat' dir='ltr'><strong>tres</strong></span> <span class='ocrx_word' id='word_1_404' title='bbox 1507 3279 1562 3332; x_wconf 90' lang='lat' dir='ltr'><strong>in</strong></span> <span class='ocrx_word' id='word_1_405' title='bbox 1592 3279 1811 3333; x_wconf 91' lang='lat' dir='ltr'><strong>nomine</strong></span> <span class='ocrx_word' id='word_1_406' title='bbox 1845 3279 2062 3333; x_wconf 91' lang='lat' dir='ltr'><strong>Domini</strong></span> 
     </span>
    </p>
   </div>
   <div class='ocr_carea' id='block_1_62' title="bbox 478 3370 2067 3446">
    <p class='ocr_par' dir='ltr' id='par_1_62' title="bbox 478 3370 2067 3446">
     <span class='ocr_line' id='line_1_62' title="bbox 478 3370 2067 3446; baseline -0.005 -15"><span class='ocrx_word' id='word_1_407' title='bbox 478 3375 808 3446; x_wconf 81' lang='lat' dir='ltr'><strong>congregati,</strong></span> <span class='ocrx_word' id='word_1_408' title='bbox 847 3373 1031 3427; x_wconf 91' lang='lat' dir='ltr'><strong>multis</strong></span> <span class='ocrx_word' id='word_1_409' title='bbox 1053 3371 1392 3427; x_wconf 84' lang='lat' dir='ltr'><strong>divinitatem</strong></span> <span class='ocrx_word' id='word_1_410' title='bbox 1439 3370 1766 3440; x_wconf 89' lang='lat' dir='ltr'><strong>negantibus</strong></span> <span class='ocrx_word' id='word_1_411' title='bbox 1827 3370 2067 3424; x_wconf 88' lang='lat' dir='ltr'><strong>antecel-</strong></span> 
     </span>
    </p>
   </div>
   <div class='ocr_carea' id='block_1_63' title="bbox 479 3469 620 3524">
    <p class='ocr_par' dir='ltr' id='par_1_63' title="bbox 479 3469 620 3524">
     <span class='ocr_line' id='line_1_63' title="bbox 479 3469 620 3524; baseline 0.014 -2"><span class='ocrx_word' id='word_1_412' title='bbox 479 3469 620 3524; x_wconf 88' lang='lat' dir='ltr'><strong>lunt.</strong></span> 
     </span>
    </p>
   </div>
   <div class='ocr_carea' id='block_1_64' title="bbox 547 3555 2060 3627">
    <p class='ocr_par' dir='ltr' id='par_1_64' title="bbox 547 3555 2060 3627">
     <span class='ocr_line' id='line_1_64' title="bbox 547 3555 2060 3627; baseline -0.003 -11"><span class='ocrx_word' id='word_1_413' title='bbox 547 3561 691 3616; x_wconf 86' lang='lat' dir='ltr'><strong>Nihil</strong></span> <span class='ocrx_word' id='word_1_414' title='bbox 721 3573 906 3615; x_wconf 90' lang='lat' dir='ltr'><strong>coram</strong></span> <span class='ocrx_word' id='word_1_415' title='bbox 955 3557 1066 3613; x_wconf 90' lang='lat' dir='ltr'><strong>Deo</strong></span> <span class='ocrx_word' id='word_1_416' title='bbox 1116 3572 1270 3627; x_wconf 81' lang='lat' dir='ltr'><strong>aeque</strong></span> <span class='ocrx_word' id='word_1_417' title='bbox 1317 3555 1663 3626; x_wconf 81' lang='lat' dir='ltr'><strong>magniﬁcum</strong></span> <span class='ocrx_word' id='word_1_418' title='bbox 1718 3565 1818 3617; x_wconf 87' lang='lat' dir='ltr'><strong>est,</strong></span> <span class='ocrx_word' id='word_1_419' title='bbox 1893 3565 2060 3626; x_wconf 88' lang='lat' dir='ltr'><strong>atque</strong></span> 
     </span>
    </p>
   </div>
   <div class='ocr_carea' id='block_1_65' title="bbox 479 3645 2062 3719">
    <p class='ocr_par' dir='ltr' id='par_1_65' title="bbox 479 3645 2062 3719">
     <span class='ocr_line' id='line_1_65' title="bbox 479 3645 2062 3719; baseline -0.002 -13"><span class='ocrx_word' id='word_1_420' title='bbox 479 3667 658 3706; x_wconf 83' lang='lat' dir='ltr'><strong>sermo</strong></span> <span class='ocrx_word' id='word_1_421' title='bbox 683 3665 872 3719; x_wconf 91' lang='lat' dir='ltr'><strong>purus,</strong></span> <span class='ocrx_word' id='word_1_422' title='bbox 889 3660 942 3705; x_wconf 92' lang='lat' dir='ltr'><strong>et</strong></span> <span class='ocrx_word' id='word_1_423' title='bbox 967 3649 1212 3706; x_wconf 79' lang='lat' dir='ltr'><strong>veritatis</strong></span> <span class='ocrx_word' id='word_1_424' title='bbox 1232 3647 1574 3718; x_wconf 81' lang='lat' dir='ltr'><strong>degmatibus</strong></span> <span class='ocrx_word' id='word_1_425' title='bbox 1599 3645 1833 3714; x_wconf 83' lang='lat' dir='ltr'><strong>perfecta</strong></span> <span class='ocrx_word' id='word_1_426' title='bbox 1861 3650 2062 3704; x_wconf 88' lang='lat' dir='ltr'><strong>anima.</strong></span> 
     </span>
    </p>
   </div>
   <div class='ocr_carea' id='block_1_66' title="bbox 548 3829 2062 3903">
    <p class='ocr_par' dir='ltr' id='par_1_66' title="bbox 548 3829 2062 3903">
     <span class='ocr_line' id='line_1_66' title="bbox 548 3829 2062 3903; baseline -0.002 -14"><span class='ocrx_word' id='word_1_427' title='bbox 548 3835 672 3889; x_wconf 84' lang='lat' dir='ltr'><strong>Sola</strong></span> <span class='ocrx_word' id='word_1_428' title='bbox 706 3834 877 3903; x_wconf 86' lang='lat' dir='ltr'><strong>pietas</strong></span> <span class='ocrx_word' id='word_1_429' title='bbox 909 3831 1103 3886; x_wconf 88' lang='lat' dir='ltr'><strong>stabile</strong></span> <span class='ocrx_word' id='word_1_430' title='bbox 1127 3840 1182 3886; x_wconf 93' lang='lat' dir='ltr'><strong>et</strong></span> <span class='ocrx_word' id='word_1_431' title='bbox 1211 3833 1427 3884; x_wconf 89' lang='lat' dir='ltr'><strong>lirmum</strong></span> <span class='ocrx_word' id='word_1_432' title='bbox 1460 3831 1664 3884; x_wconf 88' lang='lat' dir='ltr'><strong>bonum</strong></span> <span class='ocrx_word' id='word_1_433' title='bbox 1729 3842 1834 3885; x_wconf 87' lang='lat' dir='ltr'><strong>est.</strong></span> <span class='ocrx_word' id='word_1_434' title='bbox 1904 3829 2062 3895; x_wconf 87' lang='lat' dir='ltr'><strong>Quod</strong></span> 
     </span>
    </p>
   </div>
   <div class='ocr_carea' id='block_1_67' title="bbox 477 3922 2061 3994">
    <p class='ocr_par' dir='ltr' id='par_1_67' title="bbox 477 3922 2061 3994">
     <span class='ocr_line' id='line_1_67' title="bbox 477 3922 2061 3994; baseline -0.004 -11"><span class='ocrx_word' id='word_1_435' title='bbox 477 3930 624 3982; x_wconf 88' lang='lat' dir='ltr'><strong>enim</strong></span> <span class='ocrx_word' id='word_1_436' title='bbox 659 3925 928 3994; x_wconf 87' lang='lat' dir='ltr'><strong>acquisitu</strong></span> <span class='ocrx_word' id='word_1_437' title='bbox 966 3922 1307 3992; x_wconf 88' lang='lat' dir='ltr'><strong>impossibile</strong></span> <span class='ocrx_word' id='word_1_438' title='bbox 1341 3931 1444 3985; x_wconf 90' lang='lat' dir='ltr'><strong>est,</strong></span> <span class='ocrx_word' id='word_1_439' title='bbox 1483 3922 1624 3976; x_wconf 89' lang='lat' dir='ltr'><strong>idem</strong></span> <span class='ocrx_word' id='word_1_440' title='bbox 1659 3931 1879 3992; x_wconf 77' lang='lat' dir='ltr'><strong>prepter</strong></span> <span class='ocrx_word' id='word_1_441' title='bbox 1918 3923 2061 3976; x_wconf 87' lang='lat' dir='ltr'><strong>invi-</strong></span> 
     </span>
    </p>
   </div>
   <div class='ocr_carea' id='block_1_68' title="bbox 476 4013 2054 4083">
    <p class='ocr_par' dir='ltr' id='par_1_68' title="bbox 476 4013 2054 4083">
     <span class='ocr_line' id='line_1_68' title="bbox 476 4013 2054 4083; baseline -0.003 -10"><span class='ocrx_word' id='word_1_442' title='bbox 476 4021 614 4074; x_wconf 87' lang='lat' dir='ltr'><strong>diam</strong></span> <span class='ocrx_word' id='word_1_443' title='bbox 656 4016 970 4072; x_wconf 85' lang='lat' dir='ltr'><strong>incredibile</strong></span> <span class='ocrx_word' id='word_1_444' title='bbox 1021 4016 1183 4069; x_wconf 90' lang='lat' dir='ltr'><strong>etiam</strong></span> <span class='ocrx_word' id='word_1_445' title='bbox 1243 4013 1540 4083; x_wconf 87' lang='lat' dir='ltr'><strong>judicatur.</strong></span> <span class='ocrx_word' id='word_1_446' title='bbox 1593 4013 1760 4083; x_wconf 82' lang='lat' dir='ltr'><strong>Atqui</strong></span> <span class='ocrx_word' id='word_1_447' title='bbox 1815 4013 2054 4083; x_wconf 73' lang='lat' dir='ltr'><strong>profanae</strong></span> 
     </span>
    </p>
   </div>
   <div class='ocr_carea' id='block_1_69' title="bbox 476 4105 2053 4176">
    <p class='ocr_par' dir='ltr' id='par_1_69' title="bbox 476 4105 2053 4176">
     <span class='ocr_line' id='line_1_69' title="bbox 476 4105 2053 4176; baseline -0.002 -13"><span class='ocrx_word' id='word_1_448' title='bbox 476 4120 681 4164; x_wconf 84' lang='lat' dir='ltr'><strong>mentes</strong></span> <span class='ocrx_word' id='word_1_449' title='bbox 707 4108 909 4161; x_wconf 86' lang='lat' dir='ltr'><strong>nullam</strong></span> <span class='ocrx_word' id='word_1_450' title='bbox 935 4121 1068 4171; x_wconf 92' lang='lat' dir='ltr'><strong>rem,</strong></span> <span class='ocrx_word' id='word_1_451' title='bbox 1100 4121 1221 4176; x_wconf 67' lang='lat' dir='ltr'><strong>qua:</strong></span> <span class='ocrx_word' id='word_1_452' title='bbox 1254 4107 1392 4160; x_wconf 89' lang='lat' dir='ltr'><strong>bona</strong></span> <span class='ocrx_word' id='word_1_453' title='bbox 1421 4114 1474 4159; x_wconf 88' lang='lat' dir='ltr'><strong>et</strong></span> <span class='ocrx_word' id='word_1_454' title='bbox 1507 4106 1736 4160; x_wconf 84' lang='lat' dir='ltr'><strong>honesta</strong></span> <span class='ocrx_word' id='word_1_455' title='bbox 1789 4114 1892 4170; x_wconf 87' lang='lat' dir='ltr'><strong>est,</strong></span> <span class='ocrx_word' id='word_1_456' title='bbox 1947 4105 2053 4160; x_wconf 82' lang='lat' dir='ltr'><strong>ﬁde</strong></span> 
     </span>
    </p>
   </div>
   <div class='ocr_carea' id='block_1_70' title="bbox 481 4197 1062 4269">
    <p class='ocr_par' dir='ltr' id='par_1_70' title="bbox 481 4197 1062 4269">
     <span class='ocr_line' id='line_1_70' title="bbox 481 4197 1062 4269; baseline -0.014 -15"><span class='ocrx_word' id='word_1_457' title='bbox 481 4202 700 4269; x_wconf 85' lang='lat' dir='ltr'><strong>dignam</strong></span> <span class='ocrx_word' id='word_1_458' title='bbox 728 4197 1062 4252; x_wconf 76' lang='lat' dir='ltr'><strong>existimant.</strong></span> 
     </span>
    </p>
   </div>
   <div class='ocr_carea' id='block_1_71' title="bbox 549 4259 2119 4359">
    <p class='ocr_par' dir='ltr' id='par_1_71' title="bbox 549 4259 2119 4359">
     <span class='ocr_line' id='line_1_71' title="bbox 549 4259 2119 4359; baseline -0.003 -14"><span class='ocrx_word' id='word_1_459' title='bbox 549 4259 822 4359; x_wconf 43' lang='lat' dir='ltr'><strong>vChrysost.</strong></span> <span class='ocrx_word' id='word_1_460' title='bbox 851 4287 965 4341; x_wconf 83' lang='lat' dir='ltr'><strong>Hoc</strong></span> <span class='ocrx_word' id='word_1_461' title='bbox 986 4285 1107 4338; x_wconf 85' lang='lat' dir='ltr'><strong>ﬁdei</strong></span> <span class='ocrx_word' id='word_1_462' title='bbox 1133 4283 1368 4338; x_wconf 75' lang='lat' dir='ltr'><strong>maxime</strong></span> <span class='ocrx_word' id='word_1_463' title='bbox 1384 4282 1660 4352; x_wconf 88' lang='lat' dir='ltr'><strong>proprium</strong></span> <span class='ocrx_word' id='word_1_464' title='bbox 1685 4290 1788 4345; x_wconf 90' lang='lat' dir='ltr'><strong>est,</strong></span> <span class='ocrx_word' id='word_1_465' title='bbox 1818 4284 2054 4340; x_wconf 86' lang='lat' dir='ltr'><strong>rationes</strong></span> <span class='ocrx_word' id='word_1_466' title='bbox 2098 4259 2119 4284; x_wconf 25' lang='lat' dir='ltr'>ﬁ</span> 
     </span>
    </p>
   </div>
   <div class='ocr_carea' id='block_1_72' title="bbox 474 4371 2053 4447">
    <p class='ocr_par' dir='ltr' id='par_1_72' title="bbox 474 4371 2053 4447">
     <span class='ocr_line' id='line_1_72' title="bbox 474 4371 2053 4447; baseline -0.004 -10"><span class='ocrx_word' id='word_1_467' title='bbox 474 4396 663 4437; x_wconf 84' lang='lat' dir='ltr'><strong>eorum</strong></span> <span class='ocrx_word' id='word_1_468' title='bbox 689 4393 810 4447; x_wconf 65' lang='lat' dir='ltr'><strong>qua:</strong></span> <span class='ocrx_word' id='word_1_469' title='bbox 837 4376 971 4428; x_wconf 84' lang='lat' dir='ltr'><strong>ﬁunt</strong></span> <span class='ocrx_word' id='word_1_470' title='bbox 996 4387 1105 4428; x_wconf 90' lang='lat' dir='ltr'><strong>non</strong></span> <span class='ocrx_word' id='word_1_471' title='bbox 1152 4374 1447 4443; x_wconf 84' lang='lat' dir='ltr'><strong>inquirere,</strong></span> <span class='ocrx_word' id='word_1_472' title='bbox 1523 4371 1618 4426; x_wconf 87' lang='lat' dir='ltr'><strong>sed</strong></span> <span class='ocrx_word' id='word_1_473' title='bbox 1675 4373 2053 4443; x_wconf 83' lang='lat' dir='ltr'><strong>obtemperare</strong></span> 
     </span>
    </p>
   </div>
   <div class='ocr_carea' id='block_1_73' title="bbox 476 4473 826 4543">
    <p class='ocr_par' dir='ltr' id='par_1_73' title="bbox 476 4473 826 4543">
     <span class='ocr_line' id='line_1_73' title="bbox 476 4473 826 4543; baseline -0.011 -15"><span class='ocrx_word' id='word_1_474' title='bbox 476 4473 826 4543; x_wconf 79' lang='lat' dir='ltr'><strong>praescriptis.</strong></span> 
     </span>
    </p>
   </div>
   <div class='ocr_carea' id='block_1_74' title="bbox 547 4563 2049 4621">
    <p class='ocr_par' dir='ltr' id='par_1_74' title="bbox 547 4563 2049 4621">
     <span class='ocr_line' id='line_1_74' title="bbox 547 4563 2049 4621; baseline -0.003 -1"><span class='ocrx_word' id='word_1_475' title='bbox 547 4567 698 4620; x_wconf 87' lang='lat' dir='ltr'><strong>Pium</strong></span> <span class='ocrx_word' id='word_1_476' title='bbox 741 4575 795 4620; x_wconf 92' lang='lat' dir='ltr'><strong>et</strong></span> <span class='ocrx_word' id='word_1_477' title='bbox 821 4566 1027 4620; x_wconf 85' lang='lat' dir='ltr'><strong>ﬁdelem</strong></span> <span class='ocrx_word' id='word_1_478' title='bbox 1065 4565 1240 4620; x_wconf 89' lang='lat' dir='ltr'><strong>virum</strong></span> <span class='ocrx_word' id='word_1_479' title='bbox 1274 4572 1382 4619; x_wconf 90' lang='lat' dir='ltr'><strong>tam</strong></span> <span class='ocrx_word' id='word_1_480' title='bbox 1452 4563 1610 4619; x_wconf 88' lang='lat' dir='ltr'><strong>ﬁrmo</strong></span> <span class='ocrx_word' id='word_1_481' title='bbox 1669 4574 1724 4621; x_wconf 91' lang='lat' dir='ltr'><strong>et</strong></span> <span class='ocrx_word' id='word_1_482' title='bbox 1779 4565 2049 4620; x_wconf 85' lang='lat' dir='ltr'><strong>constanti</strong></span> 
     </span>
    </p>
   </div>
   <div class='ocr_carea' id='block_1_75' title="bbox 472 4656 2051 4728">
    <p class='ocr_par' dir='ltr' id='par_1_75' title="bbox 472 4656 2051 4728">
     <span class='ocr_line' id='line_1_75' title="bbox 472 4656 2051 4728; baseline -0.004 -16"><span class='ocrx_word' id='word_1_483' title='bbox 472 4673 599 4728; x_wconf 82' lang='lat' dir='ltr'><strong>erga</strong></span> <span class='ocrx_word' id='word_1_484' title='bbox 638 4656 729 4710; x_wconf 91' lang='lat' dir='ltr'><strong>Dei</strong></span> <span class='ocrx_word' id='word_1_485' title='bbox 764 4658 1159 4727; x_wconf 84' lang='lat' dir='ltr'><strong>promissiones</strong></span> <span class='ocrx_word' id='word_1_486' title='bbox 1188 4657 1373 4710; x_wconf 88' lang='lat' dir='ltr'><strong>animo</strong></span> <span class='ocrx_word' id='word_1_487' title='bbox 1408 4657 1694 4724; x_wconf 68' lang='lat' dir='ltr'><strong>prmditum</strong></span> <span class='ocrx_word' id='word_1_488' title='bbox 1722 4672 1841 4710; x_wconf 89' lang='lat' dir='ltr'><strong>esse</strong></span> <span class='ocrx_word' id='word_1_489' title='bbox 1887 4669 2051 4723; x_wconf 88' lang='lat' dir='ltr'><strong>opor-</strong></span> 
     </span>
    </p>
   </div>
   <div class='ocr_carea' id='block_1_76' title="bbox 474 4747 2048 4816">
    <p class='ocr_par' dir='ltr' id='par_1_76' title="bbox 474 4747 2048 4816">
     <span class='ocr_line' id='line_1_76' title="bbox 474 4747 2048 4816; baseline -0.001 -18"><span class='ocrx_word' id='word_1_490' title='bbox 474 4755 566 4810; x_wconf 88' lang='lat' dir='ltr'><strong>tet,</strong></span> <span class='ocrx_word' id='word_1_491' title='bbox 597 4757 652 4799; x_wconf 95' lang='lat' dir='ltr'><strong>ut</strong></span> <span class='ocrx_word' id='word_1_492' title='bbox 682 4747 806 4800; x_wconf 89' lang='lat' dir='ltr'><strong>licet</strong></span> <span class='ocrx_word' id='word_1_493' title='bbox 834 4747 934 4801; x_wconf 90' lang='lat' dir='ltr'><strong>sibi</strong></span> <span class='ocrx_word' id='word_1_494' title='bbox 968 4748 1099 4816; x_wconf 86' lang='lat' dir='ltr'><strong>ipsis</strong></span> <span class='ocrx_word' id='word_1_495' title='bbox 1129 4748 1404 4802; x_wconf 85' lang='lat' dir='ltr'><strong>contraria</strong></span> <span class='ocrx_word' id='word_1_496' title='bbox 1433 4761 1552 4802; x_wconf 89' lang='lat' dir='ltr'><strong>esse</strong></span> <span class='ocrx_word' id='word_1_497' title='bbox 1588 4747 1876 4802; x_wconf 89' lang='lat' dir='ltr'><strong>videantur</strong></span> <span class='ocrx_word' id='word_1_498' title='bbox 1927 4759 2048 4814; x_wconf 81' lang='lat' dir='ltr'><strong>quae</strong></span> 
     </span>
    </p>
   </div>
   <div class='ocr_carea' id='block_1_77' title="bbox 472 4837 2046 4907">
    <p class='ocr_par' dir='ltr' id='par_1_77' title="bbox 472 4837 2046 4907">
     <span class='ocr_line' id='line_1_77' title="bbox 472 4837 2046 4907; baseline 0 -17"><span class='ocrx_word' id='word_1_499' title='bbox 472 4839 626 4900; x_wconf 88' lang='lat' dir='ltr'><strong>ﬁunt,</strong></span> <span class='ocrx_word' id='word_1_500' title='bbox 661 4852 727 4892; x_wconf 88' lang='lat' dir='ltr'><strong>ne</strong></span> <span class='ocrx_word' id='word_1_501' title='bbox 757 4837 836 4892; x_wconf 86' lang='lat' dir='ltr'><strong>sic</strong></span> <span class='ocrx_word' id='word_1_502' title='bbox 868 4848 1047 4893; x_wconf 69' lang='lat' dir='ltr'><strong>tamen</strong></span> <span class='ocrx_word' id='word_1_503' title='bbox 1075 4840 1156 4892; x_wconf 87' lang='lat' dir='ltr'><strong>vel</strong></span> <span class='ocrx_word' id='word_1_504' title='bbox 1182 4840 1366 4893; x_wconf 89' lang='lat' dir='ltr'><strong>animo</strong></span> <span class='ocrx_word' id='word_1_505' title='bbox 1423 4840 1629 4893; x_wconf 89' lang='lat' dir='ltr'><strong>turbari</strong></span> <span class='ocrx_word' id='word_1_506' title='bbox 1700 4840 1896 4907; x_wconf 82' lang='lat' dir='ltr'><strong>possit,</strong></span> <span class='ocrx_word' id='word_1_507' title='bbox 1961 4838 2046 4891; x_wconf 87' lang='lat' dir='ltr'><strong>vel</strong></span> 
     </span>
    </p>
   </div>
   <div class='ocr_carea' id='block_1_78' title="bbox 470 4929 2049 5001">
    <p class='ocr_par' dir='ltr' id='par_1_78' title="bbox 470 4929 2049 5001">
     <span class='ocr_line' id='line_1_78' title="bbox 470 4929 2049 5001; baseline 0.003 -21"><span class='ocrx_word' id='word_1_508' title='bbox 470 4929 536 4980; x_wconf 86' lang='lat' dir='ltr'><strong>de</strong></span> <span class='ocrx_word' id='word_1_509' title='bbox 567 4939 761 4982; x_wconf 88' lang='lat' dir='ltr'><strong>eventu</strong></span> <span class='ocrx_word' id='word_1_510' title='bbox 790 4931 1057 4997; x_wconf 87' lang='lat' dir='ltr'><strong>desperet.</strong></span> <span class='ocrx_word' id='word_1_511' title='bbox 1090 4929 1325 4985; x_wconf 87' lang='lat' dir='ltr'><strong>Fidelem</strong></span> <span class='ocrx_word' id='word_1_512' title='bbox 1364 4931 1635 4986; x_wconf 84' lang='lat' dir='ltr'><strong>Abraham</strong></span> <span class='ocrx_word' id='word_1_513' title='bbox 1670 4935 1852 5001; x_wconf 90' lang='lat' dir='ltr'><strong>itaque</strong></span> <span class='ocrx_word' id='word_1_514' title='bbox 1880 4933 2049 5000; x_wconf 88' lang='lat' dir='ltr'><strong>inspi-</strong></span> 
     </span>
    </p>
   </div>
   <div class='ocr_carea' id='block_1_79' title="bbox 472 5018 2039 5092">
    <p class='ocr_par' dir='ltr' id='par_1_79' title="bbox 472 5018 2039 5092">
     <span class='ocr_line' id='line_1_79' title="bbox 472 5018 2039 5092; baseline 0 -20"><span class='ocrx_word' id='word_1_515' title='bbox 472 5021 600 5083; x_wconf 89' lang='lat' dir='ltr'><strong>cito,</strong></span> <span class='ocrx_word' id='word_1_516' title='bbox 633 5022 846 5088; x_wconf 84' lang='lat' dir='ltr'><strong>qualem</strong></span> <span class='ocrx_word' id='word_1_517' title='bbox 878 5022 1132 5074; x_wconf 90' lang='lat' dir='ltr'><strong>nimirum</strong></span> <span class='ocrx_word' id='word_1_518' title='bbox 1170 5018 1584 5090; x_wconf 76' lang='lat' dir='ltr'><strong>promissionem</strong></span> <span class='ocrx_word' id='word_1_519' title='bbox 1613 5025 1727 5092; x_wconf 82' lang='lat' dir='ltr'><strong>ipse</strong></span> <span class='ocrx_word' id='word_1_520' title='bbox 1748 5026 2039 5092; x_wconf 74' lang='lat' dir='ltr'><strong>acceperit,</strong></span> 
     </span>
    </p>
   </div>
   <div class='ocr_carea' id='block_1_80' title="bbox 470 5111 1514 5179">
    <p class='ocr_par' dir='ltr' id='par_1_80' title="bbox 470 5111 1514 5179">
     <span class='ocr_line' id='line_1_80' title="bbox 470 5111 1514 5179; baseline 0.004 -16"><span class='ocrx_word' id='word_1_521' title='bbox 470 5119 525 5163; x_wconf 88' lang='lat' dir='ltr'><strong>et</strong></span> <span class='ocrx_word' id='word_1_522' title='bbox 555 5125 801 5178; x_wconf 81' lang='lat' dir='ltr'><strong>quamam</strong></span> <span class='ocrx_word' id='word_1_523' title='bbox 835 5111 948 5179; x_wconf 88' lang='lat' dir='ltr'><strong>ipse</strong></span> <span class='ocrx_word' id='word_1_524' title='bbox 969 5111 1150 5165; x_wconf 75' lang='lat' dir='ltr'><strong>facere</strong></span> <span class='ocrx_word' id='word_1_525' title='bbox 1179 5123 1398 5167; x_wconf 87' lang='lat' dir='ltr'><strong>coactus</strong></span> <span class='ocrx_word' id='word_1_526' title='bbox 1423 5115 1514 5169; x_wconf 86' lang='lat' dir='ltr'><strong>sit.</strong></span> 
     </span>
    </p>
   </div>
   <div class='ocr_carea' id='block_1_81' title="bbox 542 5199 1972 5274">
    <p class='ocr_par' dir='ltr' id='par_1_81' title="bbox 542 5199 1972 5274">
     <span class='ocr_line' id='line_1_81' title="bbox 542 5199 1972 5274; baseline 0.003 -22"><span class='ocrx_word' id='word_1_527' title='bbox 542 5199 701 5253; x_wconf 84' lang='lat' dir='ltr'><strong>Fides</strong></span> <span class='ocrx_word' id='word_1_528' title='bbox 740 5201 997 5255; x_wconf 86' lang='lat' dir='ltr'><strong>virtutum</strong></span> <span class='ocrx_word' id='word_1_529' title='bbox 1024 5212 1216 5266; x_wconf 89' lang='lat' dir='ltr'><strong>mater,</strong></span> <span class='ocrx_word' id='word_1_530' title='bbox 1245 5218 1442 5257; x_wconf 87' lang='lat' dir='ltr'><strong>corona</strong></span> <span class='ocrx_word' id='word_1_531' title='bbox 1473 5214 1525 5258; x_wconf 90' lang='lat' dir='ltr'><strong>et</strong></span> <span class='ocrx_word' id='word_1_532' title='bbox 1581 5203 1843 5274; x_wconf 80' lang='lat' dir='ltr'><strong>perfectio</strong></span> <span class='ocrx_word' id='word_1_533' title='bbox 1872 5212 1972 5259; x_wconf 89' lang='lat' dir='ltr'><strong>est.</strong></span> 
     </span>
    </p>
   </div>
   <div class='ocr_carea' id='block_1_82' title="bbox 536 5375 2042 5440">
    <p class='ocr_par' dir='ltr' id='par_1_82' title="bbox 536 5375 2042 5440">
     <span class='ocr_line' id='line_1_82' title="bbox 536 5375 2042 5440; baseline 0.008 -14"><span class='ocrx_word' id='word_1_534' title='bbox 536 5375 840 5432; x_wconf 70' lang='lat' dir='ltr'><strong>Athanasii.</strong></span> <span class='ocrx_word' id='word_1_535' title='bbox 875 5375 1064 5433; x_wconf 85' lang='lat' dir='ltr'><strong>Melius</strong></span> <span class='ocrx_word' id='word_1_536' title='bbox 1096 5390 1180 5434; x_wconf 86' lang='lat' dir='ltr'><strong>est</strong></span> <span class='ocrx_word' id='word_1_537' title='bbox 1214 5382 1612 5437; x_wconf 89' lang='lat' dir='ltr'><strong>dubitationem</strong></span> <span class='ocrx_word' id='word_1_538' title='bbox 1665 5385 1912 5440; x_wconf 88' lang='lat' dir='ltr'><strong>obortam</strong></span> <span class='ocrx_word' id='word_1_539' title='bbox 1970 5386 2042 5439; x_wconf 87' lang='lat' dir='ltr'><strong>si-</strong></span> 
     </span>
    </p>
   </div>
   <div class='ocr_carea' id='block_1_83' title="bbox 465 5467 2044 5546">
    <p class='ocr_par' dir='ltr' id='par_1_83' title="bbox 465 5467 2044 5546">
     <span class='ocr_line' id='line_1_83' title="bbox 465 5467 2044 5546; baseline 0.01 -28"><span class='ocrx_word' id='word_1_540' title='bbox 465 5467 632 5520; x_wconf 88' lang='lat' dir='ltr'><strong>lentio</strong></span> <span class='ocrx_word' id='word_1_541' title='bbox 665 5468 958 5536; x_wconf 90' lang='lat' dir='ltr'><strong>reprimere</strong></span> <span class='ocrx_word' id='word_1_542' title='bbox 989 5479 1044 5525; x_wconf 87' lang='lat' dir='ltr'><strong>et</strong></span> <span class='ocrx_word' id='word_1_543' title='bbox 1069 5475 1313 5537; x_wconf 87' lang='lat' dir='ltr'><strong>credere,</strong></span> <span class='ocrx_word' id='word_1_544' title='bbox 1346 5491 1507 5544; x_wconf 88' lang='lat' dir='ltr'><strong>quam</strong></span> <span class='ocrx_word' id='word_1_545' title='bbox 1560 5487 1778 5546; x_wconf 87' lang='lat' dir='ltr'><strong>propter</strong></span> <span class='ocrx_word' id='word_1_546' title='bbox 1830 5479 2044 5535; x_wconf 89' lang='lat' dir='ltr'><strong>dubita-</strong></span> 
     </span>
    </p>
   </div>
   <div class='ocr_carea' id='block_1_84' title="bbox 466 5559 1670 5616">
    <p class='ocr_par' dir='ltr' id='par_1_84' title="bbox 466 5559 1670 5616">
     <span class='ocr_line' id='line_1_84' title="bbox 466 5559 1670 5616; baseline 0.017 -9"><span class='ocrx_word' id='word_1_547' title='bbox 466 5559 668 5612; x_wconf 85' lang='lat' dir='ltr'><strong>tionem</strong></span> <span class='ocrx_word' id='word_1_548' title='bbox 700 5560 956 5616; x_wconf 75' lang='lat' dir='ltr'><strong>dilﬁdere.</strong></span> <span class='ocrx_word' id='word_1_549' title='bbox 1664 5567 1670 5576; x_wconf 73' lang='grc'><em>’</em></span> 
     </span>
    </p>
   </div>
   <div class='ocr_carea' id='block_1_85' title="bbox 533 5647 2044 5723">
    <p class='ocr_par' dir='ltr' id='par_1_85' title="bbox 533 5647 2044 5723">
     <span class='ocr_line' id='line_1_85' title="bbox 533 5647 2044 5723; baseline 0.01 -21"><span class='ocrx_word' id='word_1_550' title='bbox 533 5647 688 5721; x_wconf 85' lang='lat' dir='ltr'><strong>Greg.</strong></span> <span class='ocrx_word' id='word_1_551' title='bbox 727 5649 898 5707; x_wconf 89' lang='lat' dir='ltr'><strong>Omne</strong></span> <span class='ocrx_word' id='word_1_552' title='bbox 925 5655 1068 5722; x_wconf 90' lang='lat' dir='ltr'><strong>quod</strong></span> <span class='ocrx_word' id='word_1_553' title='bbox 1099 5666 1339 5711; x_wconf 87' lang='lat' dir='ltr'><strong>creatum</strong></span> <span class='ocrx_word' id='word_1_554' title='bbox 1373 5668 1474 5723; x_wconf 88' lang='lat' dir='ltr'><strong>est,</strong></span> <span class='ocrx_word' id='word_1_555' title='bbox 1501 5670 1652 5716; x_wconf 80' lang='lat' dir='ltr'><strong>extra</strong></span> <span class='ocrx_word' id='word_1_556' title='bbox 1679 5662 1914 5716; x_wconf 89' lang='lat' dir='ltr'><strong>divinam</strong></span> <span class='ocrx_word' id='word_1_557' title='bbox 1949 5679 2044 5717; x_wconf 90' lang='lat' dir='ltr'><strong>na-</strong></span> 
     </span>
    </p>
   </div>
   <div class='ocr_carea' id='block_1_86' title="bbox 463 5748 2038 5820">
    <p class='ocr_par' dir='ltr' id='par_1_86' title="bbox 463 5748 2038 5820">
     <span class='ocr_line' id='line_1_86' title="bbox 463 5748 2038 5820; baseline 0.011 -26"><span class='ocrx_word' id='word_1_558' title='bbox 463 5751 638 5798; x_wconf 80' lang='lat' dir='ltr'><strong>turam</strong></span> <span class='ocrx_word' id='word_1_559' title='bbox 669 5756 762 5800; x_wconf 88' lang='lat' dir='ltr'><strong>aut</strong></span> <span class='ocrx_word' id='word_1_560' title='bbox 782 5748 1075 5804; x_wconf 83' lang='lat' dir='ltr'><strong>essentiam</strong></span> <span class='ocrx_word' id='word_1_561' title='bbox 1107 5764 1228 5808; x_wconf 84' lang='lat' dir='ltr'><strong>esse</strong></span> <span class='ocrx_word' id='word_1_562' title='bbox 1255 5750 1502 5820; x_wconf 84' lang='lat' dir='ltr'><strong>judicare</strong></span> <span class='ocrx_word' id='word_1_563' title='bbox 1560 5755 1736 5810; x_wconf 88' lang='lat' dir='ltr'><strong>cdocti</strong></span> <span class='ocrx_word' id='word_1_564' title='bbox 1797 5771 1987 5812; x_wconf 89' lang='lat' dir='ltr'><strong>sumus</strong></span> <span class='ocrx_word' id='word_1_565' title='bbox 2023 5775 2038 5812; x_wconf 91' lang='lat'><strong>:</strong></span> 
     </span>
    </p>
   </div>
   <div class='ocr_carea' id='block_1_87' title="bbox 2243 3195 3717 3279">
    <p class='ocr_par' dir='ltr' id='par_1_87' title="bbox 2243 3195 3717 3279">
     <span class='ocr_line' id='line_1_87' title="bbox 2243 3195 3717 3279; baseline 0.016 -35"><span class='ocrx_word' id='word_1_566' title='bbox 2243 3195 2513 3262; x_wconf 86' lang='grc' dir='ltr'>Κρείσσον</span> <span class='ocrx_word' id='word_1_567' title='bbox 2547 3196 2833 3268; x_wconf 85' lang='grc' dir='ltr'>ὑπαίθριος</span> <span class='ocrx_word' id='word_1_568' title='bbox 2869 3201 3052 3265; x_wconf 86' lang='grc' dir='ltr'>πίστις</span> <span class='ocrx_word' id='word_1_569' title='bbox 3085 3205 3415 3272; x_wconf 80' lang='grc' dir='ltr'>πολυτελοῦς</span> <span class='ocrx_word' id='word_1_570' title='bbox 3456 3213 3717 3279; x_wconf 79' lang='grc' dir='ltr'>ἀσεϐείας,</span> 
     </span>
    </p>
   </div>
   <div class='ocr_carea' id='block_1_88' title="bbox 2171 3285 3718 3372">
    <p class='ocr_par' dir='ltr' id='par_1_88' title="bbox 2171 3285 3718 3372">
     <span class='ocr_line' id='line_1_88' title="bbox 2171 3285 3718 3372; baseline 0.017 -38"><span class='ocrx_word' id='word_1_571' title='bbox 2171 3285 2264 3336; x_wconf 76' lang='grc' dir='ltr'><strong>καὶ</strong></span> <span class='ocrx_word' id='word_1_572' title='bbox 2321 3287 2474 3353; x_wconf 82' lang='grc' dir='ltr'>τρεῖς</span> <span class='ocrx_word' id='word_1_573' title='bbox 2531 3291 2862 3358; x_wconf 81' lang='grc' dir='ltr'>συνηγμένοι</span> <span class='ocrx_word' id='word_1_574' title='bbox 2903 3291 2962 3344; x_wconf 77' lang='grc' dir='ltr'>ἐν</span> <span class='ocrx_word' id='word_1_575' title='bbox 2992 3294 3215 3364; x_wconf 83' lang='grc' dir='ltr'>ὀνόματι</span> <span class='ocrx_word' id='word_1_576' title='bbox 3268 3297 3471 3372; x_wconf 85' lang='grc' dir='ltr'>Κυρίου</span> <span class='ocrx_word' id='word_1_577' title='bbox 3521 3307 3718 3360; x_wconf 83' lang='grc' dir='ltr'>πολλῶν</span> 
     </span>
    </p>
   </div>
   <div class='ocr_carea' id='block_1_89' title="bbox 2169 3377 2801 3451">
    <p class='ocr_par' dir='ltr' id='par_1_89' title="bbox 2169 3377 2801 3451">
     <span class='ocr_line' id='line_1_89' title="bbox 2169 3377 2801 3451; baseline 0.014 -24"><span class='ocrx_word' id='word_1_578' title='bbox 2169 3377 2520 3447; x_wconf 86' lang='grc' dir='ltr'>ἀρνουμένων</span> <span class='ocrx_word' id='word_1_579' title='bbox 2550 3378 2801 3451; x_wconf 85' lang='grc' dir='ltr'>θεότητα.</span> 
     </span>
    </p>
   </div>
   <div class='ocr_carea' id='block_1_90' title="bbox 2239 3551 3714 3636">
    <p class='ocr_par' dir='ltr' id='par_1_90' title="bbox 2239 3551 3714 3636">
     <span class='ocr_line' id='line_1_90' title="bbox 2239 3551 3714 3636; baseline 0.004 -32"><span class='ocrx_word' id='word_1_580' title='bbox 2239 3551 2403 3605; x_wconf 85' lang='grc' dir='ltr'>Οὐδὲν</span> <span class='ocrx_word' id='word_1_581' title='bbox 2432 3551 2576 3606; x_wconf 80' lang='grc' dir='ltr'>οὓτω</span> <span class='ocrx_word' id='word_1_582' title='bbox 2601 3552 2678 3623; x_wconf 85' lang='grc' dir='ltr'>τῷ</span> <span class='ocrx_word' id='word_1_583' title='bbox 2701 3552 2820 3623; x_wconf 85' lang='grc' dir='ltr'><strong>Θεῷ</strong></span> <span class='ocrx_word' id='word_1_584' title='bbox 2850 3556 3291 3630; x_wconf 81' lang='grc' dir='ltr'>μεγαλοπρεπὲς,</span> <span class='ocrx_word' id='word_1_585' title='bbox 3337 3563 3414 3626; x_wconf 86' lang='grc' dir='ltr'>ὡς</span> <span class='ocrx_word' id='word_1_586' title='bbox 3447 3566 3595 3636; x_wconf 84' lang='grc' dir='ltr'>λόγος</span> <span class='ocrx_word' id='word_1_587' title='bbox 3630 3588 3714 3623; x_wconf 83' lang='grc' dir='ltr'>κε.</span> 
     </span>
    </p>
   </div>
   <div class='ocr_carea' id='block_1_91' title="bbox 2169 3643 3706 3731">
    <p class='ocr_par' dir='ltr' id='par_1_91' title="bbox 2169 3643 3706 3731">
     <span class='ocr_line' id='line_1_91' title="bbox 2169 3643 3706 3731; baseline 0.015 -38"><span class='ocrx_word' id='word_1_588' title='bbox 2169 3643 2535 3712; x_wconf 84' lang='grc' dir='ltr'>καθαρμένος,</span> <span class='ocrx_word' id='word_1_589' title='bbox 2590 3643 2868 3716; x_wconf 78' lang='grc' dir='ltr'>καὶψυχὴ</span> <span class='ocrx_word' id='word_1_590' title='bbox 2923 3649 3108 3703; x_wconf 81' lang='grc' dir='ltr'>τελεία</span> <span class='ocrx_word' id='word_1_591' title='bbox 3150 3654 3264 3716; x_wconf 85' lang='grc' dir='ltr'>τοῖς</span> <span class='ocrx_word' id='word_1_592' title='bbox 3317 3657 3420 3725; x_wconf 81' lang='grc' dir='ltr'><strong>τῆς</strong></span> <span class='ocrx_word' id='word_1_593' title='bbox 3471 3659 3706 3731; x_wconf 80' lang='grc' dir='ltr'>ἀληθείας</span> 
     </span>
    </p>
   </div>
   <div class='ocr_carea' id='block_1_92' title="bbox 2166 3732 3032 3802">
    <p class='ocr_par' dir='ltr' id='par_1_92' title="bbox 2166 3732 3032 3802">
     <span class='ocr_line' id='line_1_92' title="bbox 2166 3732 3032 3802; baseline 0.003 -16"><span class='ocrx_word' id='word_1_594' title='bbox 2166 3732 2444 3802; x_wconf 85' lang='grc' dir='ltr'>δόγμασιν.</span> <span class='ocrx_word' id='word_1_595' title='bbox 3024 3735 3032 3744; x_wconf 84' lang='grc'><em>“</em></span> 
     </span>
    </p>
   </div>
   <div class='ocr_carea' id='block_1_93' title="bbox 2164 3829 3708 3921">
    <p class='ocr_par' dir='ltr' id='par_1_93' title="bbox 2164 3829 3708 3921">
     <span class='ocr_line' id='line_1_93' title="bbox 2164 3829 3708 3921; baseline 0.016 -43"><span class='ocrx_word' id='word_1_596' title='bbox 2164 3829 2412 3921; x_wconf 30' lang='grc' dir='ltr'>ι-Μόνον</span> <span class='ocrx_word' id='word_1_597' title='bbox 2463 3832 2856 3902; x_wconf 87' lang='grc' dir='ltr'>ἀμετάπτωτον</span> <span class='ocrx_word' id='word_1_598' title='bbox 2917 3841 3128 3910; x_wconf 87' lang='grc' dir='ltr'>ἀγαθὸν</span> <span class='ocrx_word' id='word_1_599' title='bbox 3183 3849 3279 3900; x_wconf 78' lang='grc' dir='ltr'><strong>καὶ</strong></span> <span class='ocrx_word' id='word_1_600' title='bbox 3335 3851 3708 3921; x_wconf 81' lang='grc' dir='ltr'>παραμένονή</span> 
     </span>
    </p>
   </div>
   <div class='ocr_carea' id='block_1_94' title="bbox 2163 3918 3708 4009">
    <p class='ocr_par' dir='ltr' id='par_1_94' title="bbox 2163 3918 3708 4009">
     <span class='ocr_line' id='line_1_94' title="bbox 2163 3918 3708 4009; baseline 0.014 -39"><span class='ocrx_word' id='word_1_601' title='bbox 2163 3918 2436 3976; x_wconf 89' lang='grc' dir='ltr'>εὐσέϐεια.</span> <span class='ocrx_word' id='word_1_602' title='bbox 2479 3925 2550 3977; x_wconf 85' lang='grc' dir='ltr'>Τὸ</span> <span class='ocrx_word' id='word_1_603' title='bbox 2577 3929 2680 3997; x_wconf 82' lang='grc' dir='ltr'><strong>γὰρ</strong></span> <span class='ocrx_word' id='word_1_604' title='bbox 2705 3930 2805 3981; x_wconf 88' lang='grc' dir='ltr'><strong>οὐκ</strong></span> <span class='ocrx_word' id='word_1_605' title='bbox 2827 3931 3046 4000; x_wconf 78' lang='grc' dir='ltr'>ἐφικτὸν</span> <span class='ocrx_word' id='word_1_606' title='bbox 3071 3937 3194 3990; x_wconf 75' lang='grc' dir='ltr'>οὐδὲ</span> <span class='ocrx_word' id='word_1_607' title='bbox 3244 3918 3459 4009; x_wconf 83' lang='grc' dir='ltr'>πιστὸν,</span> <span class='ocrx_word' id='word_1_608' title='bbox 3491 3918 3600 4004; x_wconf 73' lang='grc' dir='ltr'><strong>πῶς</strong></span> <span class='ocrx_word' id='word_1_609' title='bbox 3634 3941 3708 3993; x_wconf 74' lang='grc' dir='ltr'>διὰ</span> 
     </span>
    </p>
   </div>
   <div class='ocr_carea' id='block_1_95' title="bbox 2162 4014 3706 4098">
    <p class='ocr_par' dir='ltr' id='par_1_95' title="bbox 2162 4014 3706 4098">
     <span class='ocr_line' id='line_1_95' title="bbox 2162 4014 3706 4098; baseline 0.012 -31"><span class='ocrx_word' id='word_1_610' title='bbox 2162 4014 2253 4068; x_wconf 85' lang='grc' dir='ltr'><strong>τὸν</strong></span> <span class='ocrx_word' id='word_1_611' title='bbox 2297 4017 2523 4085; x_wconf 72' lang='grc' dir='ltr'>φθόνονς</span> <span class='ocrx_word' id='word_1_612' title='bbox 2555 4020 2752 4092; x_wconf 80' lang='grc' dir='ltr'>ψυχαῖς</span> <span class='ocrx_word' id='word_1_613' title='bbox 2782 4023 2890 4094; x_wconf 86' lang='grc' dir='ltr'>γὰρ</span> <span class='ocrx_word' id='word_1_614' title='bbox 2949 4024 3206 4098; x_wconf 80' lang='grc' dir='ltr'>βεϐηλαις</span> <span class='ocrx_word' id='word_1_615' title='bbox 3232 4031 3387 4088; x_wconf 84' lang='grc' dir='ltr'>οὐδὲν</span> <span class='ocrx_word' id='word_1_616' title='bbox 3416 4033 3523 4089; x_wconf 89' lang='grc' dir='ltr'><strong>τῶν</strong></span> <span class='ocrx_word' id='word_1_617' title='bbox 3543 4034 3706 4090; x_wconf 84' lang='grc' dir='ltr'>καλῶν</span> 
     </span>
    </p>
   </div>
   <div class='ocr_carea' id='block_1_96' title="bbox 2160 4104 2492 4171">
    <p class='ocr_par' dir='ltr' id='par_1_96' title="bbox 2160 4104 2492 4171">
     <span class='ocr_line' id='line_1_96' title="bbox 2160 4104 2492 4171; baseline 0.006 -11"><span class='ocrx_word' id='word_1_618' title='bbox 2160 4104 2492 4171; x_wconf 82' lang='grc' dir='ltr'>ἀξιόπιστον.</span> 
     </span>
    </p>
   </div>
   <div class='ocr_carea' id='block_1_97' title="bbox 2229 4295 3702 4375">
    <p class='ocr_par' dir='ltr' id='par_1_97' title="bbox 2229 4295 3702 4375">
     <span class='ocr_line' id='line_1_97' title="bbox 2229 4295 3702 4375; baseline 0.009 -27"><span class='ocrx_word' id='word_1_619' title='bbox 2229 4295 2399 4349; x_wconf 82' lang='grc' dir='ltr'>Τοῦτο</span> <span class='ocrx_word' id='word_1_620' title='bbox 2433 4297 2664 4367; x_wconf 85' lang='grc' dir='ltr'>μάλιστα</span> <span class='ocrx_word' id='word_1_621' title='bbox 2704 4302 2956 4366; x_wconf 88' lang='grc' dir='ltr'>πίστεως,</span> <span class='ocrx_word' id='word_1_622' title='bbox 2991 4303 3065 4374; x_wconf 81' lang='grc' dir='ltr'>μὴ</span> <span class='ocrx_word' id='word_1_623' title='bbox 3098 4304 3282 4375; x_wconf 78' lang='grc' dir='ltr'>ζητεῖν</span> <span class='ocrx_word' id='word_1_624' title='bbox 3332 4307 3562 4373; x_wconf 77' lang='grc' dir='ltr'>εὐθύνας</span> <span class='ocrx_word' id='word_1_625' title='bbox 3610 4309 3702 4362; x_wconf 83' lang='grc' dir='ltr'><strong>τῶν</strong></span> 
     </span>
    </p>
   </div>
   <div class='ocr_carea' id='block_1_98' title="bbox 2159 4389 3666 4472">
    <p class='ocr_par' dir='ltr' id='par_1_98' title="bbox 2159 4389 3666 4472">
     <span class='ocr_line' id='line_1_98' title="bbox 2159 4389 3666 4472; baseline 0.007 -27"><span class='ocrx_word' id='word_1_626' title='bbox 2159 4389 2566 4461; x_wconf 84' lang='grc' dir='ltr'>πραττομένων,</span> <span class='ocrx_word' id='word_1_627' title='bbox 2592 4390 2725 4446; x_wconf 86' lang='grc' dir='ltr'><strong>ἀλλά</strong></span> <span class='ocrx_word' id='word_1_628' title='bbox 2757 4393 3032 4449; x_wconf 86' lang='grc' dir='ltr'>πείθεσθαι</span> <span class='ocrx_word' id='word_1_629' title='bbox 3063 4400 3175 4460; x_wconf 90' lang='grc' dir='ltr'>τοῖς</span> <span class='ocrx_word' id='word_1_630' title='bbox 3212 4400 3666 4472; x_wconf 80' lang='grc' dir='ltr'>ἐπιταττομένοις.</span> 
     </span>
    </p>
   </div>
   <div class='ocr_carea' id='block_1_99' title="bbox 2223 4565 3706 4644">
    <p class='ocr_par' dir='ltr' id='par_1_99' title="bbox 2223 4565 3706 4644">
     <span class='ocr_line' id='line_1_99' title="bbox 2223 4565 3706 4644; baseline 0.007 -25"><span class='ocrx_word' id='word_1_631' title='bbox 2223 4567 2326 4620; x_wconf 84' lang='grc' dir='ltr'>Τὸν</span> <span class='ocrx_word' id='word_1_632' title='bbox 2359 4565 2558 4634; x_wconf 84' lang='grc' dir='ltr'>εὐσεϐῆ</span> <span class='ocrx_word' id='word_1_633' title='bbox 2601 4567 2704 4626; x_wconf 74' lang='grc' dir='ltr'>καὶ,</span> <span class='ocrx_word' id='word_1_634' title='bbox 2743 4569 2932 4622; x_wconf 80' lang='grc' dir='ltr'>πιστὸν</span> <span class='ocrx_word' id='word_1_635' title='bbox 2967 4569 3138 4640; x_wconf 79' lang='grc' dir='ltr'>ἄνδρα</span> <span class='ocrx_word' id='word_1_636' title='bbox 3170 4573 3313 4627; x_wconf 81' lang='grc' dir='ltr'>οὕτω</span> <span class='ocrx_word' id='word_1_637' title='bbox 3345 4575 3581 4644; x_wconf 79' lang='grc' dir='ltr'>βεϐαίως</span> <span class='ocrx_word' id='word_1_638' title='bbox 3605 4578 3706 4630; x_wconf 83' lang='grc' dir='ltr'>δια-</span> 
     </span>
    </p>
   </div>
   <div class='ocr_carea' id='block_1_100' title="bbox 2151 4657 3704 4733">
    <p class='ocr_par' dir='ltr' id='par_1_100' title="bbox 2151 4657 3704 4733">
     <span class='ocr_line' id='line_1_100' title="bbox 2151 4657 3704 4733; baseline 0.007 -24"><span class='ocrx_word' id='word_1_639' title='bbox 2151 4658 2366 4710; x_wconf 81' lang='grc' dir='ltr'>κεῖσθαι</span> <span class='ocrx_word' id='word_1_640' title='bbox 2399 4657 2505 4727; x_wconf 82' lang='grc' dir='ltr'><strong>χρὴ</strong></span> <span class='ocrx_word' id='word_1_641' title='bbox 2560 4659 2697 4726; x_wconf 82' lang='grc' dir='ltr'>πρὸς</span> <span class='ocrx_word' id='word_1_642' title='bbox 2726 4659 2826 4722; x_wconf 78' lang='grc' dir='ltr'><strong>τὰς</strong></span> <span class='ocrx_word' id='word_1_643' title='bbox 2880 4663 3214 4731; x_wconf 77' lang='grc' dir='ltr'>ἐπαγγελίας</span> <span class='ocrx_word' id='word_1_644' title='bbox 3246 4667 3339 4719; x_wconf 75' lang='grc' dir='ltr'>τοῦ</span> <span class='ocrx_word' id='word_1_645' title='bbox 3390 4669 3545 4733; x_wconf 85' lang='grc' dir='ltr'>Θεοῦ,</span> <span class='ocrx_word' id='word_1_646' title='bbox 3580 4670 3704 4722; x_wconf 84' lang='grc' dir='ltr'>ὥστε</span> 
     </span>
    </p>
   </div>
   <div class='ocr_carea' id='block_1_101' title="bbox 2150 4748 3705 4831">
    <p class='ocr_par' dir='ltr' id='par_1_101' title="bbox 2150 4748 3705 4831">
     <span class='ocr_line' id='line_1_101' title="bbox 2150 4748 3705 4831; baseline 0.008 -30"><span class='ocrx_word' id='word_1_647' title='bbox 2150 4748 2257 4801; x_wconf 84' lang='grc' dir='ltr'>κᾶν</span> <span class='ocrx_word' id='word_1_648' title='bbox 2287 4749 2507 4802; x_wconf 78' lang='grc' dir='ltr'>ἐναντία</span> <span class='ocrx_word' id='word_1_649' title='bbox 2540 4749 2723 4813; x_wconf 86' lang='grc' dir='ltr'>αὐτοῖς</span> <span class='ocrx_word' id='word_1_650' title='bbox 2752 4751 3009 4822; x_wconf 83' lang='grc' dir='ltr'>φαίνηται</span> <span class='ocrx_word' id='word_1_651' title='bbox 3035 4755 3104 4808; x_wconf 80' lang='grc' dir='ltr'>τὰ</span> <span class='ocrx_word' id='word_1_652' title='bbox 3146 4756 3427 4827; x_wconf 85' lang='grc' dir='ltr'>γινόμενα,</span> <span class='ocrx_word' id='word_1_653' title='bbox 3471 4761 3600 4831; x_wconf 78' lang='grc' dir='ltr'>μηδὲ</span> <span class='ocrx_word' id='word_1_654' title='bbox 3627 4760 3705 4814; x_wconf 80' lang='grc' dir='ltr'>οὐ·</span> 
     </span>
    </p>
   </div>
   <div class='ocr_carea' id='block_1_102' title="bbox 2147 4842 3703 4922">
    <p class='ocr_par' dir='ltr' id='par_1_102' title="bbox 2147 4842 3703 4922">
     <span class='ocr_line' id='line_1_102' title="bbox 2147 4842 3703 4922; baseline 0.009 -30"><span class='ocrx_word' id='word_1_655' title='bbox 2147 4857 2257 4904; x_wconf 90' lang='grc' dir='ltr'><strong>τως</strong></span> <span class='ocrx_word' id='word_1_656' title='bbox 2287 4842 2671 4910; x_wconf 85' lang='grc' dir='ltr'>ταράττεσθαι,</span> <span class='ocrx_word' id='word_1_657' title='bbox 2729 4844 2862 4913; x_wconf 83' lang='grc' dir='ltr'>μηδὲ</span> <span class='ocrx_word' id='word_1_658' title='bbox 2905 4847 3310 4913; x_wconf 80' lang='grc' dir='ltr'>ἀπογινώσκειν</span> <span class='ocrx_word' id='word_1_659' title='bbox 3344 4852 3443 4922; x_wconf 79' lang='grc' dir='ltr'><strong>τὴν</strong></span> <span class='ocrx_word' id='word_1_660' title='bbox 3477 4855 3703 4906; x_wconf 69' lang='grc' dir='ltr'>ἑκϐασιν.</span> 
     </span>
    </p>
   </div>
   <div class='ocr_carea' id='block_1_103' title="bbox 2152 4927 3707 5008">
    <p class='ocr_par' dir='ltr' id='par_1_103' title="bbox 2152 4927 3707 5008">
     <span class='ocr_line' id='line_1_103' title="bbox 2152 4927 3707 5008; baseline 0.005 -29"><span class='ocrx_word' id='word_1_661' title='bbox 2152 4929 2293 4996; x_wconf 82' lang='grc' dir='ltr'>Ὅρα</span> <span class='ocrx_word' id='word_1_662' title='bbox 2350 4927 2503 4996; x_wconf 81' lang='grc' dir='ltr'>γοῦν,</span> <span class='ocrx_word' id='word_1_663' title='bbox 2544 4931 2572 4981; x_wconf 87' lang='grc' dir='ltr'><strong>ὁ</strong></span> <span class='ocrx_word' id='word_1_664' title='bbox 2601 4929 2790 4992; x_wconf 82' lang='grc' dir='ltr'>πιστὸς</span> <span class='ocrx_word' id='word_1_665' title='bbox 2833 4929 3082 5002; x_wconf 77' lang='grc' dir='ltr'>Ἀϐραὰμ</span> <span class='ocrx_word' id='word_1_666' title='bbox 3130 4934 3248 4986; x_wconf 86' lang='grc' dir='ltr'>τίνα</span> <span class='ocrx_word' id='word_1_667' title='bbox 3293 4938 3395 5003; x_wconf 85' lang='grc' dir='ltr'>μὲν</span> <span class='ocrx_word' id='word_1_668' title='bbox 3434 4937 3707 5008; x_wconf 77' lang='grc' dir='ltr'>ὑπόσχεσιν</span> 
     </span>
    </p>
   </div>
   <div class='ocr_carea' id='block_1_104' title="bbox 2149 5018 3318 5092">
    <p class='ocr_par' dir='ltr' id='par_1_104' title="bbox 2149 5018 3318 5092">
     <span class='ocr_line' id='line_1_104' title="bbox 2149 5018 3318 5092; baseline 0.01 -24"><span class='ocrx_word' id='word_1_669' title='bbox 2149 5019 2388 5082; x_wconf 76' lang='grc' dir='ltr'>ἐδέξατο,</span> <span class='ocrx_word' id='word_1_670' title='bbox 2421 5018 2542 5070; x_wconf 88' lang='grc' dir='ltr'>τίνα</span> <span class='ocrx_word' id='word_1_671' title='bbox 2581 5019 2636 5071; x_wconf 84' lang='grc' dir='ltr'>δὲ</span> <span class='ocrx_word' id='word_1_672' title='bbox 2666 5023 2927 5088; x_wconf 89' lang='grc' dir='ltr'>πράττειν</span> <span class='ocrx_word' id='word_1_673' title='bbox 2956 5022 3318 5092; x_wconf 73' lang='grc' dir='ltr'>ἠναγκάζετο.</span> 
     </span>
    </p>
   </div>
   <div class='ocr_carea' id='block_1_105' title="bbox 2224 5200 3704 5274">
    <p class='ocr_par' dir='ltr' id='par_1_105' title="bbox 2224 5200 3704 5274">
     <span class='ocr_line' id='line_1_105' title="bbox 2224 5200 3704 5274; baseline 0 -21"><span class='ocrx_word' id='word_1_674' title='bbox 2224 5200 2412 5263; x_wconf 84' lang='grc' dir='ltr'>Πίστις</span> <span class='ocrx_word' id='word_1_675' title='bbox 2437 5202 2623 5270; x_wconf 87' lang='grc' dir='ltr'>μήτηρ</span> <span class='ocrx_word' id='word_1_676' title='bbox 2656 5202 2750 5254; x_wconf 72' lang='grc' dir='ltr'>καὶ</span> <span class='ocrx_word' id='word_1_677' title='bbox 2786 5203 3028 5271; x_wconf 72' lang='grc' dir='ltr'>στεφάνη</span> <span class='ocrx_word' id='word_1_678' title='bbox 3061 5203 3154 5259; x_wconf 77' lang='grc' dir='ltr'>καὶ</span> <span class='ocrx_word' id='word_1_679' title='bbox 3179 5203 3704 5274; x_wconf 79' lang='grc' dir='ltr'>συμπεραίωσιςτῶν</span> 
     </span>
    </p>
   </div>
   <div class='ocr_carea' id='block_1_106' title="bbox 2147 5290 2646 5364">
    <p class='ocr_par' dir='ltr' id='par_1_106' title="bbox 2147 5290 2646 5364">
     <span class='ocr_line' id='line_1_106' title="bbox 2147 5290 2646 5364; baseline 0.01 -22"><span class='ocrx_word' id='word_1_680' title='bbox 2147 5290 2358 5359; x_wconf 85' lang='grc' dir='ltr'>ἀρετῶν</span> <span class='ocrx_word' id='word_1_681' title='bbox 2388 5294 2646 5364; x_wconf 84' lang='grc' dir='ltr'>ὑπάρχει.</span> 
     </span>
    </p>
   </div>
   <div class='ocr_carea' id='block_1_107' title="bbox 2225 5383 3703 5460">
    <p class='ocr_par' dir='ltr' id='par_1_107' title="bbox 2225 5383 3703 5460">
     <span class='ocr_line' id='line_1_107' title="bbox 2225 5383 3703 5460; baseline 0.008 -26"><span class='ocrx_word' id='word_1_682' title='bbox 2225 5383 2444 5438; x_wconf 78' lang='grc' dir='ltr'>Βέλτιον</span> <span class='ocrx_word' id='word_1_683' title='bbox 2503 5385 2846 5452; x_wconf 76' lang='grc' dir='ltr'>ἀποροῦντας</span> <span class='ocrx_word' id='word_1_684' title='bbox 2899 5390 3114 5460; x_wconf 76' lang='grc' dir='ltr'>σιωπᾷν</span> <span class='ocrx_word' id='word_1_685' title='bbox 3167 5390 3265 5444; x_wconf 83' lang='grc' dir='ltr'><strong>καὶ</strong></span> <span class='ocrx_word' id='word_1_686' title='bbox 3321 5392 3624 5459; x_wconf 85' lang='grc' dir='ltr'>πιστεύειν,</span> <span class='ocrx_word' id='word_1_687' title='bbox 3673 5389 3703 5456; x_wconf 81' lang='grc' dir='ltr'><strong>ἢ</strong></span> 
     </span>
    </p>
   </div>
   <div class='ocr_carea' id='block_1_108' title="bbox 2145 5472 2886 5546">
    <p class='ocr_par' dir='ltr' id='par_1_108' title="bbox 2145 5472 2886 5546">
     <span class='ocr_line' id='line_1_108' title="bbox 2145 5472 2886 5546; baseline 0.008 -22"><span class='ocrx_word' id='word_1_688' title='bbox 2145 5472 2400 5526; x_wconf 85' lang='grc' dir='ltr'>ἀπιστεῖν</span> <span class='ocrx_word' id='word_1_689' title='bbox 2429 5474 2517 5527; x_wconf 77' lang='grc' dir='ltr'><strong>διὰ</strong></span> <span class='ocrx_word' id='word_1_690' title='bbox 2549 5477 2610 5527; x_wconf 77' lang='grc' dir='ltr'><strong>τὸ</strong></span> <span class='ocrx_word' id='word_1_691' title='bbox 2639 5478 2886 5546; x_wconf 79' lang='grc' dir='ltr'>ἀπορεῖν.</span> 
     </span>
    </p>
   </div>
   <div class='ocr_carea' id='block_1_109' title="bbox 2222 5663 3704 5742">
    <p class='ocr_par' dir='ltr' id='par_1_109' title="bbox 2222 5663 3704 5742">
     <span class='ocr_line' id='line_1_109' title="bbox 2222 5663 3704 5742; baseline 0.005 -22"><span class='ocrx_word' id='word_1_692' title='bbox 2222 5668 2336 5720; x_wconf 76' lang='grc' dir='ltr'><strong>Πᾶν</strong></span> <span class='ocrx_word' id='word_1_693' title='bbox 2359 5668 2419 5719; x_wconf 85' lang='grc' dir='ltr'><strong>τὸ</strong></span> <span class='ocrx_word' id='word_1_694' title='bbox 2446 5671 2665 5724; x_wconf 82' lang='grc' dir='ltr'>κτιστὸν</span> <span class='ocrx_word' id='word_1_695' title='bbox 2693 5671 2799 5737; x_wconf 79' lang='grc' dir='ltr'>ἔξω</span> <span class='ocrx_word' id='word_1_696' title='bbox 2823 5672 2926 5742; x_wconf 80' lang='grc' dir='ltr'>τῆς</span> <span class='ocrx_word' id='word_1_697' title='bbox 2968 5663 3118 5737; x_wconf 66' lang='grc' dir='ltr'>θείας</span> <span class='ocrx_word' id='word_1_698' title='bbox 3155 5675 3369 5742; x_wconf 82' lang='grc' dir='ltr'>φύσεως</span> <span class='ocrx_word' id='word_1_699' title='bbox 3407 5672 3545 5728; x_wconf 82' lang='grc' dir='ltr'>εἶναι</span> <span class='ocrx_word' id='word_1_700' title='bbox 3574 5675 3704 5728; x_wconf 85' lang='grc' dir='ltr'>νοεῖν</span> 
     </span>
    </p>
   </div>
   <div class='ocr_carea' id='block_1_110' title="bbox 2147 5759 3700 5835">
    <p class='ocr_par' dir='ltr' id='par_1_110' title="bbox 2147 5759 3700 5835">
     <span class='ocr_line' id='line_1_110' title="bbox 2147 5759 3700 5835; baseline 0.003 -22"><span class='ocrx_word' id='word_1_701' title='bbox 2147 5759 2586 5830; x_wconf 56' lang='grc' dir='ltr'>ἐπαιδεύθημεν</span> <span class='ocrx_word' id='word_1_702' title='bbox 2645 5765 2814 5835; x_wconf 78' lang='grc' dir='ltr'>μόνην</span> <span class='ocrx_word' id='word_1_703' title='bbox 2863 5765 2919 5818; x_wconf 85' lang='grc' dir='ltr'>δὲ</span> <span class='ocrx_word' id='word_1_704' title='bbox 2968 5764 3069 5835; x_wconf 82' lang='grc' dir='ltr'><strong>τὴν</strong></span> <span class='ocrx_word' id='word_1_705' title='bbox 3117 5766 3375 5822; x_wconf 81' lang='grc' dir='ltr'>ἀκτιστον</span> <span class='ocrx_word' id='word_1_706' title='bbox 3424 5766 3578 5835; x_wconf 78' lang='grc' dir='ltr'>φύσιν</span> <span class='ocrx_word' id='word_1_707' title='bbox 3615 5764 3700 5817; x_wconf 78' lang='grc' dir='ltr'>λα·</span> 
     </span>
    </p>
   </div>
  </div>
