3980 6248
288 295 400 356 773

1183 311 1354 372 LOCI
1393 315 1933 383 COMMUNES.—
1974 318 2191 385 PARS.
2240 325 2287 385 Ι.
2332 325 2588 388 SEBMO
2622 329 2701 389 Il.

3446 342 3552 406 774

283 410 503 481 τρεύειν
542 413 638 464 καὶ
679 413 954 475 σέϐεσθαι,
997 412 1065 487 ἧς
1104 423 1394 503 χαρακτήρ
1434 426 1552 479 ἐστι
1583 426 1678 480 καὶ
1718 427 1891 495 γνῶ-ε

1982 443 2076 482 eam
2122 444 2252 485 vero
2305 434 2653 491 solummodo
2684 444 2958 501 naturam,
2989 453 3110 507 quae
3145 439 3387 498 increata
3441 459 3550 508 est.

284 517 460 643 ρῦσμα
488 503 551 554 τὸ
585 503 722 576 μήτε
751 505 1012 577 ἄρχεσθαι
1044 509 1136 563 τοῦ
1161 497 1301 565 εἷναί
1338 532 1488 581 ποτε,
1526 519 1661 590 μήτε
1688 519 1858 574 παύε-

284 608 311 643 σ
355 610 433 643 αι.

284 608 433 644 συαι.

362 682 572 761 Πίστιςη
605 685 742 756 μόνη
774 691 969 758 κρατεί
1004 690 1097 745 τὸν
1124 693 1470 767 ἀκράτητον’
1510 700 1690 762 πίστις
1724 702 1857 772 μόνη
1894 704 1903 737 ³

288 777 551 828 κατανοεί
594 777 685 829 τὸν
741 779 1003 835 ἀθέατονσ
1053 785 1239 850 πίστις
1307 789 1443 859 μόνη
1490 792 1859 859 προσπελάζει

285 866 368 935 τῷ
400 868 855 942 ἀπροσπελάστῳ,
880 873 1003 927 ὅσον
1026 876 1262 947 ἐγχωρεῖ
1281 880 1376 932 καὶ
1402 881 1524 935 ὅσον
1553 884 1854 953 ἐνδέχεται.

372 961 594 1030 Ἐπειδὴ
639 964 970 1028 ἀνεπίϐατός
1016 969 1130 1021 ἐστι
1163 969 1447 1041 λογισμοῖς
1489 973 1860 1044 ἀνθρωπίνοις

282 1053 393 1119 τῆς
447 1054 855 1126 ὑπερκειμένης
907 1060 1122 1128 φύσεως
1175 1063 1209 1134 ἠ
1263 1065 1607 1136 κατάληψις,
1662 1068 1856 1123 τούτου

283 1142 451 1212 χάριν
498 1146 749 1214 ἡπίστις
795 1150 918 1203 ἀντὶ
957 1152 1235 1223 λογισμῶν
1282 1156 1514 1223 γίνεται,
1562 1161 1675 1221 τοῖς
1718 1161 1861 1232 ὑπὲρ

282 1233 453 1301 λόγον
486 1238 580 1289 καὶ
608 1239 916 1310 κατάληψιν
953 1244 1152 1316 ἑαυτὴν
1181 1246 1599 1317 ὑπερτείνουσα.

360 1323 434 1375 Τὸ
469 1325 656 1378 πίστει
704 1331 1043 1399 παραδεκτδν
1064 1370 1081 1397 ,
1123 1335 1689 1411 ἀπολυπραγμόνητον
1722 1338 1860 1397 εἶναι

284 1417 417 1484 χρή-
452 1417 526 1470 Τὸ
556 1420 665 1490 γάρ
696 1438 781 1474 τοι
835 1422 1262 1497 βασανιζόμενον
1295 1430 1414 1495 πῶς
1457 1431 1536 1487 ἔτι
1570 1435 1864 1490 πεπίστευ-

282 1524 373 1559 ται
397 1525 412 1573 ;

369 1692 437 1744 Ἢ
476 1693 577 1762 μὲν
619 1697 803 1761 πίστις
852 1700 1115 1772 σύντομός
1160 1707 1330 1773 ἐστιν,
1377 1710 1454 1773 ὡς
1503 1714 1703 1778 εἰπεῖν,
1751 1716 1859 1772 τῶν

1964 522 2142 577 colere
2166 530 2222 578 et
2256 528 2502 581 venerari
2535 529 2843 607 didicimus,
2873 532 3031 601 cujus
3053 543 3177 588 nota
3211 544 3266 590 et
3291 536 3551 593 indicium

1965 623 2067 676 est,
2101 630 2200 669 nec
2233 632 2474 684 unquam
2505 624 2760 688 coepisse,
2792 638 2891 677 nec
2922 640 3163 694 unquam
3220 629 3475 684 deﬁcere.

2035 706 2159 762 Sola
2183 709 2316 765 ﬁdes
2340 713 2745 780 comprehendit
2764 716 3390 784 incomprehensibilem.
3419 722 3549 778 Sola

1962 796 2095 853 ﬁdes
2122 799 2447 855 invisibilem
2482 806 2726 874 percipit.
2760 806 2883 862 Sola
2933 807 3063 863 ﬁdes
3091 811 3426 867 inaccessum
3458 829 3553 868 ac—

1960 891 2123 954 cedit,
2166 894 2345 962 quoad
2377 894 2497 963 ejus
2525 896 2636 950 ﬁeri
2671 906 2847 964 potest
2879 910 2932 953 et
2960 901 3106 955 licet.

2036 982 2487 1053 Quandoquidem
2542 1003 2790 1055 supernae
2861 1001 3068 1045 natura:
3132 994 3548 1061 comprehensio

1964 1071 2219 1131 humanis
2244 1078 2548 1133 rationibus
2574 1079 2729 1148 longe
2753 1087 2838 1134 est
2871 1082 3141 1148 superior,
3178 1085 3381 1139 idcirco
3416 1084 3548 1139 ﬁdes

1965 1166 2238 1220 rationum
2275 1168 2451 1222 locum
2476 1170 2678 1239 explet,
2701 1186 2862 1240 super
2907 1187 2970 1225 ea
3029 1189 3148 1240 quae
3186 1175 3450 1230 rationem
3491 1188 3546 1230 et

1964 1258 2300 1312 intellectum
2337 1272 2616 1328 superant,
2667 1264 3012 1332 semetipsum
3048 1267 3369 1322 extendens.

2037 1348 2339 1406 Clementis.
2383 1352 2535 1417 Quod
2568 1353 2672 1407 ﬁde
2706 1366 3016 1424 perceptum
3079 1364 3184 1421 εει,
3241 1371 3271 1411 a
3332 1358 3547 1413 curiosa

1963 1443 2321 1510 inquisitione
2357 1445 2595 1497 alienum
2654 1446 2726 1499 sit
2783 1455 3016 1514 oportet.
3078 1447 3231 1509 Quod
3275 1449 3420 1502 enim
3480 1452 3545 1502 εδει

1963 1535 2223 1589 amussim
2251 1536 2842 1604 studioseexploratum
2870 1546 2972 1604 est,
2997 1539 3268 1609 quomodo
3300 1539 3405 1595 ﬁde
3424 1557 3546 1609 per-

1962 1635 2175 1691 ceptum
2212 1635 2307 1680 aut
2332 1626 2598 1680 creditum
2634 1642 2755 1682 esse
2786 1627 3048 1683 dicetur?

2037 1716 2195 1771 Fides
2235 1719 2412 1773 brevis
2434 1731 2487 1772 et
2512 1721 2993 1785 compendiosa,ut
3020 1722 3093 1775 ita
3128 1723 3324 1789 dicam,
3355 1738 3540 1777 rermn

284 1788 730 1881 κατεπειγόντων
761 1793 981 1860 γνῶσις.
1027 1797 1092 1849 ἸΙ
1124 1799 1323 1866 γνῶσις
1350 1802 1425 1863 δὲ,
1454 1805 1727 1874 ἀπόδειξις
1750 1809 1858 1863 τῶν
1885 1784 1891 1841 ί

1982 1809 2393 1863 necessariarum
2421 1819 2505 1864 est
2539 1812 2796 1878 cognitio.
2824 1812 2892 1865 At
2927 1813 3166 1881 cognitio
3193 1823 3452 1869 constans
3482 1826 3536 1869 et

282 1875 376 1929 διὰ
409 1879 645 1947 πίστεως
670 1888 1134 1958 παρειλημμένων
1163 1893 1359 1963 ἰσχυρὰ
1389 1896 1484 1949 καὶ
1516 1897 1731 1968 βεϐαία.

364 2061 477 2131 Οὐχ
510 2064 539 2118 ὁ
567 2067 730 2118 παντὶ
761 2068 1031 2123 πιστεύων
1062 2064 1252 2136 πιστὸς
1273 2073 1527 2143 λέγεται·
1553 2079 1720 2133 ἀλλ’ὁ
1739 2080 1858 2149 Θεῷ

286 2156 591 2223 πιστεύων,
627 2158 791 2222 αὐτὸς
824 2161 984 2230 μόνος
1007 2165 1198 2228 πιστὸς
1226 2169 1320 2221 καὶ
1355 2169 1471 2223 ἐστι
1499 2173 1589 2224 καὶ
1618 2172 1855 2240 λέγεται.

378 2248 447 2299 Ἡ
476 2247 681 2318 ἀληθὴς
717 2251 972 2322 ίεραρχία
999 2257 1083 2318 τίς
1123 2255 1191 2310 ἂν
1222 2257 1330 2329 εἴη,
1367 2262 1508 2331 πλὴν
1533 2262 1711 2333 ψυχῆς
1742 2264 1861 2317 θεο-

287 2337 484 2406 φιλοῦς
533 2340 826 2410 εὐσέϐεια;
878 2339 945 2414 ἧς
995 2347 1058 2399 τὸ
1109 2348 1432 2422 εὐχάριστον
1475 2354 1860 2419 ἀθανατίζεται

284 2432 449 2501 παρὰ
481 2434 559 2502 τῷ
583 2433 723 2504 Θεῷ,
757 2437 1161 2504 συνδιαιωνίζον
1196 2443 1355 2516 ἡλίῳ,
1389 2447 1484 2499 καὶ
1514 2446 1733 2522 σελήνῃ,
1766 2451 1860 2503 καὶ

281 2523 366 2591 τῷ
394 2525 557 2576 παντὶ
586 2524 797 2596 κόσμῳ.

370 2614 542 2685 ’Δρχὴ
575 2616 770 2688 ἀρίστη
814 2617 1037 2675 πάντων
1083 2621 1184 2692 μὲν
1212 2625 1239 2678 ὁ
1269 2624 1422 2693 Θεὸς,
1446 2627 1656 2699 ἀρετῶν
1683 2629 1739 2682 δὲ
1770 2630 1860 2682 εὖ·

286 2707 503 2764 σέϐεια.

367 2802 584 2870 Ὥσπερ
618 2804 782 2873 φασὶν
830 2805 890 2859 ἐν
946 2805 1188 2878 ἰατρικῇ,
1238 2809 1306 2863 τά
1363 2810 1438 2881 μὴ
1485 2814 1701 2884 καθαρὰ
1751 2814 1860 2867 τῶν

290 2895 567 2964 σωμάτων
603 2896 788 2968 ὁπόσῳ
835 2896 903 2950 ἂν
949 2898 1175 2971 θρέψῃς,
1213 2902 1411 2970 μᾶλλον
1438 2902 1686 2972 βλάψεις,
1726 2906 1862 2975 ὓλην

288 2985 584 3041 ὑποϐαλὼν
615 2989 681 3059 τῇ
721 2989 1071 3061 κακοχυμίᾳ·
1120 2992 1293 3057 οὕτως
1328 2996 1423 3049 καὶ
1450 2995 1628 3066 ψυχὴν
1667 2999 1864 3069 μοχθη-

1961 1900 2111 1954 ﬁrma
2131 1909 2213 1956 est
2230 1915 2442 1967 eorum,
2459 1918 2578 1972 quae
2606 1918 2701 1972 per
2720 1902 2875 1958 ﬁdem
2893 1912 3111 1972 accepta
3136 1914 3285 1970 sunt,
3310 1906 3539 1960 demon-

1958 1990 2172 2044 stratio.

2029 2078 2285 2136 Severini.
2318 2069 2437 2136 Non
2466 2082 2557 2149 qui
2593 2082 2769 2137 cuivis
2788 2084 2957 2139 credit
2977 2085 3153 2143 ﬁdelis
3182 2086 3402 2148 dicitur,
3439 2086 3533 2141 sed

1957 2173 2050 2240 qui
2085 2170 2196 2225 Deo
2222 2174 2412 2239 credit,
2450 2174 2536 2227 hic
2564 2174 2716 2230 solus
2758 2175 2931 2231 ﬁdelis
2959 2188 3043 2230 est
3092 2187 3145 2231 et
3210 2178 3429 2233 dicitur.

2034 2261 2294 2317 Philonis.
2318 2264 2455 2319 Vera
2489 2265 2788 2319 bierarcltia
2819 2282 3062 2333 quamam
3087 2270 3208 2327 alia.
3233 2284 3393 2337 quam
3416 2269 3536 2322 ani-

1961 2367 2062 2407 ma;
2084 2352 2193 2408 Deo
2216 2355 2424 2409 dilectte
2446 2356 2636 2423 pietas,
2673 2355 2879 2411 fuerit?
2909 2358 3066 2427 cujus
3098 2360 3370 2430 gratitndo
3392 2359 3536 2428 apud

1962 2446 2130 2503 Deum
2158 2450 2479 2504 immortalis
2512 2460 2617 2516 est,
2670 2467 2908 2521 perenne
2964 2468 3140 2509 aevum
3204 2467 3328 2509 cum
3397 2453 3532 2516 sole,

1961 2538 2012 2609 5
2052 2539 2183 2594 luna
2223 2550 2275 2595 et
2325 2549 2434 2594 toto
2468 2542 2669 2596 mundo
2697 2543 3013 2598 extendens.

2028 2631 2352 2687 Aristotelis.
2407 2631 2665 2688 Omnium
2724 2636 2941 2703 quidem
2997 2634 3325 2704 principium
3377 2635 3522 2704 opti-

1961 2738 2107 2777 mum
2146 2723 2287 2779 Deus
2318 2732 2423 2789 est,
2453 2726 2717 2778 virtutum
2753 2740 2878 2779 vero
2912 2727 3102 2794 pietas.

2031 2817 2496 2883 Quemadmodum
2529 2817 2583 2870 in
2615 2816 2883 2870 medicina
2915 2819 3030 2870 ﬁeri
3061 2817 3274 2881 dicunt,
3309 2822 3368 2870 ut
3396 2829 3520 2868 cor-

1961 2923 2095 2976 pora
2125 2922 2229 2961 non
2269 2922 2406 2974 pura
2461 2922 2571 2976 quo
2631 2907 2804 2977 magis
2857 2907 3173 2975 nntrireris,
3247 2922 3312 2961 eo
3359 2905 3530 2975 magis

1964 3000 2150 3065 laedas,
2211 2999 2497 3054 materiam
2558 2999 2817 3053 nimirum
2878 3000 3152 3067 corruptis
3211 2997 3533 3052 humoribus

291 3078 413 3151 ροϊς
439 3076 674 3146 δόγμασι
702 3081 1270 3154 προκατειλημμένην,
1301 3087 1481 3155 ὁπόσῳ
1524 3090 1597 3142 ἂν
1620 3090 1859 3162 διδάξῃς,
1888 3132 1891 3152 .

1982 3106 2262 3163 tuggereus
2295 3107 2311 3149 :
2352 3091 2434 3148 sic
2458 3091 2640 3161 pravis
2679 3091 3031 3161 opinionibus
3089 3101 3520 3161 praeoccupatam

294 3170 503 3237 μᾶλλον
536 3170 783 3240 βλάψεις,
815 3174 1070 3243 μείζονας
1091 3178 1262 3248 ἀρχὰς
1300 3180 1437 3252 αὐτῇ
1478 3183 1580 3252 τῆς
1613 3183 1864 3253 ψευδοδο-

292 3260 415 3325 ξίας
440 3264 724 3334 παρέχων.

912 3468 1133 3524 ΛΟΓΟΣ
1183 3468 1262 3528 B'.

292 3556 439 3626 Περὶ
496 3558 618 3612 τῶν
674 3561 1172 3628 παραϐεϐηκότων
1220 3563 1336 3629 τὴν
1401 3565 1720 3622 εὐσέϐειαν
1768 3568 1869 3623 καὶ

546 3629 777 3693 πίστιν,
806 3629 903 3683 καί
926 3632 1012 3697 εις
1035 3632 1183 3685 Θεὸν
1214 3632 1614 3690 ἀσεϐούντων.

375 3720 527 3774 Ἰδὼν
561 3722 590 3774 ὁ
612 3721 739 3786 λαδς
771 3722 852 3775 ὅτι
874 3722 1159 3793 κεχρόνικε
1182 3725 1425 3795 Μωῦσῆς
1468 3727 1775 3796 καταϐῆναι
1804 3729 1870 3782 ὲκ

291 3813 390 3866 τοῦ
421 3813 610 3884 ὅρους,
634 3813 865 3883 συνέστη
925 3815 1020 3867 ἐπὶ
1060 3814 1294 3884 Ἀαρὼν,
1329 3819 1424 3870 καὶ⁵
1469 3818 1619 3886 λέγει
1668 3818 1816 3889 αὐτῷ
1851 3837 1865 3850 ο

306 3905 602 3974 Ἀνάστηθι
627 3906 721 3958 καὶ
748 3905 973 3973 ποίησον
1038 3909 1170 3977 ἡμῖν
1228 3908 1406 3974 θεοὺς,
1456 3909 1506 3962 οἳ
1564 3909 1869 3979 προπορεύ-

296 4014 485 4051 σονται
507 3998 687 4066 ἡμῶν.
724 3998 785 4051 '0
816 3997 925 4068 γὰρ
967 3999 1208 4071 Μωῦσῆς
1240 3994 1394 4064 οὗτος
1424 4001 1451 4053 ὁ
1477 4000 1759 4069 ἄνθρωπος
1812 4000 1871 4065 ὃς

292 4086 569 4155 ιξήγαγεν
590 4088 735 4156 ἡμᾶς
766 4086 824 4152 ἐξ
853 4086 1152 4152 Αἰγύπτου,
1187 4087 1288 4143 οὐκ
1315 4088 1536 4159 οίδαμεν
1565 4089 1617 4143 τί
1646 4091 1870 4158 γέγονεν

294 4179 469 4248 αὐτῷ.
503 4179 612 4230 Καὶ
632 4178 779 4246 λέγει
807 4179 992 4241 αὐτοῖς
1038 4178 1253 4252 ’Δαρών
1285 4195 1299 4211 ⁶
1328 4180 1650 4250 Περιέλεσϐε
1698 4181 1766 4235 τὰ
1788 4182 1872 4234 ὲν-

293 4270 440 4323 ὡτια
466 4270 536 4324 τὰ
565 4273 744 4339 χρυσᾶ
772 4271 839 4323 τὰ
873 4270 929 4322 έν
952 4271 1066 4333 τοῖς
1104 4269 1207 4322 ὠσὶ
1235 4268 1345 4322 τῶν
1389 4270 1663 4338 γυναικῶν
1697 4269 1868 4342 ὑμῶν,

295 4363 394 4415 καὶ
422 4360 739 4431 θυγατέρων
771 4360 946 4429 ὑμῶν,
1004 4361 1098 4414 καὶ
1141 4360 1406 4429 ἐνέγκατε
1463 4361 1599 4431 πρὸς
1634 4362 1723 4428 μέ.
1765 4362 1873 4414 Καὶ

297 4562 473 4613 εγκαν
503 4546 640 4614 πρὸς
672 4545 883 4615 Ἀαρών
905 4561 918 4576 ο
953 4544 1049 4597 καὶ
1077 4543 1334 4612 ἐποίησεν
1360 4543 1498 4596 αὐτὰ
1530 4545 1728 4615 μόσχον
1760 4563 1867 4614 χω·

298 4637 510 4704 νευτδν,
534 4639 628 4690 καὶ
657 4632 810 4690 εἶπεν
838 4653 853 4666 ³
893 4635 1060 4690 Οὗτοι
1102 4636 1153 4688 οἱ
1183 4634 1294 4689 θεοί
1326 4654 1441 4705 σου,
1482 4636 1873 4709 Ἰσραὴλ,οίτι-

299 4746 390 4792 νες
422 4727 754 4782 ἀνεϐίϐασάν
784 4745 843 4780 σε
874 4728 939 4781 ἐκ
967 4727 1069 4795 γῆς
1099 4726 1396 4795 Αἰγύπτου.

384 4819 485 4870 Διά
515 4819 614 4886 τὴν
649 4817 911 4871 ἀσέϐειαν
939 4816 1046 4870 τῶν
1068 4815 1239 4870 ἐθνῶν
1285 4816 1489 4870 τούτων
1527 4816 1731 4886 Κύριος
1782 4808 1874 4882 ἐξ·

300 4909 618 4979 ολοθρεύσει
642 4910 839 4972 αὐτοὺς
866 4909 971 4979 πρδ
1007 4907 1302 4978 προσώπου
1328 4924 1423 4960 σου
1458 4922 1472 4935 ·
1518 4908 1578 4960 οὐ
1631 4907 1719 4960 διὰ
1775 4909 1874 4977 τὴν

300 5006 561 5070 ὁσιότητα
595 5001 695 5067 τῆς
721 5002 949 5071 καρδίας
984 5014 1078 5054 σου
1127 5000 1428 5073 είσπορεύῃ
1464 5000 1873 5070 κληρονομῆσαι

301 5096 404 5165 τὴν
458 5095 562 5163 γῆν
607 5093 813 5160 αὐτῶν,
868 5091 1010 5146 ἀλλά
1048 5092 1138 5146 διὰ
1159 5091 1254 5163 τὴν
1285 5092 1517 5162 ἀνομίαν
1551 5091 1659 5143 τῶν
1703 5089 1876 5144 ὲθνῶν

304 5189 535 5250 τούτων,
571 5184 777 5256 Κύριος
827 5182 1198 5255 ὲξολοθρεύσει
1252 5183 1450 5247 αὐτοὺς
1497 5182 1603 5252 πρὸ
1655 5181 1876 5252 προσώ-

307 5296 413 5331 που
447 5294 565 5330 σου.

379 5364 551 5423 Εἶπεν
574 5366 777 5439 Κύριος
805 5369 919 5431 τοῖς
950 5367 1088 5431 υἱοῖς
1116 5367 1352 5439 Ἰσραὴλ,
1396 5386 1414 5419 ι
1436 5367 1621 5435 Ὑμεῖς
1673 5368 1877 5434 ἐγκατ-

312 5459 533 5512 ελίπατέ
593 5476 700 5529 με,
758 5462 855 5514 καὶ
907 5458 1258 5511 ἐδουλεύσατε
1343 5457 1482 5519 θεοῖς
1537 5458 1746 5524 ἑτέροις
1792 5454 1878 5508 διὰ

308 5552 472 5604 τοῦτο
498 5549 561 5603 οὐ
595 5549 889 5621 προσθήσω
918 5548 1012 5602 τοῦ
1046 5551 1217 5602 σῶσαι
1254 5550 1421 5618 ὑμᾶς.
1482 5548 1739 5612 Βαδίζετε
1786 5547 1879 5600 καὶ

314 5642 477 5714 βοᾶτε
508 5640 646 5710 πρὸς
677 5643 802 5705 τοὺς
837 5641 992 5704 θεοὺς
1022 5640 1116 5705 οὒς
1147 5639 1466 5707 ἐξελέξασθε
1501 5641 1734 5706 ἑαυτοῖς,
1784 5640 1879 5694 καὶ

316 5734 472 5788 αὐτοὶ
501 5732 832 5790 σωσάτωσαν
858 5734 1001 5806 ὑμᾶς
1028 5733 1086 5787 ὲν
1117 5730 1292 5803 καιρῷ
1319 5728 1568 5799 θλίψεως.
1612 5747 1630 5781 ι
1658 5792 1668 5802 ι

1966 3186 2225 3248 animam.
2266 3200 2378 3253 quo
2405 3184 2525 3253 plus
2556 3184 2827 3251 docueris,
2860 3199 2926 3239 eo
2977 3184 3146 3253 magis
3178 3182 3356 3244 lzedes.
3414 3193 3534 3232 ma-

1964 3279 2110 3348 iores
2144 3277 2377 3332 subinde
2415 3277 2556 3331 male
2605 3288 2662 3330 et
2696 3289 2980 3345 perperam
3039 3274 3312 3332 sentiendi
3365 3289 3532 3347 occa-

1970 3371 2171 3425 siones
2183 3384 2246 3424 su
2253 3368 2469 3438 ppedita
2478 3382 2560 3422 ns.

2397 3473 2629 3530 saeuo
2654 3474 2697 3528 ιι
2729 3473 2828 3545 [αι.
2883 3472 3105 3546 CLXI].

1972 3566 2048 3620 De
2074 3566 2180 3620 illis
2215 3568 2304 3636 qui
2332 3567 2579 3635 pietatm
2608 3584 2671 3620 ac
2706 3566 2865 3633 ﬁdem
2900 3568 3341 3636 pra'uarirantur,
3376 3574 3427 3620 et
3478 3567 3535 3621 in

2493 3635 2658 3689 Deum
2690 3647 2812 3691 sunt
2852 3635 3023 3707 impii.

2041 3726 2213 3781 Exod.
2275 3742 2451 3781 χχιιι.
2504 3726 2706 3782 Videns
2769 3730 3025 3797 populus,
3095 3728 3239 3798 quod
3301 3728 3535 3784 tardavit

1971 3817 2184 3889 Moyses
2213 3817 2548 3873 descendere
2586 3817 2653 3871 de
2700 3829 2904 3881 monte,
2932 3827 3294 3889 congregatus
3339 3828 3423 3873 est
3463 3819 3529 3873 ad

1969 3909 2258 3973 Aarouem,
2284 3919 2342 3963 et
2385 3908 2518 3963 dicit
2565 3909 2612 3962 ei
2647 3925 2663 3962 :
2703 3908 2897 3979 Surge,
2947 3919 3000 3963 et
3028 3908 3111 3963 iac
3155 3910 3312 3962 nobis
3377 3910 3531 3975 deos,

1972 4001 2064 4071 qui
2095 4001 2399 4069 pratcedant
2442 4013 2564 4055 nos.
2595 3997 2728 4053 Nam
2786 4000 2999 4065 Moyses
3050 4001 3139 4055 hic
3198 4001 3383 4064 homo,
3442 4000 3533 4069 qni

1971 4093 2158 4149 eduxit
2195 4106 2294 4147 nos
2352 4094 2418 4148 de
2478 4100 2624 4146 terra
2677 4091 2924 4162 Egypti,
2974 4108 3083 4146 non
3138 4093 3340 4146 scinms
3400 4092 3529 4159 quid

1972 4184 2175 4239 factum
2207 4193 2294 4240 est
2324 4184 2421 4238 illi.
2459 4182 2523 4239 Et
2553 4183 2688 4239 dicit
2722 4185 2829 4238 illis
2860 4186 3040 4238 Aaron
3078 4202 3094 4240 :
3125 4183 3322 4237 Tollite
3380 4185 3534 4236 inau-

1973 4291 2061 4331 res
2094 4290 2307 4339 aureas.
2354 4289 2471 4344 qum
2521 4275 2575 4328 in
2606 4275 2830 4329 auribus
2887 4275 3171 4329 mulierum
3229 4286 3532 4329 vestrarum

1974 4379 2029 4423 et
2065 4367 2290 4421 ﬁliarum
2309 4376 2633 4431 vestrarum,
2660 4376 2712 4420 et
2751 4365 2937 4420 afferte
2975 4367 3038 4420 ad
3068 4382 3171 4420 me.
3202 4365 3266 4421 Et
3299 4367 3540 4421 abstule-

194 4474 199 4481 ·
298 4452 641 4524 περιείλοντο
667 4453 772 4514 πᾶς
790 4454 818 4505 ὁ
842 4450 967 4512 λαὸς
990 4451 1059 4505 τὰ
1094 4452 1293 4504 ἐνώτια
1320 4451 1386 4504 τὰ
1418 4454 1614 4520 χρυσᾶ,
1684 4454 1776 4505 καὶ
1803 4452 1868 4523 ῆ-

1982 4470 2098 4514 rnnt
2129 4459 2308 4513 omnis
2362 4458 2593 4527 pepulus
2626 4457 2845 4511 inaures
2878 4472 3092 4535 aureas,
3136 4466 3190 4510 et
3239 4459 3539 4512 attulerunt

1972 4553 2038 4606 ad
2091 4554 2268 4608 Aaron
2314 4567 2329 4615 ;
2377 4558 2432 4604 et
2486 4549 2610 4601 fecit
2643 4562 2736 4601 eas
2793 4549 3021 4601 vitulum
3065 4548 3411 4602 conﬁatilem.
3472 4552 3538 4604 Et

1970 4642 2228 4697 dixerunt
2274 4657 2290 4697 ;
2349 4639 2441 4693 lsti
2489 4637 2563 4692 dii
2599 4638 2700 4705 tui,
2725 4636 2910 4701 Israel,
2943 4636 3355 4704 quieduxerunt
3386 4647 3437 4692 te
3472 4641 3539 4693 de

1973 4742 2115 4787 terra
2164 4728 2398 4800 Egypti.

2084 4821 2235 4876 Deut.
2271 4836 2345 4875 ιχ.
2382 4820 2607 4888 PrOptcr
2670 4817 3001 4887 impietatem
3039 4817 3276 4886 gentium
3345 4817 3536 4871 barum

1973 4914 2257 4971 exscindet
2289 4926 2383 4966 eos
2445 4912 2704 4965 Dominus
2768 4919 2892 4963 ante
2940 4908 3130 4962 faciem
3184 4918 3354 4963 tuam.
3421 4908 3537 4962 Non

1975 5011 2197 5074 propter
2253 5000 2672 5056 sanctimoniam
2726 5002 2908 5054 cordis
2960 5001 3035 5053 tui
3093 5009 3150 5053 tu
3183 5000 3530 5069 ingredieris,

1974 5101 2035 5146 ut
2072 5091 2352 5162 possideas
2381 5099 2579 5144 terram
2628 5105 2841 5155 earum,
2874 5089 2970 5145 sed
3015 5101 3234 5159 propter
3279 5090 3540 5160 iniquita-

1976 5193 2084 5238 tem
2122 5184 2358 5254 gentium
2413 5182 2607 5236 barum
2660 5182 2921 5238 Dominus
2965 5183 3247 5237 exscindet
3271 5198 3368 5236 eos
3417 5193 3543 5252 ante

1977 5273 2174 5329 faciem
2227 5281 2400 5330 tuam.

2079 5361 2261 5417 Iudic.
2295 5379 2349 5416 ι.
2380 5361 2445 5416 Ει
2496 5362 2635 5417 dixit
2695 5360 2957 5418 Dominus
3008 5360 3075 5415 ad
3125 5360 3273 5417 ﬁlios
3320 5359 3532 5415 lsrael:

1978 5455 2089 5510 Vos
2126 5454 2420 5522 reliquistis
2452 5468 2537 5509 me
2565 5464 2616 5508 et
2648 5451 2893 5508 coluistis
2921 5454 3051 5508 deos
3077 5451 3306 5507 alienos.
3365 5451 3536 5505 ldcir-

1978 5563 2043 5602 co
2074 5561 2177 5600 non
2201 5544 2416 5609 addam,
2451 5554 2510 5598 ut
2545 5544 2768 5599 liberem
2821 5559 2942 5600 vos.
2990 5543 3068 5598 Ite
3097 5554 3151 5598 et
3200 5544 3429 5597 clamate
3471 5540 3540 5594 a‘d

1978 5639 2110 5693 deos
2137 5651 2277 5706 quos
2306 5634 2545 5706 elegistis
2572 5635 2750 5702 vobis,
2777 5644 2829 5690 et
2874 5635 2974 5706 ipsi
3025 5635 3257 5689 libarent
3318 5645 3414 5685 vos
3478 5629 3534 5683 in

1985 5737 2228 5798 tempore
2252 5724 2588 5782 amictionis.
