3980 6248
518 325 628 388 775

1775 325 2092 383 ANTONII
2137 325 2480 385 MELISSE
3606 338 3697 398 ’Πῦ

589 439 691 493 Job
748 454 840 492 xx.
897 438 1168 492 Gaudium
1229 437 1522 506 impiorum
1595 436 1751 490 ruina
1815 437 2092 503 indecens,

2269 438 2592 508 Εὐφροσύνη
2625 438 2838 491 ἀσεϐῶν
2876 437 3076 506 πτῶμα
3112 438 3340 503 ἐξαίσιον
3373 454 3386 468 ⁸
3418 445 3634 516 χαρμονὴ
3657 452 3701 502 δὲ

519 531 703 586 laetitia
733 537 915 585 autem
948 530 1257 597 iniquorum
1313 528 1570 598 perditio.
1631 527 1686 583 Si
1743 530 2091 584 ascenderint

518 623 571 678 in
606 623 804 677 caelum
851 621 971 690 ejus
1023 619 1188 685 dona,
1239 629 1294 674 et
1346 617 1676 674 sacriﬁcium
1733 619 1854 688 ejus
1919 622 2089 675 nubes

516 715 773 784 attigerit,
804 721 860 769 et
886 713 1038 767 visus
1068 711 1231 766 fuerit
1261 711 1372 780 iam
1410 713 1659 766 ﬁrmatus
1684 725 1827 774 esse,
1876 718 2006 764 tunc
2037 711 2090 764 in

517 809 829 862 universum
865 805 1058 875 peribit
1089 845 1104 866 ,
1159 814 1209 858 et
1240 805 1332 872 qui
1373 811 1740 873 cognoverant
1771 802 1972 872 ipsum,
2004 801 2092 856 di-

516 910 638 955 cent
670 916 684 952 :
718 899 816 953 Ubi
852 899 977 953 est?

588 991 732 1046 Ibid.
764 1009 852 1047 ιι..
889 990 1078 1046 Facies
1105 991 1396 1058 impiorum
1432 987 1734 1058 ignominia
1782 986 2093 1058 implebun-

517 1094 627 1139 tur.
1573 1079 1577 1083 ’

596 1174 736 1229 Ibid.
773 1191 887 1230 ιιι.
918 1174 1117 1228 Lumen
1154 1172 1442 1239 impiorum
1476 1168 1870 1237 exstinguetur.

593 1272 737 1327 Ibid.
785 1283 874 1322 xv.
919 1264 1109 1321 Omnis
1173 1262 1276 1315 vita
1327 1259 1476 1323 impii
1531 1259 1678 1313 curis
1729 1240 2087 1326 transiéitur:

519 1374 719 1419 etcum
749 1360 902 1414 visus
935 1356 1097 1411 fuerit
1126 1356 1236 1424 jam
1294 1352 1346 1405 in
1389 1364 1522 1422 pace
1565 1363 1749 1421 agere,
1815 1349 1997 1405 veniet
2038 1350 2088 1405 ei

521 1454 834 1512 subversio.
1218 1461 1220 1464 '

593 1545 734 1600 Ibid.
774 1560 852 1599 ιιι.
881 1540 1016 1609 Spes
1055 1538 1204 1607 impii
1245 1537 1404 1606 perit.

599 1632 740 1688 Ibid.
775 1647 885 1686 χχι.
907 1627 1195 1698 lmpiorum
1223 1626 1445 1679 lucerna
1470 1624 1871 1693 exstinguetur,
1901 1635 2089 1687 super-

523 1725 700 1779 veniet
726 1733 901 1776 autem
939 1721 1046 1775 illis
1096 1717 1401 1783 subversio,
1433 1724 1489 1770 et
1517 1723 1681 1770 erunt
1729 1714 1875 1770 sicut
1917 1713 2084 1782 paleae

523 1826 686 1870 vento
717 1817 953 1885 agitata.

599 1909 732 1962 Ibid.
770 1925 843 1962 χι.
873 1907 1030 1961 Oculi
1076 1907 1366 1976 impiorum
1425 1902 1729 1958 tabescent.
1772 1897 1908 1953 Nam
1967 1914 2093 1968 spes

521 2015 710 2055 eorum
743 1998 994 2068 perditio.

592 2093 648 2163 6
680 2089 828 2144 Psal.
858 2106 988 2143 xvu.
1023 2087 1142 2141 Filii
1181 2087 1339 2140 alieni
1391 2083 1599 2138 mentiti
1628 2093 1755 2138 sunt
1781 2081 1934 2135 mihi.
1970 2079 2096 2136 Filii

522 2184 684 2239 alieni
737 2182 1022 2238 inveterati
1076 2189 1227 2248 Sunt,
1257 2191 1310 2233 et
1361 2177 1804 2233 claudicaverunt
1847 2191 1876 2228 a
1925 2173 2084 2229 semi-

524 2275 591 2329 tis
620 2275 754 2328 suis.

597 2363 735 2417 Ibid.
761 2379 942 2417 xxxvt.
977 2362 1182 2416 Inimici
1221 2359 1431 2413 Domini
1473 2373 1598 2411 mox
1646 2366 1703 2409 ut
1736 2352 2086 2407 honoriticati

523 2469 576 2511 ct
621 2458 841 2511 exaltati
899 2454 1123 2522 fuerint,
1163 2452 1476 2508 deﬁcientes
1511 2445 1967 2520 quemadmodum
2010 2442 2094 2496 Iu-

525 2565 649 2604 tnus
675 2549 1011 2602 defecerunt.

598 2639 736 2694 Ibid.
773 2638 893 2693 Vidi
943 2637 1167 2706 impium
1222 2633 1683 2704 superexaltatum
1715 2638 1768 2683 et
1818 2627 2088 2681 elevatum

525 2730 670 2784 sicut
694 2730 884 2784 cedros
919 2727 1134 2783 Libani.
1165 2725 1228 2780 Et
1259 2724 1513 2787 transivi,
1544 2730 1599 2775 et
1631 2734 1756 2775 ecce
1797 2733 1900 2772 non
1952 2724 2090 2779 erat,

524 2829 579 2876 et
601 2821 822 2890 (μιωείγί
851 2835 998 2886 eum,
1043 2827 1100 2874 et
1138 2832 1243 2872 non
1265 2829 1349 2872 est
1382 2816 1631 2869 inventus
1663 2812 1816 2867 locus
1859 2810 1998 2879 ejus.

598 2997 739 3052 Ibid.
770 3013 940 3052 uxn.
969 2996 1073 3063 Qui
1105 2995 1361 3062 elongant
1399 3005 1456 3047 se
1502 3006 1534 3045 a
1566 2999 1639 3055 te,
1666 2987 1942 3056 peribunt.
1965 2982 2095 3038 Per-

526 3090 712 3144 didisti
752 3103 964 3155 omnes,
999 3089 1092 3159 qui
1133 3085 1479 3142 fornicantur
1513 3081 1610 3136 abs
1639 3090 1712 3135 te.

602 3269 758 3323 Prov.
793 3284 866 3323 IV.
893 3267 1007 3322 Via:
1031 3266 1319 3336 impiorum
1351 3262 1672 3324 tenebrosae,
1703 3267 1756 3314 et
1779 3271 1889 3313 non
1914 3255 2096 3312 sciunt

531 3363 587 3416 in
620 3377 732 3429 quo
764 3360 1066 3414 offendunt.
1604 3395 1612 3401 .

606 3451 746 3505 Ibid.
783 3466 854 3504 χι.
899 3447 1096 3504 Facilis
1125 3455 1178 3501 et
1209 3443 1446 3514 jucunda
1495 3441 1552 3496 ﬁt
1590 3440 1882 3510 impiorum
1919 3435 2098 3508 perdi-

529 3541 626 3596 tio.

609 3632 782 3686 Vitam
837 3630 1123 3699 impiorum
1175 3627 1449 3681 subvertet
1499 3623 1778 3676 Dominus.

607 3724 744 3780 Ibid.
777 3739 828 3778 x.
856 3721 1089 3778 Fructus
1121 3719 1410 3788 impiorum
1455 3712 1708 3784 perditio.

613 3812 752 3870 Ibid.
792 3829 850 3867 ll.
877 3811 1050 3880 Opera
1080 3809 1284 3878 injusta
1315 3806 1444 3861 facit
1471 3803 1689 3872 impius.

609 3906 750 3960 Ibid.
782 3922 840 3960 η.
870 3903 981 3959 Viae
1011 3903 1300 3972 impiorum
1332 3900 1400 3955 de
1448 3906 1590 3952 terra
1621 3895 1895 3967 peribunt.

605 4000 745 4054 Ibid.
774 4015 832 4052 ιι.
863 3995 1174 4053 Persecutio
1201 3993 1490 4061 impiorum
1527 3989 1591 4042 ad
1621 3997 1875 4042 mortem.

607 4091 746 4149 Ibid.
774 4105 888 4143 xvi.
921 4087 1124 4155 Impius
1155 4091 1405 4140 servatur
1433 4081 1486 4134 in
1519 4080 1659 4133 diem
1686 4077 1912 4131 malum.

610 4181 754 4242 Ibid.
781 4195 969 4236 xxvm.
998 4177 1157 4247 Fugit
1211 4173 1413 4243 impius
1458 4172 1677 4226 nemine
1718 4175 2098 4238 persequente.

607 4273 814 4328 Animae
851 4268 1006 4338 itnpii
1038 4279 1200 4321 nemo
1229 4262 1575 4319 miserebitur
1609 4259 1950 4314 mortalium.

606 4459 760 4514 Prov.
795 4471 950 4512 xvut.
986 4453 1121 4508 Cum
1171 4449 1387 4505 venerit
1442 4444 1640 4516 impius
1695 4445 1748 4498 in
1774 4443 2096 4514 profundum
2132 4467 2174 4521 ο

533 4557 825 4613 malorum,
853 4547 1174 4604 contemnit.

603 4643 740 4699 Ibid.
824 4657 923 4697 ur.
1008 4639 1229 4696 Viscera
1304 4635 1597 4710 impiorum
1688 4633 1932 4689 misereri
2005 4646 2101 4686 ne-

533 4738 737 4792 sciunt.

608 4829 762 4883 Osee.
790 4823 1091 4881 Maledictio
1115 4821 1332 4878 Domini
1380 4822 1434 4876 in
1485 4820 1741 4876 domibus
1783 4818 2098 4887 impiorum.

532 4924 672 4976 Anni
707 4921 991 4989 impiorum
1021 4918 1178 4988 pauci
1209 4925 1388 4970 erunt.

606 5013 750 5067 Osee.
786 5027 882 5071 vn.
912 5011 1002 5064 Va:
1029 5010 1129 5074 eis,
1158 5009 1414 5077 quoniam
1449 5005 1761 5061 resilicrunt
1787 5017 1818 5054 a
1870 5013 1974 5053 me.
2001 4997 2103 5051 Mi-

535 5104 638 5157 seri
668 5111 813 5166 sunt,
854 5099 1112 5170 quoniam
1163 5098 1313 5167 impii
1347 5097 1569 5150 fuerunt
1607 5096 1661 5148 in
1711 5108 1815 5146 me.
1843 5089 1955 5160 Ego
1999 5103 2101 5142 au-

537 5209 642 5248 tem
681 5195 886 5248 redemi
915 5208 1032 5253 eos.
1069 5199 1122 5246 et
1179 5189 1282 5261 ipsi
1335 5192 1504 5245 locuti
1570 5195 1698 5243 sunt
1759 5195 1946 5240 contra
2018 5197 2104 5238 me

536 5285 838 5340 mendacia.

611 5376 816 5430 Habac.
838 5392 877 5429 ι.
909 5375 1330 5430 lnﬁrmabuntur
1361 5375 1534 5444 impii,
1557 5382 1608 5427 et
1635 5371 1878 5425 auferam
1901 5369 2102 5439 impios

533 5485 563 5523 a
609 5469 748 5523 facie
801 5475 980 5532 terrae,
1012 5467 1145 5522 dicit
1193 5465 1477 5521 Dominus-

604 5559 717 5619 lca.
753 5576 790 5614 ι.
832 5559 993 5624 Audi,
1029 5560 1252 5624 coelum,
1312 5567 1364 5613 et
1398 5572 1562 5625 terra,
1595 5558 1819 5612 auribus
1882 5554 2102 5624 percipe

535 5653 702 5722 verba
736 5651 850 5707 oris
876 5653 1001 5719 mei,
1035 5653 1293 5723 quoniam
1332 5650 1598 5708 Dominus
1626 5651 1841 5706 locutus
1870 5655 1954 5703 est
1994 5643 2104 5700 :Fi-

542 5744 646 5800 tios
673 5744 856 5814 genui,
887 5754 991 5802 etc.

2196 532 2532 600 παρανόμων
2565 532 2830 586 ἀπώλεια.
2877 529 3002 583 Ἐὰν
3037 529 3212 598 ἀναϐῇ
3243 529 3404 582 αὑτοῦ
3453 536 3522 596 εἰς
3572 537 3684 607 οὐρα

2195 624 2284 673 νδν
2309 622 2377 674 τὰ
2404 623 2577 692 δῶρα,
2611 621 2725 688 ἠδὲ
2761 620 2919 674 Θυσία
2955 619 3122 674 αὐτοῦ
3175 621 3350 688 νεφῶν
3385 620 3588 690 ἅψηται,
3631 629 3704 678 καὶ

2193 713 2321 782 δοκῇ
2353 713 2451 783 ἤδη
2479 713 2935 783 κατεστηρίχοαι,
2967 713 3088 764 τότε
3141 714 3220 775 εἰς
3249 711 3396 772 τέλος
3446 713 3701 770 ἀπολεῖται.

2193 804 2259 858 Οῑ
2293 805 2348 857 δὲ
2383 805 2581 868 ἰδόντες
2615 805 2777 858 αὐτὸν
2807 803 3011 876 ἐροῦσι,
3049 804 3156 856 Ποῦ
3187 805 3331 856 ἐστιν
3369 820 3382 869 ;

2265 984 2538 1053 Πρόσωπα
2572 983 2784 1038 ἀσεϐῶν
2813 984 3038 1053 ἀτιμίας
3063 983 3542 1053 ὲμπλησθήσονται.

2262 1163 2382 1223 Φῶς
2406 1163 2616 1217 ἀσεϐῶν
2647 1163 3028 1232 σϐεσθήσεται.

2263 1261 2380 1321 Πᾶς
2405 1262 2431 1312 ό
2469 1259 2582 1328 βίος
2613 1258 2842 1323 ἀσεϐοῦς
2874 1261 2931 1312 ὲν
2954 1257 3214 1331 φροντίδι.
3259 1259 3424 1316 Ὅταν
3447 1260 3564 1332 δοκῇ
3593 1263 3710 1331 εἰρη-

2191 1353 2391 1420 νεύειν,
2425 1353 2545 1424 ἦξει
2567 1352 2775 1425 αὑτῷ’ή
2801 1353 3179 1432 καταστροφή.

2261 1536 2448 1598 Ἐλπὶς
2477 1533 2712 1596 ἀσεϐοῦς
2734 1533 3040 1588 ἀπολεῖται.

2273 1625 2510 1679 Ἀσεϐῶν
2534 1625 2728 1694 λύχνος
2762 1623 3146 1690 σϐεσθὴσεται.
3203 1621 3504 1673 Ἔλεύσεται
3548 1624 3597 1676 δὲ
3635 1623 3710 1676 αὖ·

2189 1720 2301 1779 τοῖς
2331 1719 2365 1786 ἠ
2396 1711 2767 1785 καταστροφὴ,
2807 1715 2901 1767 καὶ
2935 1713 3142 1766 ἔσονται
3180 1710 3372 1779 ὥσπερ
3427 1711 3588 1782 ἄχυρα
3633 1713 3714 1766 ὑπὸ

2123 1788 2167 1849 Β
2195 1809 2419 1875 ἀνέμου.

2279 1897 2582 1967 Ὀφθαλμοὶ
2605 1897 2820 1950 ἀσεϐῶν
2841 1894 3188 1964 τακήσονται.
3235 1892 3302 1945 Ἦ
3335 1876 3606 1962 γὰρ’ὲλπὶς
3640 1891 3714 1943 αὖ.

2193 1994 2302 2043 τῶν
2331 1991 2596 2045 ἀπώλεια.
3663 2010 3672 2022 ‘

2266 2081 2385 2132 Υἱοὶ
2418 2080 2686 2151 ἀλλότριοι
2720 2076 3019 2148 ὲψεὺσσιντό
3045 2094 3154 2146 μοι.
3192 2077 3316 2128 Υἱοὶ
3344 2075 3717 2145 ἀλλότριοιέπα-

2193 2173 2526 2242 λαιῶοησαν,
2562 2172 2657 2225 καὶ
2684 2172 2962 2241 ὲχώλαναν
2987 2169 3094 2223 ἀπὸ
3122 2168 3230 2221 τῶν
3251 2166 3451 2237 τρίϐων
3473 2166 3650 2218 αὐτῶν.

2259 2357 2324 2407 Οἱ
2353 2354 2535 2422 ἐχθροὶ
2561 2350 2656 2405 τοῦ
2681 2349 2888 2420 Κυρίου
2925 2350 3040 2417 ἅμα
3087 2348 3164 2416 τῷ
3205 2349 3519 2417 δοξασθῆναι
3561 2346 3719 2407 αὐτοὺς

2194 2450 2286 2500 καὶ
2319 2446 2619 2516 ὑψωθῆναι,
2657 2443 2996 2520 ἐκλείποντες
3025 2441 3156 2494 ὡσεὶ
3181 2440 3390 2504 καπνὸς
3419 2439 3655 2506 ἐξέλιπον.

2268 2621 2423 2676 Εἶδον
2452 2621 2543 2674 τὸν
2576 2619 2747 2687 ἀσεϐῆ
2789 2615 3235 2688 ὐπερυψούμενον
3267 2619 3360 2693 καὶ
3387 2617 3720 2685 ἐπαιρόμενον,

2192 2717 2266 2777 ὼς
2319 2715 2414 2775 τὰς
2467 2713 2692 2779 κέδρους
2740 2711 2835 2762 τοῦ
2870 2709 3126 2761 Λιϐάνου.
3188 2709 3301 2760 Καὶ
3350 2707 3623 2776 παρῆλθον,
3651 2709 3722 2758 καὶ

2199 2803 2310 2856 ἰδοὺ
2343 2801 2443 2853 οὐκ
2475 2797 2543 2871 ἦν
2576 2816 2590 2830 ο
2625 2800 2715 2852 καὶ
2737 2797 2976 2867 ἐζήτησα
3008 2797 3190 2860 αὑτὸν,
3228 2797 3325 2850 καὶ
3351 2797 3446 2866 οὐχ
3502 2795 3671 2865 εὑρέθη
3701 2797 3723 2846 ό

2193 2893 2360 2954 τόπος
2401 2891 2589 2944 αὐτοῦ.
3548 2901 3550 2903 ’

2283 2981 2410 3037 Ἰδοὺ
2444 2985 2493 3038 οἱ
2525 2985 2897 3055 μακρύνοντες
2937 2983 3164 3045 ἑαυτοὺς
3217 2981 3327 3037 ἀπὸ
3363 2980 3455 3036 σοῦ
3506 2975 3723 3034 ἀπολοῦν-

2197 3095 2309 3134 ται.
2375 3077 2810 3148 Ἐξωλόθρευσας
2870 3077 3046 3132 πάντα
3110 3076 3203 3130 τὸν
3285 3076 3602 3148 πορνεύοντα
3643 3071 3726 3126 ἀπὸ

2200 3171 2314 3226 σοῦ.
2363 3187 2376 3194 ’

2271 3269 2340 3323 Αἱ
2395 3271 2507 3325 ὁδοὶ
2545 3272 2655 3324 τῶν
2699 3271 2911 3325 ἀσεϐῶν
2961 3270 3261 3335 σκοτειναὶ,
3315 3267 3409 3323 καὶ
3448 3267 3542 3321 οὐκ
3583 3263 3728 3316 οἴδασι

2199 3361 2316 3424 πῶς
2343 3364 2794 3432 προσκόπτουσιν.

2273 3455 2568 3526 Πρόχειρος
2608 3455 2817 3524 γίνεται
2864 3455 2957 3507 καὶ
3005 3449 3307 3522 ἐπίχαρτος
3365 3450 3568 3506 ἀσεϐῶν
3611 3445 3731 3502 ἀπὼ-

2199 3547 2340 3602 λεια.

2274 3639 2429 3709 Ζωὴν
2462 3640 2675 3700 ἀσεϐῶν
2701 3639 3029 3711 ἀναστρέψει
3054 3640 3286 3710 Κύριος.

2273 3735 2489 3805 Καρποὶ
2508 3735 2722 3789 ἀσεϐῶν
2749 3735 3011 3789 ἀπώλεια.

2267 3826 2499 3898 Ἀσεϐὴς
2524 3829 2668 3882 ποιεῖ
2705 3829 2844 3898 ἔργα
2873 3830 3057 3885 ἄδικα.

2285 3918 2425 3972 Ὀδοι
2447 3921 2656 3974 ἀσεϐῶν
2689 3922 2752 3974 ἐκ
2782 3921 2884 3989 γῆς
2906 3920 3174 3978 όλοῦνται.

2285 4011 2347 4062 Ὀ
2376 4011 2618 4080 διωγμὸς
2646 4012 2858 4064 ἀσεϐῶν
2881 4015 2960 4073 εἰς
2988 4012 3236 4068 θάνατον.
3506 4063 3512 4067 .

2273 4101 2608 4154 Φυλάσσεται
2638 4102 2667 4154 ό
2705 4101 2907 4170 ἀσεϐὴς
2942 4104 3020 4165 εἰς
3053 4102 3267 4172 ἡμέραν
3293 4103 3493 4172 κακήν.

2277 4190 2472 4261 Φεύγει
2507 4193 2706 4263 ἀσεϐὴς
2736 4193 2962 4262 μηδενὸς
2983 4193 3294 4258 διώκοντος.

2275 4281 2436 4357 Ψυχὴ
2468 4286 2698 4350 ἀσεϐοῦς
2737 4289 2836 4340 οὐκ
2872 4287 3230 4357 ἐλεηθήσεται
3281 4281 3382 4342 ὐπί
3403 4281 3608 4344 οὐδενὸς
3648 4279 3735 4334 τῶν

2206 4381 2302 4435 ἀνθ
2311 4382 2526 4451 ρώπων.
3045 4427 3058 4436 ,

2276 4471 2502 4542 Ἀσεϐὴς
2533 4471 2703 4525 ἐλθὼν
2735 4473 2816 4537 εἰς
2854 4471 3016 4542 βάθος
3047 4472 3233 4526 κακῶν
3261 4469 3602 4542 καταφρονεῖ.

2274 4651 2355 4703 Τὰ
2394 4651 2681 4721 σπλάγχνα
2711 4650 2818 4705 τῶν
2847 4649 3058 4704 ἀσεϐῶν
3094 4650 3462 4720 ἀνελεήμονα.

2278 4819 2507 4904 Κατάρα
2565 4833 2768 4905 Κυρίου
2803 4838 2859 4887 ὲν
2905 4833 3072 4896 οἴκοις
3118 4833 3361 4888 ἀσεϐῶν.
3385 4832 3516 4901 “En;
3565 4826 3743 4882 ἀσεϐῶν

2203 4927 2376 4995 όλὶγα.

2276 5019 2414 5071 Οὐαὶ
2443 5019 2647 5083 αὐτοῖς,
2673 5018 2753 5072 ὅτι
2779 5017 3138 5087 ἀπιπήδησαν
3173 5016 3272 5071 ἀπ’
3316 5018 3454 5078 ἐμοῦ
3487 5036 3501 5050 ι
3558 5007 3746 5065 δείλαιοι

2206 5113 2360 5174 εἰσιν,
2391 5112 2470 5164 ὅτι
2503 5111 2779 5180 ἠσέϐησαν
2810 5112 2889 5172 εἰς
2927 5109 3048 5176 ἐμέ.
3093 5107 3234 5176 Ἐγὼ
3279 5110 3338 5159 δὲ
3392 5104 3748 5172 ἐλυτρωσάμην

2205 5200 2402 5261 αὐτούς
2448 5215 2460 5228 ’
2491 5201 2646 5253 αὐτοὶ
2678 5199 2735 5252 δὲ
2767 5198 3141 5267 κατελάλησαν
3179 5198 3305 5250 κατ’
3336 5197 3470 5266 ἐμοῦ
3496 5191 3674 5264 ψευδῆ.

2277 5379 2696 5450 Ἀσυενήσουσιν
2739 5379 2788 5430 οἱ
2831 5377 3067 5441 ἀσεϐεῖς,
3100 5377 3190 5431 καὶ
3237 5374 3427 5444 ἐξαρῶ
3477 5373 3595 5432 τοὺς
3647 5368 3752 5418 bee-

2210 5475 2324 5536 ϐεἰς
2357 5474 2464 5526 ἀπὸ
2500 5471 2794 5539 προσώπου
2826 5470 2926 5539 τῆς
2950 5472 3072 5538 γῆς,
3104 5471 3248 5537 λέγει
3284 5470 3514 5536 Κύριος.

2279 5567 2500 5624 Ἄκουε,
2531 5563 2747 5632 οὐρανὲ,
2797 5562 2889 5614 καὶ
2936 5562 3208 5626 ε’νωτὶζου,
3245 5562 3279 5630 ἡ
3313 5561 3410 5627 γῇ,
3455 5557 3522 5610 τὰ
3567 5555 3755 5625 ῥήματα

2205 5654 2297 5707 τοῦ
2355 5652 2620 5721 στόματός
2681 5669 2804 5722 μου,
2834 5653 2916 5706 ὅτι
2980 5651 3183 5720 Κύριος
3240 5649 3534 5720 ἐλάλησεν,
3572 5643 3751 5699 «Υἱοὺς

2205 5742 2489 5810 ἐγέννησα.
2535 5759 2552 5791 ι
