3980 6248
476 263 580 325 770

1744 259 2062 320 ANTONII
2112 259 2466 320 MELISSxE
3375 308 3404 313 _

3628 255 3728 316 7‘30

476 377 604 430 etsi
648 376 1038 440 nascitniui,in
1097 374 1528 430 tnaledictimtetn
1587 375 1638 428 id
1705 374 1836 428 lict:
1905 375 2023 429 etsi

2201 377 2248 428 ,λ
2273 378 2367 430 ἐὰν
2396 376 2716 447 γεννηθῆτε,
2746 377 2826 439 εἰς
2853 378 3102 443 κατάραν
3158 367 3586 440 γεννηθήσεσθε,
3643 373 3731 421 και

475 467 743 532 obit-ritis,
779 468 832 520 itt
859 466 1289 520 tlinlmiltliOIlClll
1332 467 1491 520 divisi
1525 467 1697 522 eritis.

551 557 715 610 Ecrli.
755 575 881 611 χχιι.
932 556 1134 610 Luctus
1190 559 1386 611 mortui
1440 569 1644 626 septem
1711 561 1850 625 dies,
1898 564 2048 618 stulti

479 661 662 702 autem
700 659 748 702 et
780 648 926 716 impii
957 664 1149 701 omnes
1193 649 1308 703 dies
1345 650 1464 702 vitae
1505 650 1674 703 illius.

559 743 721 794 Frcli.
760 740 1281 796 xxxiv-.Onlationes
1343 743 1636 811 impiorum
1688 759 1794 798 non
1857 747 2053 814 probat

479 835 817 888 Altissimus.
1863 889 1875 898 ,

555 926 749 981 Matth.
785 942 833 978 x.
877 923 1208 992 Quicunque
1253 925 1528 994 negaverit
1587 940 1675 979 tne
1722 939 1907 980 coram
1947 927 2048 978 lto-

482 1020 742 1082 tninibus,
777 1018 980 1086 negabo
1023 1026 1076 1069 et
1121 1032 1220 1085 ego
1270 1017 1418 1070 lllttttt
1477 1031 1662 1072 coratu
1709 1016 1866 1072 Patre
1911 1033 2058 1082 meo,

480 1112 569 1180 qui
598 1114 648 1161 in
679 1111 830 1164 cadis
862 1121 962 1164 est.

557 1203 724 1255 Hebr.
764 1220 834 1256 vt.
881 1201 1020 1256 Fieri
1076 1219 1180 1255 non
1227 1211 1426 1270 potest,
1457 1211 1513 1255 ut
1571 1202 1657 1270 qui
1718 1203 1886 1258 semel
1947 1201 2066 1256 fue-

485 1295 597 1347 rint
626 1294 936 1357 illutninati,
989 1296 1438 1362 gu~laverintque
1490 1295 1698 1348 donum
1734 1295 1975 1357 caeleste,
2009 1301 2064 1348 et

486 1385 778 1451 participes
811 1384 938 1437 facti
975 1384 1175 1437 fuerint
1205 1385 1442 1453 Spiritus
1484 1387 1676 1447 sancti,
1706 1387 2066 1455 gustaverint-

486 1491 591 1542 que
617 1477 818 1528 bonum
851 1477 940 1529 Dei
976 1480 1198 1530 verbum
1232 1493 1293 1530 ac
1321 1479 1549 1533 virtutes
1591 1478 1762 1532 futuri
1789 1478 1999 1542 saaculi,
2022 1477 2066 1530 si

488 1568 865 1636 prolabautur,
899 1569 1078 1621 denuo
1113 1580 1440 1622 renoventur
1468 1569 1524 1639 8
1557 1585 1649 1637 per
1674 1569 2067 1638 paenitentiam,

490 1661 556 1708 ab
589 1659 799 1726 integro
835 1660 1218 1729 crtteiftgentes
1248 1659 1604 1728 5tbitnetipsis
1631 1657 1827 1713 Filium
1865 1659 1978 1721 Dei,
2016 1668 2066 1712 et

493 1747 730 1803 ludibrio
755 1761 1111 1820 exponentes.
1151 1751 1430 1820 Siquidem
1481 1761 1648 1813 terra,
1674 1767 1794 1820 quae
1839 1751 2067 1806 imbrem

491 1842 689 1908 sa‘pius
716 1842 767 1894 in
804 1858 862 1896 se
904 1845 1206 1897 venientem
1256 1843 1602 1910 combiberit,
1627 1853 1678 1897 et
1713 1845 2066 1914 progcnuerit

495 1931 715 1983 herbam
754 1933 1282 1999 accommodameis,
1311 1949 1475 2003 opera
1508 1950 1740 2004 quorum
1771 1941 1824 1987 et
1847 1934 2064 1996 colitur,

493 2023 689 2089 recipit
723 2023 1156 2077 benedictionem
1213 2041 1242 2078 a
1284 2025 1410 2079 Deo.
1457 2026 1525 2079 At
1575 2042 1696 2096 quae
1747 2024 2068 2094 produxerit

493 2115 682 2181 spinas
729 2125 784 2168 et
838 2116 1086 2179 tribulos,
1155 2116 1383 2186 rcproba
1448 2127 1632 2173 estet
1698 2118 2067 2172 ntaledictioni

493 2207 747 2273 confinis,
788 2208 945 2275 cujus
987 2211 1161 2264 exitus
1211 2211 1313 2263 huc
1344 2211 1535 2272 tendit,
1559 2219 1616 2266 ut
1643 2223 1923 2265 exuratur.

567 2297 774 2353 Basilii.
806 2300 1060 2367 Impietas
1100 2303 1317 2370 proprie
1351 2302 1575 2369 dicitur,
1601 2302 1826 2372 quodin
1893 2302 2067 2358 Deum

495 2393 856 2446 commissum
897 2403 982 2448 est
1021 2405 1330 2462 peccatum.

572 2479 710 2533 Fieri
749 2496 855 2534 non
878 2491 1070 2549 potest.
1104 2492 1217 2535 uta
1255 2485 1402 2554 justa
1423 2485 1507 2540 via
1557 2486 1884 2551 exorbitent,
1934 2501 2072 2556 quo-

498 2587 616 2624 rum
647 2572 811 2625 animi
843 2573 932 2627 Dei
957 2575 1228 2629 oblivione
1269 2592 1376 2630 non
1403 2578 1786 2632 laboraverint.

567 2664 964 2720 Nulluseorutn
989 2670 1078 2738 qui
1105 2669 1270 2723 falsas
1296 2680 1348 2724 et
1369 2685 1564 2740 pravas
1595 2686 1623 2724 a
1687 2671 1794 2724 Deo
1851 2671 2067 2740 opinio-

501 2773 595 2813 nes
627 2769 1020 2827 concepcrttut,
1056 2776 1182 2815 suas
1233 2761 1290 2815 in
1351 2761 1669 2832 psalmodiis
1727 2763 1913 2818 laudes
1961 2761 2070 2817 Deo

499 2862 748 2922 acceptas
781 2852 894 2906 fore
921 2852 1214 2906 existimet.

572 2943 662 2994 Dei
699 2943 1026 3010 ignorantia,
1065 2943 1260 2997 anima:
1288 2958 1435 2998 mors
1464 2950 1568 2999 est.

573 3035 839 3106 Tlteologi.
889 3035 944 3089 Si
996 3052 1232 3105 namque
1283 3035 1421 3092 Deus
1486 3039 1698 3092 medius
1750 3048 2069 3108 assumptus

505 3129 588 3184 vel
633 3130 1012 3199 interpositus,
1038 3145 1102 3184 ea
1131 3145 1254 3198 quae
1299 3131 1610 3186 hominibus
1635 3131 1735 3186 sibi
1767 3141 1956 3185 mutuo
1985 3131 2073 3184 itt-

507 3221 812 3290 tercedunt,
858 3232 1123 3276 conventa
1158 3221 1468 3288 confirmat,
1502 3239 1664 3293 quant
1705 3224 2072 3294 periculosum

504 3317 608 3371 erit
636 3359 652 3383 ,
683 3317 726 3370 si
756 3331 818 3370 ea
847 3318 1174 3384 transgressi
1211 3315 1382 3373 fuisse
1410 3317 1901 3386 deprchendemur,
1947 3333 2070 3388 quae

505 3426 630 3464 cunt
682 3411 798 3479 ipso
832 3412 986 3464 nobis
1032 3411 1162 3462 inita
1204 3419 1350 3482 sunt,
1404 3410 1708 3478 praesertim
1767 3425 1892 3464 cum
1934 3409 2080 3464 nulla

506 3502 578 3556 sit
606 3500 944 3571 regetteratiu
981 3499 1062 3553 vel
1090 3497 1432 3563 reformatio,
1464 3512 1566 3552 nec
1615 3499 1796 3568 aliqua
1845 3499 2081 3570 antiqua:

509 3591 842 3646 e0uditiouis
877 3589 1173 3643 restitutio.

581 3681 685 3748 Qui
721 3682 994 3735 diversum
1039 3694 1201 3749 quam
1245 3694 1344 3734 nos
1371 3680 1636 3746 sentiunt,
1673 3694 1768 3734 eos
1799 3694 1897 3733 ceu
1946 3681 2085 3734 veri-

507 3775 638 3828 tatis
674 3773 815 3827 luetn
849 3787 1217 3836 assumamus.
1265 3782 1320 3826 et
1368 3787 1628 3828 curemus
1682 3771 1858 3842 quoad
1908 3779 2085 3841 potest

510 3867 671 3934 lieri;
717 3882 812 3922 eos
871 3880 1021 3934 vero,
1056 3864 1150 3936 qui
1209 3864 1537 3921 incurabiles
1586 3875 1713 3919 sunt
1749 3881 2084 3930 aversemur,

510 3978 576 4015 ne
615 3962 764 4029 prius
794 3960 1036 4029 ipsorum
1091 3960 1344 4028 contagio
1383 3959 1484 4028 ipsi
1541 3958 1871 4023 inliciautur,
1924 3972 2084 4027 quam

509 4065 711 4110 nostra:
747 4053 822 4108 illi
852 4053 1101 4107 sanitatis
1135 4067 1232 4120 per
1261 4068 1360 4107 nos
1387 4051 1680 4121 participes
1713 4051 1864 4104 fiant.

585 4145 853 4199 Malorum
915 4144 1185 4198 inventrix
1241 4153 1323 4197 est
1376 4145 1649 4213 impietas,
1681 4151 1736 4196 et
1786 4143 1852 4196 ad
1897 4157 2085 4213 aggre—

511 4240 770 4294 tliendutn
805 4239 960 4306 longe
991 4235 1374 4291 audacissima.

586 4332 743 4401 Greg.
801 4329 1027 4400 Nysscn.
1063 4328 1299 4382 Primam
1337 4327 1444 4381 Deo
1489 4343 1700 4397 ptenam
1719 4328 1873 4384 debet
1906 4330 2087 4392 ltomo,

2156 472 2248 523 ἐὰν
2281 470 2610 540 ἀποθάνητε,
2654 472 2733 534 εἰς
2763 471 3007 538 κατάραν
3040 462 3466 536 μερισθήσεσθε.

2225 565 2426 626 Πένθος
2461 562 2656 634 νεκροῦ
2688 563 2828 615 ἑπτὰ
2862 561 3092 629 ἡμέραι,
3147 557 3241 611 τοῦ
3295 557 3352 609 δὲ
3405 553 3596 624 μωροῦ
3642 552 3732 609 καὶ

2157 657 2386 717 ἀσεϐοῦς
2419 660 2586 708 πᾶσαι
2623 659 2679 709 αἱ
2723 655 2926 723 ἡμέραι
2953 654 3050 723 τῆς
3083 653 3230 722 ζωῆς
3259 650 3451 704 αὑτοῦ.

2225 751 2338 802 Οὐκ
2370 749 2578 802 εὐδοκεῖ
2602 749 2629 800 ὁ
2663 747 2926 818 ’Υῲιστος
2957 749 3016 800 ἐν
3049 745 3390 816 προσφοραῖς
3423 741 3662 796 ἀσεϐῶν.

2237 931 2426 992 Ὅστις
2454 929 2754 998 ἀρνήσεταί
2803 945 2870 998 με
2904 927 3216 998 ἔμπροσθεν
3254 926 3364 978 τῶν
3401 924 3735 993 ἀνθρώπιον,

2160 1026 2474 1095 ἀρνήσομαι
2509 1023 2662 1089 κάγὼ
2693 1024 2852 1076 αὐτὸν
2875 1023 3191 1092 ἔμπροσθεν
3231 1019 3329 1073 τοῦ
3378 1019 3596 1089 Πατρός
3641 1034 3738 1086 μου

2161 1115 2255 1168 τοῦ
2292 1116 2347 1167 ἑν
2372 1115 2639 1184 οὐρανοῖς.

2240 1207 2530 1260 Ἀδύνατον
2570 1207 2698 1266 τοὺς
2724 1207 2871 1273 ἅπαξ
2901 1203 3296 1274 φωτισθέντας,
3368 1201 3742 1270 γευσαμένους

2165 1319 2225 1354 τε
2249 1303 2347 1369 τῆς
2374 1299 2583 1368 δωρεᾶς
2607 1297 2708 1365 τῆς
2748 1297 3100 1366 ἑπουρανίου,
3133 1295 3228 1349 καὶ
3275 1295 3542 1362 μετόχους
3587 1309 3743 1362 γενη-

2168 1395 2359 1454 θέντας
2395 1391 2714 1460 Πνεῦματος
2747 1391 2927 1458 ἁγίου,
2990 1392 3084 1443 καὶ
3135 1388 3301 1443 καλὸν
3366 1386 3745 1455 γευσαμένους

2169 1485 2305 1540 Θεοῦ
2361 1487 2533 1556 ῥῆμα,
2589 1483 2847 1550 δυνάμεις
2900 1499 2960 1534 τε
3029 1481 3317 1548 μέλλοντος
3377 1480 3604 1545 αἰῶνος,
3651 1478 3747 1532 καὶ

2173 1575 2614 1646 παραπεσόντας,
2653 1572 2815 1624 πάλιν
2876 1571 3248 1634 ἀνακαινίζειν
3297 1572 3377 1633 είς
3431 1571 3744 1638 μετάνοιαν,

2177 1666 2654 1737 ἀνασταυροῦντας
2708 1664 2927 1724 ἑαυτοῖς
2975 1666 3067 1716 τὸν
3095 1663 3222 1714 Υἱὺν
3281 1661 3378 1714 τοῦ
3430 1659 3589 1723 Θεοῦ,
3656 1662 3747 1712 καὶ

2111 1741 2150 1794 Β
2181 1756 2795 1829 παραδειγματίζοντας.
2833 1755 2906 1823 Γῆ
2929 1755 3036 1820 γὰρ
3065 1755 3097 1823 ἡ
3142 1753 3373 1805 ποιοῦσα
3409 1751 3501 1802 τὸν
3531 1750 3620 1804 ἑπ’
3653 1749 3750 1802 αύ-

2174 1855 2238 1922 τῇ
2267 1849 2522 1912 πολλάκις
2560 1847 2734 1912 ὑετὸν,
2764 1849 2859 1900 καὶ
2888 1847 3152 1900 τίκτουσα
3215 1844 3447 1914 βοτάνην
3499 1841 3747 1906 εὔθετον,

2175 1945 2409 2003 ἑκείνοις
2432 1941 2499 1996 δι’
2529 1941 2622 2005 οὓς
2651 1942 2746 1994 καὶ
2772 1941 3126 2010 γεωργεῖται,
3161 1937 3568 2006 μεταλαμϐάνει
3597 1937 3750 1990 εὑλοο

2175 2040 2298 2106 γίας
2328 2036 2433 2088 ἀπὸ
2463 2034 2600 2087 Θεοῦ
2630 2051 2644 2067 ο
2692 2035 3001 2102 ἐκφέρουσα
3035 2030 3091 2082 δὲ
3126 2028 3371 2091 ἀκάνθας
3413 2029 3508 2080 καὶ
3571 2027 3754 2096 τριίό·

2175 2130 2321 2190 λους,
2355 2128 2613 2198 ἀδόκιμος
2637 2127 2727 2180 καὶ
2755 2125 2997 2194 κατάρας
3025 2125 3214 2192 ἑγγὺς,
3247 2118 3315 2194 ἧς
3359 2122 3420 2176 τὸ
3467 2121 3620 2182 τέλος
3676 2120 3752 2182 είς

2174 2239 2400 2275 καυσιν.

2262 2309 2510 2365 Ἀσέϐεια
2547 2308 2756 2380 κυρίως
2787 2309 3009 2379 λέγεται
3038 2309 3071 2381 ἡ
3108 2309 3188 2373 είς
3209 2308 3344 2362 Θεὸν
3372 2308 3644 2379 ἁμαρτία.

2261 2500 2569 2570 Ἀμήχανον
2599 2497 2942 2568 ἐκτραπῆναι
2988 2497 3088 2566 τῆς
3114 2497 3336 2560 δικαίας
3380 2495 3526 2560 ὁδοῦν
3559 2494 3640 2568 μὴ
3669 2495 3759 2565 λίπ’
3820 2497 3831 2505 .

2177 2594 2275 2663 θην
2298 2592 2434 2645 Θεοῦ
2463 2595 2585 2653 ταῖς
2625 2591 2824 2659 ψυχαῖς
2853 2591 3216 2657 νοσήσαντας.

2247 2683 2452 2752 Μηδεὶς
2485 2680 2684 2734 οἰέσθω
2712 2681 2820 2734 τῶν
2852 2679 3201 2750 ἑσφαλμὲνας
3245 2679 3375 2750 περὶ
3411 2675 3548 2731 Θεοῦ
3605 2676 3762 2747 ἑχόν-

2179 2793 2288 2830 των
2326 2777 2425 2838 τάς
2463 2772 2786 2843 ὑπολήψεις,
2819 2774 2900 2826 ὅτι
2967 2772 3158 2826 δεκταί
3197 2774 3337 2826 εἰσιν
3385 2769 3557 2824 αὑτοῦ
3594 2771 3654 2824 αι
3696 2771 3755 2823 ιν

2178 2869 2287 2940 ψαλ
2297 2869 2382 2938 μῷ
2418 2867 2730 2927 διαινέσεις.

2250 2961 2387 3014 Θεοῦ
2419 2959 2612 3028 ἄγνοια
2640 2959 2874 3020 θάνατός
2907 2958 3021 3010 ἑστι
3052 2955 3253 3026 ψυχῆς.

2249 3055 2311 3109 El
2363 3053 2472 3124 γάρ
2509 3053 2605 3116 τὰς
2645 3053 2782 3120 πρὸς
2830 3050 3149 3120 ἀνθρώπους
3214 3048 3489 3120 συνθήκας
3528 3047 3764 3118 ἑμπεδοῖ

2181 3149 2336 3215 Θεὸς,
2391 3147 2556 3217 μέσος
2594 3143 2998 3214 παραληφθεὶς,
3023 3143 3189 3205 πόσος
3225 3143 3473 3204 κίνδυνος
3511 3135 3587 3196 ὧν
3623 3141 3764 3212 πρὸς

2179 3241 2344 3296 αὐτὸν
2381 3238 2618 3308 ἐθέμεθα
2667 3237 2971 3306 συνθηκῶν,
3021 3235 3230 3289 τούτων
3282 3236 3616 3304 παραϐάτας
3675 3233 3765 3287 εὖ·

2184 3333 2494 3407 ρίσκεσθαι,
2553 3331 2650 3385 καὶ
2683 3331 2857 3384 ταῦτα
2889 3329 2989 3382 οὐκ
3010 3327 3177 3399 οῦσης
3206 3329 3470 3398 δευτέρας
3529 3328 3766 3396 ἀναγεν·

2181 3428 2243 3495 νή
2254 3443 2410 3489 σεως,
2438 3424 2556 3477 οὐδὲ
2585 3422 2963 3488 ἀναπλάσεως,
3003 3421 3123 3475 οὐδὲ
3150 3421 3228 3486 είς
3257 3421 3319 3475 τδ
3345 3421 3576 3491 ἀρχαῖον
3625 3421 3758 3474 ἀτω-

2185 3514 2599 3578 καταστάσεως.

2270 3700 2407 3763 Τοῦς
2432 3698 2634 3768 ἑτέρως
2661 3698 2989 3771 φρονοῦντας
3021 3698 3097 3760 ὡς
3120 3697 3300 3767 λύμην
3329 3696 3432 3766 τῆς
3473 3696 3764 3768 ἀληθείας,

2184 3791 2289 3855 ἑως
2323 3792 2420 3858 μὲν
2476 3791 2544 3846 ἂν
2576 3787 2881 3866 ᾗδυνατδν,
2921 3787 3478 3860 προσλαμϐανὼμεθα
3525 3790 3621 3843 καὶ
3679 3791 3767 3842 θεο

2191 3884 2579 3954 ραπεύσωμεν,
2608 3883 2683 3953 μὴ
2716 3883 2816 3952 τῆς
2864 3881 3020 3934 νόσου
3051 3879 3449 3951 μεταλάϐωμεν
3487 3880 3618 3951 πρὶν
3672 3895 3769 3952 με-

2187 3973 2437 4028 ταδοῦναι
2465 3973 2568 4044 τῆς
2600 3974 2812 4027 ἑαυτῶν
2839 3972 3052 4042 ὑγείας.

2261 4148 2487 4217 Εύρέτις
2529 4149 2713 4202 κακῶν
2737 4149 2981 4214 ἀσέϐεια,
3039 4147 3134 4202 καὶ
3195 4146 3317 4201 λίαν
3367 4146 3644 4219 τολμηρὸν
3690 4148 3770 4211 είς

2189 4241 2530 4312 ἐγχείρησιν.

2270 4335 2501 4404 ῐΙρώτην
2524 4332 2741 4402 ὥςρλησε
2782 4349 3053 4403 τιμωριαν
3085 4333 3112 4386 ὀ
3144 4331 3432 4403 ἄνθρωπος
3483 4332 3561 4403 τῷ
3621 4332 3771 4404 Θεῷ,

512 4426 656 4496 quod
687 4441 714 4478 a
745 4434 993 4478 creatore
1015 4437 1113 4477 suo
1135 4421 1380 4486 descivit,
1403 4432 1451 4474 el
1469 4421 1535 4474 ad
1559 4422 1928 4476 adversarium
1947 4421 2075 4490 ejus-

2201 4424 2276 4477 ὅτι
2308 4425 2617 4495 ἀπέστησεν
2644 4423 2836 4478 ἑαυτὸν
2875 4423 2971 4478 τοῦ
2998 4425 3345 4494 ποιήσαντος,
3381 4424 3478 4478 καὶ
3517 4425 3657 4494 πρὸς
3680 4425 3773 4477 τὸν

511 4523 634 4574 dent
654 4518 965 4586 transfugit,
989 4515 1244 4586 fugitivus
1264 4527 1318 4569 et
1335 4513 1807 4568 desertorDomini
1828 4516 2092 4570 naturalis

517 4615 695 4668 factus
729 4630 741 4668 :
777 4613 1005 4665 alteram
1039 4623 1186 4672 vero,
1220 4606 1364 4676 quod
1414 4607 1670 4660 miseram
1707 4616 1760 4660 et
1807 4607 2088 4662 infelicem

516 4703 718 4771 peccati
743 4701 1056 4757 servitutem
1100 4713 1197 4768 pro
1229 4699 1401 4753 libero
1429 4700 1514 4752 sui
1562 4697 1702 4766 juris
1735 4698 1866 4753 arbi:
1881 4700 1960 4754 rio
1991 4715 2091 4753 ceu

516 4810 834 4865 permutans
866 4793 1100 4862 accepit,
1148 4792 1512 4859 praestabilius
1548 4789 1807 4845 nimirum
1843 4807 1962 4846 esse
1989 4792 2092 4846 du-

516 4904 646 4942 cens
696 4889 1011 4957 perniciosa:
1043 4897 1096 4940 et
1149 4886 1385 4940 exitialis
1437 4886 1690 4955 potentia:
1753 4886 2090 4955 tyrannidem

517 4983 624 5050 pati
658 4995 820 5050 quam
867 4979 977 5032 Deo
1011 4981 1240 5033 Scrvire.

593 5071 884 5139 TItt’Op/tili.
925 5071 1089 5140 Atqui
1131 5077 1381 5125 terrenus
1411 5070 1609 5141 aliquis
1645 5087 1738 5127 rex
1763 5087 1883 5128 esse
1908 5071 2089 5128 e.‘edi-

520 5175 631 5230 tur,
667 5163 791 5215 liert
833 5179 938 5214 non
977 5161 1222 5214 omnium
1257 5161 1429 5218 oculis
1464 5163 1792 5231 conspicuus
1843 5162 1934 5216 sit.
1992 5163 2092 5216 l’er

519 5255 666 5322 leges
693 5255 835 5307 enim
888 5254 1080 5322 ipsius,
1120 5262 1320 5308 statuta
1369 5256 1622 5324 denique,
1665 5264 1991 5325 potestatem
2037 5263 2092 5309 et

524 5346 783 5398 virtutem
813 5353 975 5411 atque
1007 5346 1268 5414 imagines
1298 5346 1615 5414 percipitur.
1643 5344 1721 5398 Tu
1763 5360 1888 5399 vero
1922 5345 2092 5400 Deutn

521 5455 582 5492 ex
627 5439 742 5491 suis
771 5438 1022 5504 operibus
1061 5447 1118 5492 et
1161 5436 1453 5493 virtutibus
1485 5439 1786 5510 intelligere
1833 5455 1939 5493 non
1989 5440 2089 5494 vis.

593 5527 898 5592 Serapionis
977 5523 1261 5597 Nunquam
1315 5528 1494 5598 al'.qua
1539 5529 1762 5584 ltzrresis
1795 5529 2092 5585 Ecclesiatn

524 5621 824 5690 superavit,
871 5619 962 5674 sed
998 5620 1128 5674 furit
1171 5621 1388 5690 quidem
1449 5635 1684 5688 semper,
1735 5622 2092 5693 aliquousque

528 5725 706 5769 autem
737 5730 1023 5786 progressa
1049 5715 1231 5771 statim
1265 5713 1596 5769 dissolvitur.

2195 4518 2440 4571 ἐναντίον
2459 4518 2905 4588 ἀπηυτομόλησε,
2949 4518 3224 4588 δραπέτης
3261 4516 3356 4572 τοῦ
3419 4520 3564 4572 κατά
3605 4517 3774 4588 φύσιν

2193 4609 2455 4663 δεσπότου
2504 4611 2600 4662 καὶ
2651 4610 2964 4679 ἀποστάτης
3007 4609 3338 4680 γενόμενος·
3383 4609 3647 4680 δευτέραν
3692 4610 3773 4674 δὲ,

2195 4700 2394 4772 ὄτιτὴν
2429 4701 2671 4774 πονηρὰν
2697 4703 2791 4770 τῆς
2818 4702 3100 4772 ἁμαρτίας
3155 4700 3420 4767 δουλείαν,
3490 4703 3619 4758 ἀντὶ
3672 4705 3776 4772 τῆς

2195 4794 2542 4860 αύτεξουσίου
2566 4795 2879 4864 ἐλευθερίας
2929 4794 3222 4865 ἠλλάξατο,
3278 4795 3373 4848 καὶ
3430 4795 3776 4864 προετίμησε

2194 4885 2288 4938 τοῦ
2315 4884 2588 4938 δουλεύειν
2612 4885 2731 4954 Θεῷ
2754 4887 2813 4938 τὸ
2871 4886 3259 4955 τυραννεῖσθαι
3299 4884 3413 4941 ἀπὸ
3458 4885 3563 4957 τῆς
3606 4904 3779 4939 κατα-

2195 4977 2526 5050 φθειρούσης
2584 4977 2889 5041 δυνάμεως.

2264 5064 2396 5121 Εἶτα
2425 5067 2677 5138 βασιλεὺς
2711 5067 2808 5138 μὲν
2833 5067 3071 5135 ἐπίγειος
3109 5068 3428 5121 πιστεύεται
3454 5063 3618 5132 εἶναι,
3652 5067 3783 5120 21i-

2197 5177 2302 5230 περ
2331 5160 2406 5232 μὴ
2429 5161 2560 5214 πᾶσι
2587 5159 2952 5229 βλεπόμενος’
2984 5159 3072 5212 διὰ
3114 5159 3171 5212 δὲ
3217 5159 3385 5229 νόμου
3442 5162 3538 5214 καὶ
3582 5161 3777 5214 διατά-

2197 5253 2334 5320 ξεων
2362 5250 2551 5318 αὑτοῦ,
2587 5253 2683 5306 καὶ
2709 5251 2994 5318 ἐξουσιῶν,
3025 5253 3119 5304 καὶ
3150 5251 3468 5320 δυνάμεων,
3498 5251 3595 5306 καὶ
3625 5252 3780 5304 εἰκό-

2196 5361 2322 5410 νων,
2359 5346 2581 5398 νοεῖται.
2607 5343 2710 5396 Τὸν
2733 5343 2788 5396 δὲ
2823 5343 2957 5396 Θεὸν
2979 5343 3040 5396 οὐ
3068 5342 3233 5414 βούλῃ
3273 5342 3336 5394 σὺ
3364 5342 3557 5413 νοῆσαι
3583 5342 3653 5396 δι’
3689 5344 3781 5415 ἐρ·

2197 5456 2309 5509 γων
2336 5440 2430 5492 καὶ
2455 5438 2762 5505 δυνάμεων.

2261 5529 2532 5584 Οὐδέποτε
2565 5530 2779 5598 αἵρεσις
2823 5529 2923 5600 τὴν
2947 5527 3280 5598 Ἐκκλησίαν
3321 5527 3597 5601 ἑνίκησεν,
3653 5528 3783 5581 ἀλλ’

2195 5623 2278 5675 ἀεὶ
2313 5622 2587 5692 μαίνεται,
2627 5624 2720 5676 καὶ
2761 5621 2880 5676 κατ’
2934 5619 3115 5689 ὀλίγον
3167 5619 3514 5690 προελθοῦσα
3568 5619 3786 5684 εὐθέως

2196 5715 2398 5769 λύεται.
