3980 6248
217 248 345 337 τε]

1141 251 1312 310 LOCI
1355 251 1889 315 COMMUNES.—~
1923 257 2116 316 PARS
2155 260 2195 319 I.
2233 259 2488 318 SERMO
2531 262 2638 319 III.

3395 265 3502 329 782

313 367 526 435 Ὥσπερ
560 363 838 434 ὀφθαλμὸς
868 367 1299 435 τεταραγμένος,
1325 367 1468 420 οὕτω
1492 369 1582 419 καί
1622 369 1654 436 ή
1681 369 1829 436 ψυχὴ

2004 373 2468 438 Quemadmodum
2526 382 2717 432 oculus
2775 379 3144 445 perturbatur,
3210 381 3290 436 sic
3329 385 3498 439 “etiam

244 461 359 520 τοῖς
393 457 546 528 ποιρὰ
573 457 737 527 φύσιν
771 457 1067 512 θολωῡείσα
1093 459 1382 528 δόγμασιν,
1405 461 1499 528 οὐχ
1535 460 1622 511 οἵα
1682 476 1738 511 τε
1768 462 1827 512 τὸ

248 554 362 620 φῶς
388 550 490 620 τῆς
517 547 783 620 ἀληθείας
812 550 1034 604 εἰδέναι.

873 638 1090 690 ΛΟΓΟΣ
1129 638 1202 692 Γ’.

253 733 390 802 Περὶ
443 728 683 800 ἀγάπης
726 729 820 781 καὶ
865 728 1054 782 πάλιν
1084 732 1273 798 φόϐου
1309 731 1458 798 πρὸς
1502 732 1610 785 τὸν
1658 735 1822 788 Θεόν.

334 822 625 876 Ἐκάλεσεν
673 820 902 888 ἄγγελος
941 820 1147 890 Κυρίου
1203 823 1267 874 ὲκ
1306 821 1399 874 τοῦ
1448 823 1679 888 ούρανοῦ
1735 825 1826 877 τὸν

258 914 534 984 Ἀϐραὰμ,
588 913 681 967 καὶ
727 909 880 966 εἶπεν
927 911 1098 981 αὐτῷ·
1135 931 1153 963 ι
1207 912 1456 982 Ἀϐραὰμ
1495 914 1764 984 Ἀϐραάμ.
1799 935 1818 967 ι

254 1007 317 1060 Ὅ
348 1007 402 1060 δὲ
451 1003 603 1060 εἶπεν
626 1023 639 1036 ·
673 1023 692 1056 ι
747 1005 877 1060 Ἰδοὺ
908 1003 1042 1071 ἐγώ.
1077 1024 1096 1056 ι
1133 1007 1242 1058 Ka‘l
1288 1001 1441 1058 εἶπεν
1466 1019 1481 1036 ⁸
1523 1022 1542 1058 ι
1584 1008 1675 1075 Μὴ
1701 1009 1825 1059 ἐπι-

244 1100 418 1170 ϐάλῃς
452 1097 550 1168 τὴν
600 1097 760 1168 χεῖρά
787 1114 882 1148 σου
927 1097 1019 1150 ἐπὶ
1046 1095 1106 1148 τὸ
1145 1097 1452 1168 παιδάριον,
1501 1098 1637 1166 μήτε
1670 1099 1826 1168 ποιή-

246 1207 352 1260 σῃς
385 1190 535 1259 αὐτῷ
589 1189 782 1259 μηθέν.
811 1189 926 1242 Νῦν
956 1189 1065 1258 γὰρ
1111 1188 1284 1256 ἔγνων
1333 1189 1413 1243 ὅτι
1460 1192 1598 1261 φοϐῇ
1625 1191 1700 1260 σὺ
1734 1191 1826 1243 τὸν

248 1283 406 1345 Θεὸν,
437 1282 532 1336 καὶ
560 1283 664 1336 οὐκ
693 1282 896 1351 ἐφείσω
923 1281 1019 1334 τοῦ
1048 1281 1166 1334 υίοῦ
1193 1282 1288 1335 σοῦ
1312 1281 1409 1336 τοῦ
1437 1281 1723 1353 άγηπητοῦ
1756 1282 1824 1334 δι’

242 1375 371 1448 ιμέ.

331 1470 391 1523 '0
434 1470 566 1533 Θεὸς
593 1469 622 1523 ὁ
657 1467 940 1538 φυλάττων
984 1468 1084 1538 τὴν
1128 1468 1395 1542 διαθήκην
1440 1469 1608 1524 αὐτοῦ
1645 1471 1738 1523 καὶ
1766 1469 1826 1523 τὸ

1931 465 2111 521 anima
2140 468 2507 536 opinionibus,
2541 483 2663 536 quae
2703 477 2954 524 naturam
2988 472 3281 538 excedunt,
3317 477 3501 531 turba-

1929 572 2004 627 ta,
2041 559 2285 614 veritatis
2312 561 2485 613 lucem
2513 561 2696 614 videre
2732 575 2841 615 non
2877 570 3074 630 potest.

2313 649 2369 717 9
2395 649 2622 704 SERMO
2656 651 2721 706 III
2754 651 2852 724 [αι.
2895 652 3148 726 CLXIII].

2282 741 2362 796 De
2387 743 2669 797 dilectione
2700 755 2746 799 et
2797 747 2982 801 timore
3033 747 3144 804 Dei.

2001 835 2294 913 Gemuit.
2325 835 2551 891 Vocavit
2599 837 2824 907 angelus
2870 839 3080 894 Domini
3130 841 3497 898 Abrahamum

1930 928 2236 992 coelitus,et
2264 928 2423 983 dixit:
2457 929 2751 996 Abraham,
2780 931 3076 985 Abraham.
3104 931 3199 987 Ille
3225 949 3356 989 vero
3381 935 3454 989 ait
3481 954 3495 990 :

1932 1018 2067 1074 Ecce
2099 1035 2219 1090 ego.
2255 1019 2318 1073 Et
2347 1021 2514 1075 dixit:
2539 1019 2619 1075 Ne
2653 1021 2856 1076 inferas
2884 1037 3104 1077 manum
3125 1034 3272 1078 tuam
3306 1040 3497 1095 puero.

1930 1126 2030 1165 nec
2065 1111 2258 1166 feceris
2290 1113 2364 1166 illi
2401 1114 2720 1182 quidquam.
2745 1112 2902 1168 Nunc
2931 1117 3074 1168 enim
3104 1118 3326 1186 cognovi
3355 1121 3496 1188 quod

1931 1210 1983 1254 ιιι
2021 1202 2212 1256 timeas
2253 1201 2442 1268 Deum,
2473 1213 2526 1257 et
2559 1219 2663 1257 non
2701 1206 2988 1274 pepercisti
3037 1206 3148 1260 lilio
3183 1218 3276 1263 tuo
3303 1209 3500 1264 dilecto

1929 1305 2148 1363 propter
2174 1311 2278 1348 me.

2000 1471 2162 1528 Deut.
2192 1488 2287 1528 vn.
2321 1473 2464 1529 Deus
2500 1475 2816 1528 custodiens
2853 1485 3068 1542 pactum
3099 1486 3154 1532 et
3195 1479 3502 1534 misericor—

244 1563 396 1628 ἔλεος
425 1566 539 1627 τοῖς
571 1563 858 1632 ἀγαπῶσιν
885 1561 1068 1626 αὐτὸν,
1093 1565 1190 1616 καὶ
1214 1565 1327 1628 τοῖς
1357 1563 1693 1633 φυλάσσουσι
1725 1563 1825 1633 τήν

1972 1565 2071 1619 iam
2141 1581 2296 1620 suam
2354 1566 2703 1636 diligentibus
2747 1581 2896 1632 eum,
2948 1577 3002 1622 et
3067 1568 3502 1626 custodientlbus

245 1659 517 1729 δ,αθήκην
549 1656 737 1720 αὐτοῦ,
773 1659 852 1721 είς
882 1655 1059 1727 χιλίας
1090 1658 1301 1724 γενεάς.

1927 1658 2178 1712 mandata
2215 1659 2353 1726 ejus,
2389 1658 2444 1712 in
2475 1658 2618 1712 mille
2653 1661 3053 1728 generationes.

320 1750 435 1802 Καὶ
481 1749 600 1814 νῦν,
643 1748 882 1818 Ἰσραὴλ,
920 1749 974 1801 τί
1023 1748 1226 1820 Κύριός
1272 1766 1366 1802 σου
1413 1749 1635 1802 ἀπαιτεῖ
1673 1747 1825 1818 παρὰ

2006 1747 2145 1802 Ibid.
2180 1765 2233 1804 ι.
2263 1749 2329 1804 Et
2363 1765 2530 1816 nunc,
2562 1749 2746 1816 Israel,
2786 1752 3042 1820 quidnam
3075 1751 3336 1808 Dominus
3363 1755 3502 1808 Deus

249 1839 351 1893 σοῦ
385 1840 504 1894 ἄλλ’
535 1840 566 1911 ἢ
599 1838 885 1908 φοϐεῖσθαι
916 1839 1102 1900 αὑτὸν.
1137 1840 1229 1893 καὶ
1260 1839 1592 1910 πορεύεσθαι
1625 1841 1686 1892 ὲν
1719 1839 1823 1894 πά-

248 1949 374 1992 σαις
421 1930 542 1992 ταῖς
589 1930 726 1992 ὁδοῖς
761 1929 926 1984 αὑτοῦ
979 1931 1072 1984 καὶ
1107 1931 1329 2002 ἀγαπᾷν
1378 1929 1539 1984 αὑτὸν
1605 1932 1696 1983 καὶ
1724 1929 1824 1983 λα-

243 2023 466 2094 τρεύειν
503 2023 696 2093 Κυρίῳ
727 2022 806 2092 τῷ
845 2022 966 2091 Θεῷ
997 2039 1130 2087 σου;

329 2116 670 2185 ’Δγαπήσεις
719 2114 925 2185 Κύριον
978 2115 1070 2168 τὸν
1127 2113 1258 2168 Θεὸν
1311 2131 1427 2180 σου,
1480 2115 1538 2178 ἐξ
1569 2114 1698 2185 ὅλης
1725 2113 1824 2180 τῆς

241 2209 488 2272 διανοίας
523 2225 638 2273 σου,
667 2207 729 2274 ἐξ
749 2207 876 2278 ὅλης
904 2207 1003 2277 τῆς
1029 2205 1207 2278 ψυχῆς
1225 2223 1340 2272 σου,
1368 2207 1460 2259 καὶ
1481 2205 1542 2270 ἐξ
1569 2205 1695 2274 ὅλης
1723 2202 1824 2274 τῆς

241 2299 530 2372 δυνάμεώς
561 2316 681 2352 σου.

319 2394 707 2463 Καυχήσονται
739 2392 797 2446 ἐν
828 2391 911 2446 σοὶ
957 2391 1008 2445 οἱ
1053 2388 1376 2458 ἀγαπῶντες
1402 2389 1462 2441 τὸ
1504 2387 1674 2456 ὄνομά
1708 2405 1822 2443 σου.

317 2573 670 2645 Κραταίωμα
715 2573 922 2642 Κύριος
966 2569 1079 2624 τῶν
1128 2568 1480 2640 φοϐουμένων
1516 2565 1699 2632 αὐτὸν,
1733 2566 1827 2619 καὶ

244 2671 280 2740 ή
313 2667 554 2739 διαθήκη
581 2665 746 2720 αὐτοῦ
780 2664 1016 2736 δηλώσει
1061 2663 1270 2726 αὐτοῖς.

323 2853 682 2926 Παρεμϐαλετ
722 2848 954 2922 ἄγγελος
995 2849 1204 2917 Κυρίου
1253 2845 1440 2915 κύκλῳ
1483 2843 1591 2898 τῶν
1634 2844 1829 2912 φοϐου-

255 2951 438 3022 μένων
469 2948 652 3015 αὐτδν,
681 2947 776 3002 καὶ
805 2943 1028 3018 ῥύσεται
1060 2941 1282 3005 αὐτούς.

333 3041 509 3112 Ἀρχὴ
544 3040 734 3109 σοφίας
769 3038 935 3108 φόϐος
961 3035 1193 3106 Κυρίου.

1930 1847 2058 1896 tuus
2091 1845 2227 1911 petit
2263 1855 2291 1893 a
2344 1849 2416 1902 te.
2449 1855 2610 1910 quam
2640 1851 2701 1896 ut
2731 1842 2924 1896 timeas
2965 1857 3088 1896 eum
3117 1844 3413 1900 etincedas
3444 1843 3499 1897 in

1929 1933 2186 1987 omnibus
2217 1933 2319 1988 viis
2351 1933 2491 2004 ejus,
2516 1933 2712 2006 diligas
2741 1935 2938 2004 ipsam,
2964 1943 3017 1988 et
3038 1936 3242 1991 servias
3275 1935 3504 1990 Domino

1933 2027 2042 2081 Deo
2077 2037 2167 2079 tuo
2190 2025 2215 2078 ‘i

2007 2118 2151 2174 Ibid.
2172 2117 2370 2189 Diliges
2394 2119 2681 2175 Dominum
2706 2119 2874 2176 Deum
2902 2129 3078 2184 tuum,
3099 2135 3164 2176 ex
3185 2129 3302 2175 tota
3327 2130 3506 2176 mente

1933 2223 2044 2281 tua,
2067 2222 2122 2268 et
2171 2229 2236 2268 ex
2288 2222 2404 2267 tota
2431 2213 2613 2268 anima
2675 2222 2788 2280 tua,
2823 2222 2880 2268 et
2911 2229 2976 2268 ex
3007 2213 3264 2269 omnibus
3295 2213 3507 2270 viribus

1934 2307 2066 2358 luis.

2004 2391 2161 2446 Psal.
2209 2408 2260 2446 v.
2307 2390 2698 2448 Gloriabuntur
2750 2393 2805 2446 in
2856 2402 2930 2467 te.
2967 2392 3062 2462 qui
3114 2405 3311 2446 nomen
3349 2399 3504 2446 tuum

1933 2485 2186 2555 diligunt.
2665 2554 2667 2556 η

2006 2576 2150 2631 Ibid.
2183 2592 2326 2632 xuv.
2352 2575 2782 2631 Firmamentum
2815 2577 2898 2630 vel
2936 2576 3100 2632 robur
3133 2582 3218 2632 est
3243 2575 3510 2632 Dominus

1934 2683 2122 2722 eorum
2145 2667 2238 2733 qui
2265 2668 2458 2722 timent
2483 2667 2686 2737 ipsum,
2714 2677 2769 2720 et
2796 2675 3181 2722 testamentum
3207 2681 3368 2722 suum
3397 2681 3511 2720 nia—

1936 2758 2217 2812 nifestabit
2253 2759 2381 2814 illis.

2009 2845 2153 2902 Ibid.
2190 2863 2386 2902 χχχιιι.
2421 2849 2662 2920 Angelus
2709 2848 2922 2902 Domini
2957 2847 3008 2902 in
3037 2847 3267 2902 circuitu
3295 2861 3510 2912 eorum,

1935 2942 2029 3009 qui
2079 2938 2269 2994 timent
2309 2941 2512 3010 ipsum.
2541 2949 2979 3002 castrametatur.
3011 2948 3067 2995 ct
3100 2939 3352 2994 liberabit
3389 2953 3508 2995 eos.

2008 3029 2154 3086 Ibid.
2183 3047 2272 3087 cx.
2308 3031 2527 3088 Initium
2555 3033 2833 3102 sapientia:
2863 3033 3028 3087 timor
3065 3031 3298 3086 Domini.

322 3092 834 3204 Μάξάριοςῐάνήρ.ὀ
863 3092 1202 3198 φοϐούιλενος
1229 3125 1322 3179 τὸν
1355 3123 1586 3194 Κύριον,
1619 3124 1675 3174 ἐν
1705 3121 1825 3181 ταῖς

2014 3121 2152 3177 Ibid.
2184 3138 2295 3179 cxi.
2331 3123 2527 3179 Beatus
2571 3092 2670 3189 vir,
2703 3125 2794 3192 qui
2831 3124 2985 3178 timet
3031 3121 3346 3188 Dominum,
3375 3138 3512 3192 pra:-

246 3228 498 3291 ἐντολαῖς
545 3223 710 3281 αὑτοῦ
743 3223 960 3294 θελήσει
989 3221 1218 3292 σφόδρα.
1251 3217 1485 3273 Δυνατδν
1545 3217 1606 3271 ιν
1635 3217 1701 3287 τῇ
1755 3217 1826 3285 γῇ

247 3321 410 3374 ἔσται
441 3319 504 3370 τὸ
530 3319 753 3388 σπέρμα
785 3313 978 3368 αὑτοῦ.

320 3411 551 3484 Θέλημα
583 3408 693 3463 τῶν
731 3406 1085 3476 φοϐουμένων
1130 3404 1292 3460 αὐτὸν
1321 3403 1560 3476 ποιήσει,
1598 3399 1693 3455 καὶ
1725 3397 1826 3468 τῆς

249 3505 498 3574 δεήσεως
526 3500 689 3555 αὐτοῦ
720 3498 1129 3566 είσακούσεται,
1159 3496 1253 3550 καὶ
1283 3493 1446 3548 σώσει
1470 3493 1684 3555 αὐτούς.
1739 3559 1742 3561 Α

325 3595 598 3649 Φυλάσσει
643 3591 850 3662 Κύριος
882 3590 1090 3652 πάντας
1130 3588 1256 3650 τοὺς
1288 3584 1616 3654 ἀγαπῶντας
1644 3579 1830 3646 αὐτὸν,

251 3689 350 3744 καὶ
379 3687 591 3749 πάντας
623 3683 748 3748 τοὺς
778 3681 1137 3753 ἁμαρτωλοὺς
1173 3678 1564 3748 έξολοθρεύσει.

326 3779 535 3849 Κύριος
564 3777 744 3849 δώσει
766 3773 978 3843 σοφίαν,
1012 3773 1108 3826 καὶ
1144 3770 1260 3825 ὁδὸν
1289 3765 1706 3837 εὐλαϐουμένων
1735 3765 1831 3821 αύ-

252 3869 348 3932 τὸς
375 3848 716 3936 διαφυλάξει.
737 3848 744 3854 ⁴

326 3960 497 4024 Φόϐος
531 3957 740 4027 Κυρίου
773 3957 924 4026 μισεῖ
950 3955 1176 4020 κακίαν,
1212 3951 1370 4025 ὓϐριν
1400 3967 1458 4004 τε
1491 3951 1587 4004 καὶ
1625 3947 1832 4018 ὑπερη-

253 4053 479 4124 φανίαν,
515 4051 611 4105 καὶ
639 4049 789 4113 ὀδοὺς
812 4047 1092 4121 πονηρῶν.
1792 4079 1796 4082 ~

325 4145 497 4208 Φόϐος
527 4143 732 4214 Κυρίου
767 4138 922 4211 πηγὴ
969 4138 1136 4211 ζωῆς,
1168 4137 1312 4191 ποιεῖ
1351 4136 1408 4190 δὲ
1453 4131 1724 4189 ἐκκλίνειν
1768 4130 1833 4183 ἐκ

253 4239 489 4306 παγίδος
519 4237 770 4290 θανάτου.

328 4333 499 4396 Φόϐος
537 4330 746 4401 Κυρίου
778 4328 941 4399 σοφία
969 4327 1064 4382 καὶ
1098 4324 1337 4382 παιδεία.

332 4511 509 4567 Φοϐοὖ
539 4511 632 4564 τὸν
661 4509 815 4575 Θεὸν,
844 4508 952 4574 υἱὲ,
981 4507 1074 4561 καὶ
1105 4505 1350 4576 βασιλέα,
1380 4503 1471 4556 καὶ
1498 4501 1632 4572 μηδὲ
1665 4500 1836 4570 ἑτέρῳ

260 4608 450 4663 αὐτῶν
483 4604 826 4675 ἀπειθήσεις.
1507 4630 1512 4640 -

334 4699 504 4761 Τέλος
533 4696 691 4766 λόγου
725 4695 785 4748 τὸ
831 4694 940 4749 πᾶν
980 4693 1168 4757 ἄκουε,
1197 4690 1288 4742 τὸν
1337 4688 1470 4742 Θεὸν
1519 4685 1711 4753 φοϐοῦ,
1744 4685 1839 4738 καὶ

253 4793 363 4854 τὰς
399 4787 622 4850 ἐντολὰς
651 4784 817 4840 αὒτοῦ
867 4783 1125 4854 φύλαττε,
1155 4782 1236 4834 ὅτι
1264 4777 1458 4832 τούτου
1491 4777 1597 4840 πᾶς
1625 4775 1840 4845 ἄνθρω-

254 4899 365 4945 πος
370 4921 386 4936 ο
1461 4937 1464 4940 .

349 4969 632 5027 Ἀνατελεῖ
685 4970 816 5034 ὑμῖν
854 4968 970 5030 τοῖς
1015 4963 1373 5034 φοϐουμένοις
1420 4962 1479 5014 τὸ
1504 4958 1678 5028 ὄνομά
1714 4974 1836 5026 μου.

256 5070 419 5140 ἧὶιος
478 5061 849 5132 δικαιοσύνης,
909 5059 1000 5113 καὶ
1057 5060 1112 5111 ὲν
1161 5058 1278 5118 ταῖς
1342 5051 1599 5123 πτέρυξιν
1643 5047 1836 5111 αὐτοῦ,

259 5165 312 5216 ἴα
326 5176 431 5221 τις.

339 5252 515 5305 Σὼσει
551 5249 753 5320 Κύριος
787 5247 911 5311 τοὺς
957 5244 1322 5316 φοϐουμένους
1351 5240 1411 5294 τὸ
1448 5239 1619 5310 ὄνομα
1650 5231 1838 5288 αὑτοῦ.

240 5504 246 5510 ,
336 5435 545 5505 Κύριος
572 5435 628 5487 ἐν
645 5431 759 5503 ναῷ
789 5432 930 5502 ἁγίῳ
954 5427 1146 5498 αὑτοῦ,
1177 5423 1517 5482 εὐλαϐείσθω
1539 5422 1646 5477 ἀπὸ
1675 5435 1842 5489 προσ-

255 5530 418 5583 ώπου
449 5525 618 5584 αὐτοῦ
652 5528 802 5580 πᾶσα
834 5527 867 5597 ή
901 5528 994 5594 γῆ.

334 5621 546 5692 Κύριον
584 5618 747 5676 αὑτὸν
787 5619 1076 5687 ἁγιάσατε,
1120 5616 1212 5671 καὶ
1241 5612 1400 5677 αὐτὸς
1439 5611 1593 5665 ἔσται
1625 5623 1718 5662 σου
1750 5604 1840 5674 φύ-

264 5715 383 5775 ίος.

1940 3218 2110 3285 ceptis
2151 3216 2269 3287 ejus
2315 3218 2546 3272 multum
2579 3217 2959 3273 delectabitur.
3018 3215 3220 3272 Potens
3254 3215 3311 3270 in
3363 3223 3506 3270 terra

1941 3309 2047 3364 erit
2080 3326 2264 3366 semen
2289 3311 2431 3380 ejus.
2472 3364 2479 3369 .

2015 3397 2166 3454 Psal.
2199 3415 2382 3457 cxmv.
2422 3399 2768 3454 Voluntatem
2811 3399 3117 3455 timentium
3149 3412 3208 3453 se
3240 3395 3424 3460 faciet,
3459 3405 3515 3448 et

1939 3491 2377 3561 deprecationem
2401 3507 2592 3546 eorum
2625 3490 2902 3557 exaudiet,
2931 3498 2988 3545 et
3015 3489 3254 3544 servabit
3283 3501 3403 3542 eos.

2009 3584 2150 3639 ibid.
2184 3581 2435 3638 Custodit
2478 3583 2743 3637 Dominus
2775 3595 2991 3644 onmes,
3028 3579 3121 3649 qui
3175 3577 3410 3645 diligunt
3432 3574 3514 3642 ip-

1939 3691 2084 3740 sum,
2116 3685 2168 3730 et
2195 3689 2387 3729 omnes
2427 3683 2752 3744 peccatores
2785 3672 3088 3742 disperdat.

2013 3767 2155 3828 Ibid.
2206 3766 2470 3823 Dominus
2519 3767 2612 3821 dat
2663 3767 3092 3836 sapientiam,et
3118 3764 3260 3820 viam
3295 3777 3512 3826 eorum,

1939 3862 2030 3931 qui
2057 3869 2382 3930 reverentur
2413 3874 2564 3924 eum,
2595 3858 2884 3914 custodiet.

2011 3952 2155 4006 Ibid.
2193 3967 2312 4007 vnt.
2339 3949 2529 4006 Timor
2561 3949 2775 4005 Domini
2819 3949 2934 4005 odit
2990 3948 3275 4014 malitiam,
3299 3955 3354 4002 et
3379 3961 3514 4001 cou-

1941 4042 2240 4104 tumeliam,
2263 4051 2318 4095 et
2344 4040 2678 4111 superbiant,
2703 4047 2760 4095 et
2792 4041 2911 4095 vias
2939 4038 3229 4094 malorum.

2017 4133 2161 4190 Ibid.
2215 4150 2328 4188 xiv.
2377 4132 2567 4188 Timor
2605 4132 2821 4188 Domini
2855 4131 2976 4187 l'ons
3004 4139 3088 4187 est
3114 4131 3260 4198 vitae,
3292 4137 3347 4186 et
3375 4145 3404 4184 a
3433 4130 3514 4185 la-

1939 4243 2084 4297 queo
2115 4226 2306 4280 mortis
2335 4224 2614 4280 declinare
2653 4225 2808 4281 lacit.

2014 4317 2160 4372 Ibid.
2201 4333 2291 4374 xv.
2339 4315 2526 4374 Timor
2578 4315 2794 4371 Domini
2844 4314 3110 4387 sapientia
3137 4323 3222 4370 est
3251 4324 3308 4369 et
3349 4311 3515 4368 disci-

1869 4454 1912 4510 Β
1943 4412 2112 4510 plina.

2012 4504 2154 4559 Ibid.
2193 4520 2341 4559 xxxv.
2365 4503 2520 4558 Time
2544 4501 2736 4568 Deum,
2764 4519 2796 4558 ο
2829 4503 2926 4566 liii,
2949 4511 3004 4556 et
3054 4517 3255 4571 regem,
3287 4514 3351 4554 ac
3383 4514 3520 4553 neu-

1941 4601 2008 4654 tri
2045 4600 2285 4670 ipsorum
2314 4597 2391 4654 sis
2416 4596 2758 4652 inobediens.

2015 4689 2241 4743 Omnem
2277 4687 2545 4744 sermonis
2578 4699 2846 4739 summam
2874 4680 3024 4738 audi.
3074 4679 3244 4734 Deum
3281 4679 3430 4744 time,
3459 4688 3516 4733 et

1942 4789 2208 4853 praecpta
2269 4779 2441 4851 ipsius
2492 4777 2724 4832 custodi.
2783 4775 2959 4845 Ipsius
2997 4776 3143 4830 enim
3200 4781 3285 4829 est
3333 4771 3514 4826 omnis

1943 4877 2124 4928 homo.

1925 5015 1950 5033 ι,
2017 4965 2252 5022 Malach.
2279 4979 2351 5018 Iv.
2383 4961 2674 5018 Exorietur
2721 4961 2896 5025 vobis,
2927 4958 3021 5028 qui
3066 4956 3270 5012 timetis
3315 4969 3514 5010 nomen

1942 5073 2145 5123 meum,
2177 5057 2268 5119 Sol
2295 5055 2538 5126 justitiae,
2563 5060 2617 5109 et
2649 5053 2703 5107 in
2735 5052 2836 5108 alis
2861 5052 3032 5122 ipsius
3055 5052 3227 5105 salus.

2016 5236 2176 5290 Micb.
2207 5233 2448 5288 Salvabit
2469 5231 2732 5287 Dominus
2761 5243 2854 5284 eos
2879 5229 2972 5299 qui
2998 5230 3188 5284 timent
3211 5243 3408 5284 nomen
3433 5227 3518 5297 ip-

1944 5331 2081 5385 sius.
3481 5363 3498 5373 .

2022 5421 2224 5474 Ilabac.
2260 5436 2318 5475 ιι.
2354 5418 2616 5472 Dominus
2647 5416 2700 5469 in
2733 5413 2935 5482 templo
2985 5422 3174 5467 sancto
3209 5425 3332 5474 suo,
3362 5418 3514 5460 reve-

1944 5525 2128 5568 reatur
2154 5527 2184 5565 a
2225 5510 2361 5565 facie
2385 5509 2502 5579 ejus
2530 5508 2709 5562 omnis
2743 5514 2909 5560 terra.

2030 5603 2146 5660 lsa.
2202 5619 2318 5658 vni.
2368 5600 2656 5680 Domintun
2713 5599 2890 5670 ipsum
2944 5584 3516 5654 sanclilicate.eui“3°

1949 5698 2050 5753 erit
2086 5698 2246 5751 timor
2284 5706 2426 5750 tuus.
2449 5765 2471 5785 .
2613 5691 2621 5698 ’
