3980 6248
520 415 627 477 787

518 619 918 675 misericordia.

599 711 742 769 Ibid.
777 728 963 770 xxxvr.
1014 712 1185 786 Spera
1222 714 1278 772 in
1330 716 1582 788 Domino,
1626 734 1681 781 et
1726 724 1815 780 {ac
1874 724 2089 781 bonita-

524 814 651 861 tem.

592 896 734 951 Ibid.
771 894 970 955 Revela
1004 900 1070 954 ad
1110 902 1399 960 Dominum
1452 906 1592 961 viam
1644 917 1815 975 tuam,
1839 921 1893 965 et
1931 926 2090 980 spera

524 992 576 1041 in
613 1005 696 1053 eo,
724 1000 778 1047 et
807 991 922 1060 ipse
949 992 1133 1048 faciet.

596 1080 739 1137 Ibid.
794 1101 980 1139 xxx".
1017 1088 1214 1142 Beatus
1252 1089 1357 1151 vir,
1404 1091 1559 1160 cujus
1607 1107 1732 1162 spes
1758 1102 1842 1148 est
1892 1109 2089 1150 nomen

527 1172 760 1239 Domini,
788 1185 842 1230 et
872 1192 978 1232 non
1013 1181 1251 1250 respexit
1272 1180 1326 1235 in
1361 1183 1628 1241 Vanitates
1644 1197 1700 1240 et
1723 1186 1964 1243 insanias
1988 1186 2093 1245 {al-

522 1280 634 1321 $33.

591 1357 952 1435 Ibidhcxvu.
999 1363 1207 1420 Bonum
1269 1376 1354 1424 est
1388 1370 1665 1428 conﬁdere
1721 1374 1778 1429 in
1834 1373 2087 1439 Domino.

520 1465 685 1519 quam
731 1454 1008 1510 conﬁdere
1042 1456 1095 1510 in
1132 1456 1379 1515 homine.
1434 1462 1645 1518 Bonum
1672 1472 1758 1520 est
1785 1480 2006 1535 sperare
2033 1463 2126 1521 in'

523 1539 776 1610 Domino,
809 1561 972 1616 quam
1010 1562 1231 1616 sperare
1256 1550 1312 1606 in
1353 1552 1708 1623 principibus.

595 1634 747 1692 Psal.
798 1651 980 1695 cxxtv.
1025 1640 1129 1707 Qui
1178 1642 1460 1699 conﬁdunt
1508 1643 1761 1712 Domino,
1814 1659 1877 1703 ut
1932 1663 2092 1705 mons

522 1728 677 1784 Sion.

594 1817 695 1886 Qui
727 1820 958 1879 Domino
989 1823 1237 1894 conﬁdit,
1263 1840 1362 1882 sua
1393 1827 1565 1896 ipsius
1616 1830 1978 1886 sanctimonia
2001 1829 2091 1901 ju-

524 1917 642 1966 stus
676 1921 781 1967 est.

590 2000 814 2059 Conﬁde
846 2002 1078 2062 Domino
1103 2006 1155 2062 in
1187 2014 1302 2065 toto
1327 2011 1491 2067 corde
1520 2020 1636 2069 tuo.

592 2088 722 2162 Sep.
753 2108 833 2149 Ill.
865 2094 966 2160 Qui
1003 2095 1232 2152 Domino
1262 2098 1565 2169 conﬁdunt,
1597 2100 1901 2173 intelligent
1946 2100 2090 2155 veri-

522 2192 711 2248 tatem,
742 2191 800 2240 et
825 2184 1010 2240 ﬁdeles
1046 2190 1099 2240 in
1129 2186 1423 2246 dilectione
1450 2192 1805 2247 adhaerebunt
1840 2192 1940 2247 illi.

590 2275 709 2330 Isa.
745 2292 839 2332 xu.
877 2276 1018 2333 Ecce
1054 2277 1197 2335 Deus
1232 2295 1410 2348 meus,
1439 2281 1692 2338 Salvator
1726 2300 1881 2341 meus
1903 2284 2089 2340 Domi-

524 2382 646 2432 nus,
663 2369 928 2423 conlidam
957 2370 1057 2438 illi,
1086 2378 1141 2425 et
1156 2371 1405 2428 salvabor
1431 2389 1526 2444 per
1553 2374 1755 2445 ipsum.

594 2457 790 2515 larem.
845 2476 974 2516 xm.
1023 2462 1351 2520 Benedictus
1407 2465 1597 2532 homo,
1634 2468 1730 2538 qui
1765 2467 1989 2523 conﬁdit
2033 2468 2088 2523 in

526 2547 775 2614 Domino,
807 2561 865 2606 et
898 2552 1004 2607 erit
1047 2552 1309 2611 Dominus
1357 2571 1485 2628 spes
1511 2559 1664 2629 ejus:
1713 2570 1770 2615 et
1801 2560 1904 2616 erit
1933 2560 2089 2631 quasi

524 2643 729 2713 lignum
760 2656 970 2699 rectum
1012 2648 1095 2701 vcl
1125 2648 1412 2705 abundans
1433 2650 1590 2720 juxta
1616 2666 1807 2723 aquas.

595 2735 767 2791 Ereti.
805 2753 871 2791 tl.
900 2737 1154 2809 Inspicite
1215 2740 1270 2796 in
1317 2744 1572 2813 antiquas
1620 2746 1998 2814 generationes
2037 2754 2092 2801 et

519 2828 747 2885 scitote:
783 2829 916 2897 Quis
944 2832 1185 2902 speravit
1217 2835 1268 2888 in
1299 2835 1586 2892 Dominum
1608 2846 1661 2891 et
1683 2836 1944 2894 confusus
1964 2837 2092 2892 est?

521 2928 613 2972 :mt
667 2921 792 2988 quis
846 2923 1146 2992 permansit
1197 2924 1256 2980 in
1297 2929 1491 2982 timore
1539 2928 1713 2997 ipsius
1758 2938 1815 2984 et
1850 2928 2095 2999 neglexit

519 3026 648 3064 ru-m
679 3010 705 3064 τ

590 3102 1026 3161 l’ersuadeamus
1084 3108 1188 3164 hoc
1239 3109 1399 3165 nobis
1457 3110 1614 3179 ipsis,
1647 3110 1863 3176 fratres,
1920 3120 1983 3167 ut
2036 3112 2087 3165 in

520 3205 765 3265 tempore
798 3198 1118 3256 tentationis
1149 3216 1256 3255 non
1308 3201 1375 3256 ad
1422 3201 1690 3259 humanas
1720 3218 1847 3274 spes
1901 3217 2090 3259 recur-

522 3302 713 3343 ramus
728 3298 779 3344 et
805 3290 964 3346 nobis
986 3292 1121 3362 ipsis
1186 3306 1446 3350 venemur
1476 3296 1702 3361 auxilia,
1750 3297 1881 3366 quin
1907 3297 2091 3363 potius

521 3383 577 3438 in
624 3382 883 3453 lacrymis
910 3393 966 3439 et
997 3385 1313 3456 gemitibus,
1337 3397 1392 3442 et
1424 3387 1692 3445 laboriosa
1718 3403 1784 3445 ac
1820 3389 2093 3445 indefessa

521 3474 771 3529 oratione
795 3485 850 3530 et
886 3475 1084 3545 vigiliis
1109 3476 1347 3533 assiduis
1388 3476 1557 3535 Deum
1593 3480 1969 3550 deprecemur.
2003 3480 2095 3537 Sic

519 3566 667 3620 enim
695 3566 961 3623 auxilium
988 3582 1055 3623 ex
1080 3566 1369 3624 aﬁlictioue
1391 3570 1640 3640 percipit,
1664 3575 1759 3641 qui
1790 3572 2090 3637 humanum

519 3656 782 3712 auxilium
814 3666 873 3713 ut
907 3672 1106 3713 vanum
1144 3670 1198 3714 ct
1235 3660 1392 3714 inane
1421 3662 1741 3717 contemnit.

594 3748 783 3806 Laudo
829 3764 977 3818 eum,
1010 3750 1104 3821 qui
1158 3767 1287 3823 spes
1335 3752 1675 3823 vigilantium
1717 3754 1933 3811 somnia
1974 3769 2097 3812 esse

520 3845 680 3901 dixit.

595 3938 872 4010 Thcoiogi.
926 3938 1266 4011 Voluptatem
1315 3941 1538 4011 quidem
1607 3955 1764 4009 cura,
1816 3941 2093 3998 tristitiam

518 4045 650 4085 vero
675 4045 805 4101 spes
833 4030 1025 4086 melior
1057 4033 1343 4101 reprimat.

590 4125 887 4181 Maximum
956 4123 1311 4182 infortunatis
1378 4124 1688 4182 subsidium
1744 4136 1829 4182 est
1885 4125 2098 4183 vicissi-

522 4216 726 4272 tudinis
774 4232 924 4287 spes,
949 4226 1006 4273 et
1044 4217 1236 4275 melior
1288 4224 1465 4273 status
1515 4216 1585 4273 ob
1643 4215 1834 4273 oculos
1867 4219 2094 4285 positus.

594 4310 833 4363 Tandem
867 4310 1149 4365 submersa
1183 4318 1267 4364 est
1293 4308 1471 4375 navis,
1493 4323 1616 4379 quae
1644 4310 1848 4366 multos
1878 4311 1944 4365 ad
1967 4327 2095 4380 por-

525 4412 613 4457 tus
644 4399 873 4458 feliciter
905 4401 1136 4473 appulit.
1193 4399 1342 4457 Multi
1388 4416 1458 4458 ex
1492 4401 1729 4456 maxima
1777 4412 2099 4473 tempestate

524 4493 592 4548 ad
628 4503 844 4564 portum
870 4501 1189 4550 evaserunt.

1774 427 2097 493 ANTONII
2132 434 2476 498 MELISSB

593 526 745 584 Psal.
779 545 928 583 xxxi.
969 528 1289 600 Sperantem
1321 531 1377 587 in
1423 530 1712 591 Dominum
1736 541 2095 601 circumdabit
2120 550 2179 612 At

2118 3256 2160 3308 Ο

3657 445 3759 509 ’188

2268 549 2372 602 Τὸν
2398 550 2684 615 ἐλπίζοντα
2715 551 2808 606 ἐπὶ
2839 552 3047 627 Κύριον
3075 552 3222 619 ἔλεος
3254 554 3554 612 κυκλώσει.

2266 727 2527 784 Ἐλπισον
2549 731 2641 787 έπὶ
2667 731 2895 805 Κύριον,
2926 736 3020 790 καὶ
3047 736 3192 791 ποίει
3215 738 3587 810 χρηστότητα.

2274 908 2649 980 ’Δποκάλυψον
2683 912 2821 983 πρὸς
2862 914 3070 981 Κύριον
3096 916 3197 987 τὴν
3224 916 3342 972 ὁδόν
3384 934 3505 985 σου,
3561 919 3653 972 καὶ
3680 920 3762 973 ιλ.

2191 1015 2351 1055 πισον
2380 1001 2475 1053 ἐπὶ
2506 1002 2690 1067 αὐτὸν,
2723 1006 2819 1057 καὶ
2851 1006 3017 1070 αύτδς
3041 1010 3284 1077 ποιήσει.

2260 1096 2552 1166 Μακάριος
2580 1099 2742 1172 ἀνὴρ,
2791 1095 2853 1155 οὗ
2897 1103 3014 1157 ἐστι
3051 1103 3112 1157 τὸ
3143 1104 3321 1173 ,ὄνομα
3353 1104 3564 1175 Κυρίου
3609 1103 3762 1168 ἐλπὶς

2192 1190 2378 1255 αὐτοῦ,
2412 1193 2511 1245 καὶ
2553 1192 2655 1249 οὐκ
2683 1192 2915 1262 ἔϐλεψεν
2939 1195 3017 1258 είς
3046 1195 3385 1266 ματαιότητα
3430 1197 3526 1250 καὶ
3563 1196 3762 1265 μανίας

2189 1279 2428 1350 ψευδεῖς.

2276 1374 2506 1442 Ἀγαθὸν
2530 1376 2850 1431 πεποιθέναι
2875 1379 2967 1432 ἐπὶ
2999 1378 3229 1449 Κύριον,
3261 1382 3295 1452 ἢ
3328 1382 3653 1436 πεποιθέναι
3679 1381 3764 1435 ἐπ’

2191 1464 2498 1535 ἄνθρωπον.
2547 1467 2777 1536 Ἀγαθὸν
2807 1470 3048 1533 ἐλπίζειν
3073 1473 3166 1526 ἐπὶ
3194 1472 3418 1544 Κύριον,
3446 1474 3481 1545 ἢ
3520 1473 3766 1540 έλπίζειν

2190 1556 2282 1609 ἐπ’
2321 1556 2603 1627 ἄρχουσιν.

2264 1645 2331 1702 0i
2365 1650 2689 1717 πεποιθότες
2717 1654 2809 1708 in!
2836 1655 3042 1726 Κύριον
3068 1658 3146 1720 ὡς
3189 1658 3315 1730 ὅρος
3351 1660 3515 1714 Σιών.

2277 1812 2337 1867 Ὀ
2368 1811 2643 1878 πεποιθὼς
2674 1813 2770 1869 hri.
2802 1814 3009 1889 Κύριον
3058 1820 3126 1890 τῇ
3164 1818 3360 1873 ἑαυτοῦ
3412 1819 3657 1892 ὁσιότητι
3685 1819 3767 1875 δί-

2117 1897 2167 1959 Β
2193 1920 2368 1967 καιος.

2270 1999 2412 2053 Ἵσθι
2440 2002 2720 2067 πεποιθὼς
2748 2004 2844 2058 ἐπὶ
2872 2004 3079 2076 Κύριον
3103 2005 3201 2075 ὅλῃ
3234 2004 3435 2077 καρδία
3470 2022 3594 2060 σου.

2266 2088 2333 2143 Οί
2364 2093 2686 2159 πεποιθότες
2720 2096 2816 2150 επὶ
2861 2097 3072 2167 Κύριον
3103 2097 3428 2166 συνήσουσιν
3478 2096 3768 2169 ἀλήθειαν,

2196 2178 2289 2233 καὶ
2321 2180 2372 2232 oi
2403 2182 2588 2235 πιστοὶ
2618 2184 2675 2236 ἐν
2700 2184 2886 2258 ἀγάπῃ
2920 2185 3324 2256 προσμενοῦσιν
3349 2186 3529 2257 αὐτῷ.

2283 2271 2413 2328 Ἰδοὺ
2454 2276 2483 2329 ό
2508 2275 2643 2340 Θεός
2677 2295 2806 2348 μου,
2852 2281 3038 2351 σωτήρ
3069 2298 3197 2351 μου,
3239 2281 3465 2351 Κύριος,
3491 2277 3770 2342 πεποιθὼς

2195 2366 2388 2435 ἔσομαι
2417 2368 2505 2423 ἐπ’
2535 2369 2721 2436 αὐτὸν,
2752 2370 2849 2426 καὶ
2884 2370 3206 2441 σωθήσομαι
3228 2371 3300 2426 δι’
3327 2370 3519 2426 αὐτοῦ.

2273 2459 2648 2530 Εὐλογημένος
2694 2461 2983 2533 ἄνθρωπος
3043 2467 3195 2530 ὅστις
3244 2463 3507 2519 πέποιθεν
3551 2464 3650 2518 επὶ
3692 2462 3771 2524 τῶ

2197 2549 2411 2621 Κυρίῳ.
2443 2552 2537 2604 καὶ
2570 2552 2724 2607 ἔσται
2757 2552 2962 2623 Κύριος
2987 2554 3146 2618 έλπὶς
3173 2554 3364 2620 αὐτοῦ,
3391 2556 3490 2610 καὶ
3516 2554 3674 2608 ἔσται
3694 2553 3771 2617 ὥς

2198 2641 2356 2707 ξύλον
2383 2644 2649 2715 εὐθηνοῦν
2677 2649 2811 2717 παρ’
2841 2647 3029 2705 ὕδατα.

2279 2736 2619 2809 Ἐμσλέψατε
2661 2744 2744 2805 εἰς
2789 2740 2889 2806 τάς
2929 2742 3167 2815 ἀρχαίας
3202 2742 3418 2811 γενεὰς.
3455 2742 3553 2797 καὶ
3604 2742 3766 2795 ίδετε.

2196 2831 2293 2895 Τίς
2343 2832 2574 2903 ἤλπισεν
2616 2835 2712 2887 ἀπὶ
2782 2835 2987 2904 Κύριον
3032 2835 3129 2889 καὶ
3176 2834 3632 2908 κατῃσχύνθη;ἢ
3685 2834 3771 2897 τίς

2197 2924 2472 2994 ἐνέμεινεν
2496 2924 2573 2995 τῷ
2604 2924 2755 2997 φόσῳ
2789 2925 2980 2992 αὐτοῦ,
3014 2927 3110 2983 καὶ
3140 2926 3425 2997 ὑπερεῖδεν
3447 2927 3617 2979 αὐτόν
3642 2943 3662 2992 ;

2271 3092 2835 3175 Πείσωμενέαυτοὺς,
2859 3107 3103 3177 ἀδελφοὶ,
3134 3108 3192 3160 ὲν
3220 3107 3399 3177 καιρῷ
3427 3104 3763 3176 πειρασμοῦ,

2203 3199 2278 3269 μὴ
2318 3198 2456 3269 πρὸς
2495 3199 2841 3270 ἀνθρωπίνας
2871 3199 3090 3263 ἐλπίδας
3120 3200 3468 3271 ἀποτρέχειν,
3498 3201 3596 3254 καὶ
3639 3202 3767 3256 ἑαυ-

2195 3292 2306 3354 τοῖς
2358 3291 2455 3354 τὰς
2487 3290 2741 3361 βοηθείας
2782 3290 3076 3362 θηρᾶσθαι,
3127 3290 3245 3346 ἀλλ’
3285 3292 3342 3345 ὲν
3392 3291 3633 3363 δάκρυσι
3678 3294 3769 3348 καὶ

2197 3387 2545 3454 στεναγμοῖς,
2576 3385 2674 3439 καὶ
2698 3381 2968 3454 φιλοπόνῳ
3011 3387 3318 3455 προσευχῇ,
3366 3387 3462 3439 καὶ
3486 3386 3769 3456 ἀγρυπνίᾳ

2194 3478 2417 3549 εύτόνῳ,
2452 3480 2551 3542 τάς
2604 3479 2828 3548 δεήσαις
2872 3478 3009 3548 πρὸς
3056 3476 3189 3532 Θεὸν
3231 3478 3532 3533 ποιεῖσθαι.
3582 3476 3768 3539 οὕτως

2197 3572 2309 3640 γάρ
2334 3570 2599 3641 λαμϐάνει
2631 3568 2885 3638 βοήθειαν
2928 3570 2993 3622 εκ
3029 3568 3266 3639 θλίψεως
3294 3570 3324 3622 ό
3368 3568 3470 3639 τῆς
3498 3566 3771 3641 ἀνθρωπί-

2197 3680 2294 3734 νης
2321 3661 2575 3733 βοηθείας
2601 3662 2675 3726 ῶς
2705 3663 2940 3734 ματαίας
2967 3661 3351 3734 καταφρονῶν.

2279 3753 2519 3806 Ἐπαινῶ
2543 3753 2635 3807 τὸν
2684 3753 2909 3808 εἰπόντα
2964 3752 3061 3817 τὰς
3110 3752 3338 3818 ἐλπίδας
3370 3748 3516 3808 εἶναι
3567 3769 3768 3825 γρηγο-

2200 3844 2440 3914 ρούντων
2466 3845 2716 3899 ἐνύπνια.

2281 3934 2654 3991 Ἐπικοπτέτω
2696 3954 2780 3991 σοι
2813 3938 3052 4009 μέριμνα
3101 3936 3202 4007 μὲν
3241 3936 3456 4009 ἡδονὴν,
3505 3936 3684 4007 λύπην
3709 3935 3763 3988 δὲ

2196 4027 2232 4095 ὴ
2267 4026 2532 4099 κρείττων
2566 4027 2743 4091 ἐλπίς.

2269 4119 2521 4191 Μεγίστη
2553 4122 2665 4183 τοῖς
2697 4120 2991 4191 ἀτυχοῦσιν
3024 4119 3313 4193 ἐπικουρία
3352 4118 3656 4190 μεταϐολῆς
3676 4116 3763 4168 ιλ·

2201 4211 2319 4274 πἰς,
2350 4211 2446 4263 καὶ
2485 4210 2546 4264 τὸ
2572 4213 2820 4280 κρεῖττον
2847 4214 2904 4264 ὲν
2932 4212 3235 4282 ὀφθαλμοῖς
3277 4211 3559 4278 κείμενον.

2274 4301 2499 4365 Πολλοῖς
2526 4303 2663 4372 πρὸς
2707 4303 2898 4373 ὅρμοις
2925 4302 3162 4358 εὔπλουν
3201 4303 3291 4357 ἔδυ
3321 4305 3551 4374 σκάφος.
3580 4300 3767 4358 Πολλοὶ

2204 4393 2711 4465 προσωρμίσθησαν
2741 4396 2806 4448 ἐκ
2845 4396 3164 4468 τρικυμίας.

595 4607 983 4679 Chrgwstomi.
1011 4606 1356 4680 [inpossibile
1388 4616 1493 4674 est,
1518 4617 1577 4664 ut
1607 4623 1638 4663 a
1664 4610 1772 4664 ﬁne
1799 4615 1894 4664 aut
1926 4623 2094 4678 scopo

2290 4600 2594 4671 ’Δμήχανον
2637 4600 2735 4655 τοῦ
2785 4600 2973 4667 τέλους
3021 4604 3280 4658 ἔκπεσεῖν
3310 4604 3406 4659 τὸν
3432 4605 3527 4676 ὅλῃ
3563 4603 3767 4675 dumi;

521 4717 623 4758 suo
654 4704 896 4770 aberret,
928 4702 1023 4773 qui
1070 4712 1181 4760 tota
1238 4710 1419 4759 mente
1473 4702 1530 4757 in
1582 4701 1752 4758 Deum
1807 4712 2011 4772 sperat,
2040 4713 2095 4758 et

524 4795 707 4849 omnia
735 4808 836 4849 sua
870 4810 971 4865 pro
1003 4794 1147 4849 virili
1177 4795 1309 4866 agit.

594 4908 731 4963 Cum
781 4908 931 4963 nulla
983 4924 1211 4979 usquam
1266 4910 1491 4965 humani
1526 4911 1715 4966 auxilii
1764 4925 1893 4982 spes
1941 4911 2098 4967 nobis

435 5050 440 5055 .
523 5000 766 5071 :tﬂulgcl,
804 5012 893 5055 ‘ne
948 5000 1303 5072 desperemus
1348 5017 1449 5057 nec
1505 5002 1942 5072 despondeamus
1976 5003 2098 5057 ani-

525 5106 697 5155 mum,
727 5091 821 5146 sed
854 5090 978 5145 ﬁdei
999 5090 1291 5146 anchoratn
1312 5094 1659 5164 arripiamus,
1683 5102 1736 5149 et
1763 5095 2098 5148 instrumen-

525 5189 641 5233 tum
674 5180 787 5248 spei
816 5180 1108 5249 iaciamus,
1141 5197 1248 5237 non
1268 5185 1486 5253 quidem
1522 5184 1578 5239 in
1611 5184 1880 5249 mari,sed
1912 5186 1962 5238 in
1989 5198 2100 5239 coe-

527 5273 662 5335 lum,
720 5282 775 5326 et
837 5283 1212 5344 tempestatum
1271 5278 1525 5346 procellis
1570 5279 1767 5350 agitata
1810 5278 1911 5349 13
1948 5280 2102 5333 navis

527 5366 596 5416 ab
624 5360 773 5415 omni
805 5363 1049 5431 periculo
1089 5365 1429 5422 liberabitur.

601 5474 831 5528 Aﬁlictin
860 5473 958 5531 ﬁos
981 5485 1065 5530 est
1095 5476 1362 5532 bonorum
1387 5493 1507 5546 quae
1535 5489 1941 5547 exspectantur.
1972 5478 2103 5534 Pro-

529 5575 647 5630 pter
707 5564 944 5617 fructum
979 5580 1108 5633 ergo
1167 5564 1267 5621 llos
1315 5581 1535 5636 quoque
1586 5567 1743 5623 nobis
1796 5570 2102 5638 earpeudus

532 5665 632 5709 ttSl.

600 5768 745 5822 Nihil
801 5771 1025 5839 perinde
1074 5773 1308 5825 animam
1365 5773 1537 5826 nutrit
1579 5783 1634 5828 et
1675 5784 1909 5846 vegetat,
1942 5786 2104 5848 atque

533 5874 658 5927 spes
684 5860 803 5913 laeta
833 5871 884 5915 et
924 5863 1192 5917 bonorum
1219 5865 1574 5933 exspectatio.

2202 4692 2295 4746 ἐπὶ
2325 4694 2415 4746 τὸν
2440 4694 2580 4748 Θεὸν
2620 4692 2929 4762 ἐλπίζοντα,
2966 4697 3061 4750 καὶ
3092 4696 3164 4751 τὰ
3196 4698 3332 4768 παρ’
3365 4696 3560 4752 ἑαυτοῦ
3586 4697 3768 4752 πάντα

2201 4785 2548 4857 εἰσφέροντα.

2277 4903 2452 4960 Ὅταν
2507 4905 2821 4976 μηδαμόθεν
2882 4907 3231 4979 ἀνθρωπίνης
3299 4909 3552 4982 βοηθείας
3611 4906 3771 4969 ἐλπὶς

2204 4996 2340 5068 ἡμῖν
2369 4995 2614 5069 ύπάρχῃ,
2646 4998 2720 5068 μὴ
2745 4999 3090 5070 ἁπογνῶμεν,
3121 5000 3196 5071 μὴ
3225 5001 3604 5071 ἀτονήσωμεν·
3627 4997 3769 5051 ἀλλὰ

2206 5089 2307 5157 τὴν
2336 5088 2589 5159 ἄγκυραν
2617 5090 2721 5158 τῆς
2765 5092 3003 5154 πίστεως
3030 5092 3390 5163 ἀρπάσωμεν,
3441 5093 3673 5163 ῥίψωμεν
3704 5088 3774 5141 τὸ

2208 5183 2494 5249 ἐργαλεῖον
2542 5181 2643 5246 τῆς
2672 5182 2910 5247 ἐλπίδος,
2949 5182 3023 5253 μὴ
3080 5186 3159 5247 είς
3207 5183 3508 5249 θάλασσαν,
3536 5181 3643 5235 ἀλλ’
3682 5181 3775 5244 εἰς

2208 5274 2461 5342 οὐρανὸν,
2495 5273 2591 5326 καὶ
2618 5274 2678 5325 τὸ
2712 5273 3113 5343 χειμαζόμενον
3145 5276 3354 5343 σκάφος
3383 5275 3491 5328 τῶν
3517 5270 3780 5325 κινδύνων

2209 5362 2498 5435 ἀπαλλαγή
2508 5381 2684 5420 σεται.

2286 5479 2408 5531 Τῶν
2439 5481 2908 5552 προσδοκωμένων
2941 5481 3162 5550 ἀγαθῶν
3192 5481 3423 5552 ήθλίψις
3450 5481 3599 5541 ἄνθος
3628 5473 3777 5528 ἐστι.

2212 5579 2310 5629 Διά
2342 5576 2434 5629 οὖν
2464 5578 2553 5630 τὸν
2583 5582 2793 5647 καρπὸν
2834 5580 2927 5630 καὶ
2979 5580 3038 5630 τὸ
3068 5579 3224 5640 ἄνθος
3253 5576 3594 5648 δρεῴψεοα.

2287 5778 2452 5831 Οᾷδὲν
2482 5778 2653 5839 οὕτως
2688 5780 2877 5847 τρέφει
2921 5778 3119 5849 ψυχὴν,
3153 5777 3228 5840 ὡς
3276 5778 3424 5840 ἐλπὶς
3461 5773 3638 5844 ἀγαθὴ,
3672 5768 3783 5821 κςίιὶ

2218 5870 2273 5921 τὸ
2301 5888 2403 5940 χρη
2416 5871 2509 5921 στὶ
2540 5873 2860 5942 τροσδοκᾷν.
