3784 6240
401 336 502 400 791
1671 326 1953 386 AN'l‘ONl
1973 329 1991 387 Ι

2042 325 2148 385 ME
2160 327 2391 387 LISSIE
3532 327 3614 392 792

467 449 582 504 18a.
620 465 770 502 xxxi.
801 447 890 501 Vae
935 441 1396 500 descendentibus
1447 442 1502 495 in
1533 439 1848 512 IEgyptum,
1883 440 1973 506 qui

2149 441 2287 494 Οὐαὶ
2316 443 2363 492 οί
2411 439 2832 503 καταϐαίνοντες
2880 441 2959 501 εις
3007 439 3307 509 Αἴγυπτον,
3354 439 3432 508 ἐφ’
3465 439 3614 503 ἵπποις
3693 429 3696 432 ’

397 542 557 611 equis
603 538 884 594 conﬁdunt
926 545 978 592 et
1025 535 1294 589 curribus.
1322 531 1462 599 Quia
1504 531 1766 587 Dominus
1811 533 1971 586 indu-

399 642 489 688 cet
539 646 758 686 manum
795 643 946 683 suam
1005 641 1172 694 super
1200 641 1314 686 eos.
1347 633 1401 679 et
1445 625 1764 680 laborabunt
1814 623 1974 680 auxia

401 725 630 786 lianles,
683 731 737 777 et
791 723 882 790 qui
943 720 1152 775 auxilio
1191 719 1358 789 adjuti
1410 729 1560 783 sunt,
1583 718 1894 782 concident,
1921 727 1973 772 et

400 813 558 869 simul
581 826 773 868 omnes
803 811 1083 880 peribunt.

468 904 667 958 larem.
705 918 837 957 xvu.
873 901 1192 957 Maledictus
1225 903 1410 962 homo.
1433 901 1522 969 qui
1565 916 1714 968 spem
1739 901 1973 956 habetiu

400 998 620 1052 homine
669 1005 724 1051 et
761 993 1110 1050 conﬁrmabit
1147 1008 1367 1046 carnem
1418 993 1625 1048 brachii
1683 993 1766 1048 sui
1805 1009 1971 1063 super

399 1088 600 1156 ipsum,
629 1095 684 1140 et
711 1101 740 1140 a
776 1084 1004 1138 Domino
1031 1083 1320 1140 recesserit
1348 1097 1443 1136 cor
1473 1083 1616 1151 ejus.

497 1176 671 1232 Eccli.
711 1194 764 1230 v.
803 1174 881 1230 Ne
910 1175 1162 1244 sequaris
1199 1173 1436 1228 animam
1477 1181 1626 1228 tuam
1674 1183 1728 1228 et
1761 1171 1976 1227 lortitu-

398 1269 586 1324 dinem
611 1279 786 1334 tuam,
817 1283 918 1322 nec
945 1267 1188 1324 dixeris:
1209 1265 1343 1332 Quis
1371 1281 1457 1321 mc
1485 1281 1584 1322 suo
1599 1265 1849 1334 subiiciet
1877 1266 1977 1318 im-

400 1363 592 1433 perio?
622 1361 754 1416 Nam
798 1359 1060 1414 Dominus
1098 1359 1386 1413 vindicans
1417 1357 1734 1412 vindicabit.

477 1454 620 1510 Ibid.
667 1452 748 1508 Ne
799 1449 996 1508 lateris
1045 1450 1098 1504 in
1152 1450 1348 1520 opibus
1379 1450 1512 1514 tuis,
1543 1458 1596 1504 et
1625 1464 1694 1503 ne
1717 1447 1923 1503 dixeris
1955 1463 1970 1502 :

403 1547 614 1604 Sullicit
637 1545 794 1604 mihi.
818 1555 926 1613 etc.

473 1639 685 1694 Basilii.
719 1636 823 1703 Qui
871 1637 923 1689 in
957 1634 1198 1704 scipsum
1257 1643 1462 1703 sperat,
1494 1644 1542 1688 et
1597 1633 1851 1702 periculis
1882 1633 1980 1686 ob-

408 1733 602 1787 noxius
629 1738 710 1786 est
741 1738 795 1784 et
833 1726 1220 1789 exsecratioui,
1281 1741 1406 1794 qute
1455 1725 1586 1783 dicit
1615 1743 1628 1778 :
1659 1723 1976 1781 Maledictus

2086 534 2408 597 πεποιθότες
2446 534 2540 586 καὶ
2572 535 2833 603 ἅρμασιν.
2876 532 2935 586 Ὀ
2965 533 3074 603 γὰρ
3104 532 3308 603 Κύριος
3344 532 3516 598 ἐπάξει
3540 533 3616 605 τὴν

2081 628 2239 697 χεῖρα
2265 625 2430 680 αὑτοῦ
2460 627 2547 678 ἐπ’
2571 627 2790 689 αὐτοὺς,
2817 626 2911 678 καὶ
2940 625 3299 679 κοπιᾶσουσιν
3323 627 3373 677 οἱ
3404 624 3614 694 βοηθοῦν-

2079 735 2194 784 τες,
2225 720 2322 771 καὶ
2355 718 2650 772 πεσοῦνται
2681 721 2730 771 οἱ
2767 717 3156 790 βοηθούμενοι,
3187 718 3282 771 καὶ
3314 718 3426 771 iu:
3455 719 3612 781 πάντες

2082 808 2429 864 ἀπολοῦνται.

2167 903 2607 972 Ἐπικατάρατος
2637 903 2949 976 ἅνθρωπος,
2992 903 3052 968 ὃς
3079 904 3176 974 τὴν
3208 903 3400 957 ἐλπίδα
3427 903 3525 974 ἔχει
3550 906 3614 957 ἐπ’

2083 995 2395 1064 ἄνθρωπον,
2429 997 2526 1048 κοιλ⁵
2566 996 2810 1066 στηρίξει
2841 997 3021 1066 σάρκα
3049 995 3337 1066 βραχίονος
3380 995 3528 1049 αὐτοῦ
3550 997 3613 1047 ἐπ’

2083 1088 2270 1153 αὑτὸν,
2304 1089 2396 1140 καὶ
2425 1088 2534 1141 ἀπὸ
2567 1089 2774 1158 Κυρίου
2812 1088 3105 1142 ἀποστελεῖ
3137 1089 3370 1156 καρδίαν
3399 1088 3561 1142 αὐτοῦ.

2156 1182 2249 1250 Μὴ
2295 1180 2643 1246 ὲξακολούθει
2676 1184 2742 1252 τῇ
2786 1181 2930 1250 ψυχῇ
2965 1197 3061 1234 σου
3124 1177 3220 1232 καὶ
3250 1179 3318 1248 τῇ
3365 1179 3502 1247 ίσχύῐ
3529 1194 3614 1240 σου,

2085 1275 2178 1326 καὶ
2212 1273 2286 1344 μὴ
2337 1274 2501 1346 εἴπῃς
2527 1289 2540 1302 °
2579 1274 2673 1337 Τίς
2706 1290 2774 1344 με
2820 1273 3207 1338 δυναστεύσιι;
3241 1273 3276 1324 ὁ.
3301 1272 3408 1340 γὰρ
3457 1269 3615 1340 Κύριος

2085 1365 2313 1418 ἐκδικῶν
2351 1366 2652 1439 ἐκδικήσει.

2151 1457 2250 1527 Μὴ
2275 1457 2530 1527 ὲπίχαιρε
2559 1458 2653 1511 ἐπὶ
2673 1459 2784 1521 τοῖς
2812 1455 3061 1528 χρήμασί
3091 1472 3208 1523 σου,
3237 1455 3337 1510 καὶ
3369 1454 3446 1525 μὴ
3469 1451 3612 1525 ιῐππς,

2085 1550 2345 1619 Αὐτάρκη
2380 1550 2470 1616 μοί
2513 1553 2687 1604 ἐστιν.

2167 1643 2226 1694 '0
2258 1641 2493 1706 ἐλπίζων
2538 1643 2618 1704 είς
2656 1642 2846 1695 ἑαυτὸν
2876 1641 3140 1703 κινδύνοις
3184 1641 3298 1710 ἔχει
3371 1638 3618 1692 ὑποπεσεῖν

2087 1736 2182 1788 καὶ
2207 1737 2270 1805 τῇ
2303 1737 2517 1804 κατάρᾳ
2547 1738 2613 1805 τῇ
2645 1735 2914 1805 λεγούσῃο
2958 1733 3400 1802 Ἐπικατάρατος
3446 1731 3619 1798 ἄνθρω-

411 1826 574 1880 homo
608 1824 702 1893 qui
733 1837 882 1892 spem
916 1820 1133 1889 reponit
1167 1821 1220 1874 in
1255 1820 1494 1884 homine,
1523 1831 1576 1874 et
1614 1834 1832 1874 carnem
1857 1820 1984 1874 bra-

2125 1845 2209 1895 :o;,
2242 1801 2301 1891 li;
2333 1828 2429 1897 τὴν
2449 1801 2652 1880 -ὲλπίδα
2683 1828 2796 1896 ἔχει
2821 1801 2909 1878 ἐπ’
2937 1801 3249 1894 ἅνθρωπονς
3289 1825 3382 1878 καὶ
3417 1822 3616 1892 στηρίξει

408 1917 514 1971 chii
541 1914 627 1970 sui
659 1913 863 1979 fulciet,
894 1924 947 1967 et
977 1928 1004 1964 a
1041 1913 1270 1966 Domino
1316 1927 1413 1966 cor
1464 1927 1621 1966 suum
1682 1912 1978 1966 amovebit.

412 2007 513 2074 Qui
547 2022 729 2063 sermo
762 2007 846 2062 bis
881 2005 1060 2062 verbis
1085 2021 1100 2060 :
1123 2003 1228 2070 Qui
1262 2020 1413 2074 spem
1448 2004 1659 2073 reponit
1680 2003 1734 2057 in
1761 2004 1982 2060 homine

408 2109 464 2154 et
493 2113 711 2153 carnem
745 2097 950 2153 brachii
980 2097 1062 2152 sui
1091 2095 1298 2163 fulciet,
1332 2097 1586 2152 liduciam
1625 2097 1676 2150 in
1713 2111 1830 2152 sese
1863 2097 1978 2150 col-

413 2190 592 2244 locare
630 2189 881 2258 prohibet
914 2207 925 2240 :
959 2197 1252 2256 utrumque
1283 2195 1464 2242 autem
1495 2202 1684 2240 eorum
1719 2184 1982 2241 defectio-

413 2294 533 2333 nem
565 2295 594 2332 a
629 2278 855 2332 Domino
879 2279 1142 2333 nominat.
1177 2277 1314 2332 Nam
1340 2279 1446 2332 erit
1483 2287 1742 2346 tauquam
1762 2289 1972 2349 myrtus

412 2368 678 2422 silvestris
711 2369 762 2420 in
794 2367 1038 2431 deserto,
1064 2377 1117 2422 et
1147 2382 1256 2422 non
1285 2366 1487 2422 videbit
1521 2369 1682 2422 bona.

487 2545 621 2600 Nili.
655 2545 942 2616 Quisuper
969 2556 1207 2610 quatuor
1239 2546 1566 2616 ingreditur,
1603 2547 1852 2616 impurus
1877 2554 1987 2603 est.

413 2637 719 2708 ingreditur
747 2647 927 2692 autem
963 2653 1128 2709 super
1158 2651 1406 2703 quatuor.
1430 2638 1523 2708 qui
1560 2639 1806 2696 manibus
1841 2639 1994 2694 innio

415 2731 564 2796 titur,
595 2737 650 2786 et
686 2743 908 2786 omnem
957 2730 1012 2786 in
1048 2731 1116 2786 iis
1147 2730 1310 2786 habet
1351 2730 1630 2786 ﬁduciam.

908 2868 1141 2924 διεξιΜο
1181 2868 1267 2923 vu
1306 2869 1404 2941 [(ιί.
1431 2867 1495 2940 η.

1041 2982 1113 3036 De
1145 2985 1362 3036 virtute.

485 3099 676 3154 Matth.
707 3114 804 3152 vu.
839 3098 998 3150 Arcta
1031 3108 1112 3150 est
1150 3098 1254 3159 via,
1289 3112 1410 3164 qua:
1455 3098 1672 3151 deducit
1701 3099 1768 3152 ad
1800 3099 1988 3152 vitam.

484 3189 640 3243 Rom.
701 3201 797 3254 xu.
845 3185 920 3241 Ne
945 3188 1183 3242 viucaris
1226 3203 1258 3242 a
1317 3189 1501 3251 malo.
1539 3187 1635 3242 sed
1667 3188 1819 3244 vince
1847 3189 1988 3244 bono

419 3283 647 3336 malum.

488 3373 758 3433 Solomon.
785 3371 864 3426 Ne
895 3381 948 3426 te
981 3371 1238 3426 seducanl
1271 3370 1447 3442 impii,
1475 3386 1576 3428 nec
1600 3372 1654 3428 in
1676 3373 1818 3428 viam
1846 3374 1986 3443 ipso-

415 3480 536 3520 rum
571 3470 753 3520 abeas.

487 3549 700 3610 sum.
758 3552 834 3609 Nc
895 3553 1091 3610 locetis
1125 3569 1248 3626 qua:
1286 3554 1426 3612 mala
1459 3564 1589 3612 sunt
1611 3594 1630 3622 ,
1659 3566 1714 3612 et
1746 3557 1889 3612 mala
1938 3566 1988 3612 te

418 3663 526 3704 non
561 3647 994 3718 apprehendent.

495 3740 708 3810 Basilii.
735 3741 944 3798 Divitiis
971 3741 1205 3796 nobilior
1225 3741 1424 3800 virtus.

487 3833 615 3888 Sola
650 3835 1058 3904 possessionum
1094 3835 1263 3890 virtus
1291 3833 1492 3888 auferri
1525 3835 1738 3905 nequit.

486 3925 717 3982 Virtutis
774 3927 1092 3982 exercitium
1161 3936 1274 3980 tum
1335 3929 1630 3996 possidenti
1693 3927 1988 3997 pretiosum

418 4030 501 4075 est
534 4020 828 4088 peculium,
848 4029 961 4074 tum
990 4019 1357 4076 incidentibus
1388 4021 1510 4077 aliis
1527 4020 1988 4090 jucundisshuum

422 4113 812 4178 spectaculum.

493 4200 561 4256 Ut
616 4202 796 4270 ignem
835 4203 982 4256 ultro
1033 4201 1174 4259 lucis
1227 4202 1508 4272 splendor,
1561 4214 1615 4260 et
1647 4216 1986 4276 unguentum

421 4293 602 4349 suavis
639 4292 775 4347 odor
819 4292 1066 4360 sequitur
1095 4311 1108 4348 :
1143 4291 1218 4348 ita
1261 4294 1403 4349 bona
1439 4308 1603 4365 opera
1648 4297 1856 4353 utilitas
1884 4312 1983 4352 ne-

417 4384 659 4441 cessario
691 4382 942 4440 comitari
973 4383 1278 4442 consuevit.

491 4567 604 4622 Hoc
627 4577 712 4622 est
744 4567 941 4633 virtus,
975 4565 1268 4621 declinatio
1305 4565 1555 4622 videlicet
1582 4567 1734 4632 mali,
1779 4576 1834 4623 et
1865 4583 1992 4639 ope-

421 4659 556 4714 ratio
578 4659 724 4716 boni.

505 4750 836 4820 Principium
868 4750 932 4804 ad
963 4752 1428 4820 recuperationem
1455 4751 1750 4820 bonorum,
1789 4750 1890 4822 15
1913 4762 1994 4807 est

420 4859 448 4895 a
491 4843 646 4896 malis
683 4857 950 4897 recessus.
979 4841 1194 4896 Declina
1236 4843 1408 4907 enim,
1446 4843 1645 4914 inquit,
1681 4859 1710 4897 a
1746 4846 1906 4906 malo,
1939 4851 1995 4898 et

420 4938 508 4991 lac
541 4939 762 4990 bonum.

496 5025 634 5076 Rara
667 5032 721 5076 et
751 5023 1018 5090 acquisitu
1055 5021 1289 5078 diliicilis
1319 5035 1401 5077 est
1443 5025 1660 5078 virtutis
1691 5023 1992 5092 possessio,

425 5114 636 5167 etiamsi
663 5113 826 5166 multa
858 5113 920 5166 ad
957 5112 1096 5167 hanc
1125 5124 1416 5180 provocent
1439 5122 1492 5167 et
1525 5115 1776 5170 invitent.

502 5201 766 5255 Virtutem
798 5202 1068 5255 laudando
1102 5202 1270 5256 Deum
1316 5203 1573 5268 laudabo,
1609 5220 1636 5258 a
1666 5221 1773 5274 quo
1824 5205 1994 5258 virtus

429 5292 742 5347 hominibus
768 5292 890 5346 data
923 5304 1024 5348 est.

515 5384 697 5438 Virtus
723 5385 1056 5439 mercenaria
1090 5401 1197 5441 non
1227 5397 1330 5452 est,
1365 5400 1422 5442 ut
1446 5389 1614 5444 virtus
1645 5404 1761 5444 esse
1786 5399 1994 5460 pergat,

426 5480 595 5533 solam
631 5479 967 5531 honestatem
1009 5479 1324 5546 respiciens.

495 5567 745 5623 Celebres
775 5583 885 5622 non
917 5569 1076 5622 modo
1120 5570 1435 5636 praeclarum
1469 5583 1525 5625 et
1568 5572 1857 5626 honestum
1893 5572 1994 5624 ali-

427 5661 567 5726 quod
593 5659 795 5715 factum
829 5661 1037 5724 reddit,
1071 5661 1165 5714 sed
1199 5670 1250 5712 et
1289 5661 1489 5715 malitia
1522 5679 1856 5732 exsuperans
1890 5665 1992 5716 im-

432 5753 652 5818 probam
687 5753 788 5807 sibi
810 5751 1009 5808 lamam
1039 5750 1338 5806 contrahit.

2090 1921 2268 1992 σάρκα
2321 1918 2605 1989 βραχίονος
2647 1918 2812 1972 αὐτοῦ
2857 1920 2943 1970 ἐπ’
2972 1919 3156 1983 αὑτὸν,
3199 1917 3428 1973 scatit-th
3454 1917 3618 1984 Κυρίου

2089 2013 2380 2064 ἀποστελεῖ
2403 2009 2651 2078 καρδίαν,
2681 2009 2844 2063 αὑτοῦ
2861 2009 2956 2062 τοῦ
2980 2009 3160 2078 λόγου,
3183 2009 3270 2062 διὰ
3299 2009 3398 2077 μὲν
3421 2007 3520 2072 τοῦ,
3547 2009 3618 2060 ‘0:

2088 2101 2186 2169 τὴν
2233 2101 2424 2154 ἐλπίδα
2451 2101 2565 2170 ἔχει
2599 2102 2689 2154 ἐπ’
2718 2102 3026 2170 ἄνθρωπον,
3078 2103 3174 2154 καὶ
3207 2100 3447 2169 στηρίξει
3477 2101 3618 2168 σάρκα

2093 2191 2376 2263 βραχίονος
2405 2192 2596 2255 αὐτοῦ,
2622 2193 2681 2244 τὸ
2725 2193 2809 2260 ἐφ’
2843 2191 3040 2244 ἑαυτοῦ
3091 2191 3410 2245 πεποιθέναι
3453 2193 3617 2254 ἀπαγο-

2095 2283 2414 2351 ρεύσαντος,
2451 2283 2714 2353 ἑκάτερον
2742 2281 2798 2334 δὲ
2829 2283 3011 2334 αὐτῶν
3048 2281 3389 2334 ἀποστασίαν
3417 2281 3508 2333 ἀπὸ
3535 2280 3618 2330 Κυ-

2096 2376 2213 2445 ρίου
2260 2374 2644 2444 ὀνομάζοντος,
2685 2373 2767 2425 ὅτι
2811 2373 2967 2426 ἔσται
3013 2373 3089 2435 ὡς
3129 2375 3162 2442 ἠ
3203 2373 3550 2444 ἀγριομυρίκη
3575 2372 3616 2421 ἐν

2092 2471 2157 2537 τῇ
2191 2469 2408 2538 ἐρήμῳ,
2439 2469 2536 2520 καὶ
2571 2470 2670 2519 οὐκ
2694 2467 2884 2536 ὄψεται
2916 2469 2982 2518 τὰ
3014 2465 3212 2534 ἀγαθά.

2169 2561 2264 2624 Ὃς
2316 2559 2611 2630 πορεύεται
2653 2557 2748 2612 ἐπὶ
2797 2559 3102 2627 τεσσάρων,
3161 2555 3483 2626 ἀκάθαρτος.
3523 2552 3614 2605 Ἐπὶ

2091 2633 2379 2722 τεσσάρων
2410 2651 2466 2704 δὲ
2491 2650 2784 2720 πορεύεται
2813 2651 2840 2703 ὁ
2866 2652 2986 2712 ταῖς
3011 2650 3201 2720 χερσὶν
3225 2646 3614 2717 ἐπερειδόμενος,

2094 2744 2188 2796 καὶ
2223 2745 2409 2796 πᾶσαν
2432 2743 2518 2796 ἐπ’
2555 2744 2748 2806 αὐταῖς
2772 2743 2914 2812 ἔχων
2947 2742 3049 2813 τὴν
3076 2741 3420 2812 πεποίθησιν.

2705 2877 2927 2931 ΛΟΓΟΣ
2961 2876 3035 2931 Ζ’.

2687 2988 2824 3056 Περὶ
2850 2987 3088 3056 ἀρετῆς.

2169 3105 2339 3176 Στενὴ
2375 3107 2408 3175 ἡ
2442 3104 2559 3167 ὁδὸς
2592 3104 2934 3174 ὴὰπάγουσα
2969 3106 3047 3166 είς
3071 3104 3168 3172 τὴν
3201 3103 3367 3173 ζωήν.

2161 3198 2254 3268 Μὴ
2286 3196 2424 3251 νικῶ
2458 3197 2560 3249 ὑπὸ
2591 3195 2686 3249 τοῦ
2729 3195 2920 3261 κακοῦ,
2959 3195 3097 3250 ἀλλὰ
3140 3195 3266 3247 νίκα.
3296 3197 3350 3246 ὲν
3376 3194 3446 3262 τῷ
3468 3191 3615 3258 ἀγαθῷ

2089 3291 2150 3343 τὸ
2174 3293 2364 3344 κακόν.

2159 3383 2250 3453 Μή
2271 3400 2330 3435 σε
2356 3383 2704 3452 πλανήσωσιν
2724 3380 2916 3451 ἄνδρες
2955 3379 3196 3443 ἀσεϐεῖς,
3240 3379 3371 3449 μηδὲ
3394 3373 3614 3447 πορευθῇς

2089 3471 2146 3521 ἐν
2174 3471 2278 3541 ὁδῷ
2308 3471 2426 3542 μετ’
2452 3472 2656 3530 αὐτῶν.

2163 3564 2253 3632 Μὴ
2287 3563 2430 3618 ποίει
2459 3566 2630 3634 κακὰ,
2654 3571 2750 3622 καὶ
2783 3569 2842 3623 οὐ
2874 3573 2951 3640 μή
2982 3586 3040 3622 σε
3067 3567 3232 3635 λήψει
3253 3564 3412 3618 κακά.

2158 3743 2499 3816 Τιμιώτερον
2529 3745 2699 3818 ἀρετὴ
2734 3748 2765 3818 ἢ
2817 3747 3072 3810 πλοῦτος.

2162 3837 2314 3908 Μόνη
2351 3839 2654 3908 κτημάτων
2681 3841 2713 3911 ἡ
2751 3839 2920 3909 ἁρετὴ
2944 3837 3338 3908 ἀναφαίρετον.

2175 3931 2401 4000 ’Λρετῆς
2451 3930 2685 4001 ἄσκησις
2714 3932 2898 4000 τίμιον
2951 3931 3049 3999 μὲν
3105 3929 3294 3999 κτῆμα
3339 3927 3412 3996 τῷ
3459 3923 3619 3991 ἔχοντι.

2092 4020 2308 4088 ἥδιστον
2338 4020 2396 4072 δὲ
2422 4020 2603 4089 θέαμα
2630 4024 2742 4084 τοῖς
2767 4021 3216 4091 ἐντυγχάνουσιν.

2168 4199 2376 4269 Ὥσπερ
2403 4202 2510 4268 γὰρ
2536 4199 2611 4270 τῷ
2644 4201 2778 4268 πυρὶ
2814 4199 3140 4268 αὐτομάτως
3180 4199 3368 4251 ἕπεται
3402 4195 3458 4246 τὸ
3486 4187 3620 4261 φωτί-

2097 4290 2232 4356 ζειν,
2263 4290 2355 4342 καὶ
2387 4291 2460 4349 τῷ
2491 4291 2646 4361 μύρῳ
2674 4292 2733 4343 τὸ
2764 4293 2984 4344 εύωδεῖν
3019 4307 3033 4321 ’
3065 4291 3209 4345 οὕτω
3266 4295 3357 4345 καὶ
3381 4291 3492 4349 ταῖς
3521 4287 3626 4347 ἀτα-

2099 4382 2220 4446 θαίς
2285 4382 2556 4452 πράξεσιν
2619 4383 2931 4450 ἀναγκαίως
2997 4381 3286 4437 ἀκολουθεῖ
3359 4382 3417 4434 τὸ
3461 4373 3620 4444 ὠφέλι-

2029 4503 2070 4556 D
2102 4492 2222 4545 μον.

2168 4566 2337 4620 Τοῦτό
2364 4568 2511 4619 ἐστιν
2540 4566 2732 4636 ἁρετὴ,
2767 4564 3011 4627 ἔκκλισις
3029 4564 3139 4618 ἀπὸ
3163 4562 3359 4627 κακοῦ,
3387 4562 3474 4613 καὶ
3506 4555 3626 4621 ποετ,-

2100 4673 2183 4716 σις
2216 4655 2450 4725 ἀγαθοῦ.

2180 4747 2348 4817 Ἀρχὴ
2380 4748 2516 4816 πρὸς
2546 4746 2645 4816 τὴν
2669 4745 2938 4816 ἀνάληψιν
2969 4746 3076 4799 τῶν
3108 4747 3291 4798 καλῶν
3321 4747 3351 4815 ή
3382 4739 3629 4810 ἀναχώρη-

2099 4854 2182 4901 σις
2212 4839 2316 4890 τῶν
2342 4839 2550 4896 κακῶν.
2590 4838 2875 4891 Ἔκκλινον
2919 4837 3052 4907 γὰρ,
3108 4838 3294 4909 φησιν,
3319 4837 3422 4890 ἀπὸ
3463 4825 3628 4885 κακοὶ,

2098 4928 2193 4981 καὶ
2229 4930 2456 4996 ποίησον
2487 4929 2718 4996 ἀγαθόν.

2167 5018 2401 5071 Σπάνιον
2457 5019 2491 5086 ἡ
2537 5017 2629 5069 τοῦ
2676 5015 2883 5084 ἀγαθοῦ
2941 5015 3137 5083 κτῆσις
3193 5013 3286 5066 καὶ
3345 5008 3629 5081 πρόσαντες.

2099 5110 2204 5162 κᾶν
2235 5112 2283 5160 εἰ
2313 5109 2446 5161 πολὺ
2477 5109 2534 5160 τὸ
2569 5107 2830 5176 μεθέλκον
2857 5106 2942 5175 εἴη
2971 5109 3065 5159 καὶ
3098 5105 3546 5176 προκαλούμενον.

2182 5199 2408 5270 Ἀρετὴν
2441 5197 2700 5263 ἐπαινῶν,
2735 5199 2865 5251 Θεὸν
2892 5200 3277 5265 ἐπαινέσομαι,
3308 5193 3432 5264 παρ’
3458 5184 3516 5243 οὗ
3541 5184 3630 5244 τοῖς

2098 5291 2406 5360 ἀνθρώποις
2437 5292 2468 5362 ἡ
2494 5291 2684 5360 ἀρετή.

2173 5383 2436 5450 ’Λμισοος
2473 5385 2504 5452 ὴ
2535 5383 2724 5453 ἁρετὴ,
2773 5381 2861 5435 ἵνα
2893 5368 3190 5451 καιὰρετὴ
3238 5377 3409 5448 μείνῃ,
3434 5368 3565 5439 πρός
3591 5364 3640 5414 τὸ

2101 5475 2266 5528 καλὸν
2297 5475 2458 5544 μόνον
2492 5475 2788 5543 βλέπουσα.

2173 5570 2319 5620 Ποιεί
2351 5570 2459 5635 γὰρ
2498 5568 2863 5638 περιϐοήτους
2911 5569 2972 5619 ού
3004 5565 3174 5630 -ίδεξιὰ
3233 5560 3414 5632 πρᾶξις
3470 5549 3638 5622 μόνον’

2099 5661 2232 5714 ἀλλὰ
2264 5664 2355 5715 καὶ
2385 5661 2552 5719 κακία
2580 5660 2790 5714 νικῶσα
2818 5659 3066 5730 πονηρὰν
3089 5655 3438 5724 εὐδοκίμησιν.
