3980 6248
322 365 432 428 793

1139 367 1312 428 LOCI
1352 363 1794 428 COMMUNES.
1824 391 1895 402 -
1932 365 2128 428 PARS
2168 367 2223 434 Ι.
2263 367 2526 431 SERMO
2559 369 2692 432 VII.

3461 349 3567 434 πει

397 482 651 549 Πέφυκεν
674 477 842 551 ἁρετὴ
877 476 1150 532 καταιδεῐν
1168 495 1230 531 τε
1259 479 1352 531 καὶ
1373 477 1778 549 καταπλήττειν
1802 477 1950 538 uel}

2075 477 2302 536 Virtutis
2335 488 2529 536 natura
2557 488 2659 547 est,
2694 487 2755 536 ut
2792 479 3092 536 reverentia
3149 482 3204 534 'et
3245 477 3569 536 auctoritate

321 571 452 635 τοὺς
474 572 629 639 ’ἄγαν
669 570 1153 640 δυσμενεστάτους.

398 663 668 718 Οὐκέστι
693 663 787 717 τδν
832 663 1035 733 ἀρετῆς
1081 666 1512 736 ἐπιμελούμενον
1563 665 1637 735 μὴ
1670 663 1898 727 πολλοὺς

326 754 475 826 ἔχειν
511 755 760 824 ἐχθρούςο
785 755 902 809 ἀλλ’
933 757 1086 812 οὐδὲν
1126 758 1287 812 τοῦτο
1320 759 1458 828 πρὸς
1491 759 1582 811 τὸν
1616 758 1896 826 ἐνάρετον.

328 848 428 902 Διὰ
449 850 562 918 γὰρ
589 848 701 902 τῶν
751 848 1010 902 τοιούτων
1063 850 1445 921 λαμπρότερος
1502 850 1654 902 ἔσται
1715 847 1902 918 μειξό-

325 962 458 1006 νως.

409 1033 602 1088 Πολλοὶ
631 1032 892 1096 πολλάκις
919 1034 1091 1097 αὐτὰς
1117 1035 1228 1098 τὰς·
1246 1035 1470 1105 ἀρετὰς,
1511 1035 1600 1090 διὰ
1642 1037 1770 1101 τοὺς
1801 1039 1902 1090 πε-

332 1148 458 1193 νους
489 1128 800 1198 φεύγοντες,
834 1125 921 1180 διὰ
952 1125 1050 1198 τὴν
1084 1125 1144 1193 ἐξ
1178 1127 1358 1181 αὐτῶν
1377 1127 1654 1198 εὐφημίαν
1683 1126 1904 1198 αἱροῦν-

329 1239 426 1276 ται
461 1224 665 1279 τιονείνὸ

400 1314 520 1383 Θεῷ
564 1315 747 1368 τοίνυν
778 1312 838 1368 οὗ
870 1312 931 1367 τὸ
979 1313 1400 1381 ἠναγκασμένον
1449 1313 1625 1382 φίλον,
1677 1313 1817 1367 ἀλλὰ
1844 1312 1905 1366 τὸ

330 1407 394 1473 ἐξ
424 1407 626 1475 ἀρετῆς
655 1404 1113 1475 κατορθούμενον
1142 1406 1315 1476 ἀρετὴ
1347 1404 1402 1458 δὲ
1426 1406 1490 1459 ὲκ
1510 1410 1904 1477 προαιρέσεως,

330 1497 426 1551 καὶ
451 1497 552 1550 οὐκ
586 1496 832 1567 ἀνάγκης
864 1495 1094 1562 γίνεται.
1213 1499 1220 1504 ’

401 1592 518 1661 οὐχ
544 1592 572 1643 ὁ
605 1591 771 1653 τόπος
798 1591 898 1661 τὴν
923 1589 1148 1661 ἀρετὴν,
1170 1589 1288 1644 ἀλλ’
1317 1591 1350 1660 ἡ
1379 1591 1548 1662 ἀρετὴ
1579 1590 1790 1661 πέφυκε
1810 1590 1906 1645 τὸν

331 1682 502 1737 τόπον
532 1683 836 1751 σεμνύνειν.

417 1775 480 1829 'll
516 1775 610 1829 τοῦ
645 1775 814 1828 κακοῦ
848 1775 1034 1838 στάσις
1063 1774 1206 1844 ἀρχὴ
1235 1773 1335 1842 τῆς
1367 1773 1488 1826 κατ’
1517 1773 1718 1844 ἀρετήν
1752 1773 1903 1827 ἐστιν

329 1870 530 1941 “Pilis.

415 1961 736 2014 ’Δδέσποτον
769 1963 802 2031 η
846 1961 1040 2031 ἀρετὴ,
1068 1961 1162 2014 καὶ
1207 1960 1474 2024 ἑκούσιον,
1529 1959 1622 2014 καὶ
1654 1957 1903 2030 ἀνάγκης

334 2052 521 2123 πάσης
558 2052 861 2118 ἐλεύθερον.

409 2147 625 2214 Ὠσπερ
657 2147 718 2197 τὸ
744 2145 843 2212 τῆς
877 2143 1024 2211 ζωῆς
1073 2143 1223 2205 τέλος
1254 2141 1396 2211 άρχὴ
1444 2140 1672 2194 θανάτου
1731 2141 1900 2201 ἐστὶν,

331 2238 504 2300 οὕτως
533 2238 628 2290 καὶ
658 2235 751 2288 τοῦ
775 2234 896 2288 κατ’
919 2233 1118 2302 ἀρετὴν
1139 2232 1340 2301 δρόμου
1366 2234 1399 2302 ἡ
1432 2233 1619 2294 στάσις
1635 2231 1776 2301 ἁρχὴ
1797 2230 1894 2284 τοῦ

333 2333 479 2388 κατὰ
504 2329 698 2382 κακίαν
725 2329 933 2395 γίνεται
963 2326 1188 2395 δρόμου.

414 2423 484 2476 Ἦ
517 2421 612 2474 τοῦ
643 2418 880 2490 πονηροῦ
911 2419 1264 2487 ωλοτρέωσις
1289 2418 1387 2485 τῆς
1417 2415 1554 2484 πρὶς
1587 2413 1648 2467 τὸ
1694 2412 1901 2481 ἀγαθὸν

331 2514 664 2576 οἰκειώσεως
699 2510 922 2581 ἀφορμὴ
949 2510 1181 2579 γίνεται.

410 2607 486 2659 Τὸ
518 2605 620 2670 ἔξω
649 2604 756 2656 τῶν
793 2603 980 2654 κακῶν
1007 2601 1258 2668 γενέσθαι
1301 2601 1450 2663 ἐντός
1479 2599 1594 2650 ἐστι
1632 2595 1740 2648 τῶν
1766 2595 1903 2657 άγα-

334 2702 450 2756 θῶν
481 2698 840 2766 καταστῆναι.

410 2795 842 2848 Δυσεπὶτευκτον
891 2791 991 2860 μὲν
1051 2782 1192 2842 εἶναι
1255 2788 1356 2855 τὴν
1411 2783 1632 2854 ἀρετὴν,
1693 2782 1909 2851 μυρίοις

339 2890 535 2961 ἱδρῶσι
561 2891 656 2942 καὶ
697 2889 902 2950 πόνοις,
938 2883 1142 2953 σπουδῇ
1172 2882 1266 2934 καὶ
1309 2879 1539 2948 καμάτῳ
1575 2878 1734 2946 μόγις
1767 2890 1908 2927 κατ-

2003 588 2099 629 Sua
2136 575 2220 628 vel
2249 572 2654 629 infensissimos
2691 585 2901 628 moveat
2930 584 2981 628 et
3009 581 3229 627 terreat.

2075 665 2348 736 Chrysast.
2385 664 2527 719 Fieri
2553 665 2766 736 nequit,
2807 666 2937 734 quin
2982 666 3074 734 qui
3108 665 3326 721 virtutis
3358 665 3571 722 studio-

2003 774 2099 815 sus
2119 766 2225 822 est,
2251 773 2414 828 quam
2448 758 2633 824 plures
2674 759 2858 813 hostes
2886 756 3107 812 sentiat.
3142 756 3248 811 Sed
3297 758 3434 811 nihil
3471 757 3574 810 hoc

2002 853 2191 906 virtuti
2231 851 2475 906 deditum
2521 859 2702 906 movet
2754 867 2767 904 :
2827 849 2906 907 sic
2955 850 3100 906 enim
3159 849 3321 922 longe
3371 849 3574 906 clarior

2003 946 2214 1001 evadet.

2083 1039 2229 1094 Multi
2289 1054 2432 1108 saepe
2465 1053 2587 1094 cum
2648 1039 2904 1093 virtu°em
2957 1043 3178 1107 propter
3218 1035 3437 1090 labores
3493 1032 3576 1089 fu-

2006 1139 2174 1207 giant,
2206 1146 2430 1207 propter
2462 1134 2755 1206 gloriosam
2807 1146 2928 1200 qua:
2948 1145 3014 1186 ex
3045 1128 3344 1186 virtutibus
3373 1142 3570 1199 prove-

2005 1233 2087 1284 nit.
2116 1229 2312 1306 famam
2344 1229 2594 1283 laborare
2623 1225 2837 1284 vol-eat.

2081 1323 2208 1386 Deo,
2244 1336 2349 1375 non
2400 1320 2544 1390 quod
2600 1318 2930 1378 necessitate
2964 1315 3046 1382 iit,
3075 1323 3297 1384 gratum
3313 1324 3418 1375 est,
3478 1312 3571 1373 sed

2006 1415 2150 1479 quod
2187 1414 2409 1468 virtutis
2440 1411 2622 1468 studio
2657 1420 2800 1464 recte
2836 1409 3068 1480 geritur.
3096 1405 3285 1462 Virtus
3312 1415 3492 1459 autem
3518 1406 3573 1458 iu

2007 1507 2312 1562 voluntaria
2350 1504 2641 1568 electione,
2682 1518 2794 1558 non
2821 1501 3148 1557 necessitate
3179 1497 3453 1556 consistit.

2077 1598 2347 1654 Virtutem
2382 1612 2490 1651 nou
2520 1597 2695 1660 locus,
2717 1595 2810 1650 sed
2867 1595 3045 1648 locum
3098 1592 3272 1646 virtus
3304 1591 3579 1645 illustrare

2007 1699 2205 1761 potest.

2080 1783 2209 1837 Vitii
2269 1796 2462 1836 cursus
2518 1779 2797 1843 inhibitus,
2829 1775 3154 1847 principium
3183 1781 3267 1829 est
3307 1773 3448 1842 ejus,
3485 1770 3578 1840 qui

2012 1876 2076 1930 ad
2119 1878 2374 1928 virtutem
2406 1874 2482 1934 ﬁt.
2523 1887 2724 1925 IllOitlS.

2086 1968 2274 2024 Virtus
2303 1967 2606 2022 dominium
2655 1982 2758 2019 uou
2799 1969 3101 2030 exspectat,
3141 1958 3234 2013 sed
3273 1953 3578 2010 voluntaria
3641 1941 3645 1946 ’

2010 2069 2114 2126 est,
2144 2071 2194 2114 et
2227 2062 2294 2114 ab
2321 2061 2466 2114 omni
2490 2057 2822 2113 necessitate
2849 2056 3038 2109 libera.

2082 2151 2545 2216 Quemadmodum
2602 2152 2724 2202 vita:
2765 2148 2885 2200 linis
2935 2146 3125 2200 mortis
3177 2145 3393 2198 initium
3448 2154 3528 2196 est
3561 2180 3576 2204 ,

2011 2238 2091 2290 sic
2122 2237 2165 2292 si
2191 2253 2386 2291 rursus
2417 2236 2631 2290 virtutis
2684 2237 2935 2299 sistatur,
2979 2233 3190 2287 initium
3227 2232 3282 2284 iit
3311 2231 3448 2299 ejus,
3487 2233 3576 2296 qui

2013 2331 2077 2384 ad
2112 2331 2238 2383 vitia
2271 2329 2461 2388 tendit.
2502 2342 2714 2380 cursus.

2087 2422 2211 2476 Mali
2276 2419 2631 2481 aha-lienatio,
2667 2416 3049 2471 familiaritatis
3086 2429 3209 2471 cum
3241 2414 3384 2468 bono
3418 2425 3580 2466 oeca-

2012 2515 2222 2568 sionem
2255 2523 2305 2566 et
2337 2527 2522 2566 ausam
2552 2511 2778 2580 praebet.

2091 2604 2166 2659 Ex
2194 2604 2352 2659 malis
2406 2603 2655 2666 evadere,
2697 2613 2778 2657 cst
2818 2603 2954 2656 intra
2989 2601 3128 2655 bona
3159 2597 3478 2654 consistere.

2091 2779 2351 2833 Virtutem
2421 2777 2651 2834 inﬁnitis
2685 2777 2973 2832 sudoribus
3029 2784 3081 2830 et
3151 2773 3432 2828 laboribus
3496 2772 3585 2827 vix

2018 2872 2250 2939 acquiri,
2310 2870 2490 2924 studio
2539 2884 2605 2923 ac
2664 2868 2981 2936 fatigatione
3007 2867 3094 2920 vix
3147 2875 3293 2920 ret-te
3347 2863 3583 2919 admini-

337 2959 721 3053 ορθουμένην,
775 2977 929 3046 παρὰ
979 2973 1080 3042 τῆς
1150 2972 1304 3034 θείας
1355 2967 1581 3039 Γραφῑκ
1628 2963 1914 3034 ἐδιδάχθη-

2065 2961 2178 3017 rari
2211 2976 2393 3032 posse,
2425 2976 2489 3016 ex
2512 2960 2686 3017 sacris
2713 2959 2932 3014 Litteris
2956 2959 3266 3013 didicimus.

273 3125 277 3128 .
341 3092 464 3146 μεν.

416 3170 627 3229 Κακίας
656 3164 832 3232 ἔξοδος
864 3160 1066 3230 ἀρετῆς
1101 3159 1307 3211 εἴσοδον
1350 3154 1664 3224 ἐργάζεται,
1710 3151 1788 3214 ὡς
1820 3153 1914 3206 καὶ
1940 3173 1950 3218 ι

2089 3141 2349 3198 Philonis.
2400 3139 2766 3205 improbitatis
2809 3138 2988 3194 exitus
3054 3137 3268 3191 virtutis
3301 3133 3585 3188 introitum

338 3258 656 3316 τούναντίον
685 3253 1058 3314 ὑπεκστάντος
1089 3247 1316 3319 ἀγαθοῦ,
1346 3247 1406 3301 τὸ
1427 3243 1718 3316 ἐφεδρεῦον
1739 3244 1912 3299 κακὸν

2065 3235 2197 3295 Iicit,
2255 3231 2714 3302 quemadmodum
2752 3237 2807 3283 et
2840 3229 2956 3282 vice
3002 3241 3179 3289 versa,
3231 3226 3275 3280 si
3308 3225 3476 3277 virtus
3508 3220 3591 3275 vel

341 3352 748 3421 ἐπεισέρχεται.

425 3446 647 3515 Ἀρεταὶ
699 3442 856 3510 μόναι
885 3438 953 3492 τὰ
993 3438 1102 3489 τῶν
1146 3434 1449 3503 ἀνθρώπων
1476 3430 1783 3503 πράγματα
1812 3442 1913 3480 κυ-

342 3540 543 3609 σερνᾷν
569 3536 909 3587 ἐπίστανται.

429 3633 489 3684 'H
522 3629 724 3700 θεωρία
751 3629 850 3695 τῆς
873 3626 1073 3697 ἀρετῆς
1094 3623 1374 3694 παγκάλη,
1398 3623 1493 3676 καὶ
1527 3622 1560 3692 ἡ
1587 3618 1786 3689 πρᾶξις
1821 3616 1916 3670 καὶ

343 3730 376 3797 ή
412 3725 608 3795 χρῆσις
651 3721 1048 3792 περιμάχητος.

421 3907 594 3974 Χαῖρε
623 3904 721 3969 τὴν
757 3901 957 3972 ἀρετὴν
986 3900 1148 3966 ἡνίκα
1178 3911 1459 3970 πραττεις·
1496 3893 1632 3947 ἀλλὰ
1663 3892 1736 3962 μὴ
1763 3889 1919 3950 truti—

349 4014 468 4069 ρον,
508 3996 582 4064 μή
621 4009 750 4044 ποτε
777 3993 837 4044 τδ
857 3989 1116 4056 ναυάγιον
1148 3989 1204 4039 ἐν
1234 3984 1312 4054 τῷ
1351 3984 1529 4053 λιμένι
1566 3980 1810 4052 γένηται.

421 4087 541 4152 Χρὴ
573 4084 671 4152 τὴν
716 4080 917 4151 ἀρετὴν
979 4080 1052 4150 μὴ
1092 4078 1352 4148 χωλεύειν
1407 4073 1531 4127 καθ’
1563 4071 1777 4141 ἓτερον,
1807 4067 1920 4122 ἀλλ’

2017 3329 2217 3383 bonum
2244 3323 2553 3385 recesserit,
2580 3323 2726 3376 malo
2752 3335 3005 3376 accessus
3039 3328 3205 3386 patet.

2087 3417 2226 3473 Solae
2258 3417 2488 3471 virtutes
2547 3413 2827 3468 hominum
2879 3411 3094 3482 negotia
3140 3413 3445 3480 gubernare
3497 3428 3592 3468 no-

2015 3519 2232 3566 verunt.

2091 3603 2315 3659 Virtutis
2340 3597 2726 3669 contemplatio
2749 3597 2904 3667 longe
2927 3595 3291 3665 pulcherrima
3312 3603 3415 3657 est,
3441 3596 3590 3663 ejus-

2017 3697 2138 3752 dem
2162 3709 2289 3750 vero
2315 3707 2448 3748 usus
2471 3700 2523 3745 et
2546 3690 2686 3746 actio
2702 3689 2859 3760 digna
2888 3694 3034 3753 sunt,
3061 3687 3128 3742 de
3149 3687 3346 3757 quibus
3377 3701 3594 3743 summo

2018 3788 2376 3845 contendatur
2403 3783 2606 3840 studio.

2098 3878 2234 3934 Nili.
2268 3875 2453 3933 Gaude
2506 3889 2631 3927 cum
2674 3871 2890 3926 virtutis
2931 3884 3068 3937 Opus
3108 3869 3248 3934 edis,
3283 3870 3372 3921 sed
3401 3883 3468 3922 ne
3495 3885 3594 3926 ex-

2021 3970 2253 4030 tollaris.
2284 3984 2350 4020 ne
2387 3967 2523 4019 forte
2545 3962 2880 4032 naufragium
2923 3960 2974 4013 in
3011 3968 3165 4028 portu
3191 3957 3378 4011 facias.

2094 4061 2301 4134 Cyr-illi.
2331 4058 2596 4111 Virtutem
2637 4069 2743 4108 non
2779 4059 2993 4122 oportet
3019 4049 3329 4104 claudicare
3385 4064 3412 4100 a
3444 4059 3595 4114 parte

350 4143 500 4249 ἔργω
531 4143 802 4244 Istat-Myer
830 4143 997 4244 ὀρθὴν
1041 4143 1150 4225 ’κᾶι
1193 4166 1612 4240 ἀπηρτισμένην
1657 4159 1776 4217 κατ’
1817 4165 1923 4232 ἀμ-

2065 4161 2217 4221 I'era,
2259 4155 2352 4211 sed
2390 4163 2494 4207 tam
2526 4150 2685 4205 dictis
2712 4162 2874 4218 quam
2915 4143 3072 4199 iactis
3129 4155 3334 4197 reetam
3368 4149 3421 4194 et
3455 4143 3598 4195 iute-

356 4275 564 4339 φότερσ.
615 4263 772 4320 εῖναι.

427 4363 541 4416 Οὐκ
573 4361 649 4412 ἔνι
681 4362 744 4411 ἐκ
775 4355 869 4410 τοῦ
898 4353 1240 4424 παραχρῆμα
1284 4349 1586 4420 λαμϐάνειν
1637 4345 1736 4408 τὰς
1797 4343 1924 4413 ἀρε-

2027 4267 2176 4322 gram
2215 4248 2470 4316 utrinque
2499 4259 2641 4300 esse.

2099 4345 2340 4399 Virtutes
2372 4340 2516 4408 illico
2541 4335 2755 4404 assequi
2782 4330 3119 4400 impossibile
3147 4338 3247 4382 est.
3295 4328 3400 4396 16
3449 4325 3600 4392 Quo-

349 4458 471 4518 τάς.
508 4452 771 4522 Σμικροῐς
794 4449 898 4519 γὰρ
931 4448 999 4500 τὰ
1027 4447 1259 4515 μέγιστα
1292 4442 1406 4504 πῶς
1432 4441 1498 4494 ἄν
1521 4456 1604 4501 τις
1634 4437 1806 4490 ἕλοιτο
1833 4436 1928 4488 πό-

2065 4437 2192 4490 ]οιΙο
2255 4435 2398 4488 enim
2454 4446 2617 4502 quam
2659 4427 2900 4482 minimis
2953 4422 3226 4477 laboribus
3281 4435 3369 4474 res
3439 4420 3598 4488 longe

354 4562 529 4598 νοισιν
554 4559 569 4608 ;

429 4639 665 4706 Βραχεῖα
735 4637 768 4705 ἡ
825 4625 1016 4704 ἁρετῆ,
1074 4631 1166 4684 καὶ
1230 4629 1409 4698 ὄρθιος
1458 4623 1614 4697 οἶμος
1660 4628 1756 4681 ἐπ’
1825 4629 1926 4682 αύ-

354 4731 476 4798 τὴν.
516 4727 610 4781 καὶ
663 4729 763 4780 οὐκ
811 4725 875 4779 ἄν
901 4741 982 4781 τις
1011 4723 1187 4776 ἕλοιτο
1217 4720 1420 4789 ταύτην
1455 4718 1580 4788 δίχα
1609 4720 1774 4772 πόνου
1827 4736 1929 4789 μα-

354 4821 514 4893 κροῦ.

433 4911 641 4974 Μισθὸς
675 4911 877 4981 ἀρετῆς
919 4909 1161 4969 ἔπαινος.

436 5031 497 5081 Oi
528 5025 754 5094 πονηροὶ
782 5025 890 5078 τῶν
919 5021 1245 5091 ἀνθρώπων,
1285 5017 1389 5071 κᾶν
1438 5017 1784 5088 χρηστότητά
1809 5033 1932 5069 τινα

363 5116 833 5184 ὲπαγγέλλωνται,
869 5114 956 5166 διὰ
984 5114 1075 5164 τὸν
1107 5111 1308 5178 τρόπον
1333 5110 1394 5161 οὐ
1425 5107 1788 5160 πιστεύονται.

450 5232 768 5300 Ἀνδριάντα
797 5229 897 5298 μὲν
927 5229 985 5281 τὸ
1015 5227 1221 5296 σχῆμα,
1249 5224 1418 5294 ἄνδρα
1469 5223 1525 5276 δὲ
1553 5223 1586 5293 ἠ
1616 5221 1812 5292 πρᾶξις
1845 5239 1934 5274 κο-

367 5327 519 5394 σμετ.

437 5434 626 5493 Οὕτως
657 5434 756 5502 ζῇν
785 5430 1074 5501 προαιροῦ,
1109 5431 1183 5492 ὡς
1221 5431 1357 5498 μήτε
1412 5427 1518 5480 ὑπὸ
1563 5426 1673 5478 τῶν
1705 5427 1937 5478 δυνατω-

367 5529 425 5580 τέ
437 5544 542 5596 ρων
577 5525 1034 5594 καταψρονείσθαι
1066 5525 1202 5592 μήτε
1229 5523 1345 5584 τοϊς
1375 5519 1824 5589 καταδεεστέρως
1847 5536 1940 5586 φο-

369 5617 532 5687 ϐερὸς
558 5611 720 5669 εἶναι.

446 5728 522 5784 Εὖ
540 5746 624 5783 σοι
652 5728 712 5781 τὸ
747 5726 939 5798 μέλλον
968 5723 1098 5792 ἔξει,
1135 5724 1200 5778 ἂν
1231 5722 1291 5776 τὸ
1333 5721 1502 5794 παρὸν
1528 5717 1587 5776 εὖ
1617 5720 1794 5790 τιθῇς.

1958 4503 2007 4561 D
2039 4529 2300 4581 maximas
2320 4525 2511 4594 aliquis
2545 4522 2760 4587 assequi
2792 4517 2995 4582 queat?

2107 4623 2305 4688 Aspera
2347 4617 2517 4670 virtus
2565 4624 2643 4666 est
2665 4651 2680 4677 ,
2711 4622 2763 4664 et
2798 4611 3015 4663 acclivis
3057 4607 3122 4661 ad
3157 4606 3326 4675 ipsam
3363 4605 3472 4669 via,
3501 4617 3601 4656 nec

2035 4729 2153 4768 cum
2187 4712 2310 4781 quis
2338 4709 2542 4775 absque
2577 4706 2735 4771 longo
2764 4703 2950 4756 labore
2980 4701 3085 4756 sibi
3119 4697 3538 4768 comparaverit.

2109 4891 2334 4962 Synesii.
2375 4887 2606 4944 Virtutis
2642 4900 2851 4940 merces
2879 4884 2997 4938 laus
3034 4892 3136 4936 est.

2111 5006 2262 5060 Malis
2295 5002 2626 5066 hominibus,
2654 4999 2778 5052 licet
2816 4997 2939 5052 boni
2983 4995 3188 5064 aliquid
3220 4994 3598 5063 polliceantur,
3663 5027 3670 5038 .

2041 5110 2257 5170 propter
2286 5112 2462 5151 mores
2488 5104 2664 5148 tamen
2704 5091 2837 5150 ﬁdes
2866 5106 2970 5143 uou
3000 5089 3248 5142 habt-tur.

2115 5209 2412 5266 Plutarchi.
2467 5207 2710 5261 Statuam
2757 5205 2976 5275 quidem
3038 5202 3230 5273 ﬁgura,
3268 5199 3444 5256 virum
3474 5213 3602 5255 vero

2047 5307 2161 5374 ipsa
2197 5303 2339 5356 actio
2369 5309 2544 5355 ornat.

2117 5417 2194 5469 lta
2248 5414 2429 5467 vivere
2482 5413 2772 5475 instituas,
2807 5419 2865 5462 ut
2923 5424 3099 5478 neque
3144 5423 3173 5462 a
3211 5403 3604 5476 potentioribus

2047 5507 2436 5568 contemnaris,
2469 5519 2643 5574 ueque
2677 5502 3026 5557 inferioribus
3057 5499 3380 5555 metuendus
3405 5495 3500 5550 sis.

2120 5711 2391 5766 Isocratis.
2424 5707 2566 5760 Bene
2599 5707 2691 5760 tibi
2746 5707 2927 5761 futura
2975 5703 3245 5764 evenient,
3292 5699 3338 5753 si
3373 5713 3614 5768 prmseu-

2054 5805 2122 5857 tia
2154 5803 2290 5856 bene
2313 5798 2668 5868 disposueris.
