  <div class='ocr_page' id='page_1' title='image "/cluster/home/n/w/nwhite01/storage/ocr_20150623/136/mdp.39015038093210/405.png"; bbox 0 0 3784 6240; ppageno 0'>
   <div class='ocr_carea' id='block_1_1' title="bbox 370 323 481 390">
    <p class='ocr_par' dir='ltr' id='par_1_1' title="bbox 370 323 481 390">
     <span class='ocr_line' id='line_1_1' title="bbox 370 323 481 390; baseline -0.018 0"><span class='ocrx_word' id='word_1_1' title='bbox 370 323 481 390; x_wconf 79' lang='lat'><strong>795</strong></span> 
     </span>
    </p>
   </div>
   <div class='ocr_carea' id='block_1_2' title="bbox 1644 332 3581 398">
    <p class='ocr_par' dir='ltr' id='par_1_2' title="bbox 1644 332 3581 398">
     <span class='ocr_line' id='line_1_2' title="bbox 1644 332 3581 398; baseline 0.005 -10"><span class='ocrx_word' id='word_1_2' title='bbox 1644 332 1969 394; x_wconf 82' lang='lat' dir='ltr'><strong>ANTONII</strong></span> <span class='ocrx_word' id='word_1_3' title='bbox 2000 336 2345 397; x_wconf 65' lang='lat' dir='ltr'><strong>MELISSE</strong></span> <span class='ocrx_word' id='word_1_4' title='bbox 3503 337 3581 398; x_wconf 77' lang='lat'><strong>796</strong></span> 
     </span>
    </p>
   </div>
   <div class='ocr_carea' id='block_1_3' title="bbox 438 440 1920 523">
    <p class='ocr_par' dir='ltr' id='par_1_3' title="bbox 438 440 1920 517">
     <span class='ocr_line' id='line_1_3' title="bbox 438 440 1920 517; baseline 0.003 -21"><span class='ocrx_word' id='word_1_5' title='bbox 438 440 798 497; x_wconf 74' lang='lat' dir='ltr'><strong>Demonactis.</strong></span> <span class='ocrx_word' id='word_1_6' title='bbox 839 441 1067 497; x_wconf 74' lang='lat' dir='ltr'><strong>Vit-tutis</strong></span> <span class='ocrx_word' id='word_1_7' title='bbox 1103 443 1282 509; x_wconf 87' lang='lat' dir='ltr'><strong>potius</strong></span> <span class='ocrx_word' id='word_1_8' title='bbox 1329 442 1595 517; x_wconf 75' lang='lat' dir='ltr'><strong>imagines</strong></span> <span class='ocrx_word' id='word_1_9' title='bbox 1654 447 1750 501; x_wconf 86' lang='lat' dir='ltr'><strong>tibi</strong></span> <span class='ocrx_word' id='word_1_10' title='bbox 1796 447 1920 502; x_wconf 83' lang='lat' dir='ltr'><strong>velis</strong></span> 
     </span>
    </p>
   </div>
   <div class='ocr_carea' id='block_1_4' title="bbox 2070 440 3581 523">
    <p class='ocr_par' dir='ltr' id='par_1_4' title="bbox 2102 448 3581 523">
     <span class='ocr_line' id='line_1_4' title="bbox 2102 448 3581 523; baseline 0.003 -21"><span class='ocrx_word' id='word_1_11' title='bbox 2102 448 2302 504; x_wconf 84' lang='grc' dir='ltr'>Βούλου</span> <span class='ocrx_word' id='word_1_12' title='bbox 2327 451 2426 514; x_wconf 71' lang='grc' dir='ltr'>τὰς</span> <span class='ocrx_word' id='word_1_13' title='bbox 2444 450 2546 521; x_wconf 76' lang='grc' dir='ltr'><strong>τῆς</strong></span> <span class='ocrx_word' id='word_1_14' title='bbox 2570 451 2773 522; x_wconf 76' lang='grc' dir='ltr'>ἀρετῆς</span> <span class='ocrx_word' id='word_1_15' title='bbox 2799 452 3015 515; x_wconf 53' lang='lat' dir='ltr'><strong>staﬁva;</strong></span> <span class='ocrx_word' id='word_1_16' title='bbox 3074 452 3440 522; x_wconf 78' lang='grc' dir='ltr'>ὑπομνήματα</span> <span class='ocrx_word' id='word_1_17' title='bbox 3473 454 3581 523; x_wconf 81' lang='grc' dir='ltr'><strong>μᾶλ-</strong></span> 
     </span>
    </p>
   </div>
   <div class='ocr_carea' id='block_1_5' title="bbox 370 529 1589 602">
    <p class='ocr_par' dir='ltr' id='par_1_5' title="bbox 370 529 1589 602">
     <span class='ocr_line' id='line_1_5' title="bbox 370 529 1589 602; baseline 0.003 -20"><span class='ocrx_word' id='word_1_18' title='bbox 370 539 724 586; x_wconf 86' lang='lat' dir='ltr'><strong>mouumenta</strong></span> <span class='ocrx_word' id='word_1_19' title='bbox 751 529 1083 602; x_wconf 83' lang='lat' dir='ltr'><strong>relinquere,</strong></span> <span class='ocrx_word' id='word_1_20' title='bbox 1122 546 1284 600; x_wconf 87' lang='lat' dir='ltr'><strong>quam</strong></span> <span class='ocrx_word' id='word_1_21' title='bbox 1321 534 1589 601; x_wconf 86' lang='lat' dir='ltr'><strong>corporis.</strong></span> 
     </span>
    </p>
   </div>
   <div class='ocr_carea' id='block_1_6' title="bbox 443 619 1932 697">
    <p class='ocr_par' dir='ltr' id='par_1_6' title="bbox 443 619 1932 697">
     <span class='ocr_line' id='line_1_6' title="bbox 443 619 1932 697; baseline 0.005 -22"><span class='ocrx_word' id='word_1_22' title='bbox 443 619 674 677; x_wconf 83' lang='lat' dir='ltr'><strong>Tantum</strong></span> <span class='ocrx_word' id='word_1_23' title='bbox 712 625 776 678; x_wconf 89' lang='lat' dir='ltr'><strong>ad</strong></span> <span class='ocrx_word' id='word_1_24' title='bbox 812 624 1060 677; x_wconf 89' lang='lat' dir='ltr'><strong>virtutem</strong></span> <span class='ocrx_word' id='word_1_25' title='bbox 1093 623 1341 693; x_wconf 88' lang='lat' dir='ltr'><strong>adjicies,</strong></span> <span class='ocrx_word' id='word_1_26' title='bbox 1381 633 1645 696; x_wconf 82' lang='lat' dir='ltr'><strong>quantum</strong></span> <span class='ocrx_word' id='word_1_27' title='bbox 1673 625 1932 697; x_wconf 86' lang='lat' dir='ltr'><strong>volupta-</strong></span> 
     </span>
    </p>
   </div>
   <div class='ocr_carea' id='block_1_7' title="bbox 372 711 835 766">
    <p class='ocr_par' dir='ltr' id='par_1_7' title="bbox 372 711 835 766">
     <span class='ocr_line' id='line_1_7' title="bbox 372 711 835 766; baseline 0.009 -4"><span class='ocrx_word' id='word_1_28' title='bbox 372 711 516 765; x_wconf 81' lang='lat' dir='ltr'><strong>tibus</strong></span> <span class='ocrx_word' id='word_1_29' title='bbox 550 712 835 766; x_wconf 80' lang='lat' dir='ltr'><strong>ademeris.</strong></span> 
     </span>
    </p>
   </div>
   <div class='ocr_carea' id='block_1_8' title="bbox 437 800 1937 880">
    <p class='ocr_par' dir='ltr' id='par_1_8' title="bbox 437 800 1937 880">
     <span class='ocr_line' id='line_1_8' title="bbox 437 800 1937 880; baseline 0.009 -24"><span class='ocrx_word' id='word_1_30' title='bbox 437 800 619 871; x_wconf 77' lang='lat' dir='ltr'><strong>Turpe</strong></span> <span class='ocrx_word' id='word_1_31' title='bbox 672 806 850 859; x_wconf 85' lang='lat' dir='ltr'><strong>estin</strong></span> <span class='ocrx_word' id='word_1_32' title='bbox 907 807 1028 864; x_wconf 87' lang='lat' dir='ltr'><strong>aliis</strong></span> <span class='ocrx_word' id='word_1_33' title='bbox 1084 810 1317 880; x_wconf 87' lang='lat' dir='ltr'><strong>probare</strong></span> <span class='ocrx_word' id='word_1_34' title='bbox 1374 811 1623 876; x_wconf 90' lang='lat' dir='ltr'><strong>virtutes,</strong></span> <span class='ocrx_word' id='word_1_35' title='bbox 1672 810 1814 867; x_wconf 86' lang='lat' dir='ltr'><strong>intra</strong></span> <span class='ocrx_word' id='word_1_36' title='bbox 1874 806 1937 869; x_wconf 81' lang='lat' dir='ltr'><strong>se</strong></span> 
     </span>
    </p>
   </div>
   <div class='ocr_carea' id='block_1_9' title="bbox 368 893 943 952">
    <p class='ocr_par' dir='ltr' id='par_1_9' title="bbox 368 893 943 952">
     <span class='ocr_line' id='line_1_9' title="bbox 368 893 943 952; baseline 0.017 -10"><span class='ocrx_word' id='word_1_37' title='bbox 368 893 526 945; x_wconf 76' lang='lat' dir='ltr'><strong>etiam</strong></span> <span class='ocrx_word' id='word_1_38' title='bbox 565 894 766 950; x_wconf 88' lang='lat' dir='ltr'><strong>habere</strong></span> <span class='ocrx_word' id='word_1_39' title='bbox 795 896 943 952; x_wconf 86' lang='lat' dir='ltr'><strong>vitia.</strong></span> 
     </span>
    </p>
   </div>
   <div class='ocr_carea' id='block_1_10' title="bbox 439 982 1923 1067">
    <p class='ocr_par' dir='ltr' id='par_1_10' title="bbox 439 982 1923 1067">
     <span class='ocr_line' id='line_1_10' title="bbox 439 982 1923 1067; baseline 0.011 -32"><span class='ocrx_word' id='word_1_40' title='bbox 439 982 668 1040; x_wconf 72' lang='lat' dir='ltr'><strong>Biantis.</strong></span> <span class='ocrx_word' id='word_1_41' title='bbox 718 986 891 1043; x_wconf 82' lang='lat' dir='ltr'><strong>Tarde</strong></span> <span class='ocrx_word' id='word_1_42' title='bbox 911 991 1203 1063; x_wconf 71' lang='lat' dir='ltr'><strong>aggredere</strong></span> <span class='ocrx_word' id='word_1_43' title='bbox 1249 993 1478 1062; x_wconf 73' lang='lat' dir='ltr'><strong>agenda,</strong></span> <span class='ocrx_word' id='word_1_44' title='bbox 1508 1008 1798 1067; x_wconf 76' lang='lat' dir='ltr'><strong>aggressus</strong></span> <span class='ocrx_word' id='word_1_45' title='bbox 1827 1011 1923 1051; x_wconf 90' lang='lat' dir='ltr'><strong>au-</strong></span> 
     </span>
    </p>
   </div>
   <div class='ocr_carea' id='block_1_11' title="bbox 369 1080 964 1151">
    <p class='ocr_par' dir='ltr' id='par_1_11' title="bbox 369 1080 964 1151">
     <span class='ocr_line' id='line_1_11' title="bbox 369 1080 964 1151; baseline 0.015 -26"><span class='ocrx_word' id='word_1_46' title='bbox 369 1080 474 1126; x_wconf 85' lang='lat' dir='ltr'><strong>tem</strong></span> <span class='ocrx_word' id='word_1_47' title='bbox 503 1084 817 1132; x_wconf 78' lang='lat' dir='ltr'><strong>constanter</strong></span> <span class='ocrx_word' id='word_1_48' title='bbox 847 1094 964 1151; x_wconf 79' lang='lat' dir='ltr'><strong>age.</strong></span> 
     </span>
    </p>
   </div>
   <div class='ocr_carea' id='block_1_12' title="bbox 2042 540 2981 613">
    <p class='ocr_par' dir='ltr' id='par_1_12' title="bbox 2042 540 2981 613">
     <span class='ocr_line' id='line_1_12' title="bbox 2042 540 2981 613; baseline 0.004 -20"><span class='ocrx_word' id='word_1_49' title='bbox 2042 542 2132 594; x_wconf 87' lang='grc' dir='ltr'><strong>λον</strong></span> <span class='ocrx_word' id='word_1_50' title='bbox 2160 542 2192 613; x_wconf 78' lang='grc' dir='ltr'><strong>ἦ</strong></span> <span class='ocrx_word' id='word_1_51' title='bbox 2223 543 2317 595; x_wconf 84' lang='grc' dir='ltr'>τοῦ</span> <span class='ocrx_word' id='word_1_52' title='bbox 2356 540 2610 612; x_wconf 83' lang='grc' dir='ltr'>σώματος</span> <span class='ocrx_word' id='word_1_53' title='bbox 2640 543 2981 598; x_wconf 76' lang='grc' dir='ltr'><strong>καταλιπεῖν.</strong></span> 
     </span>
    </p>
   </div>
   <div class='ocr_carea' id='block_1_13' title="bbox 2113 633 3586 708">
    <p class='ocr_par' dir='ltr' id='par_1_13' title="bbox 2113 633 3586 708">
     <span class='ocr_line' id='line_1_13' title="bbox 2113 633 3586 708; baseline 0.001 -21"><span class='ocrx_word' id='word_1_54' title='bbox 2113 633 2380 688; x_wconf 77' lang='grc' dir='ltr'><strong>Τοσοῦτον</strong></span> <span class='ocrx_word' id='word_1_55' title='bbox 2415 633 2495 698; x_wconf 81' lang='grc' dir='ltr'><strong>είς</strong></span> <span class='ocrx_word' id='word_1_56' title='bbox 2518 634 2725 707; x_wconf 77' lang='grc' dir='ltr'>ἀρετὴν</span> <span class='ocrx_word' id='word_1_57' title='bbox 2767 636 3125 706; x_wconf 75' lang='grc' dir='ltr'>προσθήσεις,</span> <span class='ocrx_word' id='word_1_58' title='bbox 3159 636 3284 691; x_wconf 80' lang='grc' dir='ltr'>ὅσον</span> <span class='ocrx_word' id='word_1_59' title='bbox 3313 634 3382 691; x_wconf 74' lang='grc' dir='ltr'><strong>ἂν</strong></span> <span class='ocrx_word' id='word_1_60' title='bbox 3412 635 3586 708; x_wconf 74' lang='grc' dir='ltr'><strong>ὕφέλῃς</strong></span> 
     </span>
    </p>
   </div>
   <div class='ocr_carea' id='block_1_14' title="bbox 2043 724 2391 794">
    <p class='ocr_par' dir='ltr' id='par_1_14' title="bbox 2043 724 2391 794">
     <span class='ocr_line' id='line_1_14' title="bbox 2043 724 2391 794; baseline 0 -16"><span class='ocrx_word' id='word_1_61' title='bbox 2043 724 2149 779; x_wconf 85' lang='grc' dir='ltr'><strong>τῶν</strong></span> <span class='ocrx_word' id='word_1_62' title='bbox 2168 725 2391 794; x_wconf 77' lang='grc' dir='ltr'>ἡδονῶν.</span> 
     </span>
    </p>
   </div>
   <div class='ocr_carea' id='block_1_15' title="bbox 2113 819 3586 893">
    <p class='ocr_par' dir='ltr' id='par_1_15' title="bbox 2113 819 3586 893">
     <span class='ocr_line' id='line_1_15' title="bbox 2113 819 3586 893; baseline 0.004 -21"><span class='ocrx_word' id='word_1_63' title='bbox 2113 820 2354 891; x_wconf 72' lang='grc' dir='ltr'><strong>Αἰσχρέιν</strong></span> <span class='ocrx_word' id='word_1_64' title='bbox 2387 819 2485 889; x_wconf 79' lang='grc' dir='ltr'><strong>μὲν</strong></span> <span class='ocrx_word' id='word_1_65' title='bbox 2510 822 2569 875; x_wconf 78' lang='grc' dir='ltr'><strong>ἐν</strong></span> <span class='ocrx_word' id='word_1_66' title='bbox 2612 821 2793 885; x_wconf 77' lang='grc' dir='ltr'>ἄλλοις</span> <span class='ocrx_word' id='word_1_67' title='bbox 2824 820 3189 893; x_wconf 71' lang='grc' dir='ltr'>ἀποδέχεσθαι</span> <span class='ocrx_word' id='word_1_68' title='bbox 3242 821 3343 887; x_wconf 75' lang='grc' dir='ltr'><strong>τὰς</strong></span> <span class='ocrx_word' id='word_1_69' title='bbox 3385 821 3586 893; x_wconf 69' lang='grc' dir='ltr'>ἀρετᾶς,</span> 
     </span>
    </p>
   </div>
   <div class='ocr_carea' id='block_1_16' title="bbox 2046 909 2984 980">
    <p class='ocr_par' dir='ltr' id='par_1_16' title="bbox 2046 909 2984 980">
     <span class='ocr_line' id='line_1_16' title="bbox 2046 909 2984 980; baseline 0.004 -18"><span class='ocrx_word' id='word_1_70' title='bbox 2046 909 2104 963; x_wconf 77' lang='grc' dir='ltr'>ἐν</span> <span class='ocrx_word' id='word_1_71' title='bbox 2134 911 2345 973; x_wconf 80' lang='grc' dir='ltr'><strong>ἑαυτοῖς</strong></span> <span class='ocrx_word' id='word_1_72' title='bbox 2372 911 2428 965; x_wconf 83' lang='grc' dir='ltr'>δὲ</span> <span class='ocrx_word' id='word_1_73' title='bbox 2459 910 2606 980; x_wconf 74' lang='grc' dir='ltr'><strong>ἔχειν</strong></span> <span class='ocrx_word' id='word_1_74' title='bbox 2635 913 2736 976; x_wconf 82' lang='grc' dir='ltr'><strong>τὰς</strong></span> <span class='ocrx_word' id='word_1_75' title='bbox 2763 913 2984 975; x_wconf 75' lang='grc' dir='ltr'>κακίας.</span> 
     </span>
    </p>
   </div>
   <div class='ocr_carea' id='block_1_17' title="bbox 2101 1001 3588 1078">
    <p class='ocr_par' dir='ltr' id='par_1_17' title="bbox 2101 1001 3588 1078">
     <span class='ocr_line' id='line_1_17' title="bbox 2101 1001 3588 1078; baseline 0.01 -25"><span class='ocrx_word' id='word_1_76' title='bbox 2101 1001 2358 1071; x_wconf 80' lang='grc' dir='ltr'><strong>Βραδέως</strong></span> <span class='ocrx_word' id='word_1_77' title='bbox 2393 1003 2633 1075; x_wconf 74' lang='grc' dir='ltr'>ἐγχείρει</span> <span class='ocrx_word' id='word_1_78' title='bbox 2656 1008 2768 1070; x_wconf 81' lang='grc' dir='ltr'>τοῖς</span> <span class='ocrx_word' id='word_1_79' title='bbox 2811 1005 3229 1078; x_wconf 80' lang='grc' dir='ltr'>πραττομένοις,</span> <span class='ocrx_word' id='word_1_80' title='bbox 3281 1004 3588 1078; x_wconf 78' lang='grc' dir='ltr'>ἐγχειρήσας</span> 
     </span>
    </p>
   </div>
   <div class='ocr_carea' id='block_1_18' title="bbox 2036 1092 2640 1164">
    <p class='ocr_par' dir='ltr' id='par_1_18' title="bbox 2036 1092 2640 1164">
     <span class='ocr_line' id='line_1_18' title="bbox 2036 1092 2640 1164; baseline 0.013 -19"><span class='ocrx_word' id='word_1_81' title='bbox 2036 1092 2115 1158; x_wconf 82' lang='grc' dir='ltr'>δὲ,</span> <span class='ocrx_word' id='word_1_82' title='bbox 2145 1094 2352 1162; x_wconf 75' lang='grc' dir='ltr'>πρᾶττε</span> <span class='ocrx_word' id='word_1_83' title='bbox 2379 1093 2640 1164; x_wconf 78' lang='grc' dir='ltr'>βεϐαίως.</span> 
     </span>
    </p>
   </div>
   <div class='ocr_carea' id='block_1_19' title="bbox 432 1206 3501 1309">
    <p class='ocr_par' dir='ltr' id='par_1_19' title="bbox 432 1206 3501 1309">
     <span class='ocr_line' id='line_1_19' title="bbox 432 1206 3501 1309; baseline 0.009 -45"><span class='ocrx_word' id='word_1_84' title='bbox 432 1206 706 1278; x_wconf 78' lang='lat' dir='ltr'><strong>Euripidis</strong></span> <span class='ocrx_word' id='word_1_85' title='bbox 739 1214 842 1285; x_wconf 75' lang='grc'><strong>(1).</strong></span> <span class='ocrx_word' id='word_1_86' title='bbox 878 1215 1120 1289; x_wconf 79' lang='lat' dir='ltr'><strong>Tempus</strong></span> <span class='ocrx_word' id='word_1_87' title='bbox 1169 1235 1277 1276; x_wconf 89' lang='lat' dir='ltr'><strong>non</strong></span> <span class='ocrx_word' id='word_1_88' title='bbox 1303 1221 1446 1278; x_wconf 89' lang='lat' dir='ltr'><strong>delet</strong></span> <span class='ocrx_word' id='word_1_89' title='bbox 1493 1224 2045 1295; x_wconf 69' lang='lat' dir='ltr'><strong>reliquiasbonornm</strong></span> <span class='ocrx_word' id='word_1_90' title='bbox 2077 1231 2355 1298; x_wconf 87' lang='lat' dir='ltr'><strong>virorum;</strong></span> <span class='ocrx_word' id='word_1_91' title='bbox 2386 1238 2479 1292; x_wconf 89' lang='lat' dir='ltr'><strong>sed</strong></span> <span class='ocrx_word' id='word_1_92' title='bbox 2511 1238 2683 1296; x_wconf 88' lang='lat' dir='ltr'><strong>virtus</strong></span> <span class='ocrx_word' id='word_1_93' title='bbox 2704 1242 2868 1297; x_wconf 83' lang='lat' dir='ltr'><strong>etiam</strong></span> <span class='ocrx_word' id='word_1_94' title='bbox 2902 1240 2957 1295; x_wconf 91' lang='lat' dir='ltr'><strong>in</strong></span> <span class='ocrx_word' id='word_1_95' title='bbox 2993 1240 3225 1297; x_wconf 85' lang='lat' dir='ltr'><strong>mortuis</strong></span> <span class='ocrx_word' id='word_1_96' title='bbox 3257 1239 3501 1309; x_wconf 80' lang='lat' dir='ltr'><strong>refulget.</strong></span> 
     </span>
    </p>
   </div>
   <div class='ocr_carea' id='block_1_20' title="bbox 433 1304 3586 1404">
    <p class='ocr_par' dir='ltr' id='par_1_20' title="bbox 433 1304 3586 1404">
     <span class='ocr_line' id='line_1_20' title="bbox 433 1304 3586 1404; baseline 0.008 -44"><span class='ocrx_word' id='word_1_97' title='bbox 433 1304 769 1375; x_wconf 75' lang='lat' dir='ltr'><strong>Theognidts.</strong></span> <span class='ocrx_word' id='word_1_98' title='bbox 800 1311 952 1368; x_wconf 83' lang='lat' dir='ltr'><strong>Multi</strong></span> <span class='ocrx_word' id='word_1_99' title='bbox 996 1314 1193 1371; x_wconf 86' lang='lat' dir='ltr'><strong>divites</strong></span> <span class='ocrx_word' id='word_1_100' title='bbox 1240 1327 1370 1373; x_wconf 88' lang='lat' dir='ltr'><strong>sunt</strong></span> <span class='ocrx_word' id='word_1_101' title='bbox 1403 1319 1553 1384; x_wconf 89' lang='lat' dir='ltr'><strong>mali,</strong></span> <span class='ocrx_word' id='word_1_102' title='bbox 1578 1320 1704 1375; x_wconf 90' lang='lat' dir='ltr'><strong>boni</strong></span> <span class='ocrx_word' id='word_1_103' title='bbox 1739 1332 1919 1377; x_wconf 88' lang='lat' dir='ltr'><strong>autem</strong></span> <span class='ocrx_word' id='word_1_104' title='bbox 1953 1337 2243 1396; x_wconf 84' lang='lat' dir='ltr'><strong>pauperes.</strong></span> <span class='ocrx_word' id='word_1_105' title='bbox 2297 1326 2406 1386; x_wconf 87' lang='lat' dir='ltr'><strong>Sed</strong></span> <span class='ocrx_word' id='word_1_106' title='bbox 2446 1345 2548 1388; x_wconf 83' lang='lat' dir='ltr'><strong>nos</strong></span> <span class='ocrx_word' id='word_1_107' title='bbox 2580 1348 2705 1388; x_wconf 90' lang='lat' dir='ltr'><strong>eum</strong></span> <span class='ocrx_word' id='word_1_108' title='bbox 2742 1334 2848 1390; x_wconf 87' lang='lat' dir='ltr'><strong>illis</strong></span> <span class='ocrx_word' id='word_1_109' title='bbox 2879 1346 2989 1390; x_wconf 90' lang='lat' dir='ltr'><strong>non</strong></span> <span class='ocrx_word' id='word_1_110' title='bbox 3024 1304 3460 1404; x_wconf 70' lang='lat' dir='ltr'><strong>permutabirnns</strong></span> <span class='ocrx_word' id='word_1_111' title='bbox 3498 1333 3586 1389; x_wconf 79' lang='lat' dir='ltr'><strong>vir-</strong></span> 
     </span>
    </p>
   </div>
   <div class='ocr_carea' id='block_1_21' title="bbox 365 1399 1665 1476">
    <p class='ocr_par' dir='ltr' id='par_1_21' title="bbox 365 1399 1665 1476">
     <span class='ocr_line' id='line_1_21' title="bbox 365 1399 1665 1476; baseline 0.011 -24"><span class='ocrx_word' id='word_1_112' title='bbox 365 1405 478 1453; x_wconf 86' lang='lat' dir='ltr'><strong>tute</strong></span> <span class='ocrx_word' id='word_1_113' title='bbox 502 1399 722 1457; x_wconf 77' lang='lat' dir='ltr'><strong>divitias</strong></span> <span class='ocrx_word' id='word_1_114' title='bbox 756 1419 769 1455; x_wconf 92' lang='lat'><strong>:</strong></span> <span class='ocrx_word' id='word_1_115' title='bbox 809 1419 934 1458; x_wconf 85' lang='lat' dir='ltr'><strong>nam</strong></span> <span class='ocrx_word' id='word_1_116' title='bbox 973 1405 1065 1460; x_wconf 82' lang='lat' dir='ltr'><strong>illa</strong></span> <span class='ocrx_word' id='word_1_117' title='bbox 1099 1422 1312 1476; x_wconf 85' lang='lat' dir='ltr'><strong>semper</strong></span> <span class='ocrx_word' id='word_1_118' title='bbox 1333 1408 1543 1465; x_wconf 82' lang='lat' dir='ltr'><strong>stabilis</strong></span> <span class='ocrx_word' id='word_1_119' title='bbox 1563 1421 1665 1467; x_wconf 90' lang='lat' dir='ltr'><strong>est.</strong></span> 
     </span>
    </p>
   </div>
   <div class='ocr_carea' id='block_1_22' title="bbox 434 1493 1760 1562">
    <p class='ocr_par' dir='ltr' id='par_1_22' title="bbox 434 1493 1760 1562">
     <span class='ocr_line' id='line_1_22' title="bbox 434 1493 1760 1562; baseline 0.011 -14"><span class='ocrx_word' id='word_1_120' title='bbox 434 1493 705 1553; x_wconf 85' lang='lat' dir='ltr'><strong>Pecunias</strong></span> <span class='ocrx_word' id='word_1_121' title='bbox 730 1505 908 1551; x_wconf 83' lang='lat' dir='ltr'><strong>auten.</strong></span> <span class='ocrx_word' id='word_1_122' title='bbox 936 1501 1215 1556; x_wconf 86' lang='lat' dir='ltr'><strong>hominum</strong></span> <span class='ocrx_word' id='word_1_123' title='bbox 1241 1503 1379 1559; x_wconf 87' lang='lat' dir='ltr'><strong>alias</strong></span> <span class='ocrx_word' id='word_1_124' title='bbox 1411 1504 1547 1559; x_wconf 85' lang='lat' dir='ltr'><strong>alius</strong></span> <span class='ocrx_word' id='word_1_125' title='bbox 1582 1505 1760 1562; x_wconf 87' lang='lat' dir='ltr'><strong>habet.</strong></span> 
     </span>
    </p>
   </div>
   <div class='ocr_carea' id='block_1_23' title="bbox 432 1634 1920 1724">
    <p class='ocr_par' dir='ltr' id='par_1_23' title="bbox 432 1634 1920 1710">
     <span class='ocr_line' id='line_1_23' title="bbox 432 1634 1920 1710; baseline 0.006 -19"><span class='ocrx_word' id='word_1_126' title='bbox 432 1637 653 1691; x_wconf 77' lang='lat' dir='ltr'><strong>Aristot.</strong></span> <span class='ocrx_word' id='word_1_127' title='bbox 691 1634 779 1690; x_wconf 90' lang='lat' dir='ltr'><strong>Dei</strong></span> <span class='ocrx_word' id='word_1_128' title='bbox 834 1637 1051 1703; x_wconf 84' lang='lat' dir='ltr'><strong>quidem</strong></span> <span class='ocrx_word' id='word_1_129' title='bbox 1096 1648 1179 1696; x_wconf 89' lang='lat' dir='ltr'><strong>est</strong></span> <span class='ocrx_word' id='word_1_130' title='bbox 1216 1656 1375 1710; x_wconf 80' lang='lat' dir='ltr'><strong>agere</strong></span> <span class='ocrx_word' id='word_1_131' title='bbox 1401 1659 1522 1710; x_wconf 75' lang='lat' dir='ltr'><strong>quae</strong></span> <span class='ocrx_word' id='word_1_132' title='bbox 1562 1645 1679 1698; x_wconf 86' lang='lat' dir='ltr'><strong>vult</strong></span> <span class='ocrx_word' id='word_1_133' title='bbox 1711 1661 1726 1699; x_wconf 93' lang='lat'>:</span> <span class='ocrx_word' id='word_1_134' title='bbox 1759 1645 1920 1701; x_wconf 84' lang='lat' dir='ltr'><strong>homi-</strong></span> 
     </span>
    </p>
   </div>
   <div class='ocr_carea' id='block_1_24' title="bbox 2070 1634 3587 1724">
    <p class='ocr_par' dir='ltr' id='par_1_24' title="bbox 2113 1649 3587 1724">
     <span class='ocr_line' id='line_1_24' title="bbox 2113 1649 3587 1724; baseline 0.003 -21"><span class='ocrx_word' id='word_1_135' title='bbox 2113 1649 2250 1704; x_wconf 75' lang='grc' dir='ltr'><strong>Θεοῦ</strong></span> <span class='ocrx_word' id='word_1_136' title='bbox 2287 1653 2387 1722; x_wconf 83' lang='grc' dir='ltr'><strong>μὲν</strong></span> <span class='ocrx_word' id='word_1_137' title='bbox 2417 1650 2534 1706; x_wconf 78' lang='grc' dir='ltr'>ἔστι</span> <span class='ocrx_word' id='word_1_138' title='bbox 2570 1654 2831 1724; x_wconf 77' lang='grc' dir='ltr'>πράττειν</span> <span class='ocrx_word' id='word_1_139' title='bbox 2858 1653 2896 1710; x_wconf 74' lang='grc' dir='ltr'>ἃ</span> <span class='ocrx_word' id='word_1_140' title='bbox 2926 1653 3195 1723; x_wconf 81' lang='grc' dir='ltr'>βούλεται·</span> <span class='ocrx_word' id='word_1_141' title='bbox 3236 1651 3522 1724; x_wconf 77' lang='grc' dir='ltr'>ἀνθρώπου</span> <span class='ocrx_word' id='word_1_142' title='bbox 3542 1652 3587 1708; x_wconf 75' lang='grc' dir='ltr'>δὶ</span> 
     </span>
    </p>
   </div>
   <div class='ocr_carea' id='block_1_25' title="bbox 360 1725 1745 1802">
    <p class='ocr_par' dir='ltr' id='par_1_25' title="bbox 360 1725 1745 1802">
     <span class='ocr_line' id='line_1_25' title="bbox 360 1725 1745 1802; baseline 0.009 -21"><span class='ocrx_word' id='word_1_143' title='bbox 360 1725 446 1783; x_wconf 83' lang='lat' dir='ltr'><strong>nis</strong></span> <span class='ocrx_word' id='word_1_144' title='bbox 470 1735 646 1781; x_wconf 83' lang='lat' dir='ltr'><strong>autem</strong></span> <span class='ocrx_word' id='word_1_145' title='bbox 676 1744 737 1783; x_wconf 83' lang='lat' dir='ltr'><strong>ea</strong></span> <span class='ocrx_word' id='word_1_146' title='bbox 762 1744 884 1798; x_wconf 68' lang='lat' dir='ltr'><strong>quae</strong></span> <span class='ocrx_word' id='word_1_147' title='bbox 906 1732 1159 1787; x_wconf 82' lang='lat' dir='ltr'><strong>convenit</strong></span> <span class='ocrx_word' id='word_1_148' title='bbox 1179 1733 1362 1787; x_wconf 89' lang='lat' dir='ltr'><strong>animo</strong></span> <span class='ocrx_word' id='word_1_149' title='bbox 1398 1750 1745 1802; x_wconf 70' lang='lat' dir='ltr'><strong>praesumere.</strong></span> 
     </span>
    </p>
   </div>
   <div class='ocr_carea' id='block_1_26' title="bbox 432 1818 1938 1899">
    <p class='ocr_par' dir='ltr' id='par_1_26' title="bbox 432 1818 1938 1899">
     <span class='ocr_line' id='line_1_26' title="bbox 432 1818 1938 1899; baseline 0.009 -27"><span class='ocrx_word' id='word_1_150' title='bbox 432 1818 681 1888; x_wconf 81' lang='lat' dir='ltr'><strong>Procopii</strong></span> <span class='ocrx_word' id='word_1_151' title='bbox 713 1822 961 1877; x_wconf 79' lang='lat' dir='ltr'><strong>rhetoris.</strong></span> <span class='ocrx_word' id='word_1_152' title='bbox 1001 1825 1134 1878; x_wconf 90' lang='lat' dir='ltr'><strong>Boni</strong></span> <span class='ocrx_word' id='word_1_153' title='bbox 1169 1826 1482 1881; x_wconf 83' lang='lat' dir='ltr'><strong>indecorum</strong></span> <span class='ocrx_word' id='word_1_154' title='bbox 1508 1829 1712 1899; x_wconf 74' lang='lat' dir='ltr'><strong>aliquid</strong></span> <span class='ocrx_word' id='word_1_155' title='bbox 1737 1829 1938 1887; x_wconf 84' lang='lat' dir='ltr'><strong>facien-</strong></span> 
     </span>
    </p>
   </div>
   <div class='ocr_carea' id='block_1_27' title="bbox 359 1914 1599 1987">
    <p class='ocr_par' dir='ltr' id='par_1_27' title="bbox 359 1914 1599 1987">
     <span class='ocr_line' id='line_1_27' title="bbox 359 1914 1599 1987; baseline 0.007 -22"><span class='ocrx_word' id='word_1_156' title='bbox 359 1918 461 1975; x_wconf 87' lang='lat' dir='ltr'><strong>tes,</strong></span> <span class='ocrx_word' id='word_1_157' title='bbox 493 1926 720 1981; x_wconf 79' lang='lat' dir='ltr'><strong>peccare</strong></span> <span class='ocrx_word' id='word_1_158' title='bbox 753 1914 1063 1971; x_wconf 85' lang='lat' dir='ltr'><strong>volentibus</strong></span> <span class='ocrx_word' id='word_1_159' title='bbox 1094 1918 1407 1987; x_wconf 83' lang='lat' dir='ltr'><strong>exemplum</strong></span> <span class='ocrx_word' id='word_1_160' title='bbox 1440 1919 1599 1974; x_wconf 89' lang='lat' dir='ltr'><strong>liunt.</strong></span> 
     </span>
    </p>
   </div>
   <div class='ocr_carea' id='block_1_28' title="bbox 432 2002 1935 2081">
    <p class='ocr_par' dir='ltr' id='par_1_28' title="bbox 432 2002 1935 2081">
     <span class='ocr_line' id='line_1_28' title="bbox 432 2002 1935 2081; baseline 0.01 -25"><span class='ocrx_word' id='word_1_161' title='bbox 432 2002 545 2058; x_wconf 77' lang='lat' dir='ltr'><strong>Viri</strong></span> <span class='ocrx_word' id='word_1_162' title='bbox 593 2008 822 2063; x_wconf 80' lang='lat' dir='ltr'><strong>virtutes</strong></span> <span class='ocrx_word' id='word_1_163' title='bbox 870 2023 977 2063; x_wconf 90' lang='lat' dir='ltr'><strong>non</strong></span> <span class='ocrx_word' id='word_1_164' title='bbox 1043 2009 1346 2081; x_wconf 87' lang='lat' dir='ltr'><strong>principio,</strong></span> <span class='ocrx_word' id='word_1_165' title='bbox 1379 2011 1474 2068; x_wconf 88' lang='lat' dir='ltr'><strong>sed</strong></span> <span class='ocrx_word' id='word_1_166' title='bbox 1525 2013 1631 2068; x_wconf 84' lang='lat' dir='ltr'><strong>line</strong></span> <span class='ocrx_word' id='word_1_167' title='bbox 1662 2015 1935 2071; x_wconf 79' lang='lat' dir='ltr'><strong>actionum</strong></span> 
     </span>
    </p>
   </div>
   <div class='ocr_carea' id='block_1_29' title="bbox 358 2092 690 2151">
    <p class='ocr_par' dir='ltr' id='par_1_29' title="bbox 358 2092 690 2151">
     <span class='ocr_line' id='line_1_29' title="bbox 358 2092 690 2151; baseline 0.006 -2"><span class='ocrx_word' id='word_1_168' title='bbox 358 2092 690 2151; x_wconf 82' lang='lat' dir='ltr'><strong>indicantur.</strong></span> 
     </span>
    </p>
   </div>
   <div class='ocr_carea' id='block_1_30' title="bbox 428 2183 1934 2271">
    <p class='ocr_par' dir='ltr' id='par_1_30' title="bbox 428 2183 1934 2271">
     <span class='ocr_line' id='line_1_30' title="bbox 428 2183 1934 2271; baseline 0.013 -34"><span class='ocrx_word' id='word_1_169' title='bbox 428 2183 665 2242; x_wconf 71' lang='lat' dir='ltr'><strong>Maxime</strong></span> <span class='ocrx_word' id='word_1_170' title='bbox 700 2187 903 2245; x_wconf 88' lang='lat' dir='ltr'><strong>bonum</strong></span> <span class='ocrx_word' id='word_1_171' title='bbox 950 2192 1220 2261; x_wconf 85' lang='lat' dir='ltr'><strong>peculium</strong></span> <span class='ocrx_word' id='word_1_172' title='bbox 1251 2205 1335 2250; x_wconf 88' lang='lat' dir='ltr'><strong>est</strong></span> <span class='ocrx_word' id='word_1_173' title='bbox 1393 2195 1665 2269; x_wconf 82' lang='lat' dir='ltr'><strong>cujusque</strong></span> <span class='ocrx_word' id='word_1_174' title='bbox 1718 2202 1934 2271; x_wconf 89' lang='lat' dir='ltr'><strong>propria</strong></span> 
     </span>
    </p>
   </div>
   <div class='ocr_carea' id='block_1_31' title="bbox 360 2275 559 2331">
    <p class='ocr_par' dir='ltr' id='par_1_31' title="bbox 360 2275 559 2331">
     <span class='ocr_line' id='line_1_31' title="bbox 360 2275 559 2331; baseline 0.04 -7"><span class='ocrx_word' id='word_1_175' title='bbox 360 2275 559 2331; x_wconf 86' lang='lat' dir='ltr'><strong>virtus.</strong></span> 
     </span>
    </p>
   </div>
   <div class='ocr_carea' id='block_1_32' title="bbox 431 2363 1932 2453">
    <p class='ocr_par' dir='ltr' id='par_1_32' title="bbox 431 2363 1932 2453">
     <span class='ocr_line' id='line_1_32' title="bbox 431 2363 1932 2453; baseline 0.014 -33"><span class='ocrx_word' id='word_1_176' title='bbox 431 2363 619 2436; x_wconf 84' lang='lat' dir='ltr'><strong>Neque</strong></span> <span class='ocrx_word' id='word_1_177' title='bbox 646 2370 954 2426; x_wconf 83' lang='lat' dir='ltr'><strong>convivium</strong></span> <span class='ocrx_word' id='word_1_178' title='bbox 982 2373 1100 2429; x_wconf 85' lang='lat' dir='ltr'><strong>sine</strong></span> <span class='ocrx_word' id='word_1_179' title='bbox 1128 2378 1447 2443; x_wconf 84' lang='lat' dir='ltr'><strong>concordia.</strong></span> <span class='ocrx_word' id='word_1_180' title='bbox 1502 2395 1680 2453; x_wconf 71' lang='lat' dir='ltr'><strong>neque</strong></span> <span class='ocrx_word' id='word_1_181' title='bbox 1722 2380 1932 2441; x_wconf 69' lang='lat' dir='ltr'><strong>divitiae</strong></span> 
     </span>
    </p>
   </div>
   <div class='ocr_carea' id='block_1_33' title="bbox 358 2458 1017 2520">
    <p class='ocr_par' dir='ltr' id='par_1_33' title="bbox 358 2458 1017 2520">
     <span class='ocr_line' id='line_1_33' title="bbox 358 2458 1017 2520; baseline 0.015 -10"><span class='ocrx_word' id='word_1_182' title='bbox 358 2458 478 2511; x_wconf 81' lang='lat' dir='ltr'><strong>sine</strong></span> <span class='ocrx_word' id='word_1_183' title='bbox 507 2458 704 2514; x_wconf 80' lang='lat' dir='ltr'><strong>virtute</strong></span> <span class='ocrx_word' id='word_1_184' title='bbox 726 2461 1017 2520; x_wconf 86' lang='lat' dir='ltr'><strong>delectant.</strong></span> 
     </span>
    </p>
   </div>
   <div class='ocr_carea' id='block_1_34' title="bbox 433 2545 1929 2630">
    <p class='ocr_par' dir='ltr' id='par_1_34' title="bbox 433 2545 1929 2630">
     <span class='ocr_line' id='line_1_34' title="bbox 433 2545 1929 2630; baseline 0.016 -29"><span class='ocrx_word' id='word_1_185' title='bbox 433 2545 644 2604; x_wconf 88' lang='lat' dir='ltr'><strong>Donum</strong></span> <span class='ocrx_word' id='word_1_186' title='bbox 695 2552 844 2609; x_wconf 86' lang='lat' dir='ltr'><strong>aliud</strong></span> <span class='ocrx_word' id='word_1_187' title='bbox 897 2556 1098 2613; x_wconf 86' lang='lat' dir='ltr'><strong>virtute</strong></span> <span class='ocrx_word' id='word_1_188' title='bbox 1145 2560 1320 2630; x_wconf 85' lang='lat' dir='ltr'><strong>majus</strong></span> <span class='ocrx_word' id='word_1_189' title='bbox 1373 2561 1635 2622; x_wconf 88' lang='lat' dir='ltr'><strong>divinitus</strong></span> <span class='ocrx_word' id='word_1_190' title='bbox 1667 2566 1785 2623; x_wconf 86' lang='lat' dir='ltr'><strong>dari</strong></span> <span class='ocrx_word' id='word_1_191' title='bbox 1822 2584 1929 2625; x_wconf 92' lang='lat' dir='ltr'><strong>non</strong></span> 
     </span>
    </p>
   </div>
   <div class='ocr_carea' id='block_1_35' title="bbox 356 2646 557 2708">
    <p class='ocr_par' dir='ltr' id='par_1_35' title="bbox 356 2646 557 2708">
     <span class='ocr_line' id='line_1_35' title="bbox 356 2646 557 2708; baseline 0.01 -17"><span class='ocrx_word' id='word_1_192' title='bbox 356 2646 557 2708; x_wconf 83' lang='lat' dir='ltr'><strong>potest.</strong></span> 
     </span>
    </p>
   </div>
   <div class='ocr_carea' id='block_1_36' title="bbox 425 2727 1933 2813">
    <p class='ocr_par' dir='ltr' id='par_1_36' title="bbox 425 2727 1933 2813">
     <span class='ocr_line' id='line_1_36' title="bbox 425 2727 1933 2813; baseline 0.014 -28"><span class='ocrx_word' id='word_1_193' title='bbox 425 2727 602 2787; x_wconf 87' lang='lat' dir='ltr'><strong>Unica</strong></span> <span class='ocrx_word' id='word_1_194' title='bbox 633 2733 809 2791; x_wconf 80' lang='lat' dir='ltr'><strong>virtus</strong></span> <span class='ocrx_word' id='word_1_195' title='bbox 833 2744 918 2793; x_wconf 86' lang='lat' dir='ltr'><strong>est</strong></span> <span class='ocrx_word' id='word_1_196' title='bbox 943 2752 1161 2809; x_wconf 88' lang='lat' dir='ltr'><strong>semper</strong></span> <span class='ocrx_word' id='word_1_197' title='bbox 1181 2739 1370 2813; x_wconf 75' lang='lat' dir='ltr'><strong>fugere</strong></span> <span class='ocrx_word' id='word_1_198' title='bbox 1399 2742 1715 2803; x_wconf 89' lang='lat' dir='ltr'><strong>indecorum</strong></span> <span class='ocrx_word' id='word_1_199' title='bbox 1748 2756 1803 2804; x_wconf 90' lang='lat' dir='ltr'><strong>et</strong></span> <span class='ocrx_word' id='word_1_200' title='bbox 1835 2752 1933 2807; x_wconf 82' lang='lat' dir='ltr'><strong>ab-</strong></span> 
     </span>
    </p>
   </div>
   <div class='ocr_carea' id='block_1_37' title="bbox 351 2822 608 2880">
    <p class='ocr_par' dir='ltr' id='par_1_37' title="bbox 351 2822 608 2880">
     <span class='ocr_line' id='line_1_37' title="bbox 351 2822 608 2880; baseline 0.008 -3"><span class='ocrx_word' id='word_1_201' title='bbox 351 2822 608 2880; x_wconf 75' lang='lat' dir='ltr'><strong>surdum.</strong></span> 
     </span>
    </p>
   </div>
   <div class='ocr_carea' id='block_1_38' title="bbox 432 2913 1920 3023">
    <p class='ocr_par' dir='ltr' id='par_1_38' title="bbox 432 2913 1920 2988">
     <span class='ocr_line' id='line_1_38' title="bbox 432 2913 1920 2988; baseline 0.015 -23"><span class='ocrx_word' id='word_1_202' title='bbox 432 2913 598 2967; x_wconf 87' lang='lat' dir='ltr'><strong>Deum</strong></span> <span class='ocrx_word' id='word_1_203' title='bbox 632 2914 835 2984; x_wconf 87' lang='lat' dir='ltr'><strong>optime</strong></span> <span class='ocrx_word' id='word_1_204' title='bbox 866 2916 1034 2986; x_wconf 87' lang='lat' dir='ltr'><strong>coles,</strong></span> <span class='ocrx_word' id='word_1_205' title='bbox 1090 2934 1215 2974; x_wconf 90' lang='lat' dir='ltr'><strong>cum</strong></span> <span class='ocrx_word' id='word_1_206' title='bbox 1268 2933 1507 2979; x_wconf 86' lang='lat' dir='ltr'><strong>mentem</strong></span> <span class='ocrx_word' id='word_1_207' title='bbox 1536 2924 1643 2984; x_wconf 89' lang='lat' dir='ltr'><strong>Deo</strong></span> <span class='ocrx_word' id='word_1_208' title='bbox 1687 2931 1920 2988; x_wconf 87' lang='lat' dir='ltr'><strong>similem</strong></span> 
     </span>
    </p>
   </div>
   <div class='ocr_carea' id='block_1_39' title="bbox 2070 2913 2596 3023">
    <p class='ocr_par' dir='ltr' id='par_1_39' title="bbox 2070 2913 2596 3023">
     <span class='ocr_line' id='line_1_39' title="bbox 2070 2913 2596 3023; baseline 0.013 -23"><span class='ocrx_word' id='word_1_209' title='bbox 2070 2913 2183 3000; x_wconf 67' lang='grc' dir='ltr'>ιιαν</span> <span class='ocrx_word' id='word_1_210' title='bbox 2209 2913 2486 3023; x_wconf 69' lang='grc' dir='ltr'>δμοιῶσης</span> <span class='ocrx_word' id='word_1_211' title='bbox 2525 2952 2596 3006; x_wconf 84' lang='grc' dir='ltr'>δι’</span> 
     </span>
    </p>
   </div>
   <div class='ocr_carea' id='block_1_40' title="bbox 348 2999 1994 3082">
    <p class='ocr_par' dir='ltr' id='par_1_40' title="bbox 348 2999 1994 3082">
     <span class='ocr_line' id='line_1_40' title="bbox 348 2999 1994 3082; baseline 0.014 -21"><span class='ocrx_word' id='word_1_212' title='bbox 348 3006 594 3063; x_wconf 81' lang='lat' dir='ltr'><strong>effeceris</strong></span> <span class='ocrx_word' id='word_1_213' title='bbox 626 3023 721 3077; x_wconf 89' lang='lat' dir='ltr'><strong>per</strong></span> <span class='ocrx_word' id='word_1_214' title='bbox 766 3010 1041 3065; x_wconf 86' lang='lat' dir='ltr'><strong>virtutem.</strong></span> <span class='ocrx_word' id='word_1_215' title='bbox 1073 3012 1199 3069; x_wconf 89' lang='lat' dir='ltr'><strong>Sola</strong></span> <span class='ocrx_word' id='word_1_216' title='bbox 1221 3017 1365 3071; x_wconf 88' lang='lat' dir='ltr'><strong>enim</strong></span> <span class='ocrx_word' id='word_1_217' title='bbox 1387 3019 1560 3076; x_wconf 90' lang='lat' dir='ltr'><strong>virtus</strong></span> <span class='ocrx_word' id='word_1_218' title='bbox 1582 3025 1822 3080; x_wconf 88' lang='lat' dir='ltr'><strong>animum</strong></span> <span class='ocrx_word' id='word_1_219' title='bbox 1852 3028 1919 3082; x_wconf 89' lang='lat' dir='ltr'><strong>ad</strong></span> <span class='ocrx_word' id='word_1_220' title='bbox 1951 2999 1994 3059; x_wconf 60' lang='grc' dir='ltr'><strong>(ἶ</strong></span> 
     </span>
    </p>
   </div>
   <div class='ocr_carea' id='block_1_41' title="bbox 348 3098 1300 3169">
    <p class='ocr_par' dir='ltr' id='par_1_41' title="bbox 348 3098 1300 3169">
     <span class='ocr_line' id='line_1_41' title="bbox 348 3098 1300 3169; baseline 0.009 -15"><span class='ocrx_word' id='word_1_221' title='bbox 348 3098 403 3154; x_wconf 79' lang='lat' dir='ltr'><strong>id</strong></span> <span class='ocrx_word' id='word_1_222' title='bbox 430 3098 576 3168; x_wconf 86' lang='lat' dir='ltr'><strong>quod</strong></span> <span class='ocrx_word' id='word_1_223' title='bbox 606 3099 656 3152; x_wconf 85' lang='lat' dir='ltr'><strong>ei</strong></span> <span class='ocrx_word' id='word_1_224' title='bbox 684 3109 971 3169; x_wconf 76' lang='lat' dir='ltr'><strong>cognatum</strong></span> <span class='ocrx_word' id='word_1_225' title='bbox 999 3113 1083 3159; x_wconf 90' lang='lat' dir='ltr'><strong>est</strong></span> <span class='ocrx_word' id='word_1_226' title='bbox 1114 3108 1300 3163; x_wconf 79' lang='lat' dir='ltr'><strong>trahit.</strong></span> 
     </span>
    </p>
   </div>
   <div class='ocr_carea' id='block_1_42' title="bbox 420 3186 1920 3271">
    <p class='ocr_par' dir='ltr' id='par_1_42' title="bbox 420 3186 1920 3271">
     <span class='ocr_line' id='line_1_42' title="bbox 420 3186 1920 3271; baseline 0.019 -32"><span class='ocrx_word' id='word_1_227' title='bbox 420 3187 601 3242; x_wconf 79' lang='lat' dir='ltr'><strong>Malim</strong></span> <span class='ocrx_word' id='word_1_228' title='bbox 633 3186 851 3244; x_wconf 86' lang='lat' dir='ltr'><strong>virtutis</strong></span> <span class='ocrx_word' id='word_1_229' title='bbox 894 3193 1287 3265; x_wconf 86' lang='lat' dir='ltr'><strong>testimonium,</strong></span> <span class='ocrx_word' id='word_1_230' title='bbox 1327 3216 1490 3271; x_wconf 89' lang='lat' dir='ltr'><strong>quam</strong></span> <span class='ocrx_word' id='word_1_231' title='bbox 1527 3204 1920 3266; x_wconf 83' lang='lat' dir='ltr'><strong>abundantiam</strong></span> 
     </span>
    </p>
   </div>
   <div class='ocr_carea' id='block_1_43' title="bbox 348 3280 1922 3363">
    <p class='ocr_par' dir='ltr' id='par_1_43' title="bbox 348 3280 1922 3363">
     <span class='ocr_line' id='line_1_43' title="bbox 348 3280 1922 3363; baseline 0.017 -32"><span class='ocrx_word' id='word_1_232' title='bbox 348 3293 509 3348; x_wconf 90' lang='lat' dir='ltr'><strong>opum</strong></span> <span class='ocrx_word' id='word_1_233' title='bbox 536 3281 668 3336; x_wconf 89' lang='lat' dir='ltr'><strong>mihi</strong></span> <span class='ocrx_word' id='word_1_234' title='bbox 700 3280 971 3338; x_wconf 77' lang='lat' dir='ltr'><strong>exhiberi.</strong></span> <span class='ocrx_word' id='word_1_235' title='bbox 1010 3284 1147 3342; x_wconf 89' lang='lat' dir='ltr'><strong>Illud</strong></span> <span class='ocrx_word' id='word_1_236' title='bbox 1175 3290 1321 3344; x_wconf 89' lang='lat' dir='ltr'><strong>enim</strong></span> <span class='ocrx_word' id='word_1_237' title='bbox 1369 3292 1524 3349; x_wconf 66' lang='lat' dir='ltr'><strong>bona:</strong></span> <span class='ocrx_word' id='word_1_238' title='bbox 1568 3299 1788 3363; x_wconf 86' lang='lat' dir='ltr'><strong>mentis.</strong></span> <span class='ocrx_word' id='word_1_239' title='bbox 1818 3300 1922 3357; x_wconf 87' lang='lat' dir='ltr'><strong>hoc</strong></span> 
     </span>
    </p>
   </div>
   <div class='ocr_carea' id='block_1_44' title="bbox 346 3370 1920 3449">
    <p class='ocr_par' dir='ltr' id='par_1_44' title="bbox 346 3370 1920 3449">
     <span class='ocr_line' id='line_1_44' title="bbox 346 3370 1920 3449; baseline 0.017 -26"><span class='ocrx_word' id='word_1_240' title='bbox 346 3381 524 3425; x_wconf 89' lang='lat' dir='ltr'><strong>autem</strong></span> <span class='ocrx_word' id='word_1_241' title='bbox 554 3370 790 3428; x_wconf 80' lang='lat' dir='ltr'><strong>fortunae</strong></span> <span class='ocrx_word' id='word_1_242' title='bbox 818 3373 1092 3434; x_wconf 79' lang='lat' dir='ltr'><strong>aﬂluentis</strong></span> <span class='ocrx_word' id='word_1_243' title='bbox 1128 3385 1435 3438; x_wconf 89' lang='lat' dir='ltr'><strong>eneomium</strong></span> <span class='ocrx_word' id='word_1_244' title='bbox 1463 3386 1763 3447; x_wconf 73' lang='lat' dir='ltr'><strong>videbitur;</strong></span> <span class='ocrx_word' id='word_1_245' title='bbox 1789 3391 1920 3449; x_wconf 77' lang='lat' dir='ltr'><strong>ch</strong></span> 
     </span>
    </p>
   </div>
   <div class='ocr_carea' id='block_1_45' title="bbox 345 3465 1921 3543">
    <p class='ocr_par' dir='ltr' id='par_1_45' title="bbox 345 3465 1921 3543">
     <span class='ocr_line' id='line_1_45' title="bbox 345 3465 1921 3543; baseline 0.018 -29"><span class='ocrx_word' id='word_1_246' title='bbox 345 3465 688 3522; x_wconf 73' lang='lat' dir='ltr'><strong>sententiain</strong></span> <span class='ocrx_word' id='word_1_247' title='bbox 723 3466 906 3523; x_wconf 65' lang='grc' dir='ltr'><strong>(ἐνωσο</strong></span> <span class='ocrx_word' id='word_1_248' title='bbox 956 3472 1246 3543; x_wconf 75' lang='lat' dir='ltr'><strong>exemplari</strong></span> <span class='ocrx_word' id='word_1_249' title='bbox 1304 3493 1409 3532; x_wconf 84' lang='lat' dir='ltr'><strong>non</strong></span> <span class='ocrx_word' id='word_1_250' title='bbox 1452 3491 1589 3537; x_wconf 83' lang='lat' dir='ltr'><strong>recte</strong></span> <span class='ocrx_word' id='word_1_251' title='bbox 1637 3488 1921 3542; x_wconf 74' lang='lat' dir='ltr'><strong>ascribitar</strong></span> 
     </span>
    </p>
   </div>
   <div class='ocr_carea' id='block_1_46' title="bbox 347 3554 650 3627">
    <p class='ocr_par' dir='ltr' id='par_1_46' title="bbox 347 3554 650 3627">
     <span class='ocr_line' id='line_1_46' title="bbox 347 3554 650 3627; baseline 0.017 -19"><span class='ocrx_word' id='word_1_252' title='bbox 347 3554 650 3627; x_wconf 76' lang='lat' dir='ltr'><strong>Theognidi.</strong></span> 
     </span>
    </p>
   </div>
   <div class='ocr_carea' id='block_1_47' title="bbox 662 3670 1569 3756">
    <p class='ocr_par' dir='ltr' id='par_1_47' title="bbox 662 3670 1569 3756">
     <span class='ocr_line' id='line_1_47' title="bbox 662 3670 1569 3756; baseline 0.017 -31"><span class='ocrx_word' id='word_1_253' title='bbox 662 3671 768 3741; x_wconf 76' lang='lat' dir='ltr'><strong>l7</strong></span> <span class='ocrx_word' id='word_1_254' title='bbox 798 3670 1029 3730; x_wconf 74' lang='lat' dir='ltr'><strong>SERMO</strong></span> <span class='ocrx_word' id='word_1_255' title='bbox 1069 3674 1182 3734; x_wconf 81' lang='lat' dir='ltr'><strong>VIII</strong></span> <span class='ocrx_word' id='word_1_256' title='bbox 1212 3677 1312 3752; x_wconf 78' lang='lat' dir='ltr'><strong>[aL</strong></span> <span class='ocrx_word' id='word_1_257' title='bbox 1348 3679 1569 3756; x_wconf 81' lang='lat' dir='ltr'><strong>XXIII].</strong></span> 
     </span>
    </p>
   </div>
   <div class='ocr_carea' id='block_1_48' title="bbox 532 3783 1705 3868">
    <p class='ocr_par' dir='ltr' id='par_1_48' title="bbox 532 3783 1705 3868">
     <span class='ocr_line' id='line_1_48' title="bbox 532 3783 1705 3868; baseline 0.015 -31"><span class='ocrx_word' id='word_1_258' title='bbox 532 3783 614 3839; x_wconf 78' lang='lat' dir='ltr'><strong>De</strong></span> <span class='ocrx_word' id='word_1_259' title='bbox 641 3785 926 3855; x_wconf 71' lang='lat' dir='ltr'><strong>sapientia,</strong></span> <span class='ocrx_word' id='word_1_260' title='bbox 950 3797 1000 3843; x_wconf 86' lang='lat' dir='ltr'><strong>et</strong></span> <span class='ocrx_word' id='word_1_261' title='bbox 1031 3789 1319 3858; x_wconf 80' lang='lat' dir='ltr'><strong>intellectu,</strong></span> <span class='ocrx_word' id='word_1_262' title='bbox 1340 3806 1388 3850; x_wconf 73' lang='lat' dir='ltr'><strong>et</strong></span> <span class='ocrx_word' id='word_1_263' title='bbox 1406 3799 1705 3868; x_wconf 77' lang='lat' dir='ltr'><strong>prudentia.</strong></span> 
     </span>
    </p>
   </div>
   <div class='ocr_carea' id='block_1_49' title="bbox 416 3895 1915 3986">
    <p class='ocr_par' dir='ltr' id='par_1_49' title="bbox 416 3895 1915 3986">
     <span class='ocr_line' id='line_1_49' title="bbox 416 3895 1915 3986; baseline 0.017 -35"><span class='ocrx_word' id='word_1_264' title='bbox 416 3895 607 3954; x_wconf 78' lang='lat' dir='ltr'><strong>Matth.</strong></span> <span class='ocrx_word' id='word_1_265' title='bbox 635 3915 689 3955; x_wconf 82' lang='grc' dir='ltr'>ιι.</span> <span class='ocrx_word' id='word_1_266' title='bbox 724 3899 911 3958; x_wconf 87' lang='lat' dir='ltr'><strong>Estote</strong></span> <span class='ocrx_word' id='word_1_267' title='bbox 945 3905 1240 3974; x_wconf 87' lang='lat' dir='ltr'><strong>prudentes</strong></span> <span class='ocrx_word' id='word_1_268' title='bbox 1271 3908 1448 3968; x_wconf 90' lang='lat' dir='ltr'><strong>instar</strong></span> <span class='ocrx_word' id='word_1_269' title='bbox 1468 3919 1825 3986; x_wconf 87' lang='lat' dir='ltr'><strong>serpentium,</strong></span> <span class='ocrx_word' id='word_1_270' title='bbox 1859 3929 1915 3976; x_wconf 91' lang='lat' dir='ltr'><strong>et</strong></span> 
     </span>
    </p>
   </div>
   <div class='ocr_carea' id='block_1_50' title="bbox 340 3989 1021 4059">
    <p class='ocr_par' dir='ltr' id='par_1_50' title="bbox 340 3989 1021 4059">
     <span class='ocr_line' id='line_1_50' title="bbox 340 3989 1021 4059; baseline 0.01 -16"><span class='ocrx_word' id='word_1_271' title='bbox 340 3989 616 4059; x_wconf 86' lang='lat' dir='ltr'><strong>simplices</strong></span> <span class='ocrx_word' id='word_1_272' title='bbox 646 4003 705 4046; x_wconf 91' lang='lat' dir='ltr'><strong>ut</strong></span> <span class='ocrx_word' id='word_1_273' title='bbox 737 3994 1021 4052; x_wconf 67' lang='lat' dir='ltr'><strong>columbae.</strong></span> 
     </span>
    </p>
   </div>
   <div class='ocr_carea' id='block_1_51' title="bbox 413 4077 1911 4161">
    <p class='ocr_par' dir='ltr' id='par_1_51' title="bbox 413 4077 1911 4161">
     <span class='ocr_line' id='line_1_51' title="bbox 413 4077 1911 4161; baseline 0.018 -29"><span class='ocrx_word' id='word_1_274' title='bbox 413 4077 584 4136; x_wconf 87' lang='lat' dir='ltr'><strong>ICor.</strong></span> <span class='ocrx_word' id='word_1_275' title='bbox 619 4098 726 4137; x_wconf 80' lang='lat' dir='ltr'><strong>xw.</strong></span> <span class='ocrx_word' id='word_1_276' title='bbox 759 4082 877 4140; x_wconf 89' lang='lat' dir='ltr'><strong>Non</strong></span> <span class='ocrx_word' id='word_1_277' title='bbox 927 4098 1188 4155; x_wconf 88' lang='lat' dir='ltr'><strong>mentem,</strong></span> <span class='ocrx_word' id='word_1_278' title='bbox 1239 4093 1332 4147; x_wconf 88' lang='lat' dir='ltr'><strong>sed</strong></span> <span class='ocrx_word' id='word_1_279' title='bbox 1366 4096 1629 4153; x_wconf 89' lang='lat' dir='ltr'><strong>malitiam</strong></span> <span class='ocrx_word' id='word_1_280' title='bbox 1677 4101 1911 4161; x_wconf 83' lang='lat' dir='ltr'><strong>infantes</strong></span> 
     </span>
    </p>
   </div>
   <div class='ocr_carea' id='block_1_52' title="bbox 338 4169 1618 4249">
    <p class='ocr_par' dir='ltr' id='par_1_52' title="bbox 338 4169 1618 4249">
     <span class='ocr_line' id='line_1_52' title="bbox 338 4169 1618 4249; baseline 0.02 -31"><span class='ocrx_word' id='word_1_281' title='bbox 338 4182 462 4219; x_wconf 84' lang='lat' dir='ltr'><strong>esse</strong></span> <span class='ocrx_word' id='word_1_282' title='bbox 494 4169 701 4225; x_wconf 85' lang='lat' dir='ltr'><strong>debetis</strong></span> <span class='ocrx_word' id='word_1_283' title='bbox 733 4187 748 4225; x_wconf 91' lang='lat'><strong>:</strong></span> <span class='ocrx_word' id='word_1_284' title='bbox 783 4175 983 4230; x_wconf 89' lang='lat' dir='ltr'><strong>animis</strong></span> <span class='ocrx_word' id='word_1_285' title='bbox 1007 4189 1188 4232; x_wconf 86' lang='lat' dir='ltr'><strong>autem</strong></span> <span class='ocrx_word' id='word_1_286' title='bbox 1225 4182 1449 4249; x_wconf 88' lang='lat' dir='ltr'><strong>perfecti</strong></span> <span class='ocrx_word' id='word_1_287' title='bbox 1483 4197 1618 4243; x_wconf 88' lang='lat' dir='ltr'><strong>este.</strong></span> 
     </span>
    </p>
   </div>
   <div class='ocr_carea' id='block_1_53' title="bbox 412 4256 1907 4349">
    <p class='ocr_par' dir='ltr' id='par_1_53' title="bbox 412 4256 1907 4349">
     <span class='ocr_line' id='line_1_53' title="bbox 412 4256 1907 4349; baseline 0.02 -40"><span class='ocrx_word' id='word_1_288' title='bbox 412 4256 573 4312; x_wconf 80' lang='lat' dir='ltr'><strong>Prov.</strong></span> <span class='ocrx_word' id='word_1_289' title='bbox 611 4276 688 4315; x_wconf 91' lang='grc' dir='ltr'>ιιι.</span> <span class='ocrx_word' id='word_1_290' title='bbox 724 4262 915 4318; x_wconf 68' lang='lat' dir='ltr'><strong>Beatus</strong></span> <span class='ocrx_word' id='word_1_291' title='bbox 943 4265 1104 4319; x_wconf 87' lang='lat' dir='ltr'><strong>homo</strong></span> <span class='ocrx_word' id='word_1_292' title='bbox 1142 4271 1235 4339; x_wconf 90' lang='lat' dir='ltr'><strong>qui</strong></span> <span class='ocrx_word' id='word_1_293' title='bbox 1257 4272 1464 4330; x_wconf 85' lang='lat' dir='ltr'><strong>invenit</strong></span> <span class='ocrx_word' id='word_1_294' title='bbox 1485 4280 1822 4349; x_wconf 74' lang='lat' dir='ltr'><strong>sapientiam,</strong></span> <span class='ocrx_word' id='word_1_295' title='bbox 1854 4294 1907 4339; x_wconf 84' lang='lat' dir='ltr'><strong>et</strong></span> 
     </span>
    </p>
   </div>
   <div class='ocr_carea' id='block_1_54' title="bbox 344 4348 1901 4436">
    <p class='ocr_par' dir='ltr' id='par_1_54' title="bbox 344 4348 1901 4436">
     <span class='ocr_line' id='line_1_54' title="bbox 344 4348 1901 4436; baseline 0.015 -39"><span class='ocrx_word' id='word_1_296' title='bbox 344 4348 591 4402; x_wconf 76' lang='lat' dir='ltr'><strong>tumtalis</strong></span> <span class='ocrx_word' id='word_1_297' title='bbox 622 4349 713 4418; x_wconf 88' lang='lat' dir='ltr'><strong>qui</strong></span> <span class='ocrx_word' id='word_1_298' title='bbox 745 4351 877 4405; x_wconf 89' lang='lat' dir='ltr'><strong>vidit</strong></span> <span class='ocrx_word' id='word_1_299' title='bbox 907 4353 1247 4421; x_wconf 89' lang='lat' dir='ltr'><strong>prudentiam</strong></span> <span class='ocrx_word' id='word_1_300' title='bbox 1279 4377 1293 4412; x_wconf 90' lang='lat'><strong>:</strong></span> <span class='ocrx_word' id='word_1_301' title='bbox 1320 4372 1535 4428; x_wconf 68' lang='lat' dir='ltr'><strong>praestat</strong></span> <span class='ocrx_word' id='word_1_302' title='bbox 1563 4366 1705 4420; x_wconf 88' lang='lat' dir='ltr'><strong>enim</strong></span> <span class='ocrx_word' id='word_1_303' title='bbox 1732 4348 1901 4436; x_wconf 87' lang='lat' dir='ltr'><strong>ipsam</strong></span> 
     </span>
    </p>
   </div>
   <div class='ocr_carea' id='block_1_55' title="bbox 337 4440 1908 4528">
    <p class='ocr_par' dir='ltr' id='par_1_55' title="bbox 337 4440 1908 4528">
     <span class='ocr_line' id='line_1_55' title="bbox 337 4440 1908 4528; baseline 0.02 -41"><span class='ocrx_word' id='word_1_304' title='bbox 337 4440 642 4507; x_wconf 74' lang='lat' dir='ltr'><strong>acquirere,</strong></span> <span class='ocrx_word' id='word_1_305' title='bbox 679 4456 841 4512; x_wconf 90' lang='lat' dir='ltr'><strong>quam</strong></span> <span class='ocrx_word' id='word_1_306' title='bbox 890 4446 1007 4499; x_wconf 85' lang='lat' dir='ltr'><strong>auri</strong></span> <span class='ocrx_word' id='word_1_307' title='bbox 1050 4458 1104 4501; x_wconf 85' lang='lat' dir='ltr'><strong>et</strong></span> <span class='ocrx_word' id='word_1_308' title='bbox 1153 4452 1362 4519; x_wconf 76' lang='lat' dir='ltr'><strong>argenti</strong></span> <span class='ocrx_word' id='word_1_309' title='bbox 1411 4454 1731 4524; x_wconf 87' lang='lat' dir='ltr'><strong>thesauros;</strong></span> <span class='ocrx_word' id='word_1_310' title='bbox 1786 4477 1908 4528; x_wconf 87' lang='lat' dir='ltr'><strong>pre-</strong></span> 
     </span>
    </p>
   </div>
   <div class='ocr_carea' id='block_1_56' title="bbox 336 4530 1907 4615">
    <p class='ocr_par' dir='ltr' id='par_1_56' title="bbox 336 4530 1907 4615">
     <span class='ocr_line' id='line_1_56' title="bbox 336 4530 1907 4615; baseline 0.015 -32"><span class='ocrx_word' id='word_1_311' title='bbox 336 4530 528 4586; x_wconf 84' lang='lat' dir='ltr'><strong>tiosior</strong></span> <span class='ocrx_word' id='word_1_312' title='bbox 549 4540 633 4586; x_wconf 87' lang='lat' dir='ltr'><strong>est</strong></span> <span class='ocrx_word' id='word_1_313' title='bbox 689 4535 870 4603; x_wconf 80' lang='lat' dir='ltr'><strong>magni</strong></span> <span class='ocrx_word' id='word_1_314' title='bbox 918 4538 1074 4606; x_wconf 84' lang='lat' dir='ltr'><strong>pretii</strong></span> <span class='ocrx_word' id='word_1_315' title='bbox 1118 4542 1378 4609; x_wconf 82' lang='lat' dir='ltr'><strong>gemmis;</strong></span> <span class='ocrx_word' id='word_1_316' title='bbox 1417 4545 1571 4599; x_wconf 77' lang='lat' dir='ltr'><strong>facile</strong></span> <span class='ocrx_word' id='word_1_317' title='bbox 1596 4553 1907 4615; x_wconf 85' lang='lat' dir='ltr'><strong>agnoscitur</strong></span> 
     </span>
    </p>
   </div>
   <div class='ocr_carea' id='block_1_57' title="bbox 335 4622 1905 4709">
    <p class='ocr_par' dir='ltr' id='par_1_57' title="bbox 335 4622 1905 4709">
     <span class='ocr_line' id='line_1_57' title="bbox 335 4622 1905 4709; baseline 0.018 -38"><span class='ocrx_word' id='word_1_318' title='bbox 335 4622 589 4677; x_wconf 83' lang='lat' dir='ltr'><strong>omnibus</strong></span> <span class='ocrx_word' id='word_1_319' title='bbox 616 4622 943 4681; x_wconf 84' lang='lat' dir='ltr'><strong>adeuntibus</strong></span> <span class='ocrx_word' id='word_1_320' title='bbox 969 4642 1129 4694; x_wconf 86' lang='lat' dir='ltr'><strong>eam;</strong></span> <span class='ocrx_word' id='word_1_321' title='bbox 1166 4632 1300 4686; x_wconf 90' lang='lat' dir='ltr'><strong>nihil</strong></span> <span class='ocrx_word' id='word_1_322' title='bbox 1331 4647 1510 4689; x_wconf 88' lang='lat' dir='ltr'><strong>autem</strong></span> <span class='ocrx_word' id='word_1_323' title='bbox 1562 4649 1669 4692; x_wconf 87' lang='lat' dir='ltr'><strong>tam</strong></span> <span class='ocrx_word' id='word_1_324' title='bbox 1705 4644 1905 4709; x_wconf 85' lang='lat' dir='ltr'><strong>pretio-</strong></span> 
     </span>
    </p>
   </div>
   <div class='ocr_carea' id='block_1_58' title="bbox 338 4716 1906 4798">
    <p class='ocr_par' dir='ltr' id='par_1_58' title="bbox 338 4716 1906 4798">
     <span class='ocr_line' id='line_1_58' title="bbox 338 4716 1906 4798; baseline 0.013 -30"><span class='ocrx_word' id='word_1_325' title='bbox 338 4728 457 4768; x_wconf 84' lang='lat' dir='ltr'><strong>sum</strong></span> <span class='ocrx_word' id='word_1_326' title='bbox 497 4723 598 4779; x_wconf 89' lang='lat' dir='ltr'><strong>est,</strong></span> <span class='ocrx_word' id='word_1_327' title='bbox 631 4716 774 4784; x_wconf 90' lang='lat' dir='ltr'><strong>quod</strong></span> <span class='ocrx_word' id='word_1_328' title='bbox 829 4718 999 4789; x_wconf 88' lang='lat' dir='ltr'><strong>ipsius</strong></span> <span class='ocrx_word' id='word_1_329' title='bbox 1044 4724 1277 4792; x_wconf 85' lang='lat' dir='ltr'><strong>pretium</strong></span> <span class='ocrx_word' id='word_1_330' title='bbox 1310 4727 1584 4798; x_wconf 68' lang='lat' dir='ltr'><strong>adaequet.</strong></span> <span class='ocrx_word' id='word_1_331' title='bbox 1626 4729 1906 4789; x_wconf 88' lang='lat' dir='ltr'><strong>Diuturni-</strong></span> 
     </span>
    </p>
   </div>
   <div class='ocr_carea' id='block_1_59' title="bbox 335 4805 1910 4890">
    <p class='ocr_par' dir='ltr' id='par_1_59' title="bbox 335 4805 1910 4890">
     <span class='ocr_line' id='line_1_59' title="bbox 335 4805 1910 4890; baseline 0.017 -34"><span class='ocrx_word' id='word_1_332' title='bbox 335 4812 419 4858; x_wconf 88' lang='lat' dir='ltr'><strong>tas</strong></span> <span class='ocrx_word' id='word_1_333' title='bbox 445 4805 588 4859; x_wconf 90' lang='lat' dir='ltr'><strong>enim</strong></span> <span class='ocrx_word' id='word_1_334' title='bbox 625 4816 678 4861; x_wconf 90' lang='lat' dir='ltr'><strong>et</strong></span> <span class='ocrx_word' id='word_1_335' title='bbox 702 4808 827 4863; x_wconf 89' lang='lat' dir='ltr'><strong>anui</strong></span> <span class='ocrx_word' id='word_1_336' title='bbox 862 4812 982 4867; x_wconf 71' lang='lat' dir='ltr'><strong>vitae</strong></span> <span class='ocrx_word' id='word_1_337' title='bbox 1017 4815 1072 4868; x_wconf 88' lang='lat' dir='ltr'><strong>in</strong></span> <span class='ocrx_word' id='word_1_338' title='bbox 1099 4815 1322 4872; x_wconf 76' lang='lat' dir='ltr'><strong>dextera</strong></span> <span class='ocrx_word' id='word_1_339' title='bbox 1356 4819 1512 4890; x_wconf 83' lang='lat' dir='ltr'><strong>ejus;</strong></span> <span class='ocrx_word' id='word_1_340' title='bbox 1559 4821 1613 4875; x_wconf 89' lang='lat' dir='ltr'><strong>in</strong></span> <span class='ocrx_word' id='word_1_341' title='bbox 1644 4822 1771 4879; x_wconf 68' lang='lat' dir='ltr'><strong>laeva</strong></span> <span class='ocrx_word' id='word_1_342' title='bbox 1808 4842 1910 4881; x_wconf 84' lang='lat' dir='ltr'><strong>au-</strong></span> 
     </span>
    </p>
   </div>
   <div class='ocr_carea' id='block_1_60' title="bbox 337 4902 1905 4989">
    <p class='ocr_par' dir='ltr' id='par_1_60' title="bbox 337 4902 1905 4989">
     <span class='ocr_line' id='line_1_60' title="bbox 337 4902 1905 4989; baseline 0.02 -45"><span class='ocrx_word' id='word_1_343' title='bbox 337 4902 467 4960; x_wconf 90' lang='lat' dir='ltr'><strong>tem,</strong></span> <span class='ocrx_word' id='word_1_344' title='bbox 496 4911 626 4957; x_wconf 86' lang='lat' dir='ltr'><strong>opes</strong></span> <span class='ocrx_word' id='word_1_345' title='bbox 649 4908 704 4954; x_wconf 93' lang='lat' dir='ltr'><strong>et</strong></span> <span class='ocrx_word' id='word_1_346' title='bbox 732 4902 925 4968; x_wconf 83' lang='lat' dir='ltr'><strong>gloria.</strong></span> <span class='ocrx_word' id='word_1_347' title='bbox 973 4906 1048 4960; x_wconf 81' lang='lat' dir='ltr'><strong>Ex</strong></span> <span class='ocrx_word' id='word_1_348' title='bbox 1083 4923 1179 4963; x_wconf 89' lang='lat' dir='ltr'><strong>ore</strong></span> <span class='ocrx_word' id='word_1_349' title='bbox 1204 4910 1322 4979; x_wconf 89' lang='lat' dir='ltr'><strong>ejus</strong></span> <span class='ocrx_word' id='word_1_350' title='bbox 1358 4911 1570 4981; x_wconf 82' lang='lat' dir='ltr'><strong>justitia</strong></span> <span class='ocrx_word' id='word_1_351' title='bbox 1623 4920 1905 4989; x_wconf 81' lang='lat' dir='ltr'><strong>progredi-</strong></span> 
     </span>
    </p>
   </div>
   <div class='ocr_carea' id='block_1_61' title="bbox 337 4986 2094 5077">
    <p class='ocr_par' dir='ltr' id='par_1_61' title="bbox 337 4986 2094 5077">
     <span class='ocr_line' id='line_1_61' title="bbox 337 4986 2094 5077; baseline 0.023 -41"><span class='ocrx_word' id='word_1_352' title='bbox 337 4986 654 5057; x_wconf 67' lang='lat' dir='ltr'><strong>tur;legem</strong></span> <span class='ocrx_word' id='word_1_353' title='bbox 707 5005 762 5047; x_wconf 87' lang='lat' dir='ltr'><strong>et</strong></span> <span class='ocrx_word' id='word_1_354' title='bbox 813 4996 1239 5055; x_wconf 83' lang='lat' dir='ltr'><strong>miscricordiam</strong></span> <span class='ocrx_word' id='word_1_355' title='bbox 1274 5004 1328 5057; x_wconf 91' lang='lat' dir='ltr'><strong>in</strong></span> <span class='ocrx_word' id='word_1_356' title='bbox 1370 5005 1554 5077; x_wconf 76' lang='lat' dir='ltr'><strong>lingua</strong></span> <span class='ocrx_word' id='word_1_357' title='bbox 1609 5008 1732 5064; x_wconf 82' lang='lat' dir='ltr'><strong>fert.</strong></span> <span class='ocrx_word' id='word_1_358' title='bbox 1794 5011 1905 5069; x_wconf 77' lang='lat' dir='ltr'><strong>Vi&#39;e</strong></span> <span class='ocrx_word' id='word_1_359' title='bbox 2001 5024 2094 5076; x_wconf 71' lang='grc' dir='ltr'>καὶ</span> 
     </span>
    </p>
   </div>
   <div class='ocr_carea' id='block_1_62' title="bbox 335 5075 2110 5180">
    <p class='ocr_par' dir='ltr' id='par_1_62' title="bbox 335 5075 2110 5180">
     <span class='ocr_line' id='line_1_62' title="bbox 335 5075 2110 5180; baseline 0.023 -52"><span class='ocrx_word' id='word_1_360' title='bbox 335 5075 454 5140; x_wconf 81' lang='lat' dir='ltr'><strong>ejus</strong></span> <span class='ocrx_word' id='word_1_361' title='bbox 482 5077 583 5132; x_wconf 82' lang='lat' dir='ltr'><strong>viae</strong></span> <span class='ocrx_word' id='word_1_362' title='bbox 613 5092 741 5136; x_wconf 88' lang='lat' dir='ltr'><strong>sunt</strong></span> <span class='ocrx_word' id='word_1_363' title='bbox 794 5086 1036 5153; x_wconf 86' lang='lat' dir='ltr'><strong>pulchrae</strong></span> <span class='ocrx_word' id='word_1_364' title='bbox 1057 5130 1072 5155; x_wconf 93' lang='lat'><strong>,</strong></span> <span class='ocrx_word' id='word_1_365' title='bbox 1106 5099 1162 5146; x_wconf 89' lang='lat' dir='ltr'><strong>et</strong></span> <span class='ocrx_word' id='word_1_366' title='bbox 1187 5106 1377 5151; x_wconf 86' lang='lat' dir='ltr'><strong>omnes</strong></span> <span class='ocrx_word' id='word_1_367' title='bbox 1406 5100 1615 5155; x_wconf 75' lang='lat' dir='ltr'><strong>semita:</strong></span> <span class='ocrx_word' id='word_1_368' title='bbox 1647 5102 1819 5171; x_wconf 87' lang='lat' dir='ltr'><strong>ipsius</strong></span> <span class='ocrx_word' id='word_1_369' title='bbox 1846 5105 1898 5159; x_wconf 91' lang='lat' dir='ltr'><strong>in</strong></span> <span class='ocrx_word' id='word_1_370' title='bbox 1997 5113 2110 5180; x_wconf 80' lang='grc' dir='ltr'>λαὶ,</span> 
     </span>
    </p>
   </div>
   <div class='ocr_carea' id='block_1_63' title="bbox 337 5180 486 5233">
    <p class='ocr_par' dir='ltr' id='par_1_63' title="bbox 337 5180 486 5233">
     <span class='ocr_line' id='line_1_63' title="bbox 337 5180 486 5233; baseline 0.02 -15"><span class='ocrx_word' id='word_1_371' title='bbox 337 5180 486 5233; x_wconf 84' lang='lat' dir='ltr'><strong>pace.</strong></span> 
     </span>
    </p>
   </div>
   <div class='ocr_carea' id='block_1_64' title="bbox 410 5254 1753 5351">
    <p class='ocr_par' dir='ltr' id='par_1_64' title="bbox 410 5254 1753 5351">
     <span class='ocr_line' id='line_1_64' title="bbox 410 5254 1753 5351; baseline 0.024 -45"><span class='ocrx_word' id='word_1_372' title='bbox 410 5254 569 5311; x_wconf 82' lang='lat' dir='ltr'><strong>Prov.</strong></span> <span class='ocrx_word' id='word_1_373' title='bbox 612 5274 700 5315; x_wconf 81' lang='lat' dir='ltr'><strong>xv.</strong></span> <span class='ocrx_word' id='word_1_374' title='bbox 726 5260 823 5317; x_wconf 82' lang='lat' dir='ltr'><strong>V‘ir</strong></span> <span class='ocrx_word' id='word_1_375' title='bbox 872 5270 1112 5335; x_wconf 88' lang='lat' dir='ltr'><strong>prudens</strong></span> <span class='ocrx_word' id='word_1_376' title='bbox 1168 5273 1404 5333; x_wconf 88' lang='lat' dir='ltr'><strong>directus</strong></span> <span class='ocrx_word' id='word_1_377' title='bbox 1436 5279 1753 5351; x_wconf 83' lang='lat' dir='ltr'><strong>ingreditur.</strong></span> 
     </span>
    </p>
   </div>
   <div class='ocr_carea' id='block_1_65' title="bbox 405 5345 1890 5433">
    <p class='ocr_par' dir='ltr' id='par_1_65' title="bbox 405 5345 1890 5433">
     <span class='ocr_line' id='line_1_65' title="bbox 405 5345 1890 5433; baseline 0.023 -33"><span class='ocrx_word' id='word_1_378' title='bbox 405 5345 568 5402; x_wconf 78' lang='lat' dir='ltr'><strong>Prov.</strong></span> <span class='ocrx_word' id='word_1_379' title='bbox 597 5366 672 5406; x_wconf 85' lang='lat' dir='ltr'><strong>tv.</strong></span> <span class='ocrx_word' id='word_1_380' title='bbox 702 5356 934 5423; x_wconf 85' lang='lat' dir='ltr'><strong>Acquire</strong></span> <span class='ocrx_word' id='word_1_381' title='bbox 968 5361 1316 5430; x_wconf 88' lang='lat' dir='ltr'><strong>sapientiam,</strong></span> <span class='ocrx_word' id='word_1_382' title='bbox 1345 5377 1398 5423; x_wconf 86' lang='lat' dir='ltr'><strong>et</strong></span> <span class='ocrx_word' id='word_1_383' title='bbox 1430 5345 1763 5429; x_wconf 61' lang='lat' dir='ltr'><strong>intellectum</strong></span> <span class='ocrx_word' id='word_1_384' title='bbox 1791 5375 1890 5433; x_wconf 87' lang='lat' dir='ltr'><strong>tibi</strong></span> 
     </span>
    </p>
   </div>
   <div class='ocr_carea' id='block_1_66' title="bbox 331 5445 1338 5522">
    <p class='ocr_par' dir='ltr' id='par_1_66' title="bbox 331 5445 1338 5522">
     <span class='ocr_line' id='line_1_66' title="bbox 331 5445 1338 5522; baseline 0.024 -32"><span class='ocrx_word' id='word_1_385' title='bbox 331 5452 618 5510; x_wconf 83' lang='lat' dir='ltr'><strong>compara;</strong></span> <span class='ocrx_word' id='word_1_386' title='bbox 656 5459 724 5498; x_wconf 86' lang='lat' dir='ltr'><strong>ne</strong></span> <span class='ocrx_word' id='word_1_387' title='bbox 756 5445 1095 5508; x_wconf 81' lang='lat' dir='ltr'><strong>obliviscaris</strong></span> <span class='ocrx_word' id='word_1_388' title='bbox 1118 5495 1134 5522; x_wconf 89' lang='lat'><strong>,</strong></span> <span class='ocrx_word' id='word_1_389' title='bbox 1172 5465 1230 5511; x_wconf 90' lang='lat' dir='ltr'><strong>ut</strong></span> <span class='ocrx_word' id='word_1_390' title='bbox 1280 5473 1338 5513; x_wconf 89' lang='lat' dir='ltr'><strong>ca</strong></span> 
     </span>
    </p>
   </div>
   <div class='ocr_carea' id='block_1_67' title="bbox 331 5528 762 5601">
    <p class='ocr_par' dir='ltr' id='par_1_67' title="bbox 331 5528 762 5601">
     <span class='ocr_line' id='line_1_67' title="bbox 331 5528 762 5601; baseline 0.016 -17"><span class='ocrx_word' id='word_1_391' title='bbox 331 5528 420 5585; x_wconf 90' lang='lat' dir='ltr'><strong>det</strong></span> <span class='ocrx_word' id='word_1_392' title='bbox 446 5533 762 5601; x_wconf 79' lang='lat' dir='ltr'><strong>gratiarum.</strong></span> 
     </span>
    </p>
   </div>
   <div class='ocr_carea' id='block_1_68' title="bbox 403 5734 949 5804">
    <p class='ocr_par' dir='ltr' id='par_1_68' title="bbox 403 5734 949 5804">
     <span class='ocr_line' id='line_1_68' title="bbox 403 5734 949 5804; baseline 0.026 -18"><span class='ocrx_word' id='word_1_393' title='bbox 403 5734 477 5804; x_wconf 86' lang='lat' dir='ltr'><strong>(l)</strong></span> <span class='ocrx_word' id='word_1_394' title='bbox 516 5737 698 5796; x_wconf 77' lang='lat' dir='ltr'><strong>Graeca</strong></span> <span class='ocrx_word' id='word_1_395' title='bbox 734 5743 949 5802; x_wconf 86' lang='lat' dir='ltr'><strong>desunt.</strong></span> 
     </span>
    </p>
   </div>
   <div class='ocr_carea' id='block_1_69' title="bbox 2041 1743 2786 1817">
    <p class='ocr_par' dir='ltr' id='par_1_69' title="bbox 2041 1743 2786 1817">
     <span class='ocr_line' id='line_1_69' title="bbox 2041 1743 2786 1817; baseline 0.011 -21"><span class='ocrx_word' id='word_1_396' title='bbox 2041 1743 2108 1797; x_wconf 80' lang='grc' dir='ltr'>τὰ</span> <span class='ocrx_word' id='word_1_397' title='bbox 2143 1743 2334 1798; x_wconf 80' lang='grc' dir='ltr'><strong>δέοντα</strong></span> <span class='ocrx_word' id='word_1_398' title='bbox 2360 1744 2786 1817; x_wconf 78' lang='grc' dir='ltr'>προθυμεῖσθαι.</span> 
     </span>
    </p>
   </div>
   <div class='ocr_carea' id='block_1_70' title="bbox 2109 1835 3586 1918">
    <p class='ocr_par' dir='ltr' id='par_1_70' title="bbox 2109 1835 3586 1918">
     <span class='ocr_line' id='line_1_70' title="bbox 2109 1835 3586 1918; baseline 0.008 -30"><span class='ocrx_word' id='word_1_399' title='bbox 2109 1835 2174 1888; x_wconf 84' lang='lat' dir='ltr'><strong>Ol</strong></span> <span class='ocrx_word' id='word_1_400' title='bbox 2226 1837 2444 1905; x_wconf 78' lang='grc' dir='ltr'>ἀγαθοὶ,</span> <span class='ocrx_word' id='word_1_401' title='bbox 2480 1838 2556 1910; x_wconf 80' lang='grc' dir='ltr'><strong>μὴ</strong></span> <span class='ocrx_word' id='word_1_402' title='bbox 2620 1839 2681 1893; x_wconf 83' lang='grc' dir='ltr'>τὸ</span> <span class='ocrx_word' id='word_1_403' title='bbox 2735 1841 3011 1913; x_wconf 81' lang='grc' dir='ltr'>προσῆκον</span> <span class='ocrx_word' id='word_1_404' title='bbox 3058 1842 3359 1909; x_wconf 80' lang='grc' dir='ltr'>ποιοῦντες.</span> <span class='ocrx_word' id='word_1_405' title='bbox 3428 1849 3586 1918; x_wconf 82' lang='grc' dir='ltr'>παρὰ-</span> 
     </span>
    </p>
   </div>
   <div class='ocr_carea' id='block_1_71' title="bbox 2038 1927 3581 2011">
    <p class='ocr_par' dir='ltr' id='par_1_71' title="bbox 2038 1927 3581 2011">
     <span class='ocr_line' id='line_1_71' title="bbox 2038 1927 3581 2011; baseline 0.009 -30"><span class='ocrx_word' id='word_1_406' title='bbox 2038 1927 2240 1997; x_wconf 82' lang='grc' dir='ltr'>δειγμα</span> <span class='ocrx_word' id='word_1_407' title='bbox 2290 1933 2606 2001; x_wconf 76' lang='grc' dir='ltr'><strong>πρόκεινται</strong></span> <span class='ocrx_word' id='word_1_408' title='bbox 2660 1936 2776 1999; x_wconf 78' lang='grc' dir='ltr'>τοῖς</span> <span class='ocrx_word' id='word_1_409' title='bbox 2827 1935 3174 2011; x_wconf 76' lang='grc' dir='ltr'><strong>πλημμελεῖν</strong></span> <span class='ocrx_word' id='word_1_410' title='bbox 3229 1938 3581 2010; x_wconf 74' lang='grc' dir='ltr'><strong>βουλομένας.</strong></span> 
     </span>
    </p>
   </div>
   <div class='ocr_carea' id='block_1_72' title="bbox 2121 2019 3583 2104">
    <p class='ocr_par' dir='ltr' id='par_1_72' title="bbox 2121 2019 3583 2104">
     <span class='ocr_line' id='line_1_72' title="bbox 2121 2019 3583 2104; baseline 0.009 -31"><span class='ocrx_word' id='word_1_411' title='bbox 2121 2019 2340 2090; x_wconf 80' lang='grc' dir='ltr'>Ἀνδρὸς</span> <span class='ocrx_word' id='word_1_412' title='bbox 2378 2023 2579 2094; x_wconf 77' lang='grc' dir='ltr'>ἀρετὴν</span> <span class='ocrx_word' id='word_1_413' title='bbox 2608 2024 2711 2079; x_wconf 79' lang='grc' dir='ltr'><strong>οὐκ</strong></span> <span class='ocrx_word' id='word_1_414' title='bbox 2741 2026 3042 2097; x_wconf 73' lang='grc' dir='ltr'><strong>ἀρχόμεναι</strong></span> <span class='ocrx_word' id='word_1_415' title='bbox 3075 2029 3333 2102; x_wconf 77' lang='grc' dir='ltr'><strong>δηλοῦσιν</strong></span> <span class='ocrx_word' id='word_1_416' title='bbox 3366 2031 3427 2085; x_wconf 76' lang='lat' dir='ltr'><strong>at</strong></span> <span class='ocrx_word' id='word_1_417' title='bbox 3460 2031 3583 2104; x_wconf 75' lang='grc' dir='ltr'>πρά-</span> 
     </span>
    </p>
   </div>
   <div class='ocr_carea' id='block_1_73' title="bbox 2038 2111 3040 2189">
    <p class='ocr_par' dir='ltr' id='par_1_73' title="bbox 2038 2111 3040 2189">
     <span class='ocr_line' id='line_1_73' title="bbox 2038 2111 3040 2189; baseline 0.012 -26"><span class='ocrx_word' id='word_1_418' title='bbox 2038 2111 2173 2177; x_wconf 79' lang='grc' dir='ltr'>ξεις,</span> <span class='ocrx_word' id='word_1_419' title='bbox 2205 2112 2344 2169; x_wconf 74' lang='grc' dir='ltr'>ἀλλὰ</span> <span class='ocrx_word' id='word_1_420' title='bbox 2370 2116 2701 2171; x_wconf 70' lang='grc' dir='ltr'>τελευτῶσαι</span> <span class='ocrx_word' id='word_1_421' title='bbox 2721 2118 3040 2189; x_wconf 80' lang='grc' dir='ltr'><strong>μηνύουσιν.</strong></span> 
     </span>
    </p>
   </div>
   <div class='ocr_carea' id='block_1_74' title="bbox 2105 2203 3586 2291">
    <p class='ocr_par' dir='ltr' id='par_1_74' title="bbox 2105 2203 3586 2291">
     <span class='ocr_line' id='line_1_74' title="bbox 2105 2203 3586 2291; baseline 0.014 -35"><span class='ocrx_word' id='word_1_422' title='bbox 2105 2203 2385 2273; x_wconf 81' lang='grc' dir='ltr'>Μέγιστον</span> <span class='ocrx_word' id='word_1_423' title='bbox 2426 2207 2634 2278; x_wconf 76' lang='grc' dir='ltr'>ἀγαθὸν</span> <span class='ocrx_word' id='word_1_424' title='bbox 2666 2212 2857 2283; x_wconf 82' lang='grc' dir='ltr'>κτῆμά</span> <span class='ocrx_word' id='word_1_425' title='bbox 2903 2215 3053 2270; x_wconf 70' lang='grc' dir='ltr'>ἐστιν</span> <span class='ocrx_word' id='word_1_426' title='bbox 3082 2215 3315 2273; x_wconf 75' lang='grc' dir='ltr'><strong>ἑκάστου</strong></span> <span class='ocrx_word' id='word_1_427' title='bbox 3339 2220 3376 2291; x_wconf 72' lang='grc' dir='ltr'><strong>ἡ</strong></span> <span class='ocrx_word' id='word_1_428' title='bbox 3427 2219 3586 2277; x_wconf 71' lang='grc' dir='ltr'>οἰκεία</span> 
     </span>
    </p>
   </div>
   <div class='ocr_carea' id='block_1_75' title="bbox 2033 2292 2226 2364">
    <p class='ocr_par' dir='ltr' id='par_1_75' title="bbox 2033 2292 2226 2364">
     <span class='ocr_line' id='line_1_75' title="bbox 2033 2292 2226 2364; baseline 0.021 -17"><span class='ocrx_word' id='word_1_429' title='bbox 2033 2292 2226 2364; x_wconf 76' lang='grc' dir='ltr'>ἀρετή.</span> 
     </span>
    </p>
   </div>
   <div class='ocr_carea' id='block_1_76' title="bbox 2105 2386 3582 2478">
    <p class='ocr_par' dir='ltr' id='par_1_76' title="bbox 2105 2386 3582 2478">
     <span class='ocr_line' id='line_1_76' title="bbox 2105 2386 3582 2478; baseline 0.016 -39"><span class='ocrx_word' id='word_1_430' title='bbox 2105 2386 2243 2441; x_wconf 75' lang='grc' dir='ltr'>Οὔτε</span> <span class='ocrx_word' id='word_1_431' title='bbox 2272 2391 2577 2461; x_wconf 84' lang='grc' dir='ltr'>συμπόσιον</span> <span class='ocrx_word' id='word_1_432' title='bbox 2599 2394 2731 2450; x_wconf 76' lang='grc' dir='ltr'>ἄνευ</span> <span class='ocrx_word' id='word_1_433' title='bbox 2767 2396 3044 2468; x_wconf 79' lang='grc' dir='ltr'>ὁμονοίας,</span> <span class='ocrx_word' id='word_1_434' title='bbox 3090 2400 3214 2456; x_wconf 76' lang='grc' dir='ltr'>οὔτε</span> <span class='ocrx_word' id='word_1_435' title='bbox 3237 2403 3465 2469; x_wconf 79' lang='grc' dir='ltr'>πλοῦτος</span> <span class='ocrx_word' id='word_1_436' title='bbox 3489 2423 3582 2478; x_wconf 71' lang='lat' dir='ltr'><strong>xu-</strong></span> 
     </span>
    </p>
   </div>
   <div class='ocr_carea' id='block_1_77' title="bbox 2036 2480 2746 2560">
    <p class='ocr_par' dir='ltr' id='par_1_77' title="bbox 2036 2480 2746 2560">
     <span class='ocr_line' id='line_1_77' title="bbox 2036 2480 2746 2560; baseline 0.02 -28"><span class='ocrx_word' id='word_1_437' title='bbox 2036 2480 2121 2550; x_wconf 64' lang='grc' dir='ltr'><strong>ρὶς</strong></span> <span class='ocrx_word' id='word_1_438' title='bbox 2155 2483 2356 2555; x_wconf 84' lang='grc' dir='ltr'>ἀρετῆς</span> <span class='ocrx_word' id='word_1_439' title='bbox 2387 2485 2581 2559; x_wconf 76' lang='grc' dir='ltr'>ἡδονὴν</span> <span class='ocrx_word' id='word_1_440' title='bbox 2609 2490 2746 2560; x_wconf 76' lang='grc' dir='ltr'><strong>ἔχει.</strong></span> 
     </span>
    </p>
   </div>
   <div class='ocr_carea' id='block_1_78' title="bbox 2101 2574 3575 2662">
    <p class='ocr_par' dir='ltr' id='par_1_78' title="bbox 2101 2574 3575 2662">
     <span class='ocr_line' id='line_1_78' title="bbox 2101 2574 3575 2662; baseline 0.011 -34"><span class='ocrx_word' id='word_1_441' title='bbox 2101 2574 2286 2646; x_wconf 85' lang='grc' dir='ltr'>Δῶρον</span> <span class='ocrx_word' id='word_1_442' title='bbox 2314 2578 2441 2633; x_wconf 79' lang='grc' dir='ltr'>ἄλλο</span> <span class='ocrx_word' id='word_1_443' title='bbox 2493 2581 2683 2653; x_wconf 74' lang='grc' dir='ltr'><strong>μεῖζον</strong></span> <span class='ocrx_word' id='word_1_444' title='bbox 2727 2585 2931 2659; x_wconf 75' lang='grc' dir='ltr'><strong>ἀρετῆς</strong></span> <span class='ocrx_word' id='word_1_445' title='bbox 2958 2588 3059 2643; x_wconf 84' lang='grc' dir='ltr'>οὐκ</span> <span class='ocrx_word' id='word_1_446' title='bbox 3087 2587 3205 2644; x_wconf 70' lang='grc' dir='ltr'>ἔστι</span> <span class='ocrx_word' id='word_1_447' title='bbox 3270 2592 3421 2662; x_wconf 55' lang='lat' dir='ltr'><strong>«api</strong></span> <span class='ocrx_word' id='word_1_448' title='bbox 3452 2591 3575 2647; x_wconf 73' lang='grc' dir='ltr'><strong>Θεοῦ</strong></span> 
     </span>
    </p>
   </div>
   <div class='ocr_carea' id='block_1_79' title="bbox 2030 2667 2243 2723">
    <p class='ocr_par' dir='ltr' id='par_1_79' title="bbox 2030 2667 2243 2723">
     <span class='ocr_line' id='line_1_79' title="bbox 2030 2667 2243 2723; baseline 0.009 -2"><span class='ocrx_word' id='word_1_449' title='bbox 2030 2667 2243 2723; x_wconf 73' lang='grc' dir='ltr'>λαὸεἰν.</span> 
     </span>
    </p>
   </div>
   <div class='ocr_carea' id='block_1_80' title="bbox 2100 2761 3353 2842">
    <p class='ocr_par' dir='ltr' id='par_1_80' title="bbox 2100 2761 3353 2842">
     <span class='ocr_line' id='line_1_80' title="bbox 2100 2761 3353 2842; baseline 0.011 -26"><span class='ocrx_word' id='word_1_450' title='bbox 2100 2761 2219 2816; x_wconf 76' lang='grc' dir='ltr'>Μία</span> <span class='ocrx_word' id='word_1_451' title='bbox 2257 2763 2408 2819; x_wconf 67' lang='grc' dir='ltr'>ἐστὶν</span> <span class='ocrx_word' id='word_1_452' title='bbox 2440 2764 2633 2838; x_wconf 79' lang='grc' dir='ltr'>ἁρετὴ,</span> <span class='ocrx_word' id='word_1_453' title='bbox 2668 2768 2730 2822; x_wconf 78' lang='grc' dir='ltr'><strong>τὸ</strong></span> <span class='ocrx_word' id='word_1_454' title='bbox 2755 2769 2956 2825; x_wconf 80' lang='grc' dir='ltr'>ἄτοπον</span> <span class='ocrx_word' id='word_1_455' title='bbox 2985 2772 3211 2842; x_wconf 73' lang='grc' dir='ltr'>φεύγειν</span> <span class='ocrx_word' id='word_1_456' title='bbox 3243 2776 3353 2831; x_wconf 81' lang='grc' dir='ltr'>ἀεί.</span> 
     </span>
    </p>
   </div>
   <div class='ocr_carea' id='block_1_81' title="bbox 2099 2854 3582 2940">
    <p class='ocr_par' dir='ltr' id='par_1_81' title="bbox 2099 2854 3582 2940">
     <span class='ocr_line' id='line_1_81' title="bbox 2099 2854 3582 2940; baseline 0.014 -34"><span class='ocrx_word' id='word_1_457' title='bbox 2099 2854 2367 2925; x_wconf 79' lang='grc' dir='ltr'><strong>Τιμήσεις</strong></span> <span class='ocrx_word' id='word_1_458' title='bbox 2393 2857 2486 2911; x_wconf 75' lang='grc' dir='ltr'><strong>τὸν</strong></span> <span class='ocrx_word' id='word_1_459' title='bbox 2515 2859 2648 2913; x_wconf 81' lang='grc' dir='ltr'><strong>Θεὸν</strong></span> <span class='ocrx_word' id='word_1_460' title='bbox 2668 2862 2887 2932; x_wconf 71' lang='grc' dir='ltr'>ἄριστα,</span> <span class='ocrx_word' id='word_1_461' title='bbox 2922 2863 3049 2918; x_wconf 84' lang='grc' dir='ltr'>ὅταν</span> <span class='ocrx_word' id='word_1_462' title='bbox 3076 2866 3153 2936; x_wconf 81' lang='grc' dir='ltr'><strong>τῷ</strong></span> <span class='ocrx_word' id='word_1_463' title='bbox 3197 2868 3318 2940; x_wconf 84' lang='grc' dir='ltr'><strong>Θεῷ</strong></span> <span class='ocrx_word' id='word_1_464' title='bbox 3347 2869 3441 2939; x_wconf 77' lang='grc' dir='ltr'>τὴν</span> <span class='ocrx_word' id='word_1_465' title='bbox 3477 2871 3582 2929; x_wconf 80' lang='grc' dir='ltr'>διά·</span> 
     </span>
    </p>
   </div>
   <div class='ocr_carea' id='block_1_82' title="bbox 2658 2953 3576 3036">
    <p class='ocr_par' dir='ltr' id='par_1_82' title="bbox 2658 2953 3576 3036">
     <span class='ocr_line' id='line_1_82' title="bbox 2658 2953 3576 3036; baseline 0.012 -29"><span class='ocrx_word' id='word_1_466' title='bbox 2658 2953 2881 3027; x_wconf 75' lang='grc' dir='ltr'>ἀρετῆς.</span> <span class='ocrx_word' id='word_1_467' title='bbox 2913 2957 3065 3030; x_wconf 74' lang='grc' dir='ltr'>Μόνη</span> <span class='ocrx_word' id='word_1_468' title='bbox 3117 2960 3228 3032; x_wconf 77' lang='grc' dir='ltr'>γὰρ</span> <span class='ocrx_word' id='word_1_469' title='bbox 3289 2963 3457 3036; x_wconf 81' lang='grc' dir='ltr'>ἀρετὴ</span> <span class='ocrx_word' id='word_1_470' title='bbox 3489 2965 3576 3035; x_wconf 71' lang='grc' dir='ltr'>τὴν</span> 
     </span>
    </p>
   </div>
   <div class='ocr_carea' id='block_1_83' title="bbox 2023 3037 2972 3118">
    <p class='ocr_par' dir='ltr' id='par_1_83' title="bbox 2023 3037 2972 3118">
     <span class='ocr_line' id='line_1_83' title="bbox 2023 3037 2972 3118; baseline 0.016 -29"><span class='ocrx_word' id='word_1_471' title='bbox 2023 3037 2203 3110; x_wconf 77' lang='grc' dir='ltr'>ψυχὴν</span> <span class='ocrx_word' id='word_1_472' title='bbox 2240 3040 2389 3097; x_wconf 75' lang='grc' dir='ltr'>ἕλκει</span> <span class='ocrx_word' id='word_1_473' title='bbox 2426 3044 2563 3114; x_wconf 81' lang='grc' dir='ltr'>πρὸς</span> <span class='ocrx_word' id='word_1_474' title='bbox 2591 3046 2653 3099; x_wconf 81' lang='grc' dir='ltr'>τὸ</span> <span class='ocrx_word' id='word_1_475' title='bbox 2682 3053 2972 3118; x_wconf 79' lang='grc' dir='ltr'>συγγενές.</span> 
     </span>
    </p>
   </div>
   <div class='ocr_carea' id='block_1_84' title="bbox 2091 3219 3575 3305">
    <p class='ocr_par' dir='ltr' id='par_1_84' title="bbox 2091 3219 3575 3305">
     <span class='ocr_line' id='line_1_84' title="bbox 2091 3219 3575 3305; baseline 0.011 -32"><span class='ocrx_word' id='word_1_476' title='bbox 2091 3219 2395 3293; x_wconf 79' lang='grc' dir='ltr'>Βουλοίμην</span> <span class='ocrx_word' id='word_1_477' title='bbox 2417 3222 2462 3276; x_wconf 86' lang='grc' dir='ltr'>δ’</span> <span class='ocrx_word' id='word_1_478' title='bbox 2493 3224 2560 3278; x_wconf 78' lang='grc' dir='ltr'><strong>ἂν</strong></span> <span class='ocrx_word' id='word_1_479' title='bbox 2590 3226 2719 3296; x_wconf 82' lang='grc' dir='ltr'>περὶ</span> <span class='ocrx_word' id='word_1_480' title='bbox 2743 3225 2944 3297; x_wconf 72' lang='grc' dir='ltr'><strong>ἀρετῆς</strong></span> <span class='ocrx_word' id='word_1_481' title='bbox 2988 3231 3411 3302; x_wconf 83' lang='grc' dir='ltr'>μαρτυρηθῆναι</span> <span class='ocrx_word' id='word_1_482' title='bbox 3452 3235 3575 3305; x_wconf 76' lang='grc' dir='ltr'><strong>μᾶλ-</strong></span> 
     </span>
    </p>
   </div>
   <div class='ocr_carea' id='block_1_85' title="bbox 2020 3311 3575 3399">
    <p class='ocr_par' dir='ltr' id='par_1_85' title="bbox 2020 3311 3575 3399">
     <span class='ocr_line' id='line_1_85' title="bbox 2020 3311 3575 3399; baseline 0.012 -35"><span class='ocrx_word' id='word_1_483' title='bbox 2020 3311 2112 3366; x_wconf 89' lang='grc' dir='ltr'>λον</span> <span class='ocrx_word' id='word_1_484' title='bbox 2144 3312 2177 3383; x_wconf 76' lang='grc' dir='ltr'><strong>ἢ</strong></span> <span class='ocrx_word' id='word_1_485' title='bbox 2211 3315 2339 3386; x_wconf 78' lang='grc' dir='ltr'>περὶ</span> <span class='ocrx_word' id='word_1_486' title='bbox 2371 3315 2606 3370; x_wconf 84' lang='grc' dir='ltr'>πλούτου</span> <span class='ocrx_word' id='word_1_487' title='bbox 2634 3318 2940 3389; x_wconf 75' lang='grc' dir='ltr'>δαψιλείας.</span> <span class='ocrx_word' id='word_1_488' title='bbox 2998 3321 3073 3377; x_wconf 81' lang='grc' dir='ltr'><strong>Τὸ</strong></span> <span class='ocrx_word' id='word_1_489' title='bbox 3116 3323 3220 3394; x_wconf 80' lang='grc' dir='ltr'><strong>μὲν</strong></span> <span class='ocrx_word' id='word_1_490' title='bbox 3252 3326 3361 3396; x_wconf 76' lang='grc' dir='ltr'><strong>γὰρ</strong></span> <span class='ocrx_word' id='word_1_491' title='bbox 3406 3327 3575 3399; x_wconf 75' lang='grc' dir='ltr'>ψυχῆς</span> 
     </span>
    </p>
   </div>
   <div class='ocr_carea' id='block_1_86' title="bbox 2022 3401 3577 3490">
    <p class='ocr_par' dir='ltr' id='par_1_86' title="bbox 2022 3401 3577 3490">
     <span class='ocr_line' id='line_1_86' title="bbox 2022 3401 3577 3490; baseline 0.013 -35"><span class='ocrx_word' id='word_1_492' title='bbox 2022 3401 2259 3474; x_wconf 81' lang='grc' dir='ltr'>ἀγαθῆς,</span> <span class='ocrx_word' id='word_1_493' title='bbox 2287 3405 2350 3460; x_wconf 83' lang='grc' dir='ltr'>τὸ</span> <span class='ocrx_word' id='word_1_494' title='bbox 2368 3405 2427 3461; x_wconf 82' lang='grc' dir='ltr'>δὲ</span> <span class='ocrx_word' id='word_1_495' title='bbox 2458 3405 2629 3480; x_wconf 80' lang='grc' dir='ltr'><strong>τύχης</strong></span> <span class='ocrx_word' id='word_1_496' title='bbox 2672 3413 3170 3486; x_wconf 78' lang='grc' dir='ltr'>περιουσιαζούσης</span> <span class='ocrx_word' id='word_1_497' title='bbox 3205 3417 3475 3490; x_wconf 78' lang='grc' dir='ltr'>ἐγκώμιον</span> <span class='ocrx_word' id='word_1_498' title='bbox 3498 3420 3577 3474; x_wconf 73' lang='grc' dir='ltr'>δύο</span> 
     </span>
    </p>
   </div>
   <div class='ocr_carea' id='block_1_87' title="bbox 2018 3492 2120 3562">
    <p class='ocr_par' dir='ltr' id='par_1_87' title="bbox 2018 3492 2120 3562">
     <span class='ocr_line' id='line_1_87' title="bbox 2018 3492 2120 3562; baseline 0.01 -12"><span class='ocrx_word' id='word_1_499' title='bbox 2018 3492 2120 3562; x_wconf 78' lang='grc' dir='ltr'>εει.</span> 
     </span>
    </p>
   </div>
   <div class='ocr_carea' id='block_1_88' title="bbox 2633 3708 2969 3771">
    <p class='ocr_par' dir='ltr' id='par_1_88' title="bbox 2633 3708 2969 3771">
     <span class='ocr_line' id='line_1_88' title="bbox 2633 3708 2969 3771; baseline 0.027 -9"><span class='ocrx_word' id='word_1_500' title='bbox 2633 3708 2854 3765; x_wconf 83' lang='grc' dir='ltr'><strong>ΛΟΓΟΣ</strong></span> <span class='ocrx_word' id='word_1_501' title='bbox 2885 3713 2969 3771; x_wconf 70' lang='grc' dir='ltr'>ιιι.</span> 
     </span>
    </p>
   </div>
   <div class='ocr_carea' id='block_1_89' title="bbox 2082 3815 3504 3903">
    <p class='ocr_par' dir='ltr' id='par_1_89' title="bbox 2082 3815 3504 3903">
     <span class='ocr_line' id='line_1_89' title="bbox 2082 3815 3504 3903; baseline 0.016 -36"><span class='ocrx_word' id='word_1_502' title='bbox 2082 3815 2223 3883; x_wconf 78' lang='grc' dir='ltr'><strong>Περὶ</strong></span> <span class='ocrx_word' id='word_1_503' title='bbox 2250 3816 2493 3886; x_wconf 73' lang='grc' dir='ltr'>σοφίας,</span> <span class='ocrx_word' id='word_1_504' title='bbox 2524 3820 2621 3875; x_wconf 75' lang='grc' dir='ltr'><strong>καί</strong></span> <span class='ocrx_word' id='word_1_505' title='bbox 2655 3824 2988 3895; x_wconf 72' lang='grc' dir='ltr'>συνέσεως,</span> <span class='ocrx_word' id='word_1_506' title='bbox 3009 3830 3107 3884; x_wconf 73' lang='grc' dir='ltr'><strong>καί</strong></span> <span class='ocrx_word' id='word_1_507' title='bbox 3135 3833 3504 3903; x_wconf 73' lang='grc' dir='ltr'>φρονήσεως.</span> 
     </span>
    </p>
   </div>
   <div class='ocr_carea' id='block_1_90' title="bbox 2080 3926 3570 4017">
    <p class='ocr_par' dir='ltr' id='par_1_90' title="bbox 2080 3926 3570 4017">
     <span class='ocr_line' id='line_1_90' title="bbox 2080 3926 3570 4017; baseline 0.012 -37"><span class='ocrx_word' id='word_1_508' title='bbox 2080 3926 2299 3983; x_wconf 75' lang='grc' dir='ltr'><strong>Γίνεσθε</strong></span> <span class='ocrx_word' id='word_1_509' title='bbox 2344 3932 2595 4003; x_wconf 82' lang='grc' dir='ltr'>φρόνιμοι</span> <span class='ocrx_word' id='word_1_510' title='bbox 2625 3935 2702 3999; x_wconf 81' lang='grc' dir='ltr'><strong>ὠς</strong></span> <span class='ocrx_word' id='word_1_511' title='bbox 2744 3938 2794 3991; x_wconf 83' lang='lat' dir='ltr'><strong>ot</strong></span> <span class='ocrx_word' id='word_1_512' title='bbox 2819 3937 2993 4011; x_wconf 78' lang='grc' dir='ltr'>ὄφεις,</span> <span class='ocrx_word' id='word_1_513' title='bbox 3020 3942 3112 3996; x_wconf 73' lang='grc' dir='ltr'><strong>καὶ</strong></span> <span class='ocrx_word' id='word_1_514' title='bbox 3146 3944 3394 4017; x_wconf 82' lang='grc' dir='ltr'>ἀκέραιοι</span> <span class='ocrx_word' id='word_1_515' title='bbox 3420 3945 3494 4010; x_wconf 85' lang='grc' dir='ltr'>ὡς</span> <span class='ocrx_word' id='word_1_516' title='bbox 3519 3946 3570 3998; x_wconf 83' lang='grc' dir='ltr'>αι</span> 
     </span>
    </p>
   </div>
   <div class='ocr_carea' id='block_1_91' title="bbox 2013 4020 2653 4105">
    <p class='ocr_par' dir='ltr' id='par_1_91' title="bbox 2013 4020 2653 4105">
     <span class='ocr_line' id='line_1_91' title="bbox 2013 4020 2653 4105; baseline 0.011 -34"><span class='ocrx_word' id='word_1_517' title='bbox 2013 4020 2351 4090; x_wconf 82' lang='grc' dir='ltr'>περιστεραί.</span> <span class='ocrx_word' id='word_1_518' title='bbox 2642 4080 2653 4105; x_wconf 43' lang='grc' dir='ltr'><strong>ι</strong></span> 
     </span>
    </p>
   </div>
   <div class='ocr_carea' id='block_1_92' title="bbox 2080 4113 3572 4204">
    <p class='ocr_par' dir='ltr' id='par_1_92' title="bbox 2080 4113 3572 4204">
     <span class='ocr_line' id='line_1_92' title="bbox 2080 4113 3572 4204; baseline 0.013 -39"><span class='ocrx_word' id='word_1_519' title='bbox 2080 4113 2170 4184; x_wconf 84' lang='grc' dir='ltr'><strong>Μὴ</strong></span> <span class='ocrx_word' id='word_1_520' title='bbox 2207 4116 2393 4170; x_wconf 85' lang='grc' dir='ltr'>παιδία</span> <span class='ocrx_word' id='word_1_521' title='bbox 2427 4117 2642 4186; x_wconf 78' lang='grc' dir='ltr'>γίνεσθε</span> <span class='ocrx_word' id='word_1_522' title='bbox 2695 4126 2815 4189; x_wconf 77' lang='grc' dir='ltr'>ταῖς</span> <span class='ocrx_word' id='word_1_523' title='bbox 2844 4129 3036 4195; x_wconf 80' lang='grc' dir='ltr'>φρεσίν</span> <span class='ocrx_word' id='word_1_524' title='bbox 3063 4145 3077 4158; x_wconf 89' lang='grc'>·</span> <span class='ocrx_word' id='word_1_525' title='bbox 3108 4131 3248 4186; x_wconf 76' lang='grc' dir='ltr'>ἀλλὰ</span> <span class='ocrx_word' id='word_1_526' title='bbox 3293 4134 3357 4204; x_wconf 80' lang='grc' dir='ltr'><strong>τῇ</strong></span> <span class='ocrx_word' id='word_1_527' title='bbox 3406 4131 3572 4201; x_wconf 72' lang='grc' dir='ltr'>κακίᾳ</span> 
     </span>
    </p>
   </div>
   <div class='ocr_carea' id='block_1_93' title="bbox 2006 4204 3260 4288">
    <p class='ocr_par' dir='ltr' id='par_1_93' title="bbox 2006 4204 3260 4288">
     <span class='ocr_line' id='line_1_93' title="bbox 2006 4204 3260 4288; baseline 0.016 -30"><span class='ocrx_word' id='word_1_528' title='bbox 2006 4204 2320 4273; x_wconf 78' lang='grc' dir='ltr'><strong>νηπιάζετε,</strong></span> <span class='ocrx_word' id='word_1_529' title='bbox 2357 4213 2478 4271; x_wconf 72' lang='grc' dir='ltr'>ταῖς</span> <span class='ocrx_word' id='word_1_530' title='bbox 2515 4210 2571 4263; x_wconf 87' lang='grc' dir='ltr'>δὲ</span> <span class='ocrx_word' id='word_1_531' title='bbox 2594 4215 2755 4283; x_wconf 80' lang='grc' dir='ltr'>φρεσὶ</span> <span class='ocrx_word' id='word_1_532' title='bbox 2793 4216 2989 4271; x_wconf 80' lang='grc' dir='ltr'>τέλειοι</span> <span class='ocrx_word' id='word_1_533' title='bbox 3020 4221 3260 4288; x_wconf 81' lang='grc' dir='ltr'>γίνεσθε.</span> 
     </span>
    </p>
   </div>
   <div class='ocr_carea' id='block_1_94' title="bbox 2077 4294 3569 4387">
    <p class='ocr_par' dir='ltr' id='par_1_94' title="bbox 2077 4294 3569 4387">
     <span class='ocr_line' id='line_1_94' title="bbox 2077 4294 3569 4387; baseline 0.015 -39"><span class='ocrx_word' id='word_1_534' title='bbox 2077 4294 2362 4367; x_wconf 81' lang='grc' dir='ltr'>Μακάριος</span> <span class='ocrx_word' id='word_1_535' title='bbox 2416 4299 2702 4370; x_wconf 83' lang='grc' dir='ltr'>ἄνθρωπος</span> <span class='ocrx_word' id='word_1_536' title='bbox 2732 4305 2790 4370; x_wconf 80' lang='grc' dir='ltr'><strong>ὃς</strong></span> <span class='ocrx_word' id='word_1_537' title='bbox 2832 4301 2959 4377; x_wconf 75' lang='grc' dir='ltr'>εὗρε</span> <span class='ocrx_word' id='word_1_538' title='bbox 3010 4313 3223 4379; x_wconf 85' lang='grc' dir='ltr'>σοφίαν,</span> <span class='ocrx_word' id='word_1_539' title='bbox 3257 4314 3351 4368; x_wconf 82' lang='grc' dir='ltr'>καὶ</span> <span class='ocrx_word' id='word_1_540' title='bbox 3379 4315 3569 4387; x_wconf 78' lang='grc' dir='ltr'>Θνητδς</span> 
     </span>
    </p>
   </div>
   <div class='ocr_carea' id='block_1_95' title="bbox 2007 4381 3572 4476">
    <p class='ocr_par' dir='ltr' id='par_1_95' title="bbox 2007 4381 3572 4476">
     <span class='ocr_line' id='line_1_95' title="bbox 2007 4381 3572 4476; baseline 0.015 -41"><span class='ocrx_word' id='word_1_541' title='bbox 2007 4383 2063 4446; x_wconf 76' lang='grc' dir='ltr'><strong>ὃς</strong></span> <span class='ocrx_word' id='word_1_542' title='bbox 2093 4381 2201 4437; x_wconf 75' lang='grc' dir='ltr'>εἶδε</span> <span class='ocrx_word' id='word_1_543' title='bbox 2228 4387 2508 4458; x_wconf 80' lang='grc' dir='ltr'>φρόνησιν.</span> <span class='ocrx_word' id='word_1_544' title='bbox 2530 4392 2571 4444; x_wconf 87' lang='grc' dir='ltr'>Κ</span> <span class='ocrx_word' id='word_1_545' title='bbox 2581 4397 2791 4460; x_wconf 82' lang='grc' dir='ltr'>ρείττον</span> <span class='ocrx_word' id='word_1_546' title='bbox 2821 4398 2931 4468; x_wconf 71' lang='grc' dir='ltr'><strong>γὰρ</strong></span> <span class='ocrx_word' id='word_1_547' title='bbox 2953 4400 3122 4470; x_wconf 81' lang='grc' dir='ltr'>αὐτῆς</span> <span class='ocrx_word' id='word_1_548' title='bbox 3147 4381 3572 4476; x_wconf 59' lang='grc' dir='ltr'>ἐμπρεύεσῦαι,</span> 
     </span>
    </p>
   </div>
   <div class='ocr_carea' id='block_1_96' title="bbox 2006 4475 3571 4565">
    <p class='ocr_par' dir='ltr' id='par_1_96' title="bbox 2006 4475 3571 4565">
     <span class='ocr_line' id='line_1_96' title="bbox 2006 4475 3571 4565; baseline 0.014 -40"><span class='ocrx_word' id='word_1_549' title='bbox 2006 4475 2040 4544; x_wconf 76' lang='grc' dir='ltr'><strong>ἢ</strong></span> <span class='ocrx_word' id='word_1_550' title='bbox 2074 4479 2301 4545; x_wconf 85' lang='grc' dir='ltr'>χρυσίου</span> <span class='ocrx_word' id='word_1_551' title='bbox 2336 4479 2428 4533; x_wconf 82' lang='grc' dir='ltr'>καὶ</span> <span class='ocrx_word' id='word_1_552' title='bbox 2477 4481 2742 4553; x_wconf 84' lang='grc' dir='ltr'>ἀργυρίου</span> <span class='ocrx_word' id='word_1_553' title='bbox 2783 4486 3127 4560; x_wconf 67' lang='grc' dir='ltr'>θησαυρούςη</span> <span class='ocrx_word' id='word_1_554' title='bbox 3166 4475 3468 4565; x_wconf 74' lang='grc' dir='ltr'>τιμιὼτέρα</span> <span class='ocrx_word' id='word_1_555' title='bbox 3514 4495 3571 4547; x_wconf 73' lang='grc' dir='ltr'>δέ</span> 
     </span>
    </p>
   </div>
   <div class='ocr_carea' id='block_1_97' title="bbox 2007 4567 3571 4647">
    <p class='ocr_par' dir='ltr' id='par_1_97' title="bbox 2007 4567 3571 4647">
     <span class='ocr_line' id='line_1_97' title="bbox 2007 4567 3571 4647; baseline 0.018 -30"><span class='ocrx_word' id='word_1_556' title='bbox 2007 4567 2121 4621; x_wconf 75' lang='grc' dir='ltr'>ἐστι</span> <span class='ocrx_word' id='word_1_557' title='bbox 2169 4568 2332 4622; x_wconf 82' lang='grc' dir='ltr'>λίθων</span> <span class='ocrx_word' id='word_1_558' title='bbox 2385 4572 2714 4629; x_wconf 84' lang='grc' dir='ltr'>πολυτελῶν.</span> <span class='ocrx_word' id='word_1_559' title='bbox 2757 4577 3081 4647; x_wconf 81' lang='grc' dir='ltr'>Εὕγνωστός</span> <span class='ocrx_word' id='word_1_560' title='bbox 3112 4586 3234 4640; x_wconf 82' lang='grc' dir='ltr'>ἐστι</span> <span class='ocrx_word' id='word_1_561' title='bbox 3270 4590 3391 4642; x_wconf 80' lang='grc' dir='ltr'>πᾶσι</span> <span class='ocrx_word' id='word_1_562' title='bbox 3448 4588 3571 4645; x_wconf 59' lang='lat' dir='ltr'><strong>aut:</strong></span> 
     </span>
    </p>
   </div>
   <div class='ocr_carea' id='block_1_98' title="bbox 2008 4657 3572 4747">
    <p class='ocr_par' dir='ltr' id='par_1_98' title="bbox 2008 4657 3572 4747">
     <span class='ocr_line' id='line_1_98' title="bbox 2008 4657 3572 4747; baseline 0.016 -39"><span class='ocrx_word' id='word_1_563' title='bbox 2008 4657 2320 4725; x_wconf 70' lang='grc' dir='ltr'>ἐγγίζουσιν</span> <span class='ocrx_word' id='word_1_564' title='bbox 2363 4663 2524 4734; x_wconf 81' lang='grc' dir='ltr'>αὐτῇ.</span> <span class='ocrx_word' id='word_1_565' title='bbox 2556 4668 2668 4719; x_wconf 81' lang='grc' dir='ltr'>Πᾶν</span> <span class='ocrx_word' id='word_1_566' title='bbox 2715 4668 2772 4721; x_wconf 80' lang='grc' dir='ltr'>δὲ</span> <span class='ocrx_word' id='word_1_567' title='bbox 2821 4669 3004 4739; x_wconf 82' lang='grc' dir='ltr'>τίμιον</span> <span class='ocrx_word' id='word_1_568' title='bbox 3054 4675 3155 4730; x_wconf 81' lang='grc' dir='ltr'><strong>οὐκ</strong></span> <span class='ocrx_word' id='word_1_569' title='bbox 3185 4679 3333 4745; x_wconf 77' lang='grc' dir='ltr'>ἄξιον</span> <span class='ocrx_word' id='word_1_570' title='bbox 3368 4680 3572 4747; x_wconf 73' lang='grc' dir='ltr'>αὐτῆς.</span> 
     </span>
    </p>
   </div>
   <div class='ocr_carea' id='block_1_99' title="bbox 2008 4747 3574 4842">
    <p class='ocr_par' dir='ltr' id='par_1_99' title="bbox 2008 4747 3574 4842">
     <span class='ocr_line' id='line_1_99' title="bbox 2008 4747 3574 4842; baseline 0.015 -41"><span class='ocrx_word' id='word_1_571' title='bbox 2008 4747 2195 4817; x_wconf 70' lang='grc' dir='ltr'><strong>Μῆκος</strong></span> <span class='ocrx_word' id='word_1_572' title='bbox 2226 4750 2332 4824; x_wconf 86' lang='grc' dir='ltr'>γὰρ</span> <span class='ocrx_word' id='word_1_573' title='bbox 2358 4754 2472 4823; x_wconf 86' lang='grc' dir='ltr'>βίου</span> <span class='ocrx_word' id='word_1_574' title='bbox 2508 4757 2601 4810; x_wconf 70' lang='grc' dir='ltr'>καὶ</span> <span class='ocrx_word' id='word_1_575' title='bbox 2632 4758 2725 4830; x_wconf 80' lang='grc' dir='ltr'>ἔτη</span> <span class='ocrx_word' id='word_1_576' title='bbox 2781 4758 2928 4831; x_wconf 73' lang='grc' dir='ltr'><strong>ζωῆς</strong></span> <span class='ocrx_word' id='word_1_577' title='bbox 2973 4765 3032 4818; x_wconf 76' lang='grc' dir='ltr'>ἐν</span> <span class='ocrx_word' id='word_1_578' title='bbox 3071 4769 3136 4837; x_wconf 84' lang='grc' dir='ltr'>τῇ</span> <span class='ocrx_word' id='word_1_579' title='bbox 3186 4766 3332 4842; x_wconf 81' lang='grc' dir='ltr'>δεξιᾷ</span> <span class='ocrx_word' id='word_1_580' title='bbox 3355 4771 3532 4838; x_wconf 76' lang='grc' dir='ltr'>αὐτῆς</span> <span class='ocrx_word' id='word_1_581' title='bbox 3556 4785 3574 4801; x_wconf 86' lang='grc'>⁶</span> 
     </span>
    </p>
   </div>
   <div class='ocr_carea' id='block_1_100' title="bbox 2004 4836 3577 4926">
    <p class='ocr_par' dir='ltr' id='par_1_100' title="bbox 2004 4836 3577 4926">
     <span class='ocr_line' id='line_1_100' title="bbox 2004 4836 3577 4926; baseline 0.013 -35"><span class='ocrx_word' id='word_1_582' title='bbox 2004 4836 2064 4892; x_wconf 79' lang='grc' dir='ltr'>ἐν</span> <span class='ocrx_word' id='word_1_583' title='bbox 2094 4841 2151 4894; x_wconf 74' lang='grc' dir='ltr'>δὲ</span> <span class='ocrx_word' id='word_1_584' title='bbox 2179 4846 2245 4914; x_wconf 77' lang='grc' dir='ltr'><strong>τῇ</strong></span> <span class='ocrx_word' id='word_1_585' title='bbox 2280 4845 2545 4918; x_wconf 77' lang='grc' dir='ltr'>ἀριστερᾷ</span> <span class='ocrx_word' id='word_1_586' title='bbox 2586 4850 2756 4921; x_wconf 84' lang='grc' dir='ltr'>αὐτῆς</span> <span class='ocrx_word' id='word_1_587' title='bbox 2790 4853 3023 4920; x_wconf 84' lang='grc' dir='ltr'>πλοῦτος</span> <span class='ocrx_word' id='word_1_588' title='bbox 3050 4836 3146 4911; x_wconf 54' lang='grc' dir='ltr'>καὶ</span> <span class='ocrx_word' id='word_1_589' title='bbox 3172 4836 3320 4926; x_wconf 54' lang='grc' dir='ltr'>δόξαί</span> <span class='ocrx_word' id='word_1_590' title='bbox 3344 4861 3441 4915; x_wconf 75' lang='grc' dir='ltr'>Ἐκ</span> <span class='ocrx_word' id='word_1_591' title='bbox 3475 4836 3577 4914; x_wconf 75' lang='grc' dir='ltr'>τοῦ</span> 
     </span>
    </p>
   </div>
   <div class='ocr_carea' id='block_1_101' title="bbox 2005 4933 3576 5022">
    <p class='ocr_par' dir='ltr' id='par_1_101' title="bbox 2005 4933 3576 5022">
     <span class='ocr_line' id='line_1_101' title="bbox 2005 4933 3576 5022; baseline 0.014 -39"><span class='ocrx_word' id='word_1_592' title='bbox 2005 4933 2271 5002; x_wconf 79' lang='grc' dir='ltr'>στόματος</span> <span class='ocrx_word' id='word_1_593' title='bbox 2305 4938 2477 5007; x_wconf 83' lang='grc' dir='ltr'>αὐτῆς</span> <span class='ocrx_word' id='word_1_594' title='bbox 2521 4942 2883 5011; x_wconf 79' lang='grc' dir='ltr'>ἐκπορεύεται</span> <span class='ocrx_word' id='word_1_595' title='bbox 2921 4946 3237 5022; x_wconf 85' lang='grc' dir='ltr'>δικαιοσύνη</span> <span class='ocrx_word' id='word_1_596' title='bbox 3263 4969 3277 4984; x_wconf 76' lang='grc' dir='ltr'>ο</span> <span class='ocrx_word' id='word_1_597' title='bbox 3315 4952 3481 5018; x_wconf 83' lang='grc' dir='ltr'>νόμον</span> <span class='ocrx_word' id='word_1_598' title='bbox 3515 4952 3576 5003; x_wconf 66' lang='grc' dir='ltr'>δὲ</span> 
     </span>
    </p>
   </div>
   <div class='ocr_carea' id='block_1_102' title="bbox 2132 5025 3582 5113">
    <p class='ocr_par' dir='ltr' id='par_1_102' title="bbox 2132 5025 3582 5113">
     <span class='ocr_line' id='line_1_102' title="bbox 2132 5025 3582 5113; baseline 0.015 -36"><span class='ocrx_word' id='word_1_599' title='bbox 2132 5025 2278 5080; x_wconf 69' lang='grc' dir='ltr'>ἔλεον</span> <span class='ocrx_word' id='word_1_600' title='bbox 2309 5029 2397 5083; x_wconf 76' lang='grc' dir='ltr'><strong>ἐπὶ</strong></span> <span class='ocrx_word' id='word_1_601' title='bbox 2426 5031 2675 5104; x_wconf 81' lang='grc' dir='ltr'>γλώσσης</span> <span class='ocrx_word' id='word_1_602' title='bbox 2707 5039 2884 5106; x_wconf 79' lang='grc' dir='ltr'>φορεῖ·</span> <span class='ocrx_word' id='word_1_603' title='bbox 2920 5041 2977 5094; x_wconf 78' lang='grc' dir='ltr'>αἱ</span> <span class='ocrx_word' id='word_1_604' title='bbox 3002 5042 3113 5095; x_wconf 82' lang='grc' dir='ltr'>ὁδοὶ</span> <span class='ocrx_word' id='word_1_605' title='bbox 3141 5044 3307 5113; x_wconf 83' lang='grc' dir='ltr'>αὐτῆς</span> <span class='ocrx_word' id='word_1_606' title='bbox 3334 5044 3445 5097; x_wconf 75' lang='grc' dir='ltr'>ὁδοὶ</span> <span class='ocrx_word' id='word_1_607' title='bbox 3471 5060 3582 5098; x_wconf 66' lang='grc' dir='ltr'>κα-</span> 
     </span>
    </p>
   </div>
   <div class='ocr_carea' id='block_1_103' title="bbox 2145 5117 3287 5205">
    <p class='ocr_par' dir='ltr' id='par_1_103' title="bbox 2145 5117 3287 5205">
     <span class='ocr_line' id='line_1_103' title="bbox 2145 5117 3287 5205; baseline 0.018 -37"><span class='ocrx_word' id='word_1_608' title='bbox 2145 5117 2238 5169; x_wconf 82' lang='grc' dir='ltr'>καὶ</span> <span class='ocrx_word' id='word_1_609' title='bbox 2265 5120 2439 5174; x_wconf 83' lang='grc' dir='ltr'>πᾶσαι</span> <span class='ocrx_word' id='word_1_610' title='bbox 2478 5122 2534 5175; x_wconf 82' lang='grc' dir='ltr'><strong>αί</strong></span> <span class='ocrx_word' id='word_1_611' title='bbox 2567 5125 2742 5195; x_wconf 80' lang='grc' dir='ltr'>τρίόοι</span> <span class='ocrx_word' id='word_1_612' title='bbox 2773 5128 2944 5201; x_wconf 78' lang='grc' dir='ltr'>αὐτῆς</span> <span class='ocrx_word' id='word_1_613' title='bbox 2973 5131 3035 5185; x_wconf 80' lang='grc' dir='ltr'>ὲν</span> <span class='ocrx_word' id='word_1_614' title='bbox 3072 5133 3287 5205; x_wconf 71' lang='grc' dir='ltr'><strong>εἰρήνῃ.</strong></span> 
     </span>
    </p>
   </div>
   <div class='ocr_carea' id='block_1_104' title="bbox 2087 5298 3248 5383">
    <p class='ocr_par' dir='ltr' id='par_1_104' title="bbox 2087 5298 3248 5383">
     <span class='ocr_line' id='line_1_104' title="bbox 2087 5298 3248 5383; baseline 0.015 -32"><span class='ocrx_word' id='word_1_615' title='bbox 2087 5298 2250 5369; x_wconf 76' lang='grc' dir='ltr'><strong>Ἀνὴρ</strong></span> <span class='ocrx_word' id='word_1_616' title='bbox 2280 5301 2540 5373; x_wconf 83' lang='grc' dir='ltr'>φρόνιμος</span> <span class='ocrx_word' id='word_1_617' title='bbox 2567 5307 2916 5363; x_wconf 79' lang='grc' dir='ltr'>κατευθύνων</span> <span class='ocrx_word' id='word_1_618' title='bbox 2942 5314 3248 5383; x_wconf 81' lang='grc' dir='ltr'>πορεύεται.</span> 
     </span>
    </p>
   </div>
   <div class='ocr_carea' id='block_1_105' title="bbox 2075 5388 3579 5474">
    <p class='ocr_par' dir='ltr' id='par_1_105' title="bbox 2075 5388 3579 5474">
     <span class='ocr_line' id='line_1_105' title="bbox 2075 5388 3579 5474; baseline 0.019 -35"><span class='ocrx_word' id='word_1_619' title='bbox 2075 5388 2286 5458; x_wconf 84' lang='grc' dir='ltr'>Κτῆσαι</span> <span class='ocrx_word' id='word_1_620' title='bbox 2323 5394 2536 5460; x_wconf 83' lang='grc' dir='ltr'>σοφίαν,</span> <span class='ocrx_word' id='word_1_621' title='bbox 2564 5398 2660 5450; x_wconf 79' lang='grc' dir='ltr'>καὶ</span> <span class='ocrx_word' id='word_1_622' title='bbox 2687 5398 2886 5469; x_wconf 80' lang='grc' dir='ltr'>κτῆσαι</span> <span class='ocrx_word' id='word_1_623' title='bbox 2912 5403 3151 5459; x_wconf 85' lang='grc' dir='ltr'>σύνεσιν.</span> <span class='ocrx_word' id='word_1_624' title='bbox 3177 5405 3264 5472; x_wconf 77' lang='grc' dir='ltr'>Μὴ</span> <span class='ocrx_word' id='word_1_625' title='bbox 3300 5402 3579 5474; x_wconf 70' lang='grc' dir='ltr'><strong>ἐπιλάϐῃ.</strong></span> 
     </span>
    </p>
   </div>
   <div class='ocr_carea' id='block_1_106' title="bbox 1346 5462 1920 5568">
    <p class='ocr_par' dir='ltr' id='par_1_106' title="bbox 1346 5462 1892 5530">
     <span class='ocr_line' id='line_1_106' title="bbox 1346 5462 1892 5530; baseline 0.026 -17"><span class='ocrx_word' id='word_1_626' title='bbox 1346 5462 1440 5530; x_wconf 86' lang='lat' dir='ltr'><strong>piti</strong></span> <span class='ocrx_word' id='word_1_627' title='bbox 1501 5474 1594 5521; x_wconf 91' lang='lat' dir='ltr'><strong>tuo</strong></span> <span class='ocrx_word' id='word_1_628' title='bbox 1629 5484 1892 5527; x_wconf 88' lang='lat' dir='ltr'><strong>coronam</strong></span> 
     </span>
    </p>
   </div>
   <div class='ocr_carea' id='block_1_107' title="bbox 2070 5462 3201 5568">
    <p class='ocr_par' dir='ltr' id='par_1_107' title="bbox 2070 5462 3201 5568">
     <span class='ocr_line' id='line_1_107' title="bbox 2070 5462 3201 5568; baseline 0.014 -33"><span class='ocrx_word' id='word_1_629' title='bbox 2070 5500 2091 5535; x_wconf 77' lang='grc' dir='ltr'>ι</span> <span class='ocrx_word' id='word_1_630' title='bbox 2119 5483 2193 5555; x_wconf 82' lang='grc' dir='ltr'>δῷ</span> <span class='ocrx_word' id='word_1_631' title='bbox 2221 5485 2285 5555; x_wconf 79' lang='grc' dir='ltr'>τῇ</span> <span class='ocrx_word' id='word_1_632' title='bbox 2314 5488 2382 5560; x_wconf 72' lang='grc' dir='ltr'>σῇ</span> <span class='ocrx_word' id='word_1_633' title='bbox 2408 5490 2620 5563; x_wconf 79' lang='grc' dir='ltr'>κεφαλῇ</span> <span class='ocrx_word' id='word_1_634' title='bbox 2653 5462 2918 5561; x_wconf 58' lang='grc' dir='ltr'>στέφανον</span> <span class='ocrx_word' id='word_1_635' title='bbox 2943 5496 3201 5568; x_wconf 87' lang='grc' dir='ltr'>χαρίτων.</span> 
     </span>
    </p>
   </div>
  </div>
