3784 6240
200 284 282 351 801

996 278 1163 340 LOCI
1209 279 1651 342 COMMUNES.
1691 281 1978 344 —P.\RS
2025 285 2076 344 Ι.
2123 283 2381 344 SERMO
2429 284 2534 344 XI.

3300 289 3406 350 802

202 406 338 473 μόνου
379 399 615 464 λέγεταισ
651 397 746 462 Τίς
770 396 900 470 Ιγὰρ
935 398 1074 469 ἔγνω
1115 400 1241 455 νοῦν
1285 403 1493 473 κυρίου
1521 421 1538 466 ξ
1568 403 1600 471 ἦ
1649 401 1731 464 τίς

1902 419 2032 458 ποίη
2065 413 2121 459 et
2154 403 2222 458 de
2253 403 2369 458 solo
2399 405 2519 474 ipso
2541 403 2745 458 dicitur
2774 422 2788 458 :
2823 424 2841 457 ι
2866 404 3001 470 Quis
3035 406 3177 458 enim
3206 423 3407 477 cogno-

200 492 466 566 σύμϐουλος
491 489 648 544 αὑτοῦ
673 491 927 560 ὲγένετο;
965 491 1278 560 ’Ἄνθρωποι
1302 495 1355 548 δὲ
1391 495 1492 548 κάν
1523 495 1721 564 μυριά-

198 604 268 647 κις
305 579 441 654 ὦμεν
475 583 641 651 σοφοὶ,
682 587 943 652 μυριάκις
994 586 1348 657 ἐλεγχόμεθα,
1383 589 1476 642 καὶ
1519 587 1579 640 τὸ
1625 587 1724 656 τῆς

198 681 381 748 φύσεως
409 678 558 748 ήμῶν
589 677 812 740 ἀσθενὲς
850 680 1214 748 διαφαίνεται.
1254 683 1328 736 Οὐ
1361 683 1469 752 γὰρ
1497 681 1721 734 δύναται

198 775 345 824 πάντα
368 767 496 824 εἶναι
524 772 578 822 ὲν
602 770 928 840 ἀνθρώποις,
965 777 1132 845 φησίν
1157 791 1170 804 ·
1217 775 1299 829 ὅτι
1325 776 1424 829 οἰκ
1455 775 1724 838 ἀθάνατος

196 865 289 924 υίὸς
321 859 608 930 ἀνθρώπου.
662 861 927 934 Καθάπερ
975 864 1070 916 τοῦ
1113 865 1342 935 ἡλιακοῦ
1393 864 1574 936 φωτὸς
1625 864 1724 935 τὴν

196 956 652 1025 ἀπαετράπτουσαν
707 957 900 1009 ἀκτῖνα
955 957 1146 1020 σκότος
1204 958 1428 1010 ἐπελθὸν
1478 956 1725 1026 ἀποκρύ-

195 1066 326 1101 πτειο
351 1047 482 1100 οὕτω
505 1047 763 1109 πολλάκις
791 1050 887 1102 καὶ
925 1047 1024 1116 τὴν
1053 1048 1271 1103 σύνεσιν
1300 1051 1398 1120 τὴν
1421 1049 1722 1120 ἡμετέραν,

192 1143 406 1209 καθάπερ
457 1141 512 1193 ἐν
569 1142 806 1212 σταθερᾷ
871 1145 1189 1214 μεσημϐρίᾳ
1251 1144 1579 1212 λάμπουσαν
1629 1143 1726 1196 καὶ

188 1232 595 1303 διαφαινομένην,
640 1233 945 1288 ἐπελθοῦσα
989 1238 1146 1290 ἄνοια
1191 1236 1475 1304 ἀπέκρυψε
1527 1236 1725 1289 πολλά-

192 1347 278 1390 κις.
309 1330 406 1388 Καὶ
437 1337 462 1385 ὁ
515 1329 613 1400 μὲν
675 1329 838 1397 σοφὸς
889 1329 950 1382 τὸ
1003 1330 1121 1382 δέον
1168 1329 1229 1380 οὐ
1278 1329 1556 1382 συνεῖδεν·
1605 1331 1634 1382 ὀ
1668 1329 1723 1382 δὲ

192 1424 394 1477 ἐλάττων
425 1424 631 1477 ἐκείνου
687 1422 863 1492 πολλῷ
899 1422 1153 1492 ὀξύτερον
1187 1421 1382 1474 τούτου
1417 1421 1722 1491 ἐφώρασεν.

178 1515 276 1569 ’Καὶ
307 1518 452 1570 τοῦτο
510 1517 742 1586 γίνεται,
776 1517 864 1569 ἵνα
921 1517 1059 1584 μήτε
1106 1518 1134 1569 ὁ
1182 1516 1342 1584 σοφὸς
1399 1513 1718 1587 ἐπαίρηται,

192 1610 306 1676 μήτε
335 1611 359 1660 ὁ
392 1609 608 1679 εὐτελὴς
637 1609 830 1662 ἑαυτὸν
856 1609 1140 1681 ταλανίζῃ.

253 1695 304 1749 'U
347 1697 524 1758 κακῶς
556 1697 861 1766 διανοηθεὶς
908 1697 1038 1765 περὶ
1075 1699 1185 1750 τῶν
1223 1699 1439 1752 οίκείων
1463 1699 1723 1754 οὐδέποτε

186 1785 337 1850 καλῶς
361 1787 702 1856 βουλεύσεται
730 1791 857 1858 περὶ
889 1790 995 1842 τῶν
1025 1791 1344 1858 ἀλλοτρίων.

243 1879 530 1950 Σύμϐουλος
555 1880 760 1948 ἀγαθὸς
794 1882 1214 1951 χρησιμώτατον
1256 1885 1347 1935 καὶ
1382 1882 1724 1953 τυραννικώ-

185 1988 319 2022 τατον
347 1972 594 2024 ἁπάντων
651 1974 949 2043 κτημάτων
991 1974 1160 2029 ἐστίν.
1191 1975 1264 2027 Τὸ
1295 1978 1403 2046 γάρ
1439 1977 1622 2043 λέγειν
1652 1977 1730 2040 ὡς

183 2060 249 2112 δεῖ
270 2063 351 2116 τοῦ
383 2066 597 2131 φρονεῖν
636 2063 696 2117 εὖ
736 2065 996 2133 μέγιστον
1024 2067 1255 2136 σημεῖον
1288 2067 1617 2136 ποιούμεθα.

250 2153 329 2208 Ἐν
358 2155 658 2226 ἀλλοτρίοις
680 2157 1086 2227 παραδείγμασι
1121 2159 1346 2212 παίδευε
1380 2160 1601 2224 σαυτὸν,
1637 2165 1729 2214 καὶ

182 2247 367 2314 ἀπαθὴς
395 2247 502 2301 τῶν
538 2251 730 2302 κακῶν
763 2251 886 2322 ἔσῃ.

240 2341 505 2407 Κρείσσων
534 2343 702 2411 σοφδς
739 2343 982 2414 ἰσχυροῦ.

241 2432 387 2485 ’Λνευ
444 2435 544 2503 μὲν
617 2435 908 2498 εὐϐουλίας
986 2434 1141 2488 οὐδὲν
1221 2436 1435 2506 πέφυκε
1506 2435 1736 2506 δύναμις

181 2520 381 2590 ὠφελεῖν
403 2542 417 2558 ο
445 2525 670 2588 σύνεσις
705 2526 757 2579 δὲ
789 2527 891 2580 κᾶν
921 2529 1074 2597 ἰσχὺν
1119 2525 1194 2597 μὴ
1226 2527 1530 2600 προσλάϐῃ,
1563 2528 1736 2581 πολλά

181 2614 410 2680 πολλάκις
436 2620 668 2672 ἐπινοεῖ.

321 2709 486 2778 Σοφὸν
518 2712 632 2781 γάρ
662 2708 1001 2779 εὖϐούλευμα
1028 2711 1124 2774 τὰς
1153 2712 1353 2776 πολλὰς
1385 2715 1574 2783 χεῖρας

234 2887 366 2958 Nix;
397 2904 410 2919 ο
462 2888 563 2942 σὺν
587 2887 738 2959 ὄχλῳ
773 2885 816 2941 δ’
852 2886 1064 2956 ἀμαθία
1114 2884 1281 2939 πλέον
1332 2886 1523 2940 κακόν.

234 3068 350 3120 Δέον
369 3069 438 3121 τὰ
467 3067 602 3140 τέλη
634 3067 746 3121 τῶν
778 3068 1122 3136 πραγμάτων
1154 3066 1305 3136 ἡμᾶς
1333 3067 1600 3138 προορᾷν,
1639 3067 1735 3118 καὶ
1769 3101 1813 3162 C

175 3156 325 3220 οὕτως
349 3158 444 3229 τὴν
471 3161 690 3214 τούτων
723 3160 1040 3230 ἐγχείρησιν
1077 3160 1377 3214 ποιεῖσθαι.

227 3254 363 3306 (his!
386 3255 495 3324 γὰρ
520 3257 555 3325 ὴ
583 3255 697 3310 τῶν
726 3256 984 3307 πλειόνων
1012 3253 1411 3323 συγκατάθεσις
1438 3254 1738 3325 κρατύνειν

173 3345 230 3397 τὰ
254 3347 526 3418 νοηθέντα.

769 3461 990 3518 ΛΟΓΟΣ
1027 3463 1135 3516 Αιν.

172 3547 296 3618 Περὶ
327 3551 626 3618 ἀϐουλίας
668 3552 768 3606 καὶ
824 3552 1300 3620 βραδυϐουλίας,
1357 3552 1458 3605 καί
1524 3550 1615 3605 ὅτι
1673 3555 1739 3607 τὸ

538 3625 1000 3691 ἀπερίσκεπτον
1024 3623 1354 3690 βλαϐερόν.

234 3711 437 3785 Ὠσπερ
468 3717 632 3778 πόλις
685 3716 756 3769 τὰ
812 3716 970 3786 τείχη
1033 3717 1491 3789 καταϐεϐλημένη
1519 3756 1534 3783 ,
1567 3716 1740 3781 οὕτως

167 3801 388 3875 ἀνὴρ,ὀς
423 3809 488 3862 οὐ
545 3808 698 3880 μετά
720 3808 918 3881 βουλῆς
948 3810 1128 3864 πάντα
1167 3809 1424 3879 πράσσει.

224 3977 314 4048 σίς
341 3984 419 4056 μὴ
449 3985 702 4058 ὑπάρχει
735 3986 923 4057 βουλὴ,
955 3988 1251 4040 πίπτουσιν
1279 3986 1472 4059 ὥσπερ
1497 3987 1700 4058 φύλλα.

225 4164 299 4237 Τῇ
323 4162 572 4236 ’ἀϐουλίᾳ
595 4165 787 4221 ⁹αὐτῶν
818 4167 1140 4220 ἁλίσκονται
1167 4167 1498 4238 παράνομοι.

236 4257 540 4329 Ὀξύθυμος
601 4258 840 4328 πράσσει
888 4260 1005 4328 μετ’
1040 4260 1320 4324 ἀϐουλίας.

225 4353 417 4407 Πολλοὶ
473 4354 752 4419 πολλάκις
805 4355 945 4425 ὑπὲρ
978 4355 1073 4409 τοῦ
1109 4357 1183 4426 μὴ
1223 4361 1460 4428 φανῆναι
1497 4359 1744 4430 δεόμενοι

165 4441 467 4516 συμϐουλῆς
499 4445 610 4514 τῆς
655 4443 789 4514 παρ’
819 4445 1043 4514 ἐτέρων,
1070 4447 1279 4500 εἴλοντο
1321 4449 1618 4518 προδοῦναι
1643 4450 1743 4520 τὴν

161 4532 422 4602 ὠφέλειαν
470 4538 583 4608 τὴν
643 4535 753 4589 ἀπὸ
786 4536 885 4604 τῆς
937 4535 1188 4606 γνώμης,
1236 4538 1268 4608 ἢ
1306 4536 1594 4608 δεξάμενοι
1646 4538 1744 4609 τὴν

161 4628 481 4698 παραίνεσιν
529 4627 839 4698 διορθῶσαι
891 4627 952 4681 τὸ
1009 4630 1352 4700 ἁμάρτημαο
1386 4632 1484 4685 καὶ
1548 4633 1748 4702 μᾶλλον

157 4718 386 4791 ἀγνοεῖν,
426 4722 462 4794 ἢ
529 4721 739 4793 μαθεῖν
767 4722 1133 4789 κατεδέξαντο
1157 4738 1173 4752 ’
1203 4724 1308 4777 οὐκ
1336 4723 1539 4789 ειδότες
1573 4726 1748 4780 ὅτιὉὺ

158 4812 212 4865 τὺ
265 4815 466 4885 μαθεῖν
509 4814 804 4884 ἔγκλημα,
844 4813 981 4868 ἀλλά
1031 4814 1095 4868 τὸ
1135 4816 1353 4884 ἀγνοεῖν
1401 4815 1748 4889 κατηγορίαο

155 4905 214 4957 οὐ
239 4907 298 4961 τὸ
328 4905 732 4973 διδάσκεσθαι,
770 4909 908 4962 ἀλλὰ
943 4910 1006 4963 τὸ
1048 4910 1108 4961 ἐν
1134 4909 1347 4979 ἀμαθία
1377 4905 1521 4966 εἶναι
1550 4925 1564 4938 ⁸
1601 4912 1660 4964 οὑ
1691 4911 1754 4964 τὸ

157 4996 506 5069 ἐλέγχεσθαι,
547 4997 699 5053 ἀλλά
727 5001 788 5053 τὸ
831 5001 1174 5070 ἁμαρτάνειν
1225 4987 1752 5070 ἀδιόρθωτα.ίἝστι

155 5091 281 5162 γὰρ,
318 5095 442 5146 ἐστι
498 5095 609 5148 καὶ
650 5096 802 5164 παρά
855 5093 1128 5164 ἀνθρώπῳ
1167 5094 1348 5165 μικρῴ
1401 5093 1498 5147 καὶ
1544 5093 1756 5146 εὐτελεῖ

154 5186 450 5258 εὑρεθῆναί
503 5204 564 5240 τι
607 5185 725 5240 τῶν
773 5185 1024 5252 δεόντων,
1060 5187 1090 5240 ὃ
1140 5188 1294 5257 παρὰ
1345 5187 1424 5257 τῷ
1459 5187 1610 5257 σοφῷ
1658 5188 1756 5240 καὶ

155 5273 377 5350 μεγάλῳ
417 5276 712 5341 πολλάκις
739 5278 840 5348 οὐχ
869 5276 1123 5348 εὕρηται.

218 5373 300 5426 Τά
337 5375 418 5446 μὴ
471 5375 582 5426 σὺν
625 5371 776 5442 λόγῳ
827 5372 1005 5426 πάντα
1041 5374 1246 5442 αἰσχρά
1271 5390 1284 5404 -
1339 5369 1530 5441 ὥσπερ
1557 5367 1628 5422 τὰ
1659 5369 1756 5420 σὺν

151 5462 290 5536 λόγῳ
331 5467 580 5537 κόσμια.

219 5561 410 5631 Χωρὶς
449 5556 714 5629 Θεωρίας
750 5559 1184 5627 ὲπιστημονικῆς
1234 5555 1390 5609 οὐδὲν
1422 5553 1532 5608 τῶν
1579 5569 1756 5622 πρατ-

151 5652 398 5718 τομένων
432 5651 647 5704 καλόν.
692 5649 1002 5720 Ἑπιστήμη
1038 5650 1148 5720 γὰρ
1196 5649 1421 5717 ἔγγονον
1444 5645 1757 5709 εὐϐουλίας,

153 5741 382 5796 ἀϐουλία
428 5742 490 5794 δὲ
539 5737 710 5810 πηγὴ
737 5740 922 5794 κακῶν
957 5740 1195 5795 πάντων.

1826 495 1903 547 vit
1928 503 2162 550 mentem
2203 494 2441 560 Domini,
2474 505 2566 549 aut
2593 497 2716 563 quis
2751 495 3100 550 consiliarius
3126 496 3174 550 ei
3204 494 3350 550 fuit?
3379 515 3399 549 ι

1830 585 2089 642 llomines
2119 602 2271 648 vero,
2299 587 2400 640 etsi
2438 586 2638 641 millies
2661 587 2836 641 simus
2883 589 3187 656 sapientes,
3219 589 3411 642 millies

1827 678 2224 749 redarguimur,
2243 687 2297 734 et
2317 687 2443 734 natu
2454 695 2523 733 ra:
2541 691 2742 735 nostra:
2767 681 3110 736 imbecillitas
3129 696 3187 735 se
3207 681 3410 750 prodit.

1831 788 1850 821 ι
1878 769 1994 824 Non
2034 773 2177 824 enim
2207 781 2460 840 possunt,
2488 771 2580 837 ait,
2613 773 2795 825 omnia
2819 772 2871 824 in
2897 771 3209 827 hominibus
3248 787 3412 839 esse;

1827 863 2027 931 quippe
2045 877 2149 916 non
2170 862 2492 916 immortalis
2513 877 2591 916 cst
2613 862 2754 916 ﬁlius
2772 863 3028 917 hominis.
3046 863 3414 930 Quemadmo-

1829 953 1955 1005 dum
1979 954 2140 1020 jubar
2164 955 2376 1024 fulgens
2403 972 2428 1006 a
2455 956 2586 1008 solis
2605 957 2805 1009 lumine
2830 956 3002 1025 caligo
3020 960 3412 1024 superveniens

1831 1045 2109 1099 occultat:
2147 1046 2216 1098 ita
2248 1061 2618 1114 saepenumer
2667 1049 2998 1102 intellectum
3057 1065 3274 1118 quoque
3316 1065 3411 1102 tto-

1829 1145 2004 1190 strum
2036 1137 2198 1192 veluti
2222 1138 2273 1191 in
2309 1139 2424 1206 ipsa
2452 1140 2673 1192 meridie
2692 1140 3083 1208 splendentem,
3102 1153 3153 1194 et
3175 1143 3292 1196 luce
3313 1158 3411 1195 sua

1834 1233 2214 1298 conspicuum,
2241 1233 2466 1284 stultitia
2494 1234 2572 1283 vel
2601 1232 2832 1284 amt'nlizt
2880 1234 3266 1300 superveniens
3289 1236 3414 1287 (διιε-

1831 1327 1983 1372 curat
2017 1336 2032 1374 :
2059 1329 2110 1372 et
2142 1319 2224 1373 νίν
2252 1322 2467 1390 sapiens
2497 1322 2637 1390 quo!
2665 1323 2808 1374 facto
2843 1338 2978 1390 Opus
2999 1333 3079 1375 est
3101 1341 3207 1376 mm
3244 1325 3419 1392 dispi-

1833 1410 1926 1476 cit,
1957 1411 2098 1465 alius
2129 1425 2307 1465 autem
2339 1418 2508 1466 multo
2533 1414 2758 1466 inferior
2784 1429 2849 1467 eo
2898 1416 3112 1468 acutius
3161 1431 3272 1469 rem
3324 1421 3419 1469 dc-

1831 1502 2109 1569 prehendit
2137 1519 2148 1554 :
2176 1513 2336 1572 atque
2360 1506 2459 1560 hoc
2481 1508 2554 1559 ita
2588 1508 2659 1569 lit,
2685 1523 2750 1559 ne
2779 1508 2854 1560 κρῖ
2877 1509 3095 1575 sapiens
3122 1508 3319 1575 superb
3339 1519 3415 1576 at,

1826 1590 1911 1644 vel
1933 1591 2204 1646 obscurus
2233 1602 2287 1646 ct
2313 1593 2432 1648 vilis
2466 1598 2626 1649 hamo
2660 1597 2915 1649 miserum
2947 1612 3006 1651 se
3047 1609 3275 1664 reputet.

1898 1681 2180 1739 Isocratis.
2221 1683 2321 1750 Qui
2359 1690 2427 1740 de
2457 1689 2571 1741 suis
2603 1689 2768 1742 rebus
2828 1690 2970 1745 male
3019 1691 3232 1756 statuit,
3286 1708 3422 1745 nuu-

1829 1787 1993 1839 quam
2029 1776 2166 1830 bene
2194 1779 2442 1832 consulet
2488 1779 2551 1832 de
2579 1782 2802 1836 alienis.

1903 1864 2088 1919 Bonus
2111 1868 2391 1946 consultor
2418 1885 2504 1924 res
2533 1873 2778 1926 omnium
2806 1875 3096 1933 utilissima
3118 1890 3170 1934 et
3233 1893 3420 1951 poten-

1835 1955 2042 2010 tiSsima
2068 1967 2172 2012 est.
2199 1956 2333 2013 Nam
2365 1976 2428 2014 ex
2471 1973 2779 2030 Opportuna
2810 1967 3065 2022 oratione
3099 1971 3264 2025 animi
3288 1990 3414 2043 pru-

1834 2053 2071 2106 dentiam
2100 2069 2200 2108 ceu
2225 2055 2466 2109 maximo
2497 2059 2653 2126 signo
2684 2059 3037 2128 eottjicimus.

1909 2145 2264 2200 Demonactis.
2301 2146 2575 2212 Exemplis
2628 2151 2824 2207 alienis
2889 2169 3082 2224 sapere
3113 2157 3327 2224 discito,
3362 2173 3414 2218 et

1839 2237 1985 2290 nulla
2018 2239 2156 2290 mala
2187 2250 2237 2294 te
2286 2240 2545 2294 allicieut.

1909 2327 2018 2398 2ο
2050 2327 2290 2389 Diodori.
2327 2330 2556 2399 Sapiens
2583 2334 2808 2390 robusto
2828 2349 3070 2406 prwstat.

1912 2419 2164 2473 Choririi.
2202 2423 2332 2474 Sine
2365 2423 2510 2477 bono
2543 2425 2774 2478 consilio
2830 2429 2964 2483 nihil
3015 2431 3175 2487 emcit
3207 2437 3374 2489 robur
3406 2455 3420 2489 :

1841 2512 2130 2580 prudentia
2167 2529 2295 2567 vero
2329 2518 2584 2584 quamvis
2640 2519 2805 2570 robur
2855 2535 2964 2574 non
3031 2529 3416 2594 assumpscrit,

1841 2607 2010 2660 multa
2051 2607 2325 2660 multotics
2355 2608 2658 2678 excogitat.

1914 2695 2162 2751 Prudens
2209 2700 2355 2751 enim
2413 2701 2744 2754 consultatio
2803 2716 3064 2758 manuum
3114 2707 3418 2762 multitudi-

1845 2805 1966 2843 nem
2008 2791 2177 2844 vincit
2216 2809 2230 2845 :

1919 2880 2190 2951 lmperitia
2225 2896 2350 2936 vero
2421 2897 2548 2937 cum
2600 2884 2882 2941 hominum
2950 2893 3109 2947 turba
3179 2895 3419 2951 deterior

1845 2989 1944 3030 CSL

1917 3066 2185 3126 Chabriae.
2216 3071 2407 3127 Exitus
2433 3089 2611 3130 rerum
2645 3079 2962 3150 prospicere
2997 3090 3238 3152 Oportet,
3259 3098 3324 3139 ac
3352 3085 3426 3140 ita

1845 3162 2061 3217 demum
2097 3182 2189 3221 eas
2212 3169 2451 3238 aggredi.

1914 3253 2158 3310 Plurium
2179 3261 2324 3311 enim
2383 3274 2688 3316 consensus
2722 3278 2807 3318 res
2855 3267 3196 3336 excogitatas
3225 3267 3424 3321 contir-

1845 3358 1994 3396 mare
2026 3349 2185 3399 solet.

2343 3461 2577 3520 SERMO
2611 3464 2679 3518 x1
2705 3464 2804 3536 [aL
2839 3465 3030 3538 xxxt.

1845 3551 1921 3606 De
1959 3557 2238 3610 (cinerario
2272 3566 2319 3608 et
2356 3560 2549 3632 tardo
2581 3559 2823 3626 consilio,
2848 3573 2896 3614 et
2925 3565 3063 3632 quod
3100 3563 3315 3620 noxium
3357 3566 3431 3621 sit

2349 3628 2737 3682 inconsiderato
2777 3628 2949 3701 agere;

1915 3716 2244 3772 Salomonis.
2307 3720 2495 3786 Qualis
2542 3723 2734 3776 civitas
2761 3735 2863 3792 est,
2889 3727 3048 3796 cujus
3079 3728 3257 3782 diruta
3296 3737 3431 3783 sunt

1847 3812 2072 3876 muenia,
2110 3811 2234 3865 talis
2275 3821 2354 3865 cst
2405 3812 2486 3866 vir
2513 3819 2604 3882 qui
2659 3831 2764 3870 nun
2793 3819 2977 3871 omnia
3012 3823 3134 3874 cum
3200 3820 3430 3874 consilio

1845 3906 1974 3974 agit.

1913 3994 2122 4061 Quibus
2150 3995 2439 4051 consilium
2494 4014 2600 4051 nou
2634 4008 2742 4065 est,
2793 4001 2997 4056 cadunt
3037 4010 3300 4073 tauquam
3339 4003 3427 4060 fo-

1849 4088 1938 4141 lia.

1919 4179 2250 4237 Temeritate
2285 4200 2380 4238 sua
2410 4185 2702 4255 capiuntur
2735 4197 3214 4254 praevaricatores.

1920 4273 2224 4330 Iracundus
2253 4277 2657 4346 praecipitanter
2687 4293 2751 4333 ac
2783 4289 2988 4336 temere
3016 4281 3150 4351 agit.

1923 4365 2200 4438 ϐίη-μεσπι.
2235 4367 2384 4424 Multi
2417 4388 2555 4441 smpe
2581 4388 2648 4428 ne
2676 4374 3260 4445 viderenturindigere
3291 4374 3431 4428 alio-

1859 4465 1979 4514 rum
2001 4464 2252 4528 consilio,
2278 4465 2587 4535 relinquere
2618 4470 2800 4534 potius
2822 4469 3113 4522 voluerunt
3143 4468 3427 4522 utilitatem

1858 4566 1923 4604 ex
1957 4555 2187 4609 e0nsilio
2209 4556 2551 4624 capiendam,
2576 4573 2741 4626 quam
2809 4559 3180 4610 admonitione
3210 4567 3430 4626 aet-epla

1859 4659 2100 4698 errorem
2132 4647 2427 4714 corrigere,
2479 4657 2532 4699 et
2594 4647 2844 4713 ignorare
2895 4661 3059 4715 quam
3117 4647 3434 4702 condiscere

1864 4735 2190 4799 maluerunt,
2231 4737 2537 4789 nescientes
2577 4736 2722 4805 quod
2758 4737 2971 4790 discere
3005 4753 3108 4789 non
3169 4740 3239 4790 sit
3273 4737 3437 4791 vitio-

1859 4837 2006 4886 sum,
2028 4823 2429 4892 ignorareyero
2442 4825 2793 4893 culpandum.
2813 4824 2929 4880 Non
2952 4825 3177 4896 quidem
3195 4826 3429 4894 discere,

1863 4916 1958 4968 Sed
1991 4929 2115 4968 cum
2147 4915 2361 4969 inscitia
2393 4931 2648 4984 pergere:
2681 4931 2786 4970 non
2812 4916 3082 4987 redargui,
3113 4917 3209 4974 sed
3226 4933 3438 4989 errare,

1863 5021 2013 5075 spem
2047 5007 2448 5062 emendationis
2479 5009 2682 5062 nullam
2711 5009 2936 5064 habent.
2965 5007 3115 5063 Licet
3143 5009 3290 5064 enim
3353 5011 3434 5062 Vt"

1865 5095 2008 5166 apud
2043 5098 2250 5164 exiguae
2281 5112 2344 5150 ac
2375 5098 2624 5151 obscurae
2640 5101 2806 5152 sortis
2834 5099 3110 5151 hominem
3139 5099 3431 5168 opportuni

1867 5187 2143 5254 quidpiam
2169 5185 2437 5246 invenire.
2467 5187 2614 5254 quod
2653 5187 2934 5242 multoties
2959 5186 3104 5256 apud
3135 5189 3437 5256 sapientem

1866 5289 1921 5332 et
1959 5294 2213 5348 magnum
2244 5278 2480 5346 anuem
2505 5280 2787 5333 inventum
2815 5298 2920 5333 non
2953 5291 3058 5334 est.

1943 5371 2201 5424 Philonis.
2239 5369 2372 5436 Quae
2395 5371 2606 5439 absque
2633 5371 2844 5426 ratione
2877 5375 3012 5427 littnt
3069 5374 3252 5428 omnia
3315 5382 3443 5424 sunt

1871 5465 2053 5532 turpia
2085 5480 2102 5530 ;
2135 5479 2255 5532 qua:
2281 5479 2408 5518 vero
2442 5480 2567 5518 cum
2600 5467 2831 5528 ratione,
2873 5467 3054 5519 umuia
3084 5469 3300 5518 decora.

1941 5553 2092 5609 Citra
2125 5557 2651 5625 contemplationem
2677 5558 3035 5612 scientilicam
3072 5552 3207 5606 nihil
3230 5551 3433 5604 decore

1874 5645 1988 5700 ﬁeri
2017 5655 2220 5716 potest.
2249 5646 2491 5702 Scientia
2510 5649 2654 5701 enim
2687 5665 2716 5702 a
2740 5649 2882 5701 ὶ›.ιιιο
2905 5644 3132 5700 consilio
3159 5642 3446 5707 nascitur;

1871 5749 1926 5790 at
1958 5737 2266 5796 inconsulta
2294 5740 2574 5797 temeritas
2599 5740 2867 5796 malorum
2887 5735 3128 5791 onmimu
3165 5734 3444 5804 scaturigo

1869 5839 1974 5885 est.
