3980 6248
426 244 533 306 80'}

493 344 768 401 Meditatio
804 357 924 398 sera
947 339 1156 396 lucr’nm
1180 351 1287 393 non
1339 333 1518 395 habet,
1568 341 1620 384 ct
1648 331 1698 384 in
1740 330 1887 384 exitu
1911 328 1986 383 rei
2020 329 2064 382 Λ

425 441 634 495 inutilis
674 445 760 493 est
784 434 1084 507 pmnitudo.

811 545 1039 605 SERMO
1075 543 1165 596 XII
1215 541 1313 613 [al.
1341 538 1612 610 XXXIX].

847 661 921 714 De
947 657 1259 727 fortitudine
1301 669 1345 709 et
1379 655 1588 708 robore.

497 757 686 824 Eplies.
725 769 836 809 xw.
879 751 1088 804 lndnite
1128 757 1294 816 totam
1329 757 1662 800 armaturam
1698 744 1814 806 Dei,
1853 752 1908 797 et
1939 750 1998 795 ut

425 847 646 916 possitis
675 855 821 899 stare
870 845 1132 897 adversus
1165 841 1408 895 assultus
1446 837 1664 892 diaboli.
1725 836 1994 902 Quoniam

423 956 532 994 non
558 946 641 992 est
658 936 816 991 nobis
843 937 984 988 lucta
1029 935 1293 987 adversus
1321 935 1635 999 sanguinem
1665 939 1717 983 et
1749 943 1994 992 carnem,

423 1031 524 1085 sed
550 1029 810 1082 adversus
837 1026 1196 1096 principatus,
1237 1023 1498 1077 adversus
1557 1029 1871 1090 potestates,
1903 1020 1996 1073 atl-

421 1135 613 1175 versus
645 1119 830 1173 mutuli
856 1118 1106 1172 dominos
1130 1124 1369 1170 rectores
1389 1114 1729 1167 tenebrarum
1759 1112 1862 1181 21
1890 1126 1995 1165 sm-

421 1212 530 1264 culi
563 1209 745 1278 hujus,
769 1209 1035 1262 adversus
1070 1205 1380 1275 Spirituales
1405 1204 1638 1258 astutias
1663 1203 1716 1256 in
1751 1201 1993 1256 cmlesd-

422 1300 546 1354 bus.
569 1300 913 1368 Quapropter
972 1299 1238 1352 assumite
1293 1298 1602 1350 universam
1659 1304 1991 1350 armaturam

423 1391 543 1453 Dei,
571 1399 632 1444 ut
673 1390 893 1459 possitis
942 1389 1200 1443 resistere
1228 1388 1282 1442 in
1315 1389 1402 1441 die
1429 1388 1593 1452 mala,
1629 1396 1681 1440 et
1737 1385 1992 1440 omnibus

424 1482 654 1550 peractis
683 1489 848 1536 stare.
876 1481 1028 1536 State
1058 1482 1242 1551 igitur,
1309 1480 1512 1534 lumbis
1575 1478 1991 1533 circumcinetis

425 1578 602 1634 balteo
629 1592 724 1648 per
746 1580 1052 1644 veritatem,
1081 1585 1137 1632 et
1179 1577 1357 1631 induti
1413 1578 1687 1631 thoracem
1737 1575 1988 1644 justitim,

1683 227 2002 285 ANTONIL
2032 226 2078 280 Μ
2097 225 2375 283 ELISS/E

3569 224 3672 286 804

2172 325 2429 397 Ἀκερδὴς
2457 329 2482 380 ὁ
2515 327 2714 396 βραδὺς
2741 327 3036 396 λογισμός·
3069 327 3163 379 καὶ
3227 326 3508 401 ἀνωφελὴς
3560 332 3587 384 ὁ
3618 334 3675 386 ὲν

2104 419 2354 490 ἐσχάτοις
2389 419 2719 489 μετάμελος.

2713 533 2932 587 ΛΟΓΟΣ
2963 531 3062 586 lB'.

2459 649 2594 714 Περὶ
2624 650 2904 716 ardre/ag;
2935 650 3030 703 καὶ
3073 652 3304 718 ἰσχύος.

2183 739 2507 793 Ἐνδύσασθε
2559 741 2658 808 τὴν
2696 741 2996 794 πανοπλίαν
3054 743 3147 796 τοῦ
3206 743 3364 809 Θεοῦ,
3424 744 3558 816 πρὸς
3616 745 3676 798 τὺ

2098 829 2364 884 δύνασθαι
2398 831 2543 900 ὑμᾶς
2568 831 2758 901 στῆναι
2788 831 2920 902 πρὸς
2974 833 3074 896 τὰς
3109 835 3390 902 μεθοδείας
3421 838 3515 889 τοῦ
3554 837 3677 889 δια-

2101 920 2256 973 ϐόλου
2283 935 2301 952 ⁸
2332 924 2414 974 ὅτι
2465 923 2566 976 οὐκ
2599 923 2744 975 ἔστιν
2779 924 2912 992 ἡμῖν
2966 926 2998 993 ὴ
3035 924 3179 993 πάλη
3234 927 3370 992 πρὸς
3403 922 3543 993 αἷμα
3578 927 3675 980 καὶ

2102 1011 2300 1081 σάρκα,
2337 1012 2470 1066 ἀλλὰ
2501 1013 2634 1082 πρὸς
2679 1013 2776 1075 τὰς
2809 1014 3009 1084 ἀρχὰς,
3061 1014 3200 1084 πρὸς
3250 1016 3348 1079 τὰς
3395 1015 3668 1080 ἐξουσίας,

2101 1102 2236 1170 πρὸς
2253 1103 2381 1165 τοὺς
2397 1106 2841 1176 κοσμοκράτορας
2879 1106 2974 1158 τοῦ
3009 1107 3233 1168 σκότους
3285 1107 3497 1173 τούτου,
3527 1112 3672 1178 πρὸς

2098 1195 2166 1246 τὰ
2195 1196 2543 1262 πνευματικὰ
2599 1197 2695 1266 τῆς
2747 1198 3014 1264 πονηρίας
3068 1199 3124 1250 ὲν
3153 1200 3267 1260 τοῖς
3297 1199 3668 1268 ἐπουρανίοις.

2099 1285 2198 1338 Διὰ
2227 1283 2386 1340 τοῦτο
2427 1288 2724 1342 ἀναλάϐετε
2757 1289 2854 1356 τὴν
2890 1289 3202 1342 πανοπλίαν
3247 1289 3342 1342 τοῦ
3387 1290 3547 1355 Θεοῦ,
3579 1291 3671 1345 ῐνα

2097 1375 2361 1446 δυνηθῆτε
2417 1379 2734 1449 ἀντιστῆναι
2783 1382 2842 1435 ὲν
2871 1384 2936 1452 τῇ
2972 1383 3156 1453 ἡμέρᾳ
3199 1385 3265 1452 τῇ
3300 1383 3535 1452 πονηρᾷ,
3572 1382 3672 1436 καὶ

2099 1468 2314 1522 ἅπαντα
2342 1474 2812 1542 κατεργασάμενοι
2844 1474 3058 1543 στῆναι.
3079 1475 3250 1542 Στῆτε
3279 1470 3394 1540 οὖν,
3431 1475 3672 1543 περιζω-

2101 1564 2326 1630 σάμενοι
2370 1564 2467 1634 τὴν
2524 1564 2697 1632 ὀσφὺν
2733 1564 2887 1634 ὑμῶν
2924 1568 2982 1620 ἐν
3033 1565 3286 1636 ἀληθείᾳ,
3321 1565 3411 1618 καὶ
3445 1565 3671 1619 ἐνδυσά-

421 1681 476 1723 et
494 1671 714 1725 calceati
746 1669 998 1738 pedibus,
1028 1677 1086 1721 ut
1146 1670 1321 1737 parati
1344 1669 1466 1722 sitis
1527 1668 1593 1721 ad
1639 1667 1989 1737 Evangelium

2105 1671 2256 1722 μενοι
2287 1655 2378 1708 τὸν
2413 1653 2634 1724 θώρακα
2658 1655 2755 1724 τῆς
2788 1655 3108 1727 δικαιοσύνη
3121 1676 3160 1721 .-,
3191 1657 3284 1710 καὶ
3310 1657 3670 1727 ὑποδησάμε-

425 1758 593 1826 pacis,
622 1774 786 1828 super
813 1758 994 1812 omnia
1020 1765 1303 1825 assumpto
1331 1764 1488 1810 scuto
1516 1754 1658 1820 fidei,
1697 1769 1808 1823 quo
1861 1767 1988 1822 pos-

423 1849 544 1904 sitis
566 1850 943 1920 omniajarula
1000 1849 1124 1902 mali
1175 1849 1322 1903 illius
1381 1847 1552 1916 ignita
1595 1847 1984 1913 exstinguere:

419 1940 1006 2010 galeamquesalutaris
1055 1940 1302 2010 accipite,
1337 1946 1394 1993 et
1443 1938 1679 2009 gladium
1729 1936 1984 2006 Spiritus,

419 2033 512 2101 qui
541 2042 623 2087 est
651 2034 872 2088 verbum
907 2033 1018 2086 Dei.

494 2297 648 2352 Prov.
681 2297 992 2368 xxt.Equus
1023 2305 1244 2366 paratur
1265 2299 1330 2350 ad
1356 2297 1498 2350 diem
1533 2297 1678 2360 belli,
1715 2296 1978 2349 auxilium

419 2401 597 2442 autem
632 2405 660 2443 a
692 2377 918 2442 Dbmino
945 2397 1050 2443 est.

491 2480 864 2539 Sirach.Xlll.
894 2480 1126 2534 Fortiori
1150 2491 1202 2534 et
1222 2479 1402 2534 ditiori
1432 2489 1481 2534 te
1500 2497 1566 2534 ne
1598 2480 1987 2536 communices.

419 2575 560 2640 Quid
605 2573 1028 2628 communicabit
1069 2572 1175 2626 olla
1210 2571 1276 2627 ad
1317 2573 1574 2627 cacabutn
1599 2573 1622 2625 ?
1650 2573 1765 2642 ipsa
1794 2572 1989 2644 impin-

419 2675 527 2736 get,
585 2674 637 2720 et
674 2667 788 2734 ipsa
821 2674 1150 2719 conteretur.

490 2755 612 2809 Diui
644 2754 856 2809 Basilii.
885 2754 1052 2824 Cujus
1100 2753 1271 2823 gratia
1319 2751 1480 2806 vitam
1519 2751 1720 2822 diligis,
1767 2761 1988 2823 propter

421 2848 472 2902 id
508 2849 659 2902 obire
686 2855 914 2900 mortem
951 2860 1013 2898 ne
1043 2844 1279 2899 dubites.

491 2939 677 2993 Robur
701 2952 824 2990 cum
855 2936 1140 3004 prudentia
1159 2935 1336 3006 juvat,
1371 2936 1485 2987 sine
1513 2949 1576 2988 ea
1607 2949 1758 2998 vero,
1787 2933 1986 2989 damno

421 3032 582 3085 allicit
610 3030 977 3099 possidentes.

491 3117 648 3173 Vires
683 3119 803 3174 sine
863 3125 1041 3172 mente
1073 3117 1358 3188 participes
1406 3118 1493 3173 sui
1527 3117 1818 3188 sepulchro
1874 3123 1990 3172 tra-

419 3212 576 3268 dunt.

494 3305 819 3360 Aristotelis.
849 3303 1068 3360 Fortior
1122 3305 1254 3360 mihi
1290 3307 1502 3360 videtur
1542 3305 1628 3361 ille
1661 3306 1755 3376 qui
1787 3303 1991 3375 cupidi-

422 3403 579 3460 tates,
608 3411 768 3465 quam
795 3397 887 3464 qui
914 3395 1095 3450 hostes
1126 3395 1275 3450 vicit.
1315 3394 1529 3450 Etenim
1595 3397 1836 3467 seipsum
1869 3396 1987 3449 vin-

417 3503 543 3544 cere
575 3487 951 3545 dillicillimutn
980 3499 1084 3544 est.

488 3581 667 3638 Fortis
693 3592 902 3638 estnon
935 3584 1109 3638 solum
1131 3583 1222 3653 qui
1243 3591 1462 3652 superat
1480 3583 1684 3649 hostes,
1707 3580 1801 3636 sed
1823 3581 1986 3636 etiam

417 3675 512 3745 qui
547 3675 914 3744 voluptatibus
941 3677 1189 3744 superior
1214 3675 1401 3730 fuerit.
1440 3675 1544 3730 Sed
1570 3715 1586 3740 ,
1621 3691 1653 3730 ο
1711 3676 1987 3731 miseriam

420 3767 714 3820 humanam
747 3767 761 3820 ι
800 3765 957 3820 multi
995 3767 1138 3821 enim
1167 3781 1292 3820 cum
1355 3781 1497 3836 saepe
1546 3768 1730 3822 hosws
1760 3777 1814 3822 et
1851 3767 1988 3825 alios

420 3857 668 3914 homines
730 3857 980 3922 vicerint,
1039 3857 1364 3911 mulieribus
1408 3859 1737 3913 servierunt.
1806 3859 1986 3925 Quare

419 3951 598 4005 modis
646 3951 900 4006 omnibus
945 3950 1240 4005 muliebres
1290 3950 1470 4006 vultus
1535 3950 1785 4020 refugere
1835 3967 1992 4023 opor-

417 4053 516 4100 tet.

489 4135 686 4191 Multos
717 4136 935 4206 quidem
970 4144 1161 4190 natura
1206 4135 1374 4191 fortes
1399 4137 1625 4208 genuit,
1656 4138 1990 4210 experientia

418 4238 599 4283 autem
621 4239 674 4281 et
708 4228 1030 4282 exercitatio
1064 4227 1319 4282 fortiores
1349 4229 1668 4284 effecerunt.

487 4319 741 4391 Agesilai.
765 4318 957 4374 Nullus
988 4329 1070 4374 est
1100 4317 1594 4377 fortitudinis'usus
1628 4323 1851 4378 absente
1899 4323 1987 4394 ju-
2017 4340 2064 4396 ι)

417 4411 562 4466 stitia
597 4430 610 4466 :
649 4412 693 4465 si
727 4425 853 4465 vero
887 4409 1230 4479 omncsjusti
1258 4423 1464 4478 essent,
1503 4411 1827 4472 fortitudine
1848 4415 1987 4471 nihil

414 4515 652 4575 egerent.

787 4595 1021 4652 SERMO
1060 4594 1177 4648 xm
1217 4595 1314 4669 [al.
1344 4595 1480 4669 XL].

1016 4709 1096 4764 De
1107 4709 1346 4778 justitia.

489 4825 756 4880 Matth.v.
788 4823 937 4880 Beati
970 4825 1060 4894 qui
1085 4825 1334 4897 esuriunt
1367 4831 1422 4879 et
1454 4822 1648 4878 sitiunt
1673 4824 1975 4894 justitiam:

297 4964 306 4971 .
415 4917 516 4985 ipsi
549 4917 692 4969 enim
727 4915 1141 4969 saturabnntur.

484 5003 642 5058 Rom.
677 5005 852 5057 xt.An
880 5004 1101 5058 nescitis
1131 5007 1276 5072 quod
1307 5005 1395 5058 cui
1430 5005 1706 5062 exbibetis
1735 5023 1831 5063 vos
1865 5024 1982 5064 ser-

415 5106 512 5146 vos
543 5094 609 5146 ad
639 5093 1026 5155 obedientiam,
1058 5094 1197 5146 servi
1227 5095 1362 5147 estis
1391 5095 1509 5164 ejus
1566 5095 1654 5148 cui
1717 5097 1981 5166 obeditis,

413 5184 527 5239 sive
557 5184 758 5252 peccati
793 5187 858 5239 ad
894 5195 1144 5250 mortem,
1182 5188 1295 5241 sive
1334 5188 1653 5244 obedientite
1690 5191 1758 5245 ad
1815 5193 1982 5262 justi-

414 5273 582 5328 tiam?

479 5362 732 5420 Proverb.
757 5379 864 5418 xw.
891 5365 1106 5420 Justitia
1137 5367 1342 5422 exaltat
1367 5380 1601 5440 gentem,
1639 5370 1972 5429 imminuunt

411 5468 588 5513 autem
629 5458 857 5527 pepulos
890 5467 1133 5526 peccata.

473 5546 721 5604 Pretiosa
750 5563 838 5604 res
866 5549 1042 5604 estvir
1058 5565 1251 5619 purus,
1281 5553 1569 5611 ambulans
1591 5557 1644 5611 in
1677 5557 1778 5612 viis
1800 5558 1971 5628 juSti-

405 5639 511 5693 tiae.

2095 1765 2175 1800 νοι
2214 1748 2339 1808 τοὺς
2368 1748 2533 1810 πόδας
2561 1751 2619 1800 ὲν
2645 1750 2933 1819 ἑτοιμασίᾳ
2966 1746 3060 1804 τοῦ
3094 1748 3430 1817 Εὑαγγελίου
3456 1748 3554 1817 τῆς
3587 1752 3671 1800 εί-

2099 1840 2289 1909 ρήνης,
2321 1839 2412 1892 ἐπὶ
2446 1843 2613 1895 πᾶσιν
2667 1841 3032 1904 ἀναλαόόντες
3076 1840 3167 1893 τὸν
3204 1840 3398 1911 θυρεὸν
3443 1840 3545 1909 τῆς
3577 1842 3671 1893 πί-

2097 1949 2288 1996 στεως,
2329 1934 2387 1985 ἐν
2411 1926 2455 2000 ᾧ
2483 1933 2780 2002 δυνήσεσθε
2817 1934 2995 1986 πάντα
3030 1932 3095 1988 τὰ
3125 1933 3258 2004 βέλη
3298 1932 3393 1985 τοῦ
3427 1931 3667 2002 πονηροῦ

2093 2024 2160 2076 τὰ
2190 2025 2564 2095 πεπυρωμένα
2590 2025 2781 2078 σϐέσαι
2807 2040 2823 2056 ⁸
2849 2027 2946 2080 καὶ
2977 2027 3076 2096 τὴν
3105 2025 3544 2095 περικεφαλαίαν
3568 2024 3665 2078 τοῦ

2096 2114 2367 2184 σωτηρίου
2395 2115 2642 2181 δέξασθε,
2675 2117 2772 2169 καὶ
2797 2117 2894 2185 τὴν
2927 2116 3206 2187 μάχαιραν
3260 2114 3355 2168 τοῦ
3410 2115 3666 2185 Πνεῦμασ

2093 2222 2203 2270 τος,
2240 2207 2266 2258 ὃ
2295 2207 2409 2259 ἐστι
2441 2207 2590 2276 ῥῆμα
2617 2206 2777 2261 Θεοῦ.

2166 2299 2360 2360 Ἵππος
2387 2298 2736 2368 ἐτοιμὰςεται
2766 2299 2846 2362 εἰς
2870 2299 3089 2371 ἡμέραν
3114 2298 3357 2368 πολέμου
3379 2313 3394 2328 ⁸
3432 2299 3585 2369 παρὰ
3609 2299 3664 2352 δὲ

2094 2390 2300 2460 Κυρίου
2339 2391 2372 2460 ή
2408 2389 2658 2461 βοήθεια.

2177 2481 2530 2553 ’ἰσχυροτέρῳ
2589 2499 2684 2535 σου
2759 2480 2835 2552 μὴ
2903 2481 3173 2538 κοινώνει.
3221 2482 3286 2536 Τί
3342 2485 3664 2554 κοινωνήσει

2093 2576 2266 2648 χύτρα
2299 2576 2433 2646 πρὸς
2483 2575 2720 2647 λέϐητα;
2759 2574 2898 2641 αὕτη
2961 2574 3327 2645 προσκρούσει
3377 2575 3474 2629 καὶ
3522 2575 3660 2645 αὕτη

2095 2669 2534 2740 συντριϐήσεται.
3034 2701 3040 2705 -

2212 2758 2243 2818 ὗ
2275 2763 2460 2817 ἕνεκεν
2488 2761 2587 2834 ζῇν
2637 2760 2861 2829 ἐθέλεις,
2889 2761 2986 2815 καὶ
3030 2762 3326 2816 ἀποθανεῖν
3377 2765 3454 2832 μὴ
3505 2766 3664 2818 κατό-

2097 2872 2234 2911 κνει.

2177 2949 2352 3020 ’ἰσχὺς
2385 2948 2527 3018 μετὰ
2560 2948 2659 3019 μὲν
2708 2947 3026 3018 φρονήσεως
3069 2945 3354 3017 ὠφέλησεν
3378 2965 3392 2978 ο
3430 2947 3559 3002 ἄνευ
3607 2950 3660 3002 δὲ

2093 3042 2293 3113 ταύτης
2324 3041 2522 3112 ἔϐλαψε
2551 3042 2679 3106 τοὺς
2706 3043 2952 3112 ἔχοντας.

2175 3135 2351 3206 ’ἰσχὺς
2383 3135 2510 3190 νοῦν
2537 3137 2640 3191 οὐκ
2690 3137 2892 3207 ἔχουσα
2924 3135 3082 3206 τάφῳ
3113 3134 3241 3198 τοὺς
3284 3135 3660 3206 ἐμπίπτοντας

2091 3227 2482 3296 παραδίδωσιν.

2175 3317 2567 3389 Ἀνδρειὸτερος
2598 3315 2740 3374 εἷναί
2772 3337 2863 3390 μοι
2892 3322 3041 3376 δοκεῖ
3071 3323 3100 3376 ὁ
3144 3323 3253 3378 τῶν
3285 3323 3594 3394 ὶπιθυμιῶν
3623 3324 3655 3396 ἢ

2091 3410 2198 3464 τῶν
2231 3413 2503 3480 πολεμίων
2534 3414 2772 3483 κρατῶν.
2814 3415 2922 3468 Καὶ
2950 3415 3059 3487 γὰρ
3092 3417 3480 3489 χαλεπώτατόν
3515 3421 3659 3475 ἐστιν

2091 3503 2284 3559 ἑαυτὸν
2319 3505 2564 3576 νικῆσαι.

2177 3601 2448 3669 Ἀνδρείος
2471 3601 2532 3654 οὐ
2561 3601 2724 3670 μόνον
2754 3603 2783 3656 ὁ
2813 3601 3034 3672 κρατῶν
3065 3604 3171 3656 τῶν
3204 3603 3502 3671 πολεμίων,
3528 3603 3656 3654 ἀλλὰ

2091 3693 2184 3746 καὶ
2213 3695 2240 3746 ὁ
2273 3693 2381 3747 τῶν
2415 3692 2619 3762 ἡδονῶν
2666 3692 2954 3762 κρείσσων.
2999 3694 3140 3748 Ἀλλ’
3166 3696 3212 3748 ῶ
3253 3694 3354 3766 τῆς
3385 3694 3656 3766 ἀνθρωπί-

2092 3802 2188 3853 νης
2235 3785 2650 3854 ταλαιπωρίαςι
2687 3785 2770 3840 ὅτι
2826 3786 3012 3840 πολλοὶ
3065 3787 3324 3851 πολλάκις
3387 3786 3657 3856 πολεμίων

2091 3874 2421 3943 κρατοῦντες
2475 3876 2568 3928 καὶ
2628 3875 2806 3929 ἄλλων
2860 3874 3046 3942 τινῶν,
3109 3875 3362 3944 γυναιξὶν
3416 3876 3654 3930 ἐδούλευ-

2091 3981 2214 4020 σαν.
2264 3966 2356 4017 Δεῖ
2405 3963 2496 4019 οὖν
2533 3965 2682 4039 πάσῃ
2718 3966 2947 4036 δυνάμει
3007 3967 3102 4031 τὰς
3140 3967 3459 4038 γυναικείας
3507 3967 3652 4038 ὄψεις

2089 4055 2406 4124 ἐκφεύγειν.

2162 4148 2396 4210 Πολλοὺς
2439 4147 2540 4220 μὲν
2572 4150 2605 4217 ἠ
2639 4148 2799 4217 φύσις
2847 4148 3125 4220 ἀνδρείους
3176 4149 3460 4216 ὑπέδειξε*
3491 4153 3649 4222 πεῖρα

2089 4243 2147 4296 δὲ
2177 4243 2269 4295 καὶ
2297 4241 2580 4311 γυμνασία
2607 4241 3016 4312 ἀνδρειοτέρους
3047 4243 3410 4314 κατέστησεν.

2173 4333 2447 4402 Ἀνδρείας
2498 4331 2652 4384 οὐδὲν
2693 4331 2908 4399 ὄφελος,
2941 4332 3017 4402 μὴ
3068 4333 3348 4404 παρούσης
3385 4334 3647 4389 δικαιοσύ-

2093 4442 2208 4495 νης.
2240 4425 2301 4477 Et
2333 4424 2392 4476 δὲ
2431 4423 2634 4478 δίκαιοι
2681 4424 2883 4488 πάντες
2929 4425 3191 4493 γένοιντο,
3213 4426 3372 4482 οὐδὲν
3403 4426 3647 4497 ἀνδρείας

2087 4519 2391 4590 δεήσονται.

2700 4608 2918 4663 ΛΟΓΟΣ
2949 4609 3052 4663 ΙΓ¹⁶

2581 4724 2722 4793 Περὶ
2745 4725 3160 4793 δικαιοσύνης.

2157 4837 2432 4906 Μακάριοι
2477 4837 2525 4891 0t
2557 4835 2847 4898 πεινῶντες
2879 4837 2972 4888 καὶ
3019 4835 3281 4905 διψῶντες
3316 4835 3415 4908 τὴν
3445 4837 3633 4891 δικαιο-

2088 4926 2277 4999 σύνην,
2314 4929 2393 4981 ὅτι
2420 4929 2573 4982 αὐτοὶ
2605 4928 3087 4999 χορτασθήσονται.

2159 5010 2274 5073 Οὐκ
2307 5019 2485 5072 οἴδατε
2535 5021 2617 5073 ὅτι
2646 5013 2690 5086 ᾧ
2737 5020 3100 5089 παριστάνετε
3147 5020 3379 5084 ἑαυτοὺς
3433 5021 3635 5081 δούλους

2083 5113 2165 5170 είς
2208 5112 2478 5182 ὑπακοὴν,
2513 5112 2688 5165 δοῦλοί
2727 5115 2851 5166 ὲστε
2889 5107 2933 5181 ᾧ
2963 5115 3291 5174 ὑπακούετε,
3323 5116 3439 5186 ἤτοι
3472 5115 3634 5185 ἁμαρ-

2079 5201 2195 5263 τίας
2223 5204 2301 5263 εἰς
2336 5201 2584 5265 θάνατον,
2619 5201 2652 5272 ἦ
2686 5202 2937 5272 ὑπακοῆς
2969 5205 3050 5267 είς
3079 5204 3469 5276 δικαιοσύνην;

2152 5379 2479 5450 Δικαιοσύνη
2517 5382 2644 5452 ὑψοί
2669 5381 2840 5450 ἔθνος,
2875 5384 3160 5441 ὲλασσοῡσι
3188 5387 3245 5440 δὲ
3278 5388 3450 5456 φυλὰς
3472 5387 3632 5458 ἁμαρ-

2083 5471 2216 5523 τίαι.

2155 5563 2275 5631 Κτῆ
2286 5581 2361 5630 μα
2388 5565 2568 5631 τίμιον
2593 5566 2732 5637 ἀνὴρ
2757 5569 3016 5638 καθαρὸς,
3043 5573 3408 5642 πορευόμενος
3435 5575 3491 5629 ὲν
3507 5571 3626 5632 ὁδοῖς

2081 5654 2444 5726 δικαιοσύνης.
