3980 6248
382 202 492 261 805

381 415 481 466 καὶ
508 414 690 475 δόξαν.

469 508 752 577 Ὀρύσσων
817 507 1010 582 βόθρον
1035 513 1111 584 τῷ
1144 514 1372 586 πλησίον
1406 520 1725 586 ἐμπεσεῖται
1755 520 1836 579 είς
1867 520 1960 573 αύ-

381 599 498 652 τόν.

459 691 611 760 Ζυγά
644 692 850 760 δίκαια,
881 696 978 748 καὶ
1015 698 1190 769 μέτρα
1242 701 1446 772 δίκαια,
1475 707 1568 760 καὶ
1599 709 1728 779 χοῦς
1753 709 1959 774 δίκαιος
2001 689 2008 698 ’

382 782 542 836 ἔσται
575 786 724 855 ὑμῖν.

455 877 820 949 Δικαιοσύνην
855 883 1076 951 μάθετε,
1112 885 1160 938 οἱ
1199 888 1535 954 ἐνοικοῦντες
1579 895 1672 946 ἐπὶ
1703 896 1804 963 τῆς
1831 901 1955 966 γῆς.

474 967 533 1019 't)
563 970 660 1036 τὴν
694 971 871 1042 ἀληθῆ
923 974 1278 1047 δικαιοσύνην
1328 981 1402 1052 μὴ
1461 983 1602 1051 ἔχων
1655 1005 1959 1056 προεναπο-

381 1060 648 1127 κειμένην
678 1065 841 1118 αὐτοῦ
883 1069 947 1136 τῇ
987 1067 1159 1140 ψυχῇ,
1191 1071 1307 1123 ἀλλ’
1344 1073 1376 1143 ἢ
1423 1078 1670 1146 χρήμασι
1699 1081 1957 1151 διεφθαρ-

386 1151 572 1217 μέως,
609 1153 642 1222 ἢ
677 1156 832 1226 φιλίᾳ
881 1163 1259 1232 χαριζόμενος,
1307 1167 1339 1235 ἢ
1387 1168 1556 1240 ἔχθρᾳ
1589 1173 1952 1241 ἀμυνόμενος,

1195 205 1360 267 LOCl
1406 209 1840 272 COMMUNES.
1883 237 1948 248 --
1989 213 2183 275 PARS
2223 216 2273 276 Ι.
2313 216 2568 276 SERMO
2610 219 2775 280 Xlll.

471 321 621 383 Ὀδὶις
655 321 1000 394 δικαιοσύνης
1035 327 1131 381 καὶ
1167 328 1542 401 ὲλεημοσύνης
1569 333 1789 400 εὑρήσει
1825 333 1970 402 ζωὴν
1999 334 2042 389 Δ

2157 336 2249 390 Via
2270 338 2497 406 justitize
2521 350 2574 393 et
2627 338 3029 404 misericordiae,
3091 341 3325 409 reperiet
3377 341 3539 396 vitam
3594 353 3648 398 ct

2078 429 2330 498 gloriam.

2144 516 2248 582 Qui
2292 518 2428 573 fodit
2462 518 2672 575 foveam
2704 523 2956 591 proximo
3011 537 3128 587 suo,
3179 522 3382 578 incidet
3409 523 3464 578 in
3492 539 3634 579 eam.

2137 696 2304 751 Levii.
2345 714 2456 752 ιιι.
2498 698 2730 752 Stateraa
2771 701 2949 768 justm,
2982 709 3038 754 et
3068 701 3303 770 pondera
3357 702 3528 774 iusta,
3589 714 3646 761 et

2070 792 2295 856 congius
2321 792 2501 860 justus
2519 795 2624 845 erit
2654 793 2830 848 vobis.

2143 882 2256 936 Isa.
2291 883 2490 938 Discite
2516 884 2782 952 justitiam
2827 886 2914 954 qui
2952 886 3206 941 habitatis
3235 891 3284 942 in
3320 898 3492 947 terra.

2139 974 2259 1026 Divi
2291 973 2498 1027 Basilii.
2527 976 2626 1039 Qui
2687 991 2872 1028 veram
2925 978 3189 1044 justitiam
3220 995 3328 1034 non
3405 982 3556 1049 prius
3584 983 3636 1036 in

2064 1066 2246 1120 animo
2277 1069 2570 1135 repositam
2609 1068 2787 1133 habet,
2815 1073 2908 1124 sed
2942 1073 3299 1138 autpecnniis
3322 1074 3427 1142 22
3449 1089 3638 1128 curru-

2062 1169 2188 1228 plus
2221 1168 2324 1221 est,
2361 1167 2457 1213 aut
2482 1159 2740 1212 amicitiae
2775 1160 3132 1229 gratilicalur,
3172 1172 3265 1217 aut
3292 1165 3632 1220 inimicitiam

383 1241 417 1311 ἢ
460 1243 782 1301 δυναστείαν
807 1250 1252 1324 δυσωπούμενος,
1282 1259 1342 1311 τὸ
1385 1261 1558 1330 κρίμα
1599 1266 1956 1321 κατευθύνειν

2082 1251 2365 1311 tlciscitnr,
2384 1259 2477 1305 aut
2496 1252 2733 1319 potentia
2751 1263 3144 1320 commovetur,
3167 1263 3370 1308 rectum
3396 1257 3636 1325 proferre

380 1333 440 1384 οὐ
473 1334 718 1393 δύναται.

457 1430 782 1503 Δικαιοσύνη
802 1437 944 1490 ἐστὶν
973 1438 1084 1506 ἕξις
1100 1440 1477 1514 ἀπονεμητικὴ
1506 1446 1598 1500 τοῦ
1624 1453 1746 1504 κατ’
1762 1451 1917 1516 ἀξίαν
1937 1471 1952 1487 ο

381 1524 722 1598 δυσθήρατον
748 1533 804 1586 δὲ
839 1536 1018 1600 τοῦτο,
1056 1539 1164 1592 τῶν
1195 1543 1296 1609 μὲν
1325 1543 1411 1597 διά
1441 1545 1500 1598 τὸ
1531 1549 1660 1617 περὶ
1692 1551 1791 1618 τὴν
1824 1552 1954 1620 φρό-

2057 1341 2324 1412 judiciutn
2353 1342 2562 1411 nequit.

2129 1437 2347 1493 Iustitia
2392 1449 2476 1494 est
2508 1441 2751 1505 habitus,
2782 1443 3079 1504 secundum
3109 1443 3429 1515 dignitatem
3477 1459 3630 1499 suam

2061 1531 2262 1600 cuique
2291 1531 2557 1585 tribuens.
2594 1529 2708 1585 Hoc
2739 1542 2920 1585 autem
2958 1535 3221 1601 consequi
3259 1536 3492 1589 arduum
3525 1545 3630 1596 est,

383 1636 544 1686 νησιν
569 1622 786 1689 ἐλλιπὲς
816 1628 912 1700 οὐχ
948 1631 1314 1701 εὑρισκόντων
1345 1638 1560 1709 ἑκάστῳ
1586 1612 1954 1709 διανεῖμαιυτδ
1987 1689 1991 1709 ,

2081 1638 2183 1676 :nm
2217 1624 2306 1676 alii
2341 1612 2641 1693 prudentiae
2695 1624 3011 1694 ingeniique
3046 1624 3265 1679 defectu
3296 1625 3634 1696 quidsingu-

382 1710 521 1776 ἴσον,
553 1714 662 1768 τῶν
693 1717 748 1770 δὲ
769 1687 957 1774 Ἵδιάιτδ
1009 1687 1474 1796 προκατέχεσθαι*
1987 1689 1991 1741 ἓ

2081 1715 2126 1768 is
2162 1715 2370 1782 aequale
2397 1725 2451 1769 et
2479 1731 2782 1784 congruunt
2822 1716 3154 1770 distribuant
3216 1718 3463 1772 invenire
3520 1733 3628 1770 non

382 1804 676 1873 θρωπίνων
705 1811 1074 1878 ἀφανιζόντων
1105 1817 1166 1872 τὸ
1192 1820 1422 1876 δίκαιον.

451 2073 592 2128 Οὔτε
628 2079 836 2145 πάντας
871 2082 1106 2140 ἐνταῦθα
1134 2088 1356 2145 ἀπαιτεῖ
1395 2092 1552 2164 δίκην
1587 2096 1617 2148 ὁ
1668 2096 1819 2162 Θεὸς,
1859 2099 1948 2152 ἵνα

378 2167 470 2261 μὴγ
512 2169 767 2261 ἀπογνῷς
803 2174 902 2244 τὴν
954 2176 1276 2247 ἀνάστασιν,
1341 2185 1435 2236 καὶ
1483 2185 1792 2261 ἀπελπίσῃς
1849 2192 1948 2260 τὴν

375 2260 582 2326 κρίσιν,
613 2260 689 2325 ὡς
722 2265 940 2320 πάντων
993 2269 1228 2326 ἐνταῦθα
1278 2274 1530 2330 διδόντων
1577 2260 1773 2347 λόγον’
1823 2280 1948 2336 οὕτε

375 2348 562 2403 πάντα
591 2351 815 2423 ἀφίησιν
856 2356 1168 2429 ἀτιμωρητὶ
1207 2364 1485 2432 ἀπελθεῖν,
1524 2369 1612 2423 ἵνα
1661 2371 1736 2440 μὴ
1781 2371 1947 2426 πάλιν

371 2441 689 2514 ἀπρονόητα
720 2445 858 2502 εἶναι
897 2450 962 2503 τὰ
994 2451 1168 2507 πάντα
1196 2457 1449 2532 νομίσῃς.

422 2620 776 2764 ῑΔικαιοσύνη
818 2624 1035 2694 λέγεται
1067 2631 1103 2696 ἡ
1147 2630 1334 2686 ἅπασα
1375 2634 1472 2706 τῆς
1509 2636 1690 2709 ψυχῆς
1727 2641 1944 2707 φιλοσο-

441 2728 501 2764 α.

372 2728 501 2777 φια.

453 2811 776 2883 Δικαιοσύνη
825 2815 974 2868 ἐστὶν
1007 2817 1040 2887 ἡ
1083 2817 1274 2872 πασῶν
1319 2819 1427 2874 τῶν
1455 2822 1691 2879 ἐντολῶν
1721 2825 1946 2898 πλήρω-

375 2918 484 2965 σις.

448 2993 522 3045 Οὐ
549 2993 774 3047 δύναται
806 2995 839 3062 ἠ
868 2995 1181 3068 ἀνθρωπίνη
1218 3000 1380 3069 φύσις
1419 3003 1553 3056 αὐτὸ
1599 3007 1857 3077 καθαρῶς
1885 3009 1948 3062 τὸ

370 3083 586 3137 δῐκαιον
610 3087 668 3138 ὲν
693 3086 838 3158 ψυχῇ
869 3087 1186 3159 θεάσασθαι,
1218 3093 1288 3148 τὰ
1326 3095 1497 3150 πολλά
1527 3097 1636 3152 τῶν
1662 3099 1945 3171 λογισμῶν

372 3180 406 3227 ἀ
417 3175 826 3244 μσλυώττουσα.

461 3269 550 3332 Ὠς
571 3272 767 3340 ἔοικεν,
792 3275 824 3342 ἡ
855 3275 1172 3350 δικαιοσύνη
1198 3282 1542 3350 τετράγωνός
1561 3287 1701 3352 ἐστι,
1737 3288 1941 3343 πάντο-

371 3362 471 3414 θεν
495 3364 585 3436 ἴση
614 3365 710 3417 καὶ
738 3367 924 3436 ὁμοία.

457 3453 524 3508 Ἦ
569 3455 664 3510 τοῦ
711 3458 846 3513 Θεοῦ
888 3461 1256 3534 δικαιοκρισία
1315 3468 1433 3531 ταῖς
1482 3469 1783 3542 ἡμετέραις
1831 3472 1945 3526 δια-

373 3549 596 3602 θέσεσιν
623 3549 990 3619 ἐξομοιοῦται,
1013 3556 1108 3608 καὶ
1133 3549 1330 3627 οἷάπερ
1360 3557 1428 3611 ἀν
1458 3561 1528 3613 τὰ
1551 3560 1683 3629 παρ’
1711 3558 1943 3634 ήμῶνῇ,

371 3639 602 3695 τοιαῦτα
637 3642 769 3713 ἡμῖν
793 3643 860 3698 ἐκ
893 3643 999 3699 τῶν
1030 3646 1234 3717 ὁμοίων
1259 3648 1704 3722 ἀντιπαρέχεται.

448 3819 522 3874 Οὐ
557 3820 788 3892 λέγομεν
819 3826 1035 3893 φονέας,
1067 3827 1101 3899 η
1128 3827 1377 3898 αἱμάτων
1406 3829 1627 3901 ἀνδρας,
1650 3833 1777 3894 τοὺς
1804 3833 1945 3889 κατὰ

370 3911 554 3978 θείους
603 3915 803 3986 νόμους
844 3919 1272 3987 ἀποκτείνοντας
1308 3922 1436 3986 τοὺς
1471 3923 1656 3988 ἀξίους
1700 3923 1796 3979 τοῦ
1838 3943 1945 3980 πα-

369 4007 510 4073 θεῖν,
545 4007 620 4070 ὡς
658 4009 780 4062 οὐδὲ
811 4009 1068 4082 Σαμουὴλ
1094 4013 1190 4067 καὶ
1219 4013 1430 4070 Ἠλίαν.

505 4186 784 4242 Ἀδικείτω
821 4206 890 4260 με
921 4189 1197 4260 πλούσιος,
1231 4194 1325 4248 καὶ
1365 4195 1440 4267 μὴ
1475 4196 1660 4269 πένης.

495 4362 654 4436 Ῥᾷον
691 4367 882 4439 φέρειν
907 4371 1018 4440 γὰρ
1044 4372 1364 4442 κρειττόνων
1394 4377 1703 4446 τυραννίδα.

455 4548 881 4622 ’Λγωνιζὸμενος
913 4553 1053 4626 ὑπὲρ
1078 4548 1142 4610 οὗ
1175 4557 1384 4621 ἀδίκως·
1406 4557 1651 4630 ἔπραξας
1678 4603 1692 4628 ,
1719 4561 1801 4627 δὶς
1831 4563 1943 4618 ἀδι-

371 4644 595 4716 κήσεις.

492 4739 661 4810 Ἀνὴρ
689 4742 896 4806 δίκαιός
920 4745 1066 4796 ἐστιν
1096 4744 1194 4813 οὐχ
1220 4743 1248 4794 ὁ
1285 4743 1357 4814 μὴ
1385 4743 1606 4809 ἀδικῶν,

491 4829 632 4883 Ἀλλ’
659 4832 808 4894 ὅστις
836 4833 1040 4886 ἀδικεῖν
1065 4832 1384 4903 δυνάμενος,
1417 4838 1480 4887 οὐ
1515 4834 1782 4904 βούλεται.

446 4919 512 4974 Ei
548 4920 728 4990 βούλει
760 4924 858 4987 τὰς
905 4924 1118 4996 κρίσεις
1146 4924 1362 4988 δικαίας
1396 4927 1691 4992 ποιεῖσθαι,
1735 4931 1943 4999 μηδένα

366 5012 481 5066 τῶν
515 5014 888 5085 δικαζομένων
936 5016 1033 5069 καὶ
1064 5017 1552 5086 δικαιολογούντων
1586 5021 1940 5090 ὲπιγίνωσκε,

366 5099 486 5152 ἀλλ’
523 5100 692 5170 αὐτὴν
714 5101 814 5172 τὴν
850 5102 1027 5174 δίκην.

458 5191 731 5266 ’Δσφαλὴς
765 5197 888 5264 (ea;
935 5199 1097 5261 τόπος
1143 5199 1222 5270 τῷ
1265 5199 1430 5266 ζῶντι
1479 5201 1617 5271 μετά
1665 5203 1940 5258 δικαιοσύ-

367 5301 489 5352 νης.

444 5379 700 5450 Χρηστοῦ
731 5381 863 5451 πρὸς
891 5383 1082 5451 ἀνδρὸς
1115 5385 1280 5456 μηδὲν
1302 5388 1514 5442 ὑπονόει
1541 5390 1730 5442 κακόν.

481 5469 701 5535 Δίκαιος
735 5474 843 5544 γάρ
859 5474 1064 5528 ἀδικεῖν
1096 5478 1194 5530 οὐκ
1221 5480 1510 5533 ἐπίσταται
1542 5481 1760 5551 τρόπος.

441 5560 635 5614 Δίκαια
678 5564 776 5632 μὲν
822 5566 930 5636 γὰρ
960 5567 1205 5635 λέγοντες
1240 5571 1441 5632 πολλοὶ,
1471 5571 1632 5625 ἀδικα
1681 5572 1936 5627 ποιοῦσιο

365 5651 557 5706 δίκαια
581 5652 638 5705 δὲ
665 5655 1020 5724 πραττόντων
1053 5657 1160 5711 οὐδ’
1187 5657 1253 5712 ἂν
1289 5654 1368 5724 εἷς
1400 5662 1585 5725 ἄδικος
1614 5663 1720 5732 είη.

2059 1810 2289 1878 possint,
2328 1808 2418 1862 alii
2447 1824 2596 1872 vero,
2617 1808 2878 1878 quoniam
2909 1808 3629 1879 aiiectibnshnmanis'prius

2057 1906 2378 1968 occupatum
2451 1897 2654 1952 habent
2727 1897 2995 1963 animum,
3081 1896 3352 1965 justitiam
3408 1896 3625 1952 oblitte-

2059 2000 2194 2043 I‘Clll.

2126 2076 2402 2149 Chrysast.
2432 2078 2573 2133 Deus
2607 2077 2661 2132 in
2691 2078 2792 2133 hoc
2830 2077 3032 2132 mundo
3065 2092 3244 2145 neque
3275 2079 3341 2132 ab
3375 2079 3628 2134 omnibus

2055 2184 2269 2240 pinnam
2305 2169 2494 2237 sumit,
2523 2184 2590 2223 ne
2607 2170 2859 2238 desperes
2889 2171 3365 2233 resurrectionem,
3401 2180 3454 2224 et
3507 2171 3628 2226 ani-

2055 2275 2203 2312 mum
2243 2258 2310 2312 de
2341 2258 2546 2320 futuro,
2582 2249 2790 2329 judicio
2813 2261 3176 2328 despondeas,
3213 2272 3470 2330 tanquam
3506 2276 3629 2316 om-

2055 2350 2217 2405 nibus
2249 2351 2336 2405 hic
2359 2351 2413 2404 in
2443 2351 2734 2421 praesentia
2770 2351 3038 2407 rationem
3100 2351 3456 2406 reddentibus
3490 2369 3504 2407 :
3533 2367 3627 2406 ne-

2053 2460 2158 2514 que
2183 2459 2372 2498 omnes
2403 2445 2620 2513 impune
2655 2445 2785 2500 sinit
2847 2446 3020 2509 abire,
3075 2461 3141 2499 ne
3193 2459 3386 2499 rursus
3444 2446 3626 2500 omnia

2053 2538 2191 2592 citra
2219 2536 2623 2592 Providentiam
2648 2538 2866 2592 evenire
2895 2549 3073 2606 putes.

2121 2627 2342 2683 Iustitia
2379 2630 2691 2683 nominatur
2725 2631 2974 2685 universa
3031 2630 3228 2684 animae
3259 2628 3623 2700 philosophia.

2122 2807 2406 2864 Methodii.
2438 2809 2656 2866 Justitia
2691 2819 2777 2866 est
2801 2810 3046 2866 omnium
3115 2820 3510 2879 praeceptorum
3540 2810 3626 2864 in-

2055 2909 2205 2971 tegra
2241 2903 2574 2960 observatio.

2123 2995 2328 3050 Natura
2360 2994 2598 3049 humana
2633 3010 2740 3049 non
2775 3002 2953 3064 potest
3012 2992 3184 3061 ipsam
3245 2992 3513 3062 justitiam
3567 2992 3621 3047 in

2051 3087 2231 3141 anima
2259 3101 2392 3154 pure
2423 3085 2762 3155 conspicere,
2796 3101 2920 3140 cum
2954 3085 3008 3139 in
3043 3084 3318 3156 plerisque
3339 3084 3625 3154 cogitatio-

2047 3181 2210 3234 nibus
2239 3177 2504 3234 caecutiat.

2116 3268 2358 3334 Iustitia,
2391 3277 2448 3322 ut
2488 3267 2720 3333 videtur,
2767 3266 3033 3337 quadrata
3098 3275 3200 3332 est,
3264 3264 3624 3336 undecunque

2045 3361 2274 3430 aequalis
2310 3374 2376 3413 ac
2413 3358 2518 3414 sibi
2557 3357 2776 3414 similis.

2118 3452 2330 3508 Justum
2379 3451 2468 3507 Dei
2493 3452 2762 3522 judicium
2795 3449 3388 3508 nostrisaﬂectionibus
3405 3463 3621 3504 accom-

2047 3546 2318 3606 modatur.
2345 3555 2400 3600 et
2429 3545 2848 3615 qualesquidem
2897 3558 2985 3600 res
3031 3553 3226 3598 nostrae
3249 3541 3621 3610 fuerint,qun-

2047 3653 2153 3707 que
2179 3652 2239 3692 se
2271 3637 2559 3692 habuerint
2581 3637 2762 3703 modo,
2796 3636 2956 3691 talem
3003 3635 3308 3704 eodemque
3340 3635 3501 3689 modo
3528 3648 3619 3689 re-

2047 3730 2400 3784 tributionem
2434 3728 2714 3783 sortimur.

2118 3817 2462 3889 Cyrilli.Non
2510 3817 2844 3887 appellamus
2901 3815 3619 3886 homicidasautsanguina-

2047 3911 2158 3965 rios
2206 3911 2324 3964 illos
2345 3909 2610 3978 quijuxta
2641 3910 2785 3979 leges
2807 3908 3017 3963 divinas
3051 3908 3616 3963 occiderinthomines

2047 4003 2243 4074 dignos
2266 4001 2362 4072 qui
2396 4014 2627 4058 mortem
2659 4010 3075 4070 paterentur,ut
3104 4016 3281 4072 neque
3308 3998 3612 4054 Samuelem

2045 4103 2101 4148 et
2117 4092 2309 4148 Eliam.

2121 4184 2427 4242 Menandri.
2453 4184 2712 4257 iniuriam
2747 4185 2898 4241 dives
2929 4185 3125 4242 inferat
3158 4185 3313 4268 mihi,
3340 4200 3448 4239 non
3478 4199 3616 4254 pau-

2047 4290 2168 4345 per.

1975 4378 2022 4434 ι)
2121 4365 2362 4425 Facilius
2411 4370 2556 4424 enim
2605 4379 2689 4425 est
2717 4367 2857 4425 ferre
2891 4371 3232 4441 tyrannidem
3270 4371 3613 4442 praestantio-

2045 4475 2190 4513 rum.
2250 4493 2262 4514 τ

2123 4550 2397 4606 Clitarchi.
2435 4551 2780 4608 Contendens
2811 4553 2877 4606 ad
2936 4551 3336 4606 defendendum
3391 4551 3442 4605 id
3469 4551 3610 4620 quod

2045 4641 2246 4710 injuste
2271 4641 2465 4706 fecisti,
2490 4643 2572 4696 his
2621 4643 2922 4708 delinqucs.

2121 4731 2370 4800 Epicteti.
2404 4731 2493 4784 Vir
2519 4733 2701 4800 justus
2721 4741 2822 4796 est,
2859 4749 2964 4785 non
2992 4733 3082 4801 qui
3111 4732 3362 4800 iniuriam
3390 4748 3498 4788 non
3531 4732 3611 4788 fa-

2043 4823 2136 4888 cit,
2169 4826 2261 4878 sed
2297 4824 2389 4891 qui
2418 4838 2539 4876 cum
2583 4821 2759 4876 facere
2789 4821 2978 4890 possit,
3007 4838 3113 4876 non
3152 4823 3284 4878 vult.

2115 4915 2172 4971 Si
2199 4914 2620 4982 voluerisjnstas
2655 4919 3008 4982 pronuntiare
3031 4916 3351 4982 sententias,
3405 4917 3608 4972 nullum

2043 5024 2229 5064 eorum
2260 5008 2353 5078 qui
2397 5008 2608 5078 litigant
2629 5015 2683 5061 et
2713 5021 2934 5061 causam
2963 5007 3174 5074 dicunt,
3199 5008 3288 5061 sed
3323 5009 3497 5078 ipsum
3521 5010 3610 5082 jus

2044 5101 2378 5171 cognoscito.

2113 5196 2303 5250 Omnis
2329 5194 2484 5249 locus
2532 5192 2738 5248 homini
2779 5209 2900 5249 cum
2952 5195 3162 5264 justitia
3208 5201 3408 5258 viventi
3460 5209 3606 5258 tutus

2042 5300 2144 5342 CSI.

2114 5377 2187 5431 De
2219 5377 2436 5433 homine
2464 5379 2635 5447 probo
2666 5379 2800 5434 nihil
2821 5383 3102 5450 suspicare
3131 5387 3277 5439 mali.

2111 5470 2324 5525 Justum
2361 5470 2505 5525 enim
2537 5471 2812 5541 ingenium
2837 5473 3100 5543 .injuriam
3129 5476 3308 5532 facere
3341 5477 3531 5532 nescit.
3623 5467 3630 5474 ”

2114 5562 2494 5630 Χεηορίιοηιξε.
2520 5563 2669 5617 Multi
2696 5564 2920 5630 etenim,
2945 5568 3091 5634 jnsta
3120 5569 3380 5632 dicentes,
3407 5569 3605 5632 iniusta

2043 5655 2271 5711 iaciunt.
2307 5655 2523 5712 Illorum
2565 5669 2691 5710 vero
2729 5657 2821 5727 qui
2855 5659 2998 5727 iusta
3020 5660 3225 5715 faciunt
3252 5675 3410 5715 nemo
3437 5659 3605 5717 fuerit

2049 5747 2305 5815 injustus.
