3980 6248
460 251 570 319 80³7

459 462 504 518 si
539 477 666 518 vero
697 463 827 532 justi
851 479 1040 520 omnes
1077 464 1302 531 fuerint,
1354 465 1675 523 fortitudine
1727 470 1860 523 nihil
1890 486 2027 538 opus

461 556 759 612 habebunt.

780 649 885 718 23
928 646 1160 705 SERMO
1203 650 1315 704 xw
1358 651 1456 724 [αι.
1495 652 1710 725 LXIV].

464 758 538 812 De
571 762 889 831 virginitate,
933 774 980 816 et
1032 767 1298 828 castitate,
1355 777 1404 821 et
1456 771 1819 838 temperantia,
1851 779 1901 824 et
1931 787 2029 823 nu-

1043 838 1167 903 ptiis
1195 839 1440 891 honestis.

530 921 724 977 Matth.
755 939 865 980 xtx.
903 923 1018 979 Non
1047 943 1236 983 omnes
1265 931 1486 998 capiunt
1516 931 1618 988 hoc
1649 931 1897 998 verbum,
1932 932 2023 987 sed

457 1015 655 1082 quibus
688 1017 870 1071 datum
901 1028 1004 1074 est.

527 1104 670 1162 Ibid.
705 1109 846 1163 Sunt
877 1113 1134 1178 etumeiti,
1167 1115 1258 1183 qui
1286 1117 1354 1168 ah
1381 1124 1534 1171 utero
1559 1116 1751 1173 matris
1779 1117 2021 1186 ipsorum

456 1200 526 1253 ita
555 1202 662 1254 nati
697 1212 847 1262 sunt,
879 1213 984 1258 etc.

527 1289 667 1346 Ibid.
721 1310 772 1348 v.
819 1293 1052 1350 lntuitus
1111 1298 1392 1352 mulierem
1427 1300 1501 1354 ita
1551 1310 1607 1355 ut
1667 1298 2024 1366 concupiscat

453 1401 594 1449 eam,
632 1386 743 1454 jam
785 1389 1112 1444 adulterium
1146 1407 1268 1445 eum
1328 1407 1390 1446 ea
1452 1393 1729 1448 commisit
1775 1393 1828 1446 in
1861 1393 2025 1448 corde

456 1493 578 1533 SlIO.

525 1569 667 1626 Ibid.
702 1589 816 1629 χιι.
849 1572 1002 1640 Quod
1036 1574 1198 1644 igitur
1228 1575 1372 1630 Deus
1417 1577 1726 1647 conjunxit,
1761 1581 1926 1638 homo
1957 1599 2025 1638 ne

455 1674 691 1732 separet.

525 1755 765 1811 ITltess.
825 1773 897 1812 tv.
960 1759 1352 1829 l‘nusquisque
1411 1772 1651 1817 vestrum
1721 1777 1816 1818 vas
1863 1780 2023 1821 suum
2060 1734 2100 1791 Β

451 1851 730 1918 possideat
761 1865 884 1904 cum
925 1855 1355 1908 sanctiﬁcatione
1378 1865 1432 1910 et
1467 1855 1696 1922 honore,
1742 1871 1852 1910 non
1902 1871 2022 1911 cum

454 1943 648 1998 achctu
718 1944 1192 2014 concupiscentire,
1274 1946 1738 2016 quemadmodum
1817 1957 2028 2004 cetera}

454 2045 670 2106 gentes.

528 2128 721 2198 Ephes.
757 2144 830 2184 tv.
888 2127 1003 2184 Non
1061 2131 1294 2200 amplius
1341 2132 1633 2200 ambulate,
1667 2133 2028 2205 quemadmo-

454 2222 582 2276 dum
616 2231 669 2277 et
701 2223 920 2292 reliquae
943 2234 1132 2294 gentes
1164 2224 1444 2280 ambulant
1475 2225 1531 2280 in
1559 2226 1798 2282 vanitate
1829 2227 2028 2282 mentis

455 2315 720 2385 ipsorum.
1595 2307 1603 2314 ι

525 2407 676 2464 Rom.
713 2425 811 2463 xu.
855 2410 1120 2467 Exhibete
1173 2426 1403 2483 corpora
1459 2421 1641 2468 vestra
1690 2413 2025 2470 sacriﬁcium

452 2499 661 2566 vivum,
699 2509 975 2565 sanctum,
1001 2502 1398 2570 beneplacitum
1435 2503 1563 2562 Deo.

522 2589 835 2664 Gloriiicate
873 2593 1041 2646 Deum
1085 2593 1137 2646 in
1177 2595 1438 2649 membris
1479 2597 1696 2652 vestris.

521 2681 833 2738 Gloriﬁcale
869 2684 1036 2738 Deum
1072 2685 1123 2739 in
1157 2701 1384 2755 corpore
1413 2697 1595 2742 vestro
1629 2699 1680 2742 et
1712 2691 1768 2744 in
1805 2689 2022 2759 spiritu,

450 2789 572 2842 quae
605 2774 827 2841 quidem
862 2775 956 2828 Dei
990 2783 1139 2830 sunt.

519 2863 700 2919 Calai.
734 2880 786 2916 ν.
825 2865 1032 2932 Spiritu
1068 2867 1342 2920 ambulate
1371 2877 1419 2921 et
1448 2868 1698 2923 affectum
1733 2867 1918 2922 carnis
1958 2884 2025 2922 ne

449 2955 744 3023 impleatis.
784 2955 924 3010 Caro
975 2957 1118 3011 enim
1180 2957 1452 3012 desiderat
1499 2969 1686 3013 contra
1745 2959 2020 3029 spiritum,

450 3046 676 3114 spiritus
707 3057 884 3100 autem
917 3055 1110 3100 contra
1160 3062 1378 3102 carnem
1416 3067 1428 3101 :
1468 3049 1580 3104 haec
1612 3059 1788 3104 autem
1829 3050 2095 3143 adver-c

450 3148 643 3193 santur
676 3137 780 3193 sibi
809 3137 1064 3192 invicem.

520 3225 552 3282 Ι
581 3227 706 3284 Cor.
748 3245 844 3284 vn.
878 3230 1085 3282 Bonum
1124 3239 1208 3286 est
1246 3231 1479 3299 homini,
1524 3249 1748 3289 uxorem
1803 3249 1908 3288 non
1945 3242 2026 3289 at-

449 3322 679 3392 tingere.
743 3322 995 3375 Attamen
1047 3333 1268 3392 propter
1323 3334 1509 3394 stupra
1573 3326 1815 3390 vitanda,
1867 3340 2021 3381 suam

447 3415 680 3484 quisque
709 3428 932 3466 uxorem
981 3414 1212 3481 haheat,
1270 3424 1324 3468 et
1374 3430 1535 3470 suum
1570 3432 1802 3487 quisque
1842 3419 2018 3471 virum

450 3504 669 3560 habeat.
699 3502 871 3558 Uxori
918 3503 1004 3557 vir
1051 3503 1286 3559 debitam
1324 3505 1756 3563 benevolentiam
1788 3507 2018 3572 reddat;

449 3595 699 3652 similiter
729 3606 908 3650 autem
947 3607 999 3649 et
1030 3610 1170 3649 uxor
1200 3598 1336 3652 viro.
1397 3597 1544 3652 Uxor
1589 3600 1793 3669 proprii
1825 3615 2020 3669 corpo-

448 3691 526 3744 ris
560 3689 651 3760 jus
683 3705 788 3742 non
847 3689 1029 3752 habet,
1083 3689 1177 3742 sed
1223 3690 1472 3746 maritus.
1514 3689 1776 3746 Similiter
1806 3704 1861 3748 et
1900 3709 2016 3748 ma-

447 3779 586 3833 ritus
620 3778 822 3847 proprii
859 3780 1102 3846 corporis
1144 3780 1233 3846 jus
1273 3796 1377 3832 non
1407 3781 1592 3846 habet,
1627 3785 1716 3838 sed
1755 3801 1912 3841 uxor.
1944 3785 2020 3842 Ne

447 3867 711 3923 iraudetis
755 3882 852 3921 vos
902 3869 1156 3934 invicem,
1209 3870 1310 3924 nisi
1365 3873 1408 3926 si
1466 3874 1591 3940 quid
1645 3891 1708 3928 ex
1742 3892 2017 3933 consensu

445 3973 544 4026 pro
580 3969 845 4026 tempore,
897 3966 953 4011 ιιι
997 3959 1200 4013 vacetis
1244 3960 1456 4029 jejunio
1491 3972 1541 4016 et
1575 3965 1876 4032 precationi
1916 3983 1930 4020 :
1965 3977 2019 4023 et

444 4061 660 4098 rursum
715 4047 766 4099 itt
815 4063 981 4099 unum
1024 4049 1386 4114 conveniatis,
1426 4067 1490 4105 ne
1520 4062 1686 4108 tentet
1725 4069 1821 4108 vos
1858 4053 2016 4111 Sata-

445 4152 546 4190 nas
597 4153 816 4206 propter
867 4139 1338 4207 intemperantiam
1388 4151 1642 4199 vestram.
1681 4144 1794 4201 Hoc
1835 4157 2014 4202 autem

443 4227 567 4280 dico
615 4226 769 4295 juxta
831 4228 1242 4299 indulgentiam,
1297 4246 1402 4286 non
1452 4235 1607 4302 juxta
1662 4249 2012 4306 prmeeptum.

442 4315 576 4369 Nam
613 4318 770 4371 velim
823 4335 1015 4374 omnes
1065 4320 1313 4376 homines
1343 4338 1484 4390 esse,
1521 4335 1578 4379 ut
1626 4337 1680 4381 et
1725 4329 1839 4398 ipse
1868 4345 2013 4386 sum.

1701 263 2027 324 ΑΝΤΟΝΠ
2073 265 2418 330 ΜΕΙᾸΞΒᾸΞ

528 369 782 439 Agesilai.
801 369 1084 428 Fortitudo
1115 374 1245 429 nihil
1273 373 1489 444 prodest
1519 376 1742 432 absente
1773 378 1981 444 iustitia
2019 397 2032 447 ;
2067 386 2110 442 Α

3609 273 3706 336 808

2225 386 2502 452 ’Λνδρείας
2523 386 2674 440 οὐδὲν
2697 386 2906 456 ὄφελος,
2931 390 3003 458 μὴ
3029 406 3104 442 πα
3114 388 3209 460 peti
3221 406 3316 457 της
3331 387 3672 458 δικαιοσύνης
3691 407 3705 421 ο

2135 481 2181 530 εί
2219 479 2274 531 δέ
2311 478 2506 531 δίκαιοι
2537 479 2736 542 πάντες
2777 480 3037 546 γένοιντο,
3080 481 3234 534 οὐδὲν
3285 482 3543 551 ἀνδρείας
3588 482 3704 552 δεή-

2135 585 2335 622 σονται.

2748 665 2966 718 ΛΟΓΟΣ
3001 668 3094 720 1Δ⁸.

2133 776 2267 842 Περὶ
2295 774 2540 843 ἁγνείας
2566 776 2665 829 καὶ
2712 779 3140 843 σωφροσύνης.
3186 779 3284 835 καί
3325 783 3700 848 πῑῳθενείιις,

2597 848 2695 904 καὶ
2737 849 2929 916 γάμου
2976 850 3226 917 σεμνοῦ.

2201 939 2276 990 Οὐ
2327 939 2526 1002 πάντες
2575 939 2812 1009 χωροῦσι
2861 941 2952 993 τὸν
3003 940 3158 1008 λόγον
3192 941 3400 1004 τοῦτον,
3465 944 3584 997 ἀλλ’
3626 941 3697 1008 οἷς

2128 1028 2350 1082 δίδοται.

2201 1124 2355 1178 Εἰσὶν
2384 1127 2652 1196 εὐνοῦχοι,
2699 1128 2895 1190 οἵτινες
2926 1130 2990 1181 ἐκ
3035 1128 3242 1193 κοιλίας
3288 1132 3497 1201 μητρὸς
3528 1132 3700 1186 αὐτῶν

2127 1218 2497 1287 ἐγεννήθησαν
2526 1220 2721 1284 οὕτως,
2759 1221 2854 1274 καὶ
2885 1222 2955 1276 τὰ
2985 1223 3168 1280 λοιπά.

2209 1311 2268 1361 Ὀ
2302 1311 2577 1380 ἐμϐλέψας
2613 1315 2835 1381 γυναικὶ
2873 1317 3009 1386 πρὸς
3065 1318 3127 1370 το
3162 1318 3505 1387 ἐπιθυμῆσαι
3537 1318 3699 1387 αὑτὴν

2126 1400 2226 1470 ἤδη
2258 1405 2577 1474 ἐμοίχευσεν
2606 1404 2776 1477 αὐτὴν
2811 1408 2867 1461 ἐν
2899 1411 2967 1478 τῇ
2999 1410 3200 1481 καρδίᾳ
3228 1411 3417 1464 αὑτοῦ.

2203 1583 2269 1634 Ὀ
2315 1581 2408 1634 οὖν
2436 1583 2463 1634 6
2494 1581 2625 1644 Θεὸς
2677 1582 2992 1652 συνέζευξεν
3016 1625 3031 1650 ,
3088 1588 3374 1659 ἄνθρωπος
3426 1589 3504 1659 μὴ
3542 1607 3700 1660 χωρι-

2129 1673 2290 1738 ζέτω.

2204 1767 2473 1830 Ἕκαστος
2504 1767 2563 1820 τὺ
2595 1769 2792 1822 ἑαυτοῦ
2829 1768 3022 1833 σκεῦος
3052 1769 3273 1824 κτάσθω
3316 1771 3376 1824 ἐν
3419 1771 3694 1838 ἁγιασμῷ.

2132 1857 2204 1925 μὴ
2237 1857 2293 1908 ἐν
2327 1856 2492 1910 πάθει
2522 1857 2743 1928 ἀτιμίας
2790 1857 2949 1929 [alias
2987 1855 3317 1932 ἐπιτιμίας],
3350 1859 3603 1930 καθάπερ
3635 1862 3695 1910 τὰ

2125 1946 2287 2001 λοιπά
2309 1947 2456 2018 ἔθνη.

2196 2132 2414 2201 Μηκέτι
2467 2134 2843 2202 περιπατεῖτε,
2877 2133 3060 2197 καθὼς
3101 2133 3197 2187 καὶ
3247 2133 3318 2186 τὰ
3364 2131 3533 2186 λοιπά
3576 2131 3697 2196 ἔθνη

2125 2225 2424 2294 περιπατεῖ
2456 2224 2515 2278 ἐν
2548 2226 2884 2296 ματαιότητι
2916 2243 3012 2280 του
3043 2225 3161 2287 νοδς
3193 2225 3398 2280 αὐτῶν.

2195 2405 2591 2478 Παραστήσατε
2643 2407 2714 2460 τὰ
2766 2407 2996 2478 σώματα
3047 2409 3202 2476 ὑμῶν
3258 2408 3450 2462 θυσίαν
3503 2405 3694 2470 ζῶσαν.

2123 2500 2312 2570 ἁγίαν,
2348 2501 2646 2572 εὐάρεστον
2671 2501 2751 2571 τῷ
2784 2501 2924 2570 Θεῷ.

2206 2591 2478 2657 Δοξάσατε
2503 2592 2596 2646 τὸν
2625 2593 2760 2648 Θεὸν
2788 2595 2846 2646 ἐν
2885 2595 2999 2656 τοῖς
3029 2592 3250 2661 μέλεσιν
3276 2591 3454 2661 ὑμῶν.

2196 2684 2468 2752 Δοξὰσατε
2497 2683 2564 2756 δὴ
2592 2684 2682 2738 τὸν
2707 2685 2841 2738 Θεὸν
2875 2685 2934 2737 ἐν
2964 2684 3041 2751 τῷ
3066 2684 3280 2756 σώματι
3313 2681 3494 2754 ὑμῶν,
3524 2680 3618 2736 καὶ
3643 2682 3696 2733 ἐν

2122 2775 2204 2846 τῷ
2239 2777 2533 2845 πνεύματι,
2561 2776 2726 2831 ἅτινά
2747 2777 2862 2832 ἐστι
2892 2776 2985 2831 τοῦ
3005 2776 3163 2832 Θεοῦ.

2202 2867 2482 2938 Πνεύματι
2524 2870 2906 2940 περιπατεῖτε,
2935 2869 3029 2924 καὶ
3075 2869 3371 2939 ἐπιθυμίαν
3405 2868 3609 2937 σαρκὸς
3637 2869 3692 2922 οὗ

2129 2959 2204 3028 μὴ
2233 2958 2512 3030 τελέσητε.
2559 2959 2624 3013 'H
2659 2959 2768 3032 γὰρ
2797 2961 2930 3033 cap:
2961 2960 3221 3029 ἐπιθυμεῖ
3246 2960 3388 3014 κατά
3414 2959 3512 3013 τοῦ
3543 2958 3696 3016 mrit-

2131 3069 2318 3123 ματος,
2349 3053 2411 3106 τὸ
2459 3053 2516 3108 δὲ
2567 3055 2788 3126 πνεῦμα
2843 3057 2984 3111 κατὰ
3014 3058 3113 3127 τῆς
3160 3055 3384 3127 σαρκός.
3433 3054 3616 3109 Ταῦτα
3643 3054 3696 3107 δὲ

2127 3145 2433 3199 ἀντίκειται
2461 3145 2736 3216 ἀλλήλοις.

2197 3237 2377 3291 Καλὸν
2407 3238 2679 3311 ἀνθρώπῳ
2713 3241 2970 3308 γυναικὸς
3010 3241 3085 3312 μὴ
3139 3241 3430 3297 ἅπτεσθαι.
3483 3241 3584 3295 Διά
3640 3239 3695 3292 δὲ

2124 3327 2225 3392 τὰς
2256 3329 2511 3399 πορνείας
2561 3330 2792 3394 ἕκαστος
2844 3333 2943 3403 τὴν
2993 3332 3188 3388 ἑαυτοῦ
3223 3335 3459 3402 γυναῖκα
3500 3333 3690 3402 ἐχέτω,

2125 3421 2216 3474 καὶ
2246 3421 2450 3494 ἑκάστη
2481 3422 2573 3476 τὸν
2595 3423 2724 3479 ῐδιον
2750 3424 2918 3496 ἄνδρα
2939 3425 3133 3497 ἐχέτω.
3155 3427 3233 3498 Τῇ
3255 3427 3480 3497 γυναικὶ
3502 3429 3530 3480 6
3553 3425 3692 3497 ἀνὴρ

2124 3513 2226 3585 τὴν
2277 3515 2640 3586 ὀφειλομένην
2697 3520 2999 3576 ἀποδιδότω
3060 3520 3310 3576 εὔνοιαν·
3360 3520 3563 3589 ὁμοίως
3603 3521 3693 3574 καὶ

2124 3606 2157 3676 ἡ
2199 3606 2339 3678 γυνὴ
2367 3608 2446 3678 τῷ
2481 3610 2658 3679 ἀνδρί.
2701 3611 2763 3664 'll
2808 3611 2946 3685 γυνὴ
2988 3612 3082 3667 τοῦ
3142 3613 3270 3668 ίδίου
3319 3613 3570 3683 σώματος
3598 3615 3694 3667 οὐκ

2126 3695 2456 3764 ἐξουσιάζει,
2490 3700 2619 3754 ’ἀλλ’
2657 3701 2684 3753 6
2717 3703 2858 3774 ἀνήρ
2885 3719 2898 3734 ·
2943 3705 3145 3774 ὁμοίως
3196 3704 3292 3758 καὶ
3337 3708 3366 3758 6
3414 3707 3558 3775 ἀνὴρ
3600 3705 3694 3759 τοῦ

2125 3786 2257 3841 ἰδίου
2286 3790 2541 3860 σώματος
2569 3793 2670 3847 οὐκ
2699 3792 3021 3860 ἐξουσιάζει,
3052 3795 3223 3868 ἀλλ’ἢ
3259 3798 3412 3867 γυνή.
3442 3797 3534 3869 Μὴ
3556 3799 3692 3851 ἀπο·

2122 3880 2361 3949 στερεῖτε
2396 3880 2680 3952 ἀλλήλους,
2715 3884 2764 3937 εί
2803 3884 2876 3954 μή
2909 3899 2960 3938 τι
2995 3884 3064 3940 ἂν
3116 3887 3180 3942 ἐκ
3214 3886 3512 3956 συμφώνου
3557 3885 3691 3957 πρὸς

2121 3969 2334 4038 καιρὸν,
2371 3971 2454 4024 ἵνα
2479 3971 2780 4044 σχολάζητε
2810 3977 2876 4046 τῇ
2911 3977 3255 4050 νηστείᾳκαὶ
3291 3981 3358 4050 τῇ
3387 3983 3689 4050 προσευχῇ·

2121 4063 2214 4114 καὶ
2240 4064 2342 4115 πά)
2357 4082 2404 4117 ιν
2434 4067 2527 4118 ἐπὶ
2565 4065 2626 4120 τὸ
2659 4067 2792 4122 αὐτὸ
2820 4065 2953 4136 ἦτε,
2973 4069 3061 4125 ἵνα
3111 4073 3186 4142 μὴ
3220 4075 3457 4145 πειράσῃ
3494 4075 3636 4144 ὑμᾶς
3663 4075 3689 4125 ὅ

2118 4153 2362 4217 Σατανᾶς
2403 4156 2489 4208 διὰ
2537 4157 2638 4228 τὴν
2688 4162 2962 4230 ἀκρασίαν
3016 4165 3188 4234 ὑμῶν.
3225 4165 3400 4221 Τοῦτο
3445 4169 3503 4223 δὲ
3551 4169 3689 4238 λέγω

2121 4245 2262 4297 κατὰ
2299 4247 2657 4319 συγγνώμην,
2693 4253 2794 4307 οὐκ
2839 4254 3130 4327 ἐπιωγήν.
3164 4257 3316 4313 Θέλω
3343 4261 3454 4330 γὰρ
3487 4261 3691 4325 πάντας

2119 4333 2440 4405 ἀνθρώπους
2489 4335 2649 4405 εῖναι,
2700 4343 2774 4406 ὡς
2829 4347 2926 4398 καὶ
2983 4347 3255 4417 ἐμαυτόν·
3313 4349 3430 4402 ἀλλ’
3463 4351 3692 4414 ἕκαστος

445 4407 549 4461 Sed
586 4409 962 4477 unusquisque
1013 4413 1291 4478 proprium
1348 4412 1550 4469 donum
1589 4417 1751 4473 habet
1783 4436 1845 4474 ex
1886 4421 2014 4486 Deo,

2140 4427 2258 4480 Γδιον
2291 4429 2536 4500 χάρισμα
2565 4433 2681 4503 εχει
2710 4437 2774 4489 ἐκ
2800 4437 2955 4503 Θεοῦ,
2988 4407 3048 4502 εξ
3069 4440 3184 4508 ,μιν
3206 4441 3400 4503 οὕτως.
3425 4443 3485 4506 ὃς
3516 4444 3573 4497 δι
3597 4407 3690 4497 ob;

443 4500 586 4554 alius
621 4500 838 4564 quidem
880 4501 981 4564 sic,
1009 4501 1150 4557 alius
1197 4515 1374 4558 autem
1412 4507 1510 4560 sic.
1551 4507 1682 4563 Dico
1719 4521 1897 4566 autem
1937 4515 2017 4567 in-

441 4591 746 4662 eonjugatis
790 4601 843 4644 et
881 4592 1084 4656 viduis,
1123 4593 1330 4649 Bonum
1382 4598 1461 4652 eis
1502 4609 1588 4654 est
1631 4603 1675 4655 si
1722 4607 2020 4662 manserint

439 4692 501 4737 ut
528 4691 583 4737 et
607 4698 741 4754 ego;
777 4683 923 4754 quod
972 4686 1017 4738 si
1074 4700 1133 4740 se
1189 4701 1299 4741 non
1352 4692 1634 4748 continent
1688 4699 2018 4752 contrahant

441 4775 870 4832 matrimonium.
906 4777 1039 4830 Nam
1091 4780 1264 4835 satius
1302 4790 1387 4838 est
1430 4786 1838 4841 matrimonium
1888 4803 2020 4844 con-

442 4872 679 4934 trahere,
719 4883 884 4938 quam
937 4870 1046 4924 uri.
1109 4871 1176 4925 At
1231 4874 1538 4944 conjugatis
1595 4877 1872 4948 prmcipio,
1907 4897 2012 4937 non

440 4973 558 5027 ego,
614 4960 722 5013 imo
757 4959 1016 5015 Dominus
1067 4960 1259 5018 :Uxor
1309 4979 1339 5020 a
1395 4966 1514 5021 viro
1574 4984 1639 5024 ne
1696 4982 2012 5040 separetur;

447 5049 590 5116 quod
651 5050 698 5103 si
761 5063 1005 5119 separata
1072 5051 1267 5118 fuerit,
1307 5068 1544 5112 maneat
1604 5060 1850 5129 innupta,
1921 5074 2018 5120 aut

449 5139 644 5192 marito
704 5139 1114 5208 reconcilietur,
1171 5155 1222 5198 ct
1285 5149 1516 5203 maritus
1574 5166 1798 5206 uxorem
1831 5169 1898 5209 ne
1936 5157 2016 5209 di-

444 5230 639 5286 mittat.

512 5321 651 5376 lt‘id.
688 5322 763 5376 De
819 5323 1121 5394 virginibus
1179 5337 1358 5383 autem
1419 5347 1747 5404 praeceptum
1799 5336 2012 5393 Domini

443 5428 550 5467 non
586 5414 790 5479 habeo;
837 5417 1124 5472 consilium
1159 5429 1336 5476 tamen
1373 5423 1460 5490 do,
1502 5434 1760 5497 tanquam
1800 5431 2014 5486 miseri-

441 5505 685 5559 cordiam
719 5519 1048 5562 consecutus
1081 5522 1111 5562 a
1144 5508 1395 5577 Domino,
1440 5515 1492 5567 in
1551 5516 1653 5573 hoc
1691 5527 1749 5573 ut
1794 5522 1895 5574 sim
1954 5523 2011 5574 li-

441 5598 602 5652 dt-lis.
633 5597 884 5652 Arbitror
915 5599 1082 5668 igitur
1127 5601 1229 5656 hoc
1261 5603 1460 5659 bonum
1491 5621 1610 5664 esse
1626 5621 1844 5682 propter
1872 5629 2012 5683 pra:-

443 5700 646 5744 sentem
698 5695 1096 5748 necessitatem.
1131 5693 1239 5765 24
1285 5693 1419 5751 Nam
1458 5698 1658 5755 bonum
1694 5711 1774 5759 est
1805 5703 2010 5762 homini

2125 4535 2250 4580 τως.
2269 4520 2426 4588 Λέγω
2451 4521 2513 4592 δὴ
2534 4525 2652 4587 ταῖς
2672 4525 2908 4596 ἀγάμοις
2930 4529 3023 4581 καὶ
3044 4531 3241 4599 χήραις
3262 4549 3275 4562 ·
3301 4532 3480 4586 Καλὸν
3506 4534 3688 4597 αὐτοῖς

2124 4607 2274 4660 ἐστιν
2306 4608 2392 4663 ἵνα
2429 4611 2691 4680 μείνωσιν
2721 4615 2794 4678 ὡς
2826 4617 3002 4684 κάγώ.
3036 4618 3096 4672 Et
3123 4621 3181 4674 δὲ
3211 4622 3696 4693 οὑκέγκρατεὺον-

2123 4714 2236 4760 ται,
2273 4704 2685 4775 γαμησάτωσαν
2708 4723 2723 4738 ο
2778 4712 3028 4779 κρεῖσσον
3061 4714 3168 4784 γάρ
3202 4715 3352 4768 ἐστιν
3380 4719 3631 4788 γαμῆσαι
3660 4717 3696 4786 ἢ

2127 4791 2457 4860 πυροῦσθαι.
2494 4797 2621 4861 Τοῖς
2653 4797 2710 4852 δὲ
2746 4804 3093 4871 γεγαμηκόσι
3143 4807 3548 4876 παραγγέλλω,
3597 4808 3702 4863 οὐκ

2122 4879 2255 4949 ἐγὼ,
2288 4882 2403 4936 ἀλλ’
2436 4887 2465 4938 ὁ
2495 4887 2717 4956 Κύριος,
2753 4893 2992 4958 γυναῖκα
3029 4894 3138 4948 ἀπὸ
3178 4897 3370 4965 ἀνδρὸς
3415 4899 3496 4968 μὴ
3525 4915 3704 4968 χωρι-

2124 4971 2318 5040 σθῆναι
2341 4989 2357 5005 ·
2396 4977 2492 5030 ἐὰν
2521 4979 2578 5032 δὲ
2622 4981 2719 5034 καὶ
2743 4983 3012 5054 χωρισθῇ,
3047 4988 3520 5060 μενέτωξάγαμος,
3558 4990 3591 5061 ἢ
3619 4990 3704 5062 τῷ

2121 5063 2277 5135 ἀνδρὶ
2317 5069 2735 5141 καταλλαγήτω’
2775 5077 2869 5130 καὶ
2894 5078 3063 5150 ἄνδρα
3085 5083 3322 5147 γυναῖκα
3353 5087 3430 5154 μὰ]
3456 5085 3700 5154 ἀφιέναι.

2195 5341 2329 5411 Περὶ
2357 5342 2414 5396 δέ
2440 5343 2547 5396 τῶν
2582 5346 2868 5416 παρθένων
2907 5352 3169 5424 ἐπιταγὴν
3191 5355 3396 5426 Κυρίου
3428 5357 3531 5410 οὐκ
3559 5357 3700 5429 ἔχω’

2123 5434 2352 5504 γνώμην
2382 5436 2437 5489 δέ
2467 5437 2659 5507 δίδωμι
2687 5439 2761 5504 ὡς
2792 5444 3093 5513 ἠλεημένος
3119 5447 3225 5499 ὑπὸ
3270 5449 3474 5518 Κυρίου
3507 5451 3705 5514 πιστὸς

2121 5519 2283 5578 εἶναι.
2316 5526 2542 5598 Νομίζω
2567 5528 2661 5584 οὖν
2681 5532 2840 5587 τοῦτο
2863 5536 3026 5590 καλὸν
3054 5537 3324 5609 ὑπάρχειν
3342 5539 3429 5594 διὰ
3460 5541 3561 5611 τὴν
3580 5543 3704 5596 Evs-

2125 5616 2340 5670 στῶσαν
2363 5620 2633 5690 ἀνάγκην,
2661 5623 2742 5678 ὅτι
2765 5626 2930 5680 καλὸν
2958 5628 3232 5701 ἀνθρώπῳ
3254 5632 3312 5684 τὸ
3339 5632 3513 5696 οὕτως
3529 5631 3704 5691 εἶναι.

2121 5708 2345 5765 Δέδεσαι
2376 5717 2632 5783 γυναιιί;
2684 5718 2759 5790 μὴ
2796 5720 2951 5792 ζήτει
2985 5721 3157 5778 λύσιν.
3190 5723 3424 5780 Δέλυσαι
3457 5727 3568 5782 ἀπὸ
3603 5745 3704 5797 γυ-
