3980 6248
382 318 496 386 815

393 525 497 582 bus
529 535 625 581 aut
656 526 833 582 tribus
867 527 1096 583 testibus
1129 527 1423 583 moriatur.

465 616 606 673 Ibid.
639 635 731 675 xx.
776 617 1099 690 Quicunque
1153 617 1516 676 concubuerit
1562 633 1686 673 cum
1735 618 1982 673 masculo

395 711 687 767 concubitu
743 711 1018 776 muliebri,
1073 711 1540 768 abominationem
1598 709 1747 767 t'ecit.
1807 710 1982 767 Ambo

399 802 704 856 moriantur
739 817 754 866 ;
792 802 870 856 rei
903 811 1054 858 sunt.

473 890 586 945 Viri
626 907 849 946 uxorem
910 908 1288 964 corrumpere,
1344 893 1440 950 ira:
1490 893 1731 948 furorem
1782 893 1987 949 excitat
2085 901 2095 911 ‘

402 981 496 1052 qui
566 985 833 1039 contineri
901 988 1105 1056 nequit.
1161 984 1254 1040 Est
1305 984 1449 1040 enim
1484 985 1624 1053 ignis
1671 983 1867 1040 ardens
1919 1001 1986 1040 ex

401 1076 660 1131 omnibus
707 1078 991 1144 membris,
1043 1093 1142 1134 nec
1187 1078 1358 1134 semel
1404 1079 1690 1150 ingressus
1718 1077 1988 1133 radicitus

402 1169 566 1239 perit.

474 1264 577 1331 Qui
616 1275 807 1322 serunt
836 1265 1098 1333 absurda,
1131 1266 1350 1323 dolores
1407 1273 1614 1322 metent
1669 1265 1774 1321 sibi
1822 1265 1989 1336 ipsis.

403 1356 480 1412 Ex
510 1366 784 1427 praecepto
815 1357 1027 1412 Domini
1054 1361 1326 1430 peribunt,
1347 1366 1400 1414 et
1429 1373 1458 1413 a
1483 1359 1677 1430 spiritu
1708 1359 1799 1412 ira:
1821 1357 1992 1428 ipsius

408 1452 797 1506 almlebuntur.

485 1541 674 1599 Nullus
737 1554 820 1599 est
876 1544 1030 1600 locus
1087 1544 1178 1599 ubi
1231 1544 1582 1600 occultentur
1641 1543 1828 1613 iniqua
1901 1540 1986 1596 fa-

408 1637 638 1692 cientes.

481 1730 641 1785 Prov.
672 1745 726 1788 ν.
753 1730 879 1797 Fili,
911 1730 1038 1786 bibe
1067 1747 1241 1802 aquas
1271 1732 1339 1787 de
1369 1732 1480 1788 tuis
1513 1731 1658 1788 vasis
1699 1739 1755 1786 et
1787 1729 1855 1786 de
1887 1729 1994 1785 tuis

1699 321 2019 385 ANTONII
2063 285 2413 382 MEl.iSS/E

469 434 633 491 Leuit.
662 448 834 490 um.
855 431 1044 491 lrritas
1071 433 1275 491 faciens
1301 433 1524 506 nuptias
1553 433 1680 500 viri,
1711 436 1814 489 sub
1846 435 1983 488 duo-
2011 432 2061 490 Δ

2173 431 2474 499 ’Ᾱθετήσας
2518 442 2600 490 τις
2632 425 2809 493 γάμον
2857 415 3047 489 ἀνδρὸς
3102 417 3190 470 ἐπὶ
3235 415 3388 470 δυσὶν
3440 415 3473 484 ἢ
3523 419 3676 488 τρισὶ

2086 522 2357 593 μάρτυσιν
2385 518 2744 588 ἀποθνήσκει.

2155 617 2482 686 Ἀνθρωπος
2534 613 2592 676 ὃς
2625 611 2690 667 ἂν
2736 609 2976 682 κοιμηθῇ
3013 607 3151 680 μετά
3193 607 3422 679 ἄρσενος
3481 605 3678 677 κοίτην

2084 705 2346 777 γυναικὸς
2371 745 2387 771 ,
2421 703 2702 774 βδέλυγμα
2741 701 2998 770 ἐποίησεν
3019 715 3032 730 ⁸
3064 697 3373 770 ἀμφότεροι
3405 694 3678 750 θανατού-

2087 801 2303 856 σθωσαν
2325 815 2339 832 ο
2377 797 2552 870 ἔνοχοί
2586 800 2746 852 εἰσιν.

2159 894 2343 964 Θυμὸς
2388 895 2558 966 ὀργῆς
2607 891 2983 961 ἀκατάσχετος
3015 889 3076 944 τδ
3126 889 3318 960 μιᾶναι
3349 887 3545 958 ἀνδρὸς
3575 901 3677 955 γυ-

2086 991 2278 1042 ναῖκα.
2307 987 2423 1058 Πῦρ
2449 989 2559 1058 γάρ
2589 990 2706 1040 ἐστι
2738 984 3032 1054 καιόμενον
3067 983 3132 1036 ἐκ
3175 983 3395 1037 πάντων
3433 981 3546 1034 τῶν
3577 997 3680 1050 με·

2086 1082 2218 1146 λῶν,
2253 1082 2362 1135 οὐδ’
2392 1081 2457 1134 ἂν
2498 1080 2738 1152 εἰσέλθῃ,
2775 1081 2841 1132 ἐκ
2871 1077 3038 1150 ῥιζῶν
3078 1075 3384 1132 ἀπώλεσεν.

2175 1263 2238 1318 Oi
2276 1261 2591 1332 σπείροντες
2620 1260 2687 1313 τά
2721 1261 2899 1316 ἀτοπα
2945 1259 3142 1324 ὀδύνας
3183 1258 3493 1329 θερίσουσιν
3544 1258 3680 1310 ἐαυ-

2091 1356 2224 1418 τοτς.
2273 1351 2410 1409 Ἀπὸ
2444 1353 2874 1424 προστάγματος
2907 1352 3119 1422 Κυρίου
3172 1348 3528 1417 ἀπολοῦνται,
3566 1349 3678 1403 ἀπὸ

2092 1449 2152 1503 δὲ
2187 1450 2501 1520 πνεύματος
2531 1447 2707 1520 ὀργῆς
2743 1445 2911 1503 αὑτοῦ
2947 1426 3432 1517 ἀφανισθήσονται.

2178 1543 2292 1597 Οὐκ
2323 1543 2439 1598 ἔστι
2473 1543 2636 1606 τόπος
2679 1543 2773 1597 τοῦ
2813 1543 3085 1614 κρυϐῆναι
3120 1540 3247 1603 τοὺς
3283 1537 3578 1602 ποιοῦντας
3613 1537 3685 1589 τὰ

2096 1635 2293 1704 ἄνομα.

2171 1730 2290 1794 Υἱὲ,
2327 1730 2448 1784 πίνε
2488 1730 2657 1784 ὕδατα
2705 1729 2815 1784 ἀπὸ
2844 1729 2952 1782 σῶν
3003 1729 3262 1796 ἀγγείων,
3296 1726 3392 1782 καὶ
3421 1726 3531 1780 ἀπὸ
3576 1725 3694 1777 σῶν

409 1823 587 1888 puteis
623 1823 818 1891 fontis;
855 1824 978 1882 lous
1023 1836 1149 1883 tuus
1181 1843 1338 1896 aqua
1369 1827 1440 1884 sit
1485 1827 1578 1881 tibi
1616 1824 1904 1896 proprius,
1937 1833 1994 1878 et

2147 1823 2356 1894 ρεάτων
2389 1824 2596 1894 πηγῆς·
2631 1825 2663 1894 ή
2696 1823 2848 1893 πηγή
2904 1839 2996 1875 σου
3046 1823 3141 1876 τοῦ
3188 1819 3379 1883 ὕδατος
3419 1819 3566 1872 ἔστω
3603 1835 3688 1871 σοι

410 1915 599 1970 hrtare
663 1933 785 1970 cum
860 1933 1031 1974 uxore
1091 1919 1146 1973 in
1199 1921 1487 1990 juventute
1542 1919 1637 1974 tibi
1696 1918 1992 1987 desponsa.

416 2005 495 2061 Ne
530 2009 607 2063 sis
655 2009 860 2066 cﬂ'usus
919 2012 972 2065 in
1033 2012 1290 2077 alienam,
1325 2027 1427 2068 nec
1479 2011 1792 2083 implicator
1850 2009 1994 2064 ulnis

413 2114 519 2152 non
553 2104 812 2170 propriis.
837 2103 976 2158 Sunt
1019 2105 1166 2160 enim
1201 2105 1300 2160 viae
1333 2103 1573 2159 hominis
1605 2118 1788 2159 omam
1817 2101 1996 2158 oculis

418 2192 508 2247 Dri
533 2234 547 2258 ,
579 2201 634 2248 et
660 2211 853 2251 omnes
888 2197 1116 2252 semitas
1139 2198 1256 2268 ejus
1285 2199 1504 2269 aspicit.

490 2371 632 2426 Ibid.
668 2391 741 2428 vr.
769 2375 912 2431 Cave
945 2376 1042 2431 tibi
1077 2391 1107 2431 a
1133 2377 1363 2432 muliere
1405 2385 1598 2446 nupta,
1628 2391 1695 2431 ne
1727 2385 1778 2431 te
1811 2375 1996 2430 vincat

417 2466 844 2533 pulchritudinis
890 2468 1252 2534 desiderium,
1306 2485 1487 2538 neque
1531 2469 1772 2540 capiaris
1824 2468 1998 2524 oculis

421 2559 551 2624 tuis,
591 2573 695 2614 nec
748 2561 834 2614 illa
887 2571 940 2615 te
988 2561 1264 2631 palpebris
1321 2564 1436 2616 suis
1493 2561 1692 2630 rapiat.
1755 2559 1994 2615 Pretium

418 2652 562 2704 enim
594 2653 781 2716 scorti,
818 2665 1081 2722 quantum
1111 2663 1163 2708 et
1191 2653 1357 2707 unius
1383 2655 1560 2723 panis.
1592 2651 1784 2706 Mulier
1817 2662 1997 2706 autem

423 2743 664 2798 virorum
691 2746 960 2816 pretiosas
983 2746 1199 2801 animas
1229 2747 1393 2815 capit.
1427 2745 1568 2800 Num
1595 2744 1794 2814 aliquis
1821 2747 1998 2815 ignem

422 2836 476 2890 in
513 2837 633 2892 sinu
669 2837 908 2903 fovebit,
934 2848 992 2895 et
1041 2839 1365 2894 vestimenta
1417 2855 1527 2892 non
1577 2836 2004 2894 cornburet‘ilta

427 2933 520 3003 qui
572 2932 736 2988 fuerit
783 2934 1068 3004 ingressus
1123 2935 1189 2988 ad
1245 2936 1530 2990 mulierem
1587 2944 1831 3004 nuptam,
1891 2949 2008 2986 non

426 3031 532 3084 erit
566 3043 761 3098 expers
795 3029 979 3098 gravis
1030 3042 1229 3096 parum,
1277 3043 1378 3083 nec
1426 3029 1689 3082 innocens
1717 3029 1819 3081 erit
1853 3027 2007 3095 quis-

2101 1916 2277 1988 ήδεῖα,
2307 1918 2400 1970 καὶ
2432 1917 2828 1987 συνευφραίνου
2867 1917 3006 1984 μετά
3057 1914 3316 1983 γυναικὺς
3345 1912 3443 1980 τῆς
3480 1913 3544 1964 ἐκ
3571 1911 3692 1963 νεό-

2104 2012 2268 2082 τητός
2319 2029 2434 2066 σου.
2474 2010 2567 2081 Μὴ
2620 2010 2788 2074 πολὺς
2848 2009 2955 2062 ἴσθι
3004 2008 3140 2079 πρδς
3193 2007 3510 2077 ἀλλοτρίαν,
3553 2004 3690 2075 μηδὲ

2107 2103 2334 2173 συνέχον
2361 2104 2630 2170 ἀγκάλαις
2664 2083 2784 2166 ταῖς
2815 2103 2890 2174 μὴ
2927 2103 3104 2165 ἰδίαις.
3147 2100 3408 2155 Ὲνώπιον
3436 2099 3548 2169 γάρ
3580 2100 3691 2150 εἰσι

2104 2196 2214 2250 τῶν
2244 2196 2338 2249 τοῦ
2367 2197 2502 2250 Θεοῦ
2532 2198 2829 2267 ὀφθαλμῶν
2864 2197 2973 2252 ὁδοὶ
3012 2195 3238 2267 ἀνδρός·
3293 2196 3371 2258 εἰς
3407 2193 3465 2247 δὲ
3509 2194 3691 2253 πάσας

2105 2287 2333 2355 τροχιὰς
2363 2287 2529 2340 αὐτοῦ
2563 2287 2848 2340 σκοπεύει.

2182 2378 2464 2434 Φυλάσσου
2498 2381 2610 2434 ἀπὸ
2639 2381 2895 2450 ⁴γυναικὸς
2932 2380 3226 2448 ύπάνδρου,
3264 2378 3336 2447 μή
3371 2394 3428 2429 σε
3479 2375 3696 2441 νικήσει

2108 2475 2340 2537 κάλλους
2391 2475 2678 2544 ἐπιθυμία,
2719 2475 2856 2545 μηδὲ
2890 2473 3164 2545 ἀγρευθῇς
3200 2476 3309 2535 σοῖς
3361 2469 3697 2537 ὀφθαλμοῖς.

2112 2569 2247 2639 μηδέ
2290 2562 2710 2640 ’συναρπασάτω
2742 2587 2800 2623 σε
2830 2571 2942 2632 τοῖς
2975 2568 3264 2638 βλεφάροις
3295 2567 3490 2634 αὐτῆς.
3539 2563 3692 2631 Troi;

2109 2663 2219 2733 γὰρ
2251 2665 2481 2736 πόρνης,
2515 2666 2613 2725 ὅση
2663 2668 2759 2719 καὶ
2792 2665 2908 2728 ἐνὸς
2955 2665 3144 2731 ἄρτου.
3191 2660 3334 2730 Γυνὴ
3383 2660 3439 2713 δὲ
3481 2658 3694 2728 ἀνδρῶν

2107 2755 2312 2826 τιμίων
2342 2757 2521 2828 ψυχὰς
2552 2757 2800 2828 ἀγρεύει.
2846 2758 3132 2811 ’Δποδύσει
3161 2773 3245 2819 τις
3270 2755 3382 2825 πῦρ
3403 2755 3459 2806 ἐν
3489 2752 3703 2819 κόλπῳ,

2113 2851 2182 2902 τὰ
2230 2850 2290 2903 δέ
2331 2852 2524 2919 ίμάτια
2575 2854 2638 2904 οὐ
2686 2851 3065 2915 κατακαύσεις
3116 2847 3304 2912 Οὕτως
3354 2848 3384 2901 δ
3432 2845 3700 2900 εἰσελθὼν

2116 2942 2254 3010 πρὸς
2291 2945 2530 3010 γυναῖκα
2562 2943 2834 3014 ῦπανδρον
2869 2944 2971 2996 ούκ
3007 2940 3357 3009 ἀτιμώρητος
3398 2938 3556 2992 ἔσται
3598 2954 3702 2988 κα-

2118 3035 2230 3090 κῶν
2251 3052 2265 3066 °
2299 3035 2564 3100 ὡσαύτως
2595 3037 2696 3090 ούκ
2731 3036 3124 3105 ἀθωωθήσεται
3172 3034 3278 3095 πᾶς
3319 3031 3348 3085 ὀ
3392 3031 3703 3098 ἁπτόμενος

427 3121 552 3190 quis
580 3135 698 3174 eam
729 3119 989 3188 tetigerit.
1019 3115 1139 3173 Non
1169 3119 1368 3173 mirum
1396 3127 1481 3173 est
1507 3119 1744 3185 aliquem
1772 3119 1827 3172 in
1860 3117 2007 3172 furto

2138 3128 2303 3197 ιύτῆς.
2336 3129 2411 3182 Ού
2444 3127 2761 3195 θαυμαστὸν
2789 3129 2883 3181 ἐὰν
2912 3125 3025 3195 ἀλῷ
3045 3142 3131 3189 τις
3159 3123 3443 3178 κλέπτων*
3474 3121 3705 3175 κλέπτει

429 3213 805 3284 deprehendi;
843 3212 1058 3267 furatur
1102 3214 1245 3265 enim
1295 3220 1355 3264 ut
1392 3212 1628 3266 esuriem
1675 3211 1880 3280 pellat;
1914 3211 2010 3265 de-

429 3307 732 3378 prehensus
762 3315 945 3360 autem
983 3303 1645 3373 numerabitseptuplmn,
1664 3311 1717 3356 et
1745 3302 2004 3372 expensis

430 3399 624 3469 opibus
649 3397 922 3454 universis
976 3395 1218 3464 seipsum
1261 3393 1474 3463 eripiet.
1506 3392 1571 3447 At
1628 3393 1902 3458 moechus,
1935 3393 2006 3447 ob

338 3513 342 3520 ·
431 3493 673 3564 inepiam
695 3490 916 3553 mentis,
943 3489 1302 3560 perditionem
1322 3486 1517 3542 animae
1541 3501 1653 3541 suae
1680 3487 1934 3550 accersit,
1960 3493 2014 3539 et

436 3583 735 3658 ignominia
788 3583 910 3653 ejus
970 3587 1228 3650 perpetuo
1288 3578 1532 3633 durabit.
1590 3578 1820 3632 Animus
1863 3577 2007 3629 cutim

439 3677 621 3734 mariti
689 3675 882 3747 plenus
954 3683 1038 3728 est
1114 3673 1276 3738 zelo;
1341 3686 1449 3726 non
1520 3678 1704 3739 parret
1769 3679 2019 3738 tempore

435 3771 714 3836 vindictae,
785 3784 887 3824 nec
944 3769 1054 3822 uHo
1119 3767 1293 3838 pretio
1359 3765 1702 3820 inimicitiam
1769 3778 2016 3818 COllllllu-

441 3865 598 3930 tabit,
661 3877 840 3934 neque
889 3863 1048 3917 donis
1105 3873 1385 3931 utcunque
1447 3859 1638 3914 multis
1689 3873 1757 3912 car
1819 3856 2018 3911 dissol-

439 3966 617 4012 vetur.

515 4047 626 4117 28
645 4045 741 4101 Mel
760 4045 993 4101 d‘istillat
1012 4044 1219 4100 alabiis
1237 4046 1564 4111 meretricis,
1592 4045 1683 4100 sed
1706 4053 1759 4098 tu
1781 4043 2020 4109 resilias,

448 4156 549 4195 nec
578 4139 890 4194 immoreris
944 4138 1160 4194 inloco
1191 4139 1336 4208 ejus,
1395 4154 1496 4194 nec
1550 4139 1742 4194 oculos
1790 4149 1913 4193 tuos
1964 4138 2019 4190 in

447 4247 566 4287 eam
592 4229 816 4299 deligas.
847 4230 1077 4285 Abstine
1111 4244 1257 4298 aqua
1278 4229 1460 4286 aliena
1485 4239 1540 4285 et
1573 4245 1636 4284 ex
1669 4230 1820 4283 fonte
1845 4229 2030 4284 alieno

450 4339 519 4379 ne
550 4324 771 4387 biberis,
810 4331 868 4376 ut
898 4323 1132 4376 multum
1168 4322 1432 4392 temporis
1470 4321 1624 4377 vivas
1650 4337 1668 4388 ;
1700 4320 2026 4390 adjicientur

452 4427 637 4472 autem
668 4415 761 4470 tibi
795 4413 925 4486 anni
957 4414 1098 4469 vitae.

525 4598 738 4656 Sirach.
768 4613 905 4654 χιιι.
938 4596 1158 4653 llomin-i
1191 4597 1482 4652 scortatori
1517 4594 1698 4664 quivis
1720 4592 1876 4647 cibus
1901 4606 2032 4647 sua-

458 4695 540 4750 vis
566 4705 649 4749 est
681 4709 696 4761 ;
733 4708 840 4765 non
876 4691 1114 4748 cessabit
1144 4690 1317 4744 donec
1347 4689 1595 4744 intereat.

527 4787 726 4840 Athan.
781 4785 882 4852 Qui
945 4783 1178 4837 formam
1215 4781 1581 4851 concupiscit,
1637 4779 1886 4848 quamvis
1917 4778 2036 4833 sine

458 4879 727 4944 lic-imre,
771 4886 1053 4947 peccatum
1085 4876 1205 4929 sine
1243 4885 1380 4930 teste
1417 4873 1714 4928 commisit.

528 4969 801 5040 Chrysost.
837 4968 1011 5024 RaJix
1056 4968 1308 5022 adulterii
1365 4977 1446 5021 est
1502 4967 1722 5020 curiosa
1771 4963 2040 5035 inspectio

460 5060 517 5112 in
555 5059 770 5131 faciem.

535 5152 835 5207 Seniorum.
866 5151 968 5216 Qui
998 5149 1279 5218 corporeis
1317 5149 1686 5218 voluptatibus
1732 5157 2032 5212 tentantur,

2117 3224 2230 3294 γὰρ
2261 3223 2348 3274 ἵνα
2380 3223 2633 3295 ἐμπλήσῃ
2665 3220 2764 3292 τὴν
2789 3219 2969 3290 ψυχὴν
2995 3217 3158 3272 αὐτοῦ
3185 3216 3459 3272 πεινῶσαν
3479 3232 3494 3246 ⁶
3525 3217 3622 3270 ἐὰν
3646 3217 3708 3268 δὲ

2123 3314 2266 3384 ἀλῷ,
2286 3314 2539 3368 ἀποτίσει
2571 3312 2941 3377 ξηαπ-λάσια,
2968 3310 3065 3364 καὶ
3085 3310 3262 3364 πάντα
3288 3309 3354 3362 τὰ
3387 3307 3709 3377 ὑπάρχοντα

2123 3405 2291 3461 αὑτοῦ
2316 3405 2468 3471 δοὺς,
2494 3405 2721 3476 ῥύσεται
2752 3403 2967 3458 ἑαυτόν.
3004 3402 3062 3456 '0
3093 3403 3152 3457 δὲ
3187 3399 3373 3472 μοιχὸς
3403 3397 3473 3452 δι’
3495 3397 3712 3452 ἔνδειαν

2124 3498 2342 3571 φρενῶν
2369 3497 2652 3552 ἀπώλειαν
2693 3499 2759 3570 τῇ
2793 3495 2988 3552 ἑαυτοῦ
3021 3495 3170 3566 ψυχῇ
3203 3492 3613 3563 περιποιεῖταιο
3645 3487 3710 3541 τό

2123 3607 2181 3644 τε
2209 3589 2412 3653 ὄνειδος
2444 3587 2609 3643 αὑτοῦ
2641 3588 2744 3644 ούμκ
2777 3587 3228 3656 ἐξαλειφθήσεται
3260 3584 3339 3648 εἷς
3369 3581 3462 3636 τδν
3509 3580 3703 3634 αἰῶνα.

2127 3683 2342 3746 Μεστὸς
2369 3681 2480 3753 γὰρ
2507 3680 2673 3750 ζήλου
2701 3680 2874 3751 θυμὸς
2903 3679 3091 3750 ἀνδρὸς
3116 3676 3312 3746 αὐτῆςο
3345 3674 3409 3729 οὐ
3437 3675 3712 3744 φείσεται,

2126 3761 2184 3828 ἐν
2214 3775 2396 3847 ἡμέρᾳ
2427 3773 2684 3845 κρίσεως,
2710 3772 2811 3828 οὐκ
2845 3769 3235 3835 ἀνταλλάξεται
3266 3767 3483 3828 οὐδενὸς
3509 3765 3714 3836 λύτρον

2126 3868 2232 3939 τήν
2265 3869 2492 3940 ἔχθραν,
2528 3869 2651 3922 οὐδὲ
2688 3868 2762 3938 μή
2791 3865 3016 3937 διαλυθῇ
3045 3863 3258 3918 πολλῶν
3281 3860 3499 3933 δώρων.

2209 4051 2346 4107 Μὲλι
2397 4049 2698 4114 ἀποστάζει
2753 4046 2861 4099 ἀπὸ
2902 4043 3128 4114 χειλέων
3184 4041 3446 4110 γυναικὸς
3481 4039 3710 4111 πόρνης

2135 4144 2275 4198 ἀλλά
2302 4142 2679 4211 ἀπεπήδησον,
2711 4139 2786 4208 μή
2816 4135 3136 4208 ἐγχρονίσῃς
3167 4136 3225 4188 ἐν
3247 4133 3323 4202 τῷ
3344 4135 3498 4204 τόπῳ
3520 4133 3716 4201 αὐτῆς,

2140 4238 2276 4311 μηδέ
2307 4235 2609 4305 ἐπιστήσῃς
2637 4233 2696 4286 τὸ
2725 4231 2816 4285 σὺν
2840 4231 2995 4300 δμμα
3027 4227 3164 4298 πρὸς
3193 4228 3383 4298 αὐτήν.
3429 4226 3562 4278 Ἀπὸ
3590 4223 3716 4277 ὓδα-

2137 4349 2226 4394 τος
2274 4328 2555 4398 ἀλλοτρίου
2588 4325 2858 4393 ἀπόσχου,
2910 4321 3005 4374 καὶ
3049 4319 3160 4372 ἀπὸ
3208 4317 3395 4388 πηγῆς
3427 4314 3719 4384 ἀλλοτρίας

2051 4421 2055 4426 ’
2144 4424 2218 4494 μὴ
2252 4424 2410 4494 πίῃς,
2441 4421 2528 4472 ἵνα
2548 4417 2712 4471 πολὺν
2749 4417 2919 4486 ζήσῃς
2948 4413 3140 4485 χρόνον
3159 4425 3178 4442 '
3202 4408 3632 4482 προστεθήσεται
3658 4405 3720 4456 δέ

2141 4536 2220 4571 σοι
2256 4516 2350 4583 ἐτη
2381 4513 2546 4582 ζωῆς.

2223 4609 2522 4678 Ἀνθρώπῳ
2566 4605 2750 4674 πόρνῳ
2795 4604 2903 4664 πᾶς
2938 4600 3100 4672 ἄρτος
3128 4598 3256 4668 ήδύς
3277 4615 3290 4628 ο
3321 4596 3380 4649 οὐ
3415 4594 3492 4665 μὴ
3523 4590 3720 4646 κοιτιά-

2143 4721 2223 4756 σει
2255 4703 2360 4764 ἕως
2394 4701 2460 4754 ἂν
2491 4699 2814 4768 τελευτήσῃ.

2221 4796 2280 4848 '0
2311 4793 2662 4862 ἐπιθυμήσας
2693 4789 2924 4850 κάλλους
2973 4788 3064 4839 καὶ
3109 4785 3232 4854 δίχα
3286 4783 3387 4852 τῆς
3438 4778 3709 4851 πράξεως,

2145 4888 2467 4959 ἀμάρτυρον
2497 4886 2598 4956 τὴν
2634 4883 2911 4954 ἁμαρτίαν
2944 4880 3261 4949 εἰργάσατο.

2221 4980 2372 5042 Ῥίζα
2403 4977 2648 5048 μοιχείας
2681 4977 2716 5045 ἠ
2750 4974 3046 5044 περίεργος
3083 4969 3178 5022 θέα
3203 4966 3313 5021 τῶν
3345 4966 3540 5035 ὄψεων.

2219 5162 2282 5212 Οἱ
2315 5157 2701 5230 πειραζόμενοι
2732 5154 2838 5207 ὑπδ
2871 5152 3203 5222 σωματικῶν
3233 5150 3461 5219 ἡδονῶν,
3511 5145 3607 5199 κᾶν
3643 5142 3734 5213 μὴ

469 5249 594 5300 I'cet
626 5245 952 5314 corporibus
999 5260 1104 5296 non
1165 5242 1594 5312 conjuugaulur,
1639 5243 1822 5295 animo
1859 5249 2000 5293 tame

2148 5253 2493 5324 πλησιάσωσι
2531 5249 2773 5318 σώμασι,
2812 5247 2954 5299 κατά
2987 5246 3228 5299 διάνοιαν
3267 5242 3686 5312 ἐξεπόρνευσαν.

465 5339 690 5396 scortali
727 5347 872 5391 sunt.

855 5449 1092 5506 SERMO
1136 5450 1248 5505 XVI
1284 5450 1381 5523 [aL
1419 5447 1679 5519 CLXXI].

687 5591 763 5646 De
794 5592 1058 5661 injustilia
1089 5601 1135 5646 et
1164 5602 1372 5661 peccato
1405 5599 1452 5642 et
1477 5589 1830 5656 confessione.

546 5706 710 5763 Num.
743 5726 795 5766 ν.
830 5708 925 5762 Vir
955 5717 1048 5762 aut
1096 5708 1312 5770 mulier,
1355 5706 1667 5774 quicunque
1708 5702 2050 5757 commiserit

2788 5449 3008 5504 ΛΟΓΟΣ
3039 5444 3157 5514 te”.

2153 5585 2293 5654 Περὶ
2345 5585 2582 5650 ἀδικίας
2633 5584 2729 5637 καὶ
2791 5581 3081 5652 ἁμαρτίας
3110 5579 3206 5632 καὶ
3261 5574 3730 5648 ἐξαγορεύσεως.

2239 5699 2424 5768 Ἀνὴρ,
2459 5701 2642 5768 φησὶν,
2672 5699 2703 5768 ἥ
2737 5697 2894 5764 γυνὴ,
2926 5697 3072 5758 ὅστις
3115 5693 3182 5747 ἂν
3230 5693 3429 5762 πο;ήσῃ
3469 5689 3566 5742 ἀπὸ
3605 5687 3732 5738 τῶν

477 5810 756 5865 peccatum
820 5801 1037 5870 aliquod
1096 5801 1432 5860 bumzmum,
1498 5805 1549 5849 et
1600 5795 2010 5863 prinvat'icatiou

2159 5791 2448 5862 ἁμαρτιῶν
2475 5790 2581 5846 τῶν
2612 5789 2936 5861 ἀνθρώπων,
2969 5788 3066 5842 καὶ
3099 5784 3343 5858 παριδὼν
3379 5781 3587 5853 παρίδῃ,
3622 5781 3736 5832 καὶ
