  <div class='ocr_page' id='page_1' title='image "/cluster/home/n/w/nwhite01/storage/ocr_20150623/136/mdp.39015038093210/416.png"; bbox 0 0 3980 6248; ppageno 0'>
   <div class='ocr_carea' id='block_1_1' title="bbox 297 372 400 434">
    <p class='ocr_par' dir='ltr' id='par_1_1' title="bbox 297 372 400 434">
     <span class='ocr_line' id='line_1_1' title="bbox 297 372 400 434; baseline 0.019 -2"><span class='ocrx_word' id='word_1_1' title='bbox 297 372 400 434; x_wconf 76' lang='grc' dir='ltr'><strong>ΗἹ</strong></span> 
     </span>
    </p>
   </div>
   <div class='ocr_carea' id='block_1_2' title="bbox 1145 377 2689 442">
    <p class='ocr_par' dir='ltr' id='par_1_2' title="bbox 1145 377 2689 442">
     <span class='ocr_line' id='line_1_2' title="bbox 1145 377 2689 442; baseline 0.004 -6"><span class='ocrx_word' id='word_1_2' title='bbox 1145 377 1313 436; x_wconf 81' lang='lat'><strong>1.0(‘1</strong></span> <span class='ocrx_word' id='word_1_3' title='bbox 1353 378 1789 439; x_wconf 68' lang='lat' dir='ltr'><strong>COMMUNES.</strong></span> <span class='ocrx_word' id='word_1_4' title='bbox 1829 403 1883 410; x_wconf 70' lang='grc'><strong>’-</strong></span> <span class='ocrx_word' id='word_1_5' title='bbox 1921 381 2112 440; x_wconf 68' lang='lat' dir='ltr'>PARS</span> <span class='ocrx_word' id='word_1_6' title='bbox 2145 382 2191 440; x_wconf 87' lang='grc' dir='ltr'>Ι.</span> <span class='ocrx_word' id='word_1_7' title='bbox 2237 381 2495 440; x_wconf 71' lang='lat' dir='ltr'><strong>SEllMt)</strong></span> <span class='ocrx_word' id='word_1_8' title='bbox 2537 381 2689 442; x_wconf 79' lang='lat' dir='ltr'><strong>XVI.</strong></span> 
     </span>
    </p>
   </div>
   <div class='ocr_carea' id='block_1_3' title="bbox 3444 378 3553 442">
    <p class='ocr_par' dir='ltr' id='par_1_3' title="bbox 3444 378 3553 442">
     <span class='ocr_line' id='line_1_3' title="bbox 3444 378 3553 442; baseline 0 -3"><span class='ocrx_word' id='word_1_9' title='bbox 3444 378 3553 442; x_wconf 66' lang='grc'><strong>818</strong></span> 
     </span>
    </p>
   </div>
   <div class='ocr_carea' id='block_1_4' title="bbox 303 480 1895 562">
    <p class='ocr_par' dir='ltr' id='par_1_4' title="bbox 303 480 1876 562">
     <span class='ocr_line' id='line_1_4' title="bbox 303 480 1876 562; baseline 0.008 -30"><span class='ocrx_word' id='word_1_10' title='bbox 303 480 671 554; x_wconf 70' lang='grc' dir='ltr'><strong>πλημμελήσῃ</strong></span> <span class='ocrx_word' id='word_1_11' title='bbox 709 482 740 553; x_wconf 80' lang='grc' dir='ltr'><strong>ἡ</strong></span> <span class='ocrx_word' id='word_1_12' title='bbox 770 482 918 556; x_wconf 75' lang='grc' dir='ltr'>ψυχὴ</span> <span class='ocrx_word' id='word_1_13' title='bbox 949 486 1152 557; x_wconf 72' lang='grc' dir='ltr'>ἐκείνη,</span> <span class='ocrx_word' id='word_1_14' title='bbox 1189 489 1537 558; x_wconf 73' lang='grc' dir='ltr'><strong>ἐξαγορεύσει</strong></span> <span class='ocrx_word' id='word_1_15' title='bbox 1567 491 1664 561; x_wconf 83' lang='grc' dir='ltr'>τὴν</span> <span class='ocrx_word' id='word_1_16' title='bbox 1698 493 1876 562; x_wconf 88' lang='grc' dir='ltr'>ἁμαρ-</span> 
     </span>
    </p>
   </div>
   <div class='ocr_carea' id='block_1_5' title="bbox 2010 480 3550 562">
    <p class='ocr_par' dir='ltr' id='par_1_5' title="bbox 2010 480 3550 561">
     <span class='ocr_line' id='line_1_5' title="bbox 2010 480 3550 561; baseline -0.001 -20"><span class='ocrx_word' id='word_1_17' title='bbox 2010 494 2375 548; x_wconf 66' lang='grc' dir='ltr'>ιιτωνοισίοειιιιε</span> <span class='ocrx_word' id='word_1_18' title='bbox 2435 491 2643 556; x_wconf 82' lang='lat' dir='ltr'><strong>fuerit,</strong></span> <span class='ocrx_word' id='word_1_19' title='bbox 2714 501 2768 546; x_wconf 90' lang='lat' dir='ltr'><strong>et</strong></span> <span class='ocrx_word' id='word_1_20' title='bbox 2826 491 3009 546; x_wconf 87' lang='lat' dir='ltr'><strong>auitna</strong></span> <span class='ocrx_word' id='word_1_21' title='bbox 3061 480 3550 561; x_wconf 23' lang='lat' dir='ltr'><strong>ejus-deliquerit,</strong></span> 
     </span>
    </p>
   </div>
   <div class='ocr_carea' id='block_1_6' title="bbox 296 573 818 645">
    <p class='ocr_par' dir='ltr' id='par_1_6' title="bbox 296 573 818 645">
     <span class='ocr_line' id='line_1_6' title="bbox 296 573 818 645; baseline 0.01 -20"><span class='ocrx_word' id='word_1_22' title='bbox 296 574 419 626; x_wconf 78' lang='grc' dir='ltr'>τὲαν</span> <span class='ocrx_word' id='word_1_23' title='bbox 439 573 509 645; x_wconf 72' lang='grc' dir='ltr'>ἣν</span> <span class='ocrx_word' id='word_1_24' title='bbox 541 575 818 644; x_wconf 79' lang='grc' dir='ltr'>ἐποίησεν.</span> 
     </span>
    </p>
   </div>
   <div class='ocr_carea' id='block_1_7' title="bbox 370 666 1872 746">
    <p class='ocr_par' dir='ltr' id='par_1_7' title="bbox 370 666 1872 746">
     <span class='ocr_line' id='line_1_7' title="bbox 370 666 1872 746; baseline 0.005 -28"><span class='ocrx_word' id='word_1_25' title='bbox 370 666 499 719; x_wconf 78' lang='grc' dir='ltr'><strong>Ἐάν</strong></span> <span class='ocrx_word' id='word_1_26' title='bbox 549 667 718 740; x_wconf 83' lang='grc' dir='ltr'><strong>νοήσῃ</strong></span> <span class='ocrx_word' id='word_1_27' title='bbox 770 667 1056 740; x_wconf 73' lang='grc' dir='ltr'>ἄνθρωπος</span> <span class='ocrx_word' id='word_1_28' title='bbox 1103 674 1169 742; x_wconf 81' lang='grc' dir='ltr'><strong>τῇ</strong></span> <span class='ocrx_word' id='word_1_29' title='bbox 1226 672 1424 746; x_wconf 77' lang='grc' dir='ltr'>καρδίᾳ</span> <span class='ocrx_word' id='word_1_30' title='bbox 1469 672 1872 744; x_wconf 73' lang='grc' dir='ltr'>ἐπιστραφῆναι</span> 
     </span>
    </p>
   </div>
   <div class='ocr_carea' id='block_1_8' title="bbox 296 757 1872 836">
    <p class='ocr_par' dir='ltr' id='par_1_8' title="bbox 296 757 1872 836">
     <span class='ocr_line' id='line_1_8' title="bbox 296 757 1872 836; baseline -0.002 -16"><span class='ocrx_word' id='word_1_31' title='bbox 296 759 436 827; x_wconf 77' lang='grc' dir='ltr'>πρὸς</span> <span class='ocrx_word' id='word_1_32' title='bbox 484 757 715 829; x_wconf 82' lang='grc' dir='ltr'><strong>Κύριον,</strong></span> <span class='ocrx_word' id='word_1_33' title='bbox 746 759 1041 830; x_wconf 80' lang='grc' dir='ltr'>ἀναγγελεῖ</span> <span class='ocrx_word' id='word_1_34' title='bbox 1085 764 1140 817; x_wconf 87' lang='grc' dir='ltr'>δὲ</span> <span class='ocrx_word' id='word_1_35' title='bbox 1192 764 1466 836; x_wconf 83' lang='grc' dir='ltr'><strong>ἀνθρώπῳ</strong></span> <span class='ocrx_word' id='word_1_36' title='bbox 1523 768 1622 836; x_wconf 78' lang='grc' dir='ltr'>τὴν</span> <span class='ocrx_word' id='word_1_37' title='bbox 1675 764 1872 820; x_wconf 77' lang='grc' dir='ltr'>ἑαυτοῦ</span> 
     </span>
    </p>
   </div>
   <div class='ocr_carea' id='block_1_9' title="bbox 299 850 1875 928">
    <p class='ocr_par' dir='ltr' id='par_1_9' title="bbox 299 850 1875 928">
     <span class='ocr_line' id='line_1_9' title="bbox 299 850 1875 928; baseline 0.004 -27"><span class='ocrx_word' id='word_1_38' title='bbox 299 850 533 918; x_wconf 82' lang='grc' dir='ltr'><strong>μέμψιν,</strong></span> <span class='ocrx_word' id='word_1_39' title='bbox 566 851 657 903; x_wconf 74' lang='grc' dir='ltr'>καὶ</span> <span class='ocrx_word' id='word_1_40' title='bbox 680 851 1050 909; x_wconf 69' lang='grc' dir='ltr'><strong>εἰσελεύσεται</strong></span> <span class='ocrx_word' id='word_1_41' title='bbox 1078 855 1352 928; x_wconf 79' lang='grc' dir='ltr'><strong>προσώπῳ</strong></span> <span class='ocrx_word' id='word_1_42' title='bbox 1375 855 1602 928; x_wconf 80' lang='grc' dir='ltr'>καθαρῷ</span> <span class='ocrx_word' id='word_1_43' title='bbox 1629 858 1730 911; x_wconf 83' lang='grc' dir='ltr'>σὺν</span> <span class='ocrx_word' id='word_1_44' title='bbox 1749 856 1875 926; x_wconf 80' lang='grc' dir='ltr'><strong>ἐξη-</strong></span> 
     </span>
    </p>
   </div>
   <div class='ocr_carea' id='block_1_10' title="bbox 294 941 480 1011">
    <p class='ocr_par' dir='ltr' id='par_1_10' title="bbox 294 941 480 1011">
     <span class='ocr_line' id='line_1_10' title="bbox 294 941 480 1011; baseline 0.011 -20"><span class='ocrx_word' id='word_1_45' title='bbox 294 941 480 1011; x_wconf 75' lang='grc' dir='ltr'>γορίᾳ.</span> 
     </span>
    </p>
   </div>
   <div class='ocr_carea' id='block_1_11' title="bbox 324 1029 1468 1112">
    <p class='ocr_par' dir='ltr' id='par_1_11' title="bbox 324 1029 1468 1112">
     <span class='ocr_line' id='line_1_11' title="bbox 324 1029 1468 1112; baseline 0.008 -26"><span class='ocrx_word' id='word_1_46' title='bbox 324 1029 328 1032; x_wconf 62' lang='grc'><em>’</em></span> <span class='ocrx_word' id='word_1_47' title='bbox 377 1035 587 1090; x_wconf 83' lang='grc' dir='ltr'>’Δδικία</span> <span class='ocrx_word' id='word_1_48' title='bbox 618 1037 674 1090; x_wconf 82' lang='grc' dir='ltr'>ὲν</span> <span class='ocrx_word' id='word_1_49' title='bbox 700 1037 881 1108; x_wconf 75' lang='grc' dir='ltr'>διαίτῃ</span> <span class='ocrx_word' id='word_1_50' title='bbox 908 1055 1001 1091; x_wconf 90' lang='grc' dir='ltr'><strong>σου</strong></span> <span class='ocrx_word' id='word_1_51' title='bbox 1037 1039 1112 1112; x_wconf 76' lang='grc' dir='ltr'>μὴ</span> <span class='ocrx_word' id='word_1_52' title='bbox 1145 1039 1468 1105; x_wconf 80' lang='grc' dir='ltr'>αὑλιζὲσθω.</span> 
     </span>
    </p>
   </div>
   <div class='ocr_carea' id='block_1_12' title="bbox 377 1128 1814 1206">
    <p class='ocr_par' dir='ltr' id='par_1_12' title="bbox 377 1128 1814 1206">
     <span class='ocr_line' id='line_1_12' title="bbox 377 1128 1814 1206; baseline 0.004 -24"><span class='ocrx_word' id='word_1_53' title='bbox 377 1128 436 1182; x_wconf 89' lang='grc' dir='ltr'>Ὀ</span> <span class='ocrx_word' id='word_1_54' title='bbox 467 1128 698 1198; x_wconf 80' lang='grc' dir='ltr'><strong>ἀγαπῶν</strong></span> <span class='ocrx_word' id='word_1_55' title='bbox 727 1131 826 1201; x_wconf 82' lang='grc' dir='ltr'>τὴν</span> <span class='ocrx_word' id='word_1_56' title='bbox 855 1131 1069 1186; x_wconf 78' lang='grc' dir='ltr'><strong>ἀδικίαν</strong></span> <span class='ocrx_word' id='word_1_57' title='bbox 1094 1135 1245 1202; x_wconf 80' lang='grc' dir='ltr'>μισεῖ</span> <span class='ocrx_word' id='word_1_58' title='bbox 1268 1133 1369 1206; x_wconf 79' lang='grc' dir='ltr'>τὴν</span> <span class='ocrx_word' id='word_1_59' title='bbox 1391 1131 1587 1187; x_wconf 80' lang='grc' dir='ltr'>ἑαυτοῦ</span> <span class='ocrx_word' id='word_1_60' title='bbox 1615 1131 1814 1205; x_wconf 77' lang='grc' dir='ltr'>ψυχήν.</span> 
     </span>
    </p>
   </div>
   <div class='ocr_carea' id='block_1_13' title="bbox 368 1313 1873 1386">
    <p class='ocr_par' dir='ltr' id='par_1_13' title="bbox 368 1313 1873 1386">
     <span class='ocr_line' id='line_1_13' title="bbox 368 1313 1873 1386; baseline 0.004 -22"><span class='ocrx_word' id='word_1_61' title='bbox 368 1313 716 1382; x_wconf 88' lang='grc' dir='ltr'>Παρανομίαι</span> <span class='ocrx_word' id='word_1_62' title='bbox 748 1313 914 1383; x_wconf 75' lang='grc' dir='ltr'>ἄνδρα</span> <span class='ocrx_word' id='word_1_63' title='bbox 939 1315 1257 1386; x_wconf 81' lang='grc' dir='ltr'>ἀγρεύουσι.</span> <span class='ocrx_word' id='word_1_64' title='bbox 1285 1316 1498 1385; x_wconf 79' lang='grc' dir='ltr'>Σειραῖς</span> <span class='ocrx_word' id='word_1_65' title='bbox 1528 1315 1585 1370; x_wconf 84' lang='grc' dir='ltr'>δὲ</span> <span class='ocrx_word' id='word_1_66' title='bbox 1604 1317 1711 1369; x_wconf 85' lang='grc' dir='ltr'><strong>τῶν</strong></span> <span class='ocrx_word' id='word_1_67' title='bbox 1741 1317 1873 1370; x_wconf 81' lang='grc' dir='ltr'>ἐαυ-</span> 
     </span>
    </p>
   </div>
   <div class='ocr_carea' id='block_1_14' title="bbox 293 1402 1438 1477">
    <p class='ocr_par' dir='ltr' id='par_1_14' title="bbox 293 1402 1438 1477">
     <span class='ocr_line' id='line_1_14' title="bbox 293 1402 1438 1477; baseline 0.005 -21"><span class='ocrx_word' id='word_1_68' title='bbox 293 1402 393 1456; x_wconf 81' lang='grc' dir='ltr'><strong>τοῦ</strong></span> <span class='ocrx_word' id='word_1_69' title='bbox 420 1406 836 1476; x_wconf 72' lang='grc' dir='ltr'><strong>ἁμαρτημάτων</strong></span> <span class='ocrx_word' id='word_1_70' title='bbox 864 1406 1094 1471; x_wconf 77' lang='grc' dir='ltr'>ἕκαστος</span> <span class='ocrx_word' id='word_1_71' title='bbox 1130 1408 1438 1477; x_wconf 77' lang='grc' dir='ltr'><strong>σφίγγεται.</strong></span> 
     </span>
    </p>
   </div>
   <div class='ocr_carea' id='block_1_15' title="bbox 369 1587 1874 1666">
    <p class='ocr_par' dir='ltr' id='par_1_15' title="bbox 369 1587 1874 1666">
     <span class='ocr_line' id='line_1_15' title="bbox 369 1587 1874 1666; baseline 0.009 -29"><span class='ocrx_word' id='word_1_72' title='bbox 369 1587 583 1657; x_wconf 82' lang='grc' dir='ltr'>Ὥσπερ</span> <span class='ocrx_word' id='word_1_73' title='bbox 605 1587 792 1658; x_wconf 79' lang='grc' dir='ltr'>δμφαξ</span> <span class='ocrx_word' id='word_1_74' title='bbox 822 1587 1006 1642; x_wconf 78' lang='grc' dir='ltr'>ὀδοῦσι</span> <span class='ocrx_word' id='word_1_75' title='bbox 1042 1589 1326 1662; x_wconf 73' lang='grc' dir='ltr'>βλαϐερὸς,</span> <span class='ocrx_word' id='word_1_76' title='bbox 1357 1595 1450 1646; x_wconf 71' lang='grc' dir='ltr'>καὶ</span> <span class='ocrx_word' id='word_1_77' title='bbox 1476 1595 1503 1647; x_wconf 82' lang='grc' dir='ltr'><em>ὁ</em></span> <span class='ocrx_word' id='word_1_78' title='bbox 1537 1594 1744 1659; x_wconf 84' lang='grc' dir='ltr'>καπνὸς</span> <span class='ocrx_word' id='word_1_79' title='bbox 1769 1595 1874 1666; x_wconf 80' lang='grc' dir='ltr'>δμ-</span> 
     </span>
    </p>
   </div>
   <div class='ocr_carea' id='block_1_16' title="bbox 295 1678 1730 1758">
    <p class='ocr_par' dir='ltr' id='par_1_16' title="bbox 295 1678 1730 1758">
     <span class='ocr_line' id='line_1_16' title="bbox 295 1678 1730 1758; baseline 0.008 -29"><span class='ocrx_word' id='word_1_80' title='bbox 295 1695 489 1748; x_wconf 85' lang='grc' dir='ltr'>μασιν,</span> <span class='ocrx_word' id='word_1_81' title='bbox 523 1678 693 1740; x_wconf 79' lang='grc' dir='ltr'>οὕτως</span> <span class='ocrx_word' id='word_1_82' title='bbox 723 1683 1046 1752; x_wconf 75' lang='grc' dir='ltr'>παρανομία</span> <span class='ocrx_word' id='word_1_83' title='bbox 1075 1685 1188 1747; x_wconf 86' lang='grc' dir='ltr'>τοῖς</span> <span class='ocrx_word' id='word_1_84' title='bbox 1234 1685 1541 1756; x_wconf 77' lang='grc' dir='ltr'>χρωμένοις</span> <span class='ocrx_word' id='word_1_85' title='bbox 1569 1688 1730 1758; x_wconf 76' lang='grc' dir='ltr'>αὐτῇ.</span> 
     </span>
    </p>
   </div>
   <div class='ocr_carea' id='block_1_17' title="bbox 368 1770 1322 1846">
    <p class='ocr_par' dir='ltr' id='par_1_17' title="bbox 368 1770 1322 1846">
     <span class='ocr_line' id='line_1_17' title="bbox 368 1770 1322 1846; baseline 0.009 -25"><span class='ocrx_word' id='word_1_86' title='bbox 368 1770 571 1833; x_wconf 82' lang='grc' dir='ltr'>Γενεᾶς</span> <span class='ocrx_word' id='word_1_87' title='bbox 604 1772 789 1826; x_wconf 82' lang='grc' dir='ltr'>ἀδίκου</span> <span class='ocrx_word' id='word_1_88' title='bbox 826 1773 1035 1843; x_wconf 77' lang='grc' dir='ltr'>χαλεπὰ</span> <span class='ocrx_word' id='word_1_89' title='bbox 1073 1776 1142 1828; x_wconf 74' lang='grc' dir='ltr'>τὰ</span> <span class='ocrx_word' id='word_1_90' title='bbox 1169 1775 1322 1846; x_wconf 83' lang='grc' dir='ltr'><strong>τέλη.</strong></span> 
     </span>
    </p>
   </div>
   <div class='ocr_carea' id='block_1_18' title="bbox 1977 587 3096 658">
    <p class='ocr_par' dir='ltr' id='par_1_18' title="bbox 1977 587 3096 658">
     <span class='ocr_line' id='line_1_18' title="bbox 1977 587 3096 658; baseline 0 -14"><span class='ocrx_word' id='word_1_91' title='bbox 1977 589 2305 644; x_wconf 79' lang='lat' dir='ltr'><strong>conﬁteatur</strong></span> <span class='ocrx_word' id='word_1_92' title='bbox 2342 596 2627 656; x_wconf 75' lang='lat' dir='ltr'><strong>peccatum</strong></span> <span class='ocrx_word' id='word_1_93' title='bbox 2663 587 2810 658; x_wconf 90' lang='lat' dir='ltr'><strong>quod</strong></span> <span class='ocrx_word' id='word_1_94' title='bbox 2848 589 3096 644; x_wconf 85' lang='lat' dir='ltr'><strong>admisit.</strong></span> 
     </span>
    </p>
   </div>
   <div class='ocr_carea' id='block_1_19' title="bbox 2044 679 3553 750">
    <p class='ocr_par' dir='ltr' id='par_1_19' title="bbox 2044 679 3553 750">
     <span class='ocr_line' id='line_1_19' title="bbox 2044 679 3553 750; baseline -0.003 -16"><span class='ocrx_word' id='word_1_95' title='bbox 2044 679 2173 735; x_wconf 79' lang='lat' dir='ltr'><strong>Job.</strong></span> <span class='ocrx_word' id='word_1_96' title='bbox 2211 680 2270 736; x_wconf 91' lang='lat' dir='ltr'><strong>Si</strong></span> <span class='ocrx_word' id='word_1_97' title='bbox 2325 681 2452 750; x_wconf 89' lang='lat' dir='ltr'><strong>quis</strong></span> <span class='ocrx_word' id='word_1_98' title='bbox 2503 696 2569 735; x_wconf 80' lang='lat' dir='ltr'><strong>ex</strong></span> <span class='ocrx_word' id='word_1_99' title='bbox 2636 681 2820 736; x_wconf 84' lang='lat' dir='ltr'><strong>animo</strong></span> <span class='ocrx_word' id='word_1_100' title='bbox 2853 680 2920 736; x_wconf 90' lang='lat' dir='ltr'><strong>ad</strong></span> <span class='ocrx_word' id='word_1_101' title='bbox 2970 681 3258 736; x_wconf 84' lang='lat' dir='ltr'><strong>Dominum</strong></span> <span class='ocrx_word' id='word_1_102' title='bbox 3308 679 3553 734; x_wconf 87' lang='lat' dir='ltr'><strong>converti</strong></span> 
     </span>
    </p>
   </div>
   <div class='ocr_carea' id='block_1_20' title="bbox 1975 772 3554 845">
    <p class='ocr_par' dir='ltr' id='par_1_20' title="bbox 1975 772 3554 845">
     <span class='ocr_line' id='line_1_20' title="bbox 1975 772 3554 845; baseline -0.003 -16"><span class='ocrx_word' id='word_1_103' title='bbox 1975 776 2265 845; x_wconf 79' lang='lat' dir='ltr'><strong>preponat,</strong></span> <span class='ocrx_word' id='word_1_104' title='bbox 2296 785 2482 830; x_wconf 88' lang='lat' dir='ltr'><strong>narret</strong></span> <span class='ocrx_word' id='word_1_105' title='bbox 2533 784 2712 831; x_wconf 90' lang='lat' dir='ltr'><strong>autem</strong></span> <span class='ocrx_word' id='word_1_106' title='bbox 2752 775 2917 829; x_wconf 79' lang='lat' dir='ltr'><strong>alicui</strong></span> <span class='ocrx_word' id='word_1_107' title='bbox 2975 774 3193 845; x_wconf 83' lang='lat' dir='ltr'><strong>culpam</strong></span> <span class='ocrx_word' id='word_1_108' title='bbox 3254 788 3433 837; x_wconf 87' lang='lat' dir='ltr'><strong>suam,</strong></span> <span class='ocrx_word' id='word_1_109' title='bbox 3472 772 3554 826; x_wconf 89' lang='lat' dir='ltr'><strong>in-</strong></span> 
     </span>
    </p>
   </div>
   <div class='ocr_carea' id='block_1_21' title="bbox 1980 866 3152 939">
    <p class='ocr_par' dir='ltr' id='par_1_21' title="bbox 1980 866 3152 939">
     <span class='ocr_line' id='line_1_21' title="bbox 1980 866 3152 939; baseline 0.003 -19"><span class='ocrx_word' id='word_1_110' title='bbox 1980 867 2267 939; x_wconf 72' lang='lat' dir='ltr'><strong>gredietur</strong></span> <span class='ocrx_word' id='word_1_111' title='bbox 2299 866 2441 922; x_wconf 81' lang='lat' dir='ltr'><strong>facie</strong></span> <span class='ocrx_word' id='word_1_112' title='bbox 2467 882 2605 937; x_wconf 88' lang='lat' dir='ltr'><strong>pura</strong></span> <span class='ocrx_word' id='word_1_113' title='bbox 2632 882 2753 921; x_wconf 92' lang='lat' dir='ltr'><strong>cum</strong></span> <span class='ocrx_word' id='word_1_114' title='bbox 2785 866 3152 923; x_wconf 77' lang='lat' dir='ltr'><strong>confessione.</strong></span> 
     </span>
    </p>
   </div>
   <div class='ocr_carea' id='block_1_22' title="bbox 2047 1043 3359 1116">
    <p class='ocr_par' dir='ltr' id='par_1_22' title="bbox 2047 1043 3359 1116">
     <span class='ocr_line' id='line_1_22' title="bbox 2047 1043 3359 1116; baseline -0.002 -14"><span class='ocrx_word' id='word_1_115' title='bbox 2047 1046 2322 1116; x_wconf 86' lang='lat' dir='ltr'><strong>lujustitia</strong></span> <span class='ocrx_word' id='word_1_116' title='bbox 2355 1047 2408 1100; x_wconf 84' lang='lat' dir='ltr'><strong>in</strong></span> <span class='ocrx_word' id='word_1_117' title='bbox 2448 1043 2787 1100; x_wconf 85' lang='lat' dir='ltr'><strong>habitatione</strong></span> <span class='ocrx_word' id='word_1_118' title='bbox 2821 1056 2911 1098; x_wconf 88' lang='lat' dir='ltr'><strong>tua</strong></span> <span class='ocrx_word' id='word_1_119' title='bbox 2941 1059 3048 1098; x_wconf 92' lang='lat' dir='ltr'><strong>non</strong></span> <span class='ocrx_word' id='word_1_120' title='bbox 3091 1053 3359 1099; x_wconf 75' lang='lat' dir='ltr'><strong>moretur.</strong></span> 
     </span>
    </p>
   </div>
   <div class='ocr_carea' id='block_1_23' title="bbox 2050 1134 3550 1206">
    <p class='ocr_par' dir='ltr' id='par_1_23' title="bbox 2050 1134 3550 1206">
     <span class='ocr_line' id='line_1_23' title="bbox 2050 1134 3550 1206; baseline -0.003 -13"><span class='ocrx_word' id='word_1_121' title='bbox 2050 1138 2195 1193; x_wconf 81' lang='lat' dir='ltr'><strong>Psal.</strong></span> <span class='ocrx_word' id='word_1_122' title='bbox 2248 1154 2303 1192; x_wconf 71' lang='grc' dir='ltr'>ι.</span> <span class='ocrx_word' id='word_1_123' title='bbox 2351 1136 2454 1204; x_wconf 86' lang='lat' dir='ltr'><strong>Qui</strong></span> <span class='ocrx_word' id='word_1_124' title='bbox 2500 1135 2676 1206; x_wconf 72' lang='lat' dir='ltr'><strong>diligit</strong></span> <span class='ocrx_word' id='word_1_125' title='bbox 2731 1134 3083 1206; x_wconf 75' lang='lat' dir='ltr'><strong>iniustitiam,</strong></span> <span class='ocrx_word' id='word_1_126' title='bbox 3138 1135 3256 1190; x_wconf 87' lang='lat' dir='ltr'><strong>odit</strong></span> <span class='ocrx_word' id='word_1_127' title='bbox 3311 1135 3550 1190; x_wconf 85' lang='lat' dir='ltr'><strong>animam</strong></span> 
     </span>
    </p>
   </div>
   <div class='ocr_carea' id='block_1_24' title="bbox 1977 1244 2155 1284">
    <p class='ocr_par' dir='ltr' id='par_1_24' title="bbox 1977 1244 2155 1284">
     <span class='ocr_line' id='line_1_24' title="bbox 1977 1244 2155 1284; baseline -0.017 0"><span class='ocrx_word' id='word_1_128' title='bbox 1977 1244 2155 1284; x_wconf 88' lang='lat' dir='ltr'><strong>suam.</strong></span> 
     </span>
    </p>
   </div>
   <div class='ocr_carea' id='block_1_25' title="bbox 2052 1316 3553 1388">
    <p class='ocr_par' dir='ltr' id='par_1_25' title="bbox 2052 1316 3553 1388">
     <span class='ocr_line' id='line_1_25' title="bbox 2052 1316 3553 1388; baseline -0.002 -15"><span class='ocrx_word' id='word_1_129' title='bbox 2052 1319 2207 1374; x_wconf 83' lang='lat' dir='ltr'><strong>Prov.</strong></span> <span class='ocrx_word' id='word_1_130' title='bbox 2267 1336 2318 1374; x_wconf 82' lang='grc' dir='ltr'><strong>ν.</strong></span> <span class='ocrx_word' id='word_1_131' title='bbox 2375 1317 2702 1388; x_wconf 85' lang='lat' dir='ltr'><strong>Iniquitates</strong></span> <span class='ocrx_word' id='word_1_132' title='bbox 2759 1316 3037 1372; x_wconf 77' lang='lat' dir='ltr'><strong>hominem</strong></span> <span class='ocrx_word' id='word_1_133' title='bbox 3105 1316 3347 1386; x_wconf 87' lang='lat' dir='ltr'><strong>capiunt.</strong></span> <span class='ocrx_word' id='word_1_134' title='bbox 3405 1316 3553 1370; x_wconf 83' lang='lat' dir='ltr'><strong>Con-</strong></span> 
     </span>
    </p>
   </div>
   <div class='ocr_carea' id='block_1_26' title="bbox 1976 1407 3552 1480">
    <p class='ocr_par' dir='ltr' id='par_1_26' title="bbox 1976 1407 3552 1480">
     <span class='ocr_line' id='line_1_26' title="bbox 1976 1407 3552 1480; baseline -0.003 -14"><span class='ocrx_word' id='word_1_135' title='bbox 1976 1411 2265 1480; x_wconf 84' lang='lat' dir='ltr'><strong>stringitur</strong></span> <span class='ocrx_word' id='word_1_136' title='bbox 2299 1419 2480 1466; x_wconf 85' lang='lat' dir='ltr'><strong>autem</strong></span> <span class='ocrx_word' id='word_1_137' title='bbox 2523 1408 2904 1480; x_wconf 79' lang='lat' dir='ltr'><strong>unusquisque</strong></span> <span class='ocrx_word' id='word_1_138' title='bbox 2937 1407 3171 1463; x_wconf 87' lang='lat' dir='ltr'><strong>vinculis</strong></span> <span class='ocrx_word' id='word_1_139' title='bbox 3202 1415 3552 1478; x_wconf 81' lang='lat' dir='ltr'><strong>peccatorum</strong></span> 
     </span>
    </p>
   </div>
   <div class='ocr_carea' id='block_1_27' title="bbox 1975 1517 2224 1557">
    <p class='ocr_par' dir='ltr' id='par_1_27' title="bbox 1975 1517 2224 1557">
     <span class='ocr_line' id='line_1_27' title="bbox 1975 1517 2224 1557; baseline 0.004 -1"><span class='ocrx_word' id='word_1_140' title='bbox 1975 1517 2224 1557; x_wconf 81' lang='lat' dir='ltr'><strong>suorum.</strong></span> 
     </span>
    </p>
   </div>
   <div class='ocr_carea' id='block_1_28' title="bbox 2046 1588 3556 1656">
    <p class='ocr_par' dir='ltr' id='par_1_28' title="bbox 2046 1588 3556 1656">
     <span class='ocr_line' id='line_1_28' title="bbox 2046 1588 3556 1656; baseline 0 -10"><span class='ocrx_word' id='word_1_141' title='bbox 2046 1593 2188 1647; x_wconf 80' lang='lat' dir='ltr'><strong>Ibid.</strong></span> <span class='ocrx_word' id='word_1_142' title='bbox 2224 1609 2278 1647; x_wconf 71' lang='grc' dir='ltr'><strong>ιι.</strong></span> <span class='ocrx_word' id='word_1_143' title='bbox 2313 1593 2466 1648; x_wconf 86' lang='lat' dir='ltr'><strong>Sicut</strong></span> <span class='ocrx_word' id='word_1_144' title='bbox 2497 1593 2750 1647; x_wconf 83' lang='lat' dir='ltr'><strong>labrusca</strong></span> <span class='ocrx_word' id='word_1_145' title='bbox 2775 1591 3032 1647; x_wconf 84' lang='lat' dir='ltr'><strong>dentibus</strong></span> <span class='ocrx_word' id='word_1_146' title='bbox 3069 1599 3252 1656; x_wconf 79' lang='lat' dir='ltr'><strong>noeet,</strong></span> <span class='ocrx_word' id='word_1_147' title='bbox 3279 1602 3343 1645; x_wconf 91' lang='lat' dir='ltr'><strong>ac</strong></span> <span class='ocrx_word' id='word_1_148' title='bbox 3371 1588 3556 1646; x_wconf 80' lang='lat' dir='ltr'><strong>fumus</strong></span> 
     </span>
    </p>
   </div>
   <div class='ocr_carea' id='block_1_29' title="bbox 1976 1683 3194 1753">
    <p class='ocr_par' dir='ltr' id='par_1_29' title="bbox 1976 1683 3194 1753">
     <span class='ocr_line' id='line_1_29' title="bbox 1976 1683 3194 1753; baseline -0.002 -14"><span class='ocrx_word' id='word_1_149' title='bbox 1976 1684 2183 1746; x_wconf 88' lang='lat' dir='ltr'><strong>oculis,</strong></span> <span class='ocrx_word' id='word_1_150' title='bbox 2225 1685 2305 1738; x_wconf 92' lang='lat' dir='ltr'><strong>sic</strong></span> <span class='ocrx_word' id='word_1_151' title='bbox 2345 1683 2607 1753; x_wconf 88' lang='lat' dir='ltr'><strong>iniquitas</strong></span> <span class='ocrx_word' id='word_1_152' title='bbox 2633 1683 3019 1739; x_wconf 83' lang='lat' dir='ltr'><strong>exercentibus</strong></span> <span class='ocrx_word' id='word_1_153' title='bbox 3050 1697 3194 1737; x_wconf 90' lang='lat' dir='ltr'><strong>eam.</strong></span> 
     </span>
    </p>
   </div>
   <div class='ocr_carea' id='block_1_30' title="bbox 2050 1775 3272 1847">
    <p class='ocr_par' dir='ltr' id='par_1_30' title="bbox 2050 1775 3272 1847">
     <span class='ocr_line' id='line_1_30' title="bbox 2050 1775 3272 1847; baseline 0 -16"><span class='ocrx_word' id='word_1_154' title='bbox 2050 1777 2344 1831; x_wconf 85' lang='lat' dir='ltr'><strong>Hominum</strong></span> <span class='ocrx_word' id='word_1_155' title='bbox 2381 1779 2711 1847; x_wconf 84' lang='lat' dir='ltr'><strong>injustorum</strong></span> <span class='ocrx_word' id='word_1_156' title='bbox 2760 1777 2885 1831; x_wconf 91' lang='lat' dir='ltr'><strong>mali</strong></span> <span class='ocrx_word' id='word_1_157' title='bbox 2915 1782 3045 1831; x_wconf 82' lang='lat' dir='ltr'><strong>sunt</strong></span> <span class='ocrx_word' id='word_1_158' title='bbox 3070 1775 3272 1831; x_wconf 82' lang='lat' dir='ltr'><strong>exitus.</strong></span> 
     </span>
    </p>
   </div>
   <div class='ocr_carea' id='block_1_31' title="bbox 382 1858 1895 1937">
    <p class='ocr_par' dir='ltr' id='par_1_31' title="bbox 382 1859 1871 1937">
     <span class='ocr_line' id='line_1_31' title="bbox 382 1859 1871 1937; baseline 0.009 -25"><span class='ocrx_word' id='word_1_159' title='bbox 382 1859 614 1932; x_wconf 77' lang='grc' dir='ltr'>’Δρετῆς</span> <span class='ocrx_word' id='word_1_160' title='bbox 651 1860 749 1930; x_wconf 82' lang='grc' dir='ltr'>μὲν</span> <span class='ocrx_word' id='word_1_161' title='bbox 785 1864 1009 1934; x_wconf 85' lang='grc' dir='ltr'>σημεῖον</span> <span class='ocrx_word' id='word_1_162' title='bbox 1053 1864 1205 1919; x_wconf 84' lang='grc' dir='ltr'>οὐδὲν</span> <span class='ocrx_word' id='word_1_163' title='bbox 1235 1865 1432 1937; x_wconf 77' lang='grc' dir='ltr'>ἔχομεν</span> <span class='ocrx_word' id='word_1_164' title='bbox 1475 1867 1647 1935; x_wconf 82' lang='grc' dir='ltr'>δεῖξαι</span> <span class='ocrx_word' id='word_1_165' title='bbox 1669 1881 1686 1900; x_wconf 79' lang='grc'><strong><em>⁸</em></strong></span> <span class='ocrx_word' id='word_1_166' title='bbox 1720 1870 1777 1924; x_wconf 82' lang='grc' dir='ltr'>ὲν</span> <span class='ocrx_word' id='word_1_167' title='bbox 1814 1871 1871 1927; x_wconf 78' lang='grc' dir='ltr'>δὲ</span> 
     </span>
    </p>
   </div>
   <div class='ocr_carea' id='block_1_32' title="bbox 2010 1858 3551 1937">
    <p class='ocr_par' dir='ltr' id='par_1_32' title="bbox 2045 1863 3551 1937">
     <span class='ocr_line' id='line_1_32' title="bbox 2045 1863 3551 1937; baseline -0.002 -16"><span class='ocrx_word' id='word_1_168' title='bbox 2045 1865 2341 1922; x_wconf 70' lang='grc' dir='ltr'>Ρνοὺὶεοιίε</span> <span class='ocrx_word' id='word_1_169' title='bbox 2405 1869 2625 1937; x_wconf 80' lang='lat' dir='ltr'><strong>quidem</strong></span> <span class='ocrx_word' id='word_1_170' title='bbox 2693 1867 2967 1937; x_wconf 89' lang='lat' dir='ltr'><strong>specimen</strong></span> <span class='ocrx_word' id='word_1_171' title='bbox 3025 1863 3274 1935; x_wconf 81' lang='lat' dir='ltr'><strong>proferre</strong></span> <span class='ocrx_word' id='word_1_172' title='bbox 3340 1865 3551 1920; x_wconf 80' lang='lat' dir='ltr'><strong>nullum</strong></span> 
     </span>
    </p>
   </div>
   <div class='ocr_carea' id='block_1_33' title="bbox 293 1953 1350 2030">
    <p class='ocr_par' dir='ltr' id='par_1_33' title="bbox 293 1953 1350 2030">
     <span class='ocr_line' id='line_1_33' title="bbox 293 1953 1350 2030; baseline 0.011 -28"><span class='ocrx_word' id='word_1_173' title='bbox 293 1954 366 2023; x_wconf 78' lang='grc' dir='ltr'><strong>τῇ</strong></span> <span class='ocrx_word' id='word_1_174' title='bbox 404 1953 576 2024; x_wconf 78' lang='grc' dir='ltr'>κακίᾳ</span> <span class='ocrx_word' id='word_1_175' title='bbox 613 1955 772 2023; x_wconf 77' lang='grc' dir='ltr'>ἡμῶν</span> <span class='ocrx_word' id='word_1_176' title='bbox 799 1955 1350 2030; x_wconf 79' lang='grc' dir='ltr'>κατεδαπανήθημεν.</span> 
     </span>
    </p>
   </div>
   <div class='ocr_carea' id='block_1_34' title="bbox 383 2135 1868 2208">
    <p class='ocr_par' dir='ltr' id='par_1_34' title="bbox 383 2135 1868 2208">
     <span class='ocr_line' id='line_1_34' title="bbox 383 2135 1868 2208; baseline 0.003 -20"><span class='ocrx_word' id='word_1_177' title='bbox 383 2135 473 2200; x_wconf 81' lang='grc' dir='ltr'>Ὦς</span> <span class='ocrx_word' id='word_1_178' title='bbox 513 2136 621 2188; x_wconf 72' lang='grc' dir='ltr'>ἀπὸ</span> <span class='ocrx_word' id='word_1_179' title='bbox 670 2136 963 2207; x_wconf 80' lang='grc' dir='ltr'>προσώπου</span> <span class='ocrx_word' id='word_1_180' title='bbox 997 2138 1174 2206; x_wconf 55' lang='lat' dir='ltr'><strong>opus;</strong></span> <span class='ocrx_word' id='word_1_181' title='bbox 1211 2137 1381 2207; x_wconf 80' lang='grc' dir='ltr'>φεῦγε</span> <span class='ocrx_word' id='word_1_182' title='bbox 1419 2139 1529 2192; x_wconf 82' lang='grc' dir='ltr'>ἀπὸ</span> <span class='ocrx_word' id='word_1_183' title='bbox 1558 2138 1868 2208; x_wconf 77' lang='grc' dir='ltr'>ἁμαρτίας·</span> 
     </span>
    </p>
   </div>
   <div class='ocr_carea' id='block_1_35' title="bbox 291 2226 1872 2298">
    <p class='ocr_par' dir='ltr' id='par_1_35' title="bbox 291 2226 1872 2298">
     <span class='ocr_line' id='line_1_35' title="bbox 291 2226 1872 2298; baseline 0 -16"><span class='ocrx_word' id='word_1_184' title='bbox 291 2229 393 2282; x_wconf 73' lang='grc' dir='ltr'><strong>ἐὰν</strong></span> <span class='ocrx_word' id='word_1_185' title='bbox 422 2226 746 2298; x_wconf 67' lang='grc' dir='ltr'>προσέλθῃς,</span> <span class='ocrx_word' id='word_1_186' title='bbox 765 2227 983 2297; x_wconf 72' lang='grc' dir='ltr'>δήξεται</span> <span class='ocrx_word' id='word_1_187' title='bbox 1008 2245 1090 2282; x_wconf 87' lang='grc' dir='ltr'><strong>σε.</strong></span> <span class='ocrx_word' id='word_1_188' title='bbox 1113 2229 1357 2294; x_wconf 86' lang='grc' dir='ltr'>Ὀδὸντες</span> <span class='ocrx_word' id='word_1_189' title='bbox 1383 2229 1613 2283; x_wconf 84' lang='grc' dir='ltr'>λεόντων</span> <span class='ocrx_word' id='word_1_190' title='bbox 1640 2231 1691 2282; x_wconf 78' lang='lat' dir='ltr'><strong>ot</strong></span> <span class='ocrx_word' id='word_1_191' title='bbox 1719 2230 1872 2283; x_wconf 79' lang='grc' dir='ltr'>ὀδόν-</span> 
     </span>
    </p>
   </div>
   <div class='ocr_carea' id='block_1_36' title="bbox 289 2318 1872 2393">
    <p class='ocr_par' dir='ltr' id='par_1_36' title="bbox 289 2318 1872 2393">
     <span class='ocr_line' id='line_1_36' title="bbox 289 2318 1872 2393; baseline 0.001 -20"><span class='ocrx_word' id='word_1_192' title='bbox 289 2336 388 2380; x_wconf 89' lang='grc' dir='ltr'><strong>τες</strong></span> <span class='ocrx_word' id='word_1_193' title='bbox 418 2318 607 2384; x_wconf 80' lang='grc' dir='ltr'>αὑτοῦ,</span> <span class='ocrx_word' id='word_1_194' title='bbox 635 2318 987 2389; x_wconf 78' lang='grc' dir='ltr'>ἀναιροῦντες</span> <span class='ocrx_word' id='word_1_195' title='bbox 1028 2320 1204 2391; x_wconf 81' lang='grc' dir='ltr'>ψυχὰς</span> <span class='ocrx_word' id='word_1_196' title='bbox 1250 2320 1574 2392; x_wconf 87' lang='grc' dir='ltr'>ἀνθρώπων.</span> <span class='ocrx_word' id='word_1_197' title='bbox 1621 2319 1708 2384; x_wconf 83' lang='grc' dir='ltr'>Ὠς</span> <span class='ocrx_word' id='word_1_198' title='bbox 1739 2323 1872 2393; x_wconf 78' lang='grc' dir='ltr'>ῥομ-</span> 
     </span>
    </p>
   </div>
   <div class='ocr_carea' id='block_1_37' title="bbox 289 2411 1189 2483">
    <p class='ocr_par' dir='ltr' id='par_1_37' title="bbox 289 2411 1189 2483">
     <span class='ocr_line' id='line_1_37' title="bbox 289 2411 1189 2483; baseline 0.003 -17"><span class='ocrx_word' id='word_1_199' title='bbox 289 2414 437 2482; x_wconf 70' lang='grc' dir='ltr'>φαία</span> <span class='ocrx_word' id='word_1_200' title='bbox 458 2411 714 2483; x_wconf 87' lang='grc' dir='ltr'>δίστομος</span> <span class='ocrx_word' id='word_1_201' title='bbox 741 2413 893 2466; x_wconf 77' lang='grc' dir='ltr'>πᾶσα</span> <span class='ocrx_word' id='word_1_202' title='bbox 921 2412 1189 2483; x_wconf 83' lang='grc' dir='ltr'>ἁμαρτία.</span> 
     </span>
    </p>
   </div>
   <div class='ocr_carea' id='block_1_38' title="bbox 368 2503 1870 2578">
    <p class='ocr_par' dir='ltr' id='par_1_38' title="bbox 368 2503 1870 2578">
     <span class='ocr_line' id='line_1_38' title="bbox 368 2503 1870 2578; baseline 0.001 -18"><span class='ocrx_word' id='word_1_203' title='bbox 368 2505 490 2568; x_wconf 80' lang='grc' dir='ltr'><strong>Πᾶς</strong></span> <span class='ocrx_word' id='word_1_204' title='bbox 550 2505 581 2558; x_wconf 81' lang='grc' dir='ltr'>ὁ</span> <span class='ocrx_word' id='word_1_205' title='bbox 642 2504 812 2561; x_wconf 73' lang='grc' dir='ltr'>ποιῶν</span> <span class='ocrx_word' id='word_1_206' title='bbox 871 2505 970 2577; x_wconf 79' lang='grc' dir='ltr'>τὴν</span> <span class='ocrx_word' id='word_1_207' title='bbox 1022 2503 1299 2577; x_wconf 78' lang='grc' dir='ltr'>ἁμαρτίαν</span> <span class='ocrx_word' id='word_1_208' title='bbox 1354 2503 1539 2570; x_wconf 81' lang='grc' dir='ltr'>δοῦλός</span> <span class='ocrx_word' id='word_1_209' title='bbox 1594 2507 1710 2564; x_wconf 72' lang='grc' dir='ltr'>ἐστι</span> <span class='ocrx_word' id='word_1_210' title='bbox 1769 2505 1870 2578; x_wconf 81' lang='grc' dir='ltr'>τῆς</span> 
     </span>
    </p>
   </div>
   <div class='ocr_carea' id='block_1_39' title="bbox 289 2597 596 2668">
    <p class='ocr_par' dir='ltr' id='par_1_39' title="bbox 289 2597 596 2668">
     <span class='ocr_line' id='line_1_39' title="bbox 289 2597 596 2668; baseline -0.007 -14"><span class='ocrx_word' id='word_1_211' title='bbox 289 2599 415 2668; x_wconf 82' lang='grc' dir='ltr'><strong>ἀμα</strong></span> <span class='ocrx_word' id='word_1_212' title='bbox 425 2597 596 2667; x_wconf 85' lang='grc' dir='ltr'>ρτίας.</span> 
     </span>
    </p>
   </div>
   <div class='ocr_carea' id='block_1_40' title="bbox 365 2679 1384 2761">
    <p class='ocr_par' dir='ltr' id='par_1_40' title="bbox 365 2679 1384 2761">
     <span class='ocr_line' id='line_1_40' title="bbox 365 2679 1384 2761; baseline 0.002 -18"><span class='ocrx_word' id='word_1_213' title='bbox 365 2690 452 2743; x_wconf 78' lang='grc' dir='ltr'>Τὰ</span> <span class='ocrx_word' id='word_1_214' title='bbox 481 2687 685 2758; x_wconf 68' lang='grc' dir='ltr'>ὀψώνια</span> <span class='ocrx_word' id='word_1_215' title='bbox 709 2679 811 2758; x_wconf 60' lang='grc' dir='ltr'>’τῆς</span> <span class='ocrx_word' id='word_1_216' title='bbox 832 2681 1116 2761; x_wconf 71' lang='grc' dir='ltr'>ἀμαρτίαξ</span> <span class='ocrx_word' id='word_1_217' title='bbox 1134 2689 1384 2752; x_wconf 88' lang='grc' dir='ltr'>θάνατος.</span> 
     </span>
    </p>
   </div>
   <div class='ocr_carea' id='block_1_41' title="bbox 364 2778 1869 2852">
    <p class='ocr_par' dir='ltr' id='par_1_41' title="bbox 364 2778 1869 2852">
     <span class='ocr_line' id='line_1_41' title="bbox 364 2778 1869 2852; baseline -0.003 -18"><span class='ocrx_word' id='word_1_218' title='bbox 364 2778 549 2834; x_wconf 83' lang='grc' dir='ltr'>Τινῶν</span> <span class='ocrx_word' id='word_1_219' title='bbox 577 2780 632 2833; x_wconf 77' lang='lat' dir='ltr'><strong>al</strong></span> <span class='ocrx_word' id='word_1_220' title='bbox 662 2779 931 2852; x_wconf 77' lang='grc' dir='ltr'>ἁμαρτίαι</span> <span class='ocrx_word' id='word_1_221' title='bbox 960 2779 1218 2852; x_wconf 84' lang='grc' dir='ltr'>πρόδηλοί</span> <span class='ocrx_word' id='word_1_222' title='bbox 1247 2780 1375 2846; x_wconf 82' lang='grc' dir='ltr'>είσι,</span> <span class='ocrx_word' id='word_1_223' title='bbox 1410 2778 1749 2850; x_wconf 72' lang='grc' dir='ltr'>προάγουσαι</span> <span class='ocrx_word' id='word_1_224' title='bbox 1788 2778 1869 2839; x_wconf 83' lang='grc' dir='ltr'><strong>είς</strong></span> 
     </span>
    </p>
   </div>
   <div class='ocr_carea' id='block_1_42' title="bbox 289 2870 1380 2944">
    <p class='ocr_par' dir='ltr' id='par_1_42' title="bbox 289 2870 1380 2944">
     <span class='ocr_line' id='line_1_42' title="bbox 289 2870 1380 2944; baseline -0.002 -16"><span class='ocrx_word' id='word_1_225' title='bbox 289 2870 486 2944; x_wconf 79' lang='grc' dir='ltr'>κρίσιν</span> <span class='ocrx_word' id='word_1_226' title='bbox 505 2887 519 2902; x_wconf 85' lang='grc'><strong>·</strong></span> <span class='ocrx_word' id='word_1_227' title='bbox 550 2874 664 2929; x_wconf 77' lang='grc' dir='ltr'>τισὶ</span> <span class='ocrx_word' id='word_1_228' title='bbox 689 2872 746 2928; x_wconf 81' lang='grc' dir='ltr'>δὲ</span> <span class='ocrx_word' id='word_1_229' title='bbox 780 2873 875 2926; x_wconf 75' lang='grc' dir='ltr'><strong>καὶ</strong></span> <span class='ocrx_word' id='word_1_230' title='bbox 902 2871 1380 2927; x_wconf 73' lang='grc' dir='ltr'>ἐπακολουθοῦσιν.</span> 
     </span>
    </p>
   </div>
   <div class='ocr_carea' id='block_1_43' title="bbox 371 3051 1866 3123">
    <p class='ocr_par' dir='ltr' id='par_1_43' title="bbox 371 3051 1866 3123">
     <span class='ocr_line' id='line_1_43' title="bbox 371 3051 1866 3123; baseline -0.003 -15"><span class='ocrx_word' id='word_1_231' title='bbox 371 3055 438 3109; x_wconf 86' lang='grc'><strong>’0</strong></span> <span class='ocrx_word' id='word_1_232' title='bbox 485 3053 656 3107; x_wconf 83' lang='grc' dir='ltr'>ποιῶν</span> <span class='ocrx_word' id='word_1_233' title='bbox 708 3053 807 3123; x_wconf 77' lang='grc' dir='ltr'>τὴν</span> <span class='ocrx_word' id='word_1_234' title='bbox 854 3051 1128 3122; x_wconf 83' lang='grc' dir='ltr'>ἁμαρτίαν</span> <span class='ocrx_word' id='word_1_235' title='bbox 1173 3053 1237 3106; x_wconf 82' lang='grc' dir='ltr'>ὲκ</span> <span class='ocrx_word' id='word_1_236' title='bbox 1267 3052 1361 3106; x_wconf 77' lang='grc' dir='ltr'>τοῦ</span> <span class='ocrx_word' id='word_1_237' title='bbox 1398 3051 1646 3106; x_wconf 81' lang='grc' dir='ltr'>διαϐόλου</span> <span class='ocrx_word' id='word_1_238' title='bbox 1685 3052 1866 3106; x_wconf 69' lang='grc' dir='ltr'>ἐστίν’</span> 
     </span>
    </p>
   </div>
   <div class='ocr_carea' id='block_1_44' title="bbox 266 3143 1872 3223">
    <p class='ocr_par' dir='ltr' id='par_1_44' title="bbox 266 3143 1872 3223">
     <span class='ocr_line' id='line_1_44' title="bbox 266 3143 1872 3223; baseline -0.004 -21"><span class='ocrx_word' id='word_1_239' title='bbox 266 3149 377 3223; x_wconf 47' lang='grc' dir='ltr'>,ὅτι</span> <span class='ocrx_word' id='word_1_240' title='bbox 434 3145 528 3202; x_wconf 84' lang='grc' dir='ltr'><strong>ἀπ’</strong></span> <span class='ocrx_word' id='word_1_241' title='bbox 578 3143 754 3216; x_wconf 84' lang='grc' dir='ltr'>ἀρχῆς</span> <span class='ocrx_word' id='word_1_242' title='bbox 800 3145 831 3199; x_wconf 82' lang='grc' dir='ltr'>ὀ</span> <span class='ocrx_word' id='word_1_243' title='bbox 869 3143 1115 3207; x_wconf 86' lang='grc' dir='ltr'>διάϐολος</span> <span class='ocrx_word' id='word_1_244' title='bbox 1168 3143 1493 3215; x_wconf 80' lang='grc' dir='ltr'>ἁμαρτάνει.</span> <span class='ocrx_word' id='word_1_245' title='bbox 1557 3144 1652 3205; x_wconf 73' lang='grc' dir='ltr'><strong>Εἰς</strong></span> <span class='ocrx_word' id='word_1_246' title='bbox 1694 3143 1872 3197; x_wconf 85' lang='grc' dir='ltr'>,τοῦτο</span> 
     </span>
    </p>
   </div>
   <div class='ocr_carea' id='block_1_45' title="bbox 288 3234 1870 3310">
    <p class='ocr_par' dir='ltr' id='par_1_45' title="bbox 288 3234 1870 3310">
     <span class='ocr_line' id='line_1_45' title="bbox 288 3234 1870 3310; baseline -0.001 -18"><span class='ocrx_word' id='word_1_247' title='bbox 288 3237 620 3310; x_wconf 63' lang='grc' dir='ltr'>ἐφανερώθη</span> <span class='ocrx_word' id='word_1_248' title='bbox 650 3239 678 3292; x_wconf 82' lang='grc' dir='ltr'><strong>δ</strong></span> <span class='ocrx_word' id='word_1_249' title='bbox 709 3237 836 3302; x_wconf 79' lang='grc' dir='ltr'>Υίὸς</span> <span class='ocrx_word' id='word_1_250' title='bbox 881 3235 976 3290; x_wconf 81' lang='grc' dir='ltr'><strong>τοῦ</strong></span> <span class='ocrx_word' id='word_1_251' title='bbox 1007 3235 1164 3302; x_wconf 80' lang='grc' dir='ltr'>Θεοῦ,</span> <span class='ocrx_word' id='word_1_252' title='bbox 1210 3235 1294 3289; x_wconf 76' lang='grc' dir='ltr'>ἵνα</span> <span class='ocrx_word' id='word_1_253' title='bbox 1334 3235 1472 3310; x_wconf 73' lang='grc' dir='ltr'>λύσῃ</span> <span class='ocrx_word' id='word_1_254' title='bbox 1508 3237 1578 3290; x_wconf 68' lang='grc' dir='ltr'><strong>τὰ</strong></span> <span class='ocrx_word' id='word_1_255' title='bbox 1607 3234 1745 3308; x_wconf 80' lang='grc' dir='ltr'>ἔργα</span> <span class='ocrx_word' id='word_1_256' title='bbox 1777 3237 1870 3290; x_wconf 83' lang='grc' dir='ltr'><strong>τοῦ</strong></span> 
     </span>
    </p>
   </div>
   <div class='ocr_carea' id='block_1_46' title="bbox 286 3331 568 3387">
    <p class='ocr_par' dir='ltr' id='par_1_46' title="bbox 286 3331 568 3387">
     <span class='ocr_line' id='line_1_46' title="bbox 286 3331 568 3387; baseline -0.007 0"><span class='ocrx_word' id='word_1_257' title='bbox 286 3331 568 3387; x_wconf 83' lang='grc' dir='ltr'>διαϐόλου.</span> 
     </span>
    </p>
   </div>
   <div class='ocr_carea' id='block_1_47' title="bbox 375 3419 1870 3493">
    <p class='ocr_par' dir='ltr' id='par_1_47' title="bbox 375 3419 1870 3493">
     <span class='ocr_line' id='line_1_47' title="bbox 375 3419 1870 3493; baseline -0.001 -17"><span class='ocrx_word' id='word_1_258' title='bbox 375 3421 441 3476; x_wconf 87' lang='lat'><strong>&#39;0</strong></span> <span class='ocrx_word' id='word_1_259' title='bbox 498 3419 700 3476; x_wconf 83' lang='grc' dir='ltr'>ἀδικῶν</span> <span class='ocrx_word' id='word_1_260' title='bbox 750 3421 1027 3487; x_wconf 78' lang='grc' dir='ltr'>κομιεῖται</span> <span class='ocrx_word' id='word_1_261' title='bbox 1079 3419 1109 3474; x_wconf 86' lang='grc' dir='ltr'><strong>δ</strong></span> <span class='ocrx_word' id='word_1_262' title='bbox 1149 3421 1398 3493; x_wconf 79' lang='grc' dir='ltr'>ἠδίκησε,</span> <span class='ocrx_word' id='word_1_263' title='bbox 1462 3422 1556 3474; x_wconf 77' lang='grc' dir='ltr'>καὶ</span> <span class='ocrx_word' id='word_1_264' title='bbox 1604 3422 1704 3475; x_wconf 84' lang='grc' dir='ltr'>οὐκ</span> <span class='ocrx_word' id='word_1_265' title='bbox 1757 3421 1870 3475; x_wconf 76' lang='grc' dir='ltr'>ἔστι</span> 
     </span>
    </p>
   </div>
   <div class='ocr_carea' id='block_1_48' title="bbox 289 3514 754 3587">
    <p class='ocr_par' dir='ltr' id='par_1_48' title="bbox 289 3514 754 3587">
     <span class='ocr_line' id='line_1_48' title="bbox 289 3514 754 3587; baseline 0 -19"><span class='ocrx_word' id='word_1_266' title='bbox 289 3514 754 3587; x_wconf 58' lang='grc' dir='ltr'>προσωπληψία.</span> 
     </span>
    </p>
   </div>
   <div class='ocr_carea' id='block_1_49' title="bbox 302 3609 1871 3680">
    <p class='ocr_par' dir='ltr' id='par_1_49' title="bbox 302 3609 1871 3680">
     <span class='ocr_line' id='line_1_49' title="bbox 302 3609 1871 3680; baseline 0 -18"><span class='ocrx_word' id='word_1_267' title='bbox 302 3628 310 3645; x_wconf 92' lang='grc'><strong>·</strong></span> <span class='ocrx_word' id='word_1_268' title='bbox 368 3610 584 3679; x_wconf 84' lang='grc' dir='ltr'>Ὠσπερ</span> <span class='ocrx_word' id='word_1_269' title='bbox 615 3610 671 3664; x_wconf 88' lang='grc' dir='ltr'><strong>αί</strong></span> <span class='ocrx_word' id='word_1_270' title='bbox 703 3610 855 3663; x_wconf 75' lang='grc' dir='ltr'>σκιαὶ</span> <span class='ocrx_word' id='word_1_271' title='bbox 886 3611 997 3673; x_wconf 81' lang='grc' dir='ltr'>τοῖς</span> <span class='ocrx_word' id='word_1_272' title='bbox 1032 3609 1298 3680; x_wconf 87' lang='grc' dir='ltr'>σώμασιν,</span> <span class='ocrx_word' id='word_1_273' title='bbox 1345 3609 1488 3666; x_wconf 76' lang='grc' dir='ltr'>οὕτω</span> <span class='ocrx_word' id='word_1_274' title='bbox 1515 3614 1634 3674; x_wconf 82' lang='grc' dir='ltr'>ταῖς</span> <span class='ocrx_word' id='word_1_275' title='bbox 1674 3611 1871 3680; x_wconf 64' lang='grc' dir='ltr'>ψυχαῖς</span> 
     </span>
    </p>
   </div>
   <div class='ocr_carea' id='block_1_50' title="bbox 285 3699 1892 3774">
    <p class='ocr_par' dir='ltr' id='par_1_50' title="bbox 285 3699 1892 3774">
     <span class='ocr_line' id='line_1_50' title="bbox 285 3699 1892 3774; baseline -0.002 -19"><span class='ocrx_word' id='word_1_276' title='bbox 285 3703 350 3756; x_wconf 80' lang='grc' dir='ltr'><strong>αι</strong></span> <span class='ocrx_word' id='word_1_277' title='bbox 381 3699 654 3770; x_wconf 79' lang='grc' dir='ltr'>ἁμαρτίαι</span> <span class='ocrx_word' id='word_1_278' title='bbox 700 3701 1060 3772; x_wconf 82' lang='grc' dir='ltr'>παρέπονται,</span> <span class='ocrx_word' id='word_1_279' title='bbox 1089 3703 1340 3774; x_wconf 76' lang='grc' dir='ltr'>ἐναργεῖς</span> <span class='ocrx_word' id='word_1_280' title='bbox 1383 3703 1482 3766; x_wconf 81' lang='grc' dir='ltr'>τὰς</span> <span class='ocrx_word' id='word_1_281' title='bbox 1517 3702 1745 3772; x_wconf 78' lang='grc' dir='ltr'>πράξεις</span> <span class='ocrx_word' id='word_1_282' title='bbox 1781 3701 1892 3767; x_wconf 47' lang='grc' dir='ltr'><strong>ὲξι</strong></span> 
     </span>
    </p>
   </div>
   <div class='ocr_carea' id='block_1_51' title="bbox 284 3791 679 3858">
    <p class='ocr_par' dir='ltr' id='par_1_51' title="bbox 284 3791 679 3858">
     <span class='ocr_line' id='line_1_51' title="bbox 284 3791 679 3858; baseline -0.008 -9"><span class='ocrx_word' id='word_1_283' title='bbox 284 3791 679 3858; x_wconf 72' lang='grc' dir='ltr'>ακονίζουσαι.</span> 
     </span>
    </p>
   </div>
   <div class='ocr_carea' id='block_1_52' title="bbox 373 3885 1871 3956">
    <p class='ocr_par' dir='ltr' id='par_1_52' title="bbox 373 3885 1871 3956">
     <span class='ocr_line' id='line_1_52' title="bbox 373 3885 1871 3956; baseline 0.001 -18"><span class='ocrx_word' id='word_1_284' title='bbox 373 3887 468 3950; x_wconf 82' lang='grc' dir='ltr'>Ὦς</span> <span class='ocrx_word' id='word_1_285' title='bbox 498 3885 606 3956; x_wconf 83' lang='grc' dir='ltr'>γὰρ</span> <span class='ocrx_word' id='word_1_286' title='bbox 633 3885 734 3949; x_wconf 83' lang='grc' dir='ltr'>τὰς</span> <span class='ocrx_word' id='word_1_287' title='bbox 769 3885 1034 3954; x_wconf 85' lang='grc' dir='ltr'>μελίσσας</span> <span class='ocrx_word' id='word_1_288' title='bbox 1061 3886 1267 3951; x_wconf 81' lang='grc' dir='ltr'>καπνὸς</span> <span class='ocrx_word' id='word_1_289' title='bbox 1291 3885 1607 3956; x_wconf 84' lang='grc' dir='ltr'>φυγαδεύει,</span> <span class='ocrx_word' id='word_1_290' title='bbox 1637 3891 1730 3941; x_wconf 78' lang='grc' dir='ltr'>καὶ</span> <span class='ocrx_word' id='word_1_291' title='bbox 1775 3889 1871 3951; x_wconf 81' lang='grc' dir='ltr'>τὰς</span> 
     </span>
    </p>
   </div>
   <div class='ocr_carea' id='block_1_53' title="bbox 285 3977 1870 4049">
    <p class='ocr_par' dir='ltr' id='par_1_53' title="bbox 285 3977 1870 4049">
     <span class='ocr_line' id='line_1_53' title="bbox 285 3977 1870 4049; baseline 0.001 -18"><span class='ocrx_word' id='word_1_292' title='bbox 285 3980 631 4048; x_wconf 68' lang='grc' dir='ltr'>περιστερὰς</span> <span class='ocrx_word' id='word_1_293' title='bbox 664 3977 939 4044; x_wconf 71' lang='grc' dir='ltr'>ἐξελαύνει</span> <span class='ocrx_word' id='word_1_294' title='bbox 970 3979 1227 4044; x_wconf 88' lang='grc' dir='ltr'>δυσωδία,</span> <span class='ocrx_word' id='word_1_295' title='bbox 1253 3979 1395 4032; x_wconf 77' lang='grc' dir='ltr'>οὕτω</span> <span class='ocrx_word' id='word_1_296' title='bbox 1419 3980 1513 4033; x_wconf 74' lang='grc' dir='ltr'>καὶ</span> <span class='ocrx_word' id='word_1_297' title='bbox 1537 3980 1630 4034; x_wconf 74' lang='grc' dir='ltr'>τὸν</span> <span class='ocrx_word' id='word_1_298' title='bbox 1655 3981 1870 4049; x_wconf 82' lang='grc' dir='ltr'>φύλακα</span> 
     </span>
    </p>
   </div>
   <div class='ocr_carea' id='block_1_54' title="bbox 281 4071 1872 4144">
    <p class='ocr_par' dir='ltr' id='par_1_54' title="bbox 281 4071 1872 4144">
     <span class='ocr_line' id='line_1_54' title="bbox 281 4071 1872 4144; baseline 0.001 -20"><span class='ocrx_word' id='word_1_299' title='bbox 281 4073 395 4142; x_wconf 82' lang='grc' dir='ltr'>τῆς</span> <span class='ocrx_word' id='word_1_300' title='bbox 430 4072 578 4141; x_wconf 77' lang='grc' dir='ltr'>ζωῆς</span> <span class='ocrx_word' id='word_1_301' title='bbox 608 4073 764 4142; x_wconf 75' lang='grc' dir='ltr'>ἡμῶν</span> <span class='ocrx_word' id='word_1_302' title='bbox 795 4071 1029 4142; x_wconf 74' lang='grc' dir='ltr'>ἄγγελον</span> <span class='ocrx_word' id='word_1_303' title='bbox 1059 4073 1093 4144; x_wconf 78' lang='grc' dir='ltr'><strong>ἡ</strong></span> <span class='ocrx_word' id='word_1_304' title='bbox 1125 4071 1466 4143; x_wconf 83' lang='grc' dir='ltr'>πολύδακρυς</span> <span class='ocrx_word' id='word_1_305' title='bbox 1503 4074 1594 4127; x_wconf 76' lang='grc' dir='ltr'>καὶ</span> <span class='ocrx_word' id='word_1_306' title='bbox 1631 4072 1872 4144; x_wconf 84' lang='grc' dir='ltr'>δυσώδης</span> 
     </span>
    </p>
   </div>
   <div class='ocr_carea' id='block_1_55' title="bbox 283 4165 1804 4236">
    <p class='ocr_par' dir='ltr' id='par_1_55' title="bbox 283 4165 1804 4236">
     <span class='ocr_line' id='line_1_55' title="bbox 283 4165 1804 4236; baseline -0.001 -18"><span class='ocrx_word' id='word_1_307' title='bbox 283 4166 594 4236; x_wconf 78' lang='grc' dir='ltr'>ἀφίστησιν</span> <span class='ocrx_word' id='word_1_308' title='bbox 623 4165 892 4235; x_wconf 86' lang='grc' dir='ltr'>ἁμαρτία.</span> <span class='ocrx_word' id='word_1_309' title='bbox 1395 4194 1403 4201; x_wconf 86' lang='lat'><strong>-</strong></span> <span class='ocrx_word' id='word_1_310' title='bbox 1799 4225 1804 4230; x_wconf 23' lang='grc' dir='ltr'><strong>ε</strong></span> 
     </span>
    </p>
   </div>
   <div class='ocr_carea' id='block_1_56' title="bbox 373 4255 1873 4328">
    <p class='ocr_par' dir='ltr' id='par_1_56' title="bbox 373 4255 1873 4328">
     <span class='ocr_line' id='line_1_56' title="bbox 373 4255 1873 4328; baseline 0.001 -18"><span class='ocrx_word' id='word_1_311' title='bbox 373 4257 438 4310; x_wconf 81' lang='grc' dir='ltr'><strong>ἸΙ</strong></span> <span class='ocrx_word' id='word_1_312' title='bbox 469 4255 716 4326; x_wconf 81' lang='grc' dir='ltr'>ἁμαρτία</span> <span class='ocrx_word' id='word_1_313' title='bbox 741 4255 842 4318; x_wconf 70' lang='grc' dir='ltr'>ἕως</span> <span class='ocrx_word' id='word_1_314' title='bbox 875 4255 976 4326; x_wconf 79' lang='grc' dir='ltr'>μὲν</span> <span class='ocrx_word' id='word_1_315' title='bbox 1006 4255 1071 4311; x_wconf 83' lang='grc' dir='ltr'>ἂν</span> <span class='ocrx_word' id='word_1_316' title='bbox 1101 4256 1378 4328; x_wconf 79' lang='grc' dir='ltr'>ώδίνηται,</span> <span class='ocrx_word' id='word_1_317' title='bbox 1402 4256 1514 4328; x_wconf 77' lang='grc' dir='ltr'>ἔχει</span> <span class='ocrx_word' id='word_1_318' title='bbox 1535 4257 1657 4311; x_wconf 78' lang='grc' dir='ltr'>τινὰ</span> <span class='ocrx_word' id='word_1_319' title='bbox 1687 4257 1873 4328; x_wconf 86' lang='grc' dir='ltr'>αίσχύ-</span> 
     </span>
    </p>
   </div>
   <div class='ocr_carea' id='block_1_57' title="bbox 280 4347 1874 4422">
    <p class='ocr_par' dir='ltr' id='par_1_57' title="bbox 280 4347 1874 4422">
     <span class='ocr_line' id='line_1_57' title="bbox 280 4347 1874 4422; baseline 0.002 -21"><span class='ocrx_word' id='word_1_320' title='bbox 280 4365 426 4420; x_wconf 84' lang='grc' dir='ltr'>νην·</span> <span class='ocrx_word' id='word_1_321' title='bbox 481 4347 608 4402; x_wconf 73' lang='grc' dir='ltr'>ἐπεὶ</span> <span class='ocrx_word' id='word_1_322' title='bbox 660 4349 705 4401; x_wconf 78' lang='grc' dir='ltr'>δ’</span> <span class='ocrx_word' id='word_1_323' title='bbox 753 4348 819 4402; x_wconf 81' lang='grc' dir='ltr'>ἂν</span> <span class='ocrx_word' id='word_1_324' title='bbox 873 4349 1123 4420; x_wconf 79' lang='grc' dir='ltr'>τελεσθῇ,</span> <span class='ocrx_word' id='word_1_325' title='bbox 1179 4350 1298 4404; x_wconf 79' lang='grc' dir='ltr'>τότε</span> <span class='ocrx_word' id='word_1_326' title='bbox 1358 4351 1874 4422; x_wconf 85' lang='grc' dir='ltr'>ἀναισχυντοτέρους</span> 
     </span>
    </p>
   </div>
   <div class='ocr_carea' id='block_1_58' title="bbox 278 4439 1239 4513">
    <p class='ocr_par' dir='ltr' id='par_1_58' title="bbox 278 4439 1239 4513">
     <span class='ocr_line' id='line_1_58' title="bbox 278 4439 1239 4513; baseline 0.002 -19"><span class='ocrx_word' id='word_1_327' title='bbox 278 4441 445 4494; x_wconf 86' lang='grc' dir='ltr'>ποιεῖ</span> <span class='ocrx_word' id='word_1_328' title='bbox 464 4441 587 4504; x_wconf 86' lang='grc' dir='ltr'>τοὺς</span> <span class='ocrx_word' id='word_1_329' title='bbox 615 4439 1020 4511; x_wconf 76' lang='grc' dir='ltr'>ἐργαζομένους</span> <span class='ocrx_word' id='word_1_330' title='bbox 1046 4442 1239 4513; x_wconf 84' lang='grc' dir='ltr'>αὐτήν.</span> 
     </span>
    </p>
   </div>
   <div class='ocr_carea' id='block_1_59' title="bbox 1977 1957 3554 2032">
    <p class='ocr_par' dir='ltr' id='par_1_59' title="bbox 1977 1957 3554 2032">
     <span class='ocr_line' id='line_1_59' title="bbox 1977 1957 3554 2032; baseline -0.003 -15"><span class='ocrx_word' id='word_1_331' title='bbox 1977 1976 2292 2032; x_wconf 85' lang='lat' dir='ltr'><strong>possumus,</strong></span> <span class='ocrx_word' id='word_1_332' title='bbox 2350 1961 2404 2015; x_wconf 84' lang='lat' dir='ltr'><strong>iit</strong></span> <span class='ocrx_word' id='word_1_333' title='bbox 2473 1960 2678 2016; x_wconf 85' lang='lat' dir='ltr'><strong>malitia</strong></span> <span class='ocrx_word' id='word_1_334' title='bbox 2754 1967 2935 2015; x_wconf 76' lang='lat' dir='ltr'><strong>autern</strong></span> <span class='ocrx_word' id='word_1_335' title='bbox 3005 1965 3203 2014; x_wconf 84' lang='lat' dir='ltr'><strong>nostra</strong></span> <span class='ocrx_word' id='word_1_336' title='bbox 3259 1957 3554 2018; x_wconf 80' lang='lat' dir='ltr'><strong>contabui-</strong></span> 
     </span>
    </p>
   </div>
   <div class='ocr_carea' id='block_1_60' title="bbox 1975 2068 2120 2108">
    <p class='ocr_par' dir='ltr' id='par_1_60' title="bbox 1975 2068 2120 2108">
     <span class='ocr_line' id='line_1_60' title="bbox 1975 2068 2120 2108; baseline 0.007 -1"><span class='ocrx_word' id='word_1_337' title='bbox 1975 2069 2028 2107; x_wconf 77' lang='lat' dir='ltr'><strong>ﬂl</strong></span> <span class='ocrx_word' id='word_1_338' title='bbox 2036 2068 2120 2108; x_wconf 76' lang='lat' dir='ltr'><strong>US.</strong></span> 
     </span>
    </p>
   </div>
   <div class='ocr_carea' id='block_1_61' title="bbox 2044 2145 3552 2218">
    <p class='ocr_par' dir='ltr' id='par_1_61' title="bbox 2044 2145 3552 2218">
     <span class='ocr_line' id='line_1_61' title="bbox 2044 2145 3552 2218; baseline -0.003 -15"><span class='ocrx_word' id='word_1_339' title='bbox 2044 2148 2260 2203; x_wconf 78' lang='lat' dir='ltr'><strong>Sirach.</strong></span> <span class='ocrx_word' id='word_1_340' title='bbox 2297 2163 2373 2202; x_wconf 73' lang='grc' dir='ltr'>ιι.</span> <span class='ocrx_word' id='word_1_341' title='bbox 2431 2146 2582 2217; x_wconf 79' lang='lat' dir='ltr'><strong>Fuge</strong></span> <span class='ocrx_word' id='word_1_342' title='bbox 2642 2155 2930 2218; x_wconf 88' lang='lat' dir='ltr'><strong>peccatum</strong></span> <span class='ocrx_word' id='word_1_343' title='bbox 3002 2145 3279 2216; x_wconf 79' lang='lat' dir='ltr'><strong>serpentis</strong></span> <span class='ocrx_word' id='word_1_344' title='bbox 3332 2146 3552 2214; x_wconf 75' lang='lat' dir='ltr'><strong>instar;l</strong></span> 
     </span>
    </p>
   </div>
   <div class='ocr_carea' id='block_1_62' title="bbox 1974 2235 3550 2308">
    <p class='ocr_par' dir='ltr' id='par_1_62' title="bbox 1974 2235 3550 2308">
     <span class='ocr_line' id='line_1_62' title="bbox 1974 2235 3550 2308; baseline -0.003 -16"><span class='ocrx_word' id='word_1_345' title='bbox 1974 2238 2248 2294; x_wconf 88' lang='lat' dir='ltr'><strong>mordebit</strong></span> <span class='ocrx_word' id='word_1_346' title='bbox 2303 2246 2376 2302; x_wconf 88' lang='lat' dir='ltr'><strong>te,</strong></span> <span class='ocrx_word' id='word_1_347' title='bbox 2429 2236 2476 2292; x_wconf 88' lang='lat' dir='ltr'><strong>si</strong></span> <span class='ocrx_word' id='word_1_348' title='bbox 2540 2237 2864 2308; x_wconf 84' lang='lat' dir='ltr'><strong>accesseris.</strong></span> <span class='ocrx_word' id='word_1_349' title='bbox 2924 2236 3122 2292; x_wconf 63' lang='lat' dir='ltr'><strong>Dentes</strong></span> <span class='ocrx_word' id='word_1_350' title='bbox 3177 2235 3299 2305; x_wconf 80' lang='lat' dir='ltr'><strong>ejus</strong></span> <span class='ocrx_word' id='word_1_351' title='bbox 3351 2235 3550 2290; x_wconf 89' lang='lat' dir='ltr'><strong>leonini</strong></span> 
     </span>
    </p>
   </div>
   <div class='ocr_carea' id='block_1_63' title="bbox 1974 2327 3554 2395">
    <p class='ocr_par' dir='ltr' id='par_1_63' title="bbox 1974 2327 3554 2395">
     <span class='ocr_line' id='line_1_63' title="bbox 1974 2327 3554 2395; baseline -0.004 -9"><span class='ocrx_word' id='word_1_352' title='bbox 1974 2337 2127 2393; x_wconf 85' lang='lat' dir='ltr'><strong>sunt,</strong></span> <span class='ocrx_word' id='word_1_353' title='bbox 2171 2338 2224 2384; x_wconf 89' lang='lat' dir='ltr'><strong>et</strong></span> <span class='ocrx_word' id='word_1_354' title='bbox 2252 2328 2539 2383; x_wconf 87' lang='lat' dir='ltr'><strong>hominum</strong></span> <span class='ocrx_word' id='word_1_355' title='bbox 2579 2327 2790 2384; x_wconf 84' lang='lat' dir='ltr'><strong>animas</strong></span> <span class='ocrx_word' id='word_1_356' title='bbox 2823 2327 3180 2383; x_wconf 83' lang='lat' dir='ltr'><strong>interﬁciunt.</strong></span> <span class='ocrx_word' id='word_1_357' title='bbox 3209 2327 3382 2383; x_wconf 80' lang='lat' dir='ltr'><strong>Omne</strong></span> <span class='ocrx_word' id='word_1_358' title='bbox 3429 2341 3554 2395; x_wconf 86' lang='lat' dir='ltr'><strong>pec-</strong></span> 
     </span>
    </p>
   </div>
   <div class='ocr_carea' id='block_1_64' title="bbox 1973 2418 2965 2489">
    <p class='ocr_par' dir='ltr' id='par_1_64' title="bbox 1973 2418 2965 2489">
     <span class='ocr_line' id='line_1_64' title="bbox 1973 2418 2965 2489; baseline -0.002 -13"><span class='ocrx_word' id='word_1_359' title='bbox 1973 2430 2154 2476; x_wconf 88' lang='lat' dir='ltr'><strong>catum</strong></span> <span class='ocrx_word' id='word_1_360' title='bbox 2185 2420 2365 2476; x_wconf 92' lang='lat' dir='ltr'><strong>simile</strong></span> <span class='ocrx_word' id='word_1_361' title='bbox 2393 2429 2477 2477; x_wconf 90' lang='lat' dir='ltr'><strong>est</strong></span> <span class='ocrx_word' id='word_1_362' title='bbox 2504 2419 2727 2489; x_wconf 89' lang='lat' dir='ltr'><strong>ancipiti</strong></span> <span class='ocrx_word' id='word_1_363' title='bbox 2760 2418 2965 2489; x_wconf 72' lang='lat' dir='ltr'><strong>gladio.</strong></span> 
     </span>
    </p>
   </div>
   <div class='ocr_carea' id='block_1_65' title="bbox 2041 2502 3553 2580">
    <p class='ocr_par' dir='ltr' id='par_1_65' title="bbox 2041 2502 3553 2580">
     <span class='ocr_line' id='line_1_65' title="bbox 2041 2502 3553 2580; baseline -0.001 -16"><span class='ocrx_word' id='word_1_364' title='bbox 2041 2510 2201 2565; x_wconf 84' lang='lat' dir='ltr'><strong>Joan.</strong></span> <span class='ocrx_word' id='word_1_365' title='bbox 2233 2502 2351 2565; x_wconf 71' lang='grc' dir='ltr'>νιιι.</span> <span class='ocrx_word' id='word_1_366' title='bbox 2393 2509 2722 2580; x_wconf 76' lang='lat' dir='ltr'><strong>Quicunque</strong></span> <span class='ocrx_word' id='word_1_367' title='bbox 2763 2517 3049 2579; x_wconf 87' lang='lat' dir='ltr'><strong>peccatum</strong></span> <span class='ocrx_word' id='word_1_368' title='bbox 3081 2508 3400 2576; x_wconf 84' lang='lat' dir='ltr'><strong>committit,</strong></span> <span class='ocrx_word' id='word_1_369' title='bbox 3432 2522 3553 2565; x_wconf 59' lang='lat' dir='ltr'><strong>ser.~</strong></span> 
     </span>
    </p>
   </div>
   <div class='ocr_carea' id='block_1_66' title="bbox 1973 2603 2450 2674">
    <p class='ocr_par' dir='ltr' id='par_1_66' title="bbox 1973 2603 2450 2674">
     <span class='ocr_line' id='line_1_66' title="bbox 1973 2603 2450 2674; baseline 0.002 -16"><span class='ocrx_word' id='word_1_370' title='bbox 1973 2618 2075 2658; x_wconf 81' lang='lat' dir='ltr'><strong>vus</strong></span> <span class='ocrx_word' id='word_1_371' title='bbox 2102 2613 2189 2660; x_wconf 85' lang='lat' dir='ltr'><strong>est</strong></span> <span class='ocrx_word' id='word_1_372' title='bbox 2223 2603 2450 2674; x_wconf 85' lang='lat' dir='ltr'><strong>peccati.</strong></span> 
     </span>
    </p>
   </div>
   <div class='ocr_carea' id='block_1_67' title="bbox 2041 2693 3178 2766">
    <p class='ocr_par' dir='ltr' id='par_1_67' title="bbox 2041 2693 3178 2766">
     <span class='ocr_line' id='line_1_67' title="bbox 2041 2693 3178 2766; baseline -0.001 -16"><span class='ocrx_word' id='word_1_373' title='bbox 2041 2693 2196 2751; x_wconf 86' lang='lat' dir='ltr'><strong>Rom.</strong></span> <span class='ocrx_word' id='word_1_374' title='bbox 2229 2710 2308 2751; x_wconf 79' lang='lat' dir='ltr'><strong>vr.</strong></span> <span class='ocrx_word' id='word_1_375' title='bbox 2336 2698 2729 2750; x_wconf 80' lang='lat' dir='ltr'><strong>Autoramenta</strong></span> <span class='ocrx_word' id='word_1_376' title='bbox 2764 2693 2973 2766; x_wconf 86' lang='lat' dir='ltr'><strong>peccati</strong></span> <span class='ocrx_word' id='word_1_377' title='bbox 3005 2707 3178 2749; x_wconf 84' lang='lat' dir='ltr'><strong>mors.</strong></span> 
     </span>
    </p>
   </div>
   <div class='ocr_carea' id='block_1_68' title="bbox 2045 2784 3569 2854">
    <p class='ocr_par' dir='ltr' id='par_1_68' title="bbox 2045 2784 3569 2854">
     <span class='ocr_line' id='line_1_68' title="bbox 2045 2784 3569 2854; baseline -0.002 -13"><span class='ocrx_word' id='word_1_378' title='bbox 2045 2784 2078 2841; x_wconf 89' lang='grc'><em>1</em></span> <span class='ocrx_word' id='word_1_379' title='bbox 2111 2785 2246 2842; x_wconf 79' lang='lat' dir='ltr'><strong>Tim.</strong></span> <span class='ocrx_word' id='word_1_380' title='bbox 2283 2803 2337 2843; x_wconf 75' lang='grc' dir='ltr'><strong>ν.</strong></span> <span class='ocrx_word' id='word_1_381' title='bbox 2389 2786 2766 2853; x_wconf 82' lang='lat' dir='ltr'><strong>Quorumdam</strong></span> <span class='ocrx_word' id='word_1_382' title='bbox 2821 2785 3108 2841; x_wconf 90' lang='lat' dir='ltr'><strong>hominum</strong></span> <span class='ocrx_word' id='word_1_383' title='bbox 3163 2793 3386 2854; x_wconf 87' lang='lat' dir='ltr'><strong>peccata</strong></span> <span class='ocrx_word' id='word_1_384' title='bbox 3421 2790 3569 2839; x_wconf 73' lang='lat' dir='ltr'><strong>ante</strong></span> 
     </span>
    </p>
   </div>
   <div class='ocr_carea' id='block_1_69' title="bbox 1972 2874 3550 2949">
    <p class='ocr_par' dir='ltr' id='par_1_69' title="bbox 1972 2874 3550 2949">
     <span class='ocr_line' id='line_1_69' title="bbox 1972 2874 3550 2949; baseline -0.004 -14"><span class='ocrx_word' id='word_1_385' title='bbox 1972 2877 2263 2935; x_wconf 78' lang='lat' dir='ltr'><strong>manifesta</strong></span> <span class='ocrx_word' id='word_1_386' title='bbox 2289 2888 2437 2945; x_wconf 89' lang='lat' dir='ltr'><strong>sunt,</strong></span> <span class='ocrx_word' id='word_1_387' title='bbox 2466 2878 2830 2949; x_wconf 68' lang='lat' dir='ltr'><strong>praecedentia</strong></span> <span class='ocrx_word' id='word_1_388' title='bbox 2859 2881 2928 2932; x_wconf 89' lang='lat' dir='ltr'><strong>ad</strong></span> <span class='ocrx_word' id='word_1_389' title='bbox 2961 2874 3260 2947; x_wconf 66' lang='lat' dir='ltr'><strong>iudicium,</strong></span> <span class='ocrx_word' id='word_1_390' title='bbox 3284 2875 3550 2946; x_wconf 88' lang='lat' dir='ltr'><strong>quosdam</strong></span> 
     </span>
    </p>
   </div>
   <div class='ocr_carea' id='block_1_70' title="bbox 1971 2967 3366 3042">
    <p class='ocr_par' dir='ltr' id='par_1_70' title="bbox 1971 2967 3366 3042">
     <span class='ocr_line' id='line_1_70' title="bbox 1971 2967 3366 3042; baseline -0.005 -15"><span class='ocrx_word' id='word_1_391' title='bbox 1971 2987 2102 3028; x_wconf 77' lang='lat' dir='ltr'><strong>vero</strong></span> <span class='ocrx_word' id='word_1_392' title='bbox 2131 2981 2184 3028; x_wconf 90' lang='lat' dir='ltr'><strong>et</strong></span> <span class='ocrx_word' id='word_1_393' title='bbox 2211 2971 2638 3042; x_wconf 83' lang='lat' dir='ltr'><strong>subsequuntur.</strong></span> <span class='ocrx_word' id='word_1_394' title='bbox 3362 2967 3366 2979; x_wconf 81' lang='lat'><strong><em>&#39;</em></strong></span> 
     </span>
    </p>
   </div>
   <div class='ocr_carea' id='block_1_71' title="bbox 2044 3057 3554 3133">
    <p class='ocr_par' dir='ltr' id='par_1_71' title="bbox 2044 3057 3554 3133">
     <span class='ocr_line' id='line_1_71' title="bbox 2044 3057 3554 3133; baseline -0.003 -15"><span class='ocrx_word' id='word_1_395' title='bbox 2044 3061 2075 3118; x_wconf 90' lang='grc'><em>1</em></span> <span class='ocrx_word' id='word_1_396' title='bbox 2103 3062 2263 3118; x_wconf 81' lang='lat' dir='ltr'><strong>Joan.</strong></span> <span class='ocrx_word' id='word_1_397' title='bbox 2294 3080 2374 3121; x_wconf 86' lang='lat' dir='ltr'><strong>ut.</strong></span> <span class='ocrx_word' id='word_1_398' title='bbox 2412 3061 2516 3130; x_wconf 91' lang='lat' dir='ltr'><strong>Qui</strong></span> <span class='ocrx_word' id='word_1_399' title='bbox 2551 3061 2851 3118; x_wconf 81' lang='lat' dir='ltr'><strong>committit</strong></span> <span class='ocrx_word' id='word_1_400' title='bbox 2888 3071 3200 3133; x_wconf 86' lang='lat' dir='ltr'><strong>peccatum,</strong></span> <span class='ocrx_word' id='word_1_401' title='bbox 3236 3075 3302 3115; x_wconf 80' lang='lat' dir='ltr'><strong>ex</strong></span> <span class='ocrx_word' id='word_1_402' title='bbox 3328 3057 3554 3114; x_wconf 78' lang='lat' dir='ltr'><strong>dialiolo</strong></span> 
     </span>
    </p>
   </div>
   <div class='ocr_carea' id='block_1_72' title="bbox 1973 3152 3574 3224">
    <p class='ocr_par' dir='ltr' id='par_1_72' title="bbox 1973 3152 3574 3224">
     <span class='ocr_line' id='line_1_72' title="bbox 1973 3152 3574 3224; baseline -0.002 -14"><span class='ocrx_word' id='word_1_403' title='bbox 1973 3165 2095 3223; x_wconf 81' lang='lat' dir='ltr'><strong>est;</strong></span> <span class='ocrx_word' id='word_1_404' title='bbox 2127 3171 2252 3210; x_wconf 83' lang='lat' dir='ltr'><strong>nam</strong></span> <span class='ocrx_word' id='word_1_405' title='bbox 2283 3155 2534 3210; x_wconf 76' lang='lat' dir='ltr'><strong>diabolus</strong></span> <span class='ocrx_word' id='word_1_406' title='bbox 2581 3153 2648 3209; x_wconf 86' lang='lat' dir='ltr'><strong>ab</strong></span> <span class='ocrx_word' id='word_1_407' title='bbox 2685 3152 2846 3209; x_wconf 89' lang='lat' dir='ltr'><strong>initio</strong></span> <span class='ocrx_word' id='word_1_408' title='bbox 2889 3161 3100 3224; x_wconf 84' lang='lat' dir='ltr'><strong>peccat.</strong></span> <span class='ocrx_word' id='word_1_409' title='bbox 3152 3153 3230 3206; x_wconf 83' lang='lat' dir='ltr'><strong>Ad</strong></span> <span class='ocrx_word' id='word_1_410' title='bbox 3259 3153 3362 3208; x_wconf 90' lang='lat' dir='ltr'><strong>hoc</strong></span> <span class='ocrx_word' id='word_1_411' title='bbox 3388 3166 3574 3222; x_wconf 57' lang='lat' dir='ltr'><strong>appaa.</strong></span> 
     </span>
    </p>
   </div>
   <div class='ocr_carea' id='block_1_73' title="bbox 1975 3246 3295 3320">
    <p class='ocr_par' dir='ltr' id='par_1_73' title="bbox 1975 3246 3295 3320">
     <span class='ocr_line' id='line_1_73' title="bbox 1975 3246 3295 3320; baseline -0.002 -17"><span class='ocrx_word' id='word_1_412' title='bbox 1975 3249 2086 3304; x_wconf 86' lang='lat' dir='ltr'><strong>ruit</strong></span> <span class='ocrx_word' id='word_1_413' title='bbox 2113 3247 2283 3304; x_wconf 86' lang='lat' dir='ltr'><strong>Filius</strong></span> <span class='ocrx_word' id='word_1_414' title='bbox 2322 3246 2442 3314; x_wconf 78' lang='lat' dir='ltr'><strong>&#39;Dci,</strong></span> <span class='ocrx_word' id='word_1_415' title='bbox 2482 3256 2542 3305; x_wconf 86' lang='lat' dir='ltr'><strong>ut</strong></span> <span class='ocrx_word' id='word_1_416' title='bbox 2572 3247 2840 3304; x_wconf 81' lang='lat' dir='ltr'><strong>dissolvat</strong></span> <span class='ocrx_word' id='word_1_417' title='bbox 2865 3262 3049 3320; x_wconf 87' lang='lat' dir='ltr'><strong>opera.</strong></span> <span class='ocrx_word' id='word_1_418' title='bbox 3068 3246 3295 3302; x_wconf 76' lang='lat' dir='ltr'><strong>diaboli.</strong></span> 
     </span>
    </p>
   </div>
   <div class='ocr_carea' id='block_1_74' title="bbox 2044 3425 3552 3497">
    <p class='ocr_par' dir='ltr' id='par_1_74' title="bbox 2044 3425 3552 3497">
     <span class='ocr_line' id='line_1_74' title="bbox 2044 3425 3552 3497; baseline -0.001 -15"><span class='ocrx_word' id='word_1_419' title='bbox 2044 3425 2249 3482; x_wconf 70' lang='grc' dir='ltr'>ϐρίσει.</span> <span class='ocrx_word' id='word_1_420' title='bbox 2300 3442 2382 3482; x_wconf 88' lang='grc' dir='ltr'>ιιι.</span> <span class='ocrx_word' id='word_1_421' title='bbox 2437 3427 2542 3494; x_wconf 86' lang='lat' dir='ltr'><strong>Qui</strong></span> <span class='ocrx_word' id='word_1_422' title='bbox 2621 3437 2836 3497; x_wconf 84' lang='lat' dir='ltr'><strong>peccat,</strong></span> <span class='ocrx_word' id='word_1_423' title='bbox 2907 3426 3213 3497; x_wconf 87' lang='lat' dir='ltr'><strong>reportabit</strong></span> <span class='ocrx_word' id='word_1_424' title='bbox 3268 3434 3552 3494; x_wconf 85' lang='lat' dir='ltr'><strong>peccatum</strong></span> 
     </span>
    </p>
   </div>
   <div class='ocr_carea' id='block_1_75' title="bbox 1973 3527 3212 3588">
    <p class='ocr_par' dir='ltr' id='par_1_75' title="bbox 1973 3527 3212 3588">
     <span class='ocr_line' id='line_1_75' title="bbox 1973 3527 3212 3588; baseline -0.001 -16"><span class='ocrx_word' id='word_1_425' title='bbox 1973 3534 2155 3583; x_wconf 72' lang='grc' dir='ltr'>ειιιιιιι,</span> <span class='ocrx_word' id='word_1_426' title='bbox 2187 3527 2242 3573; x_wconf 88' lang='lat' dir='ltr'><strong>et</strong></span> <span class='ocrx_word' id='word_1_427' title='bbox 2274 3536 2378 3572; x_wconf 88' lang='lat' dir='ltr'><strong>non</strong></span> <span class='ocrx_word' id='word_1_428' title='bbox 2409 3528 2494 3574; x_wconf 74' lang='grc' dir='ltr'><strong>εει</strong></span> <span class='ocrx_word' id='word_1_429' title='bbox 2523 3533 2879 3588; x_wconf 88' lang='lat' dir='ltr'><strong>personarum</strong></span> <span class='ocrx_word' id='word_1_430' title='bbox 2908 3528 3212 3587; x_wconf 76' lang='grc' dir='ltr'>ι’θερεοιιιε.</span> 
     </span>
    </p>
   </div>
   <div class='ocr_carea' id='block_1_76' title="bbox 2045 3611 3559 3683">
    <p class='ocr_par' dir='ltr' id='par_1_76' title="bbox 2045 3611 3559 3683">
     <span class='ocr_line' id='line_1_76' title="bbox 2045 3611 3559 3683; baseline 0.001 -17"><span class='ocrx_word' id='word_1_431' title='bbox 2045 3613 2258 3669; x_wconf 79' lang='lat' dir='ltr'><strong>Basilii.</strong></span> <span class='ocrx_word' id='word_1_432' title='bbox 2287 3612 2756 3680; x_wconf 88' lang='lat' dir='ltr'><strong>Quemadmodum</strong></span> <span class='ocrx_word' id='word_1_433' title='bbox 2790 3614 2998 3668; x_wconf 64' lang='lat' dir='ltr'><strong>umbrat</strong></span> <span class='ocrx_word' id='word_1_434' title='bbox 3033 3627 3290 3683; x_wconf 84' lang='lat' dir='ltr'><strong>corpora,</strong></span> <span class='ocrx_word' id='word_1_435' title='bbox 3323 3611 3403 3666; x_wconf 90' lang='lat' dir='ltr'><strong>sic</strong></span> <span class='ocrx_word' id='word_1_436' title='bbox 3434 3627 3559 3681; x_wconf 78' lang='lat' dir='ltr'><strong>pec-</strong></span> 
     </span>
    </p>
   </div>
   <div class='ocr_carea' id='block_1_77' title="bbox 1971 3703 3558 3774">
    <p class='ocr_par' dir='ltr' id='par_1_77' title="bbox 1971 3703 3558 3774">
     <span class='ocr_line' id='line_1_77' title="bbox 1971 3703 3558 3774; baseline -0.001 -16"><span class='ocrx_word' id='word_1_437' title='bbox 1971 3715 2092 3759; x_wconf 82' lang='lat' dir='ltr'><strong>cata</strong></span> <span class='ocrx_word' id='word_1_438' title='bbox 2139 3714 2446 3774; x_wconf 87' lang='lat' dir='ltr'><strong>sequuntur</strong></span> <span class='ocrx_word' id='word_1_439' title='bbox 2501 3705 2733 3770; x_wconf 86' lang='lat' dir='ltr'><strong>animas,</strong></span> <span class='ocrx_word' id='word_1_440' title='bbox 2782 3713 2838 3760; x_wconf 91' lang='lat' dir='ltr'><strong>et</strong></span> <span class='ocrx_word' id='word_1_441' title='bbox 2893 3704 3214 3762; x_wconf 80' lang='lat' dir='ltr'><strong>manifestas</strong></span> <span class='ocrx_word' id='word_1_442' title='bbox 3252 3703 3558 3760; x_wconf 77' lang='lat' dir='ltr'><strong>facinorum</strong></span> 
     </span>
    </p>
   </div>
   <div class='ocr_carea' id='block_1_78' title="bbox 1974 3795 2703 3868">
    <p class='ocr_par' dir='ltr' id='par_1_78' title="bbox 1974 3795 2703 3868">
     <span class='ocr_line' id='line_1_78' title="bbox 1974 3795 2703 3868; baseline -0.004 -15"><span class='ocrx_word' id='word_1_443' title='bbox 1974 3806 2374 3867; x_wconf 70' lang='lat' dir='ltr'><strong>repraesentant</strong></span> <span class='ocrx_word' id='word_1_444' title='bbox 2412 3795 2703 3868; x_wconf 78' lang='lat' dir='ltr'><strong>imagines.</strong></span> 
     </span>
    </p>
   </div>
   <div class='ocr_carea' id='block_1_79' title="bbox 2041 3885 3558 3960">
    <p class='ocr_par' dir='ltr' id='par_1_79' title="bbox 2041 3885 3558 3960">
     <span class='ocr_line' id='line_1_79' title="bbox 2041 3885 3558 3960; baseline -0.003 -16"><span class='ocrx_word' id='word_1_445' title='bbox 2041 3887 2170 3960; x_wconf 75' lang='lat'><strong>29.</strong></span> <span class='ocrx_word' id='word_1_446' title='bbox 2201 3887 2273 3944; x_wconf 89' lang='lat' dir='ltr'><strong>Ut</strong></span> <span class='ocrx_word' id='word_1_447' title='bbox 2326 3887 2510 3942; x_wconf 81' lang='lat' dir='ltr'><strong>fumus</strong></span> <span class='ocrx_word' id='word_1_448' title='bbox 2555 3901 2704 3956; x_wconf 87' lang='lat' dir='ltr'><strong>apes,</strong></span> <span class='ocrx_word' id='word_1_449' title='bbox 2745 3897 2798 3942; x_wconf 90' lang='lat' dir='ltr'><strong>et</strong></span> <span class='ocrx_word' id='word_1_450' title='bbox 2842 3886 3000 3942; x_wconf 65' lang='lat' dir='ltr'><strong>laetor</strong></span> <span class='ocrx_word' id='word_1_451' title='bbox 3049 3885 3331 3942; x_wconf 87' lang='lat' dir='ltr'><strong>columbas</strong></span> <span class='ocrx_word' id='word_1_452' title='bbox 3386 3885 3558 3954; x_wconf 64' lang='lat' dir='ltr'><strong>fugat»,</strong></span> 
     </span>
    </p>
   </div>
   <div class='ocr_carea' id='block_1_80' title="bbox 1975 3977 3561 4050">
    <p class='ocr_par' dir='ltr' id='par_1_80' title="bbox 1975 3977 3561 4050">
     <span class='ocr_line' id='line_1_80' title="bbox 1975 3977 3561 4050; baseline -0.003 -14"><span class='ocrx_word' id='word_1_453' title='bbox 1975 3981 2055 4036; x_wconf 90' lang='lat' dir='ltr'><strong>sic</strong></span> <span class='ocrx_word' id='word_1_454' title='bbox 2086 3979 2396 4036; x_wconf 84' lang='lat' dir='ltr'><strong>miserabile</strong></span> <span class='ocrx_word' id='word_1_455' title='bbox 2445 3988 2499 4034; x_wconf 89' lang='lat' dir='ltr'><strong>et</strong></span> <span class='ocrx_word' id='word_1_456' title='bbox 2531 3978 2780 4050; x_wconf 89' lang='lat' dir='ltr'><strong>putidum</strong></span> <span class='ocrx_word' id='word_1_457' title='bbox 2841 3985 3121 4050; x_wconf 89' lang='lat' dir='ltr'><strong>peccatum</strong></span> <span class='ocrx_word' id='word_1_458' title='bbox 3175 3979 3384 4048; x_wconf 87' lang='lat' dir='ltr'><strong>repellit</strong></span> <span class='ocrx_word' id='word_1_459' title='bbox 3438 3977 3561 4033; x_wconf 58' lang='lat' dir='ltr'><strong>vitae</strong></span> 
     </span>
    </p>
   </div>
   <div class='ocr_carea' id='block_1_81' title="bbox 1977 4070 2842 4144">
    <p class='ocr_par' dir='ltr' id='par_1_81' title="bbox 1977 4070 2842 4144">
     <span class='ocr_line' id='line_1_81' title="bbox 1977 4070 2842 4144; baseline 0 -18"><span class='ocrx_word' id='word_1_460' title='bbox 1977 4080 2178 4128; x_wconf 85' lang='lat' dir='ltr'><strong>nostrae</strong></span> <span class='ocrx_word' id='word_1_461' title='bbox 2226 4070 2513 4127; x_wconf 89' lang='lat' dir='ltr'><strong>custodem</strong></span> <span class='ocrx_word' id='word_1_462' title='bbox 2564 4070 2842 4144; x_wconf 77' lang='lat' dir='ltr'><strong>angelum.</strong></span> 
     </span>
    </p>
   </div>
   <div class='ocr_carea' id='block_1_82' title="bbox 2049 4250 3550 4325">
    <p class='ocr_par' dir='ltr' id='par_1_82' title="bbox 2049 4250 3550 4325">
     <span class='ocr_line' id='line_1_82' title="bbox 2049 4250 3550 4325; baseline -0.005 -17"><span class='ocrx_word' id='word_1_463' title='bbox 2049 4253 2342 4309; x_wconf 85' lang='lat' dir='ltr'><strong>Peccatum</strong></span> <span class='ocrx_word' id='word_1_464' title='bbox 2376 4253 2597 4325; x_wconf 90' lang='lat' dir='ltr'><strong>quidem</strong></span> <span class='ocrx_word' id='word_1_465' title='bbox 2628 4253 2808 4310; x_wconf 89' lang='lat' dir='ltr'><strong>adhuc</strong></span> <span class='ocrx_word' id='word_1_466' title='bbox 2833 4255 3144 4324; x_wconf 89' lang='lat' dir='ltr'><strong>parturiens</strong></span> <span class='ocrx_word' id='word_1_467' title='bbox 3174 4251 3359 4321; x_wconf 87' lang='lat' dir='ltr'><strong>aliquo</strong></span> <span class='ocrx_word' id='word_1_468' title='bbox 3391 4250 3550 4322; x_wconf 84' lang='lat' dir='ltr'><strong>pudu-</strong></span> 
     </span>
    </p>
   </div>
   <div class='ocr_carea' id='block_1_83' title="bbox 1977 4325 3563 4418">
    <p class='ocr_par' dir='ltr' id='par_1_83' title="bbox 1977 4325 3563 4418">
     <span class='ocr_line' id='line_1_83' title="bbox 1977 4325 3563 4418; baseline -0.003 -16"><span class='ocrx_word' id='word_1_469' title='bbox 1977 4362 2038 4402; x_wconf 90' lang='lat' dir='ltr'><strong>re</strong></span> <span class='ocrx_word' id='word_1_470' title='bbox 2097 4325 2372 4402; x_wconf 69' lang='lat' dir='ltr'><strong>adicitur:</strong></span> <span class='ocrx_word' id='word_1_471' title='bbox 2427 4348 2540 4418; x_wconf 85' lang='lat' dir='ltr'><strong>jam</strong></span> <span class='ocrx_word' id='word_1_472' title='bbox 2592 4360 2724 4402; x_wconf 87' lang='lat' dir='ltr'><strong>vero</strong></span> <span class='ocrx_word' id='word_1_473' title='bbox 2787 4355 3098 4417; x_wconf 89' lang='lat' dir='ltr'><strong>peractum,</strong></span> <span class='ocrx_word' id='word_1_474' title='bbox 3137 4345 3563 4414; x_wconf 83' lang='lat' dir='ltr'><strong>impudentiorcs</strong></span> 
     </span>
    </p>
   </div>
   <div class='ocr_carea' id='block_1_84' title="bbox 1979 4439 2576 4497">
    <p class='ocr_par' dir='ltr' id='par_1_84' title="bbox 1979 4439 2576 4497">
     <span class='ocr_line' id='line_1_84' title="bbox 1979 4439 2576 4497; baseline 0 -3"><span class='ocrx_word' id='word_1_475' title='bbox 1979 4439 2066 4494; x_wconf 90' lang='lat' dir='ltr'><strong>sui</strong></span> <span class='ocrx_word' id='word_1_476' title='bbox 2102 4449 2358 4495; x_wconf 83' lang='lat' dir='ltr'><strong>auctores</strong></span> <span class='ocrx_word' id='word_1_477' title='bbox 2384 4439 2576 4497; x_wconf 66' lang='lat' dir='ltr'><strong>allicit.</strong></span> 
     </span>
    </p>
   </div>
   <div class='ocr_carea' id='block_1_85' title="bbox 362 4531 1895 4604">
    <p class='ocr_par' dir='ltr' id='par_1_85' title="bbox 362 4531 1876 4604">
     <span class='ocr_line' id='line_1_85' title="bbox 362 4531 1876 4604; baseline -0.002 -18"><span class='ocrx_word' id='word_1_478' title='bbox 362 4535 429 4586; x_wconf 88' lang='grc' dir='ltr'>Εί</span> <span class='ocrx_word' id='word_1_479' title='bbox 464 4533 562 4602; x_wconf 81' lang='grc' dir='ltr'>μὲν</span> <span class='ocrx_word' id='word_1_480' title='bbox 612 4531 775 4586; x_wconf 86' lang='grc' dir='ltr'>καλὸν</span> <span class='ocrx_word' id='word_1_481' title='bbox 805 4533 838 4601; x_wconf 80' lang='grc' dir='ltr'><strong>ἡ</strong></span> <span class='ocrx_word' id='word_1_482' title='bbox 885 4533 1152 4602; x_wconf 79' lang='grc' dir='ltr'>ἁμαρτία,</span> <span class='ocrx_word' id='word_1_483' title='bbox 1185 4531 1422 4601; x_wconf 78' lang='grc' dir='ltr'>φύλασσε</span> <span class='ocrx_word' id='word_1_484' title='bbox 1450 4531 1655 4604; x_wconf 83' lang='grc' dir='ltr'>ταύτην</span> <span class='ocrx_word' id='word_1_485' title='bbox 1681 4534 1760 4596; x_wconf 83' lang='grc' dir='ltr'><strong>είς</strong></span> <span class='ocrx_word' id='word_1_486' title='bbox 1790 4533 1876 4584; x_wconf 82' lang='grc' dir='ltr'><strong>τέ-</strong></span> 
     </span>
    </p>
   </div>
   <div class='ocr_carea' id='block_1_86' title="bbox 2010 4531 3562 4604">
    <p class='ocr_par' dir='ltr' id='par_1_86' title="bbox 2049 4531 3562 4602">
     <span class='ocr_line' id='line_1_86' title="bbox 2049 4531 3562 4602; baseline -0.003 -15"><span class='ocrx_word' id='word_1_487' title='bbox 2049 4531 2104 4587; x_wconf 91' lang='lat' dir='ltr'><strong>Si</strong></span> <span class='ocrx_word' id='word_1_488' title='bbox 2160 4542 2441 4602; x_wconf 89' lang='lat' dir='ltr'><strong>peceatum</strong></span> <span class='ocrx_word' id='word_1_489' title='bbox 2474 4534 2701 4588; x_wconf 79' lang='lat' dir='ltr'><strong>honesta</strong></span> <span class='ocrx_word' id='word_1_490' title='bbox 2732 4546 2823 4586; x_wconf 87' lang='lat' dir='ltr'><strong>res</strong></span> <span class='ocrx_word' id='word_1_491' title='bbox 2871 4541 2976 4592; x_wconf 88' lang='lat' dir='ltr'><strong>est,</strong></span> <span class='ocrx_word' id='word_1_492' title='bbox 3006 4545 3191 4584; x_wconf 83' lang='lat' dir='ltr'><strong>serves</strong></span> <span class='ocrx_word' id='word_1_493' title='bbox 3225 4545 3344 4584; x_wconf 87' lang='lat' dir='ltr'><strong>eam</strong></span> <span class='ocrx_word' id='word_1_494' title='bbox 3373 4545 3562 4599; x_wconf 71' lang='lat' dir='ltr'><strong>perpe-</strong></span> 
     </span>
    </p>
   </div>
   <div class='ocr_carea' id='block_1_87' title="bbox 278 4622 1874 4696">
    <p class='ocr_par' dir='ltr' id='par_1_87' title="bbox 278 4622 1874 4696">
     <span class='ocr_line' id='line_1_87' title="bbox 278 4622 1874 4696; baseline -0.001 -18"><span class='ocrx_word' id='word_1_495' title='bbox 278 4625 416 4688; x_wconf 77' lang='grc' dir='ltr'>λοςο</span> <span class='ocrx_word' id='word_1_496' title='bbox 459 4624 507 4676; x_wconf 79' lang='grc' dir='ltr'><strong>εί</strong></span> <span class='ocrx_word' id='word_1_497' title='bbox 547 4623 603 4676; x_wconf 73' lang='grc' dir='ltr'>δὲ</span> <span class='ocrx_word' id='word_1_498' title='bbox 648 4622 886 4696; x_wconf 75' lang='grc' dir='ltr'>βλαϐερὰ</span> <span class='ocrx_word' id='word_1_499' title='bbox 943 4623 1022 4693; x_wconf 86' lang='grc' dir='ltr'>τῷ</span> <span class='ocrx_word' id='word_1_500' title='bbox 1064 4625 1326 4690; x_wconf 85' lang='grc' dir='ltr'>ποιοῦντι,</span> <span class='ocrx_word' id='word_1_501' title='bbox 1357 4626 1410 4676; x_wconf 87' lang='grc' dir='ltr'><strong>τί</strong></span> <span class='ocrx_word' id='word_1_502' title='bbox 1437 4625 1720 4694; x_wconf 81' lang='grc' dir='ltr'>ἐπιμένεις</span> <span class='ocrx_word' id='word_1_503' title='bbox 1763 4626 1874 4688; x_wconf 82' lang='grc' dir='ltr'>τοῖς</span> 
     </span>
    </p>
   </div>
   <div class='ocr_carea' id='block_1_88' title="bbox 279 4715 1871 4789">
    <p class='ocr_par' dir='ltr' id='par_1_88' title="bbox 279 4715 1871 4789">
     <span class='ocr_line' id='line_1_88' title="bbox 279 4715 1871 4789; baseline -0.004 -15"><span class='ocrx_word' id='word_1_504' title='bbox 279 4719 603 4789; x_wconf 83' lang='grc' dir='ltr'>ὀλεθρίοις;</span> <span class='ocrx_word' id='word_1_505' title='bbox 643 4717 832 4780; x_wconf 79' lang='grc' dir='ltr'>Οὐδεὶς</span> <span class='ocrx_word' id='word_1_506' title='bbox 868 4716 1031 4789; x_wconf 78' lang='grc' dir='ltr'>χολὴν</span> <span class='ocrx_word' id='word_1_507' title='bbox 1061 4717 1258 4785; x_wconf 78' lang='grc' dir='ltr'>ἐμέσαι</span> <span class='ocrx_word' id='word_1_508' title='bbox 1299 4715 1496 4785; x_wconf 78' lang='grc' dir='ltr'>ζητῶν,</span> <span class='ocrx_word' id='word_1_509' title='bbox 1536 4719 1598 4771; x_wconf 81' lang='grc' dir='ltr'>ἐκ</span> <span class='ocrx_word' id='word_1_510' title='bbox 1625 4718 1871 4787; x_wconf 77' lang='grc' dir='ltr'>πονηράς</span> 
     </span>
    </p>
   </div>
   <div class='ocr_carea' id='block_1_89' title="bbox 279 4807 1872 4881">
    <p class='ocr_par' dir='ltr' id='par_1_89' title="bbox 279 4807 1872 4881">
     <span class='ocr_line' id='line_1_89' title="bbox 279 4807 1872 4881; baseline -0.003 -14"><span class='ocrx_word' id='word_1_511' title='bbox 279 4812 390 4867; x_wconf 74' lang='grc' dir='ltr'>καὶ</span> <span class='ocrx_word' id='word_1_512' title='bbox 425 4809 728 4864; x_wconf 82' lang='grc' dir='ltr'>ἀκολάστου</span> <span class='ocrx_word' id='word_1_513' title='bbox 758 4809 970 4878; x_wconf 84' lang='grc' dir='ltr'>διαίτης</span> <span class='ocrx_word' id='word_1_514' title='bbox 1005 4807 1408 4862; x_wconf 88' lang='grc' dir='ltr'>πολυπλασίονα</span> <span class='ocrx_word' id='word_1_515' title='bbox 1449 4809 1650 4881; x_wconf 85' lang='grc' dir='ltr'>ταύτην</span> <span class='ocrx_word' id='word_1_516' title='bbox 1695 4810 1872 4878; x_wconf 80' lang='grc' dir='ltr'>ἐαυτῷ</span> 
     </span>
    </p>
   </div>
   <div class='ocr_carea' id='block_1_90' title="bbox 279 4900 668 4971">
    <p class='ocr_par' dir='ltr' id='par_1_90' title="bbox 279 4900 668 4971">
     <span class='ocr_line' id='line_1_90' title="bbox 279 4900 668 4971; baseline -0.003 -14"><span class='ocrx_word' id='word_1_517' title='bbox 279 4900 668 4971; x_wconf 76' lang='grc' dir='ltr'>συναθροίζει.</span> 
     </span>
    </p>
   </div>
   <div class='ocr_carea' id='block_1_91' title="bbox 378 4990 1871 5062">
    <p class='ocr_par' dir='ltr' id='par_1_91' title="bbox 378 4990 1871 5062">
     <span class='ocr_line' id='line_1_91' title="bbox 378 4990 1871 5062; baseline -0.001 -17"><span class='ocrx_word' id='word_1_518' title='bbox 378 4990 576 5061; x_wconf 79' lang='grc' dir='ltr'>Ἡδονὴ</span> <span class='ocrx_word' id='word_1_519' title='bbox 601 4990 897 5062; x_wconf 77' lang='grc' dir='ltr'>ἀγκιστρόν</span> <span class='ocrx_word' id='word_1_520' title='bbox 945 4993 1064 5046; x_wconf 75' lang='grc' dir='ltr'>ἐστι</span> <span class='ocrx_word' id='word_1_521' title='bbox 1103 4990 1196 5044; x_wconf 76' lang='grc' dir='ltr'><strong>τοῦ</strong></span> <span class='ocrx_word' id='word_1_522' title='bbox 1233 4991 1503 5058; x_wconf 79' lang='grc' dir='ltr'>διαϐόλου,</span> <span class='ocrx_word' id='word_1_523' title='bbox 1541 4990 1676 5059; x_wconf 80' lang='grc' dir='ltr'>πρὸς</span> <span class='ocrx_word' id='word_1_524' title='bbox 1719 4992 1871 5045; x_wconf 86' lang='grc' dir='ltr'>ἀπώ-</span> 
     </span>
    </p>
   </div>
   <div class='ocr_carea' id='block_1_92' title="bbox 273 5082 1874 5156">
    <p class='ocr_par' dir='ltr' id='par_1_92' title="bbox 273 5082 1874 5156">
     <span class='ocr_line' id='line_1_92' title="bbox 273 5082 1874 5156; baseline -0.002 -16"><span class='ocrx_word' id='word_1_525' title='bbox 273 5086 449 5140; x_wconf 83' lang='grc' dir='ltr'>λειαν</span> <span class='ocrx_word' id='word_1_526' title='bbox 506 5085 684 5139; x_wconf 72' lang='grc' dir='ltr'>ἕλκον.</span> <span class='ocrx_word' id='word_1_527' title='bbox 749 5084 939 5155; x_wconf 79' lang='grc' dir='ltr'>Ἡδονὴ</span> <span class='ocrx_word' id='word_1_528' title='bbox 1000 5087 1184 5156; x_wconf 85' lang='grc' dir='ltr'>μήτηρ</span> <span class='ocrx_word' id='word_1_529' title='bbox 1227 5085 1328 5154; x_wconf 83' lang='grc' dir='ltr'>τῆς</span> <span class='ocrx_word' id='word_1_530' title='bbox 1367 5084 1662 5155; x_wconf 83' lang='grc' dir='ltr'>ἁμαρτίας.</span> <span class='ocrx_word' id='word_1_531' title='bbox 1704 5082 1766 5137; x_wconf 86' lang='grc' dir='ltr'><em>Ἢ</em></span> <span class='ocrx_word' id='word_1_532' title='bbox 1817 5083 1874 5136; x_wconf 72' lang='grc' dir='ltr'>δὲ</span> 
     </span>
    </p>
   </div>
   <div class='ocr_carea' id='block_1_93' title="bbox 273 5175 1876 5251">
    <p class='ocr_par' dir='ltr' id='par_1_93' title="bbox 273 5175 1876 5251">
     <span class='ocr_line' id='line_1_93' title="bbox 273 5175 1876 5251; baseline -0.005 -15"><span class='ocrx_word' id='word_1_533' title='bbox 273 5177 545 5250; x_wconf 81' lang='grc' dir='ltr'>ἁμαρτία</span> <span class='ocrx_word' id='word_1_534' title='bbox 574 5180 800 5251; x_wconf 81' lang='grc' dir='ltr'>κέντρον</span> <span class='ocrx_word' id='word_1_535' title='bbox 834 5180 952 5234; x_wconf 77' lang='grc' dir='ltr'>ἐστὶ</span> <span class='ocrx_word' id='word_1_536' title='bbox 987 5179 1080 5232; x_wconf 83' lang='grc' dir='ltr'>τοῦ</span> <span class='ocrx_word' id='word_1_537' title='bbox 1125 5179 1378 5234; x_wconf 78' lang='grc' dir='ltr'>θανάτου.</span> <span class='ocrx_word' id='word_1_538' title='bbox 1437 5177 1629 5248; x_wconf 83' lang='grc' dir='ltr'>Ἡδονὴ</span> <span class='ocrx_word' id='word_1_539' title='bbox 1675 5175 1876 5247; x_wconf 64' lang='grc' dir='ltr'>τροφὸς</span> 
     </span>
    </p>
   </div>
   <div class='ocr_carea' id='block_1_94' title="bbox 269 5265 1874 5344">
    <p class='ocr_par' dir='ltr' id='par_1_94' title="bbox 269 5265 1874 5344">
     <span class='ocr_line' id='line_1_94' title="bbox 269 5265 1874 5344; baseline -0.004 -14"><span class='ocrx_word' id='word_1_540' title='bbox 269 5271 390 5330; x_wconf 80' lang='grc' dir='ltr'>τοῦ</span> <span class='ocrx_word' id='word_1_541' title='bbox 423 5270 648 5326; x_wconf 90' lang='grc' dir='ltr'>αἰωνίου</span> <span class='ocrx_word' id='word_1_542' title='bbox 680 5271 982 5344; x_wconf 79' lang='grc' dir='ltr'>σκώληκος,</span> <span class='ocrx_word' id='word_1_543' title='bbox 1033 5273 1067 5342; x_wconf 83' lang='grc' dir='ltr'>ἢ</span> <span class='ocrx_word' id='word_1_544' title='bbox 1103 5270 1239 5341; x_wconf 85' lang='grc' dir='ltr'>πρὸς</span> <span class='ocrx_word' id='word_1_545' title='bbox 1259 5270 1461 5342; x_wconf 71' lang='grc' dir='ltr'><strong>⁹κσιιρδν</strong></span> <span class='ocrx_word' id='word_1_546' title='bbox 1505 5269 1744 5322; x_wconf 87' lang='grc' dir='ltr'>λιπαίνει</span> <span class='ocrx_word' id='word_1_547' title='bbox 1779 5265 1874 5323; x_wconf 82' lang='grc' dir='ltr'>τὸν</span> 
     </span>
    </p>
   </div>
   <div class='ocr_carea' id='block_1_95' title="bbox 269 5363 1876 5436">
    <p class='ocr_par' dir='ltr' id='par_1_95' title="bbox 269 5363 1876 5436">
     <span class='ocr_line' id='line_1_95' title="bbox 269 5363 1876 5436; baseline -0.001 -15"><span class='ocrx_word' id='word_1_548' title='bbox 269 5363 711 5429; x_wconf 78' lang='grc' dir='ltr'>ἀπολαύσαντα,</span> <span class='ocrx_word' id='word_1_549' title='bbox 748 5363 874 5419; x_wconf 69' lang='lat' dir='ltr'><strong>bore</strong></span> <span class='ocrx_word' id='word_1_550' title='bbox 885 5382 976 5436; x_wconf 88' lang='grc' dir='ltr'><strong>ρον</strong></span> <span class='ocrx_word' id='word_1_551' title='bbox 1004 5363 1060 5419; x_wconf 81' lang='grc' dir='ltr'>δὲ</span> <span class='ocrx_word' id='word_1_552' title='bbox 1086 5363 1414 5436; x_wconf 85' lang='grc' dir='ltr'>πικρότερον</span> <span class='ocrx_word' id='word_1_553' title='bbox 1447 5363 1612 5436; x_wconf 81' lang='grc' dir='ltr'>χολῆς</span> <span class='ocrx_word' id='word_1_554' title='bbox 1641 5367 1876 5419; x_wconf 86' lang='grc' dir='ltr'>ποιεῖται</span> 
     </span>
    </p>
   </div>
   <div class='ocr_carea' id='block_1_96' title="bbox 267 5455 833 5520">
    <p class='ocr_par' dir='ltr' id='par_1_96' title="bbox 267 5455 833 5520">
     <span class='ocr_line' id='line_1_96' title="bbox 267 5455 833 5520; baseline -0.009 -5"><span class='ocrx_word' id='word_1_555' title='bbox 267 5457 395 5518; x_wconf 75' lang='grc' dir='ltr'>τὰς</span> <span class='ocrx_word' id='word_1_556' title='bbox 424 5455 745 5520; x_wconf 82' lang='grc' dir='ltr'>ἀντιδόσεις.</span> <span class='ocrx_word' id='word_1_557' title='bbox 827 5503 833 5510; x_wconf 92' lang='grc'><strong>.</strong></span> 
     </span>
    </p>
   </div>
   <div class='ocr_carea' id='block_1_97' title="bbox 366 5547 1874 5622">
    <p class='ocr_par' dir='ltr' id='par_1_97' title="bbox 366 5547 1874 5622">
     <span class='ocr_line' id='line_1_97' title="bbox 366 5547 1874 5622; baseline -0.001 -19"><span class='ocrx_word' id='word_1_558' title='bbox 366 5549 445 5603; x_wconf 79' lang='grc' dir='ltr'><strong>Οὐ</strong></span> <span class='ocrx_word' id='word_1_559' title='bbox 486 5547 569 5601; x_wconf 80' lang='grc' dir='ltr'><strong>δεῖ</strong></span> <span class='ocrx_word' id='word_1_560' title='bbox 619 5551 811 5620; x_wconf 77' lang='grc' dir='ltr'>καιρὸν</span> <span class='ocrx_word' id='word_1_561' title='bbox 850 5550 1141 5621; x_wconf 77' lang='grc' dir='ltr'>ἀναμένειν</span> <span class='ocrx_word' id='word_1_562' title='bbox 1180 5549 1273 5603; x_wconf 76' lang='grc' dir='ltr'><strong>ἐπὶ</strong></span> <span class='ocrx_word' id='word_1_563' title='bbox 1309 5551 1375 5622; x_wconf 70' lang='grc' dir='ltr'><strong>τῇ</strong></span> <span class='ocrx_word' id='word_1_564' title='bbox 1416 5551 1611 5605; x_wconf 82' lang='grc' dir='ltr'>ἑαυτοῦ</span> <span class='ocrx_word' id='word_1_565' title='bbox 1651 5549 1874 5622; x_wconf 67' lang='grc' dir='ltr'>διορθώ.</span> 
     </span>
    </p>
   </div>
   <div class='ocr_carea' id='block_1_98' title="bbox 271 5640 1870 5716">
    <p class='ocr_par' dir='ltr' id='par_1_98' title="bbox 271 5640 1870 5716">
     <span class='ocr_line' id='line_1_98' title="bbox 271 5640 1870 5716; baseline 0.003 -22"><span class='ocrx_word' id='word_1_566' title='bbox 271 5659 408 5709; x_wconf 78' lang='grc' dir='ltr'>σει,</span> <span class='ocrx_word' id='word_1_567' title='bbox 441 5640 531 5695; x_wconf 86' lang='grc' dir='ltr'><strong>διά</strong></span> <span class='ocrx_word' id='word_1_568' title='bbox 587 5641 650 5696; x_wconf 76' lang='grc' dir='ltr'>τὸ</span> <span class='ocrx_word' id='word_1_569' title='bbox 703 5643 940 5712; x_wconf 77' lang='grc' dir='ltr'>ἀσφαλὲς</span> <span class='ocrx_word' id='word_1_570' title='bbox 994 5644 1070 5714; x_wconf 81' lang='grc' dir='ltr'>μὴ</span> <span class='ocrx_word' id='word_1_571' title='bbox 1119 5642 1265 5714; x_wconf 79' lang='grc' dir='ltr'>ἔχειν</span> <span class='ocrx_word' id='word_1_572' title='bbox 1321 5645 1446 5715; x_wconf 79' lang='grc' dir='ltr'>περὶ</span> <span class='ocrx_word' id='word_1_573' title='bbox 1502 5645 1602 5716; x_wconf 77' lang='grc' dir='ltr'>τὴν</span> <span class='ocrx_word' id='word_1_574' title='bbox 1657 5643 1870 5714; x_wconf 80' lang='grc' dir='ltr'>αὔριον.</span> 
     </span>
    </p>
   </div>
   <div class='ocr_carea' id='block_1_99' title="bbox 271 5732 1871 5806">
    <p class='ocr_par' dir='ltr' id='par_1_99' title="bbox 271 5732 1871 5806">
     <span class='ocr_line' id='line_1_99' title="bbox 271 5732 1871 5806; baseline -0.002 -15"><span class='ocrx_word' id='word_1_575' title='bbox 271 5732 499 5791; x_wconf 74' lang='grc' dir='ltr'>Πολλοὶ</span> <span class='ocrx_word' id='word_1_576' title='bbox 551 5733 660 5802; x_wconf 79' lang='grc' dir='ltr'><strong>γὰρ</strong></span> <span class='ocrx_word' id='word_1_577' title='bbox 717 5734 887 5788; x_wconf 78' lang='grc' dir='ltr'>πολλά</span> <span class='ocrx_word' id='word_1_578' title='bbox 939 5734 1384 5806; x_wconf 64' lang='grc' dir='ltr'>βιυλευσάμενοι,</span> <span class='ocrx_word' id='word_1_579' title='bbox 1424 5735 1523 5806; x_wconf 81' lang='grc' dir='ltr'>τὴν</span> <span class='ocrx_word' id='word_1_580' title='bbox 1578 5733 1767 5806; x_wconf 76' lang='grc' dir='ltr'>αὔριον</span> <span class='ocrx_word' id='word_1_581' title='bbox 1812 5735 1871 5788; x_wconf 73' lang='grc' dir='ltr'>οὐ</span> 
     </span>
    </p>
   </div>
   <div class='ocr_carea' id='block_1_100' title="bbox 271 5824 621 5881">
    <p class='ocr_par' dir='ltr' id='par_1_100' title="bbox 271 5824 621 5881">
     <span class='ocr_line' id='line_1_100' title="bbox 271 5824 621 5881; baseline 0.003 -3"><span class='ocrx_word' id='word_1_582' title='bbox 271 5824 621 5881; x_wconf 75' lang='grc' dir='ltr'>κατέλαϐον.</span> 
     </span>
    </p>
   </div>
   <div class='ocr_carea' id='block_1_101' title="bbox 1987 4622 3564 4692">
    <p class='ocr_par' dir='ltr' id='par_1_101' title="bbox 1987 4622 3564 4692">
     <span class='ocr_line' id='line_1_101' title="bbox 1987 4622 3564 4692; baseline -0.002 -13"><span class='ocrx_word' id='word_1_583' title='bbox 1987 4633 2113 4679; x_wconf 89' lang='lat' dir='ltr'><strong>tuo:</strong></span> <span class='ocrx_word' id='word_1_584' title='bbox 2142 4625 2227 4679; x_wconf 90' lang='lat' dir='ltr'><strong>sin</strong></span> <span class='ocrx_word' id='word_1_585' title='bbox 2252 4623 2464 4679; x_wconf 89' lang='lat' dir='ltr'><strong>auctori</strong></span> <span class='ocrx_word' id='word_1_586' title='bbox 2493 4639 2592 4679; x_wconf 93' lang='lat' dir='ltr'><strong>suo</strong></span> <span class='ocrx_word' id='word_1_587' title='bbox 2614 4623 2901 4688; x_wconf 88' lang='lat' dir='ltr'><strong>damnosa,</strong></span> <span class='ocrx_word' id='word_1_588' title='bbox 2920 4622 3048 4692; x_wconf 85' lang='lat' dir='ltr'><strong>quid</strong></span> <span class='ocrx_word' id='word_1_589' title='bbox 3072 4622 3381 4675; x_wconf 85' lang='lat' dir='ltr'><strong>immoraris</strong></span> <span class='ocrx_word' id='word_1_590' title='bbox 3401 4622 3564 4676; x_wconf 91' lang='lat' dir='ltr'><strong>rebus</strong></span> 
     </span>
    </p>
   </div>
   <div class='ocr_carea' id='block_1_102' title="bbox 1990 4714 3561 4788">
    <p class='ocr_par' dir='ltr' id='par_1_102' title="bbox 1990 4714 3561 4788">
     <span class='ocr_line' id='line_1_102' title="bbox 1990 4714 3561 4788; baseline -0.005 -14"><span class='ocrx_word' id='word_1_591' title='bbox 1990 4717 2363 4788; x_wconf 80' lang='lat' dir='ltr'><strong>perniciosis?</strong></span> <span class='ocrx_word' id='word_1_592' title='bbox 2417 4717 2580 4786; x_wconf 87' lang='lat' dir='ltr'><strong>Atqui</strong></span> <span class='ocrx_word' id='word_1_593' title='bbox 2633 4714 2816 4770; x_wconf 89' lang='lat' dir='ltr'><strong>nullus</strong></span> <span class='ocrx_word' id='word_1_594' title='bbox 2874 4714 3191 4770; x_wconf 74' lang='lat' dir='ltr'><strong>evouiendze</strong></span> <span class='ocrx_word' id='word_1_595' title='bbox 3223 4714 3348 4767; x_wconf 87' lang='lat' dir='ltr'><strong>bilis</strong></span> <span class='ocrx_word' id='word_1_596' title='bbox 3374 4727 3561 4780; x_wconf 86' lang='lat' dir='ltr'><strong>causa,</strong></span> 
     </span>
    </p>
   </div>
   <div class='ocr_carea' id='block_1_103' title="bbox 1993 4806 3562 4883">
    <p class='ocr_par' dir='ltr' id='par_1_103' title="bbox 1993 4806 3562 4883">
     <span class='ocr_line' id='line_1_103' title="bbox 1993 4806 3562 4883; baseline -0.002 -19"><span class='ocrx_word' id='word_1_597' title='bbox 1993 4825 2164 4883; x_wconf 80' lang='lat' dir='ltr'><strong>pravo</strong></span> <span class='ocrx_word' id='word_1_598' title='bbox 2203 4819 2258 4866; x_wconf 93' lang='lat' dir='ltr'><strong>et</strong></span> <span class='ocrx_word' id='word_1_599' title='bbox 2298 4809 2581 4866; x_wconf 82' lang='lat' dir='ltr'><strong>luxurioso</strong></span> <span class='ocrx_word' id='word_1_600' title='bbox 2622 4806 2772 4863; x_wconf 86' lang='lat' dir='ltr'><strong>victu</strong></span> <span class='ocrx_word' id='word_1_601' title='bbox 2794 4821 2914 4862; x_wconf 91' lang='lat' dir='ltr'><strong>eam</strong></span> <span class='ocrx_word' id='word_1_602' title='bbox 2978 4807 3084 4864; x_wconf 90' lang='lat' dir='ltr'><strong>sibi</strong></span> <span class='ocrx_word' id='word_1_603' title='bbox 3125 4821 3323 4878; x_wconf 79' lang='lat' dir='ltr'><strong>augere</strong></span> <span class='ocrx_word' id='word_1_604' title='bbox 3357 4806 3562 4862; x_wconf 83' lang='lat' dir='ltr'><strong>studet.</strong></span> 
     </span>
    </p>
   </div>
   <div class='ocr_carea' id='block_1_104' title="bbox 2057 4987 3565 5058">
    <p class='ocr_par' dir='ltr' id='par_1_104' title="bbox 2057 4987 3565 5058">
     <span class='ocr_line' id='line_1_104' title="bbox 2057 4987 3565 5058; baseline -0.003 -14"><span class='ocrx_word' id='word_1_605' title='bbox 2057 4988 2326 5058; x_wconf 86' lang='lat' dir='ltr'><strong>Voluptas</strong></span> <span class='ocrx_word' id='word_1_606' title='bbox 2370 4989 2568 5046; x_wconf 88' lang='lat' dir='ltr'><strong>hamus</strong></span> <span class='ocrx_word' id='word_1_607' title='bbox 2612 4997 2696 5045; x_wconf 91' lang='lat' dir='ltr'><strong>est</strong></span> <span class='ocrx_word' id='word_1_608' title='bbox 2725 4987 2958 5056; x_wconf 77' lang='lat' dir='ltr'><strong>diaboli,</strong></span> <span class='ocrx_word' id='word_1_609' title='bbox 3025 4987 3092 5043; x_wconf 90' lang='lat' dir='ltr'><strong>ad</strong></span> <span class='ocrx_word' id='word_1_610' title='bbox 3128 4987 3412 5043; x_wconf 88' lang='lat' dir='ltr'><strong>interitum</strong></span> <span class='ocrx_word' id='word_1_611' title='bbox 3449 4996 3565 5041; x_wconf 82' lang='lat' dir='ltr'><strong>tra-</strong></span> 
     </span>
    </p>
   </div>
   <div class='ocr_carea' id='block_1_105' title="bbox 1989 5077 3568 5152">
    <p class='ocr_par' dir='ltr' id='par_1_105' title="bbox 1989 5077 3568 5152">
     <span class='ocr_line' id='line_1_105' title="bbox 1989 5077 3568 5152; baseline 0.001 -17"><span class='ocrx_word' id='word_1_612' title='bbox 1989 5079 2147 5137; x_wconf 90' lang='lat' dir='ltr'><strong>hens.</strong></span> <span class='ocrx_word' id='word_1_613' title='bbox 2195 5081 2459 5152; x_wconf 80' lang='lat' dir='ltr'><strong>Voluptas</strong></span> <span class='ocrx_word' id='word_1_614' title='bbox 2508 5080 2715 5151; x_wconf 91' lang='lat' dir='ltr'><strong>peccati</strong></span> <span class='ocrx_word' id='word_1_615' title='bbox 2773 5094 2970 5151; x_wconf 91' lang='lat' dir='ltr'><strong>parens</strong></span> <span class='ocrx_word' id='word_1_616' title='bbox 3024 5088 3129 5134; x_wconf 90' lang='lat' dir='ltr'><strong>est.</strong></span> <span class='ocrx_word' id='word_1_617' title='bbox 3166 5077 3424 5151; x_wconf 82' lang='lat' dir='ltr'><strong>Voluptas</strong></span> <span class='ocrx_word' id='word_1_618' title='bbox 3484 5087 3568 5136; x_wconf 88' lang='lat' dir='ltr'><strong>est</strong></span> 
     </span>
    </p>
   </div>
   <div class='ocr_carea' id='block_1_106' title="bbox 1991 5173 3566 5244">
    <p class='ocr_par' dir='ltr' id='par_1_106' title="bbox 1991 5173 3566 5244">
     <span class='ocr_line' id='line_1_106' title="bbox 1991 5173 3566 5244; baseline -0.001 -16"><span class='ocrx_word' id='word_1_619' title='bbox 1991 5176 2184 5231; x_wconf 91' lang='lat' dir='ltr'><strong>tuortis</strong></span> <span class='ocrx_word' id='word_1_620' title='bbox 2201 5174 2476 5231; x_wconf 84' lang='lat' dir='ltr'><strong>stimulus.</strong></span> <span class='ocrx_word' id='word_1_621' title='bbox 2497 5173 2761 5244; x_wconf 81' lang='lat' dir='ltr'><strong>Voluptas</strong></span> <span class='ocrx_word' id='word_1_622' title='bbox 2793 5183 2876 5229; x_wconf 85' lang='lat' dir='ltr'><strong>est</strong></span> <span class='ocrx_word' id='word_1_623' title='bbox 2904 5174 3094 5228; x_wconf 75' lang='lat' dir='ltr'><strong>nutrix</strong></span> <span class='ocrx_word' id='word_1_624' title='bbox 3123 5173 3322 5229; x_wconf 87' lang='lat' dir='ltr'><strong>vermis</strong></span> <span class='ocrx_word' id='word_1_625' title='bbox 3352 5174 3566 5238; x_wconf 66' lang='lat' dir='ltr'><strong>aeterni,</strong></span> 
     </span>
    </p>
   </div>
   <div class='ocr_carea' id='block_1_107' title="bbox 1987 5266 3567 5339">
    <p class='ocr_par' dir='ltr' id='par_1_107' title="bbox 1987 5266 3567 5339">
     <span class='ocr_line' id='line_1_107' title="bbox 1987 5266 3567 5339; baseline 0.001 -20"><span class='ocrx_word' id='word_1_626' title='bbox 1987 5281 2108 5337; x_wconf 73' lang='lat' dir='ltr'><strong>quae</strong></span> <span class='ocrx_word' id='word_1_627' title='bbox 2165 5266 2558 5339; x_wconf 87' lang='lat' dir='ltr'><strong>aliquantisper</strong></span> <span class='ocrx_word' id='word_1_628' title='bbox 2607 5282 2668 5323; x_wconf 90' lang='lat' dir='ltr'><strong>se</strong></span> <span class='ocrx_word' id='word_1_629' title='bbox 2720 5266 3320 5336; x_wconf 71' lang='lat' dir='ltr'><strong>fruentem,exhilarat,</strong></span> <span class='ocrx_word' id='word_1_630' title='bbox 3383 5273 3567 5339; x_wconf 83' lang='lat' dir='ltr'><strong>postea</strong></span> 
     </span>
    </p>
   </div>
   <div class='ocr_carea' id='block_1_108' title="bbox 1989 5357 3225 5416">
    <p class='ocr_par' dir='ltr' id='par_1_108' title="bbox 1989 5357 3225 5416">
     <span class='ocr_line' id='line_1_108' title="bbox 1989 5357 3225 5416; baseline 0.001 -3"><span class='ocrx_word' id='word_1_631' title='bbox 1989 5373 2116 5414; x_wconf 86' lang='lat' dir='ltr'><strong>vero</strong></span> <span class='ocrx_word' id='word_1_632' title='bbox 2139 5358 2468 5415; x_wconf 81' lang='lat' dir='ltr'><strong>amariorem</strong></span> <span class='ocrx_word' id='word_1_633' title='bbox 2503 5357 2627 5414; x_wconf 81' lang='lat' dir='ltr'><strong>felle</strong></span> <span class='ocrx_word' id='word_1_634' title='bbox 2658 5358 2962 5414; x_wconf 81' lang='lat' dir='ltr'><strong>mercedem</strong></span> <span class='ocrx_word' id='word_1_635' title='bbox 3005 5358 3225 5416; x_wconf 89' lang='lat' dir='ltr'><strong>tribuit.</strong></span> 
     </span>
    </p>
   </div>
   <div class='ocr_carea' id='block_1_109' title="bbox 2069 5536 3566 5617">
    <p class='ocr_par' dir='ltr' id='par_1_109' title="bbox 2069 5536 3566 5617">
     <span class='ocr_line' id='line_1_109' title="bbox 2069 5536 3566 5617; baseline -0.007 -14"><span class='ocrx_word' id='word_1_636' title='bbox 2069 5546 2142 5603; x_wconf 88' lang='lat' dir='ltr'><strong>Ut</strong></span> <span class='ocrx_word' id='word_1_637' title='bbox 2207 5545 2523 5602; x_wconf 89' lang='lat' dir='ltr'><strong>emendetur</strong></span> <span class='ocrx_word' id='word_1_638' title='bbox 2578 5543 2984 5610; x_wconf 34' lang='lat' dir='ltr'><strong>vita,&#39;minime</strong></span> <span class='ocrx_word' id='word_1_639' title='bbox 3064 5536 3566 5617; x_wconf 30' lang='lat' dir='ltr'><strong>proct‘astinandum</strong></span> 
     </span>
    </p>
   </div>
   <div class='ocr_carea' id='block_1_110' title="bbox 1986 5629 3560 5710">
    <p class='ocr_par' dir='ltr' id='par_1_110' title="bbox 1986 5629 3560 5710">
     <span class='ocr_line' id='line_1_110' title="bbox 1986 5629 3560 5710; baseline -0.008 -14"><span class='ocrx_word' id='word_1_640' title='bbox 1986 5648 2072 5696; x_wconf 89' lang='lat' dir='ltr'><strong>est</strong></span> <span class='ocrx_word' id='word_1_641' title='bbox 2125 5651 2362 5710; x_wconf 80' lang='lat' dir='ltr'><strong>tempus,</strong></span> <span class='ocrx_word' id='word_1_642' title='bbox 2391 5653 2514 5694; x_wconf 92' lang='lat' dir='ltr'><strong>cum</strong></span> <span class='ocrx_word' id='word_1_643' title='bbox 2564 5638 2632 5693; x_wconf 90' lang='lat' dir='ltr'><strong>de</strong></span> <span class='ocrx_word' id='word_1_644' title='bbox 2675 5636 2914 5692; x_wconf 88' lang='lat' dir='ltr'><strong>crastino</strong></span> <span class='ocrx_word' id='word_1_645' title='bbox 2973 5634 3060 5691; x_wconf 89' lang='lat' dir='ltr'><strong>die</strong></span> <span class='ocrx_word' id='word_1_646' title='bbox 3124 5630 3311 5687; x_wconf 85' lang='lat' dir='ltr'><strong>incerti</strong></span> <span class='ocrx_word' id='word_1_647' title='bbox 3367 5629 3560 5684; x_wconf 86' lang='lat' dir='ltr'><strong>simus.</strong></span> 
     </span>
    </p>
   </div>
   <div class='ocr_carea' id='block_1_111' title="bbox 1989 5719 3567 5799">
    <p class='ocr_par' dir='ltr' id='par_1_111' title="bbox 1989 5719 3567 5799">
     <span class='ocr_line' id='line_1_111' title="bbox 1989 5719 3567 5799; baseline -0.007 -15"><span class='ocrx_word' id='word_1_648' title='bbox 1989 5729 2139 5784; x_wconf 80' lang='lat' dir='ltr'><strong>Multi</strong></span> <span class='ocrx_word' id='word_1_649' title='bbox 2171 5729 2317 5784; x_wconf 91' lang='lat' dir='ltr'><strong>enim</strong></span> <span class='ocrx_word' id='word_1_650' title='bbox 2341 5767 2358 5793; x_wconf 91' lang='lat'><strong>,</strong></span> <span class='ocrx_word' id='word_1_651' title='bbox 2396 5736 2520 5799; x_wconf 90' lang='lat' dir='ltr'><strong>post</strong></span> <span class='ocrx_word' id='word_1_652' title='bbox 2555 5727 2722 5783; x_wconf 81' lang='lat' dir='ltr'><strong>multa</strong></span> <span class='ocrx_word' id='word_1_653' title='bbox 2769 5724 3019 5791; x_wconf 78' lang='lat' dir='ltr'><strong>consilia,</strong></span> <span class='ocrx_word' id='word_1_654' title='bbox 3067 5720 3363 5779; x_wconf 88' lang='lat' dir='ltr'><strong>crastinum</strong></span> <span class='ocrx_word' id='word_1_655' title='bbox 3424 5719 3567 5774; x_wconf 85' lang='lat' dir='ltr'><strong>diem</strong></span> 
     </span>
    </p>
   </div>
   <div class='ocr_carea' id='block_1_112' title="bbox 1989 5821 2449 5890">
    <p class='ocr_par' dir='ltr' id='par_1_112' title="bbox 1989 5821 2449 5890">
     <span class='ocr_line' id='line_1_112' title="bbox 1989 5821 2449 5890; baseline 0.002 -13"><span class='ocrx_word' id='word_1_656' title='bbox 1989 5838 2094 5878; x_wconf 84' lang='lat' dir='ltr'><strong>non</strong></span> <span class='ocrx_word' id='word_1_657' title='bbox 2136 5821 2449 5890; x_wconf 73' lang='lat' dir='ltr'><strong>attigerunt.</strong></span> 
     </span>
    </p>
   </div>
  </div>
