3980 6248
257 417 361 484 821

1093 416 1262 479 LOCI
1291 415 1732 477 COMMUNES.
1768 436 1837 448 -··
1877 413 2072 473 PARS
2117 414 2160 477 Ι.
2193 413 2448 474 SERMO
2489 416 2641 476 XVI-

3433 416 3536 476 8:2

257 536 477 589 ίσταται
521 534 612 587 καὶ
659 535 948 588 σϐέννυται
973 547 988 562 °
1021 531 1224 600 γυμνὸς
1257 531 1302 586 δ’
1327 533 1530 602 ἕστηκε
1583 532 1770 585 λοιπὸν
1807 530 1835 581 6

1959 526 2156 596 [uidem
2208 530 2455 599 voluptas
2513 531 2717 585 recedit
2749 545 2814 585 ac
2887 530 3298 601 exstinguitur:
3347 536 3526 587 nudus

259 623 567 693 κατήγορος
602 621 696 674 τοῦ
727 621 1048 687 συνειδότος,
1072 621 1267 691 δημίου
1295 623 1444 686 τάξιν
1473 621 1710 690 ἐπέχων,
1746 623 1843 674 καὶ

260 715 604 779 καταξαίνων
637 715 730 767 τὸν
761 715 1298 785 πεπλημμεληκότα,
1332 717 1423 769 καὶ
1459 715 1561 786 τὴν
1603 717 1847 786 ἐσχάτην

257 807 509 860 ἀπαιτῶν
543 808 722 878 δίκην,
751 808 844 860 καὶ
873 807 1124 878 μολίϐδου
1151 807 1360 872 παντὸς
1386 807 1688 880 βαρύτερον
1722 810 1844 861 ἑπι-

259 901 544 966 γεέμενπ.

339 991 617 1060 Ἀμαρτία
644 992 751 1055 ἕως
785 992 886 1062 μὲν
913 993 1182 1065 ὲργασθῇ,
1207 994 1435 1065 παρέχει
1460 993 1585 1048 τινὰ
1608 994 1803 1064 ἡδονήν
1821 1009 1838 1026 ⁶

256 1085 387 1136 ὅταν
431 1085 487 1136 δὲ
533 1085 783 1156 τελεσθῇ,
813 1085 940 1138 τότε
983 1089 1016 1158 ή
1065 1085 1238 1156 μικρά
1263 1085 1428 1158 ήδονὴ
1461 1087 1839 1154 ὑπεξίσταται,

257 1177 640 1248 ἐπεισέρχεται
691 1177 747 1232 δὲ
789 1177 1018 1249 ἀθυμία.

328 1354 500 1408 Οὐδὲν
550 1354 948 1425 δυσωδέστερον
993 1357 1173 1427 ψυχῆς
1205 1356 1508 1426 ἐμπαθοῦς.
1557 1359 1698 1412 κυνὶ
1736 1360 1842 1413 ἔοι-

259 1465 355 1498 κεν
413 1447 448 1516 ἠ
504 1446 685 1516 ἡδονὴ,
737 1446 1026 1518 ἄνθρωπε⁸
1077 1450 1172 1504 ἐὰν
1205 1450 1424 1522 διώξῃς,
1457 1451 1689 1520 φεύγειο
1744 1453 1840 1506 ἐάν

258 1539 557 1610 ἐκθρέψῃς,
609 1541 934 1609 παραμένει.
994 1542 1163 1610 Φεῦγε
1224 1543 1322 1615 τὴν
1362 1543 1556 1613 τέρψιν
1605 1544 1690 1598 διὰ
1738 1544 1839 1616 τὴν

260 1631 464 1700 θλίψιν,
499 1632 573 1700 μὴ
598 1634 709 1696 τοῖς
747 1634 857 1698 σοῖς
891 1633 1084 1702 μέλεσι
1109 1635 1248 1689 κατὰ
1276 1635 1371 1688 σοῦ
1413 1636 1595 1706 βέλεσι
1626 1639 1841 1708 χρήση-

257 1742 346 1776 ταιι
380 1728 408 1777 6
433 1723 700 1787 διάϐολος.

331 1819 450 1890 υῦχ
479 1817 623 1871 οὕτω
665 1819 790 1882 τοὺς
823 1820 1239 1890 ἁμαρτάνοντας
1287 1823 1362 1885 ὠς
1392 1823 1517 1884 τοὺς
1549 1824 1690 1893 μετά
1736 1827 1838 1896 τὴν

261 1912 542 1982 ἁμαρτίαν
575 1912 652 1982 μὴ
682 1911 1139 1981 συστελλομένους
1163 1917 1610 1986 ἀποστρέφεσθαι
1644 1919 1837 1972 είωθεν

231 2055 236 2058 .
260 2008 287 2057 ὁ
317 2005 478 2069 Θεός.

331 2101 408 2154 Οὐ
440 2099 502 2152 τὺ
531 2102 722 2154 πεσεῖν
749 2098 1010 2170 χαλεπὸν,
1051 2101 1191 2158 ἀλλὰ
1227 2101 1287 2156 τὸ
1320 2103 1554 2157 πεσόντα
1597 2106 1836 2170 κεῖσθαι,

260 2195 352 2245 καὶ
382 2193 459 2263 μὴ
483 2193 824 2249 ἀνίστασθαι.

345 2283 644 2352 ’Λπὸστηθι
672 2285 771 2352 τῆς
797 2284 1082 2355 πονηρίας,
1113 2283 1318 2341 παῦσαι
1345 2287 1446 2357 τῆς
1473 2289 1692 2355 κακίας,
1720 2291 1842 2344 ἑπι-

258 2377 425 2430 λασοῦ
455 2378 555 2447 τῆς
586 2378 810 2446 ἀρετῆς,
845 2379 937 2431 καὶ
967 2380 1208 2449 ὑπόσχου
1235 2381 1434 2450 μηκέτι
1468 2383 1604 2436 αὐτὰ
1637 2386 1835 2436 ποιεῖν·

258 2471 355 2520 καὶ
383 2470 546 2538 ἀρκεῖ
574 2468 730 2522 τοῦτο
760 2470 840 2533 είς
868 2469 1187 2538 ἀπολογίαν.
1213 2471 1357 2540 Ἐγὼ
1379 2474 1832 2546 διαμαρτύρομαι

258 2565 354 2617 καὶ
403 2561 715 2632 ἐγγυῶμαι,
749 2564 830 2617 ὅτι
874 2563 981 2618 τῶν
1007 2565 1477 2636 ἁμαρτανομένων
1515 2567 1668 2637 ὑμῶν
1702 2571 1833 2622 ’ἐκι-

261 2673 404 2719 στος,
435 2655 501 2707 ἂν
529 2655 773 2719 ἀποστὰς
807 2657 918 2708 τῶν
959 2657 1240 2726 προτέρων
1261 2661 1492 2723 ’κακῶνο
1529 2662 1836 2732 ὑπόσχηται

255 2749 334 2818 τῷ
369 2747 490 2818 Θεῷ
525 2748 664 2818 μετὰ
695 2748 975 2817 ἀληθείας,
1009 2752 1207 2819 μηκέτι
1234 2751 1413 2804 αὐτῶν
1448 2753 1711 2821 ἅψασθαι,
1741 2755 1836 2807 οὑ-

255 2842 343 2893 δὲν
383 2839 574 2909 ἕτερον
625 2840 652 2892 ὁ
701 2839 833 2903 Θεὸς
882 2839 1040 2910 ζητεῖ
1086 2843 1215 2910 προς
1257 2843 1552 2910 ἀπολογίαν
1588 2843 1830 2912 μείζονα.

253 2925 646 3002 Φιλάνῢρωῖτος
682 2931 793 3002 γάρ
819 2931 938 2983 ἐστι
968 2932 1060 2982 καὶ
1085 2931 1362 3002 ἐλεήμων,
1390 2935 1484 2987 καὶ
1513 2934 1770 3005 καθάπερ
1800 2937 1834 3008 ή

253 3026 526 3078 ὠδίνουσα
555 3024 815 3094 ἐπιθυμεῖ
850 3026 1052 3088 τεκεῖν,
1081 3021 1224 3078 οὕτω
1262 3025 1355 3078 καὶ
1383 3026 1547 3088 αὐτὸς
1575 3027 1838 3098 ἐπιθυμεῖ

255 3117 347 3169 τὸν
379 3116 527 3169 ἔλεον
560 3118 740 3187 ἐκχεῖν
773 3116 863 3168 τὸν
891 3116 1108 3171 ἑαυτοῦ.

1948 629 2130 674 autem
2191 632 2437 676 remanet
2496 630 2788 677 accusator
2830 623 3206 690 conscientiu.-,
3248 628 3524 681 carnificis

1945 708 2124 766 locum
2159 721 2369 780 tenens,
2416 723 2469 768 et
2516 724 2822 784 pecatorem
2887 717 3238 784 excruciatus,
3282 730 3336 772 et
3361 721 3532 774 maxi-

1945 819 2089 857 mam
2139 821 2356 875 pmnam
2441 807 2692 874 exigens,
2757 807 2991 877 denique
3051 810 3250 878 quovis
3310 811 3533 880 plumbo

1943 897 2163 965 gravius
2229 899 2576 955 incumbens.

2013 987 2300 1043 Peccatum
2366 989 2496 1044 dum
2547 990 2724 1044 adlme
2785 996 2869 1044 est
2924 990 2978 1044 in
3044 1006 3228 1062 opere,
3285 994 3532 1048 nonnihil

1943 1080 2236 1150 voluptatis
2273 1082 2517 1146 excitat;
2568 1096 2694 1135 eum
2763 1090 2943 1136 autem
3009 1083 3288 1154 impletum
3346 1087 3532 1144 furrit.

1945 1171 2157 1224 modica
2210 1172 2460 1242 voluptas
2499 1173 2591 1228 illa
2662 1173 2916 1242 discedit,
2961 1177 3103 1230 etin
3168 1178 3346 1235 locum
3411 1181 3531 1250 ejus

1942 1260 2088 1313 subit
2138 1260 2385 1316 tristitia.

2011 1351 2155 1406 Nihil
2197 1361 2305 1407 tam
2358 1353 2603 1422 putidum
2652 1365 2754 1424 cst,
2801 1374 2967 1428 quam
3025 1361 3204 1414 anima
3236 1361 3523 1419 aﬂ'ectibus

1940 1445 2197 1500 obnoxia.
2224 1445 2486 1516 Voluptas
2529 1450 2651 1504 cani
2682 1451 2880 1507 similis
2914 1462 2996 1507 est
3030 1469 3046 1521 ;
3077 1453 3123 1508 si
3157 1457 3528 1524 persequaris,

1942 1536 2085 1605 fugit
2125 1557 2138 1593 :
2180 1539 2224 1594 si
2279 1541 2487 1596 nutrias
2514 1583 2528 1609 ,
2568 1553 2774 1598 manet.
2813 1543 2960 1615 Fuge
3012 1545 3343 1616 voluptatem
3400 1565 3529 1618 pro-

1947 1639 2071 1698 pter
2121 1633 2376 1688 comitem
2409 1635 2526 1705 ejus
2556 1636 2928 1708 afﬂictionem,
2956 1657 3022 1696 ne
3070 1642 3315 1698 diabolus
3345 1653 3531 1699 utatur

1943 1724 2202 1779 membris
2235 1725 2343 1780 tuis
2392 1729 2660 1784 adversus
2710 1739 2761 1784 te
2795 1741 3054 1801 tanquam
3093 1733 3236 1790 telis.

2013 1814 2156 1871 Deus
2196 1833 2304 1871 non
2345 1826 2454 1872 tam
2494 1822 2734 1876 aversari
2771 1825 2910 1880 solet
2958 1837 3312 1895 peccatores,
3361 1844 3527 1898 quam

1945 1902 2064 1956 illos
2111 1903 2202 1972 qui
2241 1916 2362 1974 post
2420 1920 2642 1977 peccata
2707 1927 2816 1968 non
2869 1915 3276 1972 contrahuntur
3319 1920 3524 1984 animo,

1944 2012 2044 2050 nec
2123 1998 2431 2054 tristantur.

2012 2089 2217 2145 Cadere
2248 2107 2353 2146 non
2384 2103 2491 2146 tam
2529 2095 2728 2150 malum
2758 2105 2863 2163 est,
2889 2113 3051 2168 quam
3071 2099 3256 2172 jacere
3281 2102 3522 2174 lapsum,

1940 2189 1992 2234 et
2019 2196 2122 2234 non
2199 2183 2475 2254 refugere.

2014 2271 2242 2328 Discede
2279 2275 2348 2328 ab
2397 2277 2765 2352 improbitate,
2815 2287 3061 2358 relinque
3117 2288 3404 2353 malitiam,
3437 2305 3526 2344 ar-

1944 2363 2057 2431 ripe
2108 2364 2380 2430 virtutem.
2413 2377 2466 2424 et
2490 2373 2742 2440 pollicere
2773 2377 3180 2436 iunovationcm
3229 2379 3350 2434 vitm
3378 2398 3392 2434 :
3427 2382 3529 2436 hoc

1942 2457 2037 2510 tibi
2067 2475 2166 2528 pro
2247 2461 2569 2521 defensione
2619 2468 2868 2527 suﬂieiet.
2934 2474 3047 2542 Ego
3076 2490 3206 2528 sane
3237 2489 3424 2529 assero
3476 2484 3530 2528 ct

1940 2553 2204 2618 promitto
2263 2558 2405 2625 quod
2457 2558 2502 2611 si
2534 2564 2912 2634 unusquisque.
2968 2567 3034 2621 de
3056 2567 3213 2622 nobis
3251 2569 3528 2635 peccanti-

1941 2641 2064 2706 bus,
2103 2645 2308 2701 relictis
2362 2650 2638 2718 prioribus
2700 2657 2878 2721 malis,
2911 2658 3024 2713 Deo
3081 2659 3404 2728 pollTeeatur
3462 2676 3522 2714 se

1938 2733 2042 2803 31
2085 2752 2190 2790 non
2248 2741 2551 2796 rediturum
2604 2747 2669 2798 ad
2718 2763 2803 2808 est,
2833 2750 2964 2802 nihil
3020 2751 3170 2808 aliud
3210 2753 3275 2806 ad
3317 2753 3526 2822 plenio-

1939 2841 2052 2880 rem
2102 2829 2533 2889 satisfactionem
2588 2837 2727 2892 Deus
2782 2840 3152 2909 requisiturus
3204 2844 3296 2898 sit.
3325 2844 3526 2901 Amore

1937 2921 2082 2975 enim
2165 2933 2219 2977 et
2295 2927 2664 2986 misericordia
2721 2934 3072 3004 prosequitur
3129 2936 3414 3003 homines,
3473 2949 3530 2994 et

1936 3015 2391 3080 quemadmodum
2433 3025 2745 3091 parturiens
2776 3027 2972 3081 mulier
3012 3029 3286 3085 desiderat
3313 3046 3526 3101 parere,

1937 3107 2018 3159 sic
2046 3117 2100 3162 et
2152 3107 2269 3180 ipse
2319 3113 2467 3183 cupit
2519 3115 2951 3174 misericordiam
3005 3135 3160 3176 suam
3223 3123 3525 3180 etl'undere.

324 3208 498 3260 Οὐδὲν
524 3207 696 3270 οὕτως
725 3209 816 3261 τὸν
843 3207 978 3261 Θεὸν
1003 3208 1162 3262 ἵλεων
1186 3213 1350 3277 ποιεῖ,
1381 3211 1454 3275 ὡς
1477 3212 1536 3265 τὸ
1567 3213 1631 3267 τὰ
1655 3216 1834 3269 οἰκεῖα

2010 3196 2155 3256 Nihil
2215 3203 2352 3260 adeo
2432 3207 2601 3288 Deum
2650 3211 2823 3266 reddit
2892 3215 3210 3284 propitium,
3253 3233 3416 3286 quam
3461 3230 3521 3273 ut

251 3300 541 3368 ὁμολογεῖν
573 3302 972 3372 ἁμαρτήματα.

326 3394 498 3447 υῦδὲν
519 3395 661 3448 οὕτω
697 3397 836 3467 βαρὺ
872 3397 966 3450 καὶ
994 3398 1422 3465 δυσϐάστακτον,
1453 3399 1528 3463 ὡς
1557 3401 1836 3470 ἁμαρτίας

255 3483 438 3550 φύσις.
478 3483 644 3537 Οὐδὲν
689 3485 832 3538 οὕτω
889 3487 1136 3557 κάματον
1185 3489 1318 3559 ἡμῖν
1367 3489 1618 3559 παρέχει,
1655 3491 1729 3553 ὼς
1775 3493 1836 3544 τὸ

253 3575 348 3642 τῆς
407 3575 676 3644 πονηρίας
739 3573 896 3642 είδος,
947 3581 1042 3633 καὶ
1101 3581 1168 3633 τά
1212 3581 1686 3651 πλημμελήματα.
1736 3583 1836 3637 Διὰ

253 3667 417 3720 τοῦτο
477 3671 505 3720 6
539 3668 774 3739 Χριστὸς
824 3672 937 3734 τοῖς
988 3672 1046 3725 ὲν
1101 3674 1400 3743 ἁμαρτίαις
1435 3675 1604 3739 ζῶσιν
1640 3677 1832 3745 ἔλεγεο

247 3775 277 3810 λι
315 3759 484 3814 Δεῦτε
522 3763 659 3834 πρός
695 3781 790 3832 με,
831 3765 1030 3828 πάντες
1054 3767 1104 3819 oi
1127 3767 1423 3832 κοπιῶντες
1451 3770 1545 3823 καὶ
1572 3787 1834 3840 πεφορτι-

256 3839 466 3923 σμένοι,
494 3855 651 3924 κάγὼ
675 3857 976 3911 ἀναπαύσω
998 3860 1166 3928 ἡμᾶς.
1201 3879 1220 3912 ι

338 3947 467 3999 Ἐπὶ
494 3948 614 4011 ἑνὸς
643 3949 706 4002 οὐ
739 3948 965 4018 θέλομεν
1009 3951 1396 4022 άσχημονῆσαι
1446 3953 1703 4022 ἐνταῦθα,
1738 3955 1832 4010 ἐπὶ

253 4037 310 4092 δὲ
344 4039 626 4109 μυριάδων
651 4042 770 4094 ἐκεῖ
791 4041 1065 4095 τοσούτων
1089 4043 1142 4096 τί
1169 4045 1502 4115 ποιήσομεν;

337 4219 624 4291 Ἐννόησον
675 4216 786 4274 οἷον
837 4221 988 4275 ἔσται
1039 4223 1100 4276 τὸ
1140 4223 1234 4277 τοῦ
1264 4223 1402 4279 Θεοῦ
1435 4227 1784 4298 δικαστήριον
1812 4245 1825 4258 ’

253 4313 574 4380 ἁναλὸγισαι
599 4313 666 4365 τὰ
697 4313 1065 4384 ἡμαρτημένα
1098 4332 1180 4369 σοι
1221 4317 1418 4374 πάντα.
1454 4318 1574 4372 Κᾶν
1603 4318 1709 4389 γὰρ
1735 4321 1831 4374 αύ-

250 4407 344 4470 τδς
373 4405 608 4480 ἑπιλάθῃ
634 4405 742 4460 τῶν
771 4407 1135 4479 πεπλημμελη
1145 4410 1344 4478 μένων,
1372 4412 1398 4464 ὁ
1421 4410 1552 4474 Θεὸς
1572 4413 1829 4467 οὐδέποτε

253 4501 574 4555 ἐπιλάθεται
600 4517 615 4530 ·
643 4499 781 4555 άλλά
811 4501 990 4557 πάντα
1025 4502 1132 4572 πρὸ
1169 4503 1278 4556 τῶν
1312 4504 1608 4576 ὀφθαλμῶν
1637 4507 1827 4576 στήσει

251 4593 364 4646 τῶν
399 4593 531 4655 σῶν,
562 4591 629 4646 ἂν
657 4593 732 4663 μὴ
762 4593 1053 4664 προλαϐὼν
1087 4595 1227 4648 αὐτὰ
1252 4596 1569 4668 καταλύσῃς
1611 4597 1706 4652 νῦν
1737 4599 1827 4654 διὰ

253 4679 551 4747 μετανοίας
579 4682 675 4734 καὶ
705 4680 1170 4754 ὲξομολογήσεως.

333 4771 396 4827 Ὀ
441 4772 541 4842 μὲν
579 4775 768 4842 ἀρκῶν
817 4777 909 4831 καὶ
938 4778 1158 4846 ἐτέρους
1201 4777 1493 4848 διορθῶσαι
1542 4782 1826 4851 μιγνύσθω

247 4866 364 4928 τοῖς
393 4865 649 4932 μέλλουσι
677 4866 930 4938 δέχεσθαι
967 4870 1068 4939 τὴν
1106 4869 1429 4940 θεραπείαν,
1461 4874 1557 4926 καὶ
1604 4875 1827 4928 ποιείτω

251 4957 504 5026 βελτίους
526 4973 540 4987 ·
571 4961 600 5012 6
649 4959 706 5013 δὲ
745 4961 1080 5034 ἀτονώτερος
1110 4961 1186 5017 ὣν
1211 4965 1464 5034 φευγέτω
1497 4965 1622 5030 τοὺς
1656 4984 1830 5037 πονηο

253 5052 407 5120 ροϋς,
439 5050 580 5104 ὥστε
628 5053 703 5123 μὴ
741 5053 839 5124 τὴν
888 5056 1018 5126 παρ’
1047 5057 1276 5110 δκείνων
1326 5057 1582 5128 δέχεσθαι
1622 5058 1824 5127 λύμην.

323 5141 562 5196 Δύναται
591 5144 854 5209 πολλάκις
896 5148 994 5216 μία
1038 5148 1366 5220 κερδηθεῖσα
1409 5149 1556 5219 ψυχὴ
1613 5151 1825 5217 μυρίων

250 5232 416 5302 ὄγκον
441 5235 859 5307 ἁμαρτημάτων
903 5240 1190 5308 ἀφανίσαι,
1236 5242 1332 5294 καὶ
1377 5240 1636 5311 γενέσθαι
1693 5242 1825 5313 ἡμῖν

252 5324 552 5396 ἀντίψυχον
577 5327 634 5379 ὲν
653 5327 838 5401 ἐκείνῃ
862 5332 928 5398 τῇ
960 5330 1163 5400 ήμέρᾳ.

323 5415 444 5471 Οὐκ
476 5416 592 5472 ἐστι
634 5419 814 5491 ψυχῆς
861 5421 1112 5488 ἀντάξιος
1163 5423 1282 5476 οὐδὲ
1325 5425 1354 5476 6
1401 5424 1610 5494 κόσμος
1643 5425 1827 5488 ἄπας·

254 5508 399 5563 ὥστε
429 5511 535 5564 κᾶν
564 5513 734 5583 μυρία
766 5513 872 5584 δῷς
893 5516 1150 5585 χρήματα
1185 5517 1437 5586 πένησιν,
1469 5518 1623 5572 οὐδὲν
1647 5519 1826 5572 τοιοῦο

252 5620 345 5656 τον
379 5603 611 5675 ἐργάσῃ,
636 5599 747 5658 οἷον
778 5606 908 5675 μίαν
939 5606 1117 5677 ψυχὴν
1148 5607 1520 5676 ἐπιστρέφων.

326 5787 504 5843 Οὐδὲν
542 5790 601 5840 ὲν
649 5786 958 5858 ἀνθρώποις
1003 5787 1166 5842 καλὸν
1219 5789 1519 5858 κακότητος
1570 5791 1824 5862 ἄμικτον.

259 5879 382 5932 Εἴθε
417 5881 471 5932 δὲ
508 5879 582 5950 μὴ
613 5880 679 5933 τά
707 5880 883 5952 λυγρὰ
911 5879 1126 5938 πλείονα
1159 5885 1353 5953 μοῖραν
1380 5877 1491 5954 εἶχε
1530 5883 1543 5935 !

1938 3291 2171 3362 quisque
2200 3310 2295 3350 sua
2353 3308 2579 3367 peccata
2609 3303 2958 3360 confiteatur.

2008 3381 2152 3436 Nihil
2192 3391 2300 3440 tam
2343 3402 2507 3457 grave
2533 3400 2586 3445 et
2651 3407 2944 3448 onerosum
3006 3405 3112 3462 est,
3168 3414 3330 3466 quazn
3403 3416 3528 3470 pee—

1939 3473 2045 3526 cati
2093 3484 2309 3533 natura.
2367 3479 2510 3536 Nihil
2543 3492 2754 3540 tantum
2809 3487 3008 3554 negotii
3071 3490 3230 3546 nobis
3272 3491 3520 3558 [τεθείη

1937 3577 2202 3635 quantum
2247 3570 2569 3640 improbitas
2609 3585 2664 3632 et
2693 3587 2936 3646 peccata.
2969 3579 3332 3646 Quamobrem
3371 3584 3531 3643 Chrio

1938 3665 2058 3709 stus
2088 3658 2153 3712 ad
2189 3659 2309 3716 illos
2363 3663 2454 3732 qui
2485 3664 2537 3719 in
2592 3668 2828 3734 peccatis
2885 3669 3099 3734 vivunt,
3157 3670 3330 3726 dixit:
3367 3690 3385 3724 ι
3420 3671 3528 3727 Ve-

1937 3747 2051 3802 nite
2098 3749 2165 3805 ad
2198 3766 2307 3815 me,
2342 3769 2536 3811 omnes
2580 3757 2672 3826 qui
2717 3756 2977 3815 laboratis
3005 3770 3059 3814 et
3106 3763 3316 3818 onerati
3371 3766 3524 3830 estis,

1935 3848 1988 3892 et
2016 3854 2116 3910 ego
2175 3844 2414 3900 reficiam
2453 3863 2569 3903 vos.
2606 3867 2625 3901 ο

2013 3931 2070 3986 In
2110 3935 2364 3992 humanis
2413 3941 2578 3996 rebus
2609 3951 2761 3996 cavet
2791 3943 2894 3998 sibi
2928 3946 3161 4016 quisque
3203 3955 3259 4000 ut
3328 3964 3394 4002 ne
3436 3964 3527 4004 C0":

1935 4043 2051 4080 rum
2091 4043 2202 4082 uno
2232 4029 2451 4099 quidem
2494 4031 2818 4103 delinquat:
2855 4037 2997 4106 quid.
3029 4048 3209 4092 autem
3269 4038 3358 4093 fiet
3397 4041 3523 4094 olim

1933 4132 2118 4172 coram
2152 4119 2364 4175 infinita
2393 4123 2736 4180 multitudine
2760 4125 2784 4179 ?

2011 4210 2198 4280 Cogita
2224 4213 2385 4283 quale
2419 4211 2661 4270 futurum
2687 4213 2758 4270 sit
2792 4215 2884 4272 Dei
2915 4216 3179 4286 judicium
3217 4235 3232 4274 :
3274 4219 3524 4288 expende

1931 4309 2112 4363 omnia
2152 4314 2373 4377 peccata
2411 4314 2522 4362 tua.
2562 4305 2699 4363 Nam
2731 4307 2863 4364 licet
2888 4311 3004 4377 ipse
3032 4311 3352 4373 delictorum
3385 4312 3523 4366 obli-

1932 4399 2184 4465 viscaris,
2220 4399 2361 4467 Deus
2391 4415 2676 4470 nunquam
2736 4401 3130 4470 obliviscetur;
3191 4407 3286 4459 sed
3341 4405 3522 4459 Omnia

1939 4495 2043 4549 tuis
2072 4492 2248 4548 oculis
2306 4491 2654 4562 objicientur,
2705 4495 2811 4548 nisi
2879 4511 3027 4551 nunc
3088 4496 3422 4566 praeveniens
3461 4513 3522 4550 ea

1940 4583 2209 4641 dissolvas
2264 4582 2604 4654 paenitudine
2643 4591 2696 4636 et
2729 4583 3110 4648 confessione.
3411 4580 3415 4585 ’

2009 4768 2109 4836 Qui
2143 4767 2307 4822 etiam
2341 4765 2476 4820 alios
2523 4763 2818 4820 emendare
2866 4764 3006 4833 potis
3030 4773 3132 4828 est,
3167 4777 3523 4820 conversetur

1941 4863 2049 4918 illis
2077 4861 2147 4915 de
2177 4873 2408 4928 quorum
2438 4856 2616 4912 salute
2654 4870 2782 4925 spes
2813 4856 2994 4930 fuerit,
3027 4871 3090 4911 ac
3129 4857 3276 4926 ipsos
3332 4857 3522 4911 melio-

1941 4971 2031 5011 res
2095 4950 2307 5008 reddat.
2347 4948 2620 5004 lntirmior
2679 4955 2862 5004 autem
2910 4947 3081 5020 fugiat
3123 4949 3419 5019 improbos,
3456 4965 3523 5006 ne

1940 5047 2029 5100 lue
2059 5045 2300 5113 ipsorum
2335 5041 2628 5096 inﬁciatur.

2011 5137 2204 5190 Anima
2242 5147 2346 5186 una
2376 5132 2658 5188 lueritacta
2689 5146 2828 5199 saepe
2859 5131 3147 5190 criminum
3186 5131 3518 5208 infinitarum

1943 5231 2139 5283 molem
2169 5223 2386 5278 abolere
2429 5231 2622 5290 potest,
2657 5232 2713 5278 et
2743 5222 2940 5280 animae
2981 5233 3182 5279 nostra:
3223 5226 3523 5294 redemptio

1939 5318 2053 5373 fieri
2085 5318 2136 5371 in
2164 5315 2252 5374 die
2278 5313 2492 5382 judicii.

2010 5407 2087 5464 Ne
2146 5409 2382 5460 mnnlus
2426 5403 2643 5475 quidem
2683 5404 2972 5460 universus
3045 5407 3238 5460 anima:
3296 5405 3520 5474 pretium

1941 5511 2228 5570 quaret;
2269 5513 2460 5565 quare,
2495 5497 2622 5552 licet
2691 5497 2977 5566 pecuniam
3032 5499 3238 5566 absque
3289 5512 3521 5550 numero

1939 5591 2270 5660 pauperibus
2304 5588 2552 5657 largiare,
2581 5587 2712 5640 nihil
2743 5597 2950 5642 tantum
2989 5586 3210 5649 eﬂieies,
3253 5600 3517 5653 quuu'nm

1943 5681 2106 5735 unius
2135 5681 2327 5732 animae
2376 5677 2750 5732 conversione.

2023 5772 2180 5841 Greg.
2213 5769 2442 5839 Nyssen.
2474 5767 2619 5823 Nihil
2652 5767 2776 5823 b0ni
2839 5770 2980 5822 inter
3019 5765 3264 5821 homines
3327 5779 3524 5836 expers

1941 5881 2027 5926 est
2061 5866 2299 5921 malitiae.
2337 5861 2553 5917 Utinam
2591 5873 2718 5918 vero
2749 5861 2894 5915 mala
2927 5873 3034 5914 non
3061 5856 3370 5914 obtinerent
3402 5872 3526 5912 ma-

1941 5964 2115 6028 iorem
2151 5965 2356 6030 partem
2385 5957 2398 6007 t
