  <div class='ocr_page' id='page_1' title='image "/cluster/home/n/w/nwhite01/storage/ocr_20150623/136/mdp.39015038093210/422.png"; bbox 0 0 3980 6248; ppageno 0'>
   <div class='ocr_carea' id='block_1_1' title="bbox 306 337 420 402">
    <p class='ocr_par' dir='ltr' id='par_1_1' title="bbox 306 337 420 402">
     <span class='ocr_line' id='line_1_1' title="bbox 306 337 420 402; baseline 0 0"><span class='ocrx_word' id='word_1_1' title='bbox 306 337 420 402; x_wconf 69' lang='grc' dir='ltr'><strong>εἳθ</strong></span> 
     </span>
    </p>
   </div>
   <div class='ocr_carea' id='block_1_2' title="bbox 1121 318 2843 427">
    <p class='ocr_par' dir='ltr' id='par_1_2' title="bbox 1121 318 2843 427">
     <span class='ocr_line' id='line_1_2' title="bbox 1121 318 2843 427; baseline 0.01 -16"><span class='ocrx_word' id='word_1_2' title='bbox 1121 350 1294 411; x_wconf 75' lang='lat' dir='ltr'><strong>LOCI</strong></span> <span class='ocrx_word' id='word_1_3' title='bbox 1320 349 1764 411; x_wconf 80' lang='lat' dir='ltr'><strong>COMMUNES.</strong></span> <span class='ocrx_word' id='word_1_4' title='bbox 1807 368 1876 381; x_wconf 85' lang='lat'><strong>—</strong></span> <span class='ocrx_word' id='word_1_5' title='bbox 1929 344 2125 408; x_wconf 75' lang='lat' dir='ltr'><strong>PARS</strong></span> <span class='ocrx_word' id='word_1_6' title='bbox 2170 353 2213 414; x_wconf 91' lang='grc' dir='ltr'><strong>Ι.</strong></span> <span class='ocrx_word' id='word_1_7' title='bbox 2258 356 2519 420; x_wconf 82' lang='lat' dir='ltr'><strong>SERMO</strong></span> <span class='ocrx_word' id='word_1_8' title='bbox 2562 362 2749 427; x_wconf 79' lang='grc' dir='ltr'><strong>Χνη.</strong></span> <span class='ocrx_word' id='word_1_9' title='bbox 2833 318 2843 339; x_wconf 36' lang='grc' dir='ltr'><strong>ί</strong></span> 
     </span>
    </p>
   </div>
   <div class='ocr_carea' id='block_1_3' title="bbox 3457 367 3564 430">
    <p class='ocr_par' dir='ltr' id='par_1_3' title="bbox 3457 367 3564 430">
     <span class='ocr_line' id='line_1_3' title="bbox 3457 367 3564 430; baseline 0.028 -3"><span class='ocrx_word' id='word_1_10' title='bbox 3457 367 3564 430; x_wconf 85' lang='grc'><strong>830</strong></span> 
     </span>
    </p>
   </div>
   <div class='ocr_carea' id='block_1_4' title="bbox 377 458 1863 547">
    <p class='ocr_par' dir='ltr' id='par_1_4' title="bbox 377 458 1863 542">
     <span class='ocr_line' id='line_1_4' title="bbox 377 458 1863 542; baseline 0.003 -33"><span class='ocrx_word' id='word_1_11' title='bbox 377 460 512 510; x_wconf 78' lang='grc' dir='ltr'>Δέον</span> <span class='ocrx_word' id='word_1_12' title='bbox 541 458 1014 533; x_wconf 72' lang='grc' dir='ltr'>εὖμετακινήτους</span> <span class='ocrx_word' id='word_1_13' title='bbox 1042 465 1141 542; x_wconf 80' lang='grc' dir='ltr'><strong>μὲν</strong></span> <span class='ocrx_word' id='word_1_14' title='bbox 1170 463 1311 519; x_wconf 68' lang='grc' dir='ltr'>εἶναι</span> <span class='ocrx_word' id='word_1_15' title='bbox 1360 466 1500 537; x_wconf 63' lang='grc' dir='ltr'>πρὸς</span> <span class='ocrx_word' id='word_1_16' title='bbox 1530 464 1590 519; x_wconf 81' lang='grc' dir='ltr'>τὺ</span> <span class='ocrx_word' id='word_1_17' title='bbox 1635 464 1863 534; x_wconf 62' lang='grc' dir='ltr'>κρεῖττοε</span> 
     </span>
    </p>
   </div>
   <div class='ocr_carea' id='block_1_5' title="bbox 1983 458 3562 547">
    <p class='ocr_par' dir='ltr' id='par_1_5' title="bbox 2054 470 3562 547">
     <span class='ocr_line' id='line_1_5' title="bbox 2054 470 3562 547; baseline 0.007 -23"><span class='ocrx_word' id='word_1_18' title='bbox 2054 470 2098 524; x_wconf 79' lang='grc' dir='ltr'><strong>Α</strong></span> <span class='ocrx_word' id='word_1_19' title='bbox 2129 472 2381 529; x_wconf 84' lang='lat' dir='ltr'><strong>deteriori</strong></span> <span class='ocrx_word' id='word_1_20' title='bbox 2429 476 2495 533; x_wconf 93' lang='lat' dir='ltr'><strong>ad</strong></span> <span class='ocrx_word' id='word_1_21' title='bbox 2537 479 2732 537; x_wconf 89' lang='lat' dir='ltr'><strong>melius</strong></span> <span class='ocrx_word' id='word_1_22' title='bbox 2776 478 2935 535; x_wconf 78' lang='lat' dir='ltr'><strong>facile</strong></span> <span class='ocrx_word' id='word_1_23' title='bbox 2972 481 3192 547; x_wconf 86' lang='lat' dir='ltr'><strong>mutari,</strong></span> <span class='ocrx_word' id='word_1_24' title='bbox 3242 483 3362 538; x_wconf 86' lang='lat' dir='ltr'><strong>vice</strong></span> <span class='ocrx_word' id='word_1_25' title='bbox 3409 496 3562 538; x_wconf 78' lang='lat' dir='ltr'><strong>versa</strong></span> 
     </span>
    </p>
   </div>
   <div class='ocr_carea' id='block_1_6' title="bbox 300 539 1883 629">
    <p class='ocr_par' dir='ltr' id='par_1_6' title="bbox 300 539 1883 629">
     <span class='ocr_line' id='line_1_6' title="bbox 300 539 1883 629; baseline 0.004 -28"><span class='ocrx_word' id='word_1_26' title='bbox 300 550 413 602; x_wconf 77' lang='grc' dir='ltr'>ἀπὸ</span> <span class='ocrx_word' id='word_1_27' title='bbox 440 551 540 605; x_wconf 73' lang='grc' dir='ltr'><strong>τοῦ</strong></span> <span class='ocrx_word' id='word_1_28' title='bbox 569 554 840 624; x_wconf 72' lang='grc' dir='ltr'>χείρονος,</span> <span class='ocrx_word' id='word_1_29' title='bbox 876 539 1173 628; x_wconf 76' lang='grc' dir='ltr'>ἀκινήτους</span> <span class='ocrx_word' id='word_1_30' title='bbox 1211 559 1267 612; x_wconf 83' lang='grc' dir='ltr'>δὲ</span> <span class='ocrx_word' id='word_1_31' title='bbox 1301 560 1439 629; x_wconf 62' lang='grc' dir='ltr'>προς</span> <span class='ocrx_word' id='word_1_32' title='bbox 1467 559 1529 614; x_wconf 84' lang='grc' dir='ltr'><strong>τδ</strong></span> <span class='ocrx_word' id='word_1_33' title='bbox 1559 559 1742 628; x_wconf 85' lang='grc' dir='ltr'>χεῖρον</span> <span class='ocrx_word' id='word_1_34' title='bbox 1776 554 1883 609; x_wconf 80' lang='grc' dir='ltr'><strong>ἀπὸ</strong></span> 
     </span>
    </p>
   </div>
   <div class='ocr_carea' id='block_1_7' title="bbox 297 638 742 714">
    <p class='ocr_par' dir='ltr' id='par_1_7' title="bbox 297 638 742 714">
     <span class='ocr_line' id='line_1_7' title="bbox 297 638 742 714; baseline 0.022 -22"><span class='ocrx_word' id='word_1_35' title='bbox 297 638 396 694; x_wconf 81' lang='grc' dir='ltr'>τοῦ</span> <span class='ocrx_word' id='word_1_36' title='bbox 446 643 742 714; x_wconf 77' lang='grc' dir='ltr'>βελτίονος.</span> 
     </span>
    </p>
   </div>
   <div class='ocr_carea' id='block_1_8' title="bbox 370 736 1881 816">
    <p class='ocr_par' dir='ltr' id='par_1_8' title="bbox 370 736 1881 816">
     <span class='ocr_line' id='line_1_8' title="bbox 370 736 1881 816; baseline -0.011 -7"><span class='ocrx_word' id='word_1_37' title='bbox 370 736 444 788; x_wconf 76' lang='grc' dir='ltr'><strong>Τδ</strong></span> <span class='ocrx_word' id='word_1_38' title='bbox 490 736 568 807; x_wconf 77' lang='grc' dir='ltr'><strong>μὴ</strong></span> <span class='ocrx_word' id='word_1_39' title='bbox 597 738 939 811; x_wconf 71' lang='grc' dir='ltr'><strong>ἁμαρτάνειν</strong></span> <span class='ocrx_word' id='word_1_40' title='bbox 990 745 1430 816; x_wconf 79' lang='grc' dir='ltr'>ἀνεπαισθήτως,</span> <span class='ocrx_word' id='word_1_41' title='bbox 1471 742 1589 800; x_wconf 78' lang='grc' dir='ltr'>ἀλλ’</span> <span class='ocrx_word' id='word_1_42' title='bbox 1621 741 1881 810; x_wconf 77' lang='grc' dir='ltr'>ἐπιγινώ-</span> 
     </span>
    </p>
   </div>
   <div class='ocr_carea' id='block_1_9' title="bbox 298 830 1880 910">
    <p class='ocr_par' dir='ltr' id='par_1_9' title="bbox 298 830 1880 910">
     <span class='ocr_line' id='line_1_9' title="bbox 298 830 1880 910; baseline 0.007 -31"><span class='ocrx_word' id='word_1_43' title='bbox 298 843 455 881; x_wconf 86' lang='grc' dir='ltr'>σκειν</span> <span class='ocrx_word' id='word_1_44' title='bbox 510 830 606 884; x_wconf 72' lang='grc' dir='ltr'><strong>καὶ</strong></span> <span class='ocrx_word' id='word_1_45' title='bbox 653 834 887 904; x_wconf 77' lang='grc' dir='ltr'>συνορᾷν</span> <span class='ocrx_word' id='word_1_46' title='bbox 918 835 980 889; x_wconf 74' lang='grc' dir='ltr'>τὸ</span> <span class='ocrx_word' id='word_1_47' title='bbox 1011 835 1423 910; x_wconf 79' lang='grc' dir='ltr'>πλημμεληθὲν,</span> <span class='ocrx_word' id='word_1_48' title='bbox 1472 838 1573 891; x_wconf 86' lang='grc' dir='ltr'><strong>ούκ</strong></span> <span class='ocrx_word' id='word_1_49' title='bbox 1621 835 1739 889; x_wconf 82' lang='grc' dir='ltr'>ἔστι</span> <span class='ocrx_word' id='word_1_50' title='bbox 1787 852 1880 904; x_wconf 87' lang='grc' dir='ltr'>μι-</span> 
     </span>
    </p>
   </div>
   <div class='ocr_carea' id='block_1_10' title="bbox 296 920 1877 1001">
    <p class='ocr_par' dir='ltr' id='par_1_10' title="bbox 296 920 1877 1001">
     <span class='ocr_line' id='line_1_10' title="bbox 296 920 1877 1001; baseline 0.006 -30"><span class='ocrx_word' id='word_1_51' title='bbox 296 920 431 990; x_wconf 80' lang='grc' dir='ltr'>κρόν</span> <span class='ocrx_word' id='word_1_52' title='bbox 457 940 472 954; x_wconf 80' lang='grc' dir='ltr'><strong>ο</strong></span> <span class='ocrx_word' id='word_1_53' title='bbox 505 922 624 977; x_wconf 85' lang='grc' dir='ltr'>ἀλλ’</span> <span class='ocrx_word' id='word_1_54' title='bbox 656 925 774 989; x_wconf 73' lang='grc' dir='ltr'>ὁδός</span> <span class='ocrx_word' id='word_1_55' title='bbox 807 926 893 993; x_wconf 86' lang='grc' dir='ltr'><strong>τίς</strong></span> <span class='ocrx_word' id='word_1_56' title='bbox 939 929 1059 987; x_wconf 78' lang='grc' dir='ltr'>ἐστι</span> <span class='ocrx_word' id='word_1_57' title='bbox 1089 930 1186 983; x_wconf 79' lang='grc' dir='ltr'>καὶ</span> <span class='ocrx_word' id='word_1_58' title='bbox 1214 929 1380 1001; x_wconf 80' lang='grc' dir='ltr'>ἀρχὴ,</span> <span class='ocrx_word' id='word_1_59' title='bbox 1424 928 1560 999; x_wconf 69' lang='grc' dir='ltr'>πρὸς</span> <span class='ocrx_word' id='word_1_60' title='bbox 1584 926 1877 1000; x_wconf 77' lang='grc' dir='ltr'><strong>διόρθωσιν</strong></span> 
     </span>
    </p>
   </div>
   <div class='ocr_carea' id='block_1_11' title="bbox 293 1012 1593 1092">
    <p class='ocr_par' dir='ltr' id='par_1_11' title="bbox 293 1012 1593 1092">
     <span class='ocr_line' id='line_1_11' title="bbox 293 1012 1593 1092; baseline 0.008 -29"><span class='ocrx_word' id='word_1_61' title='bbox 293 1012 507 1079; x_wconf 80' lang='grc' dir='ltr'>ἄγουσα</span> <span class='ocrx_word' id='word_1_62' title='bbox 537 1017 630 1069; x_wconf 77' lang='grc' dir='ltr'>καὶ</span> <span class='ocrx_word' id='word_1_63' title='bbox 655 1017 753 1089; x_wconf 77' lang='grc' dir='ltr'><strong>τὴν</strong></span> <span class='ocrx_word' id='word_1_64' title='bbox 777 1018 871 1072; x_wconf 73' lang='grc' dir='ltr'>ἐπὶ</span> <span class='ocrx_word' id='word_1_65' title='bbox 893 1021 963 1075; x_wconf 78' lang='grc' dir='ltr'>τὰ</span> <span class='ocrx_word' id='word_1_66' title='bbox 1003 1022 1237 1092; x_wconf 83' lang='grc' dir='ltr'>κρείτ’τω</span> <span class='ocrx_word' id='word_1_67' title='bbox 1267 1020 1593 1092; x_wconf 73' lang='grc' dir='ltr'>μεταᾶολήν.</span> 
     </span>
    </p>
   </div>
   <div class='ocr_carea' id='block_1_12' title="bbox 367 1105 1876 1186">
    <p class='ocr_par' dir='ltr' id='par_1_12' title="bbox 367 1105 1876 1186">
     <span class='ocr_line' id='line_1_12' title="bbox 367 1105 1876 1186; baseline 0.005 -27"><span class='ocrx_word' id='word_1_68' title='bbox 367 1105 515 1169; x_wconf 80' lang='grc' dir='ltr'>Ἕως</span> <span class='ocrx_word' id='word_1_69' title='bbox 560 1110 678 1163; x_wconf 75' lang='grc' dir='ltr'>ἐστὶ</span> <span class='ocrx_word' id='word_1_70' title='bbox 733 1114 948 1184; x_wconf 78' lang='grc' dir='ltr'>καιρὸς,</span> <span class='ocrx_word' id='word_1_71' title='bbox 1012 1116 1420 1186; x_wconf 80' lang='grc' dir='ltr'>προφθάσωμεν</span> <span class='ocrx_word' id='word_1_72' title='bbox 1472 1115 1534 1168; x_wconf 80' lang='grc' dir='ltr'><strong>τὸ</strong></span> <span class='ocrx_word' id='word_1_73' title='bbox 1587 1113 1684 1168; x_wconf 82' lang='grc' dir='ltr'>τοῦ</span> <span class='ocrx_word' id='word_1_74' title='bbox 1739 1112 1876 1168; x_wconf 81' lang='grc' dir='ltr'>Θεοῦ</span> 
     </span>
    </p>
   </div>
   <div class='ocr_carea' id='block_1_13' title="bbox 296 1194 1877 1277">
    <p class='ocr_par' dir='ltr' id='par_1_13' title="bbox 296 1194 1877 1277">
     <span class='ocr_line' id='line_1_13' title="bbox 296 1194 1877 1277; baseline 0.006 -32"><span class='ocrx_word' id='word_1_75' title='bbox 296 1194 591 1263; x_wconf 84' lang='grc' dir='ltr'>πρόσωπον</span> <span class='ocrx_word' id='word_1_76' title='bbox 619 1200 677 1252; x_wconf 81' lang='grc' dir='ltr'>ὲν</span> <span class='ocrx_word' id='word_1_77' title='bbox 705 1199 1115 1274; x_wconf 79' lang='grc' dir='ltr'>ἐξομολογήσει,</span> <span class='ocrx_word' id='word_1_78' title='bbox 1152 1205 1238 1259; x_wconf 80' lang='grc' dir='ltr'><strong>ἵνα</strong></span> <span class='ocrx_word' id='word_1_79' title='bbox 1263 1205 1472 1277; x_wconf 76' lang='grc' dir='ltr'>ἥμερον</span> <span class='ocrx_word' id='word_1_80' title='bbox 1495 1204 1655 1258; x_wconf 62' lang='grc' dir='ltr'>αὐτὸν</span> <span class='ocrx_word' id='word_1_81' title='bbox 1678 1203 1877 1272; x_wconf 84' lang='grc' dir='ltr'>ῐδωμεν</span> 
     </span>
    </p>
   </div>
   <div class='ocr_carea' id='block_1_14' title="bbox 291 1289 1877 1371">
    <p class='ocr_par' dir='ltr' id='par_1_14' title="bbox 291 1289 1877 1371">
     <span class='ocr_line' id='line_1_14' title="bbox 291 1289 1877 1371; baseline 0.008 -30"><span class='ocrx_word' id='word_1_82' title='bbox 291 1289 412 1342; x_wconf 78' lang='grc' dir='ltr'>τότε</span> <span class='ocrx_word' id='word_1_83' title='bbox 430 1292 525 1347; x_wconf 75' lang='grc' dir='ltr'><strong>καὶ</strong></span> <span class='ocrx_word' id='word_1_84' title='bbox 540 1289 798 1363; x_wconf 78' lang='grc' dir='ltr'>γαληνὸν,</span> <span class='ocrx_word' id='word_1_85' title='bbox 816 1292 904 1352; x_wconf 74' lang='grc' dir='ltr'>ἵνα</span> <span class='ocrx_word' id='word_1_86' title='bbox 925 1294 1023 1360; x_wconf 82' lang='grc' dir='ltr'>τὰς</span> <span class='ocrx_word' id='word_1_87' title='bbox 1046 1295 1446 1369; x_wconf 79' lang='grc' dir='ltr'>άπειληφόρους</span> <span class='ocrx_word' id='word_1_88' title='bbox 1471 1298 1685 1371; x_wconf 77' lang='grc' dir='ltr'>ὲκείνας</span> <span class='ocrx_word' id='word_1_89' title='bbox 1713 1300 1877 1352; x_wconf 77' lang='grc' dir='ltr'>δυνά-ι</span> 
     </span>
    </p>
   </div>
   <div class='ocr_carea' id='block_1_15' title="bbox 294 1383 828 1456">
    <p class='ocr_par' dir='ltr' id='par_1_15' title="bbox 294 1383 828 1456">
     <span class='ocr_line' id='line_1_15' title="bbox 294 1383 828 1456; baseline 0.017 -23"><span class='ocrx_word' id='word_1_90' title='bbox 294 1400 414 1451; x_wconf 68' lang='lat' dir='ltr'><strong>per;</strong></span> <span class='ocrx_word' id='word_1_91' title='bbox 449 1383 828 1456; x_wconf 77' lang='grc' dir='ltr'><strong>διαφύγωμεν.</strong></span> 
     </span>
    </p>
   </div>
   <div class='ocr_carea' id='block_1_16' title="bbox 361 1476 1874 1551">
    <p class='ocr_par' dir='ltr' id='par_1_16' title="bbox 361 1476 1874 1551">
     <span class='ocr_line' id='line_1_16' title="bbox 361 1476 1874 1551; baseline 0.005 -24"><span class='ocrx_word' id='word_1_92' title='bbox 361 1477 439 1528; x_wconf 86' lang='grc' dir='ltr'>Ού</span> <span class='ocrx_word' id='word_1_93' title='bbox 474 1476 645 1531; x_wconf 83' lang='grc' dir='ltr'>δεινὸν</span> <span class='ocrx_word' id='word_1_94' title='bbox 681 1478 742 1531; x_wconf 82' lang='grc' dir='ltr'><strong>τὸ</strong></span> <span class='ocrx_word' id='word_1_95' title='bbox 772 1478 1112 1549; x_wconf 76' lang='grc' dir='ltr'><strong>πολεμοῦντα</strong></span> <span class='ocrx_word' id='word_1_96' title='bbox 1145 1480 1442 1551; x_wconf 80' lang='grc' dir='ltr'>τρωθῆναι,</span> <span class='ocrx_word' id='word_1_97' title='bbox 1476 1481 1613 1536; x_wconf 81' lang='grc' dir='ltr'><strong>ἀλλά</strong></span> <span class='ocrx_word' id='word_1_98' title='bbox 1646 1482 1706 1535; x_wconf 83' lang='grc' dir='ltr'><strong>τὸ</strong></span> <span class='ocrx_word' id='word_1_99' title='bbox 1736 1481 1874 1551; x_wconf 74' lang='grc' dir='ltr'>μετὰ</span> 
     </span>
    </p>
   </div>
   <div class='ocr_carea' id='block_1_17' title="bbox 288 1566 1871 1645">
    <p class='ocr_par' dir='ltr' id='par_1_17' title="bbox 288 1566 1871 1645">
     <span class='ocr_line' id='line_1_17' title="bbox 288 1566 1871 1645; baseline 0.006 -26"><span class='ocrx_word' id='word_1_100' title='bbox 288 1566 391 1636; x_wconf 70' lang='grc' dir='ltr'>τὴν</span> <span class='ocrx_word' id='word_1_101' title='bbox 409 1567 627 1639; x_wconf 81' lang='grc' dir='ltr'>πληγὴν</span> <span class='ocrx_word' id='word_1_102' title='bbox 649 1571 962 1641; x_wconf 70' lang='grc' dir='ltr'>ἀπογνῶναι</span> <span class='ocrx_word' id='word_1_103' title='bbox 988 1573 1083 1626; x_wconf 68' lang='grc' dir='ltr'><strong>ποιαλ⁸</strong></span> <span class='ocrx_word' id='word_1_104' title='bbox 1111 1572 1387 1642; x_wconf 77' lang='grc' dir='ltr'>ἀμελῆσαι</span> <span class='ocrx_word' id='word_1_105' title='bbox 1417 1574 1510 1628; x_wconf 81' lang='grc' dir='ltr'>τοῦ</span> <span class='ocrx_word' id='word_1_106' title='bbox 1536 1574 1871 1645; x_wconf 77' lang='grc' dir='ltr'><strong>τραύματος.</strong></span> 
     </span>
    </p>
   </div>
   <div class='ocr_carea' id='block_1_18' title="bbox 358 1657 1871 1733">
    <p class='ocr_par' dir='ltr' id='par_1_18' title="bbox 358 1657 1871 1733">
     <span class='ocr_line' id='line_1_18' title="bbox 358 1657 1871 1733; baseline 0.006 -25"><span class='ocrx_word' id='word_1_107' title='bbox 358 1657 452 1727; x_wconf 80' lang='grc' dir='ltr'><strong>Μὴ</strong></span> <span class='ocrx_word' id='word_1_108' title='bbox 482 1658 663 1711; x_wconf 88' lang='grc' dir='ltr'>τοίνυν</span> <span class='ocrx_word' id='word_1_109' title='bbox 695 1661 1066 1730; x_wconf 82' lang='grc' dir='ltr'>άπογίνωσκε,</span> <span class='ocrx_word' id='word_1_110' title='bbox 1096 1663 1231 1733; x_wconf 78' lang='grc' dir='ltr'>μηδὲ</span> <span class='ocrx_word' id='word_1_111' title='bbox 1255 1663 1526 1732; x_wconf 81' lang='grc' dir='ltr'><strong>ἀφίστασο</strong></span> <span class='ocrx_word' id='word_1_112' title='bbox 1550 1663 1653 1733; x_wconf 84' lang='grc' dir='ltr'>τῆς</span> <span class='ocrx_word' id='word_1_113' title='bbox 1682 1665 1871 1733; x_wconf 82' lang='grc' dir='ltr'>εὐχῆς,</span> 
     </span>
    </p>
   </div>
   <div class='ocr_carea' id='block_1_19' title="bbox 287 1744 1873 1824">
    <p class='ocr_par' dir='ltr' id='par_1_19' title="bbox 287 1744 1873 1824">
     <span class='ocr_line' id='line_1_19' title="bbox 287 1744 1873 1824; baseline 0.006 -26"><span class='ocrx_word' id='word_1_114' title='bbox 287 1744 425 1799; x_wconf 71' lang='grc' dir='ltr'>ἀλλὰ</span> <span class='ocrx_word' id='word_1_115' title='bbox 458 1746 725 1816; x_wconf 73' lang='grc' dir='ltr'>πρόσελθε</span> <span class='ocrx_word' id='word_1_116' title='bbox 763 1749 1085 1819; x_wconf 81' lang='grc' dir='ltr'>ἁμαρτωλὸς</span> <span class='ocrx_word' id='word_1_117' title='bbox 1123 1751 1221 1819; x_wconf 84' lang='grc' dir='ltr'>ὢν,</span> <span class='ocrx_word' id='word_1_118' title='bbox 1254 1752 1342 1806; x_wconf 78' lang='grc' dir='ltr'>ἵνα</span> <span class='ocrx_word' id='word_1_119' title='bbox 1374 1752 1607 1824; x_wconf 75' lang='grc' dir='ltr'>δοξάσῃς</span> <span class='ocrx_word' id='word_1_120' title='bbox 1656 1772 1749 1807; x_wconf 88' lang='grc' dir='ltr'><strong>σου</strong></span> <span class='ocrx_word' id='word_1_121' title='bbox 1783 1754 1873 1808; x_wconf 58' lang='grc' dir='ltr'>τὶν</span> 
     </span>
    </p>
   </div>
   <div class='ocr_carea' id='block_1_20' title="bbox 287 1837 1873 1916">
    <p class='ocr_par' dir='ltr' id='par_1_20' title="bbox 287 1837 1873 1916">
     <span class='ocr_line' id='line_1_20' title="bbox 287 1837 1873 1916; baseline 0.001 -18"><span class='ocrx_word' id='word_1_122' title='bbox 287 1837 592 1907; x_wconf 77' lang='grc' dir='ltr'>Δεσπότην,</span> <span class='ocrx_word' id='word_1_123' title='bbox 631 1840 716 1897; x_wconf 78' lang='grc' dir='ltr'><strong>ἵνα</strong></span> <span class='ocrx_word' id='word_1_124' title='bbox 754 1842 859 1911; x_wconf 83' lang='grc' dir='ltr'><strong>δῷς</strong></span> <span class='ocrx_word' id='word_1_125' title='bbox 890 1843 1038 1915; x_wconf 82' lang='grc' dir='ltr'>αύτῷ</span> <span class='ocrx_word' id='word_1_126' title='bbox 1075 1844 1173 1915; x_wconf 83' lang='grc' dir='ltr'>τὴν</span> <span class='ocrx_word' id='word_1_127' title='bbox 1214 1845 1424 1898; x_wconf 76' lang='grc' dir='ltr'>οἰκείαν</span> <span class='ocrx_word' id='word_1_128' title='bbox 1460 1846 1873 1916; x_wconf 82' lang='grc' dir='ltr'>φιλανθρωπίαν</span> 
     </span>
    </p>
   </div>
   <div class='ocr_carea' id='block_1_21' title="bbox 286 1930 1876 2007">
    <p class='ocr_par' dir='ltr' id='par_1_21' title="bbox 286 1930 1876 2007">
     <span class='ocr_line' id='line_1_21' title="bbox 286 1930 1876 2007; baseline 0.008 -27"><span class='ocrx_word' id='word_1_129' title='bbox 286 1930 345 1982; x_wconf 84' lang='grc' dir='ltr'>ὲν</span> <span class='ocrx_word' id='word_1_130' title='bbox 382 1932 450 2000; x_wconf 80' lang='grc' dir='ltr'>τῇ</span> <span class='ocrx_word' id='word_1_131' title='bbox 486 1934 832 2003; x_wconf 75' lang='grc' dir='ltr'>συγχωρήσει</span> <span class='ocrx_word' id='word_1_132' title='bbox 880 1935 990 1989; x_wconf 79' lang='grc' dir='ltr'><strong>τῶν</strong></span> <span class='ocrx_word' id='word_1_133' title='bbox 1043 1936 1153 1989; x_wconf 83' lang='grc' dir='ltr'>σῶν</span> <span class='ocrx_word' id='word_1_134' title='bbox 1202 1937 1623 2007; x_wconf 70' lang='grc' dir='ltr'>ἁμαρτημάτων</span> <span class='ocrx_word' id='word_1_135' title='bbox 1673 1939 1876 1992; x_wconf 75' lang='grc' dir='ltr'>ἐπιδεί-</span> 
     </span>
    </p>
   </div>
   <div class='ocr_carea' id='block_1_22' title="bbox 286 2018 1872 2098">
    <p class='ocr_par' dir='ltr' id='par_1_22' title="bbox 286 2018 1872 2098">
     <span class='ocr_line' id='line_1_22' title="bbox 286 2018 1872 2098; baseline 0.008 -28"><span class='ocrx_word' id='word_1_136' title='bbox 286 2018 522 2081; x_wconf 83' lang='grc' dir='ltr'>ξασθαι·</span> <span class='ocrx_word' id='word_1_137' title='bbox 572 2021 648 2086; x_wconf 81' lang='grc' dir='ltr'>ὡς</span> <span class='ocrx_word' id='word_1_138' title='bbox 702 2024 799 2077; x_wconf 81' lang='grc' dir='ltr'><strong>ἐὰν</strong></span> <span class='ocrx_word' id='word_1_139' title='bbox 865 2025 1109 2098; x_wconf 74' lang='grc' dir='ltr'>φοϐηθῇς</span> <span class='ocrx_word' id='word_1_140' title='bbox 1170 2027 1512 2096; x_wconf 79' lang='grc' dir='ltr'>προσελθεῖν,</span> <span class='ocrx_word' id='word_1_141' title='bbox 1560 2030 1872 2093; x_wconf 72' lang='grc' dir='ltr'>ὲνεπόδισας</span> 
     </span>
    </p>
   </div>
   <div class='ocr_carea' id='block_1_23' title="bbox 285 2110 1873 2191">
    <p class='ocr_par' dir='ltr' id='par_1_23' title="bbox 285 2110 1873 2191">
     <span class='ocr_line' id='line_1_23' title="bbox 285 2110 1873 2191; baseline 0.009 -31"><span class='ocrx_word' id='word_1_142' title='bbox 285 2110 455 2171; x_wconf 77' lang='grc' dir='ltr'>αὑτοῦ</span> <span class='ocrx_word' id='word_1_143' title='bbox 484 2113 552 2183; x_wconf 76' lang='grc' dir='ltr'>τῇ</span> <span class='ocrx_word' id='word_1_144' title='bbox 584 2112 904 2188; x_wconf 83' lang='grc' dir='ltr'>ἀγαθότητι,</span> <span class='ocrx_word' id='word_1_145' title='bbox 943 2116 1276 2183; x_wconf 80' lang='grc' dir='ltr'>διεκώλυσας</span> <span class='ocrx_word' id='word_1_146' title='bbox 1307 2118 1470 2176; x_wconf 76' lang='grc' dir='ltr'>αὑτὸν</span> <span class='ocrx_word' id='word_1_147' title='bbox 1505 2123 1602 2191; x_wconf 86' lang='grc' dir='ltr'>τῆς</span> <span class='ocrx_word' id='word_1_148' title='bbox 1641 2121 1873 2191; x_wconf 82' lang='grc' dir='ltr'>χρηστό-</span> 
     </span>
    </p>
   </div>
   <div class='ocr_carea' id='block_1_24' title="bbox 283 2202 1233 2289">
    <p class='ocr_par' dir='ltr' id='par_1_24' title="bbox 283 2202 1233 2289">
     <span class='ocr_line' id='line_1_24' title="bbox 283 2202 1233 2289; baseline 0.013 -37"><span class='ocrx_word' id='word_1_149' title='bbox 283 2217 446 2271; x_wconf 83' lang='grc' dir='ltr'>τητος</span> <span class='ocrx_word' id='word_1_150' title='bbox 472 2203 658 2289; x_wconf 75' lang='grc' dir='ltr'>αὐτρῦ,</span> <span class='ocrx_word' id='word_1_151' title='bbox 680 2207 740 2259; x_wconf 86' lang='grc' dir='ltr'>τό</span> <span class='ocrx_word' id='word_1_152' title='bbox 762 2223 826 2275; x_wconf 91' lang='grc' dir='ltr'><strong>γε</strong></span> <span class='ocrx_word' id='word_1_153' title='bbox 858 2208 949 2261; x_wconf 79' lang='grc' dir='ltr'>ἐπὶ</span> <span class='ocrx_word' id='word_1_154' title='bbox 973 2209 1057 2263; x_wconf 74' lang='grc' dir='ltr'><strong>σοι</strong></span> <span class='ocrx_word' id='word_1_155' title='bbox 1077 2202 1233 2278; x_wconf 75' lang='grc' dir='ltr'>ἧκον.</span> 
     </span>
    </p>
   </div>
   <div class='ocr_carea' id='block_1_25' title="bbox 368 2294 1871 2376">
    <p class='ocr_par' dir='ltr' id='par_1_25' title="bbox 368 2294 1871 2376">
     <span class='ocr_line' id='line_1_25' title="bbox 368 2294 1871 2376; baseline 0.038 -65"><span class='ocrx_word' id='word_1_156' title='bbox 368 2294 437 2347; x_wconf 66' lang='grc' dir='ltr'><strong>,Η</strong></span> <span class='ocrx_word' id='word_1_157' title='bbox 481 2295 727 2367; x_wconf 68' lang='grc' dir='ltr'>ἁμαρτία</span> <span class='ocrx_word' id='word_1_158' title='bbox 770 2298 1189 2374; x_wconf 65' lang='grc' dir='ltr'><strong>ὁμολογουμένη</strong></span> <span class='ocrx_word' id='word_1_159' title='bbox 1219 2302 1457 2359; x_wconf 73' lang='grc' dir='ltr'>ἐλάττων</span> <span class='ocrx_word' id='word_1_160' title='bbox 1500 2308 1710 2372; x_wconf 73' lang='grc' dir='ltr'>γίνεται</span> <span class='ocrx_word' id='word_1_161' title='bbox 1737 2322 1752 2338; x_wconf 82' lang='grc'><strong>⁸</strong></span> <span class='ocrx_word' id='word_1_162' title='bbox 1793 2306 1871 2376; x_wconf 83' lang='grc' dir='ltr'>μὴ</span> 
     </span>
    </p>
   </div>
   <div class='ocr_carea' id='block_1_26' title="bbox 282 2383 1054 2462">
    <p class='ocr_par' dir='ltr' id='par_1_26' title="bbox 282 2383 1054 2462">
     <span class='ocr_line' id='line_1_26' title="bbox 282 2383 1054 2462; baseline 0.013 -26"><span class='ocrx_word' id='word_1_163' title='bbox 282 2383 697 2462; x_wconf 77' lang='grc' dir='ltr'>ὁμολογουμένη</span> <span class='ocrx_word' id='word_1_164' title='bbox 729 2389 810 2456; x_wconf 80' lang='grc' dir='ltr'>δὲ,</span> <span class='ocrx_word' id='word_1_165' title='bbox 832 2392 1054 2462; x_wconf 76' lang='grc' dir='ltr'>χείρων.</span> 
     </span>
    </p>
   </div>
   <div class='ocr_carea' id='block_1_27' title="bbox 352 2480 1866 2564">
    <p class='ocr_par' dir='ltr' id='par_1_27' title="bbox 352 2480 1866 2564">
     <span class='ocr_line' id='line_1_27' title="bbox 352 2480 1866 2564; baseline 0.011 -31"><span class='ocrx_word' id='word_1_166' title='bbox 352 2480 512 2547; x_wconf 78' lang='grc' dir='ltr'>Μέγα</span> <span class='ocrx_word' id='word_1_167' title='bbox 551 2482 757 2551; x_wconf 80' lang='grc' dir='ltr'>ἀγαθὸν</span> <span class='ocrx_word' id='word_1_168' title='bbox 802 2485 863 2538; x_wconf 76' lang='grc' dir='ltr'><strong>τὸ</strong></span> <span class='ocrx_word' id='word_1_169' title='bbox 910 2488 1299 2554; x_wconf 75' lang='grc' dir='ltr'>ἐπιγινώσκειν</span> <span class='ocrx_word' id='word_1_170' title='bbox 1351 2491 1421 2545; x_wconf 71' lang='grc' dir='ltr'>τὰ</span> <span class='ocrx_word' id='word_1_171' title='bbox 1467 2491 1866 2564; x_wconf 84' lang='grc' dir='ltr'>ἁμαρτήματα,</span> 
     </span>
    </p>
   </div>
   <div class='ocr_carea' id='block_1_28' title="bbox 286 2570 1866 2646">
    <p class='ocr_par' dir='ltr' id='par_1_28' title="bbox 286 2570 1866 2646">
     <span class='ocr_line' id='line_1_28' title="bbox 286 2570 1866 2646; baseline 0.011 -25"><span class='ocrx_word' id='word_1_172' title='bbox 286 2570 380 2623; x_wconf 79' lang='grc' dir='ltr'>καὶ</span> <span class='ocrx_word' id='word_1_173' title='bbox 428 2573 837 2641; x_wconf 84' lang='grc' dir='ltr'>μιμνήσκεσθαι</span> <span class='ocrx_word' id='word_1_174' title='bbox 882 2576 1065 2630; x_wconf 76' lang='grc' dir='ltr'>αὐτῶν</span> <span class='ocrx_word' id='word_1_175' title='bbox 1131 2578 1418 2646; x_wconf 87' lang='grc' dir='ltr'>διηνεκῶς.</span> <span class='ocrx_word' id='word_1_176' title='bbox 1475 2582 1645 2635; x_wconf 76' lang='grc' dir='ltr'>Οὐδὲν</span> <span class='ocrx_word' id='word_1_177' title='bbox 1693 2583 1866 2646; x_wconf 75' lang='grc' dir='ltr'>οὕτως</span> 
     </span>
    </p>
   </div>
   <div class='ocr_carea' id='block_1_29' title="bbox 285 2663 1865 2748">
    <p class='ocr_par' dir='ltr' id='par_1_29' title="bbox 285 2663 1865 2748">
     <span class='ocr_line' id='line_1_29' title="bbox 285 2663 1865 2748; baseline 0.01 -33"><span class='ocrx_word' id='word_1_178' title='bbox 285 2663 583 2734; x_wconf 73' lang='grc' dir='ltr'>θεραπεύει</span> <span class='ocrx_word' id='word_1_179' title='bbox 616 2666 1024 2738; x_wconf 81' lang='grc' dir='ltr'>πλημμέλειαν,</span> <span class='ocrx_word' id='word_1_180' title='bbox 1053 2672 1129 2736; x_wconf 85' lang='grc' dir='ltr'><strong>ὡς</strong></span> <span class='ocrx_word' id='word_1_181' title='bbox 1167 2677 1357 2745; x_wconf 81' lang='grc' dir='ltr'>μνήμη</span> <span class='ocrx_word' id='word_1_182' title='bbox 1380 2676 1644 2748; x_wconf 84' lang='grc' dir='ltr'>διηνεκῶς</span> <span class='ocrx_word' id='word_1_183' title='bbox 1667 2694 1680 2706; x_wconf 91' lang='grc'><strong>·</strong></span> <span class='ocrx_word' id='word_1_184' title='bbox 1713 2678 1865 2733; x_wconf 82' lang='grc' dir='ltr'>οὐδὲν</span> 
     </span>
    </p>
   </div>
   <div class='ocr_carea' id='block_1_30' title="bbox 280 2754 1865 2835">
    <p class='ocr_par' dir='ltr' id='par_1_30' title="bbox 280 2754 1865 2835">
     <span class='ocr_line' id='line_1_30' title="bbox 280 2754 1865 2835; baseline 0.007 -26"><span class='ocrx_word' id='word_1_185' title='bbox 280 2754 459 2819; x_wconf 66' lang='grc' dir='ltr'>οὕτως</span> <span class='ocrx_word' id='word_1_186' title='bbox 510 2756 740 2828; x_wconf 56' lang='grc' dir='ltr'>ὀκνηρὸν</span> <span class='ocrx_word' id='word_1_187' title='bbox 774 2759 1062 2831; x_wconf 72' lang='grc' dir='ltr'>ἄνθρωπον</span> <span class='ocrx_word' id='word_1_188' title='bbox 1118 2768 1260 2819; x_wconf 84' lang='grc' dir='ltr'><strong>ποιεί</strong></span> <span class='ocrx_word' id='word_1_189' title='bbox 1312 2767 1448 2835; x_wconf 74' lang='grc' dir='ltr'>πρὸς</span> <span class='ocrx_word' id='word_1_190' title='bbox 1500 2768 1715 2822; x_wconf 85' lang='grc' dir='ltr'>κακίαν.</span> <span class='ocrx_word' id='word_1_191' title='bbox 1766 2767 1865 2820; x_wconf 80' lang='grc' dir='ltr'>Ἂν</span> 
     </span>
    </p>
   </div>
   <div class='ocr_carea' id='block_1_31' title="bbox 280 2846 1863 2930">
    <p class='ocr_par' dir='ltr' id='par_1_31' title="bbox 280 2846 1863 2930">
     <span class='ocr_line' id='line_1_31' title="bbox 280 2846 1863 2930; baseline 0.01 -33"><span class='ocrx_word' id='word_1_192' title='bbox 280 2846 412 2919; x_wconf 75' lang='grc' dir='ltr'>ἔχῃς</span> <span class='ocrx_word' id='word_1_193' title='bbox 463 2847 531 2899; x_wconf 83' lang='grc' dir='ltr'><strong>τά</strong></span> <span class='ocrx_word' id='word_1_194' title='bbox 577 2848 955 2921; x_wconf 79' lang='grc' dir='ltr'>ἁμαρτήματα</span> <span class='ocrx_word' id='word_1_195' title='bbox 995 2853 1261 2923; x_wconf 84' lang='grc' dir='ltr'>διηνεκῶς</span> <span class='ocrx_word' id='word_1_196' title='bbox 1307 2856 1365 2909; x_wconf 83' lang='grc' dir='ltr'>ὲν</span> <span class='ocrx_word' id='word_1_197' title='bbox 1414 2860 1478 2928; x_wconf 71' lang='grc' dir='ltr'>τῇ</span> <span class='ocrx_word' id='word_1_198' title='bbox 1536 2861 1743 2930; x_wconf 79' lang='grc' dir='ltr'>μνήμῃ,</span> <span class='ocrx_word' id='word_1_199' title='bbox 1770 2859 1863 2913; x_wconf 66' lang='grc' dir='ltr'><strong>οὐ⁹</strong></span> 
     </span>
    </p>
   </div>
   <div class='ocr_carea' id='block_1_32' title="bbox 280 2940 1863 3021">
    <p class='ocr_par' dir='ltr' id='par_1_32' title="bbox 280 2940 1863 3021">
     <span class='ocr_line' id='line_1_32' title="bbox 280 2940 1863 3021; baseline 0.009 -30"><span class='ocrx_word' id='word_1_200' title='bbox 280 2940 472 2993; x_wconf 83' lang='grc' dir='ltr'>δὲποτε</span> <span class='ocrx_word' id='word_1_201' title='bbox 507 2941 583 3011; x_wconf 85' lang='grc' dir='ltr'>τῷ</span> <span class='ocrx_word' id='word_1_202' title='bbox 626 2942 853 3012; x_wconf 79' lang='grc' dir='ltr'>πλησίον</span> <span class='ocrx_word' id='word_1_203' title='bbox 903 2948 1356 3018; x_wconf 72' lang='grc' dir='ltr'>μνησικακήσειε,</span> <span class='ocrx_word' id='word_1_204' title='bbox 1398 2950 1656 3005; x_wconf 76' lang='grc' dir='ltr'>οὐδέποτε</span> <span class='ocrx_word' id='word_1_205' title='bbox 1709 2954 1863 3021; x_wconf 64' lang='grc' dir='ltr'>ὀργιε-</span> 
     </span>
    </p>
   </div>
   <div class='ocr_carea' id='block_1_33' title="bbox 282 3033 1858 3113">
    <p class='ocr_par' dir='ltr' id='par_1_33' title="bbox 282 3033 1858 3113">
     <span class='ocr_line' id='line_1_33' title="bbox 282 3033 1858 3113; baseline 0.007 -27"><span class='ocrx_word' id='word_1_206' title='bbox 282 3033 484 3104; x_wconf 78' lang='grc' dir='ltr'>σθήσῃ,</span> <span class='ocrx_word' id='word_1_207' title='bbox 539 3035 796 3089; x_wconf 81' lang='grc' dir='ltr'>οὐδέποτε</span> <span class='ocrx_word' id='word_1_208' title='bbox 848 3037 1204 3109; x_wconf 76' lang='grc' dir='ltr'>λοιδορήσεις,</span> <span class='ocrx_word' id='word_1_209' title='bbox 1249 3041 1310 3093; x_wconf 82' lang='grc' dir='ltr'>οὐ</span> <span class='ocrx_word' id='word_1_210' title='bbox 1350 3042 1644 3112; x_wconf 77' lang='grc' dir='ltr'>φρονήσεις</span> <span class='ocrx_word' id='word_1_211' title='bbox 1694 3045 1858 3113; x_wconf 74' lang='grc' dir='ltr'>μέγα,</span> 
     </span>
    </p>
   </div>
   <div class='ocr_carea' id='block_1_34' title="bbox 1987 572 2939 642">
    <p class='ocr_par' dir='ltr' id='par_1_34' title="bbox 1987 572 2939 642">
     <span class='ocr_line' id='line_1_34' title="bbox 1987 572 2939 642; baseline 0.013 -25"><span class='ocrx_word' id='word_1_212' title='bbox 1987 572 2170 620; x_wconf 86' lang='lat' dir='ltr'><strong>autem</strong></span> <span class='ocrx_word' id='word_1_213' title='bbox 2206 578 2523 626; x_wconf 87' lang='lat' dir='ltr'><strong>constantes</strong></span> <span class='ocrx_word' id='word_1_214' title='bbox 2551 586 2673 627; x_wconf 87' lang='lat' dir='ltr'><strong>esse</strong></span> <span class='ocrx_word' id='word_1_215' title='bbox 2701 582 2939 642; x_wconf 84' lang='lat' dir='ltr'><strong>oportet.</strong></span> 
     </span>
    </p>
   </div>
   <div class='ocr_carea' id='block_1_35' title="bbox 2058 734 3572 821">
    <p class='ocr_par' dir='ltr' id='par_1_35' title="bbox 2058 734 3572 821">
     <span class='ocr_line' id='line_1_35' title="bbox 2058 734 3572 821; baseline 0.007 -31"><span class='ocrx_word' id='word_1_216' title='bbox 2058 734 2165 815; x_wconf 77' lang='lat'><strong>35</strong></span> <span class='ocrx_word' id='word_1_217' title='bbox 2199 737 2317 794; x_wconf 86' lang='lat' dir='ltr'><strong>Non</strong></span> <span class='ocrx_word' id='word_1_218' title='bbox 2352 756 2579 810; x_wconf 85' lang='lat' dir='ltr'><strong>peccare</strong></span> <span class='ocrx_word' id='word_1_219' title='bbox 2606 744 3018 821; x_wconf 74' lang='lat' dir='ltr'><strong>insensibiliter,</strong></span> <span class='ocrx_word' id='word_1_220' title='bbox 3049 746 3143 801; x_wconf 87' lang='lat' dir='ltr'><strong>sed</strong></span> <span class='ocrx_word' id='word_1_221' title='bbox 3183 761 3486 815; x_wconf 75' lang='lat' dir='ltr'><strong>agnoscere</strong></span> <span class='ocrx_word' id='word_1_222' title='bbox 3517 754 3572 800; x_wconf 78' lang='grc' dir='ltr'><strong>ιιι</strong></span> 
     </span>
    </p>
   </div>
   <div class='ocr_carea' id='block_1_36' title="bbox 1984 826 3569 905">
    <p class='ocr_par' dir='ltr' id='par_1_36' title="bbox 1984 826 3569 905">
     <span class='ocr_line' id='line_1_36' title="bbox 1984 826 3569 905; baseline 0.009 -27"><span class='ocrx_word' id='word_1_223' title='bbox 1984 826 2163 881; x_wconf 81' lang='lat' dir='ltr'><strong>videre</strong></span> <span class='ocrx_word' id='word_1_224' title='bbox 2196 829 2448 885; x_wconf 76' lang='lat' dir='ltr'><strong>delictum</strong></span> <span class='ocrx_word' id='word_1_225' title='bbox 2491 848 2674 904; x_wconf 87' lang='lat' dir='ltr'><strong>suum,</strong></span> <span class='ocrx_word' id='word_1_226' title='bbox 2707 850 2813 888; x_wconf 93' lang='lat' dir='ltr'><strong>non</strong></span> <span class='ocrx_word' id='word_1_227' title='bbox 2861 850 3024 905; x_wconf 76' lang='lat' dir='ltr'><strong>parva</strong></span> <span class='ocrx_word' id='word_1_228' title='bbox 3066 852 3155 893; x_wconf 86' lang='lat' dir='ltr'><strong>res</strong></span> <span class='ocrx_word' id='word_1_229' title='bbox 3185 845 3291 899; x_wconf 86' lang='lat' dir='ltr'><strong>est,</strong></span> <span class='ocrx_word' id='word_1_230' title='bbox 3335 836 3447 891; x_wconf 91' lang='lat' dir='ltr'><strong>imo</strong></span> <span class='ocrx_word' id='word_1_231' title='bbox 3483 837 3569 893; x_wconf 84' lang='lat' dir='ltr'><strong>via</strong></span> 
     </span>
    </p>
   </div>
   <div class='ocr_carea' id='block_1_37' title="bbox 1981 921 3565 997">
    <p class='ocr_par' dir='ltr' id='par_1_37' title="bbox 1981 921 3565 997">
     <span class='ocr_line' id='line_1_37' title="bbox 1981 921 3565 997; baseline 0.007 -27"><span class='ocrx_word' id='word_1_232' title='bbox 1981 921 2227 990; x_wconf 69' lang='lat' dir='ltr'><strong>qumdam</strong></span> <span class='ocrx_word' id='word_1_233' title='bbox 2271 932 2324 977; x_wconf 90' lang='lat' dir='ltr'><strong>et</strong></span> <span class='ocrx_word' id='word_1_234' title='bbox 2366 923 2698 993; x_wconf 77' lang='lat' dir='ltr'><strong>principium</strong></span> <span class='ocrx_word' id='word_1_235' title='bbox 2751 925 2961 986; x_wconf 86' lang='lat' dir='ltr'><strong>ducens</strong></span> <span class='ocrx_word' id='word_1_236' title='bbox 2986 930 3091 997; x_wconf 79' lang='lat' dir='ltr'><strong>ad</strong></span> <span class='ocrx_word' id='word_1_237' title='bbox 3125 927 3565 983; x_wconf 92' lang='lat' dir='ltr'><strong>emendationem</strong></span> 
     </span>
    </p>
   </div>
   <div class='ocr_carea' id='block_1_38' title="bbox 1980 1015 2524 1084">
    <p class='ocr_par' dir='ltr' id='par_1_38' title="bbox 1980 1015 2524 1084">
     <span class='ocr_line' id='line_1_38' title="bbox 1980 1015 2524 1084; baseline 0.013 -17"><span class='ocrx_word' id='word_1_238' title='bbox 1980 1023 2035 1068; x_wconf 92' lang='lat' dir='ltr'><strong>ct</strong></span> <span class='ocrx_word' id='word_1_239' title='bbox 2061 1015 2524 1084; x_wconf 52' lang='lat' dir='ltr'><strong>reripisceutiam.</strong></span> 
     </span>
    </p>
   </div>
   <div class='ocr_carea' id='block_1_39' title="bbox 2048 1104 3567 1183">
    <p class='ocr_par' dir='ltr' id='par_1_39' title="bbox 2048 1104 3567 1183">
     <span class='ocr_line' id='line_1_39' title="bbox 2048 1104 3567 1183; baseline 0.007 -24"><span class='ocrx_word' id='word_1_240' title='bbox 2048 1104 2318 1176; x_wconf 73' lang='lat' dir='ltr'><strong>Chrysosl.</strong></span> <span class='ocrx_word' id='word_1_241' title='bbox 2375 1108 2511 1163; x_wconf 89' lang='lat' dir='ltr'>Dum</span> <span class='ocrx_word' id='word_1_242' title='bbox 2560 1116 2778 1180; x_wconf 84' lang='lat' dir='ltr'><strong>tempus</strong></span> <span class='ocrx_word' id='word_1_243' title='bbox 2819 1126 2921 1167; x_wconf 90' lang='lat' dir='ltr'><strong>nos</strong></span> <span class='ocrx_word' id='word_1_244' title='bbox 2970 1112 3128 1180; x_wconf 71' lang='lat' dir='ltr'><strong>sinit,</strong></span> <span class='ocrx_word' id='word_1_245' title='bbox 3172 1113 3567 1183; x_wconf 76' lang='lat' dir='ltr'><strong>praeveniamus</strong></span> 
     </span>
    </p>
   </div>
   <div class='ocr_carea' id='block_1_40' title="bbox 1983 1192 3559 1273">
    <p class='ocr_par' dir='ltr' id='par_1_40' title="bbox 1983 1192 3559 1273">
     <span class='ocr_line' id='line_1_40' title="bbox 1983 1192 3559 1273; baseline 0.006 -26"><span class='ocrx_word' id='word_1_246' title='bbox 1983 1192 2075 1249; x_wconf 84' lang='lat' dir='ltr'><strong>Dei</strong></span> <span class='ocrx_word' id='word_1_247' title='bbox 2098 1196 2288 1251; x_wconf 77' lang='lat' dir='ltr'><strong>faciem</strong></span> <span class='ocrx_word' id='word_1_248' title='bbox 2317 1199 2684 1265; x_wconf 73' lang='lat' dir='ltr'><strong>confessione,</strong></span> <span class='ocrx_word' id='word_1_249' title='bbox 2711 1211 2771 1255; x_wconf 91' lang='lat' dir='ltr'><strong>ut</strong></span> <span class='ocrx_word' id='word_1_250' title='bbox 2798 1205 2983 1256; x_wconf 90' lang='lat' dir='ltr'><strong>mitem</strong></span> <span class='ocrx_word' id='word_1_251' title='bbox 3008 1213 3060 1258; x_wconf 91' lang='lat' dir='ltr'><strong>et</strong></span> <span class='ocrx_word' id='word_1_252' title='bbox 3088 1202 3358 1273; x_wconf 77' lang='lat' dir='ltr'><strong>placidum</strong></span> <span class='ocrx_word' id='word_1_253' title='bbox 3381 1206 3559 1272; x_wconf 82' lang='lat' dir='ltr'><strong>ipsum</strong></span> 
     </span>
    </p>
   </div>
   <div class='ocr_carea' id='block_1_41' title="bbox 1979 1289 3566 1364">
    <p class='ocr_par' dir='ltr' id='par_1_41' title="bbox 1979 1289 3566 1364">
     <span class='ocr_line' id='line_1_41' title="bbox 1979 1289 3566 1364; baseline 0.006 -26"><span class='ocrx_word' id='word_1_254' title='bbox 1979 1297 2107 1343; x_wconf 89' lang='lat' dir='ltr'><strong>tunc</strong></span> <span class='ocrx_word' id='word_1_255' title='bbox 2137 1289 2442 1356; x_wconf 83' lang='lat' dir='ltr'><strong>videamus,</strong></span> <span class='ocrx_word' id='word_1_256' title='bbox 2485 1303 2540 1347; x_wconf 89' lang='lat' dir='ltr'><strong>et</strong></span> <span class='ocrx_word' id='word_1_257' title='bbox 2573 1295 2815 1351; x_wconf 83' lang='lat' dir='ltr'><strong>minaces</strong></span> <span class='ocrx_word' id='word_1_258' title='bbox 2845 1293 2963 1349; x_wconf 83' lang='lat' dir='ltr'><strong>illas</strong></span> <span class='ocrx_word' id='word_1_259' title='bbox 3016 1302 3311 1363; x_wconf 81' lang='lat' dir='ltr'><strong>potestates</strong></span> <span class='ocrx_word' id='word_1_260' title='bbox 3338 1292 3566 1364; x_wconf 70' lang='lat' dir='ltr'><strong>elingia-</strong></span> 
     </span>
    </p>
   </div>
   <div class='ocr_carea' id='block_1_42' title="bbox 1978 1397 2122 1443">
    <p class='ocr_par' dir='ltr' id='par_1_42' title="bbox 1978 1397 2122 1443">
     <span class='ocr_line' id='line_1_42' title="bbox 1978 1397 2122 1443; baseline 0.014 -9"><span class='ocrx_word' id='word_1_261' title='bbox 1978 1397 2122 1443; x_wconf 68' lang='lat' dir='ltr'><strong>IDUS.</strong></span> 
     </span>
    </p>
   </div>
   <div class='ocr_carea' id='block_1_43' title="bbox 2044 1470 3560 1546">
    <p class='ocr_par' dir='ltr' id='par_1_43' title="bbox 2044 1470 3560 1546">
     <span class='ocr_line' id='line_1_43' title="bbox 2044 1470 3560 1546; baseline 0.005 -21"><span class='ocrx_word' id='word_1_262' title='bbox 2044 1470 2162 1527; x_wconf 84' lang='lat' dir='ltr'><strong>Non</strong></span> <span class='ocrx_word' id='word_1_263' title='bbox 2199 1482 2309 1528; x_wconf 76' lang='lat' dir='ltr'><strong>tam</strong></span> <span class='ocrx_word' id='word_1_264' title='bbox 2352 1476 2573 1530; x_wconf 74' lang='lat' dir='ltr'><strong>noxium</strong></span> <span class='ocrx_word' id='word_1_265' title='bbox 2617 1488 2704 1532; x_wconf 84' lang='lat' dir='ltr'><strong>est</strong></span> <span class='ocrx_word' id='word_1_266' title='bbox 2733 1476 2996 1532; x_wconf 84' lang='lat' dir='ltr'><strong>certando</strong></span> <span class='ocrx_word' id='word_1_267' title='bbox 3038 1476 3340 1542; x_wconf 84' lang='lat' dir='ltr'><strong>vulnerari,</strong></span> <span class='ocrx_word' id='word_1_268' title='bbox 3397 1490 3560 1546; x_wconf 88' lang='lat' dir='ltr'><strong>quam</strong></span> 
     </span>
    </p>
   </div>
   <div class='ocr_carea' id='block_1_44' title="bbox 1974 1564 3208 1639">
    <p class='ocr_par' dir='ltr' id='par_1_44' title="bbox 1974 1564 3208 1639">
     <span class='ocr_line' id='line_1_44' title="bbox 1974 1564 3208 1639; baseline 0.006 -23"><span class='ocrx_word' id='word_1_269' title='bbox 1974 1564 2173 1620; x_wconf 83' lang='lat' dir='ltr'><strong>vulnus</strong></span> <span class='ocrx_word' id='word_1_270' title='bbox 2209 1567 2473 1622; x_wconf 78' lang='lat' dir='ltr'><strong>indictum</strong></span> <span class='ocrx_word' id='word_1_271' title='bbox 2503 1569 2776 1639; x_wconf 80' lang='lat' dir='ltr'><strong>negligere</strong></span> <span class='ocrx_word' id='word_1_272' title='bbox 2809 1579 2862 1623; x_wconf 88' lang='lat' dir='ltr'><strong>et</strong></span> <span class='ocrx_word' id='word_1_273' title='bbox 2892 1570 3208 1639; x_wconf 84' lang='lat' dir='ltr'><strong>desperare.</strong></span> 
     </span>
    </p>
   </div>
   <div class='ocr_carea' id='block_1_45' title="bbox 2044 1655 3562 1732">
    <p class='ocr_par' dir='ltr' id='par_1_45' title="bbox 2044 1655 3562 1732">
     <span class='ocr_line' id='line_1_45' title="bbox 2044 1655 3562 1732; baseline 0.011 -23"><span class='ocrx_word' id='word_1_274' title='bbox 2044 1655 2122 1710; x_wconf 79' lang='lat' dir='ltr'><strong>Ne</strong></span> <span class='ocrx_word' id='word_1_275' title='bbox 2151 1657 2406 1731; x_wconf 90' lang='lat' dir='ltr'><strong>desperes</strong></span> <span class='ocrx_word' id='word_1_276' title='bbox 2435 1660 2622 1727; x_wconf 77' lang='lat' dir='ltr'><strong>igitur,</strong></span> <span class='ocrx_word' id='word_1_277' title='bbox 2655 1676 2755 1716; x_wconf 90' lang='lat' dir='ltr'><strong>nec</strong></span> <span class='ocrx_word' id='word_1_278' title='bbox 2799 1677 2829 1717; x_wconf 90' lang='lat' dir='ltr'><strong>a</strong></span> <span class='ocrx_word' id='word_1_279' title='bbox 2861 1663 3118 1732; x_wconf 86' lang='lat' dir='ltr'><strong>precibus</strong></span> <span class='ocrx_word' id='word_1_280' title='bbox 3161 1664 3421 1729; x_wconf 88' lang='lat' dir='ltr'><strong>desistas,</strong></span> <span class='ocrx_word' id='word_1_281' title='bbox 3466 1664 3562 1725; x_wconf 81' lang='lat' dir='ltr'><strong>sed</strong></span> 
     </span>
    </p>
   </div>
   <div class='ocr_carea' id='block_1_46' title="bbox 1975 1753 3562 1830">
    <p class='ocr_par' dir='ltr' id='par_1_46' title="bbox 1975 1753 3562 1830">
     <span class='ocr_line' id='line_1_46' title="bbox 1975 1753 3562 1830; baseline 0.004 -29"><span class='ocrx_word' id='word_1_282' title='bbox 1975 1759 2229 1817; x_wconf 63' lang='lat' dir='ltr'><strong>peccator</strong></span> <span class='ocrx_word' id='word_1_283' title='bbox 2257 1768 2380 1805; x_wconf 87' lang='lat' dir='ltr'><strong>cum</strong></span> <span class='ocrx_word' id='word_1_284' title='bbox 2433 1753 2535 1818; x_wconf 85' lang='lat' dir='ltr'><strong>sis,</strong></span> <span class='ocrx_word' id='word_1_285' title='bbox 2584 1754 2782 1809; x_wconf 85' lang='lat' dir='ltr'><strong>accede</strong></span> <span class='ocrx_word' id='word_1_286' title='bbox 2834 1763 2894 1808; x_wconf 90' lang='lat' dir='ltr'><strong>ut</strong></span> <span class='ocrx_word' id='word_1_287' title='bbox 2945 1754 3219 1830; x_wconf 75' lang='lat' dir='ltr'><strong>ngrilices</strong></span> <span class='ocrx_word' id='word_1_288' title='bbox 3274 1757 3562 1810; x_wconf 86' lang='lat' dir='ltr'><strong>Dominum</strong></span> 
     </span>
    </p>
   </div>
   <div class='ocr_carea' id='block_1_47' title="bbox 1978 1845 3562 1916">
    <p class='ocr_par' dir='ltr' id='par_1_47' title="bbox 1978 1845 3562 1916">
     <span class='ocr_line' id='line_1_47' title="bbox 1978 1845 3562 1916; baseline 0.006 -26"><span class='ocrx_word' id='word_1_289' title='bbox 1978 1849 2154 1907; x_wconf 87' lang='lat' dir='ltr'><strong>tuum,</strong></span> <span class='ocrx_word' id='word_1_290' title='bbox 2194 1851 2248 1897; x_wconf 87' lang='lat' dir='ltr'><strong>et</strong></span> <span class='ocrx_word' id='word_1_291' title='bbox 2296 1845 2641 1900; x_wconf 80' lang='lat' dir='ltr'><strong>occasionem</strong></span> <span class='ocrx_word' id='word_1_292' title='bbox 2684 1849 2730 1899; x_wconf 88' lang='lat' dir='ltr'><strong>ei</strong></span> <span class='ocrx_word' id='word_1_293' title='bbox 2781 1847 3022 1916; x_wconf 56' lang='lat' dir='ltr'><strong>praebeas</strong></span> <span class='ocrx_word' id='word_1_294' title='bbox 3067 1846 3381 1905; x_wconf 81' lang='lat' dir='ltr'><strong>declarandi</strong></span> <span class='ocrx_word' id='word_1_295' title='bbox 3414 1848 3562 1902; x_wconf 61' lang='lat' dir='ltr'><strong>nati.</strong></span> 
     </span>
    </p>
   </div>
   <div class='ocr_carea' id='block_1_48' title="bbox 1975 1934 3559 2005">
    <p class='ocr_par' dir='ltr' id='par_1_48' title="bbox 1975 1934 3559 2005">
     <span class='ocr_line' id='line_1_48' title="bbox 1975 1934 3559 2005; baseline 0.004 -19"><span class='ocrx_word' id='word_1_296' title='bbox 1975 1948 2095 1987; x_wconf 83' lang='lat' dir='ltr'><strong>vam</strong></span> <span class='ocrx_word' id='word_1_297' title='bbox 2129 1934 2516 2005; x_wconf 82' lang='lat' dir='ltr'><strong>benignitatem</strong></span> <span class='ocrx_word' id='word_1_298' title='bbox 2542 1952 2699 1995; x_wconf 84' lang='lat' dir='ltr'><strong>suam</strong></span> <span class='ocrx_word' id='word_1_299' title='bbox 2740 1939 2797 1999; x_wconf 83' lang='lat' dir='ltr'><strong>in</strong></span> <span class='ocrx_word' id='word_1_300' title='bbox 2821 1939 3085 1995; x_wconf 82' lang='lat' dir='ltr'><strong>scelerum</strong></span> <span class='ocrx_word' id='word_1_301' title='bbox 3112 1947 3332 1997; x_wconf 89' lang='lat' dir='ltr'><strong>tuorum</strong></span> <span class='ocrx_word' id='word_1_302' title='bbox 3363 1940 3559 1996; x_wconf 85' lang='lat' dir='ltr'><strong>remis-</strong></span> 
     </span>
    </p>
   </div>
   <div class='ocr_carea' id='block_1_49' title="bbox 1973 2027 3560 2102">
    <p class='ocr_par' dir='ltr' id='par_1_49' title="bbox 1973 2027 3560 2102">
     <span class='ocr_line' id='line_1_49' title="bbox 1973 2027 3560 2102; baseline 0.003 -21"><span class='ocrx_word' id='word_1_303' title='bbox 1973 2027 2128 2081; x_wconf 89' lang='lat' dir='ltr'><strong>sione</strong></span> <span class='ocrx_word' id='word_1_304' title='bbox 2177 2045 2353 2089; x_wconf 85' lang='lat' dir='ltr'><strong>:nam</strong></span> <span class='ocrx_word' id='word_1_305' title='bbox 2394 2031 2440 2085; x_wconf 90' lang='lat' dir='ltr'><strong>si</strong></span> <span class='ocrx_word' id='word_1_306' title='bbox 2470 2031 2685 2089; x_wconf 79' lang='lat' dir='ltr'><strong>dubites</strong></span> <span class='ocrx_word' id='word_1_307' title='bbox 2727 2034 3007 2097; x_wconf 84' lang='lat' dir='ltr'><strong>accedere,</strong></span> <span class='ocrx_word' id='word_1_308' title='bbox 3057 2032 3355 2087; x_wconf 90' lang='lat' dir='ltr'><strong>bonitatem</strong></span> <span class='ocrx_word' id='word_1_309' title='bbox 3388 2032 3560 2102; x_wconf 83' lang='lat' dir='ltr'><strong>ipsius</strong></span> 
     </span>
    </p>
   </div>
   <div class='ocr_carea' id='block_1_50' title="bbox 1998 2122 3559 2199">
    <p class='ocr_par' dir='ltr' id='par_1_50' title="bbox 1998 2122 3559 2199">
     <span class='ocr_line' id='line_1_50' title="bbox 1998 2122 3559 2199; baseline 0.003 -27"><span class='ocrx_word' id='word_1_310' title='bbox 1998 2122 2328 2189; x_wconf 84' lang='lat' dir='ltr'><strong>mpedivisti,</strong></span> <span class='ocrx_word' id='word_1_311' title='bbox 2393 2131 2448 2177; x_wconf 87' lang='lat' dir='ltr'><strong>et</strong></span> <span class='ocrx_word' id='word_1_312' title='bbox 2494 2122 2881 2194; x_wconf 81' lang='lat' dir='ltr'><strong>benignitatem</strong></span> <span class='ocrx_word' id='word_1_313' title='bbox 2941 2131 3207 2194; x_wconf 89' lang='lat' dir='ltr'><strong>quantum</strong></span> <span class='ocrx_word' id='word_1_314' title='bbox 3264 2123 3318 2199; x_wconf 88' lang='lat' dir='ltr'><strong>in</strong></span> <span class='ocrx_word' id='word_1_315' title='bbox 3376 2124 3559 2180; x_wconf 44' lang='lat' dir='ltr'><strong>te&#39;cst</strong></span> 
     </span>
    </p>
   </div>
   <div class='ocr_carea' id='block_1_51' title="bbox 1974 2212 2325 2280">
    <p class='ocr_par' dir='ltr' id='par_1_51' title="bbox 1974 2212 2325 2280">
     <span class='ocr_line' id='line_1_51' title="bbox 1974 2212 2325 2280; baseline 0.014 -18"><span class='ocrx_word' id='word_1_316' title='bbox 1974 2212 2325 2280; x_wconf 89' lang='lat' dir='ltr'><strong>prohibuisti.</strong></span> 
     </span>
    </p>
   </div>
   <div class='ocr_carea' id='block_1_52' title="bbox 2042 2301 3557 2380">
    <p class='ocr_par' dir='ltr' id='par_1_52' title="bbox 2042 2301 3557 2380">
     <span class='ocr_line' id='line_1_52' title="bbox 2042 2301 3557 2380; baseline 0.005 -23"><span class='ocrx_word' id='word_1_317' title='bbox 2042 2301 2329 2360; x_wconf 68' lang='lat' dir='ltr'><strong>Peccatum</strong></span> <span class='ocrx_word' id='word_1_318' title='bbox 2378 2308 2421 2365; x_wconf 81' lang='lat' dir='ltr'><strong>si</strong></span> <span class='ocrx_word' id='word_1_319' title='bbox 2457 2306 2773 2375; x_wconf 77' lang='lat' dir='ltr'><strong>conﬁteare,</strong></span> <span class='ocrx_word' id='word_1_320' title='bbox 2810 2309 3065 2376; x_wconf 85' lang='lat' dir='ltr'><strong>minues;</strong></span> <span class='ocrx_word' id='word_1_321' title='bbox 3105 2324 3265 2366; x_wconf 86' lang='lat' dir='ltr'><strong>secus</strong></span> <span class='ocrx_word' id='word_1_322' title='bbox 3303 2310 3557 2380; x_wconf 77' lang='lat' dir='ltr'><strong>augebis.</strong></span> 
     </span>
    </p>
   </div>
   <div class='ocr_carea' id='block_1_53' title="bbox 2041 2483 3651 2559">
    <p class='ocr_par' dir='ltr' id='par_1_53' title="bbox 2041 2483 3651 2559">
     <span class='ocr_line' id='line_1_53' title="bbox 2041 2483 3651 2559; baseline 0.001 -22"><span class='ocrx_word' id='word_1_323' title='bbox 2041 2483 2289 2553; x_wconf 76' lang='lat' dir='ltr'><strong>Magnum</strong></span> <span class='ocrx_word' id='word_1_324' title='bbox 2322 2486 2526 2540; x_wconf 90' lang='lat' dir='ltr'><strong>bonum</strong></span> <span class='ocrx_word' id='word_1_325' title='bbox 2556 2496 2637 2541; x_wconf 90' lang='lat' dir='ltr'><strong>est</strong></span> <span class='ocrx_word' id='word_1_326' title='bbox 2662 2502 2959 2557; x_wconf 82' lang='lat' dir='ltr'><strong>agnoscere</strong></span> <span class='ocrx_word' id='word_1_327' title='bbox 2985 2496 3231 2558; x_wconf 84' lang='lat' dir='ltr'><strong>peccata,</strong></span> <span class='ocrx_word' id='word_1_328' title='bbox 3261 2495 3317 2541; x_wconf 85' lang='lat' dir='ltr'><strong>et</strong></span> <span class='ocrx_word' id='word_1_329' title='bbox 3338 2487 3559 2545; x_wconf 82' lang='lat' dir='ltr'><strong>assidue</strong></span> <span class='ocrx_word' id='word_1_330' title='bbox 3630 2543 3651 2559; x_wconf 36' lang='grc' dir='ltr'><em>κ</em></span> 
     </span>
    </p>
   </div>
   <div class='ocr_carea' id='block_1_54' title="bbox 1968 2575 3556 2650">
    <p class='ocr_par' dir='ltr' id='par_1_54' title="bbox 1968 2575 3556 2650">
     <span class='ocr_line' id='line_1_54' title="bbox 1968 2575 3556 2650; baseline 0.001 -21"><span class='ocrx_word' id='word_1_331' title='bbox 1968 2575 2218 2645; x_wconf 90' lang='lat' dir='ltr'><strong>ipsorum</strong></span> <span class='ocrx_word' id='word_1_332' title='bbox 2277 2580 2614 2635; x_wconf 86' lang='lat' dir='ltr'><strong>meminisse.</strong></span> <span class='ocrx_word' id='word_1_333' title='bbox 2671 2579 2821 2638; x_wconf 67' lang='lat' dir='ltr'><strong>Nihil</strong></span> <span class='ocrx_word' id='word_1_334' title='bbox 2877 2591 2987 2633; x_wconf 86' lang='lat' dir='ltr'><strong>tam</strong></span> <span class='ocrx_word' id='word_1_335' title='bbox 3036 2588 3195 2635; x_wconf 84' lang='lat' dir='ltr'><strong>curat</strong></span> <span class='ocrx_word' id='word_1_336' title='bbox 3244 2585 3556 2650; x_wconf 89' lang='lat' dir='ltr'><strong>peccatum,</strong></span> 
     </span>
    </p>
   </div>
   <div class='ocr_carea' id='block_1_55' title="bbox 1976 2670 3553 2744">
    <p class='ocr_par' dir='ltr' id='par_1_55' title="bbox 1976 2670 3553 2744">
     <span class='ocr_line' id='line_1_55' title="bbox 1976 2670 3553 2744; baseline 0.001 -22"><span class='ocrx_word' id='word_1_337' title='bbox 1976 2686 2138 2744; x_wconf 88' lang='lat' dir='ltr'><strong>quam</strong></span> <span class='ocrx_word' id='word_1_338' title='bbox 2177 2672 2393 2726; x_wconf 84' lang='lat' dir='ltr'><strong>assidua</strong></span> <span class='ocrx_word' id='word_1_339' title='bbox 2429 2672 2718 2738; x_wconf 87' lang='lat' dir='ltr'><strong>memoria,</strong></span> <span class='ocrx_word' id='word_1_340' title='bbox 2751 2686 2851 2727; x_wconf 86' lang='lat' dir='ltr'><strong>nec</strong></span> <span class='ocrx_word' id='word_1_341' title='bbox 2885 2671 3031 2725; x_wconf 85' lang='lat' dir='ltr'><strong>aliud</strong></span> <span class='ocrx_word' id='word_1_342' title='bbox 3066 2671 3203 2726; x_wconf 83' lang='lat' dir='ltr'><strong>adeo</strong></span> <span class='ocrx_word' id='word_1_343' title='bbox 3236 2670 3450 2725; x_wconf 89' lang='lat' dir='ltr'><strong>tardum</strong></span> <span class='ocrx_word' id='word_1_344' title='bbox 3486 2671 3553 2723; x_wconf 87' lang='lat' dir='ltr'><strong>ad</strong></span> 
     </span>
    </p>
   </div>
   <div class='ocr_carea' id='block_1_56' title="bbox 1972 2760 3554 2832">
    <p class='ocr_par' dir='ltr' id='par_1_56' title="bbox 1972 2760 3554 2832">
     <span class='ocr_line' id='line_1_56' title="bbox 1972 2760 3554 2832; baseline -0.001 -16"><span class='ocrx_word' id='word_1_345' title='bbox 1972 2761 2235 2816; x_wconf 83' lang='lat' dir='ltr'><strong>malitiam</strong></span> <span class='ocrx_word' id='word_1_346' title='bbox 2288 2762 2464 2816; x_wconf 86' lang='lat' dir='ltr'><strong>reddit</strong></span> <span class='ocrx_word' id='word_1_347' title='bbox 2514 2762 2814 2818; x_wconf 87' lang='lat' dir='ltr'><strong>hominem.</strong></span> <span class='ocrx_word' id='word_1_348' title='bbox 2864 2762 2922 2817; x_wconf 89' lang='lat' dir='ltr'><strong>Si</strong></span> <span class='ocrx_word' id='word_1_349' title='bbox 2968 2770 3187 2832; x_wconf 74' lang='lat' dir='ltr'><strong>peccata</strong></span> <span class='ocrx_word' id='word_1_350' title='bbox 3233 2761 3465 2816; x_wconf 86' lang='lat' dir='ltr'><strong>subinde</strong></span> <span class='ocrx_word' id='word_1_351' title='bbox 3497 2760 3554 2822; x_wconf 83' lang='lat' dir='ltr'><strong>in</strong></span> 
     </span>
    </p>
   </div>
   <div class='ocr_carea' id='block_1_57' title="bbox 1975 2852 3552 2924">
    <p class='ocr_par' dir='ltr' id='par_1_57' title="bbox 1975 2852 3552 2924">
     <span class='ocr_line' id='line_1_57' title="bbox 1975 2852 3552 2924; baseline 0.001 -16"><span class='ocrx_word' id='word_1_352' title='bbox 1975 2853 2239 2908; x_wconf 86' lang='lat' dir='ltr'><strong>memoria</strong></span> <span class='ocrx_word' id='word_1_353' title='bbox 2273 2852 2481 2919; x_wconf 86' lang='lat' dir='ltr'><strong>volvas,</strong></span> <span class='ocrx_word' id='word_1_354' title='bbox 2508 2869 2787 2923; x_wconf 81' lang='lat' dir='ltr'><strong>nunquam</strong></span> <span class='ocrx_word' id='word_1_355' title='bbox 2820 2854 3198 2910; x_wconf 85' lang='lat' dir='ltr'><strong>recordaberis</strong></span> <span class='ocrx_word' id='word_1_356' title='bbox 3226 2853 3552 2924; x_wconf 84' lang='lat' dir='ltr'><strong>iniuriarum</strong></span> 
     </span>
    </p>
   </div>
   <div class='ocr_carea' id='block_1_58' title="bbox 1964 2946 3551 3017">
    <p class='ocr_par' dir='ltr' id='par_1_58' title="bbox 1964 2946 3551 3017">
     <span class='ocr_line' id='line_1_58' title="bbox 1964 2946 3551 3017; baseline 0.004 -21"><span class='ocrx_word' id='word_1_357' title='bbox 1964 2962 2099 3016; x_wconf 87' lang='lat' dir='ltr'><strong>quas</strong></span> <span class='ocrx_word' id='word_1_358' title='bbox 2135 2946 2416 3016; x_wconf 78' lang='lat' dir='ltr'><strong>proximus</strong></span> <span class='ocrx_word' id='word_1_359' title='bbox 2443 2956 2570 3002; x_wconf 89' lang='lat' dir='ltr'><strong>tuus</strong></span> <span class='ocrx_word' id='word_1_360' title='bbox 2599 2947 2695 3002; x_wconf 90' lang='lat' dir='ltr'><strong>tibi</strong></span> <span class='ocrx_word' id='word_1_361' title='bbox 2724 2946 2936 3015; x_wconf 78' lang='lat' dir='ltr'><strong>fecerit,</strong></span> <span class='ocrx_word' id='word_1_362' title='bbox 2968 2962 3247 3017; x_wconf 83' lang='lat' dir='ltr'><strong>nunquam</strong></span> <span class='ocrx_word' id='word_1_363' title='bbox 3275 2947 3551 3013; x_wconf 79' lang='lat' dir='ltr'><strong>irasceris,</strong></span> 
     </span>
    </p>
   </div>
   <div class='ocr_carea' id='block_1_59' title="bbox 1963 3035 3553 3107">
    <p class='ocr_par' dir='ltr' id='par_1_59' title="bbox 1963 3035 3553 3107">
     <span class='ocr_line' id='line_1_59' title="bbox 1963 3035 3553 3107; baseline 0.001 -19"><span class='ocrx_word' id='word_1_364' title='bbox 1963 3049 2240 3103; x_wconf 76' lang='lat' dir='ltr'><strong>nunquam</strong></span> <span class='ocrx_word' id='word_1_365' title='bbox 2300 3035 2719 3103; x_wconf 88' lang='lat' dir='ltr'><strong>conviciaberis,</strong></span> <span class='ocrx_word' id='word_1_366' title='bbox 2768 3051 2874 3090; x_wconf 90' lang='lat' dir='ltr'><strong>non</strong></span> <span class='ocrx_word' id='word_1_367' title='bbox 2938 3037 3108 3092; x_wconf 87' lang='lat' dir='ltr'><strong>altum</strong></span> <span class='ocrx_word' id='word_1_368' title='bbox 3176 3036 3373 3107; x_wconf 84' lang='lat' dir='ltr'><strong>sapies,</strong></span> <span class='ocrx_word' id='word_1_369' title='bbox 3447 3052 3553 3091; x_wconf 89' lang='lat' dir='ltr'><strong>non</strong></span> 
     </span>
    </p>
   </div>
   <div class='ocr_carea' id='block_1_60' title="bbox 281 3126 1863 3225">
    <p class='ocr_par' dir='ltr' id='par_1_60' title="bbox 281 3126 1858 3210">
     <span class='ocr_line' id='line_1_60' title="bbox 281 3126 1858 3210; baseline 0.008 -34"><span class='ocrx_word' id='word_1_370' title='bbox 281 3126 341 3177; x_wconf 83' lang='grc' dir='ltr'>οὐ</span> <span class='ocrx_word' id='word_1_371' title='bbox 385 3127 678 3194; x_wconf 83' lang='grc' dir='ltr'>περιπεσεῖ</span> <span class='ocrx_word' id='word_1_372' title='bbox 718 3127 880 3182; x_wconf 87' lang='grc' dir='ltr'>πάλιν</span> <span class='ocrx_word' id='word_1_373' title='bbox 925 3130 1041 3192; x_wconf 80' lang='grc' dir='ltr'>τοῖς</span> <span class='ocrx_word' id='word_1_374' title='bbox 1090 3130 1296 3193; x_wconf 79' lang='grc' dir='ltr'>αὐτοῖς.</span> <span class='ocrx_word' id='word_1_375' title='bbox 1343 3132 1471 3184; x_wconf 85' lang='grc' dir='ltr'><strong>Ἐὰν</strong></span> <span class='ocrx_word' id='word_1_376' title='bbox 1520 3133 1627 3203; x_wconf 79' lang='grc' dir='ltr'><strong>γὰρ</strong></span> <span class='ocrx_word' id='word_1_377' title='bbox 1673 3135 1767 3187; x_wconf 82' lang='grc' dir='ltr'>νῦν</span> <span class='ocrx_word' id='word_1_378' title='bbox 1791 3130 1858 3210; x_wconf 79' lang='grc' dir='ltr'>ᾗς</span> 
     </span>
    </p>
   </div>
   <div class='ocr_carea' id='block_1_61' title="bbox 1983 3126 3556 3225">
    <p class='ocr_par' dir='ltr' id='par_1_61' title="bbox 1983 3126 3556 3191">
     <span class='ocr_line' id='line_1_61' title="bbox 1983 3126 3556 3191; baseline 0.003 -11"><span class='ocrx_word' id='word_1_379' title='bbox 1983 3126 2149 3181; x_wconf 79' lang='lat' dir='ltr'><strong>ieuuo</strong></span> <span class='ocrx_word' id='word_1_380' title='bbox 2200 3127 2256 3181; x_wconf 91' lang='lat' dir='ltr'><strong>in</strong></span> <span class='ocrx_word' id='word_1_381' title='bbox 2311 3128 2531 3182; x_wconf 81' lang='lat' dir='ltr'><strong>eosdem</strong></span> <span class='ocrx_word' id='word_1_382' title='bbox 2581 3142 2801 3184; x_wconf 87' lang='lat' dir='ltr'><strong>errores</strong></span> <span class='ocrx_word' id='word_1_383' title='bbox 2839 3128 3066 3185; x_wconf 83' lang='lat' dir='ltr'><strong>incides.</strong></span> <span class='ocrx_word' id='word_1_384' title='bbox 3114 3130 3250 3185; x_wconf 77' lang='lat' dir='ltr'><strong>Nam</strong></span> <span class='ocrx_word' id='word_1_385' title='bbox 3310 3128 3357 3185; x_wconf 85' lang='lat' dir='ltr'><strong>si</strong></span> <span class='ocrx_word' id='word_1_386' title='bbox 3409 3144 3556 3191; x_wconf 86' lang='lat' dir='ltr'><strong>nunc</strong></span> 
     </span>
    </p>
   </div>
   <div class='ocr_carea' id='block_1_62' title="bbox 283 3218 1864 3299">
    <p class='ocr_par' dir='ltr' id='par_1_62' title="bbox 283 3218 1864 3299">
     <span class='ocr_line' id='line_1_62' title="bbox 283 3218 1864 3299; baseline 0.006 -28"><span class='ocrx_word' id='word_1_387' title='bbox 283 3218 468 3272; x_wconf 77' lang='grc' dir='ltr'>αὐτῶν</span> <span class='ocrx_word' id='word_1_388' title='bbox 504 3221 880 3290; x_wconf 83' lang='grc' dir='ltr'>μεμνημένος.</span> <span class='ocrx_word' id='word_1_389' title='bbox 913 3222 1008 3276; x_wconf 76' lang='grc' dir='ltr'><strong>καὶ</strong></span> <span class='ocrx_word' id='word_1_390' title='bbox 1035 3223 1274 3294; x_wconf 86' lang='grc' dir='ltr'>συνεχῶς</span> <span class='ocrx_word' id='word_1_391' title='bbox 1294 3226 1435 3278; x_wconf 73' lang='grc' dir='ltr'>αὐτὰ</span> <span class='ocrx_word' id='word_1_392' title='bbox 1469 3227 1756 3298; x_wconf 77' lang='grc' dir='ltr'>προφέρῃς</span> <span class='ocrx_word' id='word_1_393' title='bbox 1787 3230 1864 3299; x_wconf 85' lang='grc' dir='ltr'>τῷ</span> 
     </span>
    </p>
   </div>
   <div class='ocr_carea' id='block_1_63' title="bbox 283 3310 1860 3387">
    <p class='ocr_par' dir='ltr' id='par_1_63' title="bbox 283 3310 1860 3387">
     <span class='ocr_line' id='line_1_63' title="bbox 283 3310 1860 3387; baseline 0.006 -21"><span class='ocrx_word' id='word_1_394' title='bbox 283 3310 424 3380; x_wconf 64' lang='grc' dir='ltr'>θεῷ,</span> <span class='ocrx_word' id='word_1_395' title='bbox 458 3312 554 3365; x_wconf 80' lang='grc' dir='ltr'>καὶ</span> <span class='ocrx_word' id='word_1_396' title='bbox 595 3313 735 3384; x_wconf 81' lang='grc' dir='ltr'>ὑπὲρ</span> <span class='ocrx_word' id='word_1_397' title='bbox 765 3314 944 3368; x_wconf 80' lang='grc' dir='ltr'>αὐτῶν</span> <span class='ocrx_word' id='word_1_398' title='bbox 974 3314 1090 3386; x_wconf 81' lang='grc' dir='ltr'><strong>δὲῃ,</strong></span> <span class='ocrx_word' id='word_1_399' title='bbox 1126 3317 1334 3386; x_wconf 77' lang='grc' dir='ltr'>ταχέως</span> <span class='ocrx_word' id='word_1_400' title='bbox 1363 3319 1669 3387; x_wconf 69' lang='grc' dir='ltr'>ἐξαλείφεις</span> <span class='ocrx_word' id='word_1_401' title='bbox 1700 3325 1860 3378; x_wconf 84' lang='grc' dir='ltr'>αὐτά.</span> 
     </span>
    </p>
   </div>
   <div class='ocr_carea' id='block_1_64' title="bbox 295 3402 1865 3487">
    <p class='ocr_par' dir='ltr' id='par_1_64' title="bbox 295 3402 1865 3487">
     <span class='ocr_line' id='line_1_64' title="bbox 295 3402 1865 3487; baseline 0.011 -33"><span class='ocrx_word' id='word_1_402' title='bbox 295 3402 422 3455; x_wconf 80' lang='grc' dir='ltr'>Ἐάν</span> <span class='ocrx_word' id='word_1_403' title='bbox 455 3402 511 3457; x_wconf 86' lang='grc' dir='ltr'>δὲ</span> <span class='ocrx_word' id='word_1_404' title='bbox 541 3403 636 3457; x_wconf 82' lang='grc' dir='ltr'>νῦν</span> <span class='ocrx_word' id='word_1_405' title='bbox 680 3406 936 3479; x_wconf 81' lang='grc' dir='ltr'>ὲπιλάθῃ,</span> <span class='ocrx_word' id='word_1_406' title='bbox 968 3408 1091 3467; x_wconf 78' lang='grc' dir='ltr'>τότε</span> <span class='ocrx_word' id='word_1_407' title='bbox 1129 3410 1308 3463; x_wconf 80' lang='grc' dir='ltr'>αὐτῶν</span> <span class='ocrx_word' id='word_1_408' title='bbox 1344 3413 1740 3487; x_wconf 78' lang='grc' dir='ltr'>ἀναμνησθήσῃ</span> <span class='ocrx_word' id='word_1_409' title='bbox 1771 3421 1865 3473; x_wconf 73' lang='grc' dir='ltr'>καὶ</span> 
     </span>
    </p>
   </div>
   <div class='ocr_carea' id='block_1_65' title="bbox 284 3492 1862 3578">
    <p class='ocr_par' dir='ltr' id='par_1_65' title="bbox 284 3492 1862 3578">
     <span class='ocr_line' id='line_1_65' title="bbox 284 3492 1862 3578; baseline 0.007 -30"><span class='ocrx_word' id='word_1_410' title='bbox 284 3492 436 3561; x_wconf 60' lang='grc' dir='ltr'>ᾇκων</span> <span class='ocrx_word' id='word_1_411' title='bbox 485 3496 578 3549; x_wconf 79' lang='grc' dir='ltr'>ἐπὶ</span> <span class='ocrx_word' id='word_1_412' title='bbox 617 3499 717 3566; x_wconf 78' lang='grc' dir='ltr'>τῆς</span> <span class='ocrx_word' id='word_1_413' title='bbox 768 3500 1095 3570; x_wconf 76' lang='grc' dir='ltr'>οἰκουμένης</span> <span class='ocrx_word' id='word_1_414' title='bbox 1134 3502 1354 3573; x_wconf 84' lang='grc' dir='ltr'>ἁπάσης</span> <span class='ocrx_word' id='word_1_415' title='bbox 1399 3505 1478 3568; x_wconf 69' lang='grc' dir='ltr'><strong>εἰς</strong></span> <span class='ocrx_word' id='word_1_416' title='bbox 1505 3506 1670 3575; x_wconf 81' lang='grc' dir='ltr'>μέσον</span> <span class='ocrx_word' id='word_1_417' title='bbox 1700 3524 1862 3578; x_wconf 89' lang='grc' dir='ltr'>φερο-</span> 
     </span>
    </p>
   </div>
   <div class='ocr_carea' id='block_1_66' title="bbox 290 3584 1858 3664">
    <p class='ocr_par' dir='ltr' id='par_1_66' title="bbox 290 3584 1858 3664">
     <span class='ocr_line' id='line_1_66' title="bbox 290 3584 1858 3664; baseline 0.008 -26"><span class='ocrx_word' id='word_1_418' title='bbox 290 3584 471 3653; x_wconf 76' lang='grc' dir='ltr'>μένων</span> <span class='ocrx_word' id='word_1_419' title='bbox 490 3587 803 3651; x_wconf 72' lang='grc' dir='ltr'>αύτῶν,καὶ</span> <span class='ocrx_word' id='word_1_420' title='bbox 824 3588 1013 3658; x_wconf 88' lang='grc' dir='ltr'>φίλων,</span> <span class='ocrx_word' id='word_1_421' title='bbox 1050 3594 1145 3644; x_wconf 70' lang='grc' dir='ltr'><strong>καὶ</strong></span> <span class='ocrx_word' id='word_1_422' title='bbox 1194 3592 1426 3664; x_wconf 76' lang='grc' dir='ltr'>ἐχθρῶν,</span> <span class='ocrx_word' id='word_1_423' title='bbox 1463 3597 1559 3648; x_wconf 80' lang='grc' dir='ltr'>καὶ</span> <span class='ocrx_word' id='word_1_424' title='bbox 1590 3597 1858 3663; x_wconf 82' lang='grc' dir='ltr'>ἀγγέλων.</span> 
     </span>
    </p>
   </div>
   <div class='ocr_carea' id='block_1_67' title="bbox 281 3679 1865 3758">
    <p class='ocr_par' dir='ltr' id='par_1_67' title="bbox 281 3679 1865 3758">
     <span class='ocr_line' id='line_1_67' title="bbox 281 3679 1865 3758; baseline 0.001 -20"><span class='ocrx_word' id='word_1_425' title='bbox 281 3679 358 3743; x_wconf 73' lang='grc' dir='ltr'><strong>Οὐ</strong></span> <span class='ocrx_word' id='word_1_426' title='bbox 398 3679 508 3749; x_wconf 85' lang='grc' dir='ltr'>γὰρ</span> <span class='ocrx_word' id='word_1_427' title='bbox 550 3679 617 3748; x_wconf 79' lang='grc' dir='ltr'>δὴ</span> <span class='ocrx_word' id='word_1_428' title='bbox 653 3682 787 3752; x_wconf 75' lang='grc' dir='ltr'>πρὸς</span> <span class='ocrx_word' id='word_1_429' title='bbox 819 3681 982 3737; x_wconf 83' lang='grc' dir='ltr'>Δαυῗδ</span> <span class='ocrx_word' id='word_1_430' title='bbox 1003 3682 1156 3750; x_wconf 77' lang='grc' dir='ltr'>ἔλεγε</span> <span class='ocrx_word' id='word_1_431' title='bbox 1183 3685 1364 3754; x_wconf 85' lang='grc' dir='ltr'>μόνον,</span> <span class='ocrx_word' id='word_1_432' title='bbox 1403 3704 1421 3736; x_wconf 82' lang='grc' dir='ltr'><strong>ι</strong></span> <span class='ocrx_word' id='word_1_433' title='bbox 1456 3688 1521 3738; x_wconf 78' lang='grc' dir='ltr'>Ἀ</span> <span class='ocrx_word' id='word_1_434' title='bbox 1561 3689 1624 3739; x_wconf 74' lang='grc' dir='ltr'><strong>σὺ</strong></span> <span class='ocrx_word' id='word_1_435' title='bbox 1675 3690 1865 3758; x_wconf 78' lang='grc' dir='ltr'>ἐποίη-</span> 
     </span>
    </p>
   </div>
   <div class='ocr_carea' id='block_1_68' title="bbox 279 3772 1863 3847">
    <p class='ocr_par' dir='ltr' id='par_1_68' title="bbox 279 3772 1863 3847">
     <span class='ocr_line' id='line_1_68' title="bbox 279 3772 1863 3847; baseline 0.008 -26"><span class='ocrx_word' id='word_1_436' title='bbox 279 3787 378 3834; x_wconf 79' lang='grc' dir='ltr'><strong>σας</strong></span> <span class='ocrx_word' id='word_1_437' title='bbox 406 3773 464 3826; x_wconf 79' lang='grc' dir='ltr'>ὲν</span> <span class='ocrx_word' id='word_1_438' title='bbox 485 3776 690 3843; x_wconf 73' lang='grc' dir='ltr'>κρυφῇ.</span> <span class='ocrx_word' id='word_1_439' title='bbox 715 3772 825 3843; x_wconf 71' lang='grc' dir='ltr'><strong>ἐγὼ</strong></span> <span class='ocrx_word' id='word_1_440' title='bbox 857 3776 1067 3847; x_wconf 85' lang='grc' dir='ltr'>ποιήσω</span> <span class='ocrx_word' id='word_1_441' title='bbox 1095 3779 1227 3830; x_wconf 81' lang='grc' dir='ltr'>πᾶσι</span> <span class='ocrx_word' id='word_1_442' title='bbox 1286 3778 1610 3847; x_wconf 85' lang='grc' dir='ltr'>κατάδηλον,</span> <span class='ocrx_word' id='word_1_443' title='bbox 1650 3800 1669 3832; x_wconf 74' lang='grc' dir='ltr'><strong>ι</strong></span> <span class='ocrx_word' id='word_1_444' title='bbox 1725 3781 1863 3835; x_wconf 80' lang='grc' dir='ltr'>ἀλλὰ</span> 
     </span>
    </p>
   </div>
   <div class='ocr_carea' id='block_1_69' title="bbox 278 3864 1860 3941">
    <p class='ocr_par' dir='ltr' id='par_1_69' title="bbox 278 3864 1860 3941">
     <span class='ocr_line' id='line_1_69' title="bbox 278 3864 1860 3941; baseline 0.003 -20"><span class='ocrx_word' id='word_1_445' title='bbox 278 3864 373 3931; x_wconf 50' lang='grc' dir='ltr'>καὶ</span> <span class='ocrx_word' id='word_1_446' title='bbox 399 3865 534 3935; x_wconf 78' lang='grc' dir='ltr'>πρὸς</span> <span class='ocrx_word' id='word_1_447' title='bbox 564 3867 772 3930; x_wconf 81' lang='grc' dir='ltr'>πάντας</span> <span class='ocrx_word' id='word_1_448' title='bbox 829 3868 997 3938; x_wconf 79' lang='grc' dir='ltr'>ἡμᾶς.</span> <span class='ocrx_word' id='word_1_449' title='bbox 1049 3867 1284 3936; x_wconf 75' lang='grc' dir='ltr'>Ἐλέγξω</span> <span class='ocrx_word' id='word_1_450' title='bbox 1316 3872 1423 3941; x_wconf 84' lang='grc' dir='ltr'><strong>γάρ</strong></span> <span class='ocrx_word' id='word_1_451' title='bbox 1448 3889 1528 3934; x_wconf 86' lang='grc' dir='ltr'><strong>σε,</strong></span> <span class='ocrx_word' id='word_1_452' title='bbox 1547 3872 1731 3940; x_wconf 74' lang='grc' dir='ltr'>φησιν,</span> <span class='ocrx_word' id='word_1_453' title='bbox 1756 3872 1860 3926; x_wconf 72' lang='grc' dir='ltr'>ὑπὸ</span> 
     </span>
    </p>
   </div>
   <div class='ocr_carea' id='block_1_70' title="bbox 185 3958 1784 4034">
    <p class='ocr_par' dir='ltr' id='par_1_70' title="bbox 185 3958 1784 4034">
     <span class='ocr_line' id='line_1_70' title="bbox 185 3958 1784 4034; baseline 0.009 -27"><span class='ocrx_word' id='word_1_454' title='bbox 185 3966 188 3968; x_wconf 63' lang='grc'>⁷</span> <span class='ocrx_word' id='word_1_455' title='bbox 277 3959 389 4019; x_wconf 79' lang='grc' dir='ltr'>τοῖς</span> <span class='ocrx_word' id='word_1_456' title='bbox 421 3958 677 4014; x_wconf 82' lang='grc' dir='ltr'>ἁπάντων</span> <span class='ocrx_word' id='word_1_457' title='bbox 709 3959 1009 4031; x_wconf 71' lang='grc' dir='ltr'>ὀφθαλμοῖς</span> <span class='ocrx_word' id='word_1_458' title='bbox 1033 3960 1202 4026; x_wconf 88' lang='grc' dir='ltr'>τιθείς</span> <span class='ocrx_word' id='word_1_459' title='bbox 1242 3978 1335 4015; x_wconf 84' lang='grc' dir='ltr'><strong>σου</strong></span> <span class='ocrx_word' id='word_1_460' title='bbox 1388 3963 1784 4034; x_wconf 84' lang='grc' dir='ltr'>ἁμαρτήματα.</span> 
     </span>
    </p>
   </div>
   <div class='ocr_carea' id='block_1_71' title="bbox 358 4145 1855 4219">
    <p class='ocr_par' dir='ltr' id='par_1_71' title="bbox 358 4145 1855 4219">
     <span class='ocr_line' id='line_1_71' title="bbox 358 4145 1855 4219; baseline 0.006 -22"><span class='ocrx_word' id='word_1_461' title='bbox 358 4145 572 4215; x_wconf 87' lang='grc' dir='ltr'>Ὥσπερ</span> <span class='ocrx_word' id='word_1_462' title='bbox 613 4145 722 4216; x_wconf 79' lang='grc' dir='ltr'>γὰρ</span> <span class='ocrx_word' id='word_1_463' title='bbox 764 4148 792 4199; x_wconf 84' lang='grc' dir='ltr'><strong>ὁ</strong></span> <span class='ocrx_word' id='word_1_464' title='bbox 833 4146 934 4216; x_wconf 79' lang='grc' dir='ltr'>τὴν</span> <span class='ocrx_word' id='word_1_465' title='bbox 961 4145 1134 4216; x_wconf 85' lang='grc' dir='ltr'>θύραν</span> <span class='ocrx_word' id='word_1_466' title='bbox 1175 4146 1436 4201; x_wconf 75' lang='grc' dir='ltr'>εἰσελθὼν</span> <span class='ocrx_word' id='word_1_467' title='bbox 1488 4149 1634 4204; x_wconf 77' lang='grc' dir='ltr'>ἔνδον</span> <span class='ocrx_word' id='word_1_468' title='bbox 1682 4152 1855 4219; x_wconf 76' lang='grc' dir='ltr'>ἐστὶν,</span> 
     </span>
    </p>
   </div>
   <div class='ocr_carea' id='block_1_72' title="bbox 280 4226 1857 4316">
    <p class='ocr_par' dir='ltr' id='par_1_72' title="bbox 280 4226 1857 4316">
     <span class='ocr_line' id='line_1_72' title="bbox 280 4226 1857 4316; baseline 0.007 -26"><span class='ocrx_word' id='word_1_469' title='bbox 280 4236 454 4300; x_wconf 67' lang='grc' dir='ltr'>οὕτως</span> <span class='ocrx_word' id='word_1_470' title='bbox 493 4240 523 4290; x_wconf 79' lang='grc'>6</span> <span class='ocrx_word' id='word_1_471' title='bbox 551 4237 621 4290; x_wconf 76' lang='grc' dir='ltr'>τὰ</span> <span class='ocrx_word' id='word_1_472' title='bbox 662 4240 837 4292; x_wconf 73' lang='grc' dir='ltr'>οἰκεῖα</span> <span class='ocrx_word' id='word_1_473' title='bbox 880 4239 1228 4310; x_wconf 73' lang='grc' dir='ltr'>λογιζόμενος</span> <span class='ocrx_word' id='word_1_474' title='bbox 1280 4243 1426 4295; x_wconf 84' lang='grc' dir='ltr'>κακά</span> <span class='ocrx_word' id='word_1_475' title='bbox 1467 4226 1566 4296; x_wconf 75' lang='grc' dir='ltr'>καὶ</span> <span class='ocrx_word' id='word_1_476' title='bbox 1619 4245 1713 4298; x_wconf 75' lang='grc' dir='ltr'><strong>ἐπὶ</strong></span> <span class='ocrx_word' id='word_1_477' title='bbox 1757 4246 1857 4316; x_wconf 77' lang='grc' dir='ltr'>τὴν</span> 
     </span>
    </p>
   </div>
   <div class='ocr_carea' id='block_1_73' title="bbox 280 4330 1857 4408">
    <p class='ocr_par' dir='ltr' id='par_1_73' title="bbox 280 4330 1857 4408">
     <span class='ocr_line' id='line_1_73' title="bbox 280 4330 1857 4408; baseline 0.004 -25"><span class='ocrx_word' id='word_1_478' title='bbox 280 4330 579 4401; x_wconf 74' lang='grc' dir='ltr'>θεραπείαν</span> <span class='ocrx_word' id='word_1_479' title='bbox 615 4333 798 4386; x_wconf 84' lang='grc' dir='ltr'>αὐτῶν</span> <span class='ocrx_word' id='word_1_480' title='bbox 825 4334 1041 4395; x_wconf 82' lang='grc' dir='ltr'>πάντως</span> <span class='ocrx_word' id='word_1_481' title='bbox 1067 4332 1207 4404; x_wconf 76' lang='grc' dir='ltr'>ἥξει.</span> <span class='ocrx_word' id='word_1_482' title='bbox 1244 4336 1342 4387; x_wconf 77' lang='grc' dir='ltr'>Ἂν</span> <span class='ocrx_word' id='word_1_483' title='bbox 1367 4335 1422 4387; x_wconf 82' lang='grc' dir='ltr'>δὲ</span> <span class='ocrx_word' id='word_1_484' title='bbox 1454 4334 1610 4407; x_wconf 80' lang='grc' dir='ltr'>λέγῃ,</span> <span class='ocrx_word' id='word_1_485' title='bbox 1647 4336 1857 4408; x_wconf 84' lang='grc' dir='ltr'>Ἀμαρ-</span> 
     </span>
    </p>
   </div>
   <div class='ocr_carea' id='block_1_74' title="bbox 278 4425 1853 4498">
    <p class='ocr_par' dir='ltr' id='par_1_74' title="bbox 278 4425 1853 4498">
     <span class='ocr_line' id='line_1_74' title="bbox 278 4425 1853 4498; baseline 0.006 -21"><span class='ocrx_word' id='word_1_486' title='bbox 278 4426 604 4496; x_wconf 78' lang='grc' dir='ltr'>τωλόςεξμι,</span> <span class='ocrx_word' id='word_1_487' title='bbox 639 4427 717 4498; x_wconf 79' lang='grc' dir='ltr'><strong>μή</strong></span> <span class='ocrx_word' id='word_1_488' title='bbox 751 4428 1135 4496; x_wconf 74' lang='grc' dir='ltr'>ἀναλογίζεται</span> <span class='ocrx_word' id='word_1_489' title='bbox 1166 4429 1222 4482; x_wconf 75' lang='grc' dir='ltr'>δὲ</span> <span class='ocrx_word' id='word_1_490' title='bbox 1246 4430 1385 4483; x_wconf 75' lang='grc' dir='ltr'>αὐτὰ</span> <span class='ocrx_word' id='word_1_491' title='bbox 1416 4432 1537 4485; x_wconf 83' lang='grc' dir='ltr'>κατ’</span> <span class='ocrx_word' id='word_1_492' title='bbox 1566 4425 1729 4494; x_wconf 83' lang='grc' dir='ltr'>εἶδος.</span> <span class='ocrx_word' id='word_1_493' title='bbox 1759 4432 1853 4486; x_wconf 85' lang='grc' dir='ltr'>καὶ</span> 
     </span>
    </p>
   </div>
   <div class='ocr_carea' id='block_1_75' title="bbox 1969 3219 3555 3291">
    <p class='ocr_par' dir='ltr' id='par_1_75' title="bbox 1969 3219 3555 3291">
     <span class='ocr_line' id='line_1_75' title="bbox 1969 3219 3555 3291; baseline 0.002 -18"><span class='ocrx_word' id='word_1_494' title='bbox 1969 3233 2160 3274; x_wconf 79' lang='lat' dir='ltr'><strong>eorum</strong></span> <span class='ocrx_word' id='word_1_495' title='bbox 2192 3219 2533 3287; x_wconf 82' lang='lat' dir='ltr'><strong>memineris,</strong></span> <span class='ocrx_word' id='word_1_496' title='bbox 2572 3229 2628 3275; x_wconf 84' lang='lat' dir='ltr'><strong>et</strong></span> <span class='ocrx_word' id='word_1_497' title='bbox 2659 3222 2881 3276; x_wconf 86' lang='lat' dir='ltr'><strong>assidue</strong></span> <span class='ocrx_word' id='word_1_498' title='bbox 2906 3237 3092 3275; x_wconf 89' lang='lat' dir='ltr'><strong>coram</strong></span> <span class='ocrx_word' id='word_1_499' title='bbox 3122 3220 3235 3277; x_wconf 89' lang='lat' dir='ltr'><strong>Deo</strong></span> <span class='ocrx_word' id='word_1_500' title='bbox 3263 3226 3378 3291; x_wconf 76' lang='lat' dir='ltr'><strong>ipsa</strong></span> <span class='ocrx_word' id='word_1_501' title='bbox 3407 3237 3555 3279; x_wconf 89' lang='lat' dir='ltr'><strong>com-</strong></span> 
     </span>
    </p>
   </div>
   <div class='ocr_carea' id='block_1_76' title="bbox 1970 3313 3551 3379">
    <p class='ocr_par' dir='ltr' id='par_1_76' title="bbox 1970 3313 3551 3379">
     <span class='ocr_line' id='line_1_76' title="bbox 1970 3313 3551 3379; baseline 0.003 -16"><span class='ocrx_word' id='word_1_502' title='bbox 1970 3326 2262 3375; x_wconf 84' lang='lat' dir='ltr'><strong>memores,</strong></span> <span class='ocrx_word' id='word_1_503' title='bbox 2312 3321 2366 3366; x_wconf 89' lang='lat' dir='ltr'><strong>et</strong></span> <span class='ocrx_word' id='word_1_504' title='bbox 2407 3314 2617 3367; x_wconf 87' lang='lat' dir='ltr'><strong>veniam</strong></span> <span class='ocrx_word' id='word_1_505' title='bbox 2655 3328 2806 3379; x_wconf 86' lang='lat' dir='ltr'><strong>ores,</strong></span> <span class='ocrx_word' id='word_1_506' title='bbox 2839 3314 3020 3368; x_wconf 84' lang='lat' dir='ltr'><strong>statim</strong></span> <span class='ocrx_word' id='word_1_507' title='bbox 3054 3314 3443 3370; x_wconf 89' lang='lat' dir='ltr'><strong>abolebuntur.</strong></span> <span class='ocrx_word' id='word_1_508' title='bbox 3491 3313 3551 3369; x_wconf 87' lang='lat' dir='ltr'><strong>Si</strong></span> 
     </span>
    </p>
   </div>
   <div class='ocr_carea' id='block_1_77' title="bbox 1968 3405 3552 3469">
    <p class='ocr_par' dir='ltr' id='par_1_77' title="bbox 1968 3405 3552 3469">
     <span class='ocr_line' id='line_1_77' title="bbox 1968 3405 3552 3469; baseline 0.003 -14"><span class='ocrx_word' id='word_1_509' title='bbox 1968 3418 2098 3456; x_wconf 88' lang='lat' dir='ltr'><strong>vero</strong></span> <span class='ocrx_word' id='word_1_510' title='bbox 2129 3420 2273 3457; x_wconf 78' lang='lat' dir='ltr'><strong>tntnc</strong></span> <span class='ocrx_word' id='word_1_511' title='bbox 2305 3419 2492 3459; x_wconf 87' lang='lat' dir='ltr'><strong>eorum</strong></span> <span class='ocrx_word' id='word_1_512' title='bbox 2524 3405 2886 3469; x_wconf 84' lang='lat' dir='ltr'><strong>obliviscaris,</strong></span> <span class='ocrx_word' id='word_1_513' title='bbox 2916 3406 2968 3460; x_wconf 89' lang='lat' dir='ltr'><strong>in</strong></span> <span class='ocrx_word' id='word_1_514' title='bbox 3001 3405 3186 3461; x_wconf 77' lang='lat' dir='ltr'><strong>futuro</strong></span> <span class='ocrx_word' id='word_1_515' title='bbox 3224 3407 3426 3461; x_wconf 58' lang='lat' dir='ltr'><strong>saeculo</strong></span> <span class='ocrx_word' id='word_1_516' title='bbox 3468 3409 3552 3462; x_wconf 81' lang='lat' dir='ltr'><strong>vel</strong></span> 
     </span>
    </p>
   </div>
   <div class='ocr_carea' id='block_1_78' title="bbox 1966 3491 3549 3567">
    <p class='ocr_par' dir='ltr' id='par_1_78' title="bbox 1966 3491 3549 3567">
     <span class='ocr_line' id='line_1_78' title="bbox 1966 3491 3549 3567; baseline 0.006 -22"><span class='ocrx_word' id='word_1_517' title='bbox 1966 3491 2175 3547; x_wconf 85' lang='lat' dir='ltr'><strong>invitus</strong></span> <span class='ocrx_word' id='word_1_518' title='bbox 2227 3495 2609 3549; x_wconf 84' lang='lat' dir='ltr'><strong>recordaberis</strong></span> <span class='ocrx_word' id='word_1_519' title='bbox 2638 3512 2829 3551; x_wconf 83' lang='lat' dir='ltr'><strong>eorum</strong></span> <span class='ocrx_word' id='word_1_520' title='bbox 2874 3513 3058 3553; x_wconf 88' lang='lat' dir='ltr'><strong>coram</strong></span> <span class='ocrx_word' id='word_1_521' title='bbox 3110 3503 3367 3554; x_wconf 83' lang='lat' dir='ltr'><strong>universo</strong></span> <span class='ocrx_word' id='word_1_522' title='bbox 3395 3501 3549 3567; x_wconf 89' lang='lat' dir='ltr'><strong>orbe,</strong></span> 
     </span>
    </p>
   </div>
   <div class='ocr_carea' id='block_1_79' title="bbox 1965 3582 3547 3659">
    <p class='ocr_par' dir='ltr' id='par_1_79' title="bbox 1965 3582 3547 3659">
     <span class='ocr_line' id='line_1_79' title="bbox 1965 3582 3547 3659; baseline 0.006 -22"><span class='ocrx_word' id='word_1_523' title='bbox 1965 3582 2159 3639; x_wconf 87' lang='lat' dir='ltr'><strong>amicis</strong></span> <span class='ocrx_word' id='word_1_524' title='bbox 2212 3583 2377 3639; x_wconf 87' lang='lat' dir='ltr'><strong>simul</strong></span> <span class='ocrx_word' id='word_1_525' title='bbox 2412 3594 2466 3639; x_wconf 89' lang='lat' dir='ltr'><strong>ct</strong></span> <span class='ocrx_word' id='word_1_526' title='bbox 2505 3586 2748 3645; x_wconf 89' lang='lat' dir='ltr'><strong>inimicis</strong></span> <span class='ocrx_word' id='word_1_527' title='bbox 2794 3599 2848 3642; x_wconf 90' lang='lat' dir='ltr'><strong>et</strong></span> <span class='ocrx_word' id='word_1_528' title='bbox 2870 3590 3079 3659; x_wconf 83' lang='lat' dir='ltr'><strong>angelis</strong></span> <span class='ocrx_word' id='word_1_529' title='bbox 3105 3589 3160 3645; x_wconf 89' lang='lat' dir='ltr'><strong>in</strong></span> <span class='ocrx_word' id='word_1_530' title='bbox 3210 3590 3447 3650; x_wconf 87' lang='lat' dir='ltr'><strong>medium</strong></span> <span class='ocrx_word' id='word_1_531' title='bbox 3487 3606 3547 3646; x_wconf 84' lang='lat' dir='ltr'><strong>ea</strong></span> 
     </span>
    </p>
   </div>
   <div class='ocr_carea' id='block_1_80' title="bbox 1966 3664 3552 3743">
    <p class='ocr_par' dir='ltr' id='par_1_80' title="bbox 1966 3664 3552 3743">
     <span class='ocr_line' id='line_1_80' title="bbox 1966 3664 3552 3743; baseline 0.007 -17"><span class='ocrx_word' id='word_1_532' title='bbox 1966 3673 2400 3742; x_wconf 79' lang='lat' dir='ltr'><strong>profcrentibus.</strong></span> <span class='ocrx_word' id='word_1_533' title='bbox 2434 3673 2552 3730; x_wconf 88' lang='lat' dir='ltr'><strong>Non</strong></span> <span class='ocrx_word' id='word_1_534' title='bbox 2606 3681 2750 3734; x_wconf 87' lang='lat' dir='ltr'><strong>enim</strong></span> <span class='ocrx_word' id='word_1_535' title='bbox 2782 3682 2848 3743; x_wconf 79' lang='lat' dir='ltr'><strong>ad</strong></span> <span class='ocrx_word' id='word_1_536' title='bbox 2879 3683 3056 3736; x_wconf 89' lang='lat' dir='ltr'><strong>solum</strong></span> <span class='ocrx_word' id='word_1_537' title='bbox 3109 3664 3364 3737; x_wconf 84' lang='lat' dir='ltr'><strong>Davidem</strong></span> <span class='ocrx_word' id='word_1_538' title='bbox 3415 3684 3552 3738; x_wconf 80' lang='lat' dir='ltr'><strong>dixit</strong></span> 
     </span>
    </p>
   </div>
   <div class='ocr_carea' id='block_1_81' title="bbox 1969 3766 3552 3844">
    <p class='ocr_par' dir='ltr' id='par_1_81' title="bbox 1969 3766 3552 3844">
     <span class='ocr_line' id='line_1_81' title="bbox 1969 3766 3552 3844; baseline 0.007 -25"><span class='ocrx_word' id='word_1_539' title='bbox 1969 3766 2106 3820; x_wconf 82' lang='lat' dir='ltr'><strong>Dcus</strong></span> <span class='ocrx_word' id='word_1_540' title='bbox 2141 3766 2311 3833; x_wconf 76' lang='lat' dir='ltr'><strong>:Quze</strong></span> <span class='ocrx_word' id='word_1_541' title='bbox 2356 3778 2411 3823; x_wconf 93' lang='lat' dir='ltr'><strong>tu</strong></span> <span class='ocrx_word' id='word_1_542' title='bbox 2445 3769 2615 3825; x_wconf 78' lang='lat' dir='ltr'><strong>fecisti</strong></span> <span class='ocrx_word' id='word_1_543' title='bbox 2648 3771 2703 3825; x_wconf 89' lang='lat' dir='ltr'><strong>in</strong></span> <span class='ocrx_word' id='word_1_544' title='bbox 2740 3773 2980 3839; x_wconf 89' lang='lat' dir='ltr'><strong>occulto,</strong></span> <span class='ocrx_word' id='word_1_545' title='bbox 3016 3787 3117 3844; x_wconf 77' lang='lat' dir='ltr'><strong>ego</strong></span> <span class='ocrx_word' id='word_1_546' title='bbox 3151 3775 3407 3830; x_wconf 85' lang='lat' dir='ltr'><strong>omnibus</strong></span> <span class='ocrx_word' id='word_1_547' title='bbox 3435 3791 3552 3830; x_wconf 86' lang='lat' dir='ltr'><strong>ma—</strong></span> 
     </span>
    </p>
   </div>
   <div class='ocr_carea' id='block_1_82' title="bbox 1965 3857 3548 3938">
    <p class='ocr_par' dir='ltr' id='par_1_82' title="bbox 1965 3857 3548 3938">
     <span class='ocr_line' id='line_1_82' title="bbox 1965 3857 3548 3938; baseline 0.008 -27"><span class='ocrx_word' id='word_1_548' title='bbox 1965 3857 2162 3913; x_wconf 75' lang='lat' dir='ltr'><strong>nifesta</strong></span> <span class='ocrx_word' id='word_1_549' title='bbox 2188 3858 2409 3920; x_wconf 81' lang='lat' dir='ltr'><strong>faciam,</strong></span> <span class='ocrx_word' id='word_1_550' title='bbox 2428 3863 2520 3915; x_wconf 88' lang='lat' dir='ltr'><strong>sed</strong></span> <span class='ocrx_word' id='word_1_551' title='bbox 2548 3863 2713 3917; x_wconf 88' lang='lat' dir='ltr'><strong>etiam</strong></span> <span class='ocrx_word' id='word_1_552' title='bbox 2747 3865 2812 3918; x_wconf 89' lang='lat' dir='ltr'><strong>ad</strong></span> <span class='ocrx_word' id='word_1_553' title='bbox 2844 3879 2944 3919; x_wconf 88' lang='lat' dir='ltr'><strong>nos</strong></span> <span class='ocrx_word' id='word_1_554' title='bbox 2965 3880 3176 3920; x_wconf 87' lang='lat' dir='ltr'><strong>omnes.</strong></span> <span class='ocrx_word' id='word_1_555' title='bbox 3207 3865 3548 3938; x_wconf 79' lang='lat' dir='ltr'><strong>Redarguam</strong></span> 
     </span>
    </p>
   </div>
   <div class='ocr_carea' id='block_1_83' title="bbox 1963 3950 3550 4031">
    <p class='ocr_par' dir='ltr' id='par_1_83' title="bbox 1963 3950 3550 4031">
     <span class='ocr_line' id='line_1_83' title="bbox 1963 3950 3550 4031; baseline 0.008 -26"><span class='ocrx_word' id='word_1_556' title='bbox 1963 3950 2109 4005; x_wconf 84' lang='lat' dir='ltr'><strong>enim</strong></span> <span class='ocrx_word' id='word_1_557' title='bbox 2149 3960 2200 4004; x_wconf 90' lang='lat' dir='ltr'><strong>te</strong></span> <span class='ocrx_word' id='word_1_558' title='bbox 2239 3952 2461 4024; x_wconf 81' lang='lat' dir='ltr'><strong>(inquit)</strong></span> <span class='ocrx_word' id='word_1_559' title='bbox 2496 3956 2741 4009; x_wconf 86' lang='lat' dir='ltr'><strong>omnium</strong></span> <span class='ocrx_word' id='word_1_560' title='bbox 2767 3957 2946 4013; x_wconf 85' lang='lat' dir='ltr'><strong>oculis</strong></span> <span class='ocrx_word' id='word_1_561' title='bbox 2972 3968 3195 4028; x_wconf 87' lang='lat' dir='ltr'><strong>peccata</strong></span> <span class='ocrx_word' id='word_1_562' title='bbox 3228 3970 3320 4014; x_wconf 90' lang='lat' dir='ltr'><strong>tua</strong></span> <span class='ocrx_word' id='word_1_563' title='bbox 3351 3975 3550 4031; x_wconf 80' lang='lat' dir='ltr'><strong>propo-</strong></span> 
     </span>
    </p>
   </div>
   <div class='ocr_carea' id='block_1_84' title="bbox 1964 4059 2120 4098">
    <p class='ocr_par' dir='ltr' id='par_1_84' title="bbox 1964 4059 2120 4098">
     <span class='ocr_line' id='line_1_84' title="bbox 1964 4059 2120 4098; baseline 0.006 -1"><span class='ocrx_word' id='word_1_564' title='bbox 1964 4059 2120 4098; x_wconf 83' lang='lat' dir='ltr'><strong>nens.</strong></span> 
     </span>
    </p>
   </div>
   <div class='ocr_carea' id='block_1_85' title="bbox 2033 4138 3547 4216">
    <p class='ocr_par' dir='ltr' id='par_1_85' title="bbox 2033 4138 3547 4216">
     <span class='ocr_line' id='line_1_85' title="bbox 2033 4138 3547 4216; baseline 0.007 -25"><span class='ocrx_word' id='word_1_565' title='bbox 2033 4138 2505 4207; x_wconf 80' lang='lat' dir='ltr'><strong>Quemadmodum</strong></span> <span class='ocrx_word' id='word_1_566' title='bbox 2581 4155 2679 4211; x_wconf 88' lang='lat' dir='ltr'><strong>per</strong></span> <span class='ocrx_word' id='word_1_567' title='bbox 2725 4140 2950 4211; x_wconf 85' lang='lat' dir='ltr'><strong>ianuam</strong></span> <span class='ocrx_word' id='word_1_568' title='bbox 3011 4144 3295 4215; x_wconf 76' lang='lat' dir='ltr'><strong>ingressus</strong></span> <span class='ocrx_word' id='word_1_569' title='bbox 3347 4145 3547 4216; x_wconf 78' lang='lat' dir='ltr'><strong>aliquis</strong></span> 
     </span>
    </p>
   </div>
   <div class='ocr_carea' id='block_1_86' title="bbox 1960 4233 3544 4309">
    <p class='ocr_par' dir='ltr' id='par_1_86' title="bbox 1960 4233 3544 4309">
     <span class='ocr_line' id='line_1_86' title="bbox 1960 4233 3544 4309; baseline 0.004 -20"><span class='ocrx_word' id='word_1_570' title='bbox 1960 4233 2111 4290; x_wconf 82' lang='lat' dir='ltr'><strong>intus</strong></span> <span class='ocrx_word' id='word_1_571' title='bbox 2135 4235 2354 4301; x_wconf 80' lang='lat' dir='ltr'><strong>existit;</strong></span> <span class='ocrx_word' id='word_1_572' title='bbox 2387 4236 2467 4291; x_wconf 89' lang='lat' dir='ltr'><strong>sic</strong></span> <span class='ocrx_word' id='word_1_573' title='bbox 2509 4235 2597 4290; x_wconf 84' lang='lat' dir='ltr'><strong>ille</strong></span> <span class='ocrx_word' id='word_1_574' title='bbox 2631 4236 2721 4304; x_wconf 90' lang='lat' dir='ltr'><strong>qui</strong></span> <span class='ocrx_word' id='word_1_575' title='bbox 2772 4252 2958 4292; x_wconf 83' lang='lat' dir='ltr'><strong>secum</strong></span> <span class='ocrx_word' id='word_1_576' title='bbox 2990 4252 3089 4293; x_wconf 83' lang='lat' dir='ltr'><strong>sua</strong></span> <span class='ocrx_word' id='word_1_577' title='bbox 3134 4239 3276 4294; x_wconf 88' lang='lat' dir='ltr'><strong>mala</strong></span> <span class='ocrx_word' id='word_1_578' title='bbox 3305 4247 3544 4309; x_wconf 85' lang='lat' dir='ltr'><strong>reputat,</strong></span> 
     </span>
    </p>
   </div>
   <div class='ocr_carea' id='block_1_87' title="bbox 1962 4329 3541 4400">
    <p class='ocr_par' dir='ltr' id='par_1_87' title="bbox 1962 4329 3541 4400">
     <span class='ocr_line' id='line_1_87' title="bbox 1962 4329 3541 4400; baseline 0.004 -18"><span class='ocrx_word' id='word_1_579' title='bbox 1962 4329 2028 4382; x_wconf 84' lang='lat' dir='ltr'><strong>ad</strong></span> <span class='ocrx_word' id='word_1_580' title='bbox 2053 4343 2238 4383; x_wconf 89' lang='lat' dir='ltr'><strong>curam</strong></span> <span class='ocrx_word' id='word_1_581' title='bbox 2284 4344 2474 4382; x_wconf 89' lang='lat' dir='ltr'><strong>eorum</strong></span> <span class='ocrx_word' id='word_1_582' title='bbox 2525 4330 2748 4385; x_wconf 90' lang='lat' dir='ltr'><strong>indubie</strong></span> <span class='ocrx_word' id='word_1_583' title='bbox 2794 4332 3098 4400; x_wconf 83' lang='lat' dir='ltr'><strong>perveniet.</strong></span> <span class='ocrx_word' id='word_1_584' title='bbox 3130 4330 3185 4386; x_wconf 87' lang='lat' dir='ltr'><strong>Si</strong></span> <span class='ocrx_word' id='word_1_585' title='bbox 3218 4348 3350 4389; x_wconf 83' lang='lat' dir='ltr'><strong>vero</strong></span> <span class='ocrx_word' id='word_1_586' title='bbox 3377 4336 3541 4398; x_wconf 82' lang='lat' dir='ltr'><strong>dicat.</strong></span> 
     </span>
    </p>
   </div>
   <div class='ocr_carea' id='block_1_88' title="bbox 1963 4420 3544 4494">
    <p class='ocr_par' dir='ltr' id='par_1_88' title="bbox 1963 4420 3544 4494">
     <span class='ocr_line' id='line_1_88' title="bbox 1963 4420 3544 4494; baseline 0.004 -22"><span class='ocrx_word' id='word_1_587' title='bbox 1963 4420 2222 4476; x_wconf 76' lang='lat' dir='ltr'><strong>l‘eccator</strong></span> <span class='ocrx_word' id='word_1_588' title='bbox 2256 4436 2397 4489; x_wconf 85' lang='lat' dir='ltr'><strong>sum,</strong></span> <span class='ocrx_word' id='word_1_589' title='bbox 2443 4437 2551 4477; x_wconf 83' lang='lat' dir='ltr'><strong>non</strong></span> <span class='ocrx_word' id='word_1_590' title='bbox 2584 4432 2766 4477; x_wconf 87' lang='lat' dir='ltr'><strong>autem</strong></span> <span class='ocrx_word' id='word_1_591' title='bbox 2793 4423 3071 4492; x_wconf 82' lang='lat' dir='ltr'><strong>sigillatim</strong></span> <span class='ocrx_word' id='word_1_592' title='bbox 3103 4434 3326 4494; x_wconf 82' lang='lat' dir='ltr'><strong>peccata</strong></span> <span class='ocrx_word' id='word_1_593' title='bbox 3356 4440 3544 4479; x_wconf 82' lang='lat' dir='ltr'><strong>recen-</strong></span> 
     </span>
    </p>
   </div>
   <div class='ocr_carea' id='block_1_89' title="bbox 271 4500 1863 4592">
    <p class='ocr_par' dir='ltr' id='par_1_89' title="bbox 271 4518 1854 4592">
     <span class='ocr_line' id='line_1_89' title="bbox 271 4518 1854 4592; baseline 0.004 -20"><span class='ocrx_word' id='word_1_594' title='bbox 271 4518 446 4588; x_wconf 80' lang='grc' dir='ltr'>λέγει,</span> <span class='ocrx_word' id='word_1_595' title='bbox 498 4519 580 4572; x_wconf 80' lang='grc' dir='ltr'><strong>δτι</strong></span> <span class='ocrx_word' id='word_1_596' title='bbox 609 4518 743 4572; x_wconf 84' lang='grc' dir='ltr'>Τόδε</span> <span class='ocrx_word' id='word_1_597' title='bbox 791 4521 886 4575; x_wconf 87' lang='grc' dir='ltr'>καὶ</span> <span class='ocrx_word' id='word_1_598' title='bbox 925 4521 1046 4574; x_wconf 75' lang='grc' dir='ltr'>τόδε</span> <span class='ocrx_word' id='word_1_599' title='bbox 1099 4521 1367 4592; x_wconf 80' lang='grc' dir='ltr'>ἦμαρτον,</span> <span class='ocrx_word' id='word_1_600' title='bbox 1407 4522 1661 4578; x_wconf 82' lang='grc' dir='ltr'>οὐδέποτε</span> <span class='ocrx_word' id='word_1_601' title='bbox 1713 4526 1854 4578; x_wconf 88' lang='grc' dir='ltr'>παύ-</span> 
     </span>
    </p>
   </div>
   <div class='ocr_carea' id='block_1_90' title="bbox 1983 4500 3548 4592">
    <p class='ocr_par' dir='ltr' id='par_1_90' title="bbox 1983 4511 3548 4584">
     <span class='ocr_line' id='line_1_90' title="bbox 1983 4511 3548 4584; baseline 0.004 -21"><span class='ocrx_word' id='word_1_602' title='bbox 1983 4520 2066 4577; x_wconf 44' lang='lat' dir='ltr'><strong>iet,</strong></span> <span class='ocrx_word' id='word_1_603' title='bbox 2091 4511 2343 4578; x_wconf 89' lang='lat' dir='ltr'><strong>dicendo,</strong></span> <span class='ocrx_word' id='word_1_604' title='bbox 2383 4511 2496 4567; x_wconf 90' lang='lat' dir='ltr'><strong>lloe</strong></span> <span class='ocrx_word' id='word_1_605' title='bbox 2542 4524 2597 4566; x_wconf 90' lang='lat' dir='ltr'><strong>et</strong></span> <span class='ocrx_word' id='word_1_606' title='bbox 2638 4513 2770 4567; x_wconf 89' lang='lat' dir='ltr'><strong>illud</strong></span> <span class='ocrx_word' id='word_1_607' title='bbox 2810 4516 3050 4582; x_wconf 84' lang='lat' dir='ltr'><strong>peccavi,</strong></span> <span class='ocrx_word' id='word_1_608' title='bbox 3086 4528 3361 4582; x_wconf 86' lang='lat' dir='ltr'><strong>nunquam</strong></span> <span class='ocrx_word' id='word_1_609' title='bbox 3395 4515 3548 4584; x_wconf 86' lang='lat' dir='ltr'><strong>quie-</strong></span> 
     </span>
    </p>
   </div>
   <div class='ocr_carea' id='block_1_91' title="bbox 274 4611 1856 4683">
    <p class='ocr_par' dir='ltr' id='par_1_91' title="bbox 274 4611 1856 4683">
     <span class='ocr_line' id='line_1_91' title="bbox 274 4611 1856 4683; baseline 0.004 -21"><span class='ocrx_word' id='word_1_610' title='bbox 274 4612 595 4675; x_wconf 53' lang='grc' dir='ltr'>σεται,ἀεὶ,</span> <span class='ocrx_word' id='word_1_611' title='bbox 638 4611 738 4681; x_wconf 71' lang='grc' dir='ltr'><strong>μὲν</strong></span> <span class='ocrx_word' id='word_1_612' title='bbox 786 4612 1088 4681; x_wconf 84' lang='grc' dir='ltr'>ὁμολογῶν,</span> <span class='ocrx_word' id='word_1_613' title='bbox 1141 4614 1443 4683; x_wconf 75' lang='grc' dir='ltr'>φροντίζων</span> <span class='ocrx_word' id='word_1_614' title='bbox 1500 4615 1557 4669; x_wconf 83' lang='grc' dir='ltr'>δὲ</span> <span class='ocrx_word' id='word_1_615' title='bbox 1599 4617 1856 4670; x_wconf 78' lang='grc' dir='ltr'>οὐδέποτε</span> 
     </span>
    </p>
   </div>
   <div class='ocr_carea' id='block_1_92' title="bbox 270 4702 1855 4778">
    <p class='ocr_par' dir='ltr' id='par_1_92' title="bbox 270 4702 1855 4778">
     <span class='ocr_line' id='line_1_92' title="bbox 270 4702 1855 4778; baseline 0.005 -23"><span class='ocrx_word' id='word_1_616' title='bbox 270 4703 373 4773; x_wconf 80' lang='grc' dir='ltr'>τῆς</span> <span class='ocrx_word' id='word_1_617' title='bbox 411 4702 778 4776; x_wconf 82' lang='grc' dir='ltr'>διορθώσεως.</span> <span class='ocrx_word' id='word_1_618' title='bbox 832 4705 945 4776; x_wconf 81' lang='grc' dir='ltr'><strong>Τὴν</strong></span> <span class='ocrx_word' id='word_1_619' title='bbox 989 4706 1168 4775; x_wconf 76' lang='grc' dir='ltr'>ἀρχὴν</span> <span class='ocrx_word' id='word_1_620' title='bbox 1215 4704 1310 4759; x_wconf 81' lang='grc' dir='ltr'><strong>οὖν</strong></span> <span class='ocrx_word' id='word_1_621' title='bbox 1361 4707 1855 4778; x_wconf 75' lang='grc' dir='ltr'>καταϐαλλώμεθα,</span> 
     </span>
    </p>
   </div>
   <div class='ocr_carea' id='block_1_93' title="bbox 273 4793 1857 4868">
    <p class='ocr_par' dir='ltr' id='par_1_93' title="bbox 273 4793 1857 4868">
     <span class='ocr_line' id='line_1_93' title="bbox 273 4793 1857 4868; baseline 0.003 -20"><span class='ocrx_word' id='word_1_622' title='bbox 273 4798 370 4851; x_wconf 72' lang='grc' dir='ltr'><strong>καὶ</strong></span> <span class='ocrx_word' id='word_1_623' title='bbox 400 4796 580 4849; x_wconf 81' lang='grc' dir='ltr'>πάντα</span> <span class='ocrx_word' id='word_1_624' title='bbox 609 4793 806 4849; x_wconf 76' lang='grc' dir='ltr'>εὔκολα</span> <span class='ocrx_word' id='word_1_625' title='bbox 838 4796 991 4850; x_wconf 75' lang='grc' dir='ltr'>ἔσται</span> <span class='ocrx_word' id='word_1_626' title='bbox 1025 4797 1121 4849; x_wconf 76' lang='grc' dir='ltr'><strong>καὶ</strong></span> <span class='ocrx_word' id='word_1_627' title='bbox 1157 4797 1351 4866; x_wconf 79' lang='grc' dir='ltr'>ῥᾷστα.</span> <span class='ocrx_word' id='word_1_628' title='bbox 1398 4799 1452 4851; x_wconf 79' lang='grc' dir='ltr'>Ἀ</span> <span class='ocrx_word' id='word_1_629' title='bbox 1465 4797 1721 4868; x_wconf 83' lang='grc' dir='ltr'>ρξώμεθα</span> <span class='ocrx_word' id='word_1_630' title='bbox 1749 4800 1857 4853; x_wconf 88' lang='grc' dir='ltr'>τοί-</span> 
     </span>
    </p>
   </div>
   <div class='ocr_carea' id='block_1_94' title="bbox 273 4886 1855 4958">
    <p class='ocr_par' dir='ltr' id='par_1_94' title="bbox 273 4886 1855 4958">
     <span class='ocr_line' id='line_1_94' title="bbox 273 4886 1855 4958; baseline 0.002 -19"><span class='ocrx_word' id='word_1_631' title='bbox 273 4905 393 4953; x_wconf 84' lang='grc' dir='ltr'>νυν,</span> <span class='ocrx_word' id='word_1_632' title='bbox 418 4886 751 4958; x_wconf 82' lang='grc' dir='ltr'>παρακαλῶ,</span> <span class='ocrx_word' id='word_1_633' title='bbox 782 4891 811 4942; x_wconf 87' lang='grc' dir='ltr'><strong>ὁ</strong></span> <span class='ocrx_word' id='word_1_634' title='bbox 848 4888 948 4958; x_wconf 81' lang='grc' dir='ltr'>μὲν</span> <span class='ocrx_word' id='word_1_635' title='bbox 982 4887 1090 4940; x_wconf 69' lang='grc' dir='ltr'><strong>ἀπὸ</strong></span> <span class='ocrx_word' id='word_1_636' title='bbox 1111 4887 1207 4940; x_wconf 80' lang='grc' dir='ltr'>τοῦ</span> <span class='ocrx_word' id='word_1_637' title='bbox 1240 4887 1342 4948; x_wconf 84' lang='grc' dir='ltr'>τὰς</span> <span class='ocrx_word' id='word_1_638' title='bbox 1371 4889 1535 4958; x_wconf 86' lang='grc' dir='ltr'>εὐχὰς</span> <span class='ocrx_word' id='word_1_639' title='bbox 1565 4889 1855 4955; x_wconf 75' lang='grc' dir='ltr'>ἐπιτεῖναι,</span> 
     </span>
    </p>
   </div>
   <div class='ocr_carea' id='block_1_95' title="bbox 274 4978 1859 5051">
    <p class='ocr_par' dir='ltr' id='par_1_95' title="bbox 274 4978 1859 5051">
     <span class='ocr_line' id='line_1_95' title="bbox 274 4978 1859 5051; baseline 0.001 -19"><span class='ocrx_word' id='word_1_640' title='bbox 274 4983 303 5031; x_wconf 86' lang='grc' dir='ltr'>ὁ</span> <span class='ocrx_word' id='word_1_641' title='bbox 325 4980 382 5033; x_wconf 75' lang='grc' dir='ltr'>δι</span> <span class='ocrx_word' id='word_1_642' title='bbox 413 4979 525 5033; x_wconf 79' lang='grc' dir='ltr'><strong>ἀπὸ</strong></span> <span class='ocrx_word' id='word_1_643' title='bbox 562 4978 659 5033; x_wconf 84' lang='grc' dir='ltr'>τοῦ</span> <span class='ocrx_word' id='word_1_644' title='bbox 690 4980 950 5051; x_wconf 71' lang='grc' dir='ltr'>δακρύειν</span> <span class='ocrx_word' id='word_1_645' title='bbox 986 4980 1250 5051; x_wconf 85' lang='grc' dir='ltr'>συνεχῶς,</span> <span class='ocrx_word' id='word_1_646' title='bbox 1281 4985 1309 5034; x_wconf 80' lang='grc' dir='ltr'><strong><em>ὁ</em></strong></span> <span class='ocrx_word' id='word_1_647' title='bbox 1335 4980 1393 5033; x_wconf 85' lang='grc' dir='ltr'>δὲ</span> <span class='ocrx_word' id='word_1_648' title='bbox 1426 4981 1533 5034; x_wconf 76' lang='grc' dir='ltr'><strong>ἀπὺ</strong></span> <span class='ocrx_word' id='word_1_649' title='bbox 1564 4979 1661 5034; x_wconf 81' lang='grc' dir='ltr'>τοῦ</span> <span class='ocrx_word' id='word_1_650' title='bbox 1688 4997 1859 5050; x_wconf 83' lang='grc' dir='ltr'>κατη-</span> 
     </span>
    </p>
   </div>
   <div class='ocr_carea' id='block_1_96' title="bbox 271 5071 1854 5144">
    <p class='ocr_par' dir='ltr' id='par_1_96' title="bbox 271 5071 1854 5144">
     <span class='ocr_line' id='line_1_96' title="bbox 271 5071 1854 5144; baseline 0.001 -21"><span class='ocrx_word' id='word_1_651' title='bbox 271 5075 398 5139; x_wconf 79' lang='grc' dir='ltr'>φεῖν</span> <span class='ocrx_word' id='word_1_652' title='bbox 426 5071 569 5141; x_wconf 77' lang='grc' dir='ltr'>(οὐδὲ</span> <span class='ocrx_word' id='word_1_653' title='bbox 592 5072 850 5144; x_wconf 75' lang='grc' dir='ltr'>γάρούδὲ</span> <span class='ocrx_word' id='word_1_654' title='bbox 878 5071 1040 5125; x_wconf 78' lang='grc' dir='ltr'>τοῦτο</span> <span class='ocrx_word' id='word_1_655' title='bbox 1067 5074 1129 5125; x_wconf 80' lang='grc' dir='ltr'><strong>τὸ</strong></span> <span class='ocrx_word' id='word_1_656' title='bbox 1159 5071 1304 5125; x_wconf 76' lang='grc' dir='ltr'>οὕτω</span> <span class='ocrx_word' id='word_1_657' title='bbox 1332 5073 1533 5144; x_wconf 67' lang='grc' dir='ltr'>μικρὸν</span> <span class='ocrx_word' id='word_1_658' title='bbox 1556 5071 1817 5144; x_wconf 81' lang='grc' dir='ltr'>ἀνόνητον</span> <span class='ocrx_word' id='word_1_659' title='bbox 1838 5089 1854 5105; x_wconf 86' lang='grc'><strong>·</strong></span> 
     </span>
    </p>
   </div>
   <div class='ocr_carea' id='block_1_97' title="bbox 269 5163 1855 5237">
    <p class='ocr_par' dir='ltr' id='par_1_97' title="bbox 269 5163 1855 5237">
     <span class='ocr_line' id='line_1_97' title="bbox 269 5163 1855 5237; baseline -0.001 -18"><span class='ocrx_word' id='word_1_660' title='bbox 269 5165 427 5220; x_wconf 70' lang='grc' dir='ltr'>Εἶδον</span> <span class='ocrx_word' id='word_1_661' title='bbox 447 5165 576 5237; x_wconf 83' lang='grc' dir='ltr'>γὰρ,</span> <span class='ocrx_word' id='word_1_662' title='bbox 595 5165 783 5235; x_wconf 69' lang='grc' dir='ltr'>φησιν,</span> <span class='ocrx_word' id='word_1_663' title='bbox 802 5165 884 5219; x_wconf 87' lang='grc' dir='ltr'>ὅτι</span> <span class='ocrx_word' id='word_1_664' title='bbox 906 5163 1171 5235; x_wconf 78' lang='grc' dir='ltr'>ἐλυπήθη,</span> <span class='ocrx_word' id='word_1_665' title='bbox 1194 5167 1287 5220; x_wconf 74' lang='grc' dir='ltr'><strong>καὶ</strong></span> <span class='ocrx_word' id='word_1_666' title='bbox 1308 5164 1580 5235; x_wconf 74' lang='grc' dir='ltr'>ἐπορεύθη</span> <span class='ocrx_word' id='word_1_667' title='bbox 1606 5166 1855 5233; x_wconf 81' lang='grc' dir='ltr'>στυγνὸς,</span> 
     </span>
    </p>
   </div>
   <div class='ocr_carea' id='block_1_98' title="bbox 268 5254 1857 5337">
    <p class='ocr_par' dir='ltr' id='par_1_98' title="bbox 268 5254 1857 5337">
     <span class='ocr_line' id='line_1_98' title="bbox 268 5254 1857 5337; baseline 0.001 -27"><span class='ocrx_word' id='word_1_668' title='bbox 268 5260 366 5311; x_wconf 75' lang='grc' dir='ltr'>καὶ</span> <span class='ocrx_word' id='word_1_669' title='bbox 393 5259 639 5329; x_wconf 73' lang='grc' dir='ltr'>ἰασάμην</span> <span class='ocrx_word' id='word_1_670' title='bbox 665 5258 765 5321; x_wconf 87' lang='grc' dir='ltr'>τὰς</span> <span class='ocrx_word' id='word_1_671' title='bbox 790 5256 942 5320; x_wconf 82' lang='grc' dir='ltr'>ὁδοὺς</span> <span class='ocrx_word' id='word_1_672' title='bbox 973 5254 1188 5337; x_wconf 81' lang='grc' dir='ltr'>αὑτοῦ),</span> <span class='ocrx_word' id='word_1_673' title='bbox 1220 5259 1247 5310; x_wconf 86' lang='grc' dir='ltr'>ὁ</span> <span class='ocrx_word' id='word_1_674' title='bbox 1281 5256 1338 5310; x_wconf 78' lang='grc' dir='ltr'>δὲ</span> <span class='ocrx_word' id='word_1_675' title='bbox 1368 5256 1477 5310; x_wconf 77' lang='grc' dir='ltr'><strong>ἀπὸ</strong></span> <span class='ocrx_word' id='word_1_676' title='bbox 1504 5256 1597 5310; x_wconf 82' lang='grc' dir='ltr'><strong>τοῦ</strong></span> <span class='ocrx_word' id='word_1_677' title='bbox 1627 5257 1857 5326; x_wconf 68' lang='grc' dir='ltr'>ἐλεημο-</span> 
     </span>
    </p>
   </div>
   <div class='ocr_carea' id='block_1_99' title="bbox 268 5346 1854 5422">
    <p class='ocr_par' dir='ltr' id='par_1_99' title="bbox 268 5346 1854 5422">
     <span class='ocr_line' id='line_1_99' title="bbox 268 5346 1854 5422; baseline -0.001 -16"><span class='ocrx_word' id='word_1_678' title='bbox 268 5351 442 5422; x_wconf 74' lang='grc' dir='ltr'>σύνην</span> <span class='ocrx_word' id='word_1_679' title='bbox 474 5352 673 5416; x_wconf 83' lang='grc' dir='ltr'>ποιεῖν,</span> <span class='ocrx_word' id='word_1_680' title='bbox 699 5352 728 5403; x_wconf 86' lang='grc' dir='ltr'>ὁ</span> <span class='ocrx_word' id='word_1_681' title='bbox 765 5348 821 5402; x_wconf 85' lang='grc' dir='ltr'>δὲ</span> <span class='ocrx_word' id='word_1_682' title='bbox 848 5346 1077 5411; x_wconf 57' lang='lat' dir='ltr'><strong>auaros</strong></span> <span class='ocrx_word' id='word_1_683' title='bbox 1112 5349 1340 5419; x_wconf 70' lang='grc' dir='ltr'>ἀφιέναι</span> <span class='ocrx_word' id='word_1_684' title='bbox 1363 5350 1476 5410; x_wconf 82' lang='grc' dir='ltr'>τοῖς</span> <span class='ocrx_word' id='word_1_685' title='bbox 1527 5348 1757 5418; x_wconf 88' lang='grc' dir='ltr'>πλησίον</span> <span class='ocrx_word' id='word_1_686' title='bbox 1784 5352 1854 5404; x_wconf 74' lang='grc' dir='ltr'>τὰ</span> 
     </span>
    </p>
   </div>
   <div class='ocr_carea' id='block_1_100' title="bbox 271 5439 1856 5516">
    <p class='ocr_par' dir='ltr' id='par_1_100' title="bbox 271 5439 1856 5516">
     <span class='ocr_line' id='line_1_100' title="bbox 271 5439 1856 5516; baseline -0.001 -18"><span class='ocrx_word' id='word_1_687' title='bbox 271 5444 671 5516; x_wconf 73' lang='grc' dir='ltr'>ἁμαρτήματα,</span> <span class='ocrx_word' id='word_1_688' title='bbox 718 5441 748 5496; x_wconf 81' lang='grc' dir='ltr'><strong>ὁ</strong></span> <span class='ocrx_word' id='word_1_689' title='bbox 790 5440 847 5495; x_wconf 74' lang='grc' dir='ltr'>δὲ</span> <span class='ocrx_word' id='word_1_690' title='bbox 875 5440 983 5496; x_wconf 78' lang='grc' dir='ltr'>ἀπὸ</span> <span class='ocrx_word' id='word_1_691' title='bbox 1026 5440 1120 5494; x_wconf 84' lang='grc' dir='ltr'>τοῦ</span> <span class='ocrx_word' id='word_1_692' title='bbox 1165 5439 1241 5512; x_wconf 81' lang='grc' dir='ltr'>μὴ</span> <span class='ocrx_word' id='word_1_693' title='bbox 1284 5443 1672 5515; x_wconf 76' lang='grc' dir='ltr'>μνησικακεῖν,</span> <span class='ocrx_word' id='word_1_694' title='bbox 1721 5443 1856 5512; x_wconf 83' lang='grc' dir='ltr'>μηδὲ</span> 
     </span>
    </p>
   </div>
   <div class='ocr_carea' id='block_1_101' title="bbox 269 5532 601 5603">
    <p class='ocr_par' dir='ltr' id='par_1_101' title="bbox 269 5532 601 5603">
     <span class='ocr_line' id='line_1_101' title="bbox 269 5532 601 5603; baseline 0.003 -15"><span class='ocrx_word' id='word_1_695' title='bbox 269 5532 601 5603; x_wconf 81' lang='grc' dir='ltr'>ἀμύνεσθαι.</span> 
     </span>
    </p>
   </div>
   <div class='ocr_carea' id='block_1_102' title="bbox 346 5622 1850 5697">
    <p class='ocr_par' dir='ltr' id='par_1_102' title="bbox 346 5622 1850 5697">
     <span class='ocr_line' id='line_1_102' title="bbox 346 5622 1850 5697; baseline -0.003 -19"><span class='ocrx_word' id='word_1_696' title='bbox 346 5625 464 5679; x_wconf 82' lang='grc' dir='ltr'>Οὐκ</span> <span class='ocrx_word' id='word_1_697' title='bbox 508 5624 625 5677; x_wconf 79' lang='grc' dir='ltr'>εστι</span> <span class='ocrx_word' id='word_1_698' title='bbox 677 5625 967 5697; x_wconf 74' lang='grc' dir='ltr'>προτροπή</span> <span class='ocrx_word' id='word_1_699' title='bbox 1022 5639 1107 5695; x_wconf 71' lang='grc' dir='ltr'><strong>τις</strong></span> <span class='ocrx_word' id='word_1_700' title='bbox 1156 5622 1379 5694; x_wconf 80' lang='grc' dir='ltr'>τοιαύτη</span> <span class='ocrx_word' id='word_1_701' title='bbox 1436 5623 1574 5695; x_wconf 75' lang='grc' dir='ltr'>πρὸς</span> <span class='ocrx_word' id='word_1_702' title='bbox 1629 5622 1850 5697; x_wconf 84' lang='grc' dir='ltr'>ἀρετὴν,</span> 
     </span>
    </p>
   </div>
   <div class='ocr_carea' id='block_1_103' title="bbox 272 5712 1189 5789">
    <p class='ocr_par' dir='ltr' id='par_1_103' title="bbox 272 5712 1189 5789">
     <span class='ocr_line' id='line_1_103' title="bbox 272 5712 1189 5789; baseline -0.001 -15"><span class='ocrx_word' id='word_1_703' title='bbox 272 5712 382 5775; x_wconf 74' lang='grc' dir='ltr'>οἷον</span> <span class='ocrx_word' id='word_1_704' title='bbox 414 5718 835 5789; x_wconf 80' lang='grc' dir='ltr'>ἁμαρτημάτων</span> <span class='ocrx_word' id='word_1_705' title='bbox 858 5718 1189 5789; x_wconf 84' lang='grc' dir='ltr'>ἀνάμνησις.</span> 
     </span>
    </p>
   </div>
   <div class='ocr_carea' id='block_1_104' title="bbox 361 5809 1851 5889">
    <p class='ocr_par' dir='ltr' id='par_1_104' title="bbox 361 5809 1851 5889">
     <span class='ocr_line' id='line_1_104' title="bbox 361 5809 1851 5889; baseline 0.003 -25"><span class='ocrx_word' id='word_1_706' title='bbox 361 5809 503 5883; x_wconf 77' lang='grc' dir='ltr'>Ὀδοὶ</span> <span class='ocrx_word' id='word_1_707' title='bbox 532 5811 820 5885; x_wconf 84' lang='grc' dir='ltr'>μετανοίας</span> <span class='ocrx_word' id='word_1_708' title='bbox 851 5811 1016 5867; x_wconf 77' lang='grc' dir='ltr'>πέντε</span> <span class='ocrx_word' id='word_1_709' title='bbox 1041 5828 1054 5844; x_wconf 92' lang='grc'>·</span> <span class='ocrx_word' id='word_1_710' title='bbox 1088 5810 1281 5884; x_wconf 83' lang='grc' dir='ltr'>πρώτη</span> <span class='ocrx_word' id='word_1_711' title='bbox 1305 5811 1339 5889; x_wconf 89' lang='grc' dir='ltr'><strong>ή</strong></span> <span class='ocrx_word' id='word_1_712' title='bbox 1367 5810 1714 5881; x_wconf 57' lang='grc' dir='ltr'>κατάγνωσις</span> <span class='ocrx_word' id='word_1_713' title='bbox 1743 5812 1851 5868; x_wconf 83' lang='grc' dir='ltr'><strong>τῶν</strong></span> 
     </span>
    </p>
   </div>
   <div class='ocr_carea' id='block_1_105' title="bbox 1965 4602 3544 4673">
    <p class='ocr_par' dir='ltr' id='par_1_105' title="bbox 1965 4602 3544 4673">
     <span class='ocr_line' id='line_1_105' title="bbox 1965 4602 3544 4673; baseline -0.003 -16"><span class='ocrx_word' id='word_1_714' title='bbox 1965 4614 2099 4668; x_wconf 74' lang='lat' dir='ltr'><strong>acet,</strong></span> <span class='ocrx_word' id='word_1_715' title='bbox 2127 4602 2255 4656; x_wconf 89' lang='lat' dir='ltr'><strong>dum</strong></span> <span class='ocrx_word' id='word_1_716' title='bbox 2288 4618 2505 4673; x_wconf 89' lang='lat' dir='ltr'><strong>semper</strong></span> <span class='ocrx_word' id='word_1_717' title='bbox 2530 4604 2841 4667; x_wconf 83' lang='lat' dir='ltr'><strong>conﬁtetur,</strong></span> <span class='ocrx_word' id='word_1_718' title='bbox 2877 4618 3157 4672; x_wconf 87' lang='lat' dir='ltr'><strong>nunquam</strong></span> <span class='ocrx_word' id='word_1_719' title='bbox 3202 4619 3331 4658; x_wconf 83' lang='lat' dir='ltr'><strong>vero</strong></span> <span class='ocrx_word' id='word_1_720' title='bbox 3357 4619 3544 4659; x_wconf 56' lang='lat' dir='ltr'><strong>einen.</strong></span> 
     </span>
    </p>
   </div>
   <div class='ocr_carea' id='block_1_106' title="bbox 1965 4695 3546 4767">
    <p class='ocr_par' dir='ltr' id='par_1_106' title="bbox 1965 4695 3546 4767">
     <span class='ocr_line' id='line_1_106' title="bbox 1965 4695 3546 4767; baseline 0.003 -17"><span class='ocrx_word' id='word_1_721' title='bbox 1965 4695 2202 4751; x_wconf 82' lang='lat' dir='ltr'><strong>daliouis</strong></span> <span class='ocrx_word' id='word_1_722' title='bbox 2261 4710 2450 4750; x_wconf 89' lang='lat' dir='ltr'><strong>curam</strong></span> <span class='ocrx_word' id='word_1_723' title='bbox 2519 4695 2702 4749; x_wconf 87' lang='lat' dir='ltr'><strong>habet.</strong></span> <span class='ocrx_word' id='word_1_724' title='bbox 2764 4695 3101 4766; x_wconf 86' lang='lat' dir='ltr'><strong>Principium</strong></span> <span class='ocrx_word' id='word_1_725' title='bbox 3168 4697 3333 4767; x_wconf 79' lang='lat' dir='ltr'><strong>igitur</strong></span> <span class='ocrx_word' id='word_1_726' title='bbox 3402 4708 3546 4754; x_wconf 68' lang='lat' dir='ltr'><strong>reme</strong></span> 
     </span>
    </p>
   </div>
   <div class='ocr_carea' id='block_1_107' title="bbox 1964 4785 3545 4856">
    <p class='ocr_par' dir='ltr' id='par_1_107' title="bbox 1964 4785 3545 4856">
     <span class='ocr_line' id='line_1_107' title="bbox 1964 4785 3545 4856; baseline 0.003 -14"><span class='ocrx_word' id='word_1_727' title='bbox 1964 4785 2340 4856; x_wconf 71' lang='lat' dir='ltr'><strong>instituamus,</strong></span> <span class='ocrx_word' id='word_1_728' title='bbox 2375 4797 2429 4843; x_wconf 91' lang='lat' dir='ltr'><strong>et</strong></span> <span class='ocrx_word' id='word_1_729' title='bbox 2457 4789 2642 4843; x_wconf 90' lang='lat' dir='ltr'><strong>omnia</strong></span> <span class='ocrx_word' id='word_1_730' title='bbox 2669 4787 2808 4844; x_wconf 59' lang='lat' dir='ltr'><strong>levia</strong></span> <span class='ocrx_word' id='word_1_731' title='bbox 2849 4790 2973 4844; x_wconf 87' lang='lat' dir='ltr'><strong>licnt</strong></span> <span class='ocrx_word' id='word_1_732' title='bbox 3000 4800 3055 4845; x_wconf 89' lang='lat' dir='ltr'><strong>et</strong></span> <span class='ocrx_word' id='word_1_733' title='bbox 3079 4791 3357 4846; x_wconf 82' lang='lat' dir='ltr'><strong>facillima.</strong></span> <span class='ocrx_word' id='word_1_734' title='bbox 3404 4792 3545 4847; x_wconf 73' lang='lat' dir='ltr'><strong>luci—</strong></span> 
     </span>
    </p>
   </div>
   <div class='ocr_carea' id='block_1_108' title="bbox 1965 4880 3544 4954">
    <p class='ocr_par' dir='ltr' id='par_1_108' title="bbox 1965 4880 3544 4954">
     <span class='ocr_line' id='line_1_108' title="bbox 1965 4880 3544 4954; baseline 0.005 -20"><span class='ocrx_word' id='word_1_735' title='bbox 1965 4880 2178 4951; x_wconf 89' lang='lat' dir='ltr'><strong>piamus</strong></span> <span class='ocrx_word' id='word_1_736' title='bbox 2208 4896 2340 4951; x_wconf 84' lang='lat' dir='ltr'><strong>ergo</strong></span> <span class='ocrx_word' id='word_1_737' title='bbox 2374 4881 2447 4935; x_wconf 88' lang='lat' dir='ltr'><strong>ita</strong></span> <span class='ocrx_word' id='word_1_738' title='bbox 2486 4889 2548 4935; x_wconf 91' lang='lat' dir='ltr'><strong>ut</strong></span> <span class='ocrx_word' id='word_1_739' title='bbox 2596 4881 2739 4937; x_wconf 85' lang='lat' dir='ltr'><strong>alius</strong></span> <span class='ocrx_word' id='word_1_740' title='bbox 2792 4883 3097 4938; x_wconf 79' lang='lat' dir='ltr'><strong>orationem</strong></span> <span class='ocrx_word' id='word_1_741' title='bbox 3144 4894 3360 4954; x_wconf 84' lang='lat' dir='ltr'><strong>augeat,</strong></span> <span class='ocrx_word' id='word_1_742' title='bbox 3402 4886 3544 4942; x_wconf 89' lang='lat' dir='ltr'><strong>alius</strong></span> 
     </span>
    </p>
   </div>
   <div class='ocr_carea' id='block_1_109' title="bbox 1965 4974 3546 5046">
    <p class='ocr_par' dir='ltr' id='par_1_109' title="bbox 1965 4974 3546 5046">
     <span class='ocr_line' id='line_1_109' title="bbox 1965 4974 3546 5046; baseline 0.005 -17"><span class='ocrx_word' id='word_1_743' title='bbox 1965 4974 2198 5029; x_wconf 90' lang='lat' dir='ltr'><strong>subinde</strong></span> <span class='ocrx_word' id='word_1_744' title='bbox 2237 4975 2589 5046; x_wconf 86' lang='lat' dir='ltr'><strong>lacrymetur,</strong></span> <span class='ocrx_word' id='word_1_745' title='bbox 2621 4977 2762 5032; x_wconf 87' lang='lat' dir='ltr'><strong>alius</strong></span> <span class='ocrx_word' id='word_1_746' title='bbox 2795 4979 2946 5033; x_wconf 82' lang='lat' dir='ltr'><strong>vultu</strong></span> <span class='ocrx_word' id='word_1_747' title='bbox 3001 4980 3245 5036; x_wconf 84' lang='lat' dir='ltr'><strong>demisso</strong></span> <span class='ocrx_word' id='word_1_748' title='bbox 3297 4983 3546 5040; x_wconf 79' lang='lat' dir='ltr'><strong>tri’stetur</strong></span> 
     </span>
    </p>
   </div>
   <div class='ocr_carea' id='block_1_110' title="bbox 1964 5067 3545 5144">
    <p class='ocr_par' dir='ltr' id='par_1_110' title="bbox 1964 5067 3545 5144">
     <span class='ocr_line' id='line_1_110' title="bbox 1964 5067 3545 5144; baseline 0.007 -23"><span class='ocrx_word' id='word_1_749' title='bbox 1964 5067 2114 5139; x_wconf 88' lang='lat' dir='ltr'><strong>(nam</strong></span> <span class='ocrx_word' id='word_1_750' title='bbox 2162 5083 2228 5122; x_wconf 92' lang='lat' dir='ltr'><strong>ne</strong></span> <span class='ocrx_word' id='word_1_751' title='bbox 2284 5068 2390 5126; x_wconf 86' lang='lat' dir='ltr'><strong>hoc</strong></span> <span class='ocrx_word' id='word_1_752' title='bbox 2439 5071 2686 5139; x_wconf 87' lang='lat' dir='ltr'><strong>quidem,</strong></span> <span class='ocrx_word' id='word_1_753' title='bbox 2722 5084 3002 5143; x_wconf 84' lang='lat' dir='ltr'><strong>utcunque</strong></span> <span class='ocrx_word' id='word_1_754' title='bbox 3049 5089 3299 5144; x_wconf 80' lang='lat' dir='ltr'><strong>parvum,</strong></span> <span class='ocrx_word' id='word_1_755' title='bbox 3352 5076 3545 5132; x_wconf 82' lang='lat' dir='ltr'><strong>inutile</strong></span> 
     </span>
    </p>
   </div>
   <div class='ocr_carea' id='block_1_111' title="bbox 1966 5161 3541 5235">
    <p class='ocr_par' dir='ltr' id='par_1_111' title="bbox 1966 5161 3541 5235">
     <span class='ocr_line' id='line_1_111' title="bbox 1966 5161 3541 5235; baseline 0.006 -21"><span class='ocrx_word' id='word_1_756' title='bbox 1966 5161 2150 5218; x_wconf 77' lang='lat' dir='ltr'><strong>fuerit.</strong></span> <span class='ocrx_word' id='word_1_757' title='bbox 2178 5161 2302 5217; x_wconf 73' lang='lat' dir='ltr'><strong>Vidi</strong></span> <span class='ocrx_word' id='word_1_758' title='bbox 2334 5163 2480 5217; x_wconf 88' lang='lat' dir='ltr'><strong>enim</strong></span> <span class='ocrx_word' id='word_1_759' title='bbox 2520 5165 2741 5235; x_wconf 90' lang='lat' dir='ltr'><strong>(inquit)</strong></span> <span class='ocrx_word' id='word_1_760' title='bbox 2775 5166 3050 5221; x_wconf 88' lang='lat' dir='ltr'><strong>tristatum</strong></span> <span class='ocrx_word' id='word_1_761' title='bbox 3087 5176 3141 5222; x_wconf 87' lang='lat' dir='ltr'><strong>et</strong></span> <span class='ocrx_word' id='word_1_762' title='bbox 3168 5169 3541 5225; x_wconf 84' lang='lat' dir='ltr'><strong>ambulantem</strong></span> 
     </span>
    </p>
   </div>
   <div class='ocr_carea' id='block_1_112' title="bbox 1965 5253 3545 5333">
    <p class='ocr_par' dir='ltr' id='par_1_112' title="bbox 1965 5253 3545 5333">
     <span class='ocr_line' id='line_1_112' title="bbox 1965 5253 3545 5333; baseline 0.004 -23"><span class='ocrx_word' id='word_1_763' title='bbox 1965 5270 2089 5310; x_wconf 91' lang='lat' dir='ltr'><strong>cum</strong></span> <span class='ocrx_word' id='word_1_764' title='bbox 2114 5253 2397 5319; x_wconf 70' lang='lat' dir='ltr'><strong>mmstitia,</strong></span> <span class='ocrx_word' id='word_1_765' title='bbox 2429 5264 2484 5310; x_wconf 90' lang='lat' dir='ltr'><strong>et</strong></span> <span class='ocrx_word' id='word_1_766' title='bbox 2508 5260 2691 5311; x_wconf 83' lang='lat' dir='ltr'><strong>sanavi</strong></span> <span class='ocrx_word' id='word_1_767' title='bbox 2727 5259 2845 5313; x_wconf 88' lang='lat' dir='ltr'><strong>vias</strong></span> <span class='ocrx_word' id='word_1_768' title='bbox 2874 5257 3049 5331; x_wconf 88' lang='lat' dir='ltr'><strong>ejus),</strong></span> <span class='ocrx_word' id='word_1_769' title='bbox 3078 5260 3215 5317; x_wconf 88' lang='lat' dir='ltr'><strong>alius</strong></span> <span class='ocrx_word' id='word_1_770' title='bbox 3244 5261 3545 5333; x_wconf 77' lang='lat' dir='ltr'><strong>eleemOsy-</strong></span> 
     </span>
    </p>
   </div>
   <div class='ocr_carea' id='block_1_113' title="bbox 1964 5347 3540 5422">
    <p class='ocr_par' dir='ltr' id='par_1_113' title="bbox 1964 5347 3540 5422">
     <span class='ocr_line' id='line_1_113' title="bbox 1964 5347 3540 5422; baseline 0.002 -18"><span class='ocrx_word' id='word_1_771' title='bbox 1964 5366 2092 5404; x_wconf 88' lang='lat' dir='ltr'><strong>nam</strong></span> <span class='ocrx_word' id='word_1_772' title='bbox 2137 5347 2322 5417; x_wconf 81' lang='lat' dir='ltr'><strong>faciat,</strong></span> <span class='ocrx_word' id='word_1_773' title='bbox 2359 5351 2501 5404; x_wconf 84' lang='lat' dir='ltr'><strong>alius</strong></span> <span class='ocrx_word' id='word_1_774' title='bbox 2547 5349 2658 5422; x_wconf 77' lang='lat'><strong>36</strong></span> <span class='ocrx_word' id='word_1_775' title='bbox 2684 5359 2904 5420; x_wconf 85' lang='lat' dir='ltr'><strong>peccata</strong></span> <span class='ocrx_word' id='word_1_776' title='bbox 2937 5352 3204 5422; x_wconf 83' lang='lat' dir='ltr'><strong>proximis</strong></span> <span class='ocrx_word' id='word_1_777' title='bbox 3249 5355 3540 5421; x_wconf 87' lang='lat' dir='ltr'><strong>condonet,</strong></span> 
     </span>
    </p>
   </div>
   <div class='ocr_carea' id='block_1_114' title="bbox 1964 5442 3539 5515">
    <p class='ocr_par' dir='ltr' id='par_1_114' title="bbox 1964 5442 3539 5515">
     <span class='ocr_line' id='line_1_114' title="bbox 1964 5442 3539 5515; baseline 0.001 -17"><span class='ocrx_word' id='word_1_778' title='bbox 1964 5444 2105 5500; x_wconf 85' lang='lat' dir='ltr'><strong>alius</strong></span> <span class='ocrx_word' id='word_1_779' title='bbox 2134 5442 2369 5515; x_wconf 88' lang='lat' dir='ltr'><strong>denique</strong></span> <span class='ocrx_word' id='word_1_780' title='bbox 2401 5442 2470 5498; x_wconf 88' lang='lat' dir='ltr'><strong>ab</strong></span> <span class='ocrx_word' id='word_1_781' title='bbox 2513 5443 2790 5497; x_wconf 86' lang='lat' dir='ltr'><strong>oblivione</strong></span> <span class='ocrx_word' id='word_1_782' title='bbox 2829 5445 3098 5500; x_wconf 90' lang='lat' dir='ltr'><strong>malorum</strong></span> <span class='ocrx_word' id='word_1_783' title='bbox 3129 5454 3184 5501; x_wconf 89' lang='lat' dir='ltr'><strong>et</strong></span> <span class='ocrx_word' id='word_1_784' title='bbox 3216 5445 3539 5515; x_wconf 74' lang='lat' dir='ltr'><strong>iniuriarum</strong></span> 
     </span>
    </p>
   </div>
   <div class='ocr_carea' id='block_1_115' title="bbox 1964 5534 2995 5607">
    <p class='ocr_par' dir='ltr' id='par_1_115' title="bbox 1964 5534 2995 5607">
     <span class='ocr_line' id='line_1_115' title="bbox 1964 5534 2995 5607; baseline 0.001 -18"><span class='ocrx_word' id='word_1_785' title='bbox 1964 5534 2213 5604; x_wconf 88' lang='lat' dir='ltr'><strong>deposito</strong></span> <span class='ocrx_word' id='word_1_786' title='bbox 2247 5534 2475 5590; x_wconf 89' lang='lat' dir='ltr'><strong>ultionis</strong></span> <span class='ocrx_word' id='word_1_787' title='bbox 2507 5534 2707 5591; x_wconf 71' lang='lat' dir='ltr'><strong>affectu</strong></span> <span class='ocrx_word' id='word_1_788' title='bbox 2742 5534 2995 5607; x_wconf 88' lang='lat' dir='ltr'><strong>incipiat.</strong></span> 
     </span>
    </p>
   </div>
   <div class='ocr_carea' id='block_1_116' title="bbox 2033 5620 3558 5699">
    <p class='ocr_par' dir='ltr' id='par_1_116' title="bbox 2033 5620 3558 5699">
     <span class='ocr_line' id='line_1_116' title="bbox 2033 5620 3558 5699; baseline 0.003 -18"><span class='ocrx_word' id='word_1_789' title='bbox 2033 5627 2180 5682; x_wconf 83' lang='lat' dir='ltr'><strong>Nihil</strong></span> <span class='ocrx_word' id='word_1_790' title='bbox 2222 5627 2356 5684; x_wconf 83' lang='lat' dir='ltr'><strong>adeo</strong></span> <span class='ocrx_word' id='word_1_791' title='bbox 2384 5627 2637 5682; x_wconf 82' lang='lat' dir='ltr'><strong>virtutem</strong></span> <span class='ocrx_word' id='word_1_792' title='bbox 2685 5637 2992 5698; x_wconf 84' lang='lat' dir='ltr'><strong>promovet,</strong></span> <span class='ocrx_word' id='word_1_793' title='bbox 3027 5641 3190 5699; x_wconf 83' lang='lat' dir='ltr'><strong>quam</strong></span> <span class='ocrx_word' id='word_1_794' title='bbox 3232 5620 3558 5686; x_wconf 58' lang='lat' dir='ltr'><strong>recordatio</strong></span> 
     </span>
    </p>
   </div>
   <div class='ocr_carea' id='block_1_117' title="bbox 1962 5732 2329 5794">
    <p class='ocr_par' dir='ltr' id='par_1_117' title="bbox 1962 5732 2329 5794">
     <span class='ocr_line' id='line_1_117' title="bbox 1962 5732 2329 5794; baseline -0.003 -15"><span class='ocrx_word' id='word_1_795' title='bbox 1962 5732 2329 5794; x_wconf 82' lang='lat' dir='ltr'><strong>peccatorum.</strong></span> 
     </span>
    </p>
   </div>
   <div class='ocr_carea' id='block_1_118' title="bbox 2037 5811 3545 5896">
    <p class='ocr_par' dir='ltr' id='par_1_118' title="bbox 2037 5811 3545 5896">
     <span class='ocr_line' id='line_1_118' title="bbox 2037 5811 3545 5896; baseline 0.008 -29"><span class='ocrx_word' id='word_1_796' title='bbox 2037 5812 2148 5869; x_wconf 79' lang='lat' dir='ltr'><strong>Viae</strong></span> <span class='ocrx_word' id='word_1_797' title='bbox 2188 5814 2546 5885; x_wconf 73' lang='lat' dir='ltr'><strong>paenitudinis</strong></span> <span class='ocrx_word' id='word_1_798' title='bbox 2588 5822 2719 5896; x_wconf 81' lang='lat' dir='ltr'><strong>sunt</strong></span> <span class='ocrx_word' id='word_1_799' title='bbox 2763 5814 3005 5891; x_wconf 79' lang='lat' dir='ltr'><strong>quinque</strong></span> <span class='ocrx_word' id='word_1_800' title='bbox 3039 5830 3052 5883; x_wconf 81' lang='lat'>;</span> <span class='ocrx_word' id='word_1_801' title='bbox 3093 5811 3295 5884; x_wconf 84' lang='lat' dir='ltr'><strong>prima,</strong></span> <span class='ocrx_word' id='word_1_802' title='bbox 3336 5813 3545 5884; x_wconf 59' lang='lat' dir='ltr'><strong>astitui;</strong></span> 
     </span>
    </p>
   </div>
  </div>
