3980 6248
457 305 556 369 δ31

1738 300 2050 360 At‘l'l‘UNIl
2109 304 2455 364 MELISS/E

3593 309 3694 374 832

461 429 510 475 et
541 418 836 487 increpatio
865 423 1210 487 peccatorum
1238 430 1251 476 ;
1295 409 1556 476 secunda,
1593 412 1853 480 proximis
1887 428 2017 467 suos

2130 417 2522 486 ἡμαρτημένων
2548 432 2558 444 ·
2611 414 2842 486 δευτέρα
2871 417 2929 468 τὸ
2959 415 3178 484 ἀφεῖναι
3222 417 3334 478 τοῖς
3371 416 3600 485 πλησίον
3629 423 3694 475 τὰ

459 524 671 564 errores
723 507 1054 566 condonare;
1099 502 1254 556 tertia
1294 515 1413 569 quae
1465 501 1643 570 litper
1681 505 2018 570 orationem;

458 571 674 666 quarta,
703 611 800 665 per
826 596 1217 662 eleemosynam
1254 609 1269 656 ς
1305 589 1514 659 quinta,
1537 607 1631 660 per
1665 594 2020 648 humilitatem

459 686 645 739 animi.

528 774 825 830 Clementis.
878 769 1154 844 Optimum
1190 775 1434 842 quidem,
1471 792 1576 830 non
1612 790 1876 845 peccare;
1929 777 2020 830 sed

459 865 560 916 hoc
585 863 744 916 etiam
787 861 984 915 bonum
1017 872 1101 914 est
1131 863 1174 916 si
1213 874 1520 930 peccatores
1550 865 1603 918 in
1638 865 1773 916 viam
1798 865 2022 918 redeant

459 952 786 1020 paenitentia:
817 951 1080 1004 beneﬁcio
1117 968 1132 1004 :
1178 953 1631 1020 quemadmodum
1666 963 1718 1007 et
1762 955 2016 1006 continua

458 1042 660 1094 sanitas
690 1043 890 1110 optima
922 1051 1023 1105 est,
1052 1042 1251 1095 bonum
1286 1054 1460 1096 tamen
1493 1053 1574 1098 est
1601 1043 1855 1098 amissam
1889 1057 2021 1112 quo-

453 1148 559 1199 que
580 1143 705 1200 post
737 1133 982 1185 morbum
1010 1147 1350 1201 recuperare.

527 1226 661 1280 Vera
690 1225 1006 1294 pcenitentia
1047 1233 1150 1287 est,
1176 1239 1282 1277 non
1317 1225 1550 1294 amplius
1580 1225 1780 1278 eisdem
1815 1223 2018 1279 allecti-

454 1319 555 1370 l.us
585 1315 878 1371 obnoxium
925 1315 1276 1384 deprehendi,
1309 1318 1401 1371 sed
1442 1318 1687 1371 funditus
1739 1319 1805 1370 ah
1836 1320 2014 1372 anima

451 1409 681 1462 evellere
699 1409 798 1463 ista
823 1419 1062 1476 peccata,
1085 1423 1312 1477 quorum
1345 1423 1507 1463 causa
1532 1409 1728 1478 aliquis
1755 1425 1813 1463 se
1843 1419 2016 1464 morte

373 1557 381 1565 ε
451 1501 672 1568 dignum
699 1499 1049 1567 judicaverit.

520 1590 843 1644 Paenitentia
897 1601 1023 1646 tunc
1070 1607 1230 1644 omne
1300 1601 1579 1660 peccatum
1638 1594 1834 1658 abolet,
1891 1610 2011 1649 cum

450 1682 636 1750 aliquo
673 1681 726 1735 in
762 1681 941 1735 :mima
970 1697 1156 1736 errore
1194 1683 1386 1736 oborto
1415 1697 1618 1735 moram
1653 1697 1758 1736 non
1819 1683 2012 1736 admit-

2125 509 2534 578 ἁμαρτήματα·
2589 507 2743 578 τρίτη
2797 509 2829 577 ἡ
2885 508 2993 560 ἁπδ
3047 508 3146 576 τῆς
3191 507 3355 578 εὐχῆς
3397 511 3692 579 γινομένηο

2125 601 2355 668 τετάρτη
2384 602 2415 668 ἡ
2445 599 2551 651 ἀπὸ
2571 601 2669 669 τῆς
2695 599 3064 669 ἐλεημοσύνης
3089 616 3103 631 ο
3138 601 3362 671 πέμπτη
3391 602 3426 669 ἡ
3463 601 3574 653 ἀπὸ
3603 603 3697 668 τῆς

2122 691 2642 760 ταπεινοφροσύνης.
2969 692 2973 696 ’

2192 781 2368 833 Καλὸν
2409 781 2505 851 μὲν
2540 783 2600 834 τὸ
2632 783 2705 852 μὴ
2739 784 3075 853 ἁμαρτάνειν
3099 801 3112 814 ·
3157 783 3361 852 ἀγαθὸν
3390 783 3448 836 δὲ
3494 784 3590 835 καὶ
3636 785 3694 836 τὸ

2120 872 2533 940 ἁμαρτάνοντας
2582 873 2952 941 ὲπανάγεσθαι
2990 876 3077 929 διὰ
3129 875 3456 944 μετανοίας-ο
3505 874 3691 947 ὥσπερ

2120 962 2340 1029 ἄριστον
2370 963 2430 1014 τὸ
2463 963 2728 1030 ὑγιαίνειν
2761 967 2871 1029 ἀεὶ,
2901 966 3105 1034 ἁγαθδν
3129 967 3183 1020 δὲ
3223 967 3318 1020 καὶ
3343 969 3404 1020 τὸ
3442 967 3686 1038 ἁνασφῆ-

2119 1055 2206 1106 λαι
2237 1052 2377 1120 μετὰ
2396 1053 2492 1122 τὴν
2532 1055 2705 1108 νόσον.

2199 1229 2265 1279 Ἦ
2297 1228 2507 1296 ἁλιθινὴ
2542 1231 2798 1297 μετάνοια
2833 1231 2893 1282 τὸ
2923 1229 3119 1298 μηκέτι
3144 1233 3258 1293 τοῖς
3289 1230 3473 1292 αὐτοῖς
3506 1231 3683 1298 ἕνοχ·ν

2117 1319 2440 1386 εὑρεθῆναι·
2494 1320 2609 1370 ἁλλ’
2664 1320 2833 1387 ἄρδην
2881 1320 3179 1386 ὲκριζῶσαι
3223 1321 3323 1389 τῆς
3362 1319 3565 1391 ψυχῆς,
3605 1318 3684 1386 ἐφ’

2115 1403 2195 1471 οἷς
2221 1409 2412 1462 ἑαυτοῦ
2455 1413 2701 1478 κατέγνω
2735 1411 2961 1480 θάνατον
2990 1413 3402 1484 ἁμαρτήμασιν.
3439 1418 3442 1421 ’

2182 1584 2454 1638 Μετάνοια
2475 1586 2593 1638 τότε
2624 1587 3020 1656 ἁμαρτήματος
3050 1588 3250 1650 παντὸς
3299 1587 3507 1654 γίνεται
3543 1589 3679 1640 ἁπα-

2116 1675 2386 1746 λειπτικὴ,
2435 1677 2564 1728 ὅταν
2599 1677 2689 1729 ἐπὶ
2738 1677 2816 1746 τῷ
2867 1679 3144 1748 γενομένῳ
3191 1679 3369 1748 ψυχῆς
3402 1679 3681 1748 σφάλματι

452 1773 535 1832 tit,
593 1787 766 1840 neque
799 1773 864 1824 ad
920 1773 1088 1825 ullum
1143 1773 1402 1840 temporis
1425 1771 1656 1838 spatium
1687 1771 2022 1826 aliectionem

2130 1765 2389 1834 ἀναϐολὴν
2425 1766 2499 1835 μὴ
2544 1766 2787 1837 δέξηται,
2854 1769 2988 1837 μηδὲ
3019 1769 3367 1840 παραπέμψῃ
3402 1769 3464 1821 τὸ
3517 1770 3682 1832 πάθος

453 1861 791 1916 transmittit.
822 1861 913 1916 Sic
953 1863 1093 1917 enim
1130 1861 1335 1916 nullum
1379 1861 1626 1914 criminis
1660 1861 1939 1929 vestigium
1963 1862 2016 1914 in

454 1953 610 2007 nobis
651 1953 883 2022 relinqui
912 1963 1104 2022 potest,
1148 1969 1268 2008 cum
1317 1953 1372 2006 in
1421 1950 1594 2019 primo
1634 1952 1879 2020 ingressu
1936 1969 2020 2006 re-

452 2045 697 2111 velatur,
745 2046 917 2101 instar
966 2046 1163 2115 planta:
1223 2043 1401 2098 adhuc
1470 2049 1667 2096 tenerae
1733 2053 2017 2113 antequam

341 2158 350 2167 -
451 2136 742 2191 radicetur.

533 2230 1000 2298 Quemadmodum
1035 2230 1218 2286 cancri
1274 2231 1432 2290 facile
1460 2236 1750 2306 capiuntur
1785 2229 2020 2294 insidiis,

457 2338 522 2375 eo
545 2322 687 2389 quod
712 2321 846 2376 alias
872 2329 1205 2390 antrorsum,
1234 2322 1368 2378 alias
1399 2335 1695 2379 retrorsum
1727 2322 1978 2376 incedant
2005 2338 2018 2374 :

461 2413 540 2466 sic
563 2412 726 2466 etiam
751 2411 952 2476 anima,
987 2426 1131 2467 nunc
1157 2413 1293 2467 risui
1350 2423 1404 2469 et
1434 2414 1663 2481 deliciis,
1692 2427 1816 2468 mox
1853 2409 2022 2466 luctui

460 2502 831 2568 dedita,'nihil
858 2502 1120 2572 proﬁcere
1141 2510 1338 2573 potest.

524 2679 629 2747 Qui
654 2694 798 2736 nunc
828 2679 996 2749 luget,
1031 2693 1176 2734 nunc
1206 2679 1487 2734 deliciatur
1529 2688 1582 2734 et
1624 2679 1783 2746 ridet,
1826 2678 2024 2736 similis

454 2779 537 2825 est
567 2768 769 2824 homini
816 2781 1011 2839 panem
1058 2769 1318 2823 adversus
1345 2783 1562 2835 canem,
1609 2770 1799 2838 lapidis
1829 2770 2022 2836 instar,

455 2859 779 2931 projicienti,
827 2859 920 2930 qui
962 2867 1117 2930 gestu
1167 2859 1385 2928 quidem
1419 2859 1569 2929 fugat
1618 2874 1831 2927 canem,
1876 2859 2022 2916 facto

455 2961 638 3006 autem
675 2965 957 3005 remanere
989 2950 1257 3004 hortatur.

527 3040 719 3096 Marci.
758 3041 1094 3095 Poenitentia:
1118 3055 1253 3109 opus
1275 3042 1327 3094 in
1359 3041 1531 3095 tribus
1554 3041 1705 3095 hisce
1734 3040 2025 3096 virtutibus

458 3133 664 3188 absolvi
711 3133 896 3202 judico
933 3148 948 3186 :
988 3132 1302 3199 purgatione
1331 3132 1742 3200 cngitationum,
1776 3133 2024 3188 oratione

459 3223 702 3287 assidua,
731 3231 786 3277 et
827 3221 1192 3293 ingruentium
1220 3212 1570 3276 alllictionum
1603 3223 1886 3289 patientia.
1917 3221 2022 3288 Qui

462 3317 517 3368 in
559 3313 676 3368 istis
705 3313 1020 3383 aliquandiu
1049 3320 1313 3378 moratur,
1345 3312 1556 3367 tandem
1583 3311 1652 3367 ad
1679 3313 1843 3367 animi
1877 3323 2024 3370 tran-

460 3403 786 3474 quillitatem
815 3401 1116 3472 perveniet.

533 3493 793 3547 Philonis.
843 3491 990 3546 Nihil
1024 3506 1251 3563 prorsus
1299 3492 1500 3546 erroris
1535 3491 1873 3546 committere
1902 3506 2026 3562 pro-

462 3585 640 3655 prium
685 3595 769 3640 est
790 3584 908 3650 Dei,
936 3594 1009 3656 et.
1034 3584 1171 3639 forte
1210 3583 1372 3638 etiam
1420 3583 1659 3638 hominis
1703 3583 1870 3637 divini
1905 3600 1918 3636 :
1957 3583 2026 3638 ab

463 3693 649 3732 errore
699 3687 881 3731 autem
931 3679 998 3730 ad
1047 3673 1429 3744 inculpabilem
1465 3675 1630 3729 vitam
1661 3674 1859 3740 redire,
1896 3689 2024 3743 pru-

462 3771 638 3825 dentis
667 3777 752 3824 est
783 3778 838 3823 et
872 3766 1026 3822 utilia
1065 3768 1222 3836 plane
1253 3781 1358 3821 non
1393 3765 1717 3836 ignorantis.

529 3859 825 3916 Peccantes
843 3874 952 3912 non
981 3859 1162 3913 statim
1191 3857 1470 3912 ulciscitur
1497 3857 1657 3919 Deus,
1689 3857 1783 3911 sed
1815 3863 2026 3924 tempus

461 3955 540 4009 eis
602 3951 868 4022 permittit
921 3951 988 4004 ad
1042 3949 1415 4018 pcenitentiam
1480 3955 1536 4002 et
1601 3947 1900 4002 remedium
1961 3961 2024 4002 ac

461 4045 896 4102 emendationem
923 4042 1144 4096 erroris.

534 4135 855 4194 Theudorici.
890 4133 1080 4201 Ampla
1107 4133 1330 4187 vulnera
1381 4148 1535 4203 teque
1557 4133 1750 4203 amplis
1771 4129 2028 4186 remediis

465 4229 704 4293 indigent
735 4242 750 4280 :
779 4235 834 4279 et
865 4224 960 4294 qui
1004 4223 1206 4277 diﬂicili
1257 4227 1448 4279 morbo
1481 4226 1714 4289 laborat,
1764 4223 2026 4292 majorem

466 4335 650 4374 curam
682 4315 950 4370 desiderat
980 4331 994 4367 :
1027 4322 1080 4368 et
1111 4313 1203 4381 qui
1255 4315 1465 4382 magnis
1499 4316 1732 4383 peccatis
1759 4314 2027 4370 obnoxius

463 4416 568 4472 est,
611 4408 815 4476 majore
844 4405 1176 4473 benignitate
1205 4419 1337 4472 opus
1377 4407 1556 4459 habet.

532 4500 638 4569 37
678 4496 1000 4567 Epicharmi.
1027 4493 1335 4564 Sapientem
1360 4499 1512 4551 decet
1544 4495 1896 4566 providentia,
1917 4511 2026 4551 non

464 4591 805 4662 pcenitentia.

537 4681 769 4751 Evagrii.
824 4678 1014 4732 l’lanta
1051 4689 1173 4746 qua:
1239 4675 1467 4731 subinde
1525 4676 1870 4744 transfertur,
1922 4692 2031 4732 non

465 4773 772 4838 fruetiticat.
1998 4777 2015 4794 '

535 4867 756 4924 Aristot.
811 4865 1131 4922 Aristoteles
1179 4864 1392 4919 dicebat
1453 4875 1548 4930 per
1603 4874 1820 4916 omnem
1866 4859 2031 4912 vitam

469 4957 629 5010 trium
661 4973 721 5012 se
751 4957 1090 5027 paenituisse,
1120 4957 1294 5026 primo
1329 4953 1476 5025 quod
1519 4952 1732 5006 mulieri
1765 4961 2031 5005 secretum

467 5047 670 5114 aliquid
700 5047 1086 5114 commisisset,
1120 5046 1360 5102 secundo
1393 5045 1534 5114 quod
1571 5045 1877 5112 navigasset
1926 5056 2035 5110 quo

470 5138 698 5212 pedibus
732 5139 814 5195 ire
841 5139 1104 5205 licuisset,
1141 5138 1302 5195 tertio
1337 5137 1482 5208 quod
1515 5151 1685 5192 unum
1715 5135 1858 5191 diem
1893 5134 2036 5190 inte-

467 5219 644 5295 status
672 5228 980 5285 mansisset.

795 5355 1030 5417 SERMO
1069 5355 1234 5415 xvnt
1273 5355 1372 5440 [αι.
1418 5355 1700 5429 CLXXX].

471 5480 551 5550 De
587 5479 692 5534 illis
732 5478 822 5549 qui
864 5478 967 5532 cito
1001 5484 1274 5550 mutantur
1313 5477 1367 5530 in
1391 5476 1713 5550 deteriorem
1760 5483 1957 5529 statum
1989 5481 2036 5527 et

1049 5547 1110 5600 de
1135 5547 1456 5614 pcenitentia.

549 5663 672 5729 Luc.
718 5679 794 5725 ιι.
845 5661 1034 5716 Nullus
1084 5661 1175 5732 qui
1235 5674 1398 5716 manu
1446 5657 1806 5728 superiujecta
1858 5667 2040 5713 aratro

2121 1856 2199 1917 είς
2228 1855 2472 1923 χρονικδν
2493 1857 2766 1926 διάστημα
2785 1873 2800 1888 ·
2817 1858 2956 1910 οὕτω
2979 1859 3088 1930 γὰρ
3109 1860 3206 1928 οὐχ
3229 1860 3338 1924 ἔξει
3365 1861 3680 1928 καταλεῑψαι

2122 1940 2264 2008 ἴχνος
2289 1944 2348 1993 ὲν
2377 1944 2510 2011 ἡμῖν
2558 1943 2619 1996 τὸ
2650 1947 2839 2010 κακὸν,
2875 1947 2969 1998 ἁτε
3003 1947 3117 2016 ἁμα
3159 1947 3236 2018 τῷ
3265 1949 3521 2018 ἐπιϐῆναι
3551 1951 3681 2001 dro-

2122 2032 2381 2098 σπασθὲν,
2405 2035 2559 2104 δίκην
2583 2035 2752 2104 φυτοῦ
2789 2039 3212 2108 ἀρτισυστὰτου.

2191 2125 2402 2195 Ὥσπερ
2469 2128 2522 2180 ol
2586 2127 2870 2198 λεγόμενοι
2945 2133 3194 2200 καρκῖνοι
3281 2133 3682 2202 εὐεπιχείρητοι

2119 2219 2501 2287 τυγχάνουσιν,
2533 2219 2624 2274 διὰ
2662 2221 2724 2274 τὸ
2761 2221 2893 2274 ποτὲ
2932 2222 3032 2291 μὲν
3061 2223 3250 2294 πρόσω
3285 2225 3514 2294 βαίνειν,
3553 2229 3678 2279 ποτὲ

2119 2310 2178 2362 δὲ
2206 2305 2450 2363 ὄπισθεν·
2481 2311 2654 2377 οὕτως
2679 2315 2771 2368 καὶ
2795 2314 2966 2385 ψυχὴ,
2995 2315 3124 2368 ποτὶ
3157 2317 3257 2386 μὲν
3287 2316 3526 2385 γελῶσα,
3562 2318 3684 2370 ποτε

2122 2401 2177 2454 δὲ
2235 2403 2525 2470 πενθοῦσα,
2574 2405 2704 2460 ποτὲ
2761 2405 2820 2460 δὲ
2877 2406 3158 2478 τρυφῶσα,
3202 2409 3359 2464 οὐδὲν
3402 2409 3682 2480 ὠφελῆσαι

2121 2492 2368 2549 δύναται.

2203 2671 2263 2727 '0
2289 2675 2418 2728 ποτὲ
2443 2679 2542 2745 μὲν
2575 2677 2811 2746 πενθῶν,
2847 2680 2978 2733 ποτὲ
3006 2680 3062 2734 δὲ
3091 2680 3312 2752 τρυφῶν
3338 2680 3435 2735 καὶ
3464 2681 3679 2750 γελοιά-

2124 2763 2253 2830 ζων,
2297 2767 2482 2836 ὅμοιός
2508 2770 2623 2822 ἐστι
2667 2770 2744 2840 τῷ
2769 2773 2908 2840 μετὰ
2933 2771 3101 2842 ἄρτου
3134 2774 3227 2825 τὸν
3263 2772 3404 2826 κύνα
3455 2774 3558 2843 τῆς
3601 2793 3682 2844 φι-

2124 2856 2369 2926 ληδονίας
2400 2858 2697 2929 noscam,
2738 2861 2797 2925 ὃς
2821 2864 2898 2934 τῷ
2930 2863 3030 2931 μὲν
3067 2864 3310 2934 σχήματι
3336 2863 3534 2918 τοῦτον
3566 2866 3682 2920 διώ-

2124 2963 2229 3013 κει,
2255 2950 2332 3018 τῷ
2370 2949 2428 3002 δὲ
2467 2952 2752 3022 πράγματι
2771 2954 3127 3026 παρεδρεύειν
3149 2954 3340 3009 τοῦτον
3365 2958 3681 3028 προτρέπει.

2195 3040 2494 3110 Λογίζομαι
2531 3043 2591 3096 τὸ
2629 3045 2726 3113 τῆς
2753 3047 3044 3114 μετανοίας
3081 3047 3244 3116 ἔργον
3272 3049 3329 3102 ιν
3366 3054 3492 3113 ταῖς
3541 3051 3682 3120 τρισὶ

2124 3129 2351 3195 ταύταις
2405 3134 2627 3202 ἀρεταῖς
2680 3136 3103 3202 ὲξυφαίνεσθαι·
3155 3139 3216 3191 ἐν
3262 3138 3339 3208 τῷ
3389 3140 3682 3208 λογισμοὺς

2125 3223 2431 3292 καθαίρειν,
2471 3225 2567 3277 καὶ
2611 3227 2970 3290 ἀδιαλείπτως
2996 3228 3425 3299 προσεύχεσθαι,
3465 3231 3681 3292 καὶτὰς

2123 3313 2495 3384 ἐπερχομένας
2523 3316 2730 3388 θλίψεις
2757 3304 3085 3392 ὑποφέρειν·
3107 3323 3165 3374 ἐν
3195 3321 3405 3386 τούτοις
3437 3325 3467 3376 ὁ
3494 3324 3680 3393 ἐγχρο-

2123 3403 2283 3467 νίζων
2319 3407 2397 3468 είς
2429 3408 2698 3461 ἀπάθειαν
2729 3408 2967 3479 ἔρχεται.

2201 3497 2272 3549 Τὸ
2319 3495 2417 3564 μὲν
2457 3499 2622 3567 μηδὲν
2673 3501 2907 3564 συνόλως
2963 3501 3303 3573 ἁμαρτάνειν
3354 3504 3488 3557 ῐδιον
3531 3505 3679 3570 Θεοῦ,

2128 3591 2262 3661 τὰχα
2295 3592 2350 3644 δὲ
2380 3594 2472 3646 καὶ
2500 3593 2648 3648 θείου
2675 3596 2864 3666 ἀνδρός
2883 3613 2896 3626 ·
2930 3598 2992 3650 τὸ
3019 3598 3074 3650 δὲ
3099 3599 3491 3668 ἁμαρτάνοντα
3520 3617 3677 3670 μετα-

2127 3682 2342 3736 ϐάλλειν
2394 3686 2530 3753 πρὸς
2581 3688 2899 3741 ἁνυπαίτιον
2953 3689 3100 3758 ζωὴν
3149 3690 3418 3760 φρονίμου
3479 3693 3576 3745 καὶ
3627 3691 3678 3743 τὸ

2129 3776 2411 3845 συμφέρον
2447 3775 2592 3830 ἁπαν
2630 3779 2732 3833 ούκ
2761 3779 3156 3850 ἁγνοήσαντος.

2199 3869 2323 3931 Τοῖς
2368 3869 2770 3938 ἁμαρτάνουσιν
2810 3872 2911 3925 οὐκ
2961 3873 3120 3936 εὐθὺ-ς
3169 3872 3446 3939 ἐπέξεισιν
3471 3876 3500 3927 ὁ
3530 3876 3676 3936 Θεὸς.

2128 3959 2264 4013 ἀλλὰ
2308 3961 2492 4014 δίδωσι
2557 3963 2745 4031 χρόνον
2795 3965 2876 4025 είς
2931 3965 3240 4034 μετάνοιαν,
3283 3967 3380 4021 καὶ
3431 3967 3532 4039 τὴν
3592 3968 3676 4019 τοῦ

2131 4048 2443 4117 σφάλματος
2473 4050 2618 4102 ἴασίν
2647 4069 2705 4103 τε
2738 4053 2833 4105 καὶ
2865 4053 3259 4123 ἐπανόρθωσιν.

2199 4139 2279 4192 Τὰ
2340 4139 2551 4207 μεγάλα
2613 4142 2720 4193 τῶν
2772 4142 3100 4210 τραυμάτων
3157 4143 3461 4215 ίσομέτρων
3520 4146 3677 4198 δεῖται

2132 4230 2458 4300 φαρμάκων·
2499 4233 2591 4286 καὶ
2625 4233 2652 4284 ὁ
2684 4233 2891 4302 χαλεπῇ
2924 4233 3064 4300 νόσῳ
3095 4236 3410 4303 περιπεσὼν
3439 4237 3676 4312 πλείονος

2129 4320 2322 4391 χρῃζει
2371 4323 2717 4390 κηδεμονίαςο
2769 4325 2865 4376 καὶ
2922 4326 2949 4376 ὁ
3010 4326 3220 4394 μεγὰλα
3284 4327 3676 4398 πλημμελήσας

2059 4430 2102 4486 ι)
2133 4413 2372 4475 πλείονος
2399 4413 2568 4466 δεῖται
2594 4413 3021 4484 φιλανθρωπίας.

2199 4504 2272 4557 Οὐ
2303 4508 2604 4574 μετανοεῖν,
2655 4505 2788 4560 ἀλλὰ
2835 4509 3083 4577 προνοεῖν
3114 4508 3219 4578 χρὴ
3260 4508 3351 4573 τὸν
3385 4509 3550 4578 σοφὸν
3593 4509 3678 4563 ἁν-

2128 4596 2248 4648 δρα.

2197 4613 2248 4648 α.

2163 4611 2368 4739 ρ(Ῑνυτὸν
2399 4686 2837 4757 μεταφερόμενον
2874 4688 3114 4756 συνεχῶς
3159 4687 3372 4756 καρπὸν
3419 4690 3483 4743 οὐ
3528 4692 3677 4744 ποιεί.

2215 4863 2589 4934 Ἀριστοτέλης
2617 4863 2720 4934 ἔφη
2745 4866 2802 4916 ὲν
2841 4863 3003 4916 παντὶ
3028 4863 3104 4933 τῷ
3136 4863 3236 4933 βίῳ
3266 4864 3417 4933 τρεῖς
3450 4881 3673 4932 μεταμε-

2135 4956 2308 5020 λείαςο
2339 4957 2466 5026 μίαν
2511 4957 2608 5024 μὲν
2653 4957 2746 5009 ἐπὶ
2797 4956 2874 5024 τῷ
2908 4954 3131 5023 γυναικὶ
3186 4955 3482 5008 πιστεῦσαι
3536 4955 3673 5022 λόγοι

2135 5049 2468 5118 ἀπόρρητον,
2509 5047 2697 5117 ἑτέραν
2745 5047 2823 5111 δὲ,
2876 5046 3112 5111 πλεύσας
3145 5048 3279 5100 ὅπου
3334 5031 3563 5101 δυνατὸν
3599 5062 3672 5097 πε·

2137 5139 2346 5206 ζεῦσαι,
2371 5139 2472 5211 τὴν
2503 5139 2558 5193 δὲ
2603 5137 2814 5210 τρίτην,
2846 5139 2928 5194 ὅτι
2981 5138 3110 5208 μίαν
3155 5137 3372 5209 ἡμέραν
3416 5138 3674 5198 ἀδιάθετος

2137 5227 2371 5296 ἔμεινεν.

2729 5363 2947 5416 ΛΟΓΟΣ
2989 5363 3100 5418 IH'.

2139 5477 2278 5546 Περὶ
2306 5477 2422 5531 τῶν
2456 5476 2678 5545 ταχέως
2697 5461 3265 5601 μεταῦαῧλομένων,
3296 5474 3402 5530 καί
3433 5475 3565 5544 περὶ
3591 5488 3672 5544 με·

2792 5563 2937 5601 τανο
2962 5565 3053 5601 ac.

2792 5563 3053 5612 τανοιας.

2215 5660 2401 5724 Οὐδεὶς
2443 5658 2714 5714 ἐπιϐαλὼν
2757 5658 2854 5730 τὴν
2900 5660 3057 5726 χεῖρα
3090 5657 3252 5713 αὑτοῦ
3307 5657 3401 5710 ἐπ’
3445 5657 3675 5722 ἄροτρον,
