3980 6248
493 285 602 353 835

1748 274 1998 337 ANTON
2017 275 2071 335 ιι
2107 244 2455 336 Μειιεειε

3654 270 3753 336 836

494 414 595 471 per
650 398 1055 469 exasperabunt
1111 395 1319 455 Deum.
1386 387 1760 461 improbitatis
1820 388 2068 460 ipsorum

2221 388 2267 442 ιὶ
2295 390 2388 442 τὸν
2416 387 2552 442 Θεὸν
2583 378 3005 459 παροξύνουσιν,
3045 388 3563 460 ὑπομιμνήσκοντες
3602 388 3756 443 αὐτὸν

496 491 813 545 memoriam
857 488 905 543 ei
940 486 1272 542 excitantes.

567 582 761 639 David.
809 580 923 636 Nisi
959 574 1383 642 convertamini,
1417 573 1659 646 gladium
1688 588 1849 629 suum
1884 572 2072 628 vibra-

498 674 598 730 bit.

580 766 734 819 Prov.
795 778 951 818 xvm.
1021 761 1269 832 impius,
1316 758 1668 815 multitudine
1723 762 2073 827 peccatorum

494 852 747 915 obrutus,
788 850 1014 921 negligit
1054 867 1068 905 :
1101 848 1309 921 ingruit
1346 860 1527 904 autem
1560 848 1610 903 ei
1641 848 1878 903 dedecus
1908 858 1964 902 et
1987 847 2074 901 itt-

495 942 682 998 famia.

563 1036 668 1103 Qui
705 1034 806 1090 sibi
845 1035 897 1088 in
948 1033 1206 1105 operibus
1254 1032 1369 1088 suis
1418 1047 1524 1087 non
1563 1031 1837 1099 medetur,
1892 1030 2069 1086 frater

492 1136 578 1183 est
610 1127 860 1182 laedentis
894 1127 1160 1195 seipsum.

564 1220 670 1287 Qui
695 1220 828 1288 tegit
870 1192 1207 1288 impietatem
1245 1228 1426 1279 suam,
1470 1229 1576 1270 non
1605 1192 1821 1271 fruetur
1843 1232 2077 1289 prospe-

494 1313 677 1368 ritate.
1191 1308 1195 1313 ’

564 1403 762 1459 let-em.
792 1419 909 1458 vttt.
960 1399 1090 1458 Haec
1148 1401 1279 1458 dicit
1324 1400 1637 1457 Dominus:
1678 1418 1804 1456 nttm
1875 1398 2077 1456 cadens

446 1516 459 1527 “
495 1514 604 1555 non
635 1497 892 1567 resurgit,
929 1504 1023 1551 aut
1050 1510 1278 1551 aversus
1315 1510 1424 1549 non
1457 1508 1517 1549 se
1552 1493 1870 1550 convertit?
1906 1492 2041 1548 ludtt

497 1600 689 1647 rarttnt
735 1590 901 1645 facies
938 1602 1066 1643 suas
1097 1587 1220 1659 plus
1268 1602 1430 1657 quam
1469 1580 1685 1658 lapidea
1731 1586 1955 1651 duritie,
2011 1586 2066 1640 et

495 1685 795 1740 noluerunt
817 1678 1092 1736 converti.

565 1777 681 1831 lsa.
740 1774 880 1830 Ecce
923 1787 1026 1843 ego
1080 1770 1235 1839 litigo
1268 1778 1475 1836 tecum,
1533 1777 1584 1824 te
1636 1767 1903 1824 dicente:
1951 1763 2071 1820 Non
2112 1752 2151 1811 Β

2181 482 2279 552 τῆς
2312 480 2525 534 ἑαυτῶν
2564 481 2891 552 μοχθηρίας.
3562 522 3579 529 -

2226 562 2242 579 “
2262 574 2391 629 Ἐἀν
2417 574 2494 647 μὴ
2526 575 2930 646 ἐπιστραφῆτε,
2969 573 3068 644 τὴν
3100 572 3375 645 ῥομφαίαν
3410 569 3580 626 αὐτοῦ
3611 573 3754 626 στιλ-

2179 667 2368 723 σώσει.

2250 761 2420 816 Ὅταν
2449 759 2576 833 ἔλθῃ
2631 762 2660 813 ὁ
2709 760 2913 830 ἀσεϐὴς
2955 759 3039 823 εἰς
3075 757 3276 827 πλῆθος
3327 757 3541 822 κακῶν,
3589 775 3755 811 κατα-

2180 857 2385 928 φρονεῖ·
2411 854 2707 927 ἐπέρχεται
2729 853 2789 908 δὲ
2823 851 2975 924 αὐτῷ
3006 850 3205 921 ἀτιμία
3239 851 3333 903 καὶ
3360 847 3593 913 ὄνειδος.

2261 1037 2321 1092 Ὀ
2352 1036 2427 1110 μὴ
2462 1030 2692 1107 ἰώμενος
2721 1034 2917 1089 ἑαυτὸν
2947 1034 3005 1085 ἐν
3039 1032 3149 1094 τοῖς
3181 1030 3368 1099 ἔργοις
3396 1028 3568 1083 αὐτοῦ
3611 1028 3757 1084 ἀδελ·

2178 1130 2274 1201 φός
2302 1131 2420 1182 ὲστι
2444 1128 2540 1182 τοῦ
2565 1122 2969 1198 λυμαινομένου
3004 1125 3219 1178 ἑαυτόν.

2261 1223 2319 1276 '0
2358 1220 2744 1275 ἐπικαλύπτων
2788 1220 3047 1274 ἀσέϐειαν
3080 1211 3246 1271 αὑτοῦ
3298 1216 3398 1269 οὐκ
3437 1214 3760 1285 εὐοδωθήσε-

2175 1331 2286 1368 ται.

2250 1396 2387 1459 Τάδε
2420 1403 2573 1471 λέγει
2611 1401 2814 1472 Κύριος
2837 1416 2850 1431 ·
2894 1420 2913 1453 t
2951 1399 3045 1471 Μὴ
3081 1402 3108 1454 ὀ
3151 1402 3368 1455 πίπτων
3409 1402 3514 1453 οὐκ
3544 1399 3760 1453 ἀνίατα·

2176 1502 2288 1563 ται,
2321 1496 2353 1565 ἢ
2389 1495 2417 1548 ὁ
2450 1494 2814 1564 ἀποστρέφων
2845 1492 2945 1547 οὐκ
2979 1494 3352 1562 ἐπιστρέφεις
3393 1488 3763 1562 Ἐπτερέώααν

2180 1587 2250 1642 τά
2283 1587 2552 1658 πρόσωπα
2579 1585 2760 1640 αὐτῶν
2785 1584 2926 1656 ὑπὲρ
2961 1587 3189 1654 πέτραν,
3221 1583 3318 1637 καὶ
3351 1583 3453 1637 οὐκ
3490 1583 3762 1653 ὴθέληςον

2180 1680 2611 1767 ἐπιστραφῆναι.
2644 1698 2662 1730 ι

2255 1772 2391 1826 Ἰδοὺ
2423 1770 2535 1840 ἐγὼ
2560 1772 2817 1842 κρίνομαι
2850 1772 2985 1841 πρὸς
3015 1772 3096 1833 σὲ,
3124 1773 3180 1823 ἐν
3228 1773 3306 1843 τῷ
3334 1770 3516 1838 λέγειν
3546 1786 3626 1829 σε.
3656 1772 3763 1840 Οὐχ

493 1868 754 1940 peccavi;
811 1867 940 1937 quia
986 1880 1213 1936 prorsus
1267 1862 1560 1934 neglexisti
1605 1860 1900 1918 emendare
1955 1861 2070 1915 vias

2223 1881 2449 1936 μαρτον·
2483 1865 2565 1918 ὃτι
2597 1864 3020 1935 κατεφρόνησας
3051 1864 3258 1935 σφόδρα
3303 1862 3400 1916 τοῦ
3430 1862 3762 1932 δευτερῶεαι

503 1971 650 2018 tuas.

565 2051 851 2106 Neminem
899 2065 1012 2106 suae
1060 2048 1282 2105 malitiae
1312 2047 1536 2120 ptenitel
1576 2064 1590 2101 :
1642 2044 1814 2101 Nemo
1849 2053 1935 2101 est
1982 2044 2075 2115 qui

494 2146 660 2210 dicat,
683 2143 821 2211 Quid
856 2142 1000 2199 ieci?

567 2236 735 2291 Eccli.
767 2252 818 2290 ν.
852 2233 930 2290 Ne
965 2234 1135 2300 dicas,
1163 2227 1389 2289 Peccavi
1425 2242 1478 2286 ct
1512 2230 1642 2301 quid
1717 2230 1847 2285 mihi
1881 2229 2081 2285 accidit

499 2329 697 2385 triste?
746 2342 870 2382 nam
894 2327 1156 2381 Dominus
1189 2325 1400 2395 patiens
1443 2334 1549 2379 est.

568 2422 631 2477 S.
664 2413 832 2475 Basil.
860 2416 1164 2475 Occultatio
1190 2418 1303 2472 vittt
1340 2424 1569 2470 mortem
1601 2413 1843 2470 accersit
1903 2420 2078 2484 etagro-

498 2514 658 2570 tanti.

572 2606 628 2659 Si
655 2598 785 2675 quid
820 2602 1033 2672 pulchri
1061 2606 1114 2657 et
1150 2600 1369 2655 honesti
1396 2607 1482 2653 est
1517 2604 1835 2668 peccatum,
1891 2612 2079 2653 serves

498 2700 551 2756 id
571 2706 830 2769 perpetuo
864 2715 877 2751 :
916 2697 1000 2752 sin
1034 2695 1246 2751 auctori
1276 2710 1377 2750 suo
1412 2693 1661 2759 noxium,
1705 2693 1833 2763 quid
1878 2693 2080 2747 immo-

497 2793 639 2847 raris
664 2791 829 2846 rebus
862 2787 1226 2859 perniciosis?
1283 2785 1454 2841 Nemo
1505 2785 1740 2857 cupidus
1770 2782 2083 2841 evomenda:

500 2885 627 2941 bilis
655 2897 825 2953 pravo
850 2890 905 2936 et
932 2880 1217 2936 luxurioso
1250 2880 1396 2934 victu
1438 2894 1559 2934 eam
1604 2879 1708 2934 sibi
1737 2887 1939 2949 augere
1965 2887 2080 2932 stu-

496 2974 612 3032 det.

578 3067 824 3138 Purgare
851 3064 1112 3122 convenit
1146 3073 1350 3132 curpus
1376 3077 1404 3115 a
1440 3058 1713 3129 molestis,
1746 3072 1855 3116 non
1896 3070 2080 3116 autem
2110 3101 2153 3160 ο

2179 1957 2278 2020 τὰς
2315 1956 2463 2017 ὁδούς
2497 1973 2617 2009 σου.

2252 2047 2368 2100 Οὐκ
2417 2046 2563 2099 ἔστιν
2613 2032 2901 2117 ἅνθρωπος
2958 2044 3240 2115 μετανοῶν
3270 2046 3379 2098 ἀπὸ
3430 2048 3531 2115 τῆς
3562 2046 3755 2107 κακῖας

2185 2138 2375 2201 αὑτοῦ,
2408 2138 2581 2206 λέγων
2602 2182 2616 2205 ,
2649 2137 2715 2190 Τί
2749 2137 3020 2208 scrotum;

2251 2230 2343 2300 Μὴ
2372 2230 2555 2301 εἴπῃς,
2587 2230 2897 2298 Ἥμαρτον,
2931 2230 3025 2282 καὶ
3054 2229 3105 2283 τι
3143 2246 3234 2299 μοι
3265 2230 3528 2298 ἐγένετο;
3572 2230 3632 2285 Ὀ
3662 2236 3763 2304 γὰρ

2185 2316 2386 2386 Κύριος
2417 2318 2774 2389 μακρόθυμός
2807 2322 2946 2373 ἔστι.

2255 2408 2329 2462 Τὸ
2365 2409 2635 2479 κρύπτειν
2673 2410 2951 2481 ἀμαρτίαν
2998 2417 3517 2483 συγκατασκευάζει
3566 2421 3658 2473 ἐπὶ
3689 2419 3758 2489 τῷ

2185 2502 2427 2555 νοσοῦντι
2463 2503 2555 2556 τὸν
2586 2504 2841 2558 θάνατον.

2254 2598 2317 2650 Ei
2346 2597 2446 2667 μὲν
2479 2597 2647 2651 καλὸν
2675 2599 2951 2671 ἁμαρτία,
2977 2601 3219 2669 φύλασσε
3251 2602 3457 2674 ταύτην
3491 2606 3571 2669 εἰς
3602 2606 3758 2669 τέλος·

2185 2690 2237 2741 εἰ
2269 2690 2325 2743 δὲ
2376 2689 2617 2760 βλαϐερά
2666 2691 2742 2762 τῷ
2781 2693 3045 2760 ποιοῦντι,
3079 2694 3133 2746 τι
3173 2696 3459 2766 ὲπιμένεις
3502 2700 3617 2763 τοῖς
3650 2701 3760 2752 ὁλε-

2187 2780 2397 2851 Θρὶοις;
2434 2780 2623 2849 Οὐδεὶς
2662 2785 2831 2855 χολὴν
2861 2788 3056 2856 ὲμέσαι
3081 2788 3283 2856 ζητῶν,
3321 2792 3387 2845 ἐκ
3411 2795 3658 2861 πονηρᾶς
3681 2798 3761 2848 καὶ

2187 2875 2491 2929 ἀκολάστου
2512 2876 2722 2948 διαίτης
2745 2877 3154 2933 πολυπλασίονα
3178 2880 3385 2952 ταύτην
3403 2884 3588 2952 ἑαυτῷ
3610 2902 3760 2939 cura.

2190 2966 2416 3039 Θροίζει.

2258 3060 2557 3132 Καθαὶρειν
2580 3065 2851 3135 προσήκει
2879 3065 2987 3121 τῶν
3014 3066 3333 3123 λυπούντων
3358 3070 3420 3123 τὸ
3445 3072 3632 3141 σῶμα,
3652 3072 3759 3142 οὐχὶ

500 3159 752 3214 morbum
779 3172 980 3227 augere
1007 3171 1170 3225 supra
1192 3157 1333 3212 vires
1362 3156 1632 3224 corporis.
1667 3154 1798 3210 Vide
1827 3171 1919 3223 ne,
1951 3156 2082 3210 dum

2221 3152 2620 3217 κατασκευάζειν
2672 3157 2773 3226 τὴν
2821 3159 2977 3213 νόσον
3034 3159 3260 3228 μείζονα
3312 3163 3412 3232 τῆς
3463 3164 3757 3234 δυνάμεως.

507 3245 777 3306 malorum
822 3250 1021 3306 molem
1077 3250 1174 3304 tibi
1217 3244 1555 3325 accut‘uulas,
1602 3264 1696 3317 spe
1742 3248 2086 3305 liberationis

508 3343 704 3399 futurae
731 3342 948 3397 interim
981 3341 1175 3406 fretus,
1197 3351 1483 3411 peceatum
1511 3341 1733 3412 quidem
1760 3356 2081 3412 exaggeres,

501 3452 536 3494 a
571 3435 897 3492 remissione
927 3442 1111 3489 autem
1144 3434 1391 3488 aberrcs.

574 3525 735 3593 Yide,
780 3527 967 3593 homo,
995 3542 1063 3581 ne
1098 3525 1322 3597 quando
1353 3540 1474 3580 sera
1504 3535 1557 3580 et
1585 3525 1794 3582 inutilis
1819 3526 2085 3582 malorum

508 3621 865 3679 consiliorum
899 3619 1221 3690 poenitentia
1254 3619 1349 3674 tibi
1381 3618 1659 3705 obveniat.

579 3801 854 3872 Chrysost.
890 3800 1006 3855 Non
1039 3808 1147 3855 tam
1189 3810 1356 3870 grave
1386 3804 1470 3855 est
1499 3799 1641 3867 labi,
1697 3817 1865 3873 quam
1898 3818 2087 3875 tacere

509 3895 726 3966 lapsum
761 3904 815 3949 et
840 3909 949 3949 non
975 3909 1281 3967 resurgere.

582 3986 719 4043 Cum
791 3986 963 4043 semel
1011 3987 1194 4041 anima
1257 3990 1499 4060 gustavit
1550 4000 1868 4061 peccatum,
1926 3991 2091 4061 idque

507 4079 630 4134 sine
650 4092 814 4133 sensu
845 4076 1073 4142 doloris,
1106 4092 1362 4146 magnum
1395 4077 1522 4135 inde
1549 4086 1903 4150 augmentum
1932 4082 2091 4152 aegri-
2191 4087 2299 4140 τως

511 4168 688 4223 tudini
720 4168 956 4223 accedit.

578 4258 804 4316 Justim’.
864 4255 962 4312 Vix
1016 4259 1199 4312 denuo
1251 4257 1485 4328 erigitur
1547 4261 1767 4317 animus
1821 4262 1889 4316 ad
1950 4261 2088 4315 bona

509 4345 625 4424 39
657 4352 748 4406 illa
804 4366 834 4406 a
885 4349 1090 4421 quibus
1119 4350 1375 4420 delapsus
1412 4361 1497 4406 est
1527 4371 1543 4407 :
1594 4362 1649 4407 et
1674 4369 1816 4424 aegre
1849 4353 2090 4409 detrahi-

514 4458 603 4500 tur
633 4444 704 4500 ab
737 4445 846 4500 illis
878 4445 1062 4509 malis,
1099 4443 1301 4512 quibus
1333 4452 1588 4500 assuetus
1629 4443 1815 4500 fuerit.

589 4524 797 4609 subjici
824 4547 878 4593 et
907 4538 1211 4593 cencedere
1235 4537 1545 4605 aﬂ‘ectibus,
1585 4547 1830 4592 extrema
1855 4539 2093 4593 servitus

509 4643 620 4696 est,
660 4631 1122 4704 quemadmodum
1157 4631 1430 4703 imperare
1461 4631 1619 4703 ipsis,
1649 4632 1813 4689 unica
1850 4633 2089 4690 libertas.

586 4807 726 4863 Cum
749 4808 1016 4878 optimum
1050 4810 1125 4863 sit
1158 4825 1264 4865 non
1299 4824 1550 4880 peccare,
1595 4811 1824 4865 secundi
1876 4809 2094 4866 ordinis

519 4890 724 4951 bonum
756 4905 861 4963 est,
894 4898 960 4952 ad
1002 4897 1272 4968 justitiam
1313 4898 1512 4953 redire.
1584 4897 1688 4965 Qtti
1738 4915 1868 4954 vero
1926 4890 2096 4955 multo

517 4996 765 5058 tempore
799 5003 1038 5057 peccans
1080 4990 1133 5042 in
1180 4990 1400 5044 luxuria
1435 5000 1740 5061 permanet,
1773 4976 2093 5049 infelicissi-

521 5092 645 5131 mus
674 5076 940 5133 habeatur
972 5088 1215 5149 oportet.

587 5163 854 5235 Dianysii.
883 5167 1001 5221 Non
1035 5169 1152 5224 lieri
1186 5181 1366 5239 potest
1396 5181 1453 5225 ut
1490 5172 1702 5228 veniam
1734 5189 2088 5246 consequan-

520 5259 721 5325 turilii,
751 5274 891 5329 quos
917 5271 1265 5330 peccatorum
1293 5280 1398 5318 non
1430 5267 1685 5335 poenitet.

952 5351 1183 5409 SERMO
1211 5354 1305 5409 xx
1340 5358 1436 5428 (αι.
1470 5358 1677 5428 CLVI).

1050 5441 1128 5497 De
1156 5444 1336 5513 futuro
1357 5446 1590 5515 judicio.

590 5531 792 5590 Manli.
819 5550 925 5590 xvr.
962 5533 1137 5590 Filius
1174 5537 1411 5594 hominis
1436 5553 1701 5598 venturus
1731 5553 1810 5598 est
1837 5545 1891 5598 in
1921 5544 2092 5615 gloria

411 5690 419 5699 _
516 5626 696 5685 Patris
748 5626 856 5693 sui,
907 5638 963 5684 et
1019 5637 1148 5685 tunc
1198 5630 1386 5686 reddet
1435 5634 1733 5700 unicuique
1793 5640 2092 5693 secundum

521 5733 683 5789 opera
715 5721 854 5791 ejus.

2190 3244 2335 3314 Ὅρα
2386 3245 2461 3315 μὴ
2503 3246 2593 3300 ἐπ’
2625 3247 2809 3327 ἐλπίδι
2848 3250 2944 3320 τῆς
2979 3246 3413 3327 ἀπολυτρώσεως
3445 3258 3647 3328 πλῆθος
3676 3275 3759 3310 και

2189 3338 2302 3393 κῶν
2333 3339 2513 3409 ἑαυτῷ
2554 3341 2973 3415 συλλεξάμενος,
2998 3348 3101 3415 τὴν
3151 3348 3249 3418 μὲν
3284 3346 3569 3421 ἀμαρτῐαν
3593 3339 3757 3423 adipi-

2193 3445 2314 3502 σῃς,
2347 3433 2447 3501 τῆς
2477 3431 2535 3485 δὲ
2564 3435 2971 3506 συγχωρήσεως
3002 3438 3304 3509 ἀποτύχῃς.

2264 3524 2431 3595 Ὅρα,
2485 3525 2767 3598 ἄνθρωπε,
2827 3530 2904 3602 μή
2958 3532 3090 3585 ποτέ
3144 3549 3229 3587 σοι
3279 3537 3637 3607 μεταμελήσῃ
3664 3524 3758 3587 τῶν

2191 3613 2382 3667 κακῶν
2425 3612 2833 3686 βουλευμάτων,
2886 3619 2977 3673 ὅτε
3010 3620 3205 3690 ὄφελος
3252 3622 3352 3694 τῆς
3408 3627 3758 3696 μεταμελείας

2189 3705 2364 3762 οὐδέν.

2262 3798 2337 3851 Οὐ
2369 3799 2430 3853 τὸ
2486 3792 2673 3854 πεσεῖν
2704 3803 2964 3873 χαλεπὸν,
2995 3808 3131 3864 ἀλλά
3167 3806 3228 3865 τὸ
3255 3804 3498 3867 πεσόντα
3560 3810 3755 3865 κεῖσθαι

2191 3891 2286 3945 καὶ
2321 3892 2395 3962 μὴ
2431 3894 2778 3960 ἀνίστασθαι.

2263 4263 2735 4330 Δυσανασίσαστος
2779 4269 2811 4339 ἡ
2858 4269 3006 4340 ψυχὴ
3045 4273 3140 4327 ἐπὶ
3188 4272 3365 4329 ταῦτα
3390 4276 3487 4345 ἀφ’
3527 4270 3599 4330 ὧν
3630 4273 3745 4327 dilf-

2195 4351 2360 4423 σθησε
2397 4354 2599 4423 καλῶν,
2630 4350 3059 4425 δυσεκὸίὸαστός
3093 4379 3152 4416 τε
3186 4364 3418 4434 τούτων,
3469 4358 3545 4420 ὧν
3590 4372 3745 4416 συνει-

2128 4456 2169 4511 D
2201 4445 2358 4515 οίσθη
2390 4448 2602 4505 κακῶν.

2272 4537 2344 4590 Τὸ
2403 4538 2703 4593 ὑποπεσεῖν
2760 4543 2851 4595 καὶ
2907 4547 3308 4616 παραχωρῆσαι
3372 4551 3488 4612 τοῖς
3545 4546 3747 4602 πάθεσιν

2199 4629 2401 4699 ἐσχάτη
2433 4630 2681 4686 δουλείαν
2715 4632 2905 4706 ὥσπερ
2948 4635 3009 4689 τὸ
3053 4638 3280 4708 κρατεῖν
3311 4638 3519 4694 τούτων
3553 4636 3747 4691 ἐλευοεο

2203 4720 2291 4789 ρία
2320 4721 2480 4790 μόνη.
3710 4783 3715 4786 .

2267 4809 2543 4874 Μεγίστου
2589 4811 2743 4878 διτος
2787 4816 2995 4886 ἀγαθοῦ
3041 4818 3100 4873 τὸ
3132 4819 3209 4890 μὴ
3253 4814 3749 4893 ἁμαρτάνειν,δεὺ-

2199 4916 2356 4968 τερον
2382 4902 2587 4971 ἀγαθὸν
2616 4905 2675 4957 τὸ
2701 4906 3085 4979 δικαιωθῆναι.
3118 4909 3311 4976 Ὅστις
3357 4914 3415 4967 δὲ
3456 4893 3619 4967 πολῦν
3638 4909 3750 4984 χρό-

2200 5011 2291 5045 νον
2316 4994 2521 5049 ἀδικῶν
2551 4996 2849 5065 ἀκόλαστος
2877 5002 3051 5073 μένει,
3076 5003 3267 5060 τοῦτον
3284 5006 3398 5060 δεῖν
3420 5005 3649 5077 νομίζειν
3670 5003 3748 5055 τὺ)

2198 5086 2591 5156 ἀτυχέστατον.

2265 5179 2693 5253 Συγγνωσθῆναι
2729 5184 2789 5236 οὐ
2828 5183 3233 5255 μετανοοῦντας
3262 5186 3347 5256 ἐφ’
3379 5182 3463 5252 οἷς
3494 5189 3746 5258 ἥμαρτον,

2200 5272 2482 5327 ἀδύνατον.

2822 5370 3043 5425 ΛΟΓΟΣ
3083 5372 3167 5426 K'.

2571 5460 2711 5529 Περὶ
2738 5464 3093 5532 μελλούσης
3123 5465 3400 5532 κρίσεως.

2271 5551 2469 5605 Μέλλει
2495 5553 2523 5605 ὁ
2558 5553 2685 5617 Υἱὸς
2712 5553 2806 5607 τοῦ
2839 5554 3134 5625 ἀνθρώπου
3175 5557 3434 5628 ἔρχεσθαι
3465 5560 3521 5612 ἐν
3549 5558 3607 5627 τῇ
3632 5551 3745 5620 δὸξυ

2196 5643 2293 5695 τοῦ
2326 5646 2539 5715 Harpe;
2583 5647 2774 5714 αὐτοῦ,
2807 5648 2901 5701 καὶ
2936 5650 3055 5703 τότε
3091 5652 3361 5706 ἀποδώσει
3389 5653 3593 5718 ἑκάστῳ
3618 5643 3743 5700 κατὰ

2196 5740 2264 5790 τὰ
2293 5741 2422 5805 ἔργα
2451 5740 2635 5794 αὑτοῦ.
