3784 6240
459 232 568 301 839

1682 232 2012 308 ANTONIl
2057 247 2407 309 MELISS/E
3581 253 3662 318 an

533 348 809 420 Chrysost.
845 348 1067 407 Nullum
1103 338 1327 407 omnino
1359 353 1562 408 bonum
1595 365 1875 427 utcunque
1903 373 2014 430 par-

2201 355 2376 417 Οὗδέν
2391 364 2529 425 ὅλως
2571 363 2682 417 τῶν
2711 361 2956 434 ἀγαθῶν,
2984 364 3088 418 xiv
3130 366 3330 435 μικρδν
3390 365 3494 437 εἴη,
3524 375 3658 437 παροδ

458 456 585 497 rum
621 441 926 513 negligetur
968 444 1078 498 illic
1108 459 1139 498 a
1178 444 1382 513 judice.
1434 445 1567 502 Nam
1613 450 1661 506 si
1710 451 2027 515 criminum,

456 541 511 586 et
535 530 834 601 dictorum,
865 542 919 588 ct
950 534 1347 606 cogitationum
1383 549 1577 608 plenas
1607 541 1786 597 daturi
1814 558 2025 609 sumus,

372 694 375 697 _
458 623 625 678 multo
659 625 828 696 magis
874 624 1156 681 benefacta
1210 626 1340 684 licet
1373 628 1570 698 exigua
1609 635 2027 703 computabun-

366 722 375 733 ’
454 725 563 769 tur.

524 806 630 873 Qui
669 808 868 877 saepius
899 808 1243 868 oﬂ‘endentes
1284 824 1502 884 pugnam
1548 831 1658 872 non
1695 817 1877 883 luunt,
1910 832 2027 875 me-

452 905 610 952 tuere
653 914 717 953 ae
754 901 945 957 limere
993 902 1098 957 sibi
1155 903 1375 960 debent.
1432 905 1675 978 Augetur
1712 910 1858 964 enim
1890 908 2027 981 ipsis

450 992 690 1057 gravitas
722 1008 915 1063 preme.

484 1128 488 1135 .
526 1084 582 1141 Si
634 1088 800 1142 vitam
847 1088 1042 1158 quavis
1088 1098 1267 1145 morte
1311 1091 1607 1148 tristiorem
1657 1094 1880 1165 degunt,
1930 1099 2025 1167 qui

457 1178 642 1232 lumen
683 1178 818 1234 solis
849 1194 957 1234 non
988 1179 1294 1249 intuentur,
1327 1185 1454 1254 quid
1488 1184 1611 1241 illos
1641 1187 1749 1256 pati
1788 1188 2025 1244 creden-

456 1273 585 1327 dum
626 1281 710 1328 est
741 1272 833 1341 qui
871 1274 993 1327 luce
1016 1274 1198 1330 divina
1229 1276 1427 1347 privati
1469 1276 1638 1332 sunt?

524 1364 643 1421 Non
701 1368 864 1422 modo
918 1368 1216 1437 justorum,
1293 1372 1386 1425 sed
1446 1371 1612 1426 etiam
1676 1384 2023 1448 peccatorum

454 1458 826 1529 corruptionis
908 1463 1153 1531 expertia
1232 1477 1462 1533 corpora
1530 1476 1845 1537 resurgunt.
1919 1466 2024 1523 Sed

452 1549 597 1604 istud
648 1551 868 1608 honoris
908 1553 1235 1624 supplicium
1267 1563 1320 1608 et
1348 1570 1563 1625 pmnam
1590 1557 1888 1627 impiorum
1929 1560 2027 1613 alit

455 1655 519 1696 ac
566 1652 745 1712 auget.
784 1645 1118 1699 Immortalia
1169 1646 1314 1700 enim
1365 1646 1553 1702 futura
1599 1658 1910 1718 resurgunt,
1965 1659 2024 1705 ut

2134 456 2400 525 φθήσεται
2422 455 2537 507 ἐκεί
2562 456 2712 523 παρὰ
2726 455 2821 509 τοῦ
2844 457 3059 528 κριτοῦ.
3080 457 3143 510 El
3160 459 3267 524 7&9
3291 459 3661 528 ἁμαρτημάτων

2132 549 2229 602 καὶ
2277 546 2541 617 ῥημάτων
2573 549 2668 601 καὶ
2720 549 3123 619 ἐνθυμημάτων
3155 548 3392 603 τιννύειν
3438 550 3659 622 μέλλομεν

2130 639 2420 706 τιμωρίας,
2447 634 2626 706 πολλῷ
2651 630 2853 706 μᾶλλον
2876 637 2945 691 τὰ
2966 637 3374 709 κατορθώματα
3402 639 3501 692 κᾶν
3525 644 3660 711 μικρᾶ

2130 728 2533 799 λογισθήσεται.

2200 823 2269 876 Ui
2305 821 2477 876 πολλά
2506 821 2795 884 πταίοντες
2823 822 2916 876 καὶ
2938 822 3015 892 μὴ
3043 819 3402 892 κολαζόμενοι
3422 821 3658 892 φοϐείσθω

2130 915 2227 969 καὶ
2263 915 2566 969 δεδοικέναι
2596 913 2931 985 ὀφείλουσιν.
2975 912 3207 980 Δῦξεται
3251 914 3363 984 7&9
3413 914 3580 979 αὐτοῖς
3607 918 3657 968 τὰ

2129 1007 2229 1077 τῆς
2260 1009 2556 1076 τιμωρίας.
2984 1046 2993 1055 μ
3254 1068 3257 1073 η

2200 1099 2265 1152 Εἰ
2293 1096 2401 1169 γὰρ
2430 1098 2481 1151 oi
2503 1097 2569 1151 τὸ
2599 1096 2717 1167 φῶς
2744 1098 2805 1151 τὸ
2836 1098 3061 1168 ἡλιακὸν
3096 1097 3169 1170 μὴ
3201 1096 3466 1168 θεώμενοι
3498 1099 3655 1159 tam;

2129 1190 2366 1246 θανάτου
2418 1191 2756 1262 πικροτέραν
2808 1190 3143 1261 ὑπομένουσι
3177 1189 3344 1260 ζωήν·
3395 1190 3450 1242 τί
3500 1189 3654 1243 παθεῖν

2129 1284 2276 1348 είκὺς
2307 1284 2435 1349 τοὺς
2463 1282 2559 1338 τοῦ
2590 1285 2771 1353 φωτὸς
2800 1283 3280 1355 ἀποστερηθέντας
3308 1284 3543 1350 ἐκείνου;

2198 1377 2277 1432 Οὐ
2320 1377 2480 1447 μόνον
2526 1375 2636 1429 τῶν
2666 1376 2923 1439 δικαίων,
2969 1376 3110 1429 ἀλλὰ
3156 1376 3253 1429 καὶ
3299 1375 3410 1430 τῶν
3436 1377 3654 1446 ἀμαρτωι

2127 1469 2236 1521 λῶν
2283 1468 2539 1537 ἄφθαρτα
2562 1467 2632 1520 τὰ
2663 1468 2893 1537 σώματα
2943 1467 3278 1521 ἀνίστανται.
3325 1466 3461 1522 Ἀλλ’
3492 1469 3522 1539 ή
3551 1467 3654 1537 τιμὴ

2128 1556 2269 1630 αῦτή
2303 1561 2414 1624 τοῖς
2443 1559 2793 1630 ἁμαρτωλοῖς
2824 1559 3041 1629 ἐφόδιον
3088 1557 3367 1622 κολάσεως
3408 1561 3496 1613 καὶ
3517 1577 3652 1629 τιμωι

2130 1651 2253 1721 ρίας
2304 1652 2536 1718 γίνεται.
2586 1648 2875 1719 Ἀφθαρτα
2922 1650 3041 1719 7&9
3079 1649 3416 1712 ἀνίστανται,
3471 1650 3550 1704 ἵνα
3582 1649 3653 1702 διὰ

451 1750 727 1804 nunquam
759 1738 842 1789 ttri
886 1736 1160 1795 desinant.
1224 1739 1435 1810 Quippe
1467 1757 1589 1796 cum
1639 1742 1779 1814 ignis
1812 1743 1902 1797 ille
1949 1744 2014 1798 sit

2134 1742 2327 1807 παντὸς
2351 1745 2594 1813 καίηται.
2633 1742 2881 1796 Ἐπειδὰν
2903 1742 3012 1811 7&9
3032 1741 3093 1796 τδ
3124 1741 3236 1812 πῦρ
3262 1741 3514 1796 ἄσϐεστόν
3534 1745 3651 1795 ἐστιν

451 1827 937 1899 inetstinguihilis,
988 1832 1115 1887 talia
1161 1832 1265 1889 sibi
1316 1849 1546 1904 corpora
1598 1835 1871 1891 desiderat
1901 1850 2022 1906 quae

448 1936 726 1991 nunquam
760 1924 1141 1981 ahsutnantur.

519 2015 839 2091 COgitemus
882 2030 1148 2088 quantum
1193 2019 1266 2076 sit
1298 2020 1424 2075 mali
1470 2021 1526 2076 in
1561 2019 2020 2092 conﬂragratione

446 2118 730 2178 perpetua,
777 2111 829 2165 in
882 2112 1143 2179 tenebris,
1210 2114 1359 2169 luctu
1400 2113 1617 2169 inﬁnito
1663 2125 1719 2170 et
1773 2115 2018 2170 dentium

445 2203 715 2267 stridore,
771 2204 989 2259 nemine
1040 2207 1389 2263 exaudiente.
1451 2207 1584 2263 Nam
1635 2209 1680 2264 si
1723 2209 1866 2278 apud
1920 2224 2019 2264 nos

448 2279 836 2363 quispiam'ex
913 2296 1143 2367 ingenue
1186 2299 1432 2355 cducatis
1487 2300 1694 2355 carceri
1748 2300 2015 2366 inclusuts,

449 2384 623 2439 solum
688 2386 963 2449 fmtorem,
1024 2389 1278 2446 tenebras
1326 2391 1460 2458 loci,
1517 2402 1573 2446 et
1618 2393 1833 2447 vincula
1892 2408 2016 2453 cum

445 2477 733 2534 homicidis
764 2481 1093 2545 communia,
1114 2496 1229 2536 rem
1262 2483 1452 2552 quavis
1479 2492 1652 2538 morte
1677 2483 2016 2541 acerbiorem

448 2579 648 2636 putat:
708 2573 984 2641 perpende
1034 2574 1170 2642 quid
1227 2575 1298 2630 sit
1347 2574 1595 2632 comburi
1657 2592 1781 2631 curn
1844 2562 2016 2630 totius

445 2661 595 2731 orbis
628 2660 945 2729 homicidis,
982 2680 1079 2718 nec
1115 2664 1391 2721 ridentem
1419 2666 1555 2721 alios
1585 2683 1686 2722 nec
1729 2666 1853 2722 aliis
1882 2681 2016 2725 con-

443 2753 717 2822 spicuum,
751 2756 843 2809 sed
886 2757 938 2811 in
966 2766 1114 2812 tanta
1135 2758 1487 2815 multitudine
1524 2761 1698 2814 solum
1735 2774 1794 2814 se
1821 2758 2013 2814 existi~

444 2859 709 2904 muntem.
761 2847 1043 2921 Siquidem
1076 2866 1259 2921 opacae
1287 2852 1391 2906 illte
1427 2855 1664 2906 tenebrae
1706 2866 1776 2904 ne
1827 2851 2013 2921 proxi-

444 2955 564 2994 mos
617 2942 837 3009 quidem
895 2941 1216 3009 dignoscere
1269 2941 1642 3012 permittunt:
1694 2956 1884 2995 verum
1941 2941 2013 2994 ita

442 3034 680 3102 quisque
745 3031 1040 3099 afﬁcietur,
1115 3042 1374 3101 tanquam
1449 3035 1604 3089 solus
1680 3031 2012 3103 supplicium

442 3126 623 3182 luens.
649 3128 803 3211 Quod
829 3128 875 3183 si
906 3129 1147 3184 tenebrae
1175 3131 1336 3184 etiam
1362 3145 1459 3200 per
1480 3144 1539 3186 se
1564 3130 1780 3185 animos
1798 3140 2014 3187 nostros
2041 3103 2084 3164 θ

444 3235 653 3290 angunt
707 3228 764 3278 et
815 3221 1061 3287 turbant,
1113 3221 1244 3291 quid
1299 3222 1392 3278 flet
1436 3222 1530 3278 ubi
1585 3224 1827 3279 tenebris
1876 3224 2013 3279 tanti

442 3313 658 3371 dolures
679 3324 732 3369 et
761 3314 1011 3381 incendia
1041 3315 1354 3370 accedunt?
1380 3313 1516 3369 Nam
1543 3329 1639 3370 eos
1665 3317 1756 3385 qui
1786 3313 2017 3371 fecerint

442 3403 656 3475 iniqua,
706 3417 866 3458 nemo
915 3403 1202 3474 suppliciis
1250 3404 1363 3459 illic
1396 3403 1599 3459 futuris
1637 3404 1855 3475 eripiet,
1904 3420 2012 3459 non

441 3504 723 3565 parentes,
755 3511 863 3551 non
899 3496 1120 3552 fratres.
1162 3493 1409 3552 Fratrem
1441 3496 1586 3550 enim
1616 3512 1725 3552 non
1756 3496 2014 3553 liberabit

442 3587 764 3657 quisquam,
818 3599 1097 3659 utcunque
1121 3604 1332 3660 magna:
1362 3589 1577 3646 fiducia:
1600 3588 1785 3648 fuerit.
1822 3589 1927 3662 ιι
1959 3600 2017 3646 et

443 3679 675 3734 multum
706 3680 935 3735 valuerit
955 3681 1095 3750 apud
1127 3679 1320 3736 Deum.
1344 3683 1465 3750 Ipse
1494 3681 1637 3737 enim
1659 3691 1744 3738 est
1766 3683 1860 3752 qui
1892 3682 2015 3737 red-

438 3771 520 3826 dit
559 3771 857 3841 unicuique
903 3773 1204 3828 secundum
1250 3789 1415 3843 opera
1471 3790 1571 3831 sua
1620 3794 1634 3829 :
1682 3786 1736 3830 et
1767 3789 1835 3830 ex
1888 3790 2015 3845 ope-

439 3864 592 3920 ribus
626 3865 832 3921 nostris
864 3864 947 3920 vel
997 3866 1235 3923 salutem
1267 3868 1350 3924 vel
1386 3867 1718 3940 supplicium
1748 3867 2011 3936 consequi

437 3957 587 4013 licet.

512 4138 785 4197 Terribile
859 4148 964 4207 est,
1012 4141 1216 4213 inquit,
1282 4119 1528 4201 incidere
1581 4145 1636 4200 in
1674 4160 1868 4202 manus
1916 4145 2010 4201 Dei

438 4235 572 4290 viri.
626 4233 904 4304 Scriptum
960 4248 1044 4290 est
1117 4237 1262 4290 enim
1303 4255 1317 4291 :
1359 4255 1379 4290 ι
1418 4237 1542 4292 Mihi
1597 4239 1856 4304 vindicta,
1912 4254 2012 4308 ego

440 4327 767 4392 retribuam,
803 4334 858 4381 et
885 4341 1103 4382 rursum
1139 4345 1153 4382 :
1193 4346 1213 4380 ι
1236 4328 1500 4384 Dominus
1540 4330 1813 4399 judicabit
1838 4346 2012 4401 popu-

2125 1838 2325 1899 ἐκεῖνο,
2354 1835 2614 1889 τοιούτων
2636 1835 2785 1900 αὐτῷ
2807 1834 2891 1889 δεῖ
2913 1835 3202 1906 σωμάτων,
3235 1833 3494 1905 μηδέποτε
3512 1834 3652 1888 δαπα-

2123 1933 2404 1999 νωμένων.

2207 2020 2586 2091 Ἐννοήσωμεν
2619 2014 2737 2084 οὖν,
2776 2020 2900 2074 ὅσον
2936 2020 3053 2073 ἐστὶ
3090 2021 3264 2074 κακὸν
3298 2023 3650 2075 κατακαίεσηαι

2121 2112 2210 2166 διὰ
2233 2111 2455 2176 παντὸς,
2489 2111 2585 2166 καὶ
2607 2112 2668 2164 ἐν
2700 2112 2879 2182 σκότῳ
2902 2106 3063 2174 εἶναι,
3090 2111 3185 2164 καὶ
3209 2111 3383 2180 μυρία
3411 2111 3649 2179 οίμὼξειν,

2121 2205 2216 2259 καὶ
2254 2203 2477 2276 βρύκειν
2506 2204 2633 2268 τοὺς
2682 2204 2923 2266 ὀδόντας,
2972 2204 3067 2257 καὶ
3110 2204 3248 2275 μηδὲ
3277 2204 3567 2267 ἀκούεσθαι,
3596 2206 3651 2257 Εἰ

2121 2300 2230 2369 γὰρ
2281 2300 2363 2363 είς
2410 2298 2786 2369 δεσμωτήριόν
2841 2315 2926 2360 τις
2978 2297 3275 2368 ἐμϐληθεὶς
3327 2297 3652 2353 ἐνταῦθατῶν

2108 2390 2358 2459 ,εὐγενῶς
2402 2390 2887 2461 ἐντεθραμμένων,
2924 2389 3025 2461 τὴν
3072 2390 3340 2444 δυσωδίαν
3379 2391 3545 2458 μόνον.
3569 2389 3651 2441 καὶ

2119 2482 2178 2534 τὸ
2209 2483 2267 2534 ἐν
2296 2481 2472 2551 σκότῳ
2507 2482 2744 2545 κεῖσθαι,
2791 2483 2886 2534 καὶ
2912 2483 2972 2533 τὸ
3007 2481 3148 2551 μετά
3180 2479 3509 2551 ἀνδροφόνων
3526 2479 3651 2533 δεδέ-

2121 2576 2267 2635 σθαι,
2320 2572 2524 2636 παντὸς
2575 2572 2809 2626 θανάτου
2863 2569 3248 2644 χαλεπώτερον
3307 2565 3442 2625 εἶναί
3487 2585 3648 2641 φησιν’

2119 2666 2372 2733 ἐννόησον
2421 2665 2474 2719 τί
2506 2664 2679 2728 ἐστιν,
2720 2665 2849 2718 ὅταν
2895 2665 3036 2735 μετά
3064 2664 3175 2718 τῶν
3220 2665 3320 2733 τῆς
3363 2661 3652 2731 οἰκουμένης

2119 2757 2464 2828 ἀνδροφόνων
2525 2755 2987 2826 κατακαιώμεθα,
3059 2755 3198 2826 μήτε
3251 2755 3473 2825 ὁρῶντες
3527 2754 3650 2823 μήτε

2118 2851 2403 2921 ὁρώμενοι,
2431 2848 2544 2902 ἀλλ’
2572 2850 2632 2901 ἐν
2663 2849 2859 2919 πλήθει
2910 2846 3148 2916 τοσούτῳ
3176 2846 3480 2916 νομίζοντες
3525 2837 3653 2896 εἶναι

2121 2942 2294 3010 μόνοι.
2351 2939 2425 2993 Τὸ
2474 2940 2584 3011 7&9
2631 2941 2822 3002 σκότος
2869 2939 2932 2991 τὸ
2988 2938 3243 3009 ἀλαμπὲς
3299 2938 3397 2991 οὐκ
3451 2937 3651 3006 ἀφίησιν

2117 3036 2269 3107 ἡμᾶς
2297 3035 2420 3088 ούδὶ
2444 3036 2574 3097 τοὺς
2599 3032 2825 3103 πλησίον
2847 3031 3250 3100 διαγινώσκειν,
3283 3032 3394 3086 ἀλλ’
3419 3031 3490 3093 ὡς
3511 3030 3653 3098 μόνος

2115 3126 2274 3180 τοῦτο
2324 3127 2550 3195 πάσχων
2580 3122 2752 3187 οὕτως
2814 3124 3047 3187 ἕκαστος
3106 3125 3449 3178 διακείσεται.
3497 3122 3552 3175 Ei
3603 3119 3653 3172 δέ

2118 3222 2309 3282 σκότος
2357 3217 2529 3273 θλίϐει
2565 3217 2690 3272 καθ’
2733 3216 2895 3271 tam
2919 3217 3021 3280 τὰς
3047 3218 3328 3287 ἡμετέρας
3356 3215 3521 3285 ψυχὰς
3568 3214 3655 3266 καὶ

2118 3306 2362 3386 θορυϐεῖ,
2404 3309 2460 3363 τί
2509 3309 2661 3362 ἔσται
2705 3308 2838 3378 ἄρα,
2869 3309 3001 3363 ὅταν
3047 3308 3189 3378 μετά
3226 3307 3320 3361 τοῦ
3364 3309 3537 3361 σκότου
3569 3304 3655 3357 καὶ

2116 3403 2303 3458 ὀδύναι
2348 3403 2615 3458 τοσαῦται
2661 3396 2785 3466 ὦσι,
2833 3403 2930 3456 καὶ
2991 3402 3506 3474 ἑμπρησμοίςςτοὺς
3558 3398 3659 3464 7&9

2115 3496 2280 3551 ἄδικα
2316 3495 2638 3564 πράξαντας
2677 3495 2788 3549 ⁴τῶν
2831 3495 2951 3549 ἐκεῖ
2995 3493 3170 3559 οὐδεὶς
3219 3494 3569 3563 ἐξαιρήσεται,
3607 3490 3660 3540 οὗ

2115 3589 2323 3661 πατὴρ,
2373 3589 2435 3645 ού
2480 3589 2694 3661 μήτηρ,
2740 3589 2842 3643 οὐκ
2872 3588 3124 3658 ἀδελφός.
3169 3586 3417 3657 ’Λδελφδν
3458 3585 3563 3653 γὰρ
3608 3581 3664 3635 σέ

2113 3682 2453 3753 λυτρὼσεται
2482 3681 2794 3753 ἄνθρωπος,
2838 3681 2944 3735 κάν
2980 3680 3184 3750 πολλὴν
3221 3672 3518 3753 παρρησίαν
3550 3668 3669 3746 ἔχει.»

2114 3776 2218 3831 κᾶν
2251 3777 2465 3845 μεγάλα
2501 3775 2659 3847 ίσχύῃ
2695 3775 2832 3845 πρός
2867 3775 2963 3828 τὸν
2986 3774 3145 3828 Θεόν.
3192 3774 3364 3836 Αὐτὸς
3394 3771 3497 3841 γάρ
3528 3771 3672 3822 ἐστιν

2112 3869 2142 3922 6
2168 3868 2459 3931 ἀποδιδοὺς
2490 3868 2707 3936 ἑκάστῳ
2740 3867 2881 3921 κατὰ
2924 3866 2996 3921 τά
3050 3865 3191 3937 ἔργα
3236 3863 3418 3919 αὐτοῦ·
3448 3862 3547 3916 καὶ
3575 3858 3676 3913 ἀπὸ

2112 3961 2220 4015 τῶν
2292 3962 2474 4029 ἔργων
2531 3963 2627 4013 καὶ
2702 3959 2948 4030 σωθῆναι
3001 3956 3104 4024 ἔνι,
3184 3956 3281 4011 καὶ
3357 3953 3679 4021 κολασθῆναι

2112 4055 2280 4124 ἡμᾶς·

2181 4146 2440 4216 Φοὸερδν,
2499 4146 2684 4215 φησὶν,
2741 4145 2804 4197 τδ
2864 4143 3129 4215 ἐμπεσεῖν
3176 4144 3262 4207 είς
3310 4143 3500 4212 χεῖρας
3552 4133 3681 4190 Θεθῦ

2113 4238 2337 4304 ζῶντος.
2382 4238 2702 4308 Γέγραπται
2746 4236 2876 4306 γὰρ,
2931 4255 2950 4287 ι
3005 4235 3163 4306 Ἐμοὶ
3221 4234 3525 4303 ἐκδίκησις.
3580 4226 3685 4295 ἐγὼ

2110 4328 2467 4384 ἀνταποδόσω
2492 4347 2507 4361 ·
2546 4347 2566 4380 ι
2600 4330 2696 4382 καὶ
2729 4327 2915 4384 πάλιν·
2956 4346 2976 4379 ι
3006 4327 3216 4398 Κύριος
3237 4326 3407 4397 κρινεῖ
3430 4321 3536 4373 τὸν
3568 4319 3689 4377 λαὸν

443 4420 554 4474 lum
599 4434 799 4486 suum;
832 4437 852 4471 ι
894 4425 950 4474 et
982 4418 1152 4475 alibi:
1197 4438 1216 4472 ι
1247 4421 1422 4490 Super
1449 4431 1763 4492 peccatores
1792 4424 2006 4480 incum-

2134 4425 2277 4480 ιύτοῦ
2298 4441 2316 4458 ·
2347 4444 2365 4477 ι
2402 4425 2498 4479 καὶ
2522 4425 2704 4478 πάλιν*
2747 4441 2766 4474 σ
2806 4422 2929 4477 Ἐπὶ
2957 4420 3321 4493 ἁμαρτωλοὺς
3345 4414 3691 4471 καταπαύσει

435 4516 524 4571 bet
555 4515 630 4570 ira
663 4515 802 4588 ejus.
831 4531 855 4567 ι
1504 4574 1530 4593 κ

502 4608 838 4664 Gravissima
870 4620 1155 4678 poenarum
1188 4608 1368 4677 pudor
1397 4616 1500 4675 est,
1538 4622 1701 4678 quam
1725 4607 1778 4661 in
1807 4608 2011 4678 judicio

436 4720 655 4774 quoque
709 4705 947 4758 futuram
991 4702 1287 4759 didicimus
1327 4721 1340 4756 :
1398 4702 1659 4772 quoniam
1703 4703 1778 4772 pii
1830 4720 2011 4757 resur-

436 4807 569 4868 gent
599 4797 662 4851 ad
696 4797 861 4850 vitam
887 4805 1174 4863 aeternam,
1204 4795 1354 4866 impii
1390 4811 1520 4850 vero
1555 4794 1623 4849 ad
1658 4794 1920 4864 pudorem
1957 4804 2013 4850 et

436 4889 787 4956 opprobrium
816 4898 1101 4943 aeternum.

507 4979 670 5034 Bonis
713 4969 933 5051 quidem
995 4981 1255 5050 cperihus
1308 4991 1534 5038 ornatos
1596 4997 1760 5037 nemo
1822 4997 2010 5038 arcere

439 5073 638 5138 poterit
670 5087 697 5125 a
732 5073 989 5126 fruitione
1017 5071 1291 5128 felicitatis
1323 5073 1540 5141 futurae,
1575 5075 1669 5131 sed
1698 5075 2010 5132 caelestibus

394 5204 395 5207 η
440 5162 596 5216 bonis
625 5162 876 5236 fruentur
918 5181 934 5218 :
974 5165 1049 5219 illi
1092 5180 1221 5220 vero
1250 5169 1359 5236 ‘qui
1404 5168 1528 5222 boni
1559 5168 1834 5239 quidpiam
1866 5171 2009 5226 omi-

442 5264 655 5315 serunt,
685 5253 816 5307 licet
841 5255 1043 5313 nullius
1071 5256 1293 5312 admissi
1322 5259 1571 5314 criminis
1604 5262 1677 5315 rei
1717 5262 1849 5329 sint,
1883 5280 2004 5318 eum

443 5346 623 5416 ttnpiis
657 5345 709 5400 in
743 5346 919 5415 ignem
951 5349 1212 5417 gehennae
1239 5351 1606 5408 deducentur.
1658 5354 1869 5409 Etenim
1900 5374 2006 5413 non

443 5439 617 5495 Facere
650 5441 873 5501 bonum,
927 5439 1030 5494 hoc
1062 5442 1242 5510 ipsum
1281 5454 1363 5497 est
1410 5443 1591 5500 facere
1623 5447 1848 5501 malum.
1898 5447 1994 5502 Dic

440 5550 533 5604 age
564 5526 719 5596 mihi,
755 5531 802 5585 si
856 5547 1018 5602 quem
1051 5548 1269 5587 Servum
1319 5535 1568 5604 haberes,
1602 5554 1776 5605 neque
1805 5540 2004 5603 furem,

440 5640 542 5680 nec
581 5624 863 5696 iniurium,
900 5638 1077 5694 neque
1109 5624 1577 5679 eontradieentem
1613 5627 1730 5690 tibi,
1770 5640 1825 5684 et
1856 5631 2007 5684 ius-u-

324 5748 337 5760 -
442 5731 539 5773 Der
573 5728 686 5771 tum
750 5714 1026 5783 ebrietati,
1094 5721 1210 5769 tum
1285 5714 1621 5783 quibuslibet
1683 5716 1804 5771 aliis
1859 5720 2004 5775 vitiis

2114 4520 2144 4574 ὁ
2166 4519 2333 4587 θυμός
2359 4516 2545 4570 αὐτοῦ.
2581 4535 2601 4568 ι

2186 4609 2473 4681 Βαρυτάτη
2514 4608 2789 4662 κολάσεων
2834 4609 2867 4678 ή
2910 4606 3163 4676 αἰσχύνη,
3212 4608 3279 4677 ἢν
3309 4607 3399 4660 καὶ
3434 4604 3583 4678 περὶ
3605 4602 3697 4667 τῆς

2114 4704 2355 4775 κρίσεως
2399 4702 2829 4773 μεμαθήκαμεν,
2869 4702 2952 4754 ὃτι
2985 4699 3136 4754 οὗτοι
3170 4700 3595 4769 ἀναστήσονται
3625 4696 3699 4755 είς

2115 4796 2260 4866 ζωὴν
2286 4797 2529 4861 αἰώνιον,
2561 4795 2669 4872 καὶ,
2687 4788 2834 4849 οὗτοι
2861 4796 2944 4857 εἰς
2972 4793 3237 4865 αίσχύνην
3262 4794 3348 4846 καὶ
3373 4787 3700 4861 ὀνειδισμὸν

2115 4889 2353 4943 αἰώνιον.

2184 4984 2247 5037 Oi
2283 4984 2382 5053 μὲν
2414 4982 2481 5035 τὰ
2512 4980 2692 5050 ἀγαθὰ
2719 4979 3030 5050 πράξαντες
3053 4980 3164 5032 τῶν
3199 4981 3314 5034 ἐκεῖ
3337 4980 3544 5047 οὐδεὶς
3571 4982 3707 5047 ἐξαι-

2117 5076 2343 5146 ρήσεται
2377 5073 2622 5142 ἀγαθῶν,
2668 5070 2808 5126 ἀλλά
2856 5071 2966 5124 τῶν
3007 5073 3064 5124 ἐν
3111 5073 3228 5134 τοῖς
3254 5073 3535 5142 οὐρανοῖς
3580 5078 3711 5129 ἀπο-

2113 5168 2407 5221 λαύσονται
2464 5165 2667 5218 καλῶν·
2730 5166 2780 5217 οί
2839 5165 2894 5216 δὲ
2952 5163 3292 5233 ἐγκληθῆναι
3359 5165 3479 5234 μὲν
3552 5166 3714 5237 prﬁh

2113 5261 2329 5331 ἔχοντες
2356 5258 2547 5323 κακὸν,
2573 5256 2941 5317 ἐλλελοιπότες
2971 5255 3027 5306 δέ
3060 5272 3115 5306 τι
3136 5256 3247 5308 τῶν
3275 5241 3553 5324 ἀγαθῶν,
3585 5260 3715 5327 μετέι

2112 5355 2222 5406 τῶν
2255 5353 2324 5405 τὰ
2355 5350 2504 5403 κακά
2529 5348 2928 5420 ἐργασαμένων
2957 5349 3039 5410 εἰς
3070 5347 3132 5400 τὸ
3154 5348 3255 5416 τῆς
3286 5348 3548 5425 γεέννης
3578 5355 3715 5408 ἀπα-

2111 5444 2406 5515 χθήσονται
2450 5442 2581 5511 πῦρ.
2616 5441 2689 5492 Τὸ
2736 5441 2843 5510 7&9
2893 5440 2969 5509 μὴ
3023 5439 3251 5508 ποιῆσαι
3286 5441 3530 5509 ἀγαθὰ,
3564 5448 3715 5499 τοῦτὸ

2112 5540 2227 5590 ἐστι
2251 5536 2312 5587 τὸ
2343 5535 2564 5603 ποιῆσαι
2594 5532 2784 5585 κακόν.
2813 5531 2946 5583 ΕΞπέ
2970 5530 3081 5601 γάρ
3111 5549 3225 5599 μοι,
3247 5529 3298 5582 εἴ
3322 5550 3470 5590 τινα
3502 5540 3715 5611 οἰκέτην

2112 5630 2257 5699 ἔχοις
2293 5628 2428 5697 μήτε
2458 5626 2780 5683 κλέπτοντα,
2820 5624 2957 5692 μήτε
2994 5621 3313 5691 ὑδρίζοντα,
3375 5630 3535 5701 μήτε
3571 5636 3717 5685 ἀντι,

2112 5721 2354 5789 ὶέγοντα,
2384 5717 2522 5774 ἀλ)ὰ
2552 5718 2645 5771 καὶ
2694 5715 2861 5786 μέθης
2896 5712 3206 5782 κρατοῦντα
3238 5717 3345 5769 καὶ
3390 5722 3517 5781 τῶν
3548 5724 3713 5782 511m
