3784 6240
1566 172 1659 183 ’-γρ-οη
1699 171 1701 173 ‘
1711 173 1716 175 -

145 285 223 352 stt
961 276 1138 341 LOCI
1179 250 1637 342 COMMUNES.
1673 302 1743 317 —-
1767 282 1966 344 rans
2000 284 2053 344 Ι.
2083 282 2345 344 sermo
2385 278 2548 344 XXI.

3239 286 3358 354 842

147 401 380 464 ἁπάντων,
400 391 712 465 καθήμενον
737 388 797 444 δὲ
827 389 918 444 διὰ
943 391 1149 452 παντὸς
1177 391 1372 461 ἀργὸν,
1397 394 1494 447 καὶ
1519 391 1665 448 οὐδὲν

1847 394 2010 450 iuime
2037 394 2306 462 deditum,
2351 407 2574 465 semper
2597 404 2730 446 vero
2765 390 3048 446 sedentem
3080 393 3274 456 otiose.
3297 407 3351 447 et

145 494 235 550 τῶν
260 487 558 560 ὀφειλόντων
589 483 748 556 παρά
776 485 996 539 οἰκέτου
1024 485 1265 560 δεσπότῃ
1320 487 1670 559 πληροῦσθαι

146 584 380 648 ποιοῦντα,
422 579 480 634 ού
516 577 932 652 μαστιγώσεις;
963 578 1026 633 ού
1063 578 1436 651 στρεϐλώσεις
1471 581 1668 650 αύτόν;

140 679 239 734 εἰπέ
267 692 366 747 μοι.

201 767 358 833 ’Δξιόν
387 783 466 820 σοι
506 764 608 836 τῆς
635 766 851 836 σπορᾶς
891 764 954 819 τὺ
1002 765 1182 837 θέρος.
1216 766 1452 838 Πικρίαν
1487 764 1670 822 ἐσπει-

142 878 243 930 ρας,
268 859 450 928 δρέπου
501 857 570 911 τὰ
617 855 934 926 δράγματα*
989 857 1051 911 τὸ
1098 858 1327 930 ἁνηλεὲς
1368 859 1668 929 ἐτίμησας,

141 953 215 1022 ἔχε
236 953 354 1020 ὅπερ
386 947 700 1020 ἠγάπησαςο
732 947 940 1016 ἔφυγες
970 948 1064 1002 τὸν
1108 948 1281 1018 ἔλεον,
1319 949 1577 1019 φεύξεταί
1608 967 1669 1003 σε

142 1045 278 1107 ἔλεος·
301 1041 555 1108 eameam
606 1039 845 1111 πτωχὸν,
893 1039 1212 1111 βδελύξεταί
1245 1057 1304 1095 σε
1332 1043 1366 1096 ὁ
1406 1041 1477 1100 δι’
1519 1043 1669 1114 ἡμᾶς

99 1197 103 1200 λ
141 1135 436 1205 πτωχεύσας.

100 1213 104 1218 ’
195 1230 248 1283 οι
271 1229 532 1299 ἄνθρωποι
565 1229 745 1295 πέρας
791 1228 1081 1298 τιμωριῶν
1116 1229 1404 1300 νομίζουσι
1430 1228 1524 1284 τὸν
1565 1229 1667 1285 θά-

136 1336 284 1375 νατον’
313 1323 367 1375 ὲν
396 1321 451 1374 δὲ
476 1320 557 1391 τῷ
581 1321 716 1392 θείῳ
743 1319 1083 1394 δικαστηρίῳ
1146 1321 1302 1394 μόλις
1335 1315 1492 1388 οὗτός
1520 1322 1670 1378 ἐστιν

137 1413 270 1483 ἀρχή-

197 1504 530 1576 Ὲγειρόμεθα
579 1505 783 1572 τοίνυν,
828 1505 1025 1563 αἰώνια
1068 1507 1168 1576 μὲν
1209 1507 1426 1580 ἔχοντες
1457 1509 1525 1563 τὰ
1565 1506 1671 1563 σώ-

134 1611 274 1666 ματα,
317 1598 377 1649 ού
428 1599 632 1662 πάντες
669 1597 742 1652 ,δὲ
776 1600 966 1668 ὅμοια.
1013 1600 1156 1653 Ἀλλ’
1183 1602 1233 1654 εί
1290 1602 1390 1672 μέν
1421 1601 1506 1666 τίς
1552 1603 1668 1656 ἐστι

125 1691 317 1758 δίκαιος,
361 1692 639 1762 λαμϐάνει
683 1695 843 1764 σῶμα
891 1697 1288 1765 πνευματικὸν,
1323 1697 1412 1750 ἵνα
1440 1697 1668 1768 δύνηται

129 1785 244 1853 μετὰ
268 1786 506 1854 ἀγγέλων
532 1787 983 1859 ἀναστρέφεσθαι
1014 1789 1206 1855 ἀξίωςο
1229 1791 1276 1844 εί
1297 1789 1354 1844 δέ
1377 1808 1462 1854 τις
1483 1791 1668 1862 ἀμαρ-

120 1878 260 1939 τωλός
284 1882 414 1943 ἐστι,
443 1879 720 1950 λαμϐάνει
767 1883 928 1951 σῶμα
963 1881 1366 1952 ὑπομονητικὸν
1396 1883 1668 1954 τιμωρίας

120 1970 396 2040 ἁμαρτιῶν,
423 1973 513 2027 ἵνα
547 1973 606 2027 ὲν
637 1973 776 2044 πυρὶ⁸
806 1975 1018 2044 αίωνίιρ
1041 1973 1358 2046 καιόμενος,
1395 1977 1668 2047 μηδέποτε

117 2066 472 2137 καταναλωθῇ.
506 2068 624 2122 Καὶ
657 2068 884 2135 δικαίως
915 2070 1250 2141 ἀμφοτέροις
1299 2073 1412 2137 τοῖς
1452 2067 1670 2143 τάγμα-

120 2157 232 2209 σινό
266 2157 391 2222 Θεὸς
417 2159 666 2232 παρέχει
693 2159 876 2217 τοῦτο.
907 2161 988 2216 Οὐ
1035 2162 1146 2232 γὰρ
1195 2163 1367 2234 χωρὶς
1413 2162 1671 2235 σώματος

115 2248 223 2317 ἡμῖν
250 2250 577 2322 πέπρακταί
603 2270 680 2308 τι.

171 2340 312 2412 ᾍδου
337 2344 486 2407 τινὸς
538 2346 854 2413 ἀνοίγονται
897 2345 1064 2403 πύλαι
1097 2347 1331 2419 βαθεῖαι,
1368 2351 1465 2406 καὶ
1502 2369 1672 2406 ποτα·

114 2434 187 2502 μοὶ
215 2436 374 2506 πυρὸς
405 2437 554 2508 ὁμοῦ
602 2439 700 2494 καλ⁷
750 2439 959 2509 Στυγὸς
1003 2442 1336 2514 ἀπορρῶγες
1367 2445 1673 2514 ἀνακεράν-

109 2539 292 2592 νυνται,
359 2530 454 2582 καὶ
520 2529 724 2592 σκότος
793 2527 1145 2600 ιμπίπλαται
1222 2532 1673 2604 πολυφάνταστον

106 2616 332 2687 εἰδώλων,
361 2619 626 2691 χαλεπὰς
660 2621 760 2691 μὲν
785 2619 962 2692 ὄψεις,
991 2622 1220 2695 οἰκτρὰς
1242 2625 1300 2679 δὲ
1332 2627 1519 2694 φωνὰς
1549 2627 1674 2680 tm»

108 2709 370 2778 φερόντων.
393 2713 675 2767 Δικασταὶ
697 2714 776 2778 δὲ,
799 2714 895 2768 καὶ
937 2716 1222 2786 κολασταὶ,
1249 2717 1347 2772 καὶ
1375 2719 1639 2790 χάσματα
1654 2759 1670 2788 ,

107 2803 182 2856 καὶ
205 2806 361 2878 μυχοὶ
387 2807 616 2878 μυρίων
647 2808 837 2862 κακῶν
863 2809 1155 2881 γέμοντες.

683 2902 905 2957 ΛΟΓΟΣ
943 2903 1077 2959 KA'.

250 2991 722 3064 Περὶύληθείας
754 2993 855 3049 καί
879 2996 1214 3064 μαρτυρίας
1243 2998 1492 3068 πιστῆς.

165 3080 297 3148 Ἐγώ
326 3087 446 3155 είμι
486 3087 524 3156 ἡ
577 3084 726 3150 ὁδὸς,
781 3086 879 3142 καὶ
913 3088 946 3158 ἡ
973 3085 1221 3156 ἀλήθεια,
1251 3090 1349 3143 καὶ
1374 3091 1406 3161 ἡ
1427 3089 1564 3163 ζωή.

165 3170 220 3226 Ὅ
239 3175 408 3229 ποιῶν
438 3176 550 3246 τὴν
585 3176 868 3248 ἀλήθειαν,
909 3179 1130 3250 ἔρχεται
1165 3181 1304 3252 πρὸς
1331 3181 1394 3235 τὸ
1418 3182 1558 3252 φῶς,
1581 3183 1670 3240 ῐνα

92 3267 353 3406 φανεεωθῇ
380 3271 455 3324 τὰ
488 3269 642 3340 ἔργα
668 3269 840 3324 αὐτοῦ
865 3309 882 3338 ,
915 3269 998 3324 ὃτι
1027 3273 1088 3326 έν
1112 3273 1191 3345 τῷ
1232 3273 1350 3345 Θεῷ
1393 3274 1534 3330 εἰσιν
1558 3276 1672 3346 είρ-

93 3367 220 3406 γασυ.
252 3375 336 3406 να.

93 3367 336 3423 γασμίνα.

156 3449 511 3522 Ἀποθέμενοι
554 3451 622 3507 τδ
654 3452 873 3523 ψεῦδος,
896 3451 1112 3508 λαλεῖτε
1145 3455 1407 3525 ἀλήθειαν
1440 3457 1672 3524 ἕκαστος

88 3545 205 3605 μετὰ
229 3543 325 3598 τοῦ
348 3545 603 3617 πλησίον
632 3545 826 3613 αὑτοῦ,
851 3548 937 3602 ὅτι
961 3548 1129 3620 ἐσμὲν
1159 3548 1410 3622 ἀλλήλων
1445 3550 1608 3622 μέλη.

133 3724 242 3780 Οὐκ
267 3727 515 3797 ἐμμενεῖ
538 3723 871 3798 μάρτυςείς
906 3729 1261 3800 μαρτυρῆσαι
1289 3731 1432 3785 κατὰ
1464 3732 1673 3803 ἀνθρὼ-

77 3833 164 3869 που
189 3821 327 3874 κατὰ
350 3822 558 3875 πᾶσαν
581 3819 793 3887 αἰτίαν,
839 3821 934 3875 καὶ¹
961 3823 1104 3881 κατὰ
1135 3825 1247 3878 πᾶν
1273 3825 1599 3897 ἁμάρτημα.

129 4000 290 4074 Χείλη
322 4004 589 4074 ἀληθινὰ
622 4005 889 4076 κατορθοῖ
917 4003 1248 4077 μαρτυρίαν.

134 4094 196 4146 ’Δ
215 4092 359 4151 εἶδον
388 4099 444 4152 οί
474 4098 774 4169 ὀφθαλμοί
804 4116 921 4166 σου,
958 4099 1130 4155 λάλει.

121 4188 346 4260 Μάρτυς
381 4193 603 4255 πιστὸς
639 4191 704 4245 ού
736 4191 1018 4262 ψεύδεται.

138 4280 358 4338 Ῥύεται
393 4288 468 4340 ὲκ
494 4285 707 4338 κακῶν
739 4287 953 4358 μάρτυς
977 4289 1196 4354 πιστός.

119 4375 346 4432 Λαλεῐτε
395 4379 700 4453 ἀλήθειαν
737 4379 970 4446 ἕκαστος
1007 4381 1148 4453 μετὰ
1179 4381 1275 4438 τοῦ
1300 4381 1534 4454 πλησίον
1575 4382 1671 4436 αύ-

59 4480 140 4517 του
147 4507 160 4521 .

113 4559 221 4635 Τὴν
254 4567 552 4634 ἀλήθειαν
591 4565 697 4620 καὶ
751 4565 852 4638 τὴν
906 4569 1140 4640 εἰρήνην
1186 4571 1468 4639 ἀγαπᾶτε,
1523 4569 1674 4641 λέγει

54 4651 239 4723 Κύριος
271 4658 748 4729 παντοκράτωρ.

106 4748 193 4820 Μὴ
215 4751 403 4824 λάϐῃς
431 4754 765 4824 πρόσωπον
791 4750 1056 4806 δυνάστου
1080 4769 1096 4787 ο
1128 4753 1238 4816 ’ἓως
1261 4755 1496 4809 θανάτου
1528 4757 1673 4824 ἁγὼ-

47 4858 175 4897 νισαι
206 4849 345 4916 περὶ
403 4849 524 4918 τῆς
566 4843 866 4914 ἀληθείας,
928 4848 1024 4901 καὶ
1084 4846 1292 4918 Κύριος
1326 4851 1354 4902 ὁ
1403 4849 1539 4913 Θεός
1575 4868 1671 4904 σου

41 4935 334 5011 Μὶεμήσει
368 4942 537 5011 ὑπὲρ
596 4938 726 4996 σοῦ.

100 5031 362 5088 Πετεινδν
424 5036 596 5107 πρὸς
638 5033 712 5086 τὰ
743 5034 909 5102 ὅμοια
963 5034 1246 5100 καταλύει,
1282 5037 1381 5090 καὶ
1437 5037 1669 5110 ἀλήθεια

35 5124 159 5190 πρὸς
178 5128 318 5193 τοὺς
343 5124 814 5200 ἐργαζομένους
842 5125 1016 5199 αὐτὴν
1045 5125 1330 5198 ἐπανήξει.

91 5218 326 5292 ’Δνδρες
359 5217 774 5290 ἀληθεύοντες
821 5218 1214 5290 εὑρεθήσονται
1245 5219 1304 5273 ὲν
1329 5219 1520 5292 σοφίᾳ,
1574 5222 1672 5276 καὶ

27 5306 476 5386 εύοόωθήσονται
501 5312 634 5374 ἕως
663 5311 973 5382 ἐπισκοπῆς
1002 5311 1236 5384 Κυρίου.

86 5403 158 5456 Τδ
185 5408 528 5476 κράτιστον
567 5401 794 5471 ἀγαθὸν
832 5405 865 5474 ἡ
895 5404 1146 5476 ἀλήθεια.

89 5495 147 5552 Ὀ
173 5499 470 5572 ἀληθινὸς
508 5497 701 5566 λόγος
734 5497 830 5550 καὶ
873 5497 982 5552 ἀπὺ
1033 5497 1223 5567 ὑγιοῦς
1249 5497 1491 5565 διανοίας
1537 5518 1673 5573 προ-

23 5587 108 5642 ῖὼν
134 5593 359 5659 ἁπλοῦς
393 5595 538 5647 ἐστι
570 5587 692 5643 καὶ
723 5589 1082 5661 μονότροπος.

77 5685 466 5761 Δυσθήρατός
503 5687 694 5740 ἐστιν
723 5682 752 5736 ὁ
792 5683 892 5754 τῆς
921 5683 1184 5754 ἀληθείας
1233 5682 1414 5754 λόγος,
1467 5683 1669 5760 ῥαδίως

23 5775 326 5852 δυνάμενος
359 5777 694 5852 ἐκφυγεῖν
726 5777 850 5839 τοὺς
885 5774 962 5848 μὴ
995 5777 1384 5849 προσέχοντας.

242 5889 565 5949 Pansae.
621 5871 753 5933 Gn.
784 5871 1101 5936 CXXXVI.

1776 487 1914 548 nihil
1961 503 2154 545 eorum
2208 503 2334 559 quae
2378 501 2568 542 servus
2611 484 2834 540 domino
2900 492 3166 554 praestare
3193 486 3354 541 debet

1774 578 2092 648 facientem,
2122 595 2231 637 non
2276 578 2596 637 verberabis
2642 577 2803 633 eum?
2865 593 2977 635 non
3024 579 3353 650 torquebis?

1773 671 1862 727 die
1888 672 2046 727 mihi.

1841 764 2124 838 Gregorius
2173 769 2406 841 Nysam.
2463 770 2660 828 Messis
2717 771 2814 826 tibi
2857 769 3210 841 respondebit
3262 783 3352 824 se-

1779 861 1949 915 menti
1991 845 2366 917 {amaritiem
2432 864 2743 926 seminasti.
2811 877 2974 934 carpe
3040 862 3355 933 manipulos

1772 950 1933 1020 ejus:
1985 953 2205 1010 coluisti
2247 955 2661 1023 truculentiam,
2697 954 2840 1011 habe
2891 954 2990 1009 tibi
3023 954 3167 1024 quod
3214 952 3353 1007 di!e—

1772 1045 1904 1100 xisti
1942 1059 1958 1099 :
1984 1057 2308 1104 exsecratus
2335 1063 2394 1103 es
2425 1062 2746 1119 pauperem,
2777 1046 3152 1103 exsecra'bitur
3177 1054 3233 1100 te
3264 1044 3352 1100 ille

1771 1137 1864 1208 qui
1887 1140 2057 1194 nostri
2090 1141 2263 1210 gratia
2284 1156 2491 1211 pauper
2508 1140 2640 1199 fuit.

1847 1229 2113 1288 Homines
2131 1233 2364 1288 extremi
2397 1234 2654 1304 supplicii
2683 1234 2866 1289 locum
2896 1231 3350 1294 tribuuntmorti,

1773 1320 1925 1390 atqui
1951 1320 2069 1378 haec
2095 1322 2148 1377 iu
2177 1322 2389 1393 judicio
2418 1322 2515 1379 Dei
2545 1323 2636 1378 vix
2669 1308 3001 1395 principium
3028 1334 3109 1380 est
3147 1321 3354 1392 suppli-

1771 1415 2008 1471 ciorum.

1844 1505 2055 1578 Cyritti.
2119 1507 2442 1563 Excitamur
2487 1509 2678 1580 igitur,
2735 1509 3063 1579 corporibus
3133 1507 3354 1576 quidem

1779 1601 2002 1657 aeternis
2055 1601 2304 1672 praediti,
2365 1616 2476 1656 non
2527 1613 2707 1657 tamen
2769 1616 2961 1657 omnes
3018 1601 3353 1659 similibus:

1772 1707 1899 1748 nam
1930 1694 2022 1763 qui
2059 1693 2239 1761 justus
2273 1692 2458 1761 fuerit,
2489 1694 2688 1764 accipit
2725 1693 3012 1762 spirituale
3039 1707 3261 1762 corpus,
3299 1703 3358 1747 ut

1767 1799 1894 1840 cum
1942 1785 2150 1857 angelis
2201 1785 2460 1842 decenter
2496 1787 2816 1843 conversari
2858 1794 3066 1857 queat:
3099 1797 3357 1856 peccator

1769 1887 1950 1934 autem
2006 1879 2207 1949 accipit
2266 1894 2469 1950 corpus
2545 1879 2823 1949 passibile,
2893 1879 3037 1950 quod
3095 1879 3354 1934 idoneum

1769 1973 1843 2029 sit
1890 1970 2116 2026 ferendo
2149 1972 2358 2042 peccati
2389 1972 2682 2044 supplicio,
2721 1980 2783 2026 ut
2833 1981 3039 2028 aeterno
3063 1971 3186 2043 igne
3224 1986 3355 2026 cou-

1769 2062 2010 2134 ﬂagrans
2063 2079 2344 2134 nunquam
2378 2074 2788 2120 consumatur:
2845 2072 2898 2119 et
2950 2064 3076 2134 jure
3127 2063 3352 2133 quidem

1774 2157 2020 2227 utrisque
2053 2172 2155 2213 sua
2185 2157 2338 2213 reddi
2362 2171 2596 2228 corpora
2645 2156 2793 2213 Deus
2842 2158 3152 2214 constituit.
3210 2155 3359 2213 Nihil

1771 2248 1916 2304 enim
1945 2249 2152 2320 absque
2183 2262 2414 2320 corpore
2449 2250 2607 2305 nobis
2643 2249 2847 2306 factum
2880 2260 2986 2306 est.

1848 2341 2149 2398 Plutarchi.
2201 2342 2449 2400 Plutonis
2481 2341 2773 2399 dehiscunt
2818 2342 3106 2414 profundae
3162 2349 3357 2413 portio,

1781 2445 1837 2491 et
1881 2437 2029 2507 ignei
2063 2435 2214 2490 ﬂuvii
2249 2435 2414 2492 simul
2456 2442 2513 2491 .et
2545 2434 2726 2507 Stygis
2757 2434 2980 2491 canales
3015 2435 3360 2506 permiscen-

1775 2539 1886 2591 tur,
1920 2540 1976 2584 et
2006 2527 2176 2584 variis
2225 2528 2465 2584 tenebrae
2514 2527 2832 2583 simulacris
2863 2527 3189 2598 implentur,
3219 2541 3361 2596 quo-

1775 2637 1897 2676 rum
1925 2630 2085 2676 atrox
2130 2630 2392 2690 aspectus
2422 2630 2527 2688 est,
2569 2632 2622 2677 et
2649 2636 2814 2677 voces
2848 2620 3086 2677 eduntur
3127 2617 3361 2680 misera-

1776 2713 1944 2769 biles.
1997 2711 2220 2768 Judices
2279 2714 2434 2780 item,
2489 2723 2544 2767 et
2587 2712 2830 2777 lictores,
2867 2720 2921 2768 et
2953 2709 3268 2782 voragines,
3303 2717 3361 2772 et

1775 2804 2078 2861 innumeris
2111 2804 2260 2875 pleni
2291 2803 2450 2858 malis
2478 2818 2733 2859 recessus
2767 2811 3056 2872 apparent.

2199 2894 2434 2952 διεπιΜο
2460 2895 2579 2950 xxr
2611 2894 2718 2969 [αί.
2748 2893 2939 2968 XLV].

2097 2991 2178 3048 De
2204 2994 2426 3049 veritate
2457 3002 2510 3047 et
2547 2991 2846 3048 testimonio
2872 2989 3043 3060 ﬁdeli.

1698 3116 1744 3178 ο
1845 3087 2006 3144 Jaan.
2041 3103 2154 3142 xw.
2183 3088 2294 3158 Ego
2323 3102 2445 3143 sum
2475 3087 2584 3152 via,
2612 3086 2820 3142 veritas
2857 3095 2913 3140 et
2941 3085 3078 3140 vita.

1847 3181 1953 3248 Qui
2007 3182 2295 3236 veritatem
2343 3179 2495 3247 facit,
2527 3180 2678 3234 venit
2725 3181 2782 3234 in
2833 3179 3042 3243 lucem,
3074 3185 3135 3234 ut
3187 3189 3356 3247 opera

1772 3275 1890 3346 eius
1913 3275 2202 3332 manifesta
2237 3275 2389 3341 ﬁant,
2421 3274 2530 3347 42
2557 3273 2702 3350 quod
2733 3272 2790 3332 in
2824 3272 2940 3328 Deo
2964 3270 3105 3328 facta
3143 3271 3274 3328 sint.
3375 3280 3378 3282 ‘

1845 3462 2036 3533 Ephes.
2065 3479 2140 3518 Iv.
2204 3463 2463 3533 Deposito
2514 3459 2800 3516 mendacio
2833 3459 3073 3530 quisque
3103 3465 3348 3512 vestrum

1774 3558 2062 3608 veritatem
2125 3553 2384 3622 loquetur
2441 3565 2566 3608 eum
2613 3551 2864 3621 proximo
2922 3562 3048 3605 suo.
3104 3546 3353 3602 Membra

1776 3644 1922 3699 enim
1955 3657 2148 3700 sumus
2175 3643 2432 3698 invicem.

1849 3736 2002 3791 Deut.
2023 3752 2099 3790 tx.
2123 3734 2242 3790 Non
2270 3735 2436 3790 stabit
2459 3736 2614 3790 testis
2665 3749 2809 3788 unus
2833 3734 2901 3788 ad
2932 3731 3344 3788 testiﬁcandum

1774 3838 1968 3886 contra
1988 3829 2267 3883 hominem
2287 3828 2589 3883 secundum
2617 3841 2782 3882 omne
2810 3819 3047 3891 facinus,
3074 3835 3128 3880 et
3151 3840 3351 3881 securi.-

1774 3925 1906 3980 dum
1939 3939 2101 3979 omne
2125 3931 2430 3994 peccatum.

1843 4017 2012 4073 Labia
2042 4031 2170 4071 vera
2201 4024 2410 4070 rectum
2437 4013 2818 4070 testimonium
2861 4011 3174 4082 proferunt.

1845 4108 1980 4175 Quae
2009 4108 2158 4164 oculi
2197 4109 2272 4163 tui
2306 4106 2582 4174 viderunt,
2612 4107 2860 4180 loquere.

1847 4201 2012 4257 Prov.
2035 4217 2150 4257 xtv.
2188 4200 2368 4258 Testis
2401 4199 2580 4256 ﬁdeiis
2613 4215 2722 4255 non
2752 4207 3046 4256 mentitur.

1848 4293 2030 4351 Testis
2049 4294 2190 4350 ﬁdus
2210 4294 2407 4349 liberat
2437 4310 2466 4348 a
2499 4293 2678 4348 malis.

1851 4385 2083 4442 Zachar.
2116 4403 2237 4444 vtu.
2300 4387 2622 4460 Loquimini
2653 4387 2939 4443 veritatem
2967 4385 3204 4458 quisque
3229 4401 3354 4441 cum

1697 4482 1750 4544 υ
1779 4479 2028 4549 proximo
2063 4495 2186 4536 suo.

1854 4569 1998 4626 Ibid.
2036 4569 2338 4626 Veritatem
2392 4580 2446 4626 et
2483 4585 2672 4641 pacem
2698 4570 2930 4640 diligite,
2955 4570 3138 4640 inquit
3169 4570 3357 4624 Domi-

1778 4678 1884 4717 nus
1913 4663 2284 4731 omnipotens.

1847 4740 2060 4809 Sirach.
2121 4769 2232 4809 xlv.
2298 4751 2378 4809 Ne
2401 4752 2958 4822 accipias/personam
2989 4752 3254 4822 potentis,
3289 4755 3357 4808 ad

1778 4855 2008 4900 mortem
2067 4861 2247 4917 usque
2299 4861 2396 4913 pro
2453 4845 2686 4900 veritate
2715 4853 2951 4910 certato,
3001 4853 3056 4900 et
3082 4842 3355 4902 Dominus

1777 4938 1921 4994 Deus
1940 4947 2075 4994 tuus
2104 4937 2371 5008 pugnabit
2399 4951 2500 5008 pro
2530 4946 2604 5002 te,

1850 5031 1990 5084 Ibid.
2026 5046 2183 5086 xxm.
2248 5031 2381 5085 Avis
2421 5028 2646 5085 divertit
2675 5029 2743 5085 ad
2775 5043 2929 5096 aves,
2954 5040 3008 5084 et
3041 5029 3249 5091 veritas
3280 5031 3352 5089 ad

1776 5126 2055 5181 studiosos
2081 5125 2254 5194 ipsius
2281 5131 2616 5180 revertetur.

1853 5218 1962 5273 Viri
1994 5231 2218 5274 veraces
2259 5217 2606 5272 invenientur
2631 5216 2688 5272 in
2734 5215 3033 5286 sapientia,
3087 5226 3145 5273 et
3195 5227 3359 5289 agent

1777 5312 2010 5368 feliciter
2039 5327 2215 5381 usque
2237 5312 2305 5366 ad
2339 5311 2716 5368 visitationem
2742 5309 2989 5366 Domini.

1848 5403 2060 5459 Basilii.
2087 5405 2617 5460 Prmstantissimum
2659 5403 2864 5459 bonum
2908 5413 2994 5460 est
3025 5405 3247 5459 veritas.

1841 5495 2043 5552 Sermo
2069 5511 2231 5552 verus
2254 5506 2310 5553 et
2341 5512 2372 5552 a
2403 5507 2585 5553 mente
2612 5511 2752 5553 sana
2808 5495 3091 5567 profectus
3121 5492 3355 5563 simplex

1773 5598 1858 5644 est
1881 5597 1943 5644 et
1963 5588 2277 5645 uniformis.

1845 5681 2010 5753 Egre
2060 5684 2546 5754 comprehenditur
2595 5685 2842 5740 veritatis
2881 5678 3085 5742 oratio,
3140 5681 3197 5730 et
3243 5689 3356 5733 non

1771 5777 2289 5837 animatlvcrtcntes
2329 5779 2491 5834 facile
2513 5787 2688 5850 potest
2719 5775 2974 5844 effugere.

2919 5865 2996 5928 27
