3784 6240
409 219 515 279 843

1641 217 1962 280 ANTONH
2005 223 2348 285 MELISSR
3530 245 3599 303 Sil

481 330 750 401 Tlieologi.
784 328 984 386 Verum
1021 332 1240 404 quidem
1278 346 1447 386 unum
1489 339 1592 398 est,
1627 335 1973 390 mendacium

2152 339 2224 393 Τὸ
2271 340 2370 412 μὲν
2405 341 2608 414 ἀληθὲς
2657 344 2734 413 ἓν,
2769 344 2831 399 τὸ
2851 346 2909 401 δὲ
2936 347 3134 418 ψεῦδος
3160 348 3482 420 πολυσχιδές.

406 436 590 482 autem
622 425 934 496 multiplex.

481 517 763 589 Chrysost.
828 519 1044 576 Veritas
1073 527 1158 575 est
1205 519 1362 576 ﬁrma
1388 518 1809 592 comprehensio
1838 519 1985 577 eatis

405 610 458 664 in
493 612 700 668 animo.

476 701 730 773 Plerique
792 704 968 774 magis
1040 705 1304 762 inclinare
1350 706 1599 762 videmur
1661 706 1730 763 ad
1789 707 1988 778 proha-

407 795 557 858 bilia,
615 797 740 852 licet
798 796 1022 854 inventu
1057 799 1354 866 laboriosa,
1421 815 1586 870 quam
1628 800 1695 855 ad
1772 801 1975 856 verita.

405 897 533 942 lem.

500 977 769 1049 Dionysii.
830 978 1044 1036 Veritas
1073 988 1158 1036 est
1211 980 1376 1044 Deus.
1427 991 1615 1052 utpote
1645 999 1836 1047 unum,
1875 1000 1982 1040 non

366 1059 371 1063 ’
405 1065 568 1120 multa
594 1069 896 1124 Secundum
929 1080 1206 1125 naturam.
1239 1070 1442 1127 Verum
1468 1074 1666 1144 quippe
1689 1091 1856 1129 unum
1880 1082 1984 1139 est,

405 1158 748 1213 mendacium
778 1170 964 1215 autem
999 1163 1306 1232 multiplex.
1337 1163 1470 1218 Nam
1505 1173 1556 1220 et
1588 1165 1867 1232 Christus,
1907 1167 1988 1219 in-

406 1247 540 1334 quit:
574 1269 592 1300 ι
635 1247 745 1319 Ego
768 1268 887 1305 sum
921 1253 1029 1315 via,
1063 1254 1264 1308 veritas
1315 1263 1368 1309 et
1393 1255 1521 1310 vita.
1563 1275 1582 1307 ι

479 1341 736 1396 Philonis.
784 1342 998 1399 Veritas
1027 1353 1110 1400 est
1137 1346 1372 1401 facultas
1411 1362 1500 1403 res
1531 1348 1893 1405 obumbratas
1929 1350 1985 1405 in

406 1437 582 1489 lucem
611 1436 942 1504 producens.

474 1520 714 1594 Evagrii.
741 1524 1029 1581 Veritatem
1059 1537 1236 1584 tacere
1267 1539 1350 1585 est
1375 1545 1568 1583 aurum
1595 1530 1850 1600 sepelire.

480 1616 785 1671 Plutarchi.
820 1617 1132 1689 Equalitas
1173 1621 1404 1685 trutina,
1430 1621 1639 1678 veritas
1671 1629 1866 1678 autem
1899 1638 1986 1678 ra-

408 1707 553 1762 tione
576 1709 950 1778 phiIOSOphim
981 1714 1351 1767 examinatur.

474 1803 518 1855 A
546 1802 628 1856 via
657 1814 710 1857 et
737 1804 967 1860 veritate
996 1806 1251 1861 aberrare
1285 1805 1490 1861 malum
1523 1813 1629 1863 est.

488 1895 798 1954 Menandri.
821 1897 1053 1955 Praestat
1075 1898 1275 1972 eligere
1308 1900 1510 1957 falsum
1567 1916 1733 1974 quam
1794 1918 1986 1959 verum

297 2048 308 2065 χ
413 1992 642 2048 malum.

485 2081 693 2138 Veritas
754 2083 978 2155 quidem
1040 2098 1225 2138 amara
1281 2091 1335 2138 et
1369 2083 1581 2152 ingrata
1637 2092 1721 2140 est
1749 2083 1987 2153 stolidis,

407 2175 750 2231 mendacium
813 2184 993 2230 autem
1043 2189 1213 2230 suave
1243 2183 1297 2231 et
1350 2188 1604 2247 gratum:
1639 2175 1899 2236 nimirum
1929 2187 1991 2234 ut

409 2269 517 2324 illis
557 2268 650 2338 qui
679 2268 864 2323 dolent
889 2267 1102 2332 oculos,
1127 2267 1389 2323 molestus
1411 2278 1493 2323 est
1522 2269 1662 2326 lucis
1692 2279 1946 2339 aspectus
1967 2311 1983 2338 ,

409 2361 644 2415 tenebrae
663 2368 866 2424 autem,
889 2358 1062 2414 visum
1086 2360 1464 2428 reprimentes,
1482 2361 1658 2417 charm
1688 2372 1742 2418 et
1766 2364 1991 2421 minime

411 2453 652 2506 molesta;
683 2462 832 2508 sunt.

483 2543 788 2600 Democriti.
821 2543 1004 2603 Pietas
1033 2547 1210 2617 palam
1235 2546 1559 2604 declaranda
1617 2556 1724 2615 est,
1785 2548 1988 2610 veritas

409 2645 727 2692 constanter
764 2637 1123 2696 defendenda.

479 2727 733 2793 Epicteti.
760 2729 907 2788 Nihil
928 2730 1155 2788 veritate
1193 2732 1488 2803 pretiosius
1552 2731 1741 2788 haberi
1804 2729 1987 2796 debet,

409 2841 480 2882 ne
545 2827 787 2882 amicitia
838 2827 1085 2899 quidem,
1136 2836 1325 2899 utpote
1393 2829 1628 2885 obnoxia
1665 2827 1984 2893 affectibus,

409 2920 504 2992 qui
533 2922 676 2990 quod
697 2920 908 2992 justum
941 2929 1026 2976 est
1059 2922 1288 2978 turbant
1339 2930 1394 2977 et
1423 2923 1774 2978 obumbrant.

483 3011 816 3068 Immortalis
845 3020 899 3067 et
922 3021 1128 3069 aeterna
1165 3029 1252 3070 res
1280 3023 1363 3070 est
1389 3015 1612 3070 veritas.
1660 3012 1779 3068 Non
1817 3013 1990 3067 donat
2021 3045 2065 3106 α

411 3114 592 3162 antem
613 3105 774 3161 nobis
811 3105 1272 3174 pulchritudinem
1299 3105 1406 3179 43
1435 3105 1688 3177 paulatim
1720 3104 1999 3161 tabescen-

416 3205 551 3259 tem,
581 3210 761 3268 neque
807 3195 1019 3253 dicendi
1063 3196 1317 3253 ﬁduciam
1347 3214 1377 3253 e
1397 3197 1606 3268 iustitia
1637 3197 1995 3268 prodeuntem

415 3290 631 3346 aufert:
663 3288 756 3344 sed
781 3303 903 3359 qua:
965 3289 1116 3359 justa
1146 3299 1199 3346 et
1250 3289 1492 3360 legitima
1539 3297 1691 3356 sunt,
1744 3288 1992 3358 exhibet,

413 3380 732 3437 discernens
758 3380 827 3436 ab
850 3380 931 3435 eis
962 3379 1164 3448 iniusta
1194 3388 1249 3436 et
1287 3380 1645 3451 redarguens.

799 3501 1033 3558 SERth
1065 3499 1210 3557 xxu
1247 3500 1346 3573 [αι.
1373 3499 1612 3572 XLVII].

501 3596 578 3652 De
607 3597 880 3652 mendacio
909 3607 954 3651 et
985 3595 1275 3664 calumnia,
1308 3604 1356 3650 et
1415 3594 1556 3665 falso
1604 3593 1923 3649 testimonio.

496 3759 668 3816 Exod.
693 3776 785 3815 xx.
821 3758 942 3816 Non
975 3760 1126 3817 dices
1157 3759 1354 3816 falsum
1385 3758 1760 3815 testimonium
1804 3769 1995 3816 contra

420 3856 729 3925 proximum
767 3865 942 3910 tuum.

495 3945 646 4002 Psal.
687 3961 742 4001 γ.
778 3944 978 4001 Perdcs
1003 3950 1270 4014 quotquot
1298 3941 1597 4018 loquuntur
1626 3941 1995 3998 mendacium.

494 4041 648 4095 Prov.
677 4055 732 4096 x.
764 4037 870 4103 Qui
894 4037 1086 4092 nititur
1108 4033 1430 4102 mendaciis,
1469 4042 1664 4092 ventos
1702 4044 1910 4106 pascet,
1944 4043 1998 4090 et

415 4149 546 4189 aves
579 4133 754 4187 alatas
795 4137 1179 4199 persequetur.

489 4225 648 4279 Prov.
701 4239 800 4278 xu.
852 4221 1016 4278 Labia
1064 4222 1344 4278 mendacia
1391 4221 1656 4280 Dominus
1706 4219 1997 4278 abomina-

421 4326 528 4370 ῑυΓ.

419 4515 598 4554 11Ἐονο-

490 4592 700 4665 Lingua
731 4591 961 4647 mendax
988 4590 1100 4648 odit
1137 4590 1441 4648 veritatem.

491 4687 652 4742 Prov.
677 4701 792 4742 xw.
848 4684 1058 4742 Excitat
1112 4684 1398 4741 mendacia
1456 4684 1610 4743 testis
1659 4684 1904 4758 iniquus,
1947 4690 2004 4742 et

426 4777 762 4833 discordiam
788 4776 1049 4832 fratribus
1073 4776 1342 4832 immittit.

492 4870 636 4926 Ibid.
658 4884 772 4925 xix.
801 4867 979 4925 Testis
1013 4870 1180 4926 falsus
1201 4884 1310 4926 non
1340 4868 1447 4926 erit
1472 4867 1794 4940 impunitus.

414 4987 420 5015 ι
497 4961 632 5017 Ibid.
669 4979 784 5018 nr.
843 4961 1023 5019 Testis
1073 4963 1245 5034 falsus
1297 4962 1493 5034 peribit
1528 4961 1730 5031 ;testis
1785 4959 2006 5031 iniquus

375 5048 388 5054 ’
425 5056 680 5126 deceptor
699 5068 803 5114 est.
1211 5033 1229 5054 ο

503 5147 728 5203 Zachar.
753 5148 832 5204 Ne
855 5151 1094 5220 diligatis
1116 5149 1310 5206 l‘alsum
1331 5150 1722 5220 juramentum,
1749 5152 2007 5224 quoniam

429 5235 556 5292 llaec
591 5239 772 5292 omnia
809 5240 922 5304 odi,
958 5240 1134 5310 inquit
1162 5239 1422 5295 Dominus
1451 5245 1818 5314 omnipotens.

500 5329 698 5384 Jerem.
739 5328 1031 5386 Veritatem
1071 5346 1180 5385 non
1229 5331 1534 5402 loquentur.
1559 5333 1768 5407 Lingua
1818 5340 2008 5393 eorum

429 5424 621 5479 didicit
649 5423 797 5492 loqui
830 5423 1197 5481 mendacium.

509 5519 1123 5593 Basilii.lmprobitatis
1175 5531 1469 5588 extremus,
1516 5527 1638 5582 linis
1671 5536 1757 5586 est.
1789 5527 2010 5584 menda-

435 5615 601 5668 cium.
635 5613 844 5685 Lapsus
874 5615 1143 5674 averitate
1165 5616 1393 5688 privatio
1418 5620 1566 5675 visus
1621 5628 1704 5678 est
1755 5620 1809 5675 in
1832 5628 2011 5677 mente

437 5715 489 5758 et
519 5705 828 5763 obcaecatio.

2169 521 2430 596 Ἀλήθειά
2458 525 2607 580 ἐστιν
2636 528 2668 598 ἡ
2700 528 2794 582 τοῦ
2826 529 2982 593 ὄντος
3005 529 3257 602 ἀσφαλὴς
3290 535 3592 602 κατανόησις.

2165 705 2255 772 Ὦς
2286 707 2452 775 ἔοικε,
2498 710 2741 780 ρέπομεν
2786 709 2881 763 ἐπὶ
2932 711 3001 764 τὸ.
3057 709 3248 775 ἔνδοξα
3309 711 3513 780 μᾶλλον,
3540 711 3615 766 κᾶν

2087 797 2324 854 ἐπίπονα
2348 801 2619 873 τυγχάνῃ,
2653 800 2685 869 ἢ
2721 801 2815 853 ἐπὶ
2840 801 2939 869 τὴν
2965 799 3250 870 ἀλήθειαν.

2176 981 2430 1052 Ἀλήθειά
2455 982 2605 1035 ἐστιν
2637 982 2667 1036 ὁ
2702 981 2836 1044 Θεὸς
2865 981 2940 1044 ὡς
2967 981 3046 1048 ἓν,
3092 981 3152 1034 οὐ
3187 978 3357 1032 πολλὰ
3384 981 3445 1048 τῇ
3467 979 3616 1047 φύσει.

2087 1073 2160 1126 Τὸ
2198 1075 2446 1143 μὲνγὰρ
2479 1073 2680 1143 ἀληθὲς
2727 1074 2806 1136 ἒν,
2862 1072 2922 1130 τὸ
2967 1072 3023 1125 δὲ
3078 1071 3275 1141 ψεῦδος
3320 1071 3617 1135 πολυσχιδές.

2087 1167 2225 1236 Φησὶ
2259 1167 2365 1236 γὰρ
2399 1167 2490 1220 καὶ
2525 1168 2553 1220 ὁ
2584 1167 2818 1234 Χριστός
2842 1183 2856 1196 ·
2915 1185 2932 1216 ι
2969 1164 3110 1233 Ἐγώ
3137 1165 3255 1234 είμι
3280 1165 3313 1234 ἡ
3341 1163 3467 1232 ὁδὸς,
3492 1164 3617 1233 καὶὴ

2089 1258 2337 1329 ἀλήθεια,
2367 1258 2458 1312 καὶ
2483 1260 2517 1330 ἡ
2547 1258 2683 1326 ζωή.
2722 1277 2742 1310 ι

2176 1349 2436 1416 Ἀλήθειά
2468 1353 2617 1404 ἐστιν
2645 1352 2678 1420 ἡ
2713 1351 2780 1404 τὰ
2804 1349 2914 1403 τῶν
2968 1345 3443 1418 συνεσκιασμένων
3473 1363 3619 1416 πραγ-

2093 1440 2279 1510 μάτων
2326 1440 2783 1509 ἀνακαλυπτήρια
2808 1439 3017 1509 ἄγουσα
3047 1438 3298 1507 δύναμις.

2166 1531 2240 1585 Τὸ
2272 1534 2432 1604 σιγᾷν
2460 1533 2559 1604 τὴν
2590 1531 2850 1601 ἀλήθειαν
2891 1531 3096 1602 χρυσόν
3123 1530 3242 1582 ἐστι
3271 1526 3506 1582 θάπτειν.

2163 1621 2240 1676 Τὸ
2269 1622 2368 1693 μὲν
2396 1623 2509 1675 ἴσον
2543 1620 2716 1692 ζυγῷ,
2753 1621 2812 1674 τὸ
2837 1621 2895 1674 δὲ
2923 1619 3122 1690 ἀληθὲς
3152 1617 3232 1690 τῷ
3258 1619 3320 1670 ὲκ
3347 1616 3621 1686 φιλοσοφίας

2012 1694 2060 1755 Β
2087 1712 2232 1784 λόγῳ
2261 1713 2528 1782 κρίνεται.

2168 1805 2320 1860 ’0δοῦ
2349 1805 2442 1859 καὶ
2470 1803 2731 1874 ἀληθείας
2761 1803 2993 1876 χαλεπὸν
3029 1800 3493 1870 ἀποπλανηθῆναι.

2161 1898 2427 1968 Κρεῖττον
2460 1897 2680 1952 ἑλέσθαι
2707 1897 2937 1968 ψεύδους
2967 1897 3002 1965 ἢ
3029 1895 3228 1965 ἀληθὲς
3258 1896 3443 1948 κακόν.
3551 1901 3558 1916 '

2162 2091 2205 2144 Τ
2209 2090 2236 2144 δ
2283 2089 2383 2161 μὲν
2439 2087 2640 2159 ἀληθὲς
2669 2087 2869 2158 πικρόν
2899 2087 3018 2141 ἔστι
3043 2085 3136 2140 καὶ
3175 2084 3336 2152 ἀηδὲς
3366 2085 3468 2147 τοῖς
3492 2081 3623 2150 avos.

2088 2200 2203 2246 τοις
2223 2199 2238 2215 ο
2284 2181 2344 2235 τὸ
2364 2181 2419 2235 δὲ
2439 2181 2634 2252 ψεῦδος
2664 2178 2838 2248 γλυκὺ
2889 2181 2984 2235 καὶ
3012 2177 3285 2249 προσηνές
3304 2193 3319 2207 ’
3359 2175 3525 2244 ὥσπερ
3549 2190 3618 2242 γε,

2091 2269 2268 2345 οἶμαι,
2293 2275 2388 2327 καὶ
2415 2275 2528 2338 τοῖς
2555 2271 2774 2326 νοσοῦσι
2805 2272 2872 2326 τὰ
2891 2271 3142 2341 ὄμματα,
3165 2270 3227 2322 τὸ
3249 2269 3348 2338 μὲν
3368 2267 3470 2338 φῶς
3494 2269 3622 2319 ἀνια-

2094 2368 2185 2439 ρδν
2217 2368 2370 2438 ὁρᾷν,
2403 2366 2466 2420 τδ
2518 2365 2575 2420 δὲ
2608 2369 2798 2429 σκότος
2832 2363 3038 2424 ἄλυπον
3069 2363 3166 2417 καὶ
3194 2361 3368 2431 φίλον,
3411 2360 3500 2413 οὐκ
3535 2358 3623 2411 ἑῶν

2093 2461 2336 2533 βλέπειν.
3646 2447 3650 2450 ’

2165 2555 2286 2624 Χρὴ
2317 2552 2417 2625 τὴν
2467 2553 2567 2624 μὲν
2622 2552 2907 2608 εὐσέϐειαν
2963 2549 3219 2622 φανερῶς
3271 2542 3622 2613 ἐνδείκνυσθαι,

2090 2650 2191 2720 τῆς
2215 2647 2272 2702 δὲ
2301 2647 2560 2717 ἀληθείας
2591 2646 2944 2718 θαρρούντως
2981 2643 3365 2716 προΐστασθαι.

2161 2741 2348 2812 Μηδὲν
2395 2739 2494 2810 τῆς
2540 2739 2799 2809 ἀληθείας
2827 2738 3151 2809 τιμιώτερον
3200 2735 3357 2804 ἔστω,
3392 2733 3509 2804 μηδὲ
3553 2747 3628 2800 φι-

2089 2835 2206 2901 λίας
2233 2833 2432 2904 ἐκλογὴ
2461 2832 2617 2896 ἐκτὸς
2647 2832 2711 2904 [Ῑ.
2738 2831 2927 2904 -ὲντὸς]
2978 2829 3164 2884 παθῶν
3197 2829 3514 2899 διακειμένη,
3557 2833 3627 2882 οες

2088 2928 2149 2983 τὸ
2174 2927 2382 2982 δίκαιον
2405 2925 2500 2980 καὶ
2532 2925 2820 2996 συγχέεται
2849 2924 2945 2977 καὶ
2975 2921 3307 2987 σκοτίξεται.

2179 3019 2472 3074 Ἀθάνατον
2505 3018 2697 3087 χρῆμα
2723 3016 2756 3086 ἡ
2801 3013 3049 3086 ἀλήθεια,
3081 3014 3176 3068 καὶ
3207 3011 3392 3067 ἀΐδιον.
3422 3008 3630 3076 Παρὲχει

2097 3113 2156 3168 δὲ
2179 3115 2313 3184 ἡμῖν
2345 3112 2407 3166 οὗ
2463 3111 2660 3174 κάλλος
2690 3110 2865 3180 χρόνῳ
2919 3106 3343 3178 μαραινόμενον,
3370 3101 3482 3157 οὕτε
3506 3102 3631 3167 παῤ·

2100 3206 2297 3278 ρησίαν
2335 3205 2565 3276 ἀφαιρεῖ
2595 3202 2693 3274 τὴν
2728 3201 2837 3257 ὑπὸ
2874 3200 3054 3271 δίκης,
3101 3198 3238 3254 ἀλλὰ
3264 3195 3333 3252 τὰ
3361 3195 3522 3249 δίκαια
3551 3190 3634 3244 καὶ

2097 3301 2166 3354 τὰ
2195 3301 2425 3371 νόμιμα,
2474 3297 2827 3369 διακρίνουσα
2884 3293 2982 3350 ἀπ’
3030 3291 3214 3346 αὐτῶν
3269 3289 3342 3344 τὰ
3367 3288 3511 3347 ἄδικα
3553 3279 3636 3336 καὶ

2100 3395 2497 3466 ἀπελέγχουσα.

2694 3505 2914 3561 ΛΟΓΟΣ
2948 3501 3074 3560 ΚΒ’.

2103 3603 2241 3672 Περί
2274 3601 2544 3670 ψεύδους
2599 3599 2699 3654 καί
2748 3596 3168 3722 συκῗφαντίας
3208 3591 3306 3648 καί
3336 3588 3642 3662 ψευδομαρτ

2760 3687 2870 3722 τ’υο
2897 3685 2990 3722 ας.

2760 3685 2990 3738 ruptae.

2170 3767 2246 3821 Οὐ
2276 3762 2823 3836 ψευδομαρτυρήσεις
2863 3759 3006 3816 κατὰ
3043 3757 3138 3813 τοῦ
3169 3755 3391 3828 πλησίον
3411 3769 3501 3806 σου
3528 3762 3630 3820 μαρ

2099 3860 2294 3928 τυρίαν
2313 3857 2504 3929 ψευδῆ.
3173 3919 3176 3923 ι

2187 3951 2434 4015 Ἀπολείς
2456 3951 2664 4013 πάντας
2695 3949 2823 4011 τοὺς
2855 3944 3154 4008 λαλοῦντας
3191 3942 3253 3996 τὸ
3285 3939 3494 4010 ψεῦδος.

2179 4048 2275 4110 ’ος
2315 4045 2588 4116 ἐρείδεται
2629 4039 2727 4096 ἐπὶ
2765 4039 3040 4110 ψεύδεσιν,
3074 4031 3232 4097 οὗτος
3273 4029 3526 4101 ποιμανεῖ
3547 4023 3655 4082 ἀνέ-

2105 4157 2261 4212 μους.
2311 4139 2368 4193 '0
2403 4139 2447 4192 δ’
2479 4136 2647 4199 αὐτὸς
2677 4133 2934 4200 διώξεται
2956 4131 3121 4201 δρνεα
3148 4126 3422 4200 πτερωτά.

2176 4231 2460 4299 Βδέλυγμα
2493 4228 2688 4298 Κυρίῳ
2715 4224 2869 4296 χείλη
2893 4222 3089 4294 ψευδῆ.

491 4406 706 4461 Vanum
735 4412 789 4460 et
817 4403 1135 4460 mendacem
1165 4418 1470 4461 sermonem
1492 4402 1684 4475 procul
1722 4416 1754 4459 a
1792 4417 1882 4461 me
1909 4417 1988 4461 re-

2166 4407 2411 4463 Μάταιον
2447 4404 2606 4473 λόγον
2659 4402 2753 4458 καὶ
2803 4398 2975 4471 ψευδῆ
3029 4396 3255 4469 μακρὰν
3307 4393 3534 4466 ποίησον
3578 4385 3662 4446 ἀπ’

2102 4499 2260 4554 ἐμοῦ.

2135 4517 2402 4645 “gilium:
2430 4587 2635 4658 ψευδὴς
2673 4586 2823 4658 μισεῖ
2855 4582 3141 4653 ἀλήθειαν.

2175 4683 2421 4738 Ἐκκαίει
2472 4680 2646 4751 ψευδῆ
2699 4679 2912 4750 μάρτυς
2968 4676 3178 4741 ἄδικος,
3227 4674 3325 4729 καὶ
3373 4671 3672 4741 hmde

2104 4779 2317 4851 κρίσεις
2348 4774 2456 4830 ἀνὰ
2477 4774 2641 4846 μέσον
2669 4770 2940 4841 ἀδελφῶν.

2176 4868 2408 4941 Μάρτυς
2437 4865 2642 4936 ψευδὴς
2670 4864 2771 4918 οὐκ
2800 4861 3156 4932 ἀτιμώρητος
3185 4858 3362 4914 ἔσται.

2177 4962 2407 5032 Μάρτυς
2455 4957 2658 5030 ψευδὴς
2712 4956 3018 5012 ἀπολεῖται.
3080 4953 3142 5007 '0
3204 4951 3426 5024 μάρτυς
3494 4947 3681 5007 ἀδικῶν

2105 5053 2301 5118 δόλιος.

2179 5149 2386 5219 Ὅρκον
2433 5143 2608 5215 ψευδῆ
2655 5143 2733 5214 μὴ
2780 5141 3058 5212 ἀγαπᾶτε,
3089 5139 3253 5206 διότι,
3277 5137 3476 5194 Ταῦτα
3524 5136 3687 5194 πάντα

2109 5240 2373 5312 ἐμίσησα,
2401 5236 2550 5306 λέγει
2580 5235 2786 5307 Κύριος
2825 5233 3255 5306 παντοκράτωρ.

2180 5333 2470 5404 Ἀλήθειαν
2499 5331 2561 5384 οὐ
2584 5329 2672 5400 ,μὴ
2703 5327 2980 5399 λαλήσωσι
3007 5343 3021 5359 °
3061 5326 3396 5398 μεμάθηκεν
3418 5327 3455 5397 ἡ
3484 5325 3694 5396 γλῶσσα

2109 5430 2210 5485 αὐτ
2219 5430 2295 5483 ὧν
2324 5429 2508 5482 λαλεῖν
2534 5425 2750 5497 ψεῦδος.

2185 5523 2458 5594 Ἔσχατος
2500 5523 2628 5594 ὅρος
2687 5519 2788 5590 τῆς
2840 5516 3112 5588 πονηρίας
3167 5514 3286 5569 ἐστὶ
3350 5514 3420 5570 τὸ
3477 5514 3690 5586 4,3559;-

2109 5619 2207 5688 τῆς
2233 5617 2490 5688 ἀληθείας
2517 5617 2841 5682 ἀπόπτωσις
2870 5613 3108 5686 ἀορασία
3151 5613 3269 5668 ἐστὶ
3319 5614 3578 5680 διανοίας
3613 5612 3693 5667 καὶ

2111 5711 2409 5776 τύφλωσις.
2643 5738 2646 5740 η
2707 5719 2712 5724 ’
