3980 6248
418 264 527 331 817
1695 274 2023 338 ANTONII
2068 279 2422 344 MELISSE
3584 289 3689 354 8&8

748 385 982 446 SEBMO
1022 387 1192 444 XXIV
1245 388 1344 460 [αι.
1394 387 1687 463 CXXXV].
2035 404 2082 460 Α

1508 389 1687 463 XXV}.
2035 404 2082 460 Α
2702 403 2919 458 ΛΟΓΟΣ
2959 401 3080 459 KA'.

779 497 854 560 De
882 502 1068 560 amicis
1099 515 1146 560 et
1177 521 1357 562 amore
1383 507 1645 576 fraterno.

2408 513 2550 583 Περὶ
2585 514 2784 584 φίλων
2812 516 2909 569 καὶ
2956 515 3377 587 φιλαδελφίας.

490 613 783 673 Joan.xm.
815 617 872 672 ln
903 619 1006 673 hoc
1054 634 1247 677 omnes
1303 630 1642 692 cegnosccnt
1692 625 1836 694 quod
1899 622 2008 680 mel

2214 628 2304 681 Ἐν
2351 628 2529 699 τούτῳ
2579 629 2820 684 εἴσονται
2859 631 3081 699 πάντες,
3119 632 3202 686 ὄτι
3253 633 3379 704 ἐμοὶ
3437 635 3690 706 μαθηταί

421 705 678 775 discipuli
707 707 851 773 sitis,
881 711 926 762 si
967 709 1208 780 diligatis
1242 727 1343 768 vos
1393 713 1650 768 invicem.

2109 718 2254 782 ἐστε,
2289 721 2382 774 ἐὰν
2415 721 2667 789 ἀγαπᾶτε
2715 721 3000 792 ἀλλήλους.
3405 761 3409 764 -

494 797 523 851 Ι
548 797 672 852 Cor.
702 816 822 855 xm.
852 801 911 855 Si
935 800 1137 871 linguis
1178 803 1463 860 hominum
1501 807 1697 877 loquar
1755 820 1810 865 et
1838 825 2008 884 ange-

2193 811 2322 866 Ἐὰν
2345 815 2490 882 ξταϊς
2536 814 2814 883 γλώσσαις
2863 816 2974 869 τῶν
3021 816 3325 884 ἀνθρώπων
3383 817 3532 873 λαλῶ
3597 822 3693 875 καὶ

419 889 621 956 lorum,
640 892 961 948 charitatem
988 902 1168 950 autem
1194 911 1302 950 non
1323 898 1570 966 habeam,
1598 898 1773 959 factus
1793 918 1916 960 sum
1933 923 1991 963 3:!

2128 905 2218 960 τῶν
2247 907 2497 975 ἀγγέλων
2523 950 2536 973 ,
2580 909 2806 978 ἀγάπην
2857 911 2913 966 δὲ
2974 911 3050 981 μὴ
3092 911 3222 981 ἔχω,
3255 911 3455 980 γέγονα
3491 914 3692 984 χαλκὸς

419 997 684 1039 resonans
713 993 808 1038 aut
842 986 1152 1056 cymbalum
1187 988 1452 1044 tinniens.

1437 1027 1452 1042 .
2107 998 2279 1070 ἠχῶν,
2315 1000 2348 1071 ἢ
2399 1000 2686 1071 κύμϐαλον
2712 1003 3005 1068 ἀλαλάζον.

494 1075 676 1130 Galat.
711 1093 764 1134 v.
795 1077 1059 1134 Universa
1085 1081 1165 1135 lex
1195 1082 1247 1135 in
1271 1082 1376 1138 hac
1397 1099 1505 1139 una
1535 1088 2009 1162 complctur,‘qutc

2181 1092 2296 1154 Πᾶς
2345 1093 2372 1146 ὁ
2420 1094 2586 1163 νόμος
2647 1098 2705 1149 ὲν
2754 1098 2834 1150 ἐνὶ
2883 1099 3030 1169 μόνῳ
3068 1099 3448 1172 πεπλήρωται,
3481 1101 3538 1152 ἐν
3589 1100 3682 1170 τῷ,

420 1168 734 1236 proximum
766 1179 823 1224 ut
845 1171 1090 1240 seipsum
1125 1171 1351 1242 diligere
1382 1176 1652 1246 praecipit.

2116 1203 2134 1237 ι
2180 1188 2521 1256 Ἀγαπήσεις
2554 1189 2647 1242 τὸν
2677 1191 2907 1262 πλησίον
2959 1209 3054 1246 σου
3085 1193 3160 1257 ὠς
3198 1196 3446 1248 σεαυτόν.
3494 1214 3512 1245 ι

494 1259 704 1314 δίηται.
741 1262 1006 1331 Quisquis
1035 1262 1261 1320 fratrem
1287 1280 1586 1337 pauperem
1620 1271 1756 1341 odit,
1791 1272 2006 1331 alienus

2183 1280 2299 1341 Πᾶς
2330 1279 2360 1333 ὁ
2398 1279 2628 1350 ἀδελφὸν
2671 1259 2887 1354 πτώχὺν
2922 1283 3097 1352 μισῶν
3127 1285 3227 1354 τῆς
3257 1283 3440 1353 φιλίας
3473 1284 3688 1354 μακράν

420 1366 503 1407 est
530 1357 600 1407 ah
649 1357 912 1414 amicitia.

2121 1373 2286 1426 ἐστιν.
3604 1398 3625 1427 ο
3691 1387 3693 1390 ‘

497 1467 715 1526 Basilii.
752 1471 1133 1544 lmproborum
1191 1489 1248 1536 et
1282 1481 1667 1554 imperitorum
1701 1503 1867 1545 nemo
1925 1497 2011 1547 est

2185 1489 2379 1554 Οὐδεὶς
2403 1491 2660 1560 πονηρῶν
2687 1489 2783 1544 καὶ
2812 1489 3045 1561 ἀμαθῶν
3087 1490 3262 1559 φίλος.
3301 1490 3436 1544 Οὐδὲ
3465 1489 3574 1561 γάρ
3605 1490 3687 1544 1:?-

425 1564 657 1620 amicus.
696 1564 830 1621 Nam
869 1569 1128 1628 honestas
1157 1575 1414 1631 amicitiae
1447 1593 1549 1633 non
1601 1583 1750 1636 cadit
1796 1583 1848 1637 in
1880 1599 1997 1653 pra-

2112 1600 2238 1636 πτει
2281 1585 2342 1638 τὸ
2387 1585 2488 1654 τῆς
2541 1584 2725 1654 φιλίας
2779 1584 2944 1640 καλὸν
2984 1586 3067 1649 είς
3103 1585 3388 1656 μοχθηράν
3427 1585 3683 1640 διάθεσιν.

425 1668 547 1708 vam
573 1656 936 1717 all‘ectionem.
974 1662 1253 1732 Siquidem
1303 1669 1438 1722 nihil
1471 1680 1624 1741 turpe
1652 1682 1706 1728 et
1754 1673 1997 1730 indecens

2113 1677 2260 1728 Até'rt
2287 1675 2439 1729 οὐδὲν
2470 1679 2697 1747 αἰσχρὸν
2733 1677 2829 1731 καὶ
2869 1677 3218 1748 ἀνάρμοστον
3253 1679 3334 1739 είς
3370 1677 3685 1747 συμφωνίαν

425 1751 491 1803 ad
534 1753 786 1808 amicitiae
816 1757 1249 1815 concinnitatem
1325 1762 1494 1832 redigi
1551 1774 1748 1835 potest.
1808 1766 1997 1839 Quippt

2119 1766 2343 1819 δύναται
2377 1767 2628 1837 χωρῆσαι
2661 1760 2864 1837 φιλίας.
2897 1768 2971 1821 Τὸ
3015 1769 3123 1842 γὰρ
3163 1771 3336 1823 κακὸν
3363 1769 3426 1823 οὐ
3454 1770 3533 1841 τῷ
3559 1770 3683 1839 ἀγα-

424 1843 628 1898 malum
654 1861 765 1901 non
793 1849 937 1904 bono
971 1859 1206 1917 tantum,
1241 1855 1334 1908 sed
1363 1853 1540 1925 ipsum
1570 1859 1733 1912 etiam
1765 1859 1868 1915 sibi
1917 1861 1996 1915 ad-

1977 1862 2013 1915 Ι-
2115 1857 2194 1928 θῷ
2219 1857 2461 1914 ἐναντίον
2487 1859 2605 1913 ἐστὶ
2635 1860 2821 1931 μόνον,
2853 1861 2992 1915 ἀλλά
3023 1863 3120 1917 καὶ
3165 1862 3316 1933 αὐτῷ
3348 1864 3549 1934 ἑαυτῷ.

425 1943 693 1993 versatur.

494 2052 812 2110 Amicorum
839 2056 1006 2124 dicta,
1039 2059 1168 2116 licet
1191 2061 1417 2132 injuria,
1443 2063 1725 2121 toleranda
1751 2077 1900 2124 sunt.

2185 2056 2268 2111 Τὰ
2300 2056 2450 2127 παρὰ
2479 2056 2651 2126 φίλων
2695 2057 2991 2128 λεγόμενα,
3038 2060 3143 2114 κᾶν
3178 2059 3337 2131 ὕϐρις
3361 2058 3418 2135 ᾖ,
3454 2061 3684 2130 φορητά.

496 2143 678 2202 Minus
696 2161 949 2218 suspecta
998 2166 1120 2208 esse
1164 2153 1364 2208 debent
1392 2156 1616 2211 vulnera
1648 2173 1772 2228 qure
1795 2160 2004 2217 amicus

2197 2150 2650 2223 Ἀξιοπιστότερα
2677 2153 2970 2224 τραύματα
3003 2153 3162 2225 φίλου
3190 2154 3224 2224 ἢ
3269 2155 3504 2208 ἀκούσια
3531 2153 3689 2224 φιλή-

426 2237 645 2305 inllixit,
667 2256 828 2311 quam
862 2245 1118 2300 simulata
1138 2247 1487 2303 inimicorum
1512 2251 1723 2308 oscula.

1070 2255 1118 2300 ta
1138 2247 1487 2303 inimicorum
1512 2251 1723 2308 oscula.
2116 2260 2266 2314 ματα
2292 2244 2386 2297 τοῦ
2413 2242 2634 2313 ἐχθροῦ.

501 2331 767 2404 Theologi.
793 2333 938 2391 Nihil
969 2345 1052 2392 est
1084 2337 1226 2406 quod
1255 2351 1530 2394 mereatur
1563 2355 1663 2410 pro
1698 2340 1842 2396 ﬁdeli
1875 2342 2014 2397 ami-

2188 2333 2350 2386 Φίλου
2404 2337 2599 2389 πιστοῦ
2643 2337 2743 2390 οὐκ
2780 2335 2930 2394 ἔστιν
2979 2339 3340 2412 ἀντάλλαγμα
3379 2342 3490 2397 τῶν
3519 2342 3686 2397 1ιντων

427 2439 496 2480 eo
544 2429 867 2496 permutari,
916 2444 1018 2484 nec
1061 2437 1244 2500 potest
1295 2431 1431 2487 satis
1488 2434 1782 2502 ponderari
1845 2435 1999 2492 decus

2119 2427 2288 2495 οὐδὲν,
2313 2427 2433 2482 οὖδὲ
2467 2445 2550 2493 τις
2582 2430 2825 2498 σταθμὸς
2867 2433 2969 2502 τῆς
3001 2433 3271 2504 καλλονῆς
3305 2436 3497 2491 αὐτοῦ.
3535 2438 3691 2499 Φίλος

426 2517 566 2586 ejus.
602 2517 828 2574 Amicus
877 2518 1052 2576 fidelis
1123 2520 1367 2575 validum
1425 2523 1832 2578 munimentum
1884 2536 1998 2582 est:

2120 2523 2303 2587 πιστὸς
2337 2523 2517 2595 σκέπη
2575 2526 2818 2594 κραταιά
2845 2541 2858 2557 ’
2920 2529 3017 2580 καὶ
3065 2527 3094 2580 ὁ
3125 2526 3307 2599 εὑρὼν
3336 2527 3508 2583 αὐτὸν
3538 2523 3692 2598 εὗρεν

426 2621 482 2668 et
503 2611 596 2683 qui
621 2613 890 2669 invenerit
945 2615 1142 2683 ipsum,
1192 2615 1402 2671 invenit
1448 2617 1794 2671 thesaurum.
2113 2614 2413 2687 θησαυρόν.

498 2705 636 2760 Boni
667 2720 883 2775 semper
917 2707 1240 2778 praeferendi
1281 2717 1411 2765 sunt
1439 2724 1548 2764 non
1609 2709 1789 2765 bonis.
1852 2708 2008 2766 Malis

2196 2708 2312 2762 ’Ael.
2331 2706 2574 2778 προτίμα
2602 2707 2732 2772 τοὺς
2764 2709 2969 2773 καλοὺς
2999 2709 3110 2762 τῶν
3137 2709 3214 2782 μὴ
3250 2710 3454 2766 καλῶν.
3489 2712 3693 2776 Κακοῖς

426 2810 610 2854 autem
635 2785 996 2863 conversaris:
1025 2800 1249 2856 omnino
1272 2803 1448 2857 malus
1469 2801 1687 2857 evades.

1588 2801 1687 2857 les.
2110 2801 2154 2855 δ’
2185 2800 2413 2871 ὁμιλῶν,
2447 2803 2543 2855 καὶ
2578 2803 2750 2865 κακὸς
2786 2803 3009 2866 πάντως
3039 2802 3160 2874 ἔσῃ.

498 2889 751 2949 Amicitia
787 2897 901 2944 tum
941 2890 1222 2964 patiendo,
1256 2903 1369 2948 tum
1421 2894 1696 2950 audiendo
1724 2893 1834 2968 45
1870 2894 2008 2951 nihil

2183 2893 2372 2947 Πάντα
2411 2893 2555 2948 οίσει
2591 2893 2768 2963 φιλία,
2799 2897 2895 2950 καὶ
2927 2896 3219 2968 πάσχουσα
3260 2899 3356 2952 καὶ
3395 2899 3687 2956 ἀκούουσα.

569 2987 850 3044 tolerabit.

424 3000 534 3041 non
569 2985 850 3044 tolerabit.

500 3078 783 3136 Discordia
838 3088 1060 3152 pr0pter
1109 3079 1368 3150 pietatem
1443 3077 1638 3133 melior
1685 3087 1792 3144 est,
1842 3092 1996 3147 quam

2183 3076 2474 3147 Kpsiaawv
2507 3074 2789 3147 ἐμπαθοῦς
2837 3077 3093 3148 ὁμονοίας
3141 3080 3174 3148 ἡ
3221 3077 3362 3151 ὑπὲρ
3415 3081 3691 3145 εὐσεϐείας

424 3174 716 3228 concordia
740 3175 904 3229 alicui
946 3173 1076 3228 vitio
1132 3171 1395 3227 obnoxia.

840 3175 904 3228 ιιιί
946 3173 1076 3228 vitio
1132 3171 1395 3227 obnoxia.
2113 3166 2412 3230 διάστασις.

500 3261 776 3333 Chrysost.
814 3262 918 3330 Qui
975 3262 1231 3319 inimicos
1267 3261 1412 3332 regis
1468 3259 1767 3316 familiares
1823 3260 2007 3328 habet,

2189 3259 2250 3312 Ὀ
2285 3260 2398 3321 τοῖς
2419 3258 2636 3328 ἐχθροῖς
2658 3256 2753 3312 τοῦ
2784 3257 3054 3330 βασιλέως
3084 3259 3474 3332 συμφιλιάζων
3513 3263 3576 3318 οὔ
3609 3262 3691 3317 δύ-

425 3369 536 3409 non
569 3363 757 3424 potest.
777 3356 990 3411 amicus
1020 3369 1144 3410 esse
1166 3356 1333 3424 regis.

2111 3369 2272 3408 ναται
2300 3351 2453 3420 φίλος
2486 3350 2582 3404 τοῦ
2617 3351 2886 3422 βασιλέως
2927 3350 3088 3408 εἶναι.

498 3447 691 3505 Febris
748 3465 856 3506 non
916 3437 1349 3504 tantum'uinurit
1405 3447 1656 3517 corporis
1726 3454 2008 3512 naturam,

2183 3445 2301 3516 Οὐχ
2338 3444 2515 3509 οὕτως
2559 3446 2798 3514 πυρετὸς
2856 3446 3182 3502 κατακαίειν
3235 3448 3398 3503 εἴωθε
3445 3448 3691 3520 σώματος

427 3553 696 3611 quantum
724 3545 940 3598 animos
965 3541 1268 3598 amantium
1309 3556 1368 3595 se
1398 3540 1718 3610 disjunctio.

2121 3538 2300 3609 φύσιν,
2351 3537 2428 3602 ὡς
2461 3537 2559 3603 τάς
2589 3538 2769 3610 ψυχὰς
2813 3540 2875 3594 τὸ
2909 3539 3250 3612 κεχωρίσθαι
3284 3541 3396 3596 τῶν
3430 3543 3693 3614 φιλουμέ-

2112 3646 2220 3683 νων
2227 3669 2241 3683 .

501 3717 728 3776 Praestat
771 3718 946 3778 solem
998 3719 1157 3780 nobis
1210 3721 1510 3790 exstingui.
1569 3735 1734 3791 quam
1801 3718 2004 3790 privari

2183 3722 2405 3776 Βέλτιον
2449 3723 2584 3794 ἡμῖν
2637 3722 2934 3791 σϐεσθῆναι
2972 3724 3066 3778 τὸν
3095 3724 3250 3796 ἥλιον
3282 3724 3315 3795 ἢ
3355 3725 3691 3804 φίλωνάπο-

429 3814 625 3870 amicis
651 3830 664 3879 ;
694 3815 849 3869 multi
870 3814 1018 3870 enim
1043 3815 1212 3870 solem
1234 3814 1483 3870 videntes
1506 3813 1560 3867 in
1583 3813 1824 3869 tenebris
1846 3821 2001 3867 sunt:

2121 3817 2477 3888 στερηθῆναι.
2503 3816 2697 3871 Πολλοὶ
2730 3818 2840 3888 γὰρ
2874 3817 2964 3870 τὸν
2999 3816 3150 3887 ἥλιον
3176 3817 3442 3887 ὁρῶντες,
3479 3820 3540 3871 ὲν
3575 3820 3693 3872 σκό-

427 3906 523 3976 qui
551 3917 732 3961 autem
756 3907 1063 3962 amicorum
1123 3907 1338 3976 copiam
1371 3905 1593 3968 habent,
1626 3903 1682 3958 in
1715 3901 1999 3957 aﬂlictione

2119 3926 2192 3978 τῳ
2220 3909 2351 3964 eiei.
2381 3909 2560 3963 Φίλων
2608 3909 2665 3963 δὲ
2699 3909 3105 3980 εὐποροῦντες,
3148 3909 3262 3964 οὐδ’
3299 3909 3373 3964 ἀν
3417 3911 3478 3964 ὲν
3519 3911 3691 3980 θλίψει

427 4011 551 4052 esse
587 4011 697 4052 non
733 4007 986 4066 possunt.
1021 3994 1362 4064 Nihilpnim,
1397 3993 1789 4049 nihilamicitia
1813 3992 1999 4060 jucun-

2120 4005 2381 4072 γένοιντο.
2417 4001 2589 4059 Οὐδὲν
2618 4003 2753 4074 γὰρ,
2783 4003 2938 4057 οὐδὲν
2963 4005 3062 4075 τῆς
3093 4005 3318 4076 ἀγάπης
3364 4005 3692 4076 γλυκύτερον

427 4089 557 4144 dius
585 4089 834 4144 accidere
864 4099 1062 4161 potest.
1085 4088 1221 4144 Nam
1244 4087 1376 4158 quid
1403 4101 1509 4142 non
1532 4084 1733 4141 faceret
1760 4083 1999 4140 sincerus

2121 4097 2324 4166 γένοιτο
2351 4096 2438 4153 ἄν.
2471 4095 2538 4152 Τί
2568 4096 2677 4166 γὰρ
2703 4097 2805 4150 οὐκ
2833 4095 2902 4150 ἂν
2933 4097 3235 4170 ἐργάσαιτο
3262 4097 3419 4166 φίλος
3439 4098 3693 4170 γνήσιος;

429 4185 688 4242 amicus?
733 4184 1020 4252 Quantum
1061 4184 1377 4254 voluptatis,
1414 4191 1680 4252 quantum
1733 4178 2001 4246 utilitatis,

2119 4189 2293 4259 πόσην
2343 4189 2445 4261 μὲν
2503 4189 2605 4243 οὐκ
2655 4188 2723 4243 ἂν
2770 4189 3130 4261 ὲμποιήσειεν
3158 4190 3388 4262 ήδονὴνς
3420 4193 3598 4260 πόσην
3635 4189 3691 4242 δὲ

427 4285 695 4346 quantum
726 4276 963 4345 denique
988 4275 1304 4331 securitatis
1328 4274 1418 4328 ille
1445 4289 1554 4328 non
1590 4270 1853 4327 afferret?
1887 4270 1999 4326 Inli-

2121 4280 2417 4350 ῶφέλειαν;
2449 4281 2626 4350 πόσην
2651 4279 2952 4350 ἀσφάλειαν
2974 4282 3113 4350 ςκᾶν
3137 4282 3366 4353 μυρίους
3388 4282 3693 4353 θησαυροὺς

429 4369 579 4425 ultos
621 4369 749 4426 licet
797 4369 1088 4426 thesauros
1119 4382 1335 4433 narres,
1362 4365 1495 4421 nihil
1526 4364 1774 4421 omnium
1827 4372 2001 4422 tamen

1913 4380 2008 4422 aen
2043 4363 2086 4421 D
2119 4371 2324 4440 εἴποις,
2355 4372 2510 4428 οὐδὲν
2542 4371 2798 4440 ἀντάξιον
2823 4373 3050 4444 γνησίου
3083 4373 3239 4444 φίλου
3269 4373 3485 4445 εὕροις.

429 4458 632 4518 sinceri
667 4459 828 4517 amici
865 4461 1100 4532 pretium
1135 4459 1456 4532 aequaverit.
2630 4473 2636 4479 '
2816 4449 2821 4454 ’

503 4553 672 4614 Valde
693 4555 866 4611 amari
891 4568 1092 4628 cupere
1110 4568 1180 4611 ex
1200 4553 1355 4610 valde
1377 4550 1615 4608 amando
1641 4550 1907 4608 nascitur.

2188 4553 2264 4606 Τδ
2295 4552 2505 4626 σφόδρα
2539 4550 2814 4624 φιλεῖσθαι
2846 4551 3057 4608 ἐθέλειν
3093 4551 3202 4606 ἀπὸ
3230 4549 3326 4606 τοῦ
3358 4550 3564 4626 σφόδρα
3607 4566 3694 4620 φι-

2116 4647 2230 4702 λεῖν
2268 4647 2503 4716 γίνεται.

365 4717 407 4751 Ἥ
495 4742 758 4800 Animum
821 4739 1023 4811 saepius
1083 4735 1309 4803 excitat,
1357 4749 1466 4792 non
1517 4733 1694 4792 solum
1747 4747 1937 4790 memm

2189 4740 2546 4808 Διανίστησιν
2593 4739 2670 4804 ὡς
2698 4738 2767 4794 τὰ
2803 4737 2976 4795 πολλὰ
3009 4737 3111 4810 τὴν
3135 4735 3316 4809 ψυχὴν
3366 4736 3430 4790 οὐ
3477 4732 3693 4807 μόνονή

426 4835 644 4892 illorum
696 4850 840 4905 quos
891 4847 1164 4899 amamus,
1221 4831 1317 4887 sed
1383 4828 1552 4884 vestis
1614 4826 1778 4882 etiam
1818 4841 1998 4882 eorum

2123 4833 2316 4904 μνήμη
2367 4831 2480 4886 τῶν
2521 4832 2890 4903 φιλουμένων,
2919 4830 3059 4888 ἀλλὰ
3108 4832 3203 4884 καὶ
3265 4829 3485 4900 ἱμάτιον
3519 4823 3695 4881 αὐτῶν

417 4930 566 4995 visa,
615 4937 711 4983 aut
739 4927 917 4983 littera
967 4940 1128 4996 quam
1179 4922 1418 4990 pinxerit
1470 4929 1728 4991 exoptata
1789 4936 1986 4977 manus

2121 4925 2341 4998 ὁραθὲν,
2384 4924 2482 4980 καὶ
2537 4926 2779 4998 γράμμα
2841 4925 2943 4996 τῆς
2997 4922 3347 4993 ποθουμένης
3395 4921 3616 4993 χειρὸς,
3658 4917 3693 4988 ἢ

367 5069 382 5074 ..
429 5012 526 5075 aut
546 5017 694 5075 aliud
729 5017 1011 5091 quidpiam
1035 5016 1239 5072 factum
1264 5012 1509 5082 obvium,
1535 5027 1646 5082 quo
1676 5010 1752 5066 illi
1783 5012 1939 5067 uteba

2123 5016 2252 5073 ἄλλο
2279 5035 2354 5088 τι,
2382 5018 2522 5092 ὅπερ
2559 5019 2759 5072 ἐκεῖνοι
2783 5015 3048 5089 ἐχρῶντο,
3090 5014 3185 5068 ἐπὶ
3222 5015 3415 5084 χεῖρας
3452 5010 3623 5066 ἐλθόν.

430 5120 541 5166 tur.

503 5199 754 5256 Profeeta
782 5202 850 5257 ab
884 5201 993 5256 illis
1022 5199 1112 5270 qui
1146 5207 1423 5266 amantur,
1452 5201 1584 5258 licet
1611 5199 1829 5272 exigua,
1863 5196 2012 5254 desi-

2190 5198 2274 5254 Τά
2308 5198 2463 5270 παρά
2507 5197 2619 5252 τῶν
2651 5195 3028 5267 φιλουμένων,
3074 5192 3181 5247 κᾶν
3212 5190 3390 5264 μικρὰ
3429 5187 3695 5259 τυγχάνῃ.

433 5293 648 5351 deranti
687 5293 945 5350 videntur
981 5309 1198 5365 magna.

2123 5293 2340 5366 μεγάλα
2374 5292 2451 5361 τῷ
2485 5290 2743 5345 ποθοῦντι
2784 5287 3058 5359 φαίνεται.

506 5385 772 5455 Quamvis
801 5387 1040 5458 gladium
1097 5389 1385 5446 strinxeris
1432 5389 1698 5445 adversus
1745 5387 2011 5455 amicum,

2205 5387 2328 5440 Ἐπὶ
2360 5385 2515 5456 φίλον
2545 5383 2640 5438 ἐὰν
2683 5383 2779 5436 καὶ
2811 5381 3028 5454 σπάσῃς
3068 5376 3372 5452 ῥομφαίαν,
3409 5374 3482 5448 μὴ
3523 5371 3696 5428 ἀπελ-

433 5493 544 5540 neu
579 5495 761 5540 tamen
817 5482 1098 5553 desperes.
1132 5483 1289 5540 Patet
1316 5485 1462 5540 enim
1494 5485 1705 5540 reditus
1730 5484 1795 5538 ad
1815 5483 2005 5553 ipsum,

2125 5479 2288 5551 πίσῃς
2313 5495 2328 5510 ο
2364 5477 2483 5532 ἔστι
2533 5475 2644 5547 γὰρ
2684 5474 2946 5537 ἐπάνοδος
2992 5472 3087 5526 ἐπὶ
3136 5471 3311 5542 φίλον,
3343 5471 3439 5523 ἐὰν
3483 5465 3697 5537 ἀνοίξῃς

448 5579 495 5634 si
528 5592 590 5633 os
613 5576 895 5649 aperueris
937 5578 1088 5634 :noli
1137 5578 1446 5649 desperare,
1498 5578 1678 5633 licebit
1732 5576 1877 5632 enim
1933 5591 2020 5630 re-

2126 5576 2318 5646 στόμα·
2367 5575 2443 5647 μὴ
2476 5572 2753 5645 ἀπογνῷςο
2787 5571 2903 5626 ἐστι
2937 5570 3046 5642 γὰρ
3072 5569 3364 5641 διαλλαγὴ,
3393 5569 3521 5626 ἄνευ
3551 5563 3695 5618 ὀνει-

441 5669 745 5740 conciliari,
767 5670 813 5729 si
849 5669 992 5729 absit
1035 5671 1386 5745 exprobratio
1434 5680 1488 5728 et
1519 5666 2013 5754 arcanorumdete-

1675 5666 2026 5754 torumdcle-
2123 5668 2317 5743 δισμοῦ
2353 5669 2450 5724 καὶ
2482 5665 2801 5740 μυστηρίων
2827 5661 3247 5734 ἀποκαλύψεως.

441 5761 572 5817 ctio.
