3980 6248
289 382 420 482 ’849

1120 379 1296 450 LOCI
1340 388 1787 455 COMMUNES.
1827 393 2125 460 --PARS
2158 396 2212 460 Ι.
2268 398 2530 461 SERMO
2568 403 2786 469 XXIV.

3464 407 3576 470 8.50

374 501 443 557 Οί
493 499 727 571 μεγάλοι
759 500 999 557 κίνδυνοι
1047 503 1144 558 καὶ
1187 505 1316 570 τοὺς
1347 507 1448 576 τῆς
1477 506 1664 577 φιλίας
1698 508 1858 565 λύουι

2069 509 2265 583 Magna
2297 513 2542 584 pericula
2573 517 2880 572 dissolvunt
2903 517 3066 574 etiam
3098 517 3356 575 amicitiae
3406 520 3576 598 leges.

306 593 534 656 νόμους.

415 611 534 656 ους.

375 611 460 740 {id
491 685 591 756 μὲν
625 686 849 757 ἀγαπᾷν
881 686 1010 750 τοὺς
1040 688 1342 760 μισοῦντας
1371 691 1574 764 ἀρετῆς
1601 666 1696 750 καὶ
1720 694 1886 750 θεῖονο

305 780 446 834 erat
498 783 625 844 τοὺς
671 781 1032 849 ἀγαπῶντας,
1064 783 1409 852 ἀνθρώπινον
1445 789 1541 841 καὶ
1571 789 1780 843 κοινόνο
1827 791 1886 846 τὸ

304 873 364 927 δὲ
413 877 595 944 μισεῖν
627 876 725 930 καὶ
765 874 898 939 τοὺς
929 877 1264 945 ἀγαπῶντας
1303 878 1424 934 οὐδὲ
1456 879 1667 952 θηρίων
1699 877 1883 953 οἶμαι.

377 1137 538 1192 Φίλον
591 1138 828 1209 ἡγητέον
873 1140 968 1194 τὸν
1000 1141 1219 1214 βοηθεῖν
1263 1145 1359 1200 καὶ⁸
1391 1145 1726 1219 άντωφελεῖν
1764 1152 1886 1207 ἐθέ-

306 1228 493 1294 λοντα,
540 1230 647 1285 κᾶν
675 1234 750 1305 μὴ
784 1233 1037 1306 δύνηται.

389 1402 478 1456 Ἔν
507 1403 604 1472 μὲν
652 1407 765 1470 τοῖς
793 1407 978 1473 ἀλλοις
1004 1409 1065 1463 τὸ
1094 1411 1296 1486 μέτρον
1333 1414 1559 1487 ἄριστον
1581 1434 1596 1450 ·
1629 1417 1691 1472 ὲν
1721 1416 1779 1473 δὲ
1811 1421 1880 1490 τῇ

301 1493 500 1568 ἀγάπῃ
533 1495 562 1548 ὁ
593 1496 655 1550 τὸ
685 1498 872 1554 πλεῖον
897 1500 1040 1573 ἔχων
1067 1501 1502 1579 θεοφιλέστερος.

374 1677 578 1732 Ἵππου
613 1681 713 1751 μὲν
759 1682 968 1756 ἀρετὴν
1000 1686 1060 1742 ὲν
1106 1689 1354 1762 πολέμῳ,
1385 1690 1544 1762 φίλου
1596 1691 1654 1747 δι
1691 1693 1878 1749 πίστιν

294 1769 356 1822 ὲν
389 1771 591 1842 ἀτυχίᾳ
621 1772 907 1845 κρίνομεν.

2076 695 2254 751 ΡΙιοιίἱ
2281 698 2618 767 patriarchae.
2655 698 2888 772 Diligere
2925 700 3048 755 illos
3087 701 3178 769 qui
3211 715 3314 756 nos
3372 700 3580 756 habent

1990 791 2138 856 odio,
2168 790 2350 846 divina
2395 794 2640 862 quaedam
2684 794 2860 851 virtus
2905 803 2989 850 εει
3035 809 3049 847 :
3092 803 3339 850 amantes
3389 802 3575 850 autem

1992 881 2296 948 redamare,
2341 882 2638 938 humanum
2687 895 2742 939 ct
2779 886 3000 957 vulgare
3043 892 3178 941 est:
3238 885 3386 956 ipsos
3440 900 3576 940 vero

1989 974 2175 1030 odisse
2210 974 2522 1046 diligentes,
2554 992 2623 1032 ne
2663 977 2861 1034 belluis
2900 977 3124 1048 quidem
3159 977 3460 1034 convenire
3489 977 3572 1032 vi-

1988 1065 2171 1120 detur.

2058 1155 2327 1213 Philonis.
2377 1158 2602 1214 Amicus
2651 1157 2937 1215 ducendus
2983 1166 3089 1228 est,
3141 1160 3237 1230 qui
3301 1161 3568 1216 auxilium

1985 1257 2040 1303 et
2067 1263 2288 1320 Operam
2332 1261 2598 1316 mutuam,
2641 1251 2690 1307 si
2725 1265 2784 1308 re
2817 1250 2936 1321 ipsa
2978 1266 3087 1306 non
3134 1262 3341 1322 pateat,
3376 1252 3611 1333 volun-

1988 1351 2095 1398 tate
2114 1343 2307 1399 saltem
2340 1354 2578 1414 praestat.
2962 1395 2965 1397 _

2060 1431 2254 1491 Firmi.
2285 1437 2342 1492 in
2373 1438 2590 1494 caeteris
2617 1438 2838 1509 Quidem
2893 1437 3060 1494 rebus
3085 1436 3340 1491 laudatur
3365 1437 3571 1492 medio-

1980 1528 2149 1585 critas
2183 1547 2196 1584 :
2227 1529 2278 1583 in
2301 1544 2490 1586 amore
2549 1545 2683 1586 vero
2711 1531 2808 1602 qui
2854 1529 3152 1600 plurimum
3201 1529 3478 1596 habuerit,
3521 1530 3569 1585 is

1981 1623 2092 1678 Deo
2115 1623 2334 1679 cbarior
2377 1623 2454 1679 fit.

2056 1713 2360 1772 Plutarchi.
2404 1717 2540 1787 Equi
2581 1717 2882 1773 bonitatem
2933 1717 2986 1772 in
3027 1716 3192 1785 bello,
3231 1716 3396 1772 amici
3435 1731 3564 1772 vero

1984 1805 2143 1863 ﬁdem
2177 1807 2230 1863 in
2265 1810 2579 1866 calamitate
2600 1810 2940 1881 judicamus.

365 1862 545 1936 Σκεὸη
602 1867 703 1937 μὲν
741 1869 823 1939 ⁸τά
873 1871 1040 1927 καινά
1079 1874 1404 1946 κρείττονα,
1445 1879 1599 1950 φιλία
1619 1879 1736 1954 att;
1767 1901 1858 1937 πα·

2045 1901 2187 1956 Vasa
2219 1902 2437 1972 quidem
2495 1862 2720 1960 meliora
2767 1913 2901 1960 sunt
2947 1919 3130 1962 nova:
3160 1904 3258 1963 sed
3310 1905 3556 1962 amicitia

294 1952 475 2009 λαιοτέ
485 1975 576 2027 ρα.

368 2048 564 2104 Πολλοὶ
599 2053 791 2123 φίλους
824 2057 1110 2128 αἱροῦνται
1139 2061 1203 2116 οὐ
1252 2063 1382 2129 τοὺς
1409 2065 1697 2136 ἀρίστους,
1732 2069 1870 2125 ἀλλά

288 2141 420 2206 τοὺς
454 2143 846 2212 πλουτοῦντας.

374 2234 441 2288 Ἦ
473 2236 704 2311 ἀληθινὴ
749 2241 904 2311 φιλία
949 2244 1080 2317 τρία
1129 2247 1289 2318 ζητεῖ
1323 2251 1582 2321 μάλιστα·
1613 2256 1712 2328 τὴν
1738 2257 1868 2328 ἀρε-

291 2324 414 2394 τὴν,
440 2328 516 2392 ὡς
541 2329 727 2398 καλὸν,
762 2334 856 2386 καὶ
895 2335 996 2406 τὴν
1030 2339 1346 2410 συνήθειαν,
1380 2343 1456 2408 ὡς
1488 2345 1609 2416 ἡδὺ,
1640 2324 1737 2402 καὶ
1765 2324 1865 2422 τὴν

291 2420 485 2489 χρείαν
512 2461 527 2488 ,
555 2423 630 2488 ὡς
655 2427 983 2495 ἀναγκαῖον.

355 2513 611 2608 Βραδὲως
661 2520 760 2589 μὲν
815 2522 970 2593 φίλος
1028 2526 1223 2596 γίνου,
1257 2530 1552 2599 γενόμενος
1597 2534 1654 2588 δὲ
1685 2536 1863 2608 πειρῶ

283 2604 582 2698 διαμένειν.
619 2610 854 2681 Ὁμοίως
885 2617 994 2688 γὰρ
1015 2618 1244 2690 αἰσχρὸν
1276 2622 1482 2692 μηδένα
1511 2625 1664 2694 φίλον
1690 2604 1860 2698 ἔχειν,

280 2695 378 2746 καὶ
409 2695 638 2764 πολλοὺς
669 2701 922 2774 ἑταίρους
951 2707 1368 2776 μεταλλάττειν.

305 2811 308 2814 ~
350 2790 626 2860 Δοκίμαζε
661 2795 788 2860 τοὺς
819 2798 1008 2868 φίλους
1046 2802 1246 2875 ὲκιτῆς
1289 2806 1421 2876 περ)⁵
1450 2807 1544 2862 τὸν
1579 2809 1695 2880 βίον
1723 2813 1861 2866 ἀτυ-

278 2881 406 2949 χίας
449 2885 544 2936 καὶ
597 2887 696 2958 τῆς
737 2890 798 2943 ὲν
835 2894 952 2957 τοῖς
1008 2895 1282 2962 κινδύνοις
1311 2902 1621 2966 κοινωνίας.
1652 2904 1727 2958 Τὸ
1759 2907 1860 2975 μὲν

281 2976 393 3044 γὰρ
434 2979 661 3048 χρυσίον
705 2983 766 3036 ἐν
800 2987 936 3056 πυρὶ
983 2987 1380 3063 δοκιμάζομεν,
1421 2994 1550 3058 τοὺς
1574 2997 1632 3050 δὲ
1667 2997 1858 3067 φίλους

279 3070 341 3122 ἐν
365 3073 488 3134 ταῖς
515 3074 769 3145 ἀτυχίαις
797 3079 1168 3158 γινώσκομεν.

353 3163 477 3260 Τῶν
525 3165 780 3223 ἀπόντων
829 3173 1003 3241 φίλων
1038 3176 1288 3250 μέμνησο
1317 3181 1456 3253 πρὸς
1495 3184 1626 3248 τοὺς
1653 3187 1860 3260 παρόν-

273 3274 399 3322 τας,
436 3257 524 3312 ἵνα
546 3261 704 3335 δόξῃς
743 3265 880 3336 μηδὲ
914 3267 1025 3322 τῶν
1053 3273 1341 3342 παρόντων
1365 3275 1676 3348 ὀλιγωρεῖν.

346 3351 449 3443 aia:
489 3353 589 3423 μὲν
633 3355 742 3427 γὰρ
781 3359 892 3413 τῶν
920 3361 1221 3434 ὀφθαλμῶν
1254 3367 1409 3437 μόλις
1441 3371 1575 3443 όρᾷν
1620 3371 1737 3428 ἔστι
1778 3375 1850 3432 τὰ

273 3442 531 3544 εμποδὼν
556 3491 572 3516 ,
603 3451 692 3508 διὰ
741 3455 800 3510 δὲ
855 3456 965 3512 τῶν
1017 3459 1189 3531 φίλων
1231 3465 1328 3519 καὶ
1355 3467 1422 3522 τὰ
1451 3442 1546 3524 ιτέι
1572 3471 1676 3543 γῆς
1701 3475 1849 3544 πέρα

270 3539 603 3600 θεάσασθαι.

341 3613 442 3665 Διά
496 3616 598 3682 μὲν
637 3617 748 3672 τῶν
799 3619 958 3676 ὢτων
1012 3622 1114 3679 οὐκ
1147 3626 1214 3681 ἄν
1257 3645 1342 3694 τις
1378 3631 1610 3689 ἀκοῦσαι
1645 3638 1742 3696 καὶ
1780 3639 1850 3694 τὰ

271 3705 482 3774 σφόδρα
532 3709 804 3778 ἐγγύθενο
838 3712 928 3768 διά
975 3715 1034 3769 δὲ
1087 3717 1200 3772 τῶν
1244 3721 1416 3790 φίλων
1467 3725 1686 3793 οὐδενὸς
1737 3731 1849 3785 τῶν

267 3800 590 3892 ἀναγκαίων
623 3804 955 3877 ὁποιδήποτε
991 3810 1225 3880 ἀνήκοός
1254 3815 1395 3870 ἐστι.

353 3894 607 3992 ᾚᾷονμάν
657 3914 743 3992 τις
787 3902 1076 3972 συμφορὰν
1119 3906 1220 3976 τὴν
1264 3894 1662 3989 χαλεπωτάτην
1689 3921 1848 3992 φέρει

269 3987 411 4057 μετά
455 3988 685 4059 φίλωνῆ
729 3992 891 4062 μόνος
923 3995 1182 4067 εὐτυχίαν
1208 4003 1306 4072 τὴν
1341 3987 1633 4077 μεγίστην.

339 4081 438 4144 Τίς
464 4083 768 4156 ἐπιτήδειος
791 4087 932 4158 πρὸς
955 4088 1138 4158 φιλίαν
1160 4091 1253 4157 ;'O
1276 4095 1507 4154 πλεῖστα
1533 4101 1845 4164 ἀδικεῖσθαι

262 4173 395 4227 δυνά
403 4191 588 4244 μενος.

336 4266 550 4334 Ὠσπερ
586 4262 729 4334 οίνος
764 4273 1022 4342 κιρνᾶται
1074 4277 1190 4341 τοῖς
1244 4280 1355 4336 τῶν
1409 4284 1676 4342 πινόντων
1711 4290 1842 4362 τρόο

261 4373 412 4423 ποις,
431 4357 576 4412 οὕτω
609 4362 702 4414 καὶ
733 4361 886 4432 φιλία
931 4366 1044 4429 τοῖς
1077 4367 1186 4420 τῶν
1215 4374 1520 4445 χρωμένων
1550 4377 1734 4449 ἤθεσι.

330 4534 491 4591 Φίλον
512 4537 738 4611 γνήσιον
767 4542 826 4597 ἐν
850 4546 1040 4611 κακοῖς
1073 4546 1149 4620 μὴ
1185 4544 1378 4619 φοδοῦἷ

325 4725 434 4779 Τὸν
462 4726 749 4782 σπουδαῖον
797 4729 951 4798 φίλον
992 4731 1130 4815 πρὸς
1189 4732 1290 4804 μὲν
1349 4735 1449 4803 τᾲς
1498 4738 1841 4810 εὐφροσύνας

1973 2005 2198 2064 praestat
2227 2012 2336 2066 quo
2365 2000 2654 2057 vetustior.

2040 2085 2265 2141 Amicos
2292 2088 2446 2144 multi
2473 2103 2583 2144 non
2613 2091 2873 2162 optimos,
2929 2092 3024 2147 sed
3069 2089 3269 2148 divites
3322 2088 3552 2160 eligunt.

2041 2263 2182 2318 Vera
2216 2264 2454 2321 amicitia
2494 2268 2600 2322 tria
2642 2268 2919 2338 praecipue
2947 2265 3235 2337 requirit:
3265 2267 3555 2333 virtutem,

1968 2363 2028 2409 It
2069 2355 2399 2425 honestum;
2458 2360 2909 2425 familiaritatem,
2972 2368 3034 2415 ut
3082 2359 3432 2431 jucundum;
3487 2367 3544 2414 et

1965 2440 2284 2508 utilitatem,
2324 2455 2384 2499 ut
2405 2447 2806 2504 necessarium.

2043 2528 2323 2588 Isocratis.
2357 2534 2536 2593 Tarde
2564 2539 2786 2610 quidem
2822 2539 2976 2597 ineas
3010 2539 3326 2606 amicitiam,
3364 2539 3554 2594 initam

1961 2635 2094 2676 vero
2131 2635 2448 2682 constanter
2485 2643 2692 2686 serves.
2726 2630 2908 2701 IEque
2935 2632 3082 2686 enim
3112 2640 3269 2703 turpe
3296 2641 3381 2688 est
3413 2631 3556 2700 ami-

1963 2729 2084 2770 cum
2118 2731 2228 2771 non
2252 2718 2475 2786 habere,
2510 2735 2574 2777 ac
2610 2722 2663 2776 in
2701 2723 2938 2779 amicitia
2975 2723 3374 2780 inconstantem
3405 2738 3552 2780 esse.

2031 2808 2254 2864 Amicos
2284 2809 2540 2880 probabis
2559 2827 2623 2866 ex
2656 2813 2964 2870 calamitate
2986 2815 3041 2870 in
3067 2814 3310 2892 vita,
3333 2823 3386 2872 et
3402 2830 3554 2887 com;

1960 2899 2330 2959 municatione
2356 2904 2744 2973 periculorum.
2789 2909 3000 2964 Aurum
3046 2910 3197 2964 enim
3249 2910 3376 2979 igne
3410 2924 3540 2981 pro-

1960 2995 2180 3062 bamus,
2221 2997 2423 3054 amicos
2447 2998 2499 3053 in
2522 2999 2751 3057 adversa
2778 3000 2994 3058 fortuna
3023 3003 3434 3074 cognoscimus.

2033 3178 2354 3237 Absentium
2387 3182 2689 3240 amicorum
2721 3183 2863 3256 apud
2891 3188 3546 3257 praesentesmentionem

1967 3269 2154 3342 facito,
2188 3282 2244 3329 ut
2271 3275 2434 3342 etiam
2469 3286 2768 3347 praesentes
2791 3295 2900 3335 non
2948 3281 3186 3342 videaris
3245 3282 3544 3354 negligere.

2039 3362 2243 3418 Dionis.
2263 3363 2450 3421 Oculis
2479 3367 2702 3436 quidem
2741 3369 2831 3424 vix
2887 3383 2952 3424 ea
3006 3371 3194 3426 videre
3227 3371 3354 3428 licet
3421 3387 3546 3442 qua

1965 3457 2286 3536 antepedes
2317 3468 2445 3513 sunt
2485 3475 2501 3516 :
2536 3474 2633 3530 per
2656 3461 2866 3525 amicos
2890 3471 3076 3518 autem
3102 3461 3270 3518 etiam
3321 3462 3542 3534 longius

1965 3559 2179 3613 remota
2205 3550 2644 3619 conspiciuntur.

2036 3638 2312 3711 Clirysost.
2360 3625 2599 3700 Auribus
2661 3643 2881 3715 quidem
2943 3645 3037 3701 vix
3095 3661 3160 3702 ea
3213 3646 3544 3717 hattriuntut:

1960 3748 2082 3804 quae
2113 3735 2358 3804 proxima
2385 3745 2512 3791 sunt
2545 3752 2560 3790 :
2593 3751 2690 3806 per
2721 3737 2934 3795 amicos
2984 3739 3168 3794 omnia
3228 3739 3412 3796 ubivis
3442 3755 3542 3796 ne-

1957 3826 2195 3882 cessaria
2228 3826 2416 3882 audire
2449 3829 2634 3882 datur.

2034 3917 2270 3986 Facilius
2296 3919 2421 3989 quis
2467 3934 2592 3974 cum
2623 3919 2815 3986 amicis
2843 3921 3222 3990 gravissimam
3253 3921 3539 3989 calamita-

1960 4020 2067 4064 tem
2101 4010 2223 4074 fert,
2256 4027 2419 4077 quam
2445 4011 2596 4067 solus
2634 4012 2721 4066 vel
2748 4013 3044 4069 maximam
3091 4015 3534 4086 prosperitatem.

2028 4104 2254 4159 Aristot.
2284 4103 2421 4182 Quis
2453 4105 2689 4166 idoneus.
2708 4113 2794 4166 est
2823 4106 3079 4167 amicitiae
3098 4108 3123 4162 i.
3139 4107 3242 4175 Qui
3270 4109 3534 4180 plurimas

1954 4195 2185 4264 injurias
2215 4197 2358 4252 ferre
2394 4205 2595 4266 potest.

2022 4287 2412 4346 Demosthenis.
2448 4288 2605 4346 Sicut
2634 4291 2821 4347 vinum
2850 4300 3246 4364 attemperatur
3299 4295 3536 4368 ingeniis

1951 4379 2277 4452 bibentium,
2348 4383 2425 4438 ita
2474 4389 2528 4438 et
2560 4384 2802 4440 amicitia
2830 4400 2931 4456 pro
2962 4389 3215 4447 moribus
3261 4389 3549 4461 utentium.

1952 4485 2147 4530 variat.

1865 4568 1921 4636 D
2016 4559 2278 4623 Socratis.
2309 4566 2564 4625 Amicum
2623 4568 2907 4628 sincerum
2942 4571 3000 4626 in
3050 4571 3214 4627 rebus
3281 4570 3542 4639 adversis

1944 4673 2014 4715 ne
2042 4659 2261 4714 timeas.

2011 4748 2326 4804 Democriti.
2388 4747 2628 4806 Probum
2708 4752 2951 4809 amicum
3013 4755 3230 4828 gaudiis
3302 4757 3526 4829 quidem

251 4816 528 4886 κληθέντα
582 4818 664 4872 δεῖ
697 4821 954 4888 παρεῖναι
984 4835 998 4850 ο
1048 4820 1190 4897 πρὶς
1239 4822 1297 4884 δὲ
1343 4823 1442 4888 τὰς
1483 4827 1838 4897 περιστάσεις

2010 4855 2192 4902 catum
2248 4845 2442 4915 adesse
2506 4845 2685 4916 decet,
2753 4816 3250 4915 adversisvautem
3303 4816 3526 4913 casibus

251 4909 592 4979 αὐτόκλητον
616 4911 697 4963 δεῖ
728 4914 1131 4983 συμπαρεῖναι.
1937 4951 2034 4992 sua
2060 4949 2274 5008 sponte.

324 5000 393 5057 Οί
425 5003 671 5071 ἀληθινοὶ
722 5004 869 5072 φίλοι
895 5006 990 5058 καὶ
1025 5007 1132 5074 τὰς
1155 5007 1340 5076 φιλίας
1367 5008 1578 5080 ἡδείας,
1607 5013 1704 5066 καὶ
1736 5013 1836 5080 τὰς

2008 5028 2133 5086 Veri
2161 5032 2321 5089 amici
2362 5041 2476 5096 tum
2508 5051 2706 5094 suaves
2759 5037 3039 5094 amicitias
3083 5037 3340 5094 fruitione
3369 5053 3521 5096 com-

250 5096 545 5164 συμφορὰς
579 5097 958 5168 ἐλαφροτέρας
1013 5100 1287 5168 ποιοῦσιν,
1338 5095 1414 5158 ὧν
1457 5103 1559 5176 μὲν
1596 5121 1834 5160 συναπο-

2006 5123 2112 5188 uni,
2152 5133 2264 5183 tum
2299 5126 2644 5187 calamitates
2676 5128 2907 5186 leviores
2940 5129 3366 5201 participatione
3417 5146 3521 5189 sua

245 5187 529 5254 λαύοντες,
566 5181 643 5244 ὧν
673 5191 729 5245 δὲ
766 5191 1302 5263 μεταλαμϐάνοντες.

328 5280 664 5353 Ἐπίσταμαι
697 5283 754 5338 δὲ
801 5285 896 5339 καὶ
931 5287 1278 5358 πεπείραμαι
1319 5289 1462 5358 λίαν,

324 5374 416 5437 Ὦς
443 5375 552 5430 τῶν
588 5376 822 5447 ἑχόντων
846 5379 1048 5442 πάντες
1080 5381 1360 5452 ἄνθρωποι
1410 5385 1578 5456 φίλοι.

310 5465 476 5520 Φίλον
513 5467 720 5529 ἐκεῖνον
752 5470 962 5542 νόμιζε,
1004 5472 1155 5537 ὅστις
1185 5475 1350 5530 αὑτὸν
1379 5477 1462 5546 σὲ,
1488 5481 1627 5535 ἀλλὰ
1651 5483 1726 5557 μὴ
1757 5484 1827 5540 τὰ

240 5559 378 5624 περὶ
413 5556 476 5610 σὲ
507 5559 721 5634 ἀγαπᾷ.

315 5651 541 5743 βέλτιον
588 5655 759 5711 πολλά
806 5659 1064 5730 χρήματα
1108 5661 1495 5730 ἀπολέσαντα,
1541 5669 1638 5726 ἕνα
1668 5673 1825 5743 φίλον

2004 5305 2298 5380 Euripidis.
2330 5309 2445 5367 Hoc
2490 5314 2606 5369 scio
2636 5324 2691 5371 et
2717 5317 2876 5386 plane
2891 5329 3149 5392 expertus
3198 5336 3346 5390 sum,
3369 5321 3514 5393 Quod

1930 5414 2125 5467 omnes
2157 5404 2318 5458 amici
2351 5405 2482 5466 ﬁant
2511 5406 2797 5467 divitibus.

1997 5495 2251 5559 Amicum
2293 5498 2577 5563 existimes
2601 5503 2693 5574 qui
2727 5505 2963 5578 teipsum
2986 5508 3186 5580 diligit,
3242 5523 3352 5567 non
3385 5516 3512 5573 tua.

1998 5676 2339 5736 Moscliionis.
2369 5683 2557 5742 Satius
2601 5695 2685 5743 est
2743 5690 2932 5748 multis
2981 5691 3230 5762 pecuniis
3276 5691 3499 5751 amissis

240 5741 580 5861 xrﬂca‘cﬂat,
606 5746 641 5818 ἢ
671 5747 768 5804 ἕνα
799 5752 953 5820 φίλον
980 5753 1351 5829 ἀπολέσαντα,
1381 5761 1554 5820 πολλά
1596 5741 1701 5846 χρή
1713 5784 1821 5836 μα·

2542 5741 2545 5742 ,
2746 5741 2930 5748 __-__--_
2983 5741 3228 5762 ,πηνα
3277 5741 3497 5751 πρ--.-

2006 5786 2092 5825 um
2129 5772 2365 5829 amicum
2398 5791 2716 5849 comparare
2737 5823 2754 5848 ,
2795 5797 2961 5854 quam
2993 5783 3307 5861 amicoxuno
3326 5785 3498 5842 amis-

239 5851 313 5892 τα
344 5836 678 5904 κτήσασθαι.

1921 5876 1984 5916 so
2019 5861 2217 5918 multas
2251 5864 2476 5935 adipisci
2515 5871 2795 5938 pecunias.
