3980 6248
262 320 269 330 ’
304 335 416 398 853

389 450 550 504 Ἔστι
581 449 733 517 φίλος
759 449 985 519 ὀνόματι
1015 448 1190 518 φίλος.

381 542 442 594 Ei
479 543 678 596 κτᾶσαι
711 542 887 611 φίλον,
932 545 991 594 ἐν
1027 542 1319 614 πειρασμῷ
1352 542 1431 614 (l)
1465 540 1664 610 κτῆσαι
1695 538 1880 600 αὑτὸν,

307 635 405 688 καὶ
437 636 512 703 μὴ
537 636 675 704 ταχὺ
703 634 1078 707 ιμπιστεύσῃς
1103 634 1275 706 αὐτῷ.

389 727 451 780 '0
479 725 754 791 ὀνειδίζων
780 729 934 796 φίλον
969 728 1136 782 αὑτοῦ
1170 727 1414 781 διαλύσει
1442 727 1643 798 φιλίαν.
1749 739 1752 742 ’

375 906 442 962 0i
474 905 766 960 ἀκόλαστοι
797 905 898 977 τὴν
939 907 1166 979 γνώμην
1199 907 1361 979 μέχρι
1409 907 1508 977 μὲν
1552 907 1611 958 ὲν
1645 904 1725 977 τῷ
1767 904 1884 958 στό-

306 1016 440 1070 ματι
493 998 672 1052 αὐτῶν
704 1000 772 1052 τὰ
814 1001 959 1054 σιτία
1008 1002 1291 1073 τυγχάνει,
1340 997 1686 1071 ἐύφημοῦσι,
1723 998 1886 1051 κολα-

303 1091 581 1153 κεύουσιν,
611 1092 1156 1165 ύπερθαυμάζουσιψ
1193 1094 1374 1161 ὀλίγον
1395 1093 1451 1147 δὲ
1479 1091 1577 1162 τῆς
1604 1091 1886 1163 τραπέζης

303 1183 734 1257 ὑπερταθείσης,
771 1185 960 1256 ὥσπερ
1006 1187 1118 1240 τισὶ
1160 1185 1348 1251 λίθοις,
1380 1187 1492 1248 τοῖς
1531 1183 1734 1251 λόγοις,
1764 1181 1886 1245 ταῖς

306 1273 688 1346 βλασφημίαις
739 1274 1048 1345 βάλλουσιν,
1097 1275 1158 1332 ὃν
1204 1277 1313 1348 πρὸ
1359 1274 1594 1347 βραχέος
1641 1273 1732 1328 ἶσα
1765 1273 1886 1343 θεῷ

303 1365 392 1419 διὰ
426 1369 528 1436 τὴν
558 1367 754 1439 ἡδονὴν
791 1368 1189 1439 προσεκύνουν.

372 1458 610 1528 Φεύγειν
642 1459 724 1515 δεῖ
765 1462 868 1533 τὴν
895 1462 1101 1533 φιλίαν,
1129 1455 1204 1517 ὧν
1230 1462 1531 1534 ἀμφίϐολος
1559 1465 1591 1534 ἡ
1620 1463 1883 1527 διάθεσις.

374 1639 599 1706 Μηδένα
631 1639 787 1709 φίλον
832 1641 1014 1706 ποιοῦ,
1047 1643 1175 1713 πρὶν
1206 1641 1273 1696 ἂν
1315 1642 1584 1716 aenean;
1626 1644 1747 1708 πῶς
1790 1645 1885 1698 κέ-

300 1747 506 1802 χρηται
554 1733 668 1795 τοῖς
716 1732 983 1804 πρότερον
1035 1735 1231 1803 φίλοις.
1272 1734 1502 1799 Ἐλπιζε
1562 1737 1671 1806 γὰρ
1717 1736 1884 1791 αὐτὸν

302 1799 397 1875 καὶ
429 1825 557 1893 περὶ
601 1824 660 1877 σὲ
690 1799 946 1893 γενέσθαι
986 1799 1246 1893 τοιοῦτον,
1277 1822 1389 1891 οἷος
1433 1827 1528 1882 καὶ
1568 1799 1699 1901 περὶ
1743 1829 1884 1882 ἐκεί-
1915 1799 1955 1853 Β

301 1932 427 1979 νους
460 1917 672 1984 γέγονε.

374 2008 450 2060 Τὸ
483 2011 658 2076 φιλεῖν
680 2011 928 2083 ἀκαίρως
961 2012 1079 2066 ἴσον
1107 2012 1225 2067 ἐστὶ
1253 2012 1329 2083 τῷ
1366 2015 1572 2082 μισεῖν.

375 2101 452 2154 Τὸ
485 2101 561 2172 μὴ
595 2101 857 2158 δύνασθαι
913 2104 1128 2175 βοηθεῖν
1158 2107 1271 2164 τοῖς
1309 2105 1484 2174 φίλοις
1534 2107 1793 2178 ἀπορίας,
1824 2108 1884 2160 τὸ

301 2194 359 2246 δὲ
388 2196 464 2262 μὴ
499 2195 788 2264 βούλεσθαι
820 2197 1024 2261 κακίας
1053 2199 1384 2269 τεκμήριον.

379 2289 618 2359 Ἀφροσι
677 2289 751 2358 μὴ
806 2287 923 2358 χρῶ
973 2288 1171 2358 φίλοις,
1219 2291 1341 2345 ἐπεὶ
1386 2290 1635 2365 κληθήσῃ
1688 2292 1884 2347 καὶσὺ

302 2380 588 2442 παντελῶς
621 2380 835 2451 ἄφρων.

388 2472 639 2528 Ἐλάσσω
688 2474 834 2530 κακὰ
890 2475 1194 2547 πάσχουσιν
1237 2476 1289 2531 οί
1334 2477 1614 2549 ἄνθρωποι
1642 2477 1749 2532 ὑπὸ
1775 2478 1888 2534 τῶν

304 2564 520 2635 ἐχθρῶν
560 2565 594 2638 ἢ
629 2567 734 2622 ὑπὸ
776 2569 887 2624 τῶν
932 2572 1124 2640 φίλων.
1163 2571 1304 2636 Τοὺς
1337 2571 1440 2642 μὲν
1501 2573 1611 2645 γὰρ
1658 2571 1889 2643 ἐχθροὺς

305 2657 541 2722 δεδιότες
592 2661 1001 2732 φυλάσσονταιο
1049 2667 1162 2729 τοῖς
1209 2665 1268 2719 δὲ
1319 2665 1498 2734 φίλοις
1542 2665 1887 2736 ἀνεῳγμέναι

305 2751 438 2816 εἰσὶ,
478 2751 574 2805 καὶ
601 2754 845 2822 γίνονται
883 2756 1146 2828 σφαλεροὶ
1176 2760 1274 2812 καὶ
1303 2756 1775 2822 εὐπεπισούλευτοι.

377 2936 700 3018 Μυστήριον
754 2939 812 2993 ἐν
861 2939 1015 3012 φιλίᾳ
1068 2939 1312 3004 ἀκούσας
1337 2977 1353 3006 ,
1414 2940 1643 3012 ὕστερον
1695 2939 1890 3014 ἐχθρὸς

309 3027 609 3098 γενόμενος
646 3030 722 3101 μὴ
751 3032 1016 3106 ὲκφὰνῃς.
1048 3031 1282 3098 Ἀδικεῖς
1316 3033 1426 3104 γὰρ
1457 3033 1519 3087 ού
1551 3036 1642 3091 τὸν
1670 3034 1885 3106 ἐχθρὸν,

305 3119 450 3194 ,ἀλλὰ
474 3121 576 3192 τὴν
605 3121 810 3190 φιλίαν.

384 3213 477 3284 Μὴ
510 3215 708 3286 κτῆσαι
735 3215 910 3287 φίλον,
943 3210 988 3289 ᾧ
1019 3219 1096 3290 μὴ
1124 3219 1301 3274 πάντα
1332 3220 1636 3284 πιστὶύεις.

383 3397 450 3450 ΔΞ
480 3397 545 3451 ἐκ
579 3396 752 3465 φίλων
788 3397 870 3461 είς
913 3396 1102 3466 φίλους
1147 3399 1444 3469 γενόμεναι
1491 3397 1659 3454 λύπαι
1702 3399 1890 3454 δυσθε-

317 3493 582 3561 ράπευτοι
611 3492 733 3546 λίαν
759 3492 1113 3562 τυγχάνουσι,
1135 3493 1232 3546 καὶ
1261 3492 1484 3564 μείζους
1522 3494 1634 3548 τῶν
1676 3494 1892 3566 ἐχθρῶν

313 3581 499 3653 ἔχουσι
528 3582 627 3648 τὰς
652 3583 939 3656 ἐπηρείας.

383 3676 704 3748 Μυστήριόν
753 3693 847 3730 σου
905 3676 981 3747 μὴ
1029 3678 1297 3748 κατείπῃς
1332 3677 1409 3749 τῷ
1465 3677 1625 3748 φίλῳ,
1674 3678 1772 3733 καὶ
1828 3677 1892 3730 ού

316 3769 610 3843 φοϐηθήσῃ
641 3770 804 3823 αὑτὸν
837 3771 1036 3841 ἐχθρὸν
1067 3771 1381 3842 γενόμενον.

399 3862 604 3932 Ὀργῆς
646 3861 809 3932 χάριν
856 3863 926 3917 τὰ
965 3864 1184 3933 κρυπτά
1233 3864 1309 3935 μὴ
1353 3864 1526 3934 φάνῃς
1555 3861 1732 3931 φίλου.
1763 3859 1893 3916 Ἔλ-

317 3947 444 4015 me
475 3953 521 4006 δ’
557 3953 720 4007 αὐτὸν
750 3954 913 4008 πάλιν
938 3951 1080 4009 εἷναί
1115 3973 1208 4009 σου
1241 3955 1416 4025 φίλον.

398 4044 596 4098 Ἣδὶων
630 4045 896 4109 πολλάκις
932 4047 1084 4115 φιλία
1118 4047 1258 4117 μετά
1280 4049 1378 4116 τὴν
1405 4047 1503 4118 τῆς
1527 4045 1730 4117 ἔχθρας
1758 4045 1893 4102 ὑπό-

314 4137 491 4205 θεσιν,
521 4135 680 4204 αὖθις
715 4139 796 4208 είς
829 4141 1181 4211 καταλλαγὴν
1209 4140 1463 4194 ἐλθοῦσα.

385 4231 616 4302 Φεύγειν
651 4231 729 4288 δεῖ
759 4235 948 4289 κακῶν
979 4239 1187 4303 φιλίας,
1218 4236 1313 4287 καὶ¹
1344 4233 1565 4304 ἀγαθῶν
1599 4232 1819 4306 ἔχθρας.

908 4437 1128 4490 ΛΟΓΟΣ
1158 4436 1303 4504 κεῖν.

354 4550 494 4623 Περὶ
523 4549 783 4623 ἀγάπης,
815 4551 914 4606 καί
956 4551 1246 4623 εὶρήνηςη
1273 4551 1372 4605 καὶ
1420 4553 1725 4623 ὁμονοίας,
1757 4551 1856 4607 καί

1222 4620 1246 4629 η

900 4625 1315 4690 εἰρηνοποιῶν.
1551 4653 1554 4656 ~

388 4758 634 4828 Ζήτησον
669 4758 912 4829 είρὴνην,
943 4758 1038 4812 καὶ
1075 4755 1266 4823 δίωξον
1299 4758 1491 4828 αὑτήν.

393 4851 584 4904 Ἔστιν
606 4851 1025 4920 ἐγκατάλειμμα
1058 4849 1334 4920 ἀνθρώπῳ
1361 4849 1644 4922 εἰρηνικῷ.

386 4943 545 4997 Μετὰ
575 4941 686 4995 τῶν
737 4941 1044 5010 μισούντων
1075 4940 1178 5013 τὴν
1211 4941 1439 5013 εἰρήνην
1491 4943 1639 5014 ἥμην
1689 4945 1894 5016 εἰρηνι-

320 5037 439 5101 κός.
829 5066 839 5076 ο

397 5152 460 5204 Οί
492 5149 742 5213 θέλοντες
761 5148 862 5222 τὴν
894 5149 1120 5222 είρήνην
1147 5147 1640 5219 εὐφρανθήσονται.

391 5243 775 5298 Καλύπτουσιν
803 5243 1002 5314 ἔχθραν
1030 5242 1182 5312 χείλη
1211 5241 1414 5296 δίκαια.

417 5337 478 5390 ⁸0
510 5336 750 5408 ἐλέγχων
783 5336 924 5406 μετά
947 5334 1263 5408 παρρησίας
1289 5335 1644 5405 είρηνοποιεῖδ

278 5444 287 5452 ’
384 5429 573 5500 θυμὸν
602 5430 794 5500 ἀνδρὸς
821 5430 1054 5504 πραΰνει
1083 5428 1335 5500 θεράπων
1369 5427 1617 5498 σιγηρός.

399 5526 496 5587 Ὃς
525 5524 760 5595 κρύπτει
783 5524 1025 5595 ἀδίκημα
1048 5521 1204 5592 ζητεῖ
1234 5522 1440 5593 φιλίαν.

395 5620 614 5684 Πάντας
641 5619 770 5694 τοὺς
797 5618 873 5691 μὴ
900 5614 1342 5688 φιλονεικοῦντας
1368 5616 1601 5688 καλύψει
1633 5615 1808 5686 φιλία.

1123 333 1295 395 LOCI
1333 322 1778 394 COMMUNES.
1818 350 1885 363 -
1927 321 2123 384 PARS
2162 319 2212 380 Ι.
2259 318 2522 380 SERMO
2556 317 2770 378 XXVI.

1913 448 1960 504 Α
2067 437 2204 492 Ibid.
2236 451 2446 490 xxxvn.
2479 436 2701 490 Amicus
2725 441 2807 490 est
2830 435 3051 491 nomine
3079 433 3312 490 amicus.

1887 4450 1894 4457 ’
1923 4498 1976 4560 D

3447 318 3556 379 854

2063 529 2202 584 Ibid.
2243 546 2314 584 vl.
2350 530 2407 585 Si
2459 529 2659 597 quaeris
2713 530 2976 594 amicum,
3011 529 3063 582 in
3121 527 3282 582 rebus
3323 525 3564 582 adversis

1987 637 2112 679 eum
2148 621 2242 676 tibi
2269 635 2449 688 pares,
2480 630 2537 674 et
2571 634 2679 674 non
2703 619 2895 674 statim
2938 619 3238 675 credideris
3269 617 3318 674 ei
3351 617 3457 688 (1).

2059 717 2200 773 Ibid.
2235 714 2497 782 μακροί
2536 716 2828 784 exprobrat
2889 715 3068 769 amico
3119 727 3253 779 suo,
3302 712 3566 769 dissolvet

1985 809 2304 864 amicitiam.

2057 901 2270 958 Basilii.
2303 901 2546 968 Quorum
2574 900 2945 970 intemperans
2963 901 3181 956 animus
3201 910 3304 966 est,
3325 901 3400 956 illi
3436 901 3563 955 dum

1987 997 2137 1052 cibos
2165 1010 2260 1052 orc
2280 1004 2487 1056 tenent,
2517 1001 2671 1059 grata
2693 994 2858 1050 verba
2889 994 3215 1062 loquuntur,
3245 995 3564 1056 adulantur,

1987 1101 2044 1146 et
2098 1088 2392 1144 immodice
2427 1085 2824 1142 admirantur:
2880 1100 3069 1140 mensa
3135 1101 3266 1140 vero
3319 1087 3563 1156 aliquan-

1989 1183 2158 1253 tisper
2206 1180 2396 1247 dilata,
2436 1177 2620 1234 verbis
2669 1178 2913 1232 convicia
2968 1185 3228 1246 tanquam
3255 1179 3460 1249 lapides
3514 1181 3565 1235 in

1988 1273 2139 1328 illum
2167 1271 2474 1337 eﬂundunt,
2511 1285 2671 1341 quem
2710 1269 2877 1341 paulo
2931 1280 3058 1325 ante
3116 1271 3287 1326 instar
3315 1271 3405 1327 Dei
3445 1288 3565 1344 pro-

1988 1377 2109 1438 pter
2132 1365 2468 1434 voluptatcm
2500 1363 2824 1419 adorabant.

2058 1456 2362 1512 Plutarchi.
2411 1455 2690 1526 Fugicnda
2728 1465 2810 1510 est
2869 1455 3111 1512 amicitia
3146 1457 3367 1514 illorum
3423 1473 3564 1528 quo-

1988 1568 2108 1607 rum
2133 1552 2349 1606 animus
2383 1551 2626 1605 incertus
2658 1560 2710 1605 et
2738 1549 2939 1606 dubius
2970 1561 3072 1607 est.

2045 1640 2323 1697 Isocratis.
2352 1639 2572 1696 Nullum
2603 1642 2700 1697 tibi
2725 1643 2962 1698 amicum
2991 1659 3198 1711 sumas,
3248 1645 3568 1715 priusquam

1988 1736 2361 1806 inquisiveris,
2421 1736 2694 1803 quomodo
2754 1751 2814 1793 se
2865 1751 2990 1792 cum
3037 1737 3314 1808 prioribus
3373 1739 3566 1794 amicis

1985 1827 2232 1897 gesserit.
2266 1827 2626 1896 Exspectabis
2669 1827 2814 1884 enim
2850 1829 3010 1883 talem
3050 1843 3178 1901 erga
3230 1838 3282 1884 te
3345 1845 3565 1901 quoque
3630 1865 3637 1873 -

1986 1917 2250 1986 futurum,
2283 1920 2461 1990 qualis
2488 1919 2590 1974 fuit
2621 1936 2747 1989 erga
2783 1921 2926 1977 illos.

2058 2009 2316 2066 Sacratis.
2348 2013 2514 2068 Amor
2552 2013 2969 2084 intempestivus
3000 2013 3196 2070 similis
3227 2024 3312 2069 est
3351 2015 3497 2070 odio.

2060 2104 2367 2159 Democriti.
2397 2104 2605 2160 Amicis
2645 2105 2940 2161 subvenire
3004 2121 3109 2161 non
3143 2121 3326 2177 posse,
3353 2107 3570 2179 inopiae,

1986 2211 2094 2252 non
2119 2198 2258 2253 velle
2290 2208 2499 2263 autem,
2535 2198 2762 2252 malitiae
2793 2199 3013 2268 signum
3035 2208 3141 2256 est.

2054 2287 2166 2360 48
2204 2285 2502 2343 Menandri.
2529 2287 2738 2343 Stultos
2775 2290 2829 2343 in
2858 2290 3156 2347 amicitiam
3193 2305 3262 2348 ne
3294 2293 3553 2364 recipias,

1985 2381 2188 2450 alioqui
2224 2387 2282 2434 tu
2317 2382 2480 2436 etiam
2513 2381 2674 2451 plane
2713 2382 2921 2438 stultus
2945 2384 3254 2439 vocaberis.

2056 2471 2417 2529 Demonactia.
2469 2471 2736 2528 Pauciora
2765 2473 2909 2529 mala
2940 2475 3264 2547 contingunt
3320 2476 3562 2532 homini-

1987 2564 2090 2619 bus
2124 2565 2194 2618 ab
2225 2563 2486 2632 inimicis,
2528 2579 2691 2634 quam
2722 2565 2936 2621 amicis.
2968 2565 3226 2623 Inimicos
3265 2568 3411 2623 enim
3445 2583 3572 2625 cum

1987 2662 2258 2720 metuant,
2295 2654 2365 2710 ab
2407 2655 2490 2709 eis
2532 2667 2766 2710 cavent:
2807 2657 3001 2711 amicis
3048 2671 3180 2712 vero
3209 2659 3381 2728 aperti
3419 2668 3571 2724 suns,

1986 2747 2132 2802 unde
2155 2747 2414 2817 periculis
2445 2755 2820 2818 exponuntur,
2848 2756 2902 2803 et
2936 2749 3154 2805 insidiis
3205 2751 3450 2820 ipsorum
3487 2750 3570 2808 fa-

1988 2837 2098 2894 cile
2127 2839 2446 2907 capiuntur,

2057 2929 2337 2987 Arcanum
2385 2933 2441 2988 in
2473 2933 2713 2990 amicitia
2744 2932 3012 3003 auditum,
3060 2934 3316 2993 inimicus
3374 2949 3564 3008 postea

1988 3020 2200 3092 factus,
2256 3038 2326 3080 ne
2353 3021 2596 3083 efferas:
2631 3025 2856 3083 laederes
2905 3027 3050 3082 enim
3093 3041 3202 3082 non
3257 3037 3366 3082 tam
3398 3029 3576 3098 ipsum

1912 3137 1960 3204 ρ
1991 3115 2232 3171 amicum
2261 3133 2428 3188 quam
2465 3120 2794 3177 amicitiam.

2068 3207 2148 3265 Ne
2179 3224 2337 3280 pares
2394 3213 2653 3283 amicum,
2709 3214 2798 3270 cui
2835 3228 2948 3268 non
3007 3212 3159 3271 ausis
3231 3227 3328 3284 per
3391 3215 3590 3272 omnia-

1999 3302 2246 3358 credere.

2070 3395 2304 3452 Libanii.
2334 3398 2646 3454 Amicorum
2700 3399 2843 3454 inter
2899 3413 2959 3456 se
3020 3397 3355 3455 oﬂ'ensiones
3404 3413 3576 3470 ager-

2001 3489 2140 3544 rime
2175 3490 2572 3559 concillantur,
2607 3500 2663 3548 et
2696 3491 2998 3562 majoribus
3021 3492 3371 3550 contumeliis
3405 3507 3578 3566 agun-

2001 3589 2088 3636 tur
2107 3595 2271 3651 quam
2297 3582 2557 3638 hostium.

2072 3671 2352 3728 Secretum
2405 3683 2556 3729 tuum
2615 3675 2796 3730 amico
2849 3690 2918 3730 ne
2970 3676 3322 3745 iudicaveris,
3357 3688 3412 3736 et
3461 3693 3580 3736 non-

2001 3773 2214 3821 metues
2263 3766 2443 3834 ipsum
2483 3765 2768 3820 inimicum
2801 3767 2897 3821 tibi
2930 3767 3159 3824 factum.

2071 3857 2429 3912 Philistionis.
2478 3857 2557 3912 Ne
2604 3868 2824 3927 propter
2883 3860 3022 3915 iram
3083 3861 3300 3918 etl‘utias
3375 3877 3582 3920 arcana

2003 3951 2189 4006 amici.
2227 3949 2369 4015 Quin
2404 3966 2591 4020 speres
2617 3951 2794 4022 ipsum
2829 3951 3010 4009 denuo
3042 3954 3276 4008 amicum
3313 3954 3418 4010 tibi
3439 3955 3575 4012 fore.

2072 4042 2225 4112 δειρε
2247 4043 2541 4114 jucundior
2568 4044 2627 4099 [lt
2650 4043 2915 4111 amicitia,
2933 4060 3054 4116 quae
3080 4046 3327 4118 deposita
3383 4047 3579 4103 simul-

2003 4142 2116 4190 tate
2145 4136 2213 4190 ad
2254 4136 2609 4192 concordiam
2653 4137 2835 4194 rediit.

2077 4213 2367 4294 Fugiendae
2395 4237 2521 4284 sunt
2576 4229 2845 4285 malorum
2893 4231 3171 4298 amicitiae,
3205 4241 3260 4288 et
3302 4231 3592 4290 bonorunr

2004 4314 2328 4375 iuimicitizc.

2421 4430 2654 4490 ssnno
2683 4432 2853 4492 xxvr
2887 4435 2980 4507 (al.
3015 4435 3176 4510 LVI).

2128 4549 2205 4604 De
2232 4550 2515 4619 charilate,
2543 4568 2633 4606 seu
2661 4553 2957 4694 dilectgone,
2987 4571 3137 4624 pace,
3173 4559 3469 4614 concordiw

2619 4633 2667 4674 et
2695 4638 2817 4691 paci
2863 4641 2955 4680 cis.

2619 4633 2667 4674 et
2695 4633 2955 4691 paciﬁcis.

2073 4756 2277 4814 Psalm.
2315 4771 2496 4811 xxxnv.
2523 4757 2718 4822 Quaere
2742 4773 2952 4827 pacem,
2985 4768 3038 4815 et
3063 4775 3182 4816 eam
3230 4773 3581 4834 persequere.

2071 4847 2280 4902 Psalm.
2322 4863 2504 4901 xxx“.
2539 4846 2632 4902 Est
2665 4848 2949 4906 derelictio
2981 4852 3191 4908 homini
3221 4854 3475 4925 paciﬁco.

2074 4941 2284 4998 Psalm.
2315 4957 2460 4996 crux.
2494 4938 2631 4996 Cum
2664 4942 2731 4999 iis
2764 4944 2858 5014 qui
2892 4959 3083 5015 pacem
3133 4947 3390 5019 oderunt,
3429 4965 3580 5007 eram

2002 5034 2284 5108 paciﬁcus.

2081 5150 2352 5207 Solomon.
2385 5148 2682 5223 Cupientes
2709 5162 2902 5224 pacem
2934 5150 3122 5208 laetitia
3149 5150 3476 5210 allicientur.

2078 5247 2366 5302 Occultaut
2403 5246 2749 5302 inimicitiam
2779 5245 2920 5301 labia
2944 5246 3115 5318 justa.

2078 5338 2270 5393 Libere
2296 5339 2704 5410 reprehendens
2736 5353 2927 5410 pacem
2958 5339 3237 5394 conciliat.

2080 5431 2220 5484 lram
2257 5430 2360 5484 viri
2399 5431 2610 5502 mitigat
2640 5430 2877 5486 famulus
2911 5430 3246 5486 taciturnus.

2069 5523 2171 5589 Qui
2204 5522 2344 5578 celat
2376 5523 2652 5590 injuriam,
2687 5523 2883 5594 quaerit
2915 5524 3238 5579 amicitiam.

2083 5618 2284 5671 Omnes
2313 5628 2420 5671 non
2458 5615 2836 5674 contentiosos
2873 5625 3014 5686 teget
3041 5609 3300 5670 amicitia.

396 5804 475 5874 (ι)
506 5807 564 5862 εν
590 5808 885 5875 πειρασμῷ
909 5808 1006 5867 alii
1049 5816 1338 5888 exponunt,
1374 5805 1728 5863 experimento
1752 5800 2067 5870 probatum.
