3980 6248
303 5193 332 5204 .-

397 323 504 388 8'55

467 438 812 510 Responsum
845 435 1178 490 submissum
1217 432 1352 486 iram
1400 431 1620 486 avertit.

474 529 670 586 Melius
720 539 804 586 est
853 528 1086 582 lrustum
1136 525 1295 596 panis
1324 539 1448 579 cum
1483 523 1669 580 laetitia
1715 523 1776 578 in
1815 537 1969 594 pace,

393 633 554 693 Quam
588 623 786 676 domus
820 619 1010 674 multis
1060 619 1221 675 bonis
1267 617 1429 688 plena
1458 624 1514 673 et
1574 617 1780 686 iniquis
1814 615 1974 671 vieti-

393 718 495 772 mis
523 730 644 771 cum
677 717 1045 770 contentione.

465 807 654 860 Melius
704 813 789 860 est
837 805 1013 874 accipi
1072 803 1343 874 hospitem
1401 801 1650 858 oleribus
1695 799 1872 856 amice
1917 808 1972 855 et

392 897 647 969 gratiose,
677 911 842 968 quam
879 897 926 952 si
961 903 1367 966 apponerentur
1411 893 1562 948 vituli
1613 906 1739 947 cum
1792 893 1972 948 inimi-

391 991 544 1044 citia.

459 1072 630 1138 ΖάεΙι.
655 1096 773 1138 vui.
804 1080 1108 1137 Veritatem
1132 1085 1189 1134 et
1217 1091 1408 1149 pacem
1438 1074 1667 1147 diligite,
1699 1076 1833 1132 dicit
1865 1075 1973 1132 Do-

391 1175 600 1230 minus.

453 1267 565 1324 Ira.
600 1281 749 1322 xxvi.
795 1260 1018 1329 Pacem,
1056 1261 1289 1318 Domine
1322 1260 1488 1326 Deus.
1523 1261 1594 1318 da
1626 1262 1812 1330 nobis,
1844 1277 1966 1318 cum

392 1360 575 1414 omnia
607 1357 763 1413 nobis
794 1355 1029 1412 dederis.

468 1451 639 1505 Ecclt'.
674 1451 828 1506 Multi
857 1449 1068 1520 paciﬁci
1099 1449 1210 1505 sint
1242 1449 1365 1506 tibi.

464 1630 659 1685 Matth.
679 1645 730 1683 v.
755 1619 901 1682 Dixit
921 1625 1210 1690 Dominus,
1233 1625 1448 1697 Diligite
1465 1625 1719 1682 inimicos
1738 1632 1971 1691 vestros,

1663 317 1986 380 ANTONII
2021 317 2378 381 MELISSZE

3555 315 3665 378 85'?

1999 448 2053 510 Δ
2164 432 2483 503 Ἀπόκρισις
2504 429 2898 486 ὑποκύπτουσα
2933 429 3272 502 ἀποστρέφει
3299 429 3496 501 θυμόν.

2170 526 2441 596 Κρεϊσσον
2468 523 2665 592 ψωμὸς
2696 522 2816 594 μεθ’
2853 521 3050 594 ήδονῆς
3077 524 3136 577 ὲν
3179 523 3400 594 εἰρήνῃ,
3429 522 3463 594 ἢ
3515 519 3664 588 οἶκος

2076 616 2292 688 πλήρης
2321 614 2536 670 πολλῶν
2563 614 2787 684 ἀγαθῶν
2817 617 2909 669 καὶ
2943 615 3149 669 ἀδίκων
3193 614 3464 685 θυμάτων
3522 618 3663 686 μετά

2077 710 2287 780 μάχηςι

2146 797 2414 870 Κρετσσον
2436 794 2690 870 ξενισμδς
2721 797 2859 868 μετά
2885 796 3138 868 λαχάνων
3169 798 3306 870 πρὸς
3355 799 3539 870 φιλίαι.
3570 822 3579 850 ;
3628 821 3634 849 ι

2075 891 2263 964 χάριν,
2301 891 2336 963 ἢ
2376 891 2678 962 παράθεσις
2707 887 2929 959 μόσχων
2963 888 3102 958 μετὰ
3127 888 3352 961 ἔχθρας.

2150 1074 2266 1145 Τὴν
2293 1069 2557 1142 ἀλήθειαν
2589 1071 2684 1122 καὶ
2736 1066 2838 1139 τὴν
2893 1068 3122 1139 εἰρήνην
3172 1069 3450 1136 ἀγαπᾶτε,
3508 1069 3665 1140 λέγει

2075 1169 2304 1241 Κύριος.

2159 1264 2331 1334 Κύριε
2361 1265 2389 1317 ὁ
2412 1263 2546 1326 Θεὸς
2568 1264 2747 1336 ήμῶν,
2781 1265 3008 1339 εἰρήνην
3026 1265 3134 1337 δῷς
3156 1265 3311 1336 fuit...
3334 1263 3521 1318 Πάντα
3549 1259 3663 1329 γὰρ

2074 1356 2368 1421 ἀπέδωκας
2397 1358 2552 1428 ἡμῖν.

2157 1450 2222 1504 Ol
2253 1449 2630 1522 είρηνεύοντές
2659 1468 2742 1506 σοι
2786 1451 3032 1506 ἔστωσαν
3059 1451 3274 1506 πολλοί.

2154 1629 2372 1688 Εἷπενό
2402 1631 2630 1703 Κύριος,
2672 1631 2955 1698 Ἀγαπᾶτε
3008 1631 3138 1695 τοὺς
3187 1629 3422 1702 ἐχθροὺς
3479 1630 3672 1701 ὑμῶν,

392 1720 697 1779 Ιιειιειιὶεἱιο
731 1712 799 1777 iis
847 1720 940 1790 qui
990 1729 1350 1775 exsecrantur
1401 1732 1522 1784 vos,
1549 1716 1859 1774 benefacite
1905 1718 1974 1773 iis

2111 1725 2348 1791 ὺλογείτε
2377 1727 2504 1790 τοὺς
2532 1726 2958 1798 καταρωμένους
2993 1726 3163 1794 ὑμᾶς,
3215 1724 3400 1787 καλῶς
3456 1727 3670 1778 ποιεῖτε

392 1814 486 1886 qui
517 1829 612 1868 vos
636 1813 894 1879 oderunt,
927 1820 981 1867 et
1013 1825 1168 1867 orate
1197 1827 1296 1881 pro
1329 1811 1396 1866 iis
1429 1811 1524 1881 qui
1555 1825 1653 1866 vos
1685 1810 1974 1865 oll‘endunt

2111 1822 2202 1884 ob;
2236 1819 2528 1891 μισοῦντας
2556 1819 2721 1888 ὑμᾶς,
2775 1819 2872 1872 καὶ
2924 1817 3299 1890 προσεύχεσθε
3352 1817 3497 1890 ύπὶρ
3550 1818 3672 1872 τῶν

391 1915 446 1960 et
475 1914 905 1974 persequuntur,
949 1913 1009 1959 ut
1039 1905 1159 1959 sitis
1192 1902 1290 1957 lilii
1343 1901 1522 1957 Patris
1553 1901 1721 1957 vestri
1764 1902 1856 1972 qui
1889 1909 1975 1956 est

2111 1913 2496 1984 πηρεαζόντων
2518 1911 2663 1981 ὑμᾶς
2700 1910 2794 1963 καὶ
2833 1911 3166 1976 διωκόντων,
3215 1911 3364 1973 ὅπως
3428 1909 3670 1980 γένησθε

392 2003 447 2057 ἰιι
478 2001 632 2058 cmlis
659 2017 674 2054 :
706 2002 834 2071 quia
869 1999 1040 2055 solem
1075 2012 1236 2052 suum
1268 1995 1472 2052 exoriri
1505 1994 1636 2050 facit
1663 2009 1836 2065 super
1865 1994 1974 2048 ini-

2111 2007 2190 2060 ἰοὶ
2246 2004 2342 2058 τοῦ
2398 2005 2616 2075 Πατρὶς
2668 2003 2844 2073 ὑμῶν,
2901 2001 2997 2056 τοῦ
3029 2004 3091 2056 ἐν
3133 2001 3386 2074 οὐρανοῖς
3421 2003 3672 2055 ’ὅτιτδν

392 2094 592 2163 probos
621 2102 676 2147 et
706 2091 928 2162 probos,
961 2099 1015 2145 et
1048 2088 1290 2160 pluviam
1323 2087 1562 2142 demittit
1591 2101 1758 2158 super
1792 2085 1973 2157 justos

2111 2099 2234 2168 puov
2262 2095 2428 2149 αὐτοῦ
2486 2096 2769 2150 ἀνατέλλει
2795 2095 2888 2148 ἐπὶ
2914 2094 3188 2164 πονηροὺς
3240 2092 3337 2147 καὶ
3399 2091 3672 2162 ἀγαθοὺς,

393 2191 447 2242 et
475 2185 735 2254 injustas.
2083 2191 2176 2245 καὶ
2206 2189 2389 2263 βρέχει
2419 2188 2513 2243 ἐπὶ
2535 2187 2777 2250 δικαίους
2809 2187 2906 2241 καὶ
2935 2187 3176 2248 ἀδίκους.

458 2277 610 2332 Beati
643 2273 880 2348 paciﬁci,
912 2269 1172 2344 quoniam
1207 2272 1312 2342 ipsi
1347 2272 1444 2329 lilii
1479 2272 1574 2329 Dei
1600 2271 1973 2328 vocabuntur.

2167 2281 2445 2353 Μακάριοι
2471 2281 2522 2335 οί
2541 2279 2897 2352 εἰρηνοποιοί,
2917 2279 3000 2332 ὅτι
3031 2278 3188 2334 αὐτοὶ
3213 2279 3324 2333 υἰοὶ
3351 2277 3491 2334 Θεοῦ
3532 2279 3674 2350 κλη-

2084 2376 2367 2431 θήσονται.

472 2477 584 2550 48
635 2473 794 2530 Joan.
852 2488 966 2528 xiv.
1012 2472 1209 2528 Pacem
1240 2470 1495 2540 relinquo
1527 2469 1722 2534 vobis,
1775 2475 1966 2536 pacem

2111 2397 2112 2417 ι
2159 2392 2367 2430 σονται.

2119 2376 2398 2540 ήΕίρήνην
2423 2468 2628 2540 ἀφίημι
2685 2467 2834 2538 ὑμῖν,
2873 2467 3096 2538 εἰρήνην
3143 2465 3245 2537 τὴν
3272 2466 3412 2545 ἐμήν
3468 2466 3675 2536 δίδωμι

395 2586 571 2625 meam
602 2571 673 2626 (10
705 2569 882 2625 vobis.

2111 2582 2115 2608 ι
2124 2562 2238 2631 μῖν.

457 2660 656 2718 Matth.
690 2675 745 2714 ι.
801 2660 860 2714 ln
902 2672 1291 2730 quamcunque
1315 2657 1536 2713 domum
1567 2657 1801 2727 ingressi
1855 2655 1976 2711 fue-

2154 2656 2251 2718 Εἰς
2279 2655 2348 2726 ἢν
2377 2653 2425 2707 δ’
2443 2654 2512 2708 ἂν
2567 2654 2743 2708 οἰκίαν
2783 2654 3127 2726 εἰσέρχησθε,
3185 2653 3404 2726 πρῶτον
3449 2653 3674 2724 λέγετε,

395 2757 536 2820 ritis,
568 2755 806 2826 primum
837 2753 1004 2809 dicite
1033 2771 1048 2809 :
1081 2755 1198 2808 Pax
1231 2753 1362 2807 huic
1393 2751 1617 2817 domui;
1652 2758 1708 2806 et
1733 2751 1778 2807 si
1813 2750 1979 2805 fuerit

2111 2747 2295 2819 Ξίρήνη
2329 2750 2410 2819 τῷ
2443 2748 2577 2819 οῐκῳ
2606 2748 2816 2819 τούτῳο
2852 2749 2949 2802 καὶ
2979 2749 3076 2802 saw
3188 2749 3305 2802 ἐκεῖ
3335 2749 3453 2811 υίὸς
3511 2747 3679 2820 εἰρή-

395 2840 507 2903 illic
533 2848 682 2904 [ilius
711 2848 886 2918 pacis,
913 2846 1223 2916 requiescet
1253 2859 1420 2915 super
1446 2843 1600 2898 illum
1634 2857 1740 2914 pax
1768 2850 1976 2908 vestra;

2111 2859 2204 2911 ιης,
2237 2842 2683 2896 ὲπαναπαύσεται
2715 2840 2802 2894 ἐπ’
2831 2840 2996 2894 αὑτὸν
3026 2841 3058 2910 ή
3091 2827 3505 2912 είρήνηύμῶν·
3566 2840 3679 2898 ἐὰν

395 2938 481 2994 sin
515 2951 704 2999 secus,
739 2936 806 2991 ad
837 2951 934 2991 vos
964 2951 1024 2990 se
1057 2935 1319 2990 reﬂectet.

2111 2932 2143 2985 a
2180 2935 2256 3002 μή
2280 2949 2366 3001 γε,
2392 2934 2477 3003 ἐφ’
2507 2933 2652 3004 ὑμᾶς
2683 2935 3097 3004 ὲπανακάμψει.

471 3027 601 3082 Luc.
631 3041 706 3080 νι.
740 3025 888 3081 Dixit
931 3025 1238 3080 Dominus:
1275 3023 1332 3078 Si
1367 3020 1597 3092 diligitis
1628 3035 1724 3078 eos
1758 3021 1852 3092 qui
1881 3033 1980 3076 vos

2159 3024 2328 3081 Εἶπεν
2359 3029 2389 3081 ὁ
2421 3027 2624 3098 Κύριος
2657 3043 2672 3058 ο
2718 3027 2845 3081 Ἐάν
2910 3027 3160 3096 ἀγαπᾶτε
3221 3027 3349 3091 τοὺς
3406 3025 3682 3095 ἀγαπῶν-

397 3120 653 3189 diligunt,
685 3131 806 3188 quae
842 3116 1000 3172 vobis
1029 3124 1112 3171 est
1146 3114 1360 3185 gratia?
1390 3114 1526 3168 Nam
1560 3122 1615 3168 et
1659 3122 1980 3182 peccatores

2111 3136 2186 3183 ra;
2218 3119 2384 3188 ὑμᾶς,
2415 3118 2546 3173 ποία
2580 3119 2710 3188 ὑμῖν
2735 3118 2896 3190 χάρις
2917 3119 3072 3188 sati;
3119 3119 3213 3172 καὶ
3247 3120 3358 3188 γάρ
3387 3119 3434 3172 οἰ
3479 3119 3682 3188 ἀμαρ-

397 3227 494 3268 εοε
527 3228 557 3267 a
591 3211 792 3283 quibus
821 3211 1148 3281 diliguntur.
1179 3208 1440 3278 diligunt.
1491 3205 1560 3260 Et
1602 3206 1648 3261 si
1696 3203 1978 3260 benelece-

399 3301 523 3361 ritis
554 3305 640 3361 his
671 3305 765 3376 qui
793 3303 952 3361 vobis
1009 3300 1385 3369 benelaciunt,
1415 3315 1539 3370 qua:
1567 3299 1724 3354 vobis
1752 3305 1838 3354 est
1862 3310 1984 3367 gra-

400 3397 519 3452 tia?
551 3396 832 3467 Siquidem
858 3403 914 3452 et
940 3402 1260 3465 peccatores
1287 3393 1392 3447 hoc
1422 3390 1655 3447 faciunt.
1690 3388 1758 3444 Et
1782 3390 1826 3443 si
1861 3403 1986 3443 mu-

400 3503 552 3545 tuum
584 3489 846 3546 dederitis
878 3490 967 3544 his
1001 3503 1032 3544 a
1077 3487 1281 3558 quibus
1311 3485 1544 3556 speratis
1585 3498 1684 3538 vos
1732 3493 1987 3551 receptu-

403 3597 518 3645 ros,
549 3598 672 3654 quae
698 3583 889 3654 gratia.
914 3590 1001 3638 est
1029 3581 1218 3636 vobis?
1257 3579 1390 3634 Nam
1424 3585 1478 3633 et
1511 3584 1826 3646 peccatores
1860 3588 1985 3643 pec-

400 3676 677 3732 catoribus
699 3677 836 3731 dant
883 3683 1156 3741 mutuum,
1213 3680 1274 3728 ut
1326 3672 1592 3741 recipiant
1627 3670 1797 3740 paria.
1843 3669 1984 3734 Quin

400 3761 512 3824 imo
549 3770 758 3840 diligite
790 3769 1044 3824 inimicos
1076 3774 1308 3833 vestros,
1343 3775 1398 3821 et
1422 3763 1747 3828 benelacite,
1777 3771 1832 3817 et
1864 3777 1985 3816 mu-

400 3878 555 3921 tuum
589 3863 739 3928 date,
773 3862 914 3916 nihil
970 3860 1095 3916 inde
1147 3868 1469 3928 sperantes;
1512 3865 1566 3912 et
1613 3857 1720 3911 erit
1778 3868 1987 3909 merces

399 3971 583 4016 vestra
616 3959 813 4024 multa,
843 3967 898 4013 ct
927 3955 1085 4012 eritis
1111 3954 1208 4009 lilii
1238 3952 1530 4017 Altissimi,
1559 3952 1690 4021 quia
1738 3951 1856 4019 ipse
1890 3949 1988 4003 be-o

403 4056 604 4125 nignus
653 4060 740 4108 est
780 4065 911 4120 erga
959 4050 1204 4119 ingratos
1250 4062 1316 4101 ac
1367 4047 1557 4100 malos.
1619 4044 1810 4099 Estote
1856 4054 1987 4108 ergo

405 4143 814 4207 misericordes,
846 4141 990 4195 sicut
1031 4151 1085 4194 et
1123 4138 1282 4192 l’ater
1313 4149 1494 4193 vester
1526 4136 1847 4192 misericors
1880 4141 1985 4189 est.

474 4317 633 4379 Joan.
668 4337 753 4377 CL.
785 4316 932 4376 Dixit
964 4319 1232 4378 Dominus
1269 4337 1284 4375 :
1319 4321 1654 4392 Praeceptum
1685 4335 1889 4377 novum
1918 4320 1990 4377 do

406 4416 586 4479 vobis,
610 4425 670 4468 ut
695 4413 933 4484 diligatis
964 4429 1059 4471 vos
1090 4413 1354 4480 invicem,
1383 4415 1527 4476 sicut
1553 4427 1656 4481 ego
1679 4427 1778 4469 vos
1799 4413 1986 4481 dilexi,

2087 3210 2251 3264 τωλοὶ
2292 3211 2418 3274 τοὺς
2441 3209 2772 3279 ἀγαπῶντας
2819 3211 3015 3276 αὐτοὺς
3075 3212 3359 3280 ἀγαπῶσι.
3409 3210 3519 3264 Καὶ
3571 3210 3682 3264 ἐὰν

2084 3301 2454 3372 ἀγαθοποιῆτε
2486 3304 2614 3367 τοὺς
2642 3303 3107 3372 ἀγαθοποιοῦντας
3130 3304 3298 3374 ὑμᾶς,
3354 3304 3482 3358 ποία
3536 3303 3684 3372 ὑμῖν

2086 3397 2248 3466 χάρις
2281 3396 2398 3448 ἐστί
2432 3411 2448 3462 ;
2475 3397 2700 3468 καὶγὰρ
2723 3397 2774 3450 οἱ
2812 3397 3128 3467 ἁμαρτωλοὶ
3177 3397 3239 3450 τὸ
3268 3397 3399 3450 αύτδ
3430 3396 3682 3450 ποιοῦσι.

2087 3487 2201 3562 Καὶ,
2224 3486 2327 3565 Δἐάν
2351 3488 2630 3556 δανείζητε
2657 3505 2772 3559 παρ
2802 3483 2888 3544 ’ὧν
2915 3489 3169 3554 ἐλπίζετε
3198 3489 3516 3555 ἀπολαὸεῖν,
3539 3489 3685 3543 ποία

2086 3565 2400 3650 ὕμῖνάάρις
2427 3580 2545 3633 ὲστί
2569 3597 2585 3648 ;
2625 3579 2720 3634 καὶ
2750 3579 2859 3652 γάρ
2887 3584 2935 3635 οἰ
2966 3583 3284 3652 ἁμαρτωλοὶ
3324 3580 3687 3651 ἁμαρτωλοῖς

2085 3670 2446 3740 δανείζουσιν,
2473 3673 2561 3726 ἵνα
2595 3673 2915 3728 ἀπολάϐωσι
2969 3675 3038 3727 τὰ
3087 3677 3198 3730 ἴσα.
3229 3674 3377 3745 Πλὴν
3419 3675 3688 3742 ἀγαπᾶτε

2086 3766 2213 3827 τοὺς
2231 3765 2460 3835 ἐχθροὺς
2497 3765 2527 3818 ὑ
2537 3764 2676 3836 μῶν,
2703 3767 2799 3820 καὶ
2821 3767 3220 3836 ἀγαθοποιεῖτε,
3255 3769 3350 3820 καὶ
3369 3766 3688 3836 δανείζετε,

2092 3857 2263 3927 μηδὲν
2277 3857 2674 3922 ἀπελπίζοντες
2697 3873 2713 3890 ⁸
2737 3860 3011 3912 καίηεσται
3041 3861 3069 3912 ὁ
3088 3858 3281 3930 μισθὸς
3303 3859 3456 3930 ὑμῶν
3481 3860 3688 3930 πολὺς,

2089 3950 2184 4002 καὶ
2219 3947 2411 4002 ἔσεσθε
2446 3950 2552 4003 υἰοὶ
2595 3949 2690 4003 τοῦ
2733 3949 3016 4019 Ὑψίστου,
3078 3953 3164 4005 ὅτι
3220 3952 3385 4016 αέτδς
3438 3953 3689 4024 χρηστός

2090 4041 2238 4094 ἔστιν
2277 4042 2370 4096 ἐπὶ
2404 4043 2531 4106 τοὺς
2585 4042 2917 4114 ἀχαρίστους
2962 4045 3059 4098 καὶ
3117 4043 3411 4116 πονηρούς.
3453 4045 3689 4098 Γίνεσθε

2090 4128 2182 4186 οὖν
2209 4135 2574 4205 οἰκτίρμονες,
2605 4133 2790 4198 καθὼς
2822 4136 2918 4190 καὶ
2959 4136 2987 4190 ὁ
3020 4137 3212 4208 Πατὴρ
3261 4138 3418 4206 ὑμῶν
3470 4139 3690 4210 οἰκτίρ-

2094 4243 2212 4297 μων
2242 4227 2381 4281 ὲστί.

2167 4314 2332 4372 Εἶπεν
2359 4320 2387 4371 6
2422 4319 2627 4392 Κύριος
2654 4336 2669 4351 ·
2719 4320 2992 4391 Ἐντολὴνῖ
3023 4321 3217 4391 καινὴν
3267 4321 3463 4392 δίδωμι
3519 4323 3683 4393 ὑμῖν,

2096 4411 2182 4467 ἶνα
2219 4413 2470 4482 ἀγαπᾶτε
2508 4411 2794 4482 ἀλλήλους,
2819 4412 3008 4477 καθὼς
3042 4415 3309 4484 ἠγάπησα
3358 4415 3528 4485 ὑμᾶς,
3591 4417 3684 4470 ινα.

407 4519 545 4564 utet
570 4523 666 4564 vos
690 4508 930 4576 diligatis
953 4523 1054 4564 vos
1087 4503 1347 4562 invicem.
1380 4507 1436 4562 ln
1465 4507 1571 4562 hoc
1603 4509 1747 4564 cnim
1785 4523 1983 4578 cogno-

2111 4505 2190 4558 ιαὶ
2218 4503 2375 4573 ὑμεῖς
2411 4504 2664 4568 ἀγαπᾶτε
2697 4505 2986 4575 ἀλλήλους.
3021 4506 3110 4558 Ἐν
3156 4505 3334 4577 τούτῳ
3367 4507 3683 4574 γνώσονται

406 4612 564 4658 scent
589 4615 784 4656 omnes
814 4600 960 4670 quod
986 4601 1093 4657 mei
1122 4601 1381 4670 discipuli
1412 4600 1559 4668 sitis,
1588 4598 1637 4655 si
1668 4599 1991 4657 charitatem

407 4695 660 4752 habeatis
692 4695 835 4750 inter
869 4709 990 4751 vos.

476 4805 619 4864 lbit't.
660 4826 749 4864 xv.
785 4809 901 4866 [loc
923 4819 1009 4865 est
1038 4820 1372 4882 praeceplum
1425 4823 1632 4878 meum,
1664 4820 1724 4866 ut
1752 4826 1846 4867 vos
1876 4827 1997 4866 mu-

407 4910 504 4954 tuo
537 4901 796 4971 diligatis;
833 4902 1092 4973 majorem
1118 4901 1222 4957 bac
1259 4904 1582 4959 cbaritatem
1613 4918 1776 4959 nemo
1809 4898 1995 4969 habet,

407 5007 571 5062 quam
603 5000 663 5047 ut
688 5002 858 5064 ponat
890 4993 1091 5063 aliquis
1119 4993 1282 5048 vitam
1312 5006 1466 5050 suam
1497 5009 1600 5065 pro
1629 4995 1745 5049 suis
1778 4994 1994 5050 amicis.

393 5098 404 5148 ἱ
479 5104 629 5159 Rom.
664 5121 760 5160 xu.
795 5105 986 5173 Quoad
1030 5122 1059 5160 a
1111 5107 1265 5162 vobis
1312 5107 1427 5162 ﬁeri
1475 5117 1678 5176 potest,
1711 5123 1835 5163 cum
1858 5123 1998 5176 ,om-

409 5199 573 5254 nibus
606 5199 919 5256 hominibus
952 5214 1141 5270 pacem
1189 5201 1404 5257 habete.

479 5311 643 5368 Hebr.
676 5328 776 5368 xu.
812 5312 1007 5368 Pacem
1040 5315 1433 5386 persequimini
1485 5332 1608 5372 cum
1635 5319 1916 5386 omnibus,
1943 5329 1997 5376 et

409 5407 859 5472 sanctimoniam,
887 5407 1007 5461 sine
1040 5422 1148 5478 qua
1178 5423 1335 5463 nemo
1366 5409 1536 5465 Deum
1566 5411 1786 5468 visurus
1813 5421 1920 5470 est.

484 5521 640 5576 Rom.
674 5535 792 5576 xm.
823 5520 1037 5576 Nemini
1072 5523 1369 5593 quidquam
1399 5525 1616 5589 debete,
1647 5527 1758 5583 nisi
1788 5535 1848 5582 ut
1877 5543 1998 5584 mu-

409 5622 503 5668 tuo
549 5616 638 5671 alii
692 5616 830 5672 alios
877 5614 1138 5688 diligatis.
1182 5618 1288 5684 Qui
1332 5620 1478 5672 enim
1511 5619 1744 5675 alterum
1791 5621 1992 5692 diligit,

409 5707 581 5775 legem
609 5709 929 5778 complevit;
965 5725 1094 5765 nam
1131 5710 1304 5765 illud:
1335 5709 1452 5766 Non
1492 5713 1808 5770 committes
1838 5715 1994 5770 adul-

411 5797 625 5867 terium,
670 5815 775 5855 non
813 5801 1102 5872 iuraberis,
1139 5817 1253 5858 non
1292 5801 1486 5858 falsum
1537 5803 1690 5861 dices
1744 5806 1994 5865 testimoc

2101 4601 2305 4662 πάντες
2363 4601 2446 4655 δτι
2481 4601 2607 4671 ἐμοὶ
2639 4601 2885 4673 μαθηταί
2912 4603 3060 4668 ἐστε,
3097 4603 3193 4656 ἐάν
3243 4602 3472 4676 ἀγάπην
3519 4605 3686 4676 ἔχητε

2099 4693 2160 4746 ὲν
2186 4691 2460 4765 ἀλλήλοις.

2156 4804 2310 4876 Αὕτη
2332 4805 2482 4859 ἐστὶν
2512 4807 2547 4876 ή
2598 4805 2788 4876 ἐντολὴ
2846 4807 2880 4879 ἡ
2916 4807 3044 4880 ἐμὴ,
3080 4809 3168 4862 ἵνα
3201 4810 3462 4876 ἀγαπᾶτε
3515 4809 3688 4879 ἀλλήο

2097 4893 2246 4957 λους.
2285 4895 2525 4959 Μείζονα
2551 4895 2757 4967 ταύτης
2782 4899 3006 4969 ἀγάπην
3034 4901 3212 4962 οὐδεὶς
3247 4899 3387 4970 ἔχει,
3454 4901 3545 4953 ἵνα
3600 4917 3689 4964 τις

2100 4985 2197 5060 τὴν
2227 4987 2403 5058 ψυχὴν
2443 4988 2608 5041 αὐτοῦ
2651 4987 2717 5059 θῇ
2757 4990 2898 5062 ὑπὲρ
2927 4992 3038 5046 τῶν
3065 4993 3232 5061 φίλων
3256 4994 3447 5048 αὑτοῦ.

2179 5107 2346 5160 Ὅσον
2383 5106 2613 5160 δυνατὸν
2635 5106 2695 5158 τὸ
2719 5106 2778 5173 ἐξ
2823 5106 3002 5177 ὑμῶν,
3043 5110 3182 5179 μετά
3213 5109 3436 5164 πάντων
3466 5109 3687 5182 ἀνθρώ·

2102 5217 2218 5253 πων
2251 5199 2588 5268 εἰρηνεύετε.

2176 5313 2414 5388 Εἰρήνην
2453 5312 2680 5369 διώκετε
2711 5314 2851 5385 μετά
2878 5315 3120 5382 πάντων,
3156 5317 3362 5373 καὶτὸν
3387 5320 3686 5392 ἀγιασμὺν,

2102 5399 2164 5457 οῦ
2192 5407 2365 5476 χωρὶς
2411 5407 2587 5470 οὐδεὶς
2615 5406 2809 5476 ὄψεται
2836 5407 2930 5462 τδν
2961 5407 3186 5480 Κύριον.

2173 5519 2384 5589 Μηδενὶ
2419 5521 2586 5592 μηδὲν
2611 5522 2875 5608 ὀφείλετε,
2907 5525 2957 5578 εἰ
3005 5527 3082 5598 μὴ
3143 5527 3205 5580 τὸ
3248 5527 3474 5601 ἀγαπᾷν
3521 5528 3688 5601 ἀλλή-

2101 5611 2250 5675 λους.
2289 5611 2348 5665 '0
2371 5612 2478 5686 γὰρ
2505 5607 2739 5683 ἀγαπῶν
2768 5616 2860 5670 τὸν
2889 5617 3076 5688 ἕτερον
3102 5619 3266 5690 νόμον
3293 5621 3684 5691 πεπλήρωκεν.

2103 5707 2177 5758 Τὸ
2219 5705 2327 5775 γάρ
2349 5746 2364 5774 ,
2401 5705 2479 5758 Οὐ
2537 5707 2870 5780 μοιχεύσεις,
2907 5710 2968 5764 ού
3010 5710 3250 5784 κλέψεις,
3277 5715 3340 5768 ού
3369 5713 3685 5786 ψευδομαρο

2103 5803 2400 5874 τυρήσεις,
2447 5803 2547 5858 οὐκ
2599 5803 2983 5878 ἐπιθυμήσεις,
3026 5809 3122 5864 καὶ
3176 5809 3232 5863 εί
3261 5826 3346 5876 τις
3402 5811 3563 5881 ἑτέρα
3597 5811 3684 5864 ἐν-

3703 961 3711 1012 ἶ
