3980 6248
275 355 386 424 857

277 482 429 552 τολὴ,
464 482 522 534 ἐν
556 479 732 552 τούτῳ
749 480 835 550 τῷ
873 479 1020 552 λόγῳ
1065 483 1584 555 ἀνακεφαλαιοῦται,
1637 486 1696 539 ἐν
1744 484 1851 556 τῷ,

284 565 624 645 Ἀγαπήσεις
653 575 747 628 τὸν
781 573 1013 644 πλησίον
1038 591 1132 630 σου
1158 575 1233 640 ὡς
1259 577 1474 630 ὃαυτόν.

363 830 429 892 Ἦ
489 838 682 911 ἀγάπη
730 833 810 908 τῷ
851 840 1078 911 πλησίον
1141 843 1320 897 κακὸν
1369 843 1470 897 οὐκ
1549 842 1866 916 ἐργάζεται.

277 931 568 1004 Πλήρωμα
599 927 694 987 οὗν
713 934 880 1004 νόμου
913 935 946 1004 ἠ
978 933 1194 1004 ἀγάπη.

347 1024 465 1086 na;
513 1025 542 1077 6
591 1024 754 1093 νόμος
801 1025 860 1078 ἐν
891 1025 971 1078 ἑνὶ
1015 1026 1162 1097 μόνῳ
1214 1025 1595 1097 “ﬂium”,
1637 1028 1698 1082 δν
1742 1027 1822 1100 τῷ
1849 1042 1866 1060 ’

299 1106 646 1184 Ἆγαπήσεις
670 1116 764 1167 τὸν
789 1115 1022 1186 πλησίον
1055 1117 1131 1180 ὡς
1165 1118 1416 1174 σεαυτόν.

365 1205 491 1259 Ἐπὶ
522 1207 657 1260 πᾶσι
687 1205 786 1276 τὴν
830 1205 1054 1278 ἀγάπην
1082 1207 1338 1275 διώκετε,
1384 1209 1511 1280 ἥτις
1561 1212 1682 1267 ἐστὶ
1738 1213 1869 1268 σύν-

276 1297 331 1351 Ss
341 1315 479 1367 σμος
509 1300 608 1369 τῆς
637 1302 1006 1373 τελειότητος.

364 1391 460 1444 Ἐκ
487 1392 734 1462 καθαρᾶς
765 1396 994 1466 καρδίας
1021 1395 1285 1466 ἀλλήλους
1335 1398 1661 1470 ἀγαπήσατε
1712 1401 1869 1456 ἐκτε-

279 1481 414 1546 νῶς.
464 1482 531 1535 Ἢ
555 1483 664 1554 γὰρ
695 1485 885 1555 ἀγάπη
915 1485 1182 1548 καλύπτει
1208 1487 1414 1559 πλῆθος
1443 1489 1756 1560 ἁμαρτιῶν.

354 1660 506 1734 Αὕτη
537 1665 684 1718 ἐστὶν
712 1666 746 1736 ἡ
776 1665 1100 1736 ἐπαγγελία,
1142 1667 1210 1738 ἥν
1239 1665 1508 1739 ἠκούσατε
1536 1666 1636 1722 ἀπ’
1661 1667 1865 1740 ἀρχῆς.

278 1751 372 1807 ἕνα
400 1756 710 1826 ἀγαπῶμεν
743 1756 1032 1828 ἀλλήλους.

1029 413 1039 424 .
1103 363 1278 428 LOCI
1318 365 1762 433 COMMUNES.
1807 390 1875 405 -·
1908 364 2106 430 PARS
2135 366 2186 436 Ι.
2228 369 2487 436 SERMO
2531 373 2746 441 XXVI.

3449 383 3564 446 858.

1962 485 2140 542 nium.
2185 503 2295 544 non
2353 494 2736 562 concupisces,
2767 501 2824 551 et
2869 494 2916 551 s‘i
2965 495 3110 566 quod
3163 505 3424 568 praeterea
3473 507 3560 555 est

1971 578 2121 634 aliud
2154 585 2496 650 mandatum,
2533 586 2586 640 in
2626 586 2726 642 hoc
2761 601 3015 642 sermone
3049 589 3372 645 summatim
3403 604 3556 644 com-

1972 671 2353 740 prehenditur,
2383 676 2476 746 qui
2504 686 2588 732 cst
2614 695 2630 733 :
2664 678 2884 751 Diligito
2912 680 3224 751 proximum
3250 689 3402 737 tuum
3435 690 3557 736 tau-

1967 775 2134 833 quam
2168 767 2432 836 teipsum.

2042 853 2270 911 Dilectio
2303 857 2615 927 proximum
2648 860 2795 918 malo
2827 876 2937 918 non
2968 862 3153 932 afficit;
3184 863 3419 935 expletio
3449 863 3558 935 igi-

1969 953 2058 1000 tur
2091 947 2224 1020 legis
2257 961 2343 1006 est
2360 951 2602 1009 dilectio.

2042 1038 2226 1098 Galat.
2271 1059 2321 1099 ν.
2358 1043 2494 1100 Tota
2541 1047 2623 1102 lex
2649 1028 2731 1102 Iin‘
2763 1063 2874 1103 uno
2919 1049 3038 1106 solo
3063 1051 3332 1121 completa
3361 1060 3467 1115 est,
3500 1052 3556 1108 in

1965 1131 2062 1187 illo
2093 1134 2381 1193 videlicet:
2417 1133 2738 1196 Proximum
2773 1149 3033 1212 tanquam
3067 1145 3296 1214 teipsum
3323 1143 3555 1214 diligite.

2039 1225 2244 1283 Coloss.
2281 1244 2361 1286 Ill.
2391 1229 2568 1302 Super
2597 1235 2782 1289 omnia
2815 1243 2997 1291 autem
3029 1237 3144 1291 haec
3173 1237 3442 1294 cliaritate
3476 1240 3558 1294 iu-

1966 1317 2081 1372 dutl
2118 1319 2261 1384 sitis,
2298 1337 2420 1392 quae
2451 1334 2536 1379 est
2569 1326 2853 1380 vinculum
2885 1328 3258 1398 perfectionis.
3635 1315 3638 1318 6

2045 1408 2077 1465 I
2108 1413 2257 1466 Petr.
2297 1428 2336 1470 ι.
2382 1413 2601 1485 Diligite
2644 1433 2743 1474 vos
2801 1418 3037 1475 invicem
3086 1421 3455 1488 vehementer,
3486 1437 3554 1477 ex

1965 1518 2106 1575 puro
2137 1506 2319 1563 corde.
2349 1507 2601 1566 Charitas
2628 1511 2775 1567 enim
2807 1512 2940 1584 tegit
2969 1515 3379 1572 multitudinem
3421 1531 3558 1584 pec-

1965 1606 2242 1654 calorum.

2034 1691 2071 1744 Ι
2087 1689 2250 1744 Joan.
2282 1707 2364 1748 ιιι.
2394 1693 2510 1750 Hoc
2543 1694 2675 1750 illud
2700 1703 2805 1761 est,
2836 1695 2980 1766 quod
3013 1695 3300 1752 audivistis
3327 1697 3396 1753 ab
3440 1697 3551 1752 ini-

1963 1780 2042 1834 tio
2074 1794 2430 1855 praccptum,
2456 1797 2516 1843 ut
2548 1805 2650 1845 nos
2681 1789 2914 1845 invicem
2941 1790 3260 1862 diligamus.

374 1847 464 1902 Ἐν
492 1848 666 1919 τούτῳ
699 1848 1022 1920 ἐγνώκαμεν
1047 1850 1148 1923 τὴν
1177 1851 1422 1920 ἀγάπην,
1455 1852 1538 1907 ὅτι
1567 1852 1597 1905 6
1625 1852 1861 1924 Χριστὸς

2033 1871 2138 1929 Per
2173 1876 2274 1930 hoc
2304 1881 2668 1950 cognovimus
2699 1883 3052 1950 eharitatcm,
3085 1884 3349 1955 quoniam
3384 1883 3546 1939 Chri-

281 1943 381 2012 τὴν
412 1939 593 2010 ψυχὴν
621 1941 787 1995 αὐτοῦ
811 1942 1006 2014 έθηκεν
1037 1943 1179 2013 ὑπὲρ
1214 1945 1374 2014 ἡμῶν
1398 1958 1416 1975 ⁸
1437 1946 1534 1999 καὶ
1563 1945 1724 2016 ἡμεῖς
1752 1945 1864 1999 τοί-

282 2048 379 2084 νυν
415 2029 701 2102 ὀφείλομεν
756 2033 899 2104 ὑπὲρ
961 2033 1070 2088 τῶν
1111 2033 1355 2102 ἀδελφῶν
1411 2034 1585 2090 θεῖναι
1635 2036 1734 2100 τὰς
1761 2036 1864 2107 ψυ-

280 2141 408 2194 χας.

378 2217 438 2270 '0
474 2217 711 2286 ἀγαπῶν
737 2214 830 2272 τὸν
853 2215 1081 2290 ἀδελφὸν
1121 2215 1286 2274 αὐτοῦ
1318 2219 1377 2275 ἐν
1401 2219 1479 2291 τῷ
1513 2220 1654 2290 φωτὶ
1687 2221 1841 2291 μένει

281 2309 384 2364 καὶ
413 2312 711 2365 σκάνδαλον
743 2313 802 2366 ἐν
845 2312 997 2384 αὑτῷ
1025 2314 1126 2369 οὐκ
1150 2313 1321 2369 ἐστιν.
1831 2349 1834 2352 ~

356 2402 582 2468 Τεκνία,
615 2405 690 2474 μὴ
731 2404 1036 2475 ἀγαπῶμεν
1068 2405 1212 2477 λόγῳ
1246 2407 1382 2476 μηδὲ
1437 2405 1686 2480 γλώσσῃ,
1749 2409 1868 2464 ἀλλ’

284 2496 436 2566 ἔργῳ
461 2493 555 2547 καὶ
585 2494 837 2564 ἀληθείᾳ.
880 2489 970 2548 Ἐν
1020 2495 1198 2566 τούτῳ
1257 2499 1606 2567 γνωσόμεθα,
1664 2500 1748 2553 ὅτι
1805 2502 1870 2554 ἐκ

285 2585 388 2656 τῆς
415 2585 676 2655 ἀληθείας
703 2586 894 2660 ἐσμέν.
926 2627 928 2629 ›

368 2679 692 2749 Ἀγαπητοί,
723 2680 1032 2751 ἀγαπῶμεν
1061 2683 1355 2755 ἀλλήλους,
1388 2683 1473 2737 ὄτι
1519 2685 1550 2754 ἡ
1584 2684 1774 2755 ἀγάπη
1803 2687 1870 2740 ἐκ

283 2769 381 2824 τοῦ
401 2771 538 2824 Θεοῦ
566 2773 759 2826 ἐστιν’
797 2774 912 2840 ἱκαὶ
945 2777 1053 2838 πᾶς
1103 2777 1132 2828 6
1179 2775 1412 2842 ἀγαπῶν
1458 2777 1521 2829 ἐκ
1580 2775 1679 2829 τοῦ
1735 2776 1871 2830 Θεοῦ

283 2865 632 2935 γεγέννηται,
668 2865 766 2920 καὶ
790 2866 1052 2936 γινώσκει
1081 2867 1174 2921 τὸν
1198 2869 1332 2923 Θεόν
1367 2884 1382 2900 ·
1419 2869 1502 2923 ὃτι
1523 2869 1551 2924 6
1581 2869 1712 2934 Θεὸς
1737 2871 1875 2938 ἀγά·

284 2973 364 3027 πη
397 2958 574 3014 ἐστίν.

371 3049 506 3104 Θεὸν
539 3052 717 3116 οὐδεὶς
769 3051 993 3107 πώποτε
1040 3052 1318 3109 τεθέαται.
1389 3053 1517 3108 Ἐάν
1571 3051 1878 3124 ἀγαπῶμεν

1965 1971 2086 2018 stus
2116 1965 2353 2022 animam
2385 1985 2542 2025 suam
2573 1987 2668 2041 pro
2694 1973 2854 2028 nobis
2875 1975 3063 2044 posuit
3087 1986 3142 2030 et
3167 1990 3266 2031 nos
3290 1973 3554 2033 debemus

1967 2070 2065 2126 pro
2101 2057 2364 2118 fratribus
2393 2063 2606 2120 animas
2641 2080 2867 2134 ponere.

2042 2241 2179 2298 Ibid.
2204 2257 2265 2298 η.
2299 2244 2406 2312 Qui
2432 2246 2609 2318 diligit
2648 2247 2874 2303 fratrem
2913 2263 3099 2315 suum,
3125 2248 3180 2303 in
3214 2249 3338 2305 luce
3372 2256 3558 2306 manet

1969 2344 2022 2388 et
2061 2332 2450 2392 offendiculum
2487 2339 2539 2393 in
2567 2354 2635 2394 eo
2666 2355 2776 2394 non
2811 2350 2918 2396 est.

2041 2425 2185 2483 Ibid.
2219 2445 2302 2484 ut.
2339 2421 2521 2486 Filioli
2573 2435 2703 2499 mei,
2747 2450 2817 2490 ne
2849 2436 3147 2507 diligamus
3179 2437 3348 2492 verbo
3375 2452 3554 2508 neque

1971 2518 2177 2590 lingua,
2214 2521 2308 2577 sed
2344 2538 2506 2591 opere
2537 2535 2589 2581 et
2611 2527 2862 2584 veritate.
2895 2527 3001 2584 Per
3037 2529 3141 2586 hoc
3164 2531 3554 2602 cognoscimus

1972 2611 2118 2680 quod
2149 2627 2215 2666 ex
2252 2614 2484 2671 veritate
2516 2633 2731 2676 sumus.

2045 2703 2182 2756 Ibid.
2210 2719 2286 2763 tv.
2318 2705 2665 2773 Charissimi,
2693 2710 2985 2780 diligamus
3008 2727 3113 2770 nos
3138 2716 3390 2785 invicem,
3424 2721 3554 2790 quia

1974 2792 2216 2850 charitas
2246 2812 2313 2851 ex
2358 2797 2465 2851 Deo
2497 2808 2602 2854 est.
2654 2800 2722 2854 Et
2755 2803 2940 2858 omnis
2975 2806 3069 2875 qui
3118 2805 3316 2878 diligit,
3341 2827 3408 2866 ex
3444 2813 3556 2868 Deo

1976 2896 2139 2940 natus
2159 2897 2263 2954 est,
2297 2896 2353 2944 et
2375 2890 2660 2960 cognoscit
2689 2891 2898 2962 Deum;
2921 2898 3190 2967 quoniam
3229 2899 3378 2958 Deus
3405 2902 3557 2960 cha-

1977 2975 2109 3030 ritas
2141 2986 2245 3032 est.

2050 3066 2197 3124 Ibid.
2241 3069 2412 3127 Deum
2465 3087 2628 3130 nemo
2672 3074 2809 3132 vidit
2863 3093 3131 3149 unquam.
3166 3079 3225 3136 Si
3261 3081 3555 3155 diligamus

284 3145 572 3216 ἀλλήλους,
595 3149 624 3200 6
650 3148 782 3212 Θεὸς
802 3149 861 3200 tv
892 3149 1027 3218 ἡμῖν
1065 3148 1243 3217 μένει,
1273 3148 1368 3203 καὶ
1401 3149 1436 3221 ἡ
1459 3149 1654 3219 ἀγάπη
1702 3145 1869 3202 αὑτοῦ

2009 3171 2081 3212 ιοε
2112 3158 2369 3228 invicem,
2405 3163 2548 3219 Deus
2576 3163 2630 3220 in
2657 3167 2819 3222 nobis
2847 3145 3054 3237 manet,
3079 3176 3135 3224 et
3154 3145 3400 3230 eharilas
3428 3176 3552 3247 ejus

283 3239 344 3291 ὲν
377 3240 512 3308 ἡμῖν
534 3239 937 3310 τετελειωμένη
965 3241 1141 3296 ἐστίν.

372 3332 499 3386 Ἐάν
529 3348 614 3394 τις
639 3333 792 3403 είπῃ,
819 3333 900 3385 ὅτι
931 3333 1160 3400 Ἀγαπῶ
1186 3332 1278 3387 τὸν
1307 3331 1464 3397 Θεὸν,
1488 3332 1583 3387 καὶ
1605 3335 1697 3387 τὸν
1718 3333 1874 3388 ἀδελ-

284 3424 388 3495 φὸν
423 3426 591 3478 αὑτοῦ
627 3427 797 3496 μισεῖ,
832 3425 1078 3496 ψεύστης
1102 3427 1270 3481 ἐστίν.
1306 3427 1368 3480 '0
1400 3427 1512 3496 γὰρ
1535 3428 1612 3498 μὴ
1639 3429 1872 3496 ἀγαπῶν

283 3519 378 3572 τὸν
413 3518 646 3587 ἀδελφὸν
668 3518 858 3582 αὑτοῦ,
886 3518 945 3572 ὃν
979 3520 1214 3590 ἑώρακε,
1247 3521 1338 3574 τὸν
1363 3521 1498 3574 Θεὸν
1519 3520 1579 3574 ὃν
1623 3522 1723 3592 οὐχ
1772 3519 1875 3596 εὼ-

284 3627 448 3681 ρακε,
486 3610 604 3673 πῶς
627 3610 853 3663 δύναται
892 3613 1153 3682 ἀγαπᾷν;

371 3702 539 3755 Οὐδέν
568 3705 717 3756 ἐστιν
746 3703 970 3774 ἄμεινον
995 3707 1242 3776 εἰρήνης,
1267 3701 1380 3780 ὲνῇ
1427 3705 1536 3770 πᾶς
1571 3705 1601 3757 6
1632 3702 1875 3775 πόλεμος

284 3794 654 3852 καταλύεται.

359 3889 531 3944 Ὅσον
558 3890 678 3942 ἐστὶ
713 3890 776 3944 τὸ
806 3889 908 3960 τῆς
940 3891 1169 3962 είρήνης
1203 3891 1389 3954 καλὸν,
1441 3891 1494 3943 τί
1537 3891 1642 3962 χρὴ
1691 3891 1874 3961 λέγειν

285 3981 430 4050 πρὸς
479 3981 677 4052 ἄνδρας
713 3982 865 4046 υἱοὺς
917 3983 1020 4052 τῆς
1067 3985 1327 4055 εἰρήνης;
1356 3983 1511 4036 οὐδὲν
1563 3983 1672 4056 γάρ
1700 3982 1874 4050 οὕτως

288 4076 428 4132 ἴδιον
504 4077 866 4149 Χριστιανοῦ,
927 4077 1002 4140 ὡς
1038 4079 1100 4132 τὸ
1156 4080 1540 4150 είρηνοποιείν.
1597 4080 1744 4133 Διότι
1779 4079 1874 4133 καὶ

285 4169 382 4224 τὸν
405 4169 494 4224 ἀπ’
528 4168 678 4240 αὐτῷ
709 4171 902 4240 μισθὸν
936 4171 1196 4242 μέγιστον
1229 4173 1364 4242 ἡμῖν
1392 4171 1420 4226 δ
1461 4171 1666 4244 Κύριος
1697 4176 1889 4243 smn--

286 4262 534 4330 γείλατο.

365 4355 674 4425 Κυρὼσατε
698 4354 798 4426 τὴν
826 4354 1074 4427 ἀγάπην,
1106 4347 1175 4424 ἧς
1211 4355 1342 4410 ἀνευ
1377 4355 1542 4428 ἀτελῆ
1591 4352 1734 4410 εῖναι
1766 4357 1873 4412 πά-

289 4465 395 4517 σης
425 4446 649 4518 ὲντολῆς
689 4447 960 4518 ἐργασίαν
1023 4448 1186 4511 αὐτὸς
1212 4449 1240 4501 ὁ
1270 4447 1474 4520 Κύριος
1501 4449 1635 4520 ἡμῖν
1691 4449 1877 4520 διωρί-

289 4556 448 4596 σατο.

365 4633 441 4686 Οὐ
477 4632 698 4686 πάντων
725 4632 859 4697 Θεὸς
891 4631 920 4686 6
941 4631 1099 4699 Θεὸς,
1130 4631 1266 4686 ἀλλά
1295 4630 1406 4686 τῶν
1472 4632 1872 4688 οἰκειωθὲντων

286 4724 440 4794 αὐτῷ
474 4724 564 4778 διά
582 4725 682 4794 τῆς
711 4725 956 4796 ἀγάπης.

366 4813 480 4880 Τῆς
510 4813 737 4883 ἀγάπης
761 4813 1019 4884 ἐξαίρετα
1051 4811 1146 4867 δύο
1181 4828 1196 4843 ο
1229 4811 1291 4866 τὸ
1319 4813 1605 4868 λυπεϊσθαι
1649 4813 1751 4884 μὶν
1778 4814 1875 4877 καὶ

287 4907 557 4976 ἀγωνιᾷν,
582 4906 668 4974 ἐφ’
703 4901 784 4968 οἷς
821 4905 1126 4976 βλάπτεται
1155 4907 1183 4959 ὁ
1207 4903 1574 4976 ἀγαπώμενος
1609 4922 1625 4940 ·
1656 4907 1874 4978 χαίρειν

287 4999 348 5054 δὲ
389 4999 491 5053 καὶ
523 4998 893 5068 ἀγωνίζεσθαι
935 4999 1077 5070 ὑπὲρ
1107 4999 1207 5068 τῆς
1236 4996 1508 5068 ὠφελείας
1538 4998 1727 5053 αὐτοῦ.

369 5093 439 5146 Τί
470 5092 532 5145 τὸ
567 5092 774 5163 μέτρον
803 5093 904 5163 τῆς
953 5093 1094 5163 πρὸς
1123 5092 1259 5146 Θεὸν
1289 5093 1544 5163 άγάπης;
1602 5092 1676 5145 Τὸ
1732 5090 1875 5162 ὑπὲρ

286 5183 522 5255 δύναμιν
551 5186 639 5239 ἀεὶ
665 5186 764 5258 τὴν
795 5185 975 5258 ψυχὴν
1015 5186 1434 5242 ὲπεκτείνεσθαι
1483 5185 1622 5257 πρὸς
1675 5185 1734 5239 τὸ
1774 5183 1872 5237 τοῦ

288 5277 428 5332 Θεοῦ
465 5278 697 5350 θέλημα,
729 5281 825 5334 καὶ
850 5281 994 5335 κατά
1035 5280 1240 5334 σκοπὸν
1271 5281 1366 5335 καὶ
1417 5277 1721 5349 ἐπιθυμίαν
1769 5276 1873 5349 τῆς

290 5370 464 5426 αὑτοῦ
496 5370 682 5442 δόξης.

364 5463 533 5516 Οὐδὲν
560 5462 734 5529 οὕτως
766 5463 987 5537 ίσχυρὸν
1009 5463 1148 5537 πρὸς
1177 5463 1425 5536 ἀγάπην,
1457 5462 1537 5528 ὡς
1603 5459 1873 5518 ἀντιδιδο-

292 5558 435 5629 μένη
463 5557 727 5623 διάθεσις.

361 5649 756 5722 Φιλάνθρωπον
787 5651 821 5722 ἡ
849 5651 1063 5724 ἀγάπη,
1098 5648 1304 5722 μᾶλλον
1341 5647 1402 5703 δὲ
1428 5643 1868 5718 αὑτοφιλανθρωε-

293 5741 422 5796 πία.

367 5831 484 5904 Οὐχ
518 5833 702 5892 ἱκανὸν
726 5837 758 5908 ἠ
781 5834 1044 5905 διάθεσις,
1081 5836 1131 5890 εί
1161 5834 1236 5907 μὴ
1281 5833 1373 5888 καὶ
1431 5829 1520 5886 διὰ
1572 5829 1681 5886 τῶν
1733 5844 1876 5900 πρασ

1902 4562 1949 4618 D

1976 3259 2062 3304 est
2087 3252 2326 3320 perfecta
2363 3255 2418 3309 in
2453 3257 2637 3312 nobis.

2047 3344 2106 3398 Si
2145 3346 2268 3414 quis
2296 3347 2442 3402 dicat
2475 3364 2533 3404 se
2571 3350 2736 3405 Deum
2765 3351 3015 3424 diligere,
3041 3362 3091 3408 et
3126 3355 3349 3412 fratrem
3386 3372 3548 3414 suum

1975 3436 2171 3500 oderit,
2207 3439 2442 3494 mendax
2488 3450 2592 3497 est.
2637 3442 2740 3508 Qui
2790 3444 2934 3499 enim
2969 3445 3194 3501 fratrem
3242 3462 3404 3503 suum
3437 3465 3549 3505 non

1975 3528 2152 3598 diligit
2180 3545 2343 3598 quem
2380 3534 2549 3602 videt,
2579 3551 2688 3604 quo
2734 3539 2955 3595 tandem
2994 3540 3159 3596 modo
3196 3526 3551 3616 diligere'po-

1980 3629 2084 3674 test
2115 3620 2281 3676 Deum
2311 3637 2474 3692 quem
2505 3641 2614 3681 non
2648 3628 2842 3683 videt?

2047 3708 2305 3780 S.Ignat.
2336 3711 2483 3768 Nihil
2509 3725 2594 3772 est
2616 3731 2749 3786 pace
2781 3718 3000 3788 melius,
3030 3735 3137 3792 qua
3160 3736 3325 3778 omne
3347 3721 3552 3779 bellum

1976 3803 2277 3860 dirimitur.

2043 3893 2267 3956 Basilii.
2305 3899 2479 3966 Quam
2508 3901 2579 3956 sit
2607 3915 2694 3958 res
2719 3902 2950 3960 honesta
2997 3919 3124 3976 pax,
3158 3907 3290 3978 quid
3324 3922 3554 3966 necesse

1975 3998 2061 4045 est
2090 4005 2525 4050 commemorare
2559 4003 2701 4065 apud
2739 3997 2881 4055 filios
2917 4001 3118 4070 pacis?
3157 4003 3291 4058 nihil
3326 4013 3414 4059 est
3438 4014 3550 4060 tam

1977 4083 2261 4152 prOprium
2307 4085 2633 4156 Christiani,
2681 4106 2849 4162 quam
2907 4108 3098 4163 pacem
3155 4096 3461 4152 conciliare
3496 4106 3554 4153 et

1975 4175 2268 4244 pacificum
2317 4191 2479 4246 esse;
2515 4179 2702 4252 itaque
2735 4181 3001 4239 Dominus
3038 4187 3348 4242 mercedem
3380 4189 3555 4244 maxi-

1977 4281 2122 4320 mam
2164 4267 2323 4325 nobis
2359 4280 2582 4340 propter
2615 4273 2763 4329 illam
2800 4277 3071 4345 promisit.

2047 4355 2240 4413 Ratam
2298 4359 2461 4416 facite
2509 4361 2858 4430 charitatem,
2903 4382 3012 4438 qua
3066 4380 3276 4426 remota
3335 4371 3554 4427 nullum

1974 4451 2292 4506 mandatum
2340 4454 2530 4523 perlici
2568 4470 2730 4527 posse
2774 4457 3048 4516 Dominus
3098 4461 3202 4533 ipsi
3225 4453 3551 4521 affirmavit.

2054 4629 2166 4702 59
2201 4631 2346 4687 Deus
2395 4647 2502 4686 non
2533 4621 2775 4687 omnium
2823 4632 2967 4686 Deus
3001 4639 3127 4697 est,
3184 4631 3278 4686 sed
3331 4631 3550 4686 illorum

1983 4734 2124 4792 quos
2148 4721 2198 4776 ei
2233 4721 2474 4776 eharitas
2501 4722 2898 4778 conciliaverit.

2043 4809 2348 4866 Charitatis
2379 4811 2486 4866 duo
2521 4819 2652 4866 sunt
2689 4811 2982 4877 peculiaria
3013 4829 3028 4868 :
3063 4811 3318 4880 alterum,
3343 4814 3551 4871 tristari

1973 4915 2030 4962 et
2089 4904 2215 4974 angi
2273 4901 2563 4974 dispendio
2610 4903 2730 4973 ejus
2796 4905 2890 4974 qui
2944 4904 3240 4975 diligitur:
3281 4905 3550 4972 alterum,

1976 4995 2218 5068 gaudere
2251 5007 2511 5049 successu
2542 4991 2665 5062 ejus
2700 4999 2756 5047 et
2795 5007 2892 5063 pro
2924 5008 2991 5048 eo
3027 5003 3266 5049 certare.

2045 5091 2183 5158 Quis
2213 5091 2408 5146 modus
2437 5098 2523 5146 est
2549 5089 2862 5146 dilectionis
2903 5104 3030 5160 erga
3063 5089 3231 5144 Deum
3256 5089 3280 5144 ?
3308 5088 3412 5147 Hic
3440 5098 3549 5161 est,

1979 5191 2039 5237 ut
2085 5182 2268 5237 anima
2316 5193 2534 5250 semper
2569 5179 2778 5234 nitatur
2803 5179 2970 5234 etiam
3020 5194 3186 5249 supra
3237 5180 3385 5237 vires
3420 5194 3554 5237 suas

1978 5275 2044 5331 ad
2075 5275 2411 5330 voluntatem
2441 5271 2563 5338 Dei,
2594 5281 2650 5328 et
2673 5273 2833 5344 juxta
2862 5286 3093 5343 scopum
3130 5286 3195 5328 ac
3216 5271 3553 5330 desiderium

1977 5369 2167 5439 gloriae
2199 5367 2375 5436 ipsius
2406 5373 2556 5434 agat.
2916 5441 2924 5449 .

2053 5459 2321 5530 Theologi.
2351 5456 2499 5512 Nihil
2523 5467 2632 5511 tam
2666 5455 2880 5511 firmum
2912 5455 2980 5511 ad
3003 5454 3352 5520 charitatem,
3387 5469 3552 5525 quam

1977 5559 2171 5606 mutua
2211 5549 2450 5606 affectio.

2050 5642 2302 5698 Humana
2331 5650 2416 5699 est
2440 5641 2706 5708 eharitas,
2742 5637 2826 5696 vel
2859 5638 3047 5710 potius
3077 5637 3195 5710 ipsa
3238 5632 3555 5692 humanitas

1981 5734 2095 5790 sive
2125 5734 2454 5804 benignitas.

2053 5824 2173 5882 Non
2211 5825 2345 5883 satis
2375 5835 2456 5884 est
2488 5825 2656 5882 animi
2709 5821 2954 5889 aﬂectio,
2990 5817 3099 5876 nisi
3131 5825 3185 5875 et
3215 5831 3276 5875 re
3307 5817 3423 5882 ipsa
3460 5815 3555 5876 do-
