3980 6248
421 310 528 393 ειν
1255 339 1285 347 -

1693 306 1948 370 ANTON
1960 312 2016 370 ll
2059 311 2412 373 MELISSE

3585 309 3692 378 860

420 430 661 485 εισι-οισι·
693 441 710 480 :
748 436 888 498 opus
937 424 1084 482 enim
1137 421 1446 480 aﬂectionis
1496 430 1883 495 argumentum
1947 433 2001 479 et

2145 425 2333 493 μάτων
2380 424 2737 497 χωρήσαιμεν
2794 419 3000 497 ’ἔργον
3049 424 3160 497 γὰρ
3183 420 3462 491 ἀπόδειξις
3509 422 3692 480 διαθέ-

423 522 674 594 probatio
709 529 815 577 est.

442 608 608 671 ‘Deo
672 611 908 686 proximi
973 624 1275 682 rerumque
1328 609 1640 667 divinarum
1709 613 2004 683 participes

426 696 551 763 esse
579 715 897 767 censentur,
927 703 1023 771 qui
1058 704 1208 773 pacis
1242 702 1534 759 commoda
1570 703 2000 775 amplectuntur,

426 810 480 855 et
514 816 545 853 e
574 798 852 855 contrario
887 797 1221 853 seditionem
1288 796 1522 859 oderunt
1561 806 1617 851 et
1648 797 1878 854 moleste
1922 795 2005 852 le-

416 874 578 945 runt.

499 981 851 1038 Laudabilius
900 989 987 1038 est
1023 979 1251 1047 bellum,
1286 993 1455 1053 quam
1507 995 1613 1053 pax
1651 995 1716 1036 ea
1749 984 1871 1053 qua:
1904 992 2006 1035 nos

427 1094 455 1130 a
491 1078 601 1132 Deo
628 1074 896 1147 disiungit
926 1085 984 1130 et
1015 1081 1257 1146 separat.

501 1168 729 1224 Praestat
767 1169 992 1223 honeste
1043 1166 1217 1235 vinci,
1262 1181 1429 1237 quam
1468 1165 1780 1238 periculose
1814 1166 2006 1222 contra

425 1264 509 1319 fas
552 1267 793 1319 vincere.

498 1358 671 1413 Nemo
729 1351 1008 1413 existimet
1057 1372 1144 1413 me
1208 1356 1266 1412 in
1323 1371 1387 1412 ea
1439 1370 1564 1415 esse
1617 1356 1911 1423 sententia,
1951 1363 2008 1411 ut

429 1450 610 1504 dii-am
671 1465 888 1504 onmem
940 1464 1126 1519 pacem
1175 1458 1299 1505 esse
1357 1449 1839 1518 amplectendam:
1882 1448 2008 1503 novi

427 1543 577 1596 enim
632 1553 690 1595 ut
726 1540 1048 1595 seditionem
1101 1541 1394 1611 quamdam
1450 1540 1741 1610 optimam,
1776 1541 1860 1596 sic
1907 1556 2012 1595 no-

428 1635 806 1690 centissimam
845 1633 1199 1688 concordiam
1232 1651 1249 1689 :
1286 1632 1384 1689 sed
1436 1648 1561 1688 eam
1604 1638 1725 1704 quae
1777 1632 2010 1688 honesta

429 1729 521 1791 sit,
553 1735 606 1780 et
636 1727 707 1781 ob
735 1741 851 1781 rem
891 1729 1176 1781 honestam
1232 1726 1596 1797 suscipiatur,
1636 1730 1871 1798 quasque
1902 1724 2013 1781 Deo

429 1835 534 1875 nos
560 1819 802 1888 copulet,
837 1818 1174 1888 probandam
1206 1832 1328 1872 esse
1355 1832 1581 1874 censeo.

502 1912 804 1966 Plurimum
841 1910 981 1965 valet
1006 1910 1072 1964 ad
1107 1909 1481 1975 concordiam,
1506 1909 1700 1966 alienis
1731 1907 1867 1966 afﬁci
1902 1914 2015 1964 ma-

430 2002 522 2071 lis,
550 2012 601 2057 et
631 2003 697 2057 ad
728 2003 1025 2058 concilium
1070 2001 1422 2072 capiendum,
1467 2002 1784 2059 concordia.

505 2094 724 2166 Optima
755 2104 810 2150 et
858 2093 1317 2164 praestantissima
1372 2109 1460 2149 res
1495 2104 1578 2150 est
1608 2094 1907 2151 concordia
1962 2102 2017 2149 et

431 2186 730 2244 consensio
767 2195 979 2240 mutua.

425 2268 431 2273 ’
507 2279 581 2334 Ut
623 2277 769 2332 enim
809 2291 936 2331 cum
993 2276 1333 2339 irascimur,
1392 2285 1444 2330 et
1480 2274 1903 2341 contendimus,
1961 2283 2019 2331 et

435 2370 788 2440 conﬂigimus
826 2368 1058 2424 invicem
1084 2409 1099 2433 ,
1130 2368 1382 2423 diabolus
1426 2367 1627 2439 gaudet
1687 2375 1741 2422 et
1772 2375 1966 2437 regnat
1999 2383 2014 2420 :

436 2461 519 2517 sic
552 2459 713 2513 nobis
760 2457 814 2512 in
858 2470 989 2529 pace
1028 2457 1344 2512 viventibus
1390 2467 1447 2514 et
1486 2457 1625 2512 iram
1674 2459 2016 2528 regentibus,

438 2564 680 2607 maerore
729 2548 1079 2605 contrahitur
1108 2557 1166 2603 et
1198 2547 1449 2617 abiectus
1498 2548 1781 2616 redditur;
1816 2547 2022 2619 quippe

437 2645 531 2716 qui
568 2645 641 2701 sit
669 2642 822 2715 pacis
854 2641 1051 2709 hoStis,
1080 2651 1151 2698 et
1185 2639 1495 2698 concordia:
1530 2640 1813 2709 immicus,
1841 2649 1899 2696 et
1930 2640 2019 2695 in-

436 2736 697 2792 videntia:
729 2744 905 2806 pater.

508 2828 713 2886 Coloss.
764 2845 846 2883 ιιι.
894 2827 1151 2885 Charitas
1196 2837 1284 2884 est
1315 2826 1600 2883 vinculum
1640 2825 2020 2899 perfectionis.

432 2911 439 2917 ’
507 2921 762 2978 Charitas
794 2921 1036 2992 colligat,
1073 2928 1127 2975 et
1155 2935 1322 2984 unum
1387 2935 1455 2976 ex
1490 2920 1686 2987 tribus,
1714 2928 1811 2975 aut
1838 2927 2024 2977 manet

440 3015 494 3070 in
528 3028 630 3069 suo
659 3021 835 3079 statu,
861 3020 959 3069 aut
1004 3013 1130 3068 inde
1167 3025 1312 3068 moui
1342 3011 1574 3077 sistitur,
1615 3019 1709 3066 aut
1739 3012 1785 3066 si
1826 3010 2025 3066 abierit

2109 534 2272 572 σεως.

2175 535 2219 572 ω
2257 557 2272 572 .

2175 535 2313 666 Θξοῦ
2335 612 2571 669 καὶτῶν
2593 610 2751 666 θείων
2783 612 2972 682 ἐγγὺς,
3012 612 3129 667 ὅσοι
3191 612 3255 667 τδ
3311 614 3415 683 τῆς
3465 610 3694 686 εἰρήνης

2106 704 2271 760 καλὶν
2310 704 2685 775 ἀσπαζόμενοι
2717 704 3019 775 φαίνονται,
3066 704 3164 758 καὶ
3203 705 3283 776 τῷ
3334 706 3567 778 ἐναντίῳ
3626 709 3695 778 τῇ

2104 796 2303 859 στάσει
2332 796 2741 869 ἀπεχθάνονται
2775 798 2881 859 ,καὶ
2902 797 3379 869 δυσχεραίνουσιν.

2178 977 2452 1048 Κρεῐσσον
2498 976 2790 1041 ἐπαινετὸς
2822 976 3067 1049 πόλεμος
3094 978 3320 1050 εἰρήνης
3349 978 3699 1052 χωριζούσης

2107 1068 2267 1125 Θεοῦ.

2138 1164 2453 1233 ,Κρείσσον
2512 1161 2781 1235 ἡττᾶσθαι
2825 1160 3034 1231 καλῶς,
3088 1162 3124 1230 ἢ
3181 1165 3341 1236 νικᾷν
3378 1165 3702 1237 ἐπισφαλῶς

2109 1257 2202 1312 καί
2229 1257 2506 1327 ἀθέσμως.

2181 1350 2392 1421 Μηδεὶς
2425 1349 2622 1403 οἰέσθω
2652 1366 2720 1420 με
2747 1348 2956 1419 λέγειν,
2979 1350 3063 1405 ὅτι
3102 1353 3288 1407 πᾶσαν
3309 1352 3541 1424 εἰρήνην
3560 1352 3705 1421 ἀγα-

2111 1446 2349 1514 πητέον*
2397 1441 2516 1497 οἴδα
2555 1444 2665 1514 γὰρ
2721 1442 2915 1515 ὥσπερ
2955 1445 3145 1500 στάσιν
3202 1447 3329 1499 τινὰ
3382 1445 3702 1517 βελτίστην,

2110 1536 2255 1590 οὕτω
2287 1536 2382 1589 καὶ
2406 1535 2571 1606 βλαὸε
2583 1537 2833 1607 ρωτάτην
2861 1537 3113 1608 ὁμόνοιαν
3145 1552 3162 1569 ·
3192 1538 3329 1593 ἀλλά
3357 1539 3462 1611 τήν
3499 1556 3560 1593 τε
3595 1556 3706 1595 κα-

2111 1632 2211 1703 λὴν
2236 1632 2328 1687 καὶ
2361 1632 2452 1686 ἐπὶ
2474 1629 2649 1702 καλῷσ
2679 1632 2772 1685 καὶ
2797 1630 2917 1701 Θεῷ
2935 1622 3337 1688 συνάπτουσαν.

2186 1897 2460 1965 Μέγιστον
2508 1895 2588 1960 εἰς
2624 1893 2880 1966 ὁμόνοιαν
2935 1892 2997 1948 τὸ
3051 1893 3445 1965 συμπάσχειν,
3498 1897 3580 1961 εἰς
3642 1897 3710 1952 δὲ
3828 1972 3841 1983 _

2117 2007 2182 2044 συ
2191 1987 2429 2061 μϐουλὴν
2457 1989 2493 2059 ἡ
2531 1988 2780 2059 ὁμόνοια.

2192 2084 2452 2156 Ἀριστον
2511 2084 2544 2156 ἡ
2594 2084 2821 2154 ὁμόνοια
2890 2084 2987 2140 καὶ
3037 2083 3098 2139 τὸ
3141 2087 3479 2157 συμφρονεῖν
3529 2086 3713 2159 ἀλλήο

2117 2176 2256 2238 λοις.
2446 2232 2451 2237 ,

2191 2271 2403 2340 Ὠσπερ
2432 2267 2565 2340 γὰρ,
2589 2268 2959 2343 ὀργιζομένων
2979 2268 3140 2342 ἡμῶν
3164 2270 3260 2324 καὶ
3294 2268 3712 2337 πυκτευόντων,

2118 2369 2214 2419 καὶ
2250 2364 2386 2434 πρὸς
2421 2362 2688 2435 ἀλλήλους
2739 2363 3215 2436 συγκρουομένων,
3255 2365 3439 2435 χαίρει
3494 2379 3557 2415 τε
3610 2364 3717 2417 καὶ

2117 2457 2347 2527 τέθηλεν
2366 2455 2653 2522 ὁδιάσολος
2691 2464 2709 2490 δ
2758 2456 2933 2520 οὕτως
2981 2452 3372 2527 εἰρηνευόντων
3411 2454 3509 2510 καὶ
3564 2472 3717 2525 κραο

2120 2547 2362 2602 τούντων
2392 2548 2590 2620 ὀργῆς,
2651 2548 3003 2603 συστέλλεται
3054 2548 3220 2603 πάλιν
3269 2549 3365 2604 καὶ
3411 2546 3717 2601 ταπεινοῦέ

2118 2656 2233 2707 ται,
2264 2639 2360 2694 ἅτε
2390 2640 2581 2712 ὲχθρδς
2606 2643 2836 2714 εἰρήνης
2874 2641 2971 2711 ὢν,
3005 2641 3100 2697 καί
3131 2641 3391 2713 πολέμιος
3421 2639 3716 2708 ὁμονοίας,

2121 2732 2218 2786 καὶ
2251 2731 2558 2801 βασκανίας
2579 2733 2790 2804 πατήρ.

2205 2824 2430 2893 ’Δγάπη’
2449 2824 2568 2878 εστὶ
2603 2825 2900 2894 σύνδεσμος
2934 2823 3292 2890 τελειώσεως.
3614 2881 3619 2883 Α

2204 2917 2269 2972 Ἦ
2291 2916 2483 2989 ἀγάπη
2515 2916 2701 2970 συνδεῖ
2730 2932 2745 2947 ⁸
2780 2917 2878 2971 καὶ
2913 2917 3085 2990 τριῶν
3108 2918 3168 2971 τδ
3193 2917 3276 2983 ἓν,
3322 2918 3358 2990 ἢ
3410 2912 3550 2974 οὖσα
3610 2920 3717 2988 “ea

2120 3010 2290 3084 νει,η
2326 3009 2618 3081 κινηθεῖσα
2648 3008 2999 3076 καθίσταται,
3036 3009 3071 3082 ἢ
3119 3008 3435 3065 ἀπελθοῦσα
3484 3010 3718 3066 ἐπάνει-

435 3096 738 3164 ’ῐθνθτιίῑιιιο
774 3123 794 3162 :
835 3105 1306 3177 quemadmodum
1356 3106 1596 3175 stirpes,
1653 3103 1701 3160 si
1765 3102 2018 3159 manilius

2145 3122 2183 3159 ri.
2206 3121 2223 3138 ο
2249 3104 2511 3175 καθάπερ
2539 3103 2650 3158 τῶν
2686 3103 2876 3174 φυτῶν
2903 3102 2941 3159 ἀ
2981 3100 3076 3176 βίᾳ
3119 3105 3278 3176 χερσὶ
3330 3102 3717 3176 μετασπώμεο

440 3190 711 3259 violenter
747 3194 1023 3264 retrahas,
1056 3202 1112 3252 'et
1152 3195 1356 3251 iterum
1388 3194 1661 3260 dimittas,
1710 3192 1778 3248 ad
1808 3193 2018 3265 seipsas

2145 3215 2212 3266 ια,
2243 3194 2366 3255 εἶτα
2390 3198 2684 3270 ἀφιέμενα,
2716 3198 2854 3268 πρὸς
2882 3198 3053 3252 ἑαυτά
3075 3199 3242 3252 πάλιν
3259 3198 3583 3270 ἀνατρέχει.

440 3297 760 3345 recurrunt.

510 3375 618 3448 50
668 3373 725 3430 S.
764 3373 1076 3448 Chrysost.;
1103 3373 1178 3429 al.
1214 3356 1482 3445 Theologi.
1521 3371 1714 3443 Opifex
1762 3378 2011 3433 omnium

437 3468 707 3526 virtutum
734 3480 818 3526 est
852 3469 1113 3547 Charitas.

511 3559 667 3617 Rom.
699 3577 820 3617 xm.
871 3560 1170 3616 Charitatis
1230 3568 1426 3615 natura
1470 3559 1784 3617 satietatem
1825 3560 2024 3626 nescit,

445 3653 538 3710 sed
578 3654 710 3708 dum
775 3667 995 3725 semper
1049 3652 1254 3708 fruitur
1282 3653 1517 3720 dilectis,
1538 3652 1715 3721 magis
1742 3652 2024 3723 magisque

442 3743 836 3810 inﬂammatur.
869 3759 922 3802 et
951 3746 1054 3801 hoc
1083 3747 1374 3802 insinuans
1434 3746 1694 3802 alumnus
1741 3745 2026 3802 charitatis

372 3862 377 3867 -
440 3836 648 3894 Paulus
701 3839 962 3894 dicebat:
999 3821 1557 3909 Nemini'quidquam
1621 3837 1831 3894 debetis
1886 3850 2026 3909 prae-

442 3938 528 3985 ter
558 3935 808 3987 mutuum
859 3944 1126 3987 amorem.
1171 3929 1287 3985 Hoc
1328 3931 1474 3986 enim
1502 3930 1749 3985 debitum
1807 3942 2025 3999 semper

441 4023 661 4093 quidem
689 4023 1038 4093 expenditur,
1069 4037 1357 4092 nunquam
1396 4038 1527 4077 vero
1560 4022 1919 4092 persolvitur.
1961 4019 2022 4076 In

441 4112 545 4166 hoc
582 4127 779 4184 genere
808 4111 1031 4178 debere,
1070 4111 1276 4166 bonum
1313 4118 1397 4168 est
1440 4120 1495 4168 et
1548 4111 1848 4168 laudabile.
1886 4108 2021 4165 Nam

441 4206 590 4259 circa
650 4203 914 4274 pecunias
969 4218 1066 4258 eos
1106 4203 1423 4269 laudamus,
1469 4203 1560 4273 qui
1607 4202 1746 4256 nihil
1783 4202 2022 4272 debent;

441 4295 589 4351 circa
625 4295 976 4365 dilectionem
1024 4310 1155 4350 vero
1225 4308 1323 4349 eos
1350 4294 1444 4363 qui
1480 4309 1758 4364 nunquam
1792 4309 1900 4348 non
1927 4296 2027 4351 de-

442 4384 576 4443 bent
604 4387 795 4442 beatos
820 4385 1159 4456 iudicamus.
1190 4386 1260 4442 Et
1292 4385 1443 4457 quod
1472 4384 1587 4441 illic
1613 4386 2020 4458 ingratitudini,

444 4477 537 4534 liic
567 4476 892 4550 gratitudini
929 4477 1214 4532 tribuitur.

511 4568 691 4626 Pharii
720 4570 1062 4641 patriai-clue.
1083 4569 1317 4640 Diligere
1348 4570 1473 4628 illos
1510 4569 1607 4641 qui
1639 4580 1739 4626 nos
1767 4569 2020 4638 oderunt,

442 4664 665 4720 virtutis
710 4678 854 4734 opus
889 4671 974 4719 est
1015 4670 1072 4718 et
1104 4662 1395 4730 divinum;
1442 4662 1735 4734 diligentes
1769 4663 2021 4734 diligere,

442 4758 747 4811 humanum
795 4766 850 4812 et
888 4756 1154 4826 vulgare;
1188 4765 1447 4812 caeterum
1482 4754 1666 4812 odisse
1692 4756 1857 4810 etiam
1896 4755 2024 4810 dili-

444 4856 659 4919 gentes,
694 4863 760 4902 ne
794 4847 997 4903 belluis
1030 4848 1251 4918 quidem
1283 4847 1564 4903 convenit.

517 4940 705 4994 Firmi.
743 4938 801 4993 In
835 4940 1051 4994 caeteris
1081 4939 1246 4994 rebus
1285 4939 1542 4993 laudatur
1577 4937 1774 4994 modus
1805 4953 1823 4994 :
1858 4937 1914 4993 in
1943 4937 2028 4994 di:-

402 5036 411 5045 '
450 5030 686 5086 lectione
721 5045 874 5095 vero,
919 5029 1017 5100 qui
1049 5030 1313 5100 majorem
1347 5038 1564 5100 partem
1600 5031 1784 5097 habet,
1817 5031 2026 5101 gratior

448 5134 537 5180 est
568 5122 705 5181 Deo.

521 5209 580 5266 S.
615 5208 771 5282 Greg.
812 5209 977 5283 Nysa.
1000 5211 1175 5281 Caput
1220 5212 1358 5267 bene
1393 5213 1746 5269 sentientium
1775 5228 1881 5286 pax
1915 5222 2026 5271 εει.

448 5302 601 5377 (γει,
628 5313 790 5373 caput
815 5313 869 5358 et
894 5318 1110 5359 summa
1142 5305 1447 5374 prudentiae
1477 5320 1582 5375 pax
1612 5305 1744 5376 est.)

514 5394 583 5452 Ut
613 5396 931 5452 valetudine
981 5407 1304 5467 recuperata
1349 5399 1578 5454 morbus
1630 5397 1934 5465 evanescit,
1974 5405 2030 5453 et

450 5491 660 5548 lumine
697 5490 849 5545 illato
902 5490 1141 5545 tenebrae
1185 5492 1488 5559 recedunt;
1534 5491 1621 5547 sic
1667 5480 1805 5561 pace
1838 5490 2029 5545 oborta

448 5584 832 5641 dissolvuntur
883 5597 1078 5639 omnes
1105 5582 1549 5654 perturbationes
1580 5597 1702 5655 quae
1736 5585 1810 5638 ab
1839 5582 2032 5638 adver-

449 5680 599 5733 sario
628 5680 913 5748 producue
943 5686 1118 5734 erant.
1811 5674 1816 5679 ’

524 5768 638 5825 Pax
674 5777 760 5829 est
789 5770 1176 5832 dissidentium
1209 5771 1509 5829 concordia
1544 5779 1599 5829 et
1625 5770 1939 5829 consensio.

2194 3381 2542 3454 Δημιουργδς
2565 3382 2768 3455 ἀρετῆς
2801 3382 3019 3452 ἀπάσης
3048 3382 3083 3455 ﬁ
3111 3380 3323 3453 ἀγάπη.

2209 3544 2278 3618 Ἦ
2314 3563 2414 3634 τῆς
2442 3562 2667 3633 ἀγάπης
2692 3561 2859 3632 φύσις
2895 3561 3058 3632 κόρον
3104 3563 3207 3618 οὐκ
3245 3557 3411 3628 οἶδεν,
3466 3565 3585 3621 ἀλλ’
3619 3553 3717 3622 ἀεὶ

2123 3658 2235 3712 τῶν
2256 3655 2646 3726 ἀγαπωμένων
2667 3654 3021 3709 ἀπολαύουσα
3050 3654 3187 3725 πρὸς
3218 3655 3446 3726 μείζονα
3490 3659 3717 3729 αἰρεται

2126 3750 2322 3820 φλόγα,
2347 3749 2445 3803 καὶ
2479 3747 2639 3802 τοῦτο
2665 3750 2694 3802 ό
2722 3747 2930 3819 ταύτης
2950 3748 3223 3819 τρόφιμος
3262 3748 3479 3814 Παῦλος
3530 3751 3719 3821 δηλῶν

2125 3843 2314 3912 ἔλεγεν
2337 3856 2354 3874 °
2386 3839 2589 3912 Μηδενὶ
2630 3838 2798 3910 μηδὲν
2852 3839 3123 3910 ὀφείλετε,
3157 3841 3208 3894 εἰ
3267 3839 3344 3911 μὴ
3390 3840 3457 3894 τὸ
3484 3843 3719 3914 ἀγαπᾷν

2125 3931 2414 4003 ἀλλήλους.
2449 3931 2619 3985 Τοῦτο
2653 3931 2762 4002 γὰρ
2829 3928 3054 3999 ὄφλημα
3117 3930 3210 3986 ἀεὶ
3259 3930 3360 4001 μὲν
3423 3933 3716 3988 καταϐῶ.-

2126 4022 2305 4088 λεται,
2335 4021 2591 4075 οὐδέποτε
2617 4020 2677 4075 δὲ
2711 4020 3047 4075 ἀποδίδοται.
3102 4021 3375 4077 Ἐνταῦθα
3412 4023 3489 4078 κτδ
3531 4024 3720 4096 διηνε-

2110 4116 2241 4180 .κῶς
2259 4114 2445 4185 ὀφλεῖν
2476 4112 2642 4168 καλὸν
2672 4115 2765 4168 καὶ
2797 4112 3038 4169 ἐπαίνων
3067 4113 3241 4181 ἀξιον.
3286 4115 3411 4171 Ἐπὶ
3444 4116 3548 4187 μὲν
3592 4118 3715 4192 γὰρ

2124 4207 2234 4259 τῶν
2265 4205 2569 4277 χρημάτων
2600 4203 2727 4267 τοὺς
2752 4204 2921 4275 μηδὲν
2945 4205 3268 4273 ὀφείλοντας
3323 4206 3670 4278 ἐπαινοῦμεν
3694 4223 3713 4239 ’

2124 4297 2219 4351 ἐπὶ
2246 4298 2304 4352 δὲ
2332 4298 2429 4368 τῆς
2458 4297 2679 4368 ἀγάπης
2717 4296 2847 4361 τοὺς
2865 4297 3133 4369 διηνεκῶς
3163 4298 3485 4369 ὀφείλοντας
3525 4317 3715 4371 μακα-

2126 4391 2377 4464 ρῐζομεν.
2437 4390 2547 4445 Καὶ
2607 4390 2745 4460 ὅπερ
2807 4390 3206 4463 ἀγνωμοσύνης
3251 4393 3393 4460 ἐκεῖ,
3423 4392 3592 4447 τοῦτο
3628 4396 3717 4448 ενδ

2056 4487 2102 4546 D
2125 4484 2297 4540 ταῦθα
2320 4482 2763 4555 εὐγνωμοσύνης.

2198 4578 2272 4632 Τὸ
2304 4577 2406 4648 μὲν
2425 4578 2645 4649 ἀγαπᾷν
2674 4578 2803 4644 τοὺς
2836 4577 3150 4650 μισοῦντας,
3172 4579 3375 4651 ἀρετῆς
3396 4581 3496 4634 καὶ
3517 4580 3667 4635 θεῖον
3692 4588 3711 4615 δ

2125 4669 2188 4725 τὸ
2214 4670 2270 4723 δὲ
2296 4677 2421 4734 τοὺς
2448 4669 2781 4738 ἀγαπῶντας
2829 4669 3175 4757 ἀνθρώπινον
3222 4672 3335 4725 καί
3376 4672 3559 4727 κοινόν
3594 4689 3611 4704 ·
3647 4672 3715 4726 es

2125 4759 2184 4821 δὲ
2221 4760 2404 4832 μισεῖν
2433 4760 2684 4825 καὶτοὺς
2724 4761 3066 4832 ἀγαπῶντας
3093 4762 3216 4819 οὐδὲ
3257 4762 3473 4835 θηρίων
3526 4761 3712 4821 οἶμαι.

2211 4933 2303 4989 Ἐν
2342 4934 2445 5006 μὲν
2473 4935 2587 5000 τοῖς
2611 4933 2798 5000 ἄλλοις
2819 4935 2881 4990 τὸ
2911 4937 3112 5009 μέτρον
3141 4938 3367 5010 ἄριστον
3396 4952 3416 4972 ο
3457 4940 3521 4996 ιν
3543 4940 3607 4997 δὲ
3642 4942 3721 5013 τῇ

2128 5025 2321 5100 ἀγάπη
2349 5030 2378 5083 ό
2412 5025 2476 5082 τὸ
2508 5026 2691 5084 πλεῖον
2712 5027 2854 5100 ἔχων
2872 5029 3306 5103 θεοφιλέστερος.

2200 5205 2276 5262 Τὸ
2304 5209 2601 5280 κεφάλαιον
2623 5209 2734 5267 τῶν
2757 5212 3168 5284 εύφρονούντων
3198 5214 3234 5284 ἠ
3271 5213 3469 5287 εἰρήνη
3529 5216 3713 5274 ιστίνδ

2203 5391 2417 5464 Ὥσπερ
2450 5392 2637 5463 ὑγείας
2661 5392 3034 5466 ἐπιλαϐούσης
3078 5394 3114 5467 ἢ
3160 5395 3317 5460 νόσος
3386 5395 3716 5469 ἑξαφανίζεε·

2129 5501 2243 5554 ται,
2276 5486 2372 5540 καὶ
2429 5487 2610 5556 φωτὸς
2642 5490 2905 5558 φανέντος
2952 5476 3052 5560 οὐχ
3083 5489 3440 5547 ὑπολείπεται
3472 5491 3667 5557 σκότος
3690 5494 3711 5524 '-

2129 5577 2303 5642 οὕτως
2334 5577 2429 5632 καὶ
2457 5578 2556 5648 τῆς
2586 5580 2813 5651 εἰρήνης
2845 5581 3038 5635 λύεται
3066 5580 3247 5635 πάντα
3270 5581 3342 5636 τά
3356 5582 3429 5638 ὲκ
3478 5581 3580 5640 τοῦ
3625 5583 3716 5639 ενι

2132 5670 2318 5726 αντίου
2351 5672 2721 5744 συνιστάμενα
2753 5673 2926 5746 πάθη.

2112 5830 2115 5831 ν
2204 5762 2414 5835 Εἰρήνη
2438 5764 2588 5820 ἐστὶν
2617 5766 2775 5838 ἡτῶν
2799 5766 3164 5841 διεστηκότων
3191 5767 3495 5841 ὁμοφωνίιι
