3980 6248
227 286 336 352 8Γῶ

1007 284 1177 349 LOCI
1203 283 1640 347 COMMUNES.
1674 307 1744 322 -
1780 283 1976 346 PARS
1997 284 2044 348 Ῑ.
2075 283 2331 346 SERMO
2369 285 2592 348 XXVII

3354 286 3462 352 866

231 403 294 455 ἐν
326 401 410 470 τῷ
472 399 656 454 σκότει
704 401 766 454 τὸ
825 401 941 472 φῶς
972 417 1089 463 σου,
1114 398 1212 453 καὶ
1251 396 1316 450 τδ
1349 398 1539 460 σκότος
1589 414 1682 450 σου
1730 396 1805 460 ὡς

1915 399 1961 453 in
2002 399 2241 454 tenebris
2270 401 2360 456 lux
2391 411 2508 466 tua,
2547 409 2602 456 et
2640 400 2732 456 flet
2767 397 2944 472 caligo
2978 407 3070 456 tua
3118 400 3263 456 sicut
3294 407 3462 456 meri-

227 491 576 566 μεσημϐρία,
610 494 707 547 καὶ
749 491 904 548 ἔσται
932 493 961 545 ὁ
992 491 1124 553 Θεὸς
1161 488 1300 560 μετὰ
1329 487 1425 542 σοῦ
1465 488 1554 542 διὰ
1578 488 1754 541 πάντα
1775 504 1789 520 ·

226 587 325 649 καὶ
355 583 715 656 ἐμπλησθήσῃ
757 584 902 638 καθὰ
936 582 1266 652 ἐπιθυμήσει
1299 581 1333 652 ή
1373 579 1518 650 ψυχή
1554 595 1668 642 σου,
1699 578 1796 632 καὶ

223 675 297 730 τὰ
329 676 464 729 ὀστᾶ
483 691 574 730 σου
609 673 992 745 πιανθήσεται,
1016 672 1110 725 καὶ
1139 672 1237 742 ἐστι
1256 670 1330 732 ὡς
1355 671 1528 740 κῆπος
1558 669 1792 740 μεθύων,

229 768 328 820 καὶ
359 766 433 828 ὼς
467 766 618 837 πηγὴ
651 766 862 831 ὓδατος,
890 758 924 840 ᾖ
965 764 1044 835 μὴ
1069 762 1313 828 ἐξέλιπεν
1347 761 1512 829 ὕδωρ.

301 857 413 922 Τὰς
443 859 720 928 ἁμαρτίας
753 873 848 911 σου
878 860 936 910 ἐν
959 854 1352 924 ἐλεημοσύναις
1383 853 1680 925 λύτρωσαι,
1702 851 1797 906 καὶ

227 950 326 1011 τὰς
353 950 584 1019 ἀνομίας
620 967 716 1004 σου
747 951 804 1004 ἐν
834 949 1140 1018 οἱκτιρμοῖς
1176 947 1444 1016 πενήτων.

303 1040 425 1110 Πῦρ
459 1040 848 1110 φλογιζόμενον
873 1039 1204 1095 κατασϐέσει
1234 1037 1400 1107 ὕδωρ,
1431 1038 1525 1092 καὶ
1564 1036 1797 1109 ἐλεημοο

231 1131 370 1202 σύνη
405 1132 748 1196 ἐξιλάσκεται
778 1133 1078 1203 ἁμαρτίας.

303 1225 500 1278 κλῖνον
531 1225 736 1294 πτωχῷ
766 1224 986 1287 ἀλύπως
1008 1223 1070 1277 τὸ
1100 1218 1195 1288 οῦς
1225 1238 1347 1290 σου,
1373 1222 1469 1276 καὶ
1498 1220 1800 1292 ἀποκρίθη-

225 1331 280 1367 τι
305 1314 453 1383 αὐτῷ
483 1316 540 1367 ἐν
575 1314 846 1385 πραΰτητι
875 1314 1146 1385 εἰρηνικά.

300 1404 400 1465 Δὸς
423 1403 500 1473 τῷ
522 1404 757 1470 εὐσεϐεῖ,
785 1405 881 1458 κα)⁸
911 1406 986 1473 μὴ
1005 1403 1292 1458 άντιλαϐοῦ
1319 1403 1414 1456 τοῦ
1442 1400 1796 1474 ἁμαρτωλοῦ.

229 1493 306 1547 εὖ
340 1495 564 1563 ποίησον
589 1496 861 1562 ταπεινὸν,
891 1497 989 1550 καὶ
1009 1496 1088 1567 μὴ
1109 1496 1215 1566 δῷς
1241 1495 1448 1549 ἀσεϐεῖ.

300 1585 630 1654 Σύγκλεισον
681 1587 1048 1658 ἐλεημοσύνην
1108 1589 1167 1641 ἐν
1217 1589 1331 1650 τοῖς
1385 1587 1634 1658 ταμείοις
1678 1603 1797 1650 σου,

1894 487 2036 552 dies,
2068 497 2123 542 et
2172 487 2314 542 Deus
2359 499 2620 560 perpetuo
2690 499 2866 546 tecum
2908 492 3016 546 erit
3061 509 3076 548 :
3125 491 3460 548 saturaberis

1895 593 1960 634 ex
1991 579 2159 633 animi
2210 582 2505 647 sententia,
2531 590 2588 637 et
2633 596 2761 638 ossa
2807 591 2898 638 tua
2929 583 3351 653 saginabuntnr,
3393 597 3460 637 ac

1895 670 2088 726 similis
2113 671 2311 727 evades
2335 672 2494 727 horto
2526 674 2749 745 irriguo,
2781 685 2836 731 et
2878 675 3014 731 fonti
3041 676 3130 732 cui
3168 692 3274 731 non
3309 677 3464 733 deest

1897 777 2060 834 aqua.

1970 856 2110 912 Dan.
2162 874 2236 914 IV.
2283 857 2518 915 Peccata
2552 868 2647 916 tua
2699 861 2907 917 redime
2963 861 3350 932 eleemosynis,
3406 869 3460 915 et

1897 946 2212 1018 iniquitates
2239 960 2360 1006 tuas
2387 952 2870 1007 commiseratione
2923 968 3244 1021 pauperum.

1972 1041 2142 1097 Eccli.
2177 1058 2260 1098 tu.
2311 1041 2467 1114 Aqua
2506 1044 2798 1113 restinguit
2833 1043 3224 1099 inﬂammatum
3255 1045 3460 1115 ignem,

1899 1139 1955 1188 et
1991 1133 2332 1204 eleemosyna
2374 1135 2551 1202 expiat
2589 1143 2830 1202 peccata.

1969 1221 2172 1278 Facilis
2208 1232 2330 1279 esto
2373 1225 2438 1279 ad
2473 1226 2805 1282 audiendum
2868 1239 3187 1295 pauperem,
3226 1235 3282 1281 et
3335 1241 3462 1282 cum

1899 1318 2329 1371 mansuetudine
2363 1317 2577 1388 placida
2613 1318 2778 1372 verba
2811 1317 2863 1372 ei
2897 1318 3184 1386 responde.

1971 1406 2110 1462 Ibid.
2149 1423 2242 1464 xu.
2275 1407 2498 1478 Largire
2525 1409 2636 1479 pio,
2667 1419 2722 1463 et
2756 1410 3024 1479 peccatori
3055 1424 3122 1463 ne
3153 1424 3464 1464 succurras.

1901 1499 2218 1556 Benefacias
2248 1500 2469 1567 aﬂlicto,
2506 1501 2602 1557 sed
2631 1502 2769 1556 nihil
2795 1517 2986 1572 eroges
3025 1503 3079 1556 in
3111 1501 3362 1570 impium.

1970 1589 2111 1645 Ibid.
2141 1606 2297 1646 χχιι.
2337 1591 2556 1645 lnclnde
2604 1591 3002 1661 eleemosynam
3049 1589 3205 1644 cellis
3254 1588 3387 1647 tuis.
3413 1596 3464 1640 ct

226 1679 327 1731 καὶ
378 1677 519 1748 αῦτη
557 1695 614 1730 σε
665 1677 928 1744 ἐξελεῖται
987 1680 1051 1730 ἐκ
1116 1678 1296 1750 πάσης
1355 1679 1650 1741 κολάσεως,
1706 1678 1801 1730 καὶ

1915 1694 2018 1748 ipsa
2073 1689 2123 1736 te
2168 1681 2238 1735 ab
2274 1681 2425 1736 omni
2480 1679 2775 1735 afflictione
2830 1678 3129 1734 liberabit:
3164 1685 3222 1732 et
3275 1684 3464 1731 contra

228 1768 375 1836 ὑπὲρ
408 1743 534 1839 δόρυ
567 1769 742 1838 ἀλκῆς
771 1770 1058 1825 κατέναντι
1092 1743 1289 1840 ἐχθροῦ
1322 1769 1618 1840 πολεμήσει
1655 1769 1795 1839 ὑπὲρ

1915 1743 2114 1828 eostem
2148 1772 2321 1828 tutius
2349 1782 2401 1829 te
2431 1772 2685 1828 defendet
2708 1785 2871 1842 quam
2903 1771 3082 1827 valida
3105 1770 3284 1826 hasta.

229 1875 351 1914 σου.

316 1953 376 2007 '0
409 1953 579 2008 ποιῶν
603 1955 749 2007 ἔλεον
771 1955 830 2008 ἐν
849 1951 1026 2024 καιρῷ
1050 1951 1299 2024 θλίψεως,
1321 1953 1398 2017 ὡς
1422 1953 1620 2023 νεφέλη
1643 1953 1799 2008 ὑετοῦ

228 2043 291 2096 ἐν
323 2045 498 2116 καιρῷ
526 2045 808 2117 ἀϐροχίας.

304 2137 572 2207 Κρεῖσσον
599 2140 770 2191 ποιεῖν
804 2137 1193 2208 ἐλεημοσύνην,
1219 2137 1252 2208 ἢ
1284 2137 1638 2209 θησαυρίζειν
1670 2154 1800 2208 χρυ-

227 2227 371 2283 σίον.
420 2230 792 2300 Ἐλεημοσύνη
832 2231 941 2301 γὰρ
972 2230 1040 2284 ἐκ
1073 2228 1308 2284 θανάτου
1339 2229 1553 2300 ῥύεται,
1581 2230 1671 2283 καὶ
1701 2245 1805 2282 κα-

227 2321 447 2392 θαρίζει
475 2323 582 2376 ἀπὸ
612 2323 910 2394 ἁμαρτίας.
1267 2362 1273 2370 -

300 2414 368 2466 Oi
401 2413 678 2478 ποιοῦντες
709 2413 1076 2485 ἐλεημοσύνην
1113 2411 1597 2484 ἐμπλησθήσονται
1624 2411 1794 2483 ζωῆς.

304 2505 402 2577 Μή
448 2507 794 2580 άποστρέψῃς
832 2509 896 2559 τὸ
947 2504 1236 2576 πρόσωπόν
1281 2519 1375 2556 σου
1431 2503 1541 2557 ἀπὸ
1596 2504 1798 2568 παντὸς

231 2597 482 2668 πτωχοῦ,
515 2600 610 2653 καὶ
629 2599 729 2654 οὐκ
758 2595 1089 2668 ἀποστρέψει
1106 2593 1166 2649 τὸ
1182 2593 1472 2666 πρόσωπον
1499 2594 1666 2649 αὐτοῦ
1689 2595 1799 2648 ἀπὸ

229 2688 334 2744 σοῦ
366 2693 395 2743 ό
421 2690 574 2754 Θεός.

304 2782 570 2853 Κρεῖττον
615 2784 827 2855 μυρίων
874 2787 1082 2841 παίδων
1122 2789 1336 2860 πατέρα
1387 2779 1801 2858 προσαγορεύε-

231 2872 387 2942 σθαι,
411 2875 443 2946 ἢ
476 2877 700 2946 μυρίους
728 2879 996 2948 στατῆρας
1019 2881 1164 2950 ἔχειν
1189 2883 1248 2934 ἐν
1277 2869 1562 2950 βαλαντίῲ.
1589 2875 1670 2930 Τὰ
1699 2875 1799 2946 μὶν

227 2967 348 3039 γάρ
387 2968 649 3040 χρήματα
674 2969 1038 3042 .καταλείψεις
1085 2971 1324 3026 ἐνταῦθα
1366 2970 1457 3027 καὶ
1502 2970 1578 3042 μή
1612 2967 1798 3042 βουλό-

232 3077 398 3130 μενος
422 3074 437 3089 ·
473 3061 572 3130 τήν
613 3061 674 3116 δὲ
719 3063 812 3118 ἐπὶ
841 3065 953 3128 τοῖς
994 3064 1217 3132 ἀγαθοῖς
1263 3063 1442 3133 ἔργοις
1487 3059 1798 3132 φιλοτιμίαν
1825 3091 1872 3151 c

228 3151 594 3222 ἁποκομίσεις
621 3154 754 3225 πρὸς
782 3156 872 3209 τὸν
888 3156 1359 3225 Δεσπότην.⁹οταν
1375 3154 1544 3224 δῆμος
1561 3154 1683 3216 ὅλος
1707 3151 1800 3204 ἐπὶ

228 3243 332 3297 τοῦ
365 3243 546 3298 κοινοῦ
569 3244 758 3314 κριτοῦ
777 3247 1130 3318 περιστάντες
1158 3263 1217 3300 σε
1239 3247 1442 3317 τροφέα
1465 3245 1556 3299 καὶ
1578 3243 1800 3315 εὐεργέ-

231 3351 363 3404 την,
394 3336 491 3387 καὶ
535 3335 711 3389 πάντα
750 3338 820 3391 τὰ
850 3337 949 3408 τῆς
993 3336 1405 3410 φιλανθρωπίας
1449 3332 1800 3389 άποκαλῶσιν

231 3426 504 3494 ὀνόματα,
534 3427 664 3490 Θεὸς
693 3427 844 3481 ἔσται
875 3429 902 3481 ό
933 3427 1350 3498 ἀποδεχόμενος,
1377 3428 1599 3496 ἄγγελοι
1634 3426 1800 3495 εὐφηα

239 3516 496 3586 μοῦντες,
545 3521 595 3573 οί
637 3520 746 3574 ἀπὸ
785 3521 1013 3584 κτίσεως
1037 3515 1329 3590 ’ἄνθρωποι
1367 3519 1797 3592 μακαρίζοντες

233 3603 370 3668 δόξα
411 3605 652 3674 αἰώνιος,
689 3613 942 3678 στέφανοι
985 3609 1353 3682 δικαιοσύνης,
1411 3608 1657 3681 βασιλεία
1693 3607 1802 3662 τῶν

231 3696 508 3767 οὐρανῶν,
538 3695 679 3753 ἆθλά
707 3717 789 3754 σοι
817 3701 991 3757 ἔσται.

312 3787 752 3860 Σκορπιςόμενος
777 3793 806 3844 ό
833 3790 1061 3855 πλοῦτος
1094 3790 1216 3846 καθ’
1245 3791 1304 3846 δν
1326 3792 1354 3844 ὁ
1381 3789 1584 3862 Κύριος
1614 3789 1802 3844 ὑποτί-

233 3881 395 3936 θεται
445 3884 684 3952 τρόπον,
741 3884 953 3953 πέφυκε
1014 3885 1395 3956 παραμένειν·
1446 3885 1802 3956 συνεχόμενος

231 3973 317 4042 δὲ,
369 3975 802 4046 ἀλλοτριοῦσθαι.
830 3977 962 4032 Ἐάν
1014 3978 1289 4048 φυλάσσῃ,
1339 3977 1441 4030 οὐκ
1484 3977 1662 4047 ἔχειςο
1706 3975 1802 4030 ἐὰν

227 4069 292 4123 δὲ
338 4069 666 4141 σκορπίσῃς,
722 4070 823 4124 οὐκ
860 4070 1168 4134 ἁπολέσεις.
1206 4069 1587 4141 Ἐσκόρπισεν,
1632 4069 1801 4123 ἔδωκε

226 4161 350 4224 τοῖς
377 4160 624 4231 πένησιν.

307 4252 496 4307 Καλὸν
553 4251 804 4322 ἐντάφιον
843 4253 878 4324 ή
927 4252 1204 4308 εὐσέϐεια.
1253 4251 1467 4315 Πάντας
1509 4249 1801 4322 περιϐαλό-

232 4361 404 4415 μενος
435 4343 637 4398 άπελθε
658 4360 674 4376 ο
707 4347 905 4398 οἰκεῖον
928 4346 1130 4413 κόσμον
1149 4343 1241 4397 τδν
1267 4343 1494 4398 πλοῦτόν
1524 4359 1618 4396 σου
1644 4343 1802 4415 ποίη-

1970 1951 2112 2008 Ibid.
2144 1968 2308 2011 xxxv.
2365 1952 2672 2009 Misericors
2705 1951 3010 2008 alﬂictionis
3040 1958 3281 2020 tempore
3310 1950 3462 2005 simi-

1899 2041 1970 2098 lis
2007 2051 2093 2097 est
2125 2043 2384 2112 pluviosas
2413 2043 2543 2098 nubi
2574 2043 2629 2098 in
2668 2057 2862 2111 magna
2911 2042 3176 2096 siccitate.

1970 2133 2143 2190 Tobiae
2171 2151 2268 2189 xu.
2304 2134 2491 2190 Satius
2542 2145 2630 2191 est
2694 2133 3129 2189 misericordiam
3183 2147 3460 2195 exercere,

1898 2241 2060 2296 quam
2092 2241 2285 2281 aurum
2315 2240 2610 2296 congerere
2639 2226 2945 2296 ;siquidem
2979 2240 3007 2279 a
3043 2232 3218 2279 morte
3268 2223 3463 2279 liberat

1901 2317 2301 2384 misericordia,
2331 2327 2387 2373 et
2413 2328 2677 2388 expurgat
2704 2333 2735 2373 a
2773 2321 3000 2373 scelere.

1969 2408 2073 2475 Qui
2109 2410 2538 2465 misericordiam
2573 2418 2853 2480 praestant,
2890 2410 3238 2465 satiabuntur
3265 2408 3398 2463 vita.

1971 2499 2051 2556 Ne
2103 2510 2319 2558 avertas
2372 2500 2568 2557 faciem
2624 2511 2774 2556 tuam
2825 2501 2894 2556 ab
2932 2501 3044 2556 ullo
3097 2515 3354 2570 paupere,
3407 2506 3464 2554 et

1902 2592 2044 2656 Deus
2074 2610 2293 2667 quoque
2315 2594 2511 2652 faciem
2542 2611 2698 2652 suam
2721 2610 2754 2652 a
2785 2605 2838 2652 te
2865 2611 2972 2652 non
3001 2604 3233 2650 avertet.

1918 2833 1930 2848 κ
1975 2773 2185 2830 Basilii.
2205 2773 2394 2830 Melius
2407 2781 2492 2829 εει
2507 2773 2806 2828 innumerae
2825 2771 2995 2842 prolis
3018 2780 3224 2841 patrem
3255 2773 3459 2837 vocari,

1900 2880 2064 2938 quam
2085 2875 2309 2921 stateres
2335 2864 2649 2920 innumeros
2672 2864 2870 2919 habere
2889 2864 2941 2918 in
2965 2862 3174 2918 loculis.
3196 2862 3463 2918 Pecunias

1909 2957 2057 3014 enim
2085 2957 2173 3014 hic
2203 2958 2288 3012 vel
2313 2957 2515 3013 invitus
2543 2956 2854 3026 relinques;
2882 2955 3109 3027 gloriam
3141 2969 3270 3010 vero
3291 2956 3463 3011 bono-

1903 3065 2024 3104 rum
2076 3063 2300 3120 operum
2361 3046 2571 3103 deferes
2603 3046 2672 3102 ad
2701 3046 3019 3114 Dominum;
3055 3055 3111 3101 et
3156 3061 3279 3102 cum
3319 3058 3464 3102 totus

1905 3142 2140 3214 populus
2166 3142 2306 3208 apud
2339 3154 2682 3197 communem
2712 3139 2951 3209 judicem
2981 3148 3036 3195 te
3058 3139 3465 3196 circumdantes

1907 3233 2298 3305 appellaverint
2326 3247 2486 3287 suum
2516 3232 2769 3297 altorem,
2799 3229 3228 3298 benefactorem,
3262 3241 3317 3285 et
3344 3247 3467 3288 om-

1905 3327 2071 3382 nibus
2102 3324 2422 3396 benignitati
2449 3325 2681 3393 propriis
2705 3321 3045 3390 nominibus,
3071 3321 3214 3377 Deus
3243 3323 3351 3377 erit
3373 3322 3466 3392 qui

1906 3427 1960 3475 te
2018 3419 2298 3486 suscipiet,
2361 3416 2537 3486 angeli
2591 3414 3000 3479 collaudabunt,
3041 3424 3095 3470 et
3136 3414 3386 3470 homines
3435 3430 3467 3469 a

1909 3510 2128 3566 condito
2158 3508 2363 3564 mundo
2389 3510 2608 3562 beatum
2651 3516 2702 3562 te
2727 3507 3100 3578 praedicabunt
3128 3523 3142 3561 :
3173 3507 3245 3561 ibi
3265 3517 3466 3562 aeterna

1906 3602 2100 3673 gloria,
2140 3614 2338 3655 corona
2387 3599 2650 3669 iustitiae,
2682 3609 2737 3654 et
2794 3614 3019 3671 regnum
3064 3598 3302 3663 caeleste,
3335 3613 3470 3668 pree-

1908 3693 2079 3750 mium
2107 3702 2254 3746 tuum
2277 3691 2403 3747 erit.

1979 3783 2038 3839 Si
2079 3783 2280 3839 divitiae
2330 3793 2656 3854 spargantur
2677 3794 2744 3838 eo
2774 3781 2935 3836 modo
2963 3794 3124 3851 quem
3158 3780 3300 3835 Deus
3330 3795 3469 3851 pra!-

1909 3875 2120 3940 scribit,
2147 3887 2426 3928 remanere
2477 3871 2687 3927 solent:
2726 3870 2810 3927 sin
2836 3872 3190 3937 retineantur,
3219 3870 3466 3924 alienari.

1909 3965 1964 4021 Si
1988 3964 2284 4031 custodias,
2307 3977 2416 4018 non
2464 3961 2570 4033 53
2592 3961 2760 4018 babes
2785 3981 2798 4017 :
2828 3962 2876 4018 si
2909 3977 3039 4017 vero
3081 3961 3328 4031 dissipes,
3356 3976 3466 4015 non

1907 4059 2118 4132 perdes;
2151 4075 2171 4113 ι
2207 4054 2523 4128 Dissipavit,
2549 4055 2694 4112 dedit
2739 4055 3069 4126 pauperibus
3097 4053 3274 4126 (Paul.
3302 4053 3405 4124 ill).
3439 4070 3460 4106 ι

1977 4236 2418 4295 Pulcherrimum
2450 4232 2613 4290 funus
2635 4237 2721 4288 est
2763 4231 2955 4302 pietas.
2984 4229 3120 4286 Cum
3150 4244 3341 4286 omnes
3373 4246 3467 4286 ve-

1909 4331 2113 4395 stieris,
2160 4329 2407 4395 discede;
2444 4341 2574 4396 para
2614 4325 2712 4381 tibi
2738 4339 2802 4380 ex
2835 4322 3040 4379 divitiis
3067 4322 3172 4378 tuis
3213 4333 3465 4378 ornatum

231 4412 358 4499 σον,
387 4434 478 4506 ἔχε
503 4434 668 4490 αὑτὸν
701 4434 840 4504 μετὰ
875 4412 1105 4488 σεαυτοῦ
1125 4452 1140 4467 ο
1173 4434 1427 4504 πείσθητι
1452 4433 1632 4497 καλῶς
1663 4412 1804 4504 συμ-

1915 4419 2218 4490 proprium,
2258 4426 2319 4472 ut
2346 4431 2476 4486 opes
2497 4424 2620 4471 tuas
2642 4426 2819 4470 tecum
2855 4413 3058 4469 habeas
3091 4452 3109 4479 ,
3155 4412 3468 4483 obsequitur

229 4526 416 4596 ϐούλῳ
466 4525 542 4596 τῷ
603 4526 952 4596 άγαπήσαντί
991 4541 1052 4578 σε
1102 4523 1360 4594 Χριστῷ,
1409 4523 1489 4593 τῷ
1538 4524 1606 4578 δι’
1655 4524 1804 4594 ήμᾶς

229 4617 642 4686 πτωχεύσαντι,
675 4615 744 4671 ἶν’
775 4616 934 4688 ἡμεῖς
963 4618 1031 4688 τῇ
1062 4615 1271 4668 ἐκείνου
1300 4615 1543 4686 πτωχείᾳ
1570 4614 1806 4684 πλουτή-

233 4725 447 4778 σωμεν.

311 4801 505 4863 Ἐλεός
548 4800 664 4855 ἐστι
715 4797 908 4864 πάθος,
955 4797 1046 4852 ἐπὶ
1100 4797 1226 4862 τοὺς
1267 4797 1399 4869 παρ’
1443 4795 1602 4862 ἀξίαν
1651 4812 1809 4851 τετα-

231 4894 615 4960 πεινωμένους
644 4891 795 4962 παρὰ
817 4890 927 4946 τῶν
957 4888 1258 4962 συμπαθῶς
1295 4887 1685 4958 διατιθεμένων
1721 4901 1807 4955 γι-

227 4989 488 5059 νόμενον.

257 5137 260 5140 ,
307 5078 502 5132 Οὑδενὶ
528 5076 638 5131 τῶν
661 5075 877 5131 πάντων
896 5075 1069 5138 οὕτως
1091 5073 1167 5138 ὡς
1193 5071 1327 5144 ἐλέῳ
1349 5069 1483 5133 Θεδς
1513 5065 1808 5139 θεραπεύε-

225 5188 352 5236 ται,
383 5171 468 5224 ὂτι
503 5170 638 5241 μηδὲ
664 5168 990 5238 οἰκειότερον
1026 5165 1374 5232 ἄλλατούτου
1401 5161 1544 5231 Θεῷ,
1572 5158 1633 5212 οῦ
1661 5157 1810 5220 ἕλεος

225 5262 334 5316 καὶ
360 5260 589 5330 ἀλήθεια
617 5261 1036 5330 προπορεύεται.

305 5355 410 5417 Δός
450 5370 503 5406 τι
535 5351 652 5422 Θεῷ
677 5353 1052 5422 χαριστήριον,
1083 5349 1166 5402 ὅτι
1217 5347 1327 5402 τῶν
1354 5345 1412 5400 εὖ
1448 5345 1624 5398 ποιεῖν
1652 5341 1810 5395 δυνα-

229 5445 422 5517 μένων
449 5442 658 5510 ἐγένου,
693 5441 808 5495 ἁλλ’
830 5442 893 5494 οὐ
919 5441 1028 5493 τῶν
1070 5435 1130 5493 εὖ
1169 5439 1361 5492 παθεῖν
1391 5435 1660 5507 δεομένων
1678 5448 1693 5464 ⁸
1726 5433 1809 5486 ὅτι

227 5536 317 5607 μὴ
375 5534 598 5605 βλέπεις
649 5536 729 5596 είς
781 5531 1070 5602 ἀλλοτρίας
1132 5531 1343 5600 χεῖρας,
1399 5526 1514 5580 ἀλλ’
1570 5527 1651 5588 είς
1714 5523 1812 5586 τὰς

223 5631 336 5692 σὰς
370 5629 569 5696 ἕτεροι.
605 5624 934 5695 Πλούτησον,
981 5622 1056 5694 μή
1097 5619 1386 5690 περιουσίᾳ
1448 5617 1608 5688 μόνον
1632 5657 1648 5684 ,
1680 5613 1816 5670 ἀλλὰ

224 5722 334 5776 καὶ
361 5717 635 5791 εὐσεϐείᾳ.
677 5717 773 5790 M’q
819 5718 979 5788 μόνον
1018 5716 1080 5770 τὸ
1114 5712 1357 5787 χρυσίον,
1403 5710 1538 5765 ἀλλὰ
1585 5708 1679 5764 καὶ
1715 5705 1815 5778 τὴν

1907 4512 2114 4580 optimo
2135 4507 2437 4565 consultori
2455 4505 2700 4572 Christo,
2723 4503 2886 4576 quite
2905 4503 3112 4572 dilexit,
3133 4505 3227 4574 qui
3249 4511 3470 4573 propter

1905 4615 2010 4656 nos
2036 4616 2243 4672 pauper
2277 4602 2406 4668 fuit,
2437 4610 2496 4658 ut
2529 4615 2632 4659 nos
2673 4617 2743 4659 ex
2785 4603 2906 4675 eius
2953 4611 3274 4674 paupertate
3323 4601 3467 4657 dita-

1905 4709 2114 4751 remur.

1979 4784 2356 4844 Misericordia
2387 4794 2474 4844 est
2522 4785 2774 4852 allectus,
2821 4786 2914 4858 qui
2961 4786 3022 4842 iit
3078 4800 3206 4842 cum
3266 4784 3466 4856 aliquis

1906 4879 2094 4938 atiimo
2117 4889 2494 4936 commovetur
2520 4894 2652 4950 erga
2683 4875 2908 4936 afﬂictos
2929 4879 3170 4949 indigne.

1983 5060 2255 5129 Theologi.
2315 5058 2457 5114 Deus
2502 5057 2879 5115 misericordia
2939 5056 3175 5114 maxime
3228 5057 3472 5112 omnium

1909 5151 2129 5219 colitur,
2161 5166 2263 5206 nec
2290 5149 2431 5205 alius
2451 5148 2770 5219 quisquam,
2800 5147 2909 5203 Deo
2940 5147 3282 5212 familiarior,
3307 5161 3472 5217 quam

1912 5245 2006 5300 ille
2033 5260 2192 5314 quem
2217 5241 2595 5299 misericordia
2617 5251 2672 5296 et
2698 5241 2902 5296 veritas
2929 5239 3274 5294 antecedunt.

1983 5335 2342 5393 Gratitudinis
2405 5334 2618 5405 aliquod
2674 5333 2953 5406 specimen
3013 5331 3120 5387 Deo
3180 5331 3475 5396 exhibeas,

1914 5431 2060 5498 quod
2092 5440 2147 5482 te
2190 5426 2382 5482 fecerit
2432 5440 2600 5480 unum
2631 5425 2852 5479 illorum
2887 5423 2980 5492 qui
3028 5423 3292 5479 beneﬁcia
3341 5439 3476 5492 prm-

1915 5530 2060 5576 stare
2091 5528 2346 5591 possunt,
2378 5532 2488 5573 non
2528 5526 2708 5573 autem
2754 5517 2845 5587 qui
2889 5531 3026 5587 opus
3081 5514 3283 5571 habent
3326 5513 3476 5568 acci-

1915 5627 2045 5682 pere
2075 5630 2090 5668 :
2126 5620 2181 5668 et
2210 5613 2360 5683 quod
2393 5625 2503 5666 non
2539 5609 2889 5678 inspicienda!
2920 5608 3016 5662 tibi
3051 5608 3240 5662 alienae
3260 5617 3474 5668 manus,

1919 5705 2016 5764 sed
2043 5704 2167 5763 aliis
2195 5715 2321 5762 tua.
2363 5704 2522 5763 Dives
2572 5713 2716 5773 esto,
2749 5717 2859 5760 non
2906 5699 3085 5758 solum
3139 5696 3351 5766 opibus,
3381 5695 3478 5749 sed
