3980 6248
212 271 321 333 869

1001 271 1174 335 LOCI
1203 275 1650 342 COMMUNES.
1678 303 1752 320 --
1788 283 1986 346 PARS
2025 283 2076 347 Ι.
2114 285 2376 348 SERMO
2411 287 2658 353 XXVII.

3379 296 3485 361 870

297 376 495 444 Ἡμεῖς
521 378 687 450 ἐσμεν
712 378 895 452 κύριοι
941 384 1036 436 τοῦ
1070 385 1165 440 τὸν
1209 387 1342 442 Θεδν
1358 390 1599 461 ἐλεῆσαι
1627 393 1799 465 ἡμᾶς,

1977 396 2154 454 Penes
2186 414 2287 454 nos
2313 400 2481 456 situm
2509 409 2594 459 est
2636 411 2696 458 ut
2726 401 2870 459 Deus
2901 402 3228 461 misereatur
3272 410 3473 475 nostri,

215 469 382 533 αὐτὸς
411 471 541 542 ἡμῖν
564 471 724 526 τοῦτο
757 472 1052 546 ἐχαρίσατο
1073 494 1090 511 ο
1125 480 1224 535 ἐὰν
1255 481 1384 550 ἄξια
1423 485 1606 551 ἐλέους
1633 503 1805 559 προσ·

214 562 467 632 άγωμεν,
498 565 594 618 ἐὰν
670 566 798 633 ἄξια
854 568 1265 642 φιλανθρωπίας
1308 577 1407 646 τῆς
1455 580 1585 650 παρ’
1613 581 1802 651 αὐτοῦ,

215 654 431 724 ἐλεήσει
460 657 607 726 ἡμᾶς
635 659 664 712 6
692 659 863 724 Θεόςο
900 661 998 716 ἐὰν
1045 663 1102 718 δὲ
1149 666 1379 733 ἑαυτοὺς
1412 669 1488 741 μὴ
1534 673 1800 744 ἐλεῶμεν,

214 747 303 811 τίς
368 749 528 818 ἡμῶν
594 751 879 823 φείσεται;
923 754 1178 830 Ἐλέησον
1237 761 1331 816 τὸν
1396 764 1644 834 πλησίον,
1708 771 1806 822 καλ⁵

213 838 494 916 ἐλεηθήσει
540 843 673 913 παρ’
713 846 877 901 αὑτοῦ
919 849 1014 903 τοῦ
1068 851 1227 910 θεοῦ.
1257 855 1476 918 Μείζων
1508 858 1541 929 ή
1572 859 1802 930 ἐλεημοο

215 932 354 1005 σύνη
418 937 622 1008 ἐστὶνή
670 940 750 1003 είς
782 941 910 1006 τοὺς
959 942 1388 1017 ἁμαρτωλοὶ)ςῆ
1437 950 1518 1014 είς
1549 952 1676 1017 τοὺς
1726 955 1806 1010 δισ-

214 1027 432 1092 καίους.
468 1029 838 1106 Ἐλεημοσύνη
894 1037 1003 1105 γὰρ
1054 1036 1215 1091 τοῦτό
1268 1041 1408 1103 ἐστι,
1444 1041 1507 1095 οὐ
1563 1044 1624 1098 τὺ
1675 1047 1804 1112 τοὺς

215 1119 696 1192 κατωρθωκὸτας,
761 1125 900 1182 ἀλλὰ
945 1127 1006 1182 τδ
1061 1129 1190 1194 τοὺς
1257 1132 1802 1208 πεπλημμεληκότας

214 1211 413 1266 ἐλεεῖν.

287 1345 404 1416 οὐχ
431 1347 605 1413 οὕτως
635 1350 879 1407 ἐπαίνων
906 1355 1058 1421 ἄξιος
1085 1359 1114 1411 6
1151 1357 1327 1430 μέγαν
1379 1361 1797 1436 ὑποδεχόμενος,

217 1434 295 1525 ᾡς
329 1437 358 1488 6
405 1437 499 1490 τὸν
529 1441 748 1511 οἰκτρὸν
797 1446 893 1498 καὶ
929 1447 1302 1521 ταλαίπωρον,
1354 1454 1463 1508 Καὶ
1495 1455 1522 1509 6
1708 1434 1802 1512 τὸν

215 1524 538 1596 θαυμαστὸν
569 1533 665 1584 καὶ
716 1539 992 1610 περιφανῆ
1045 1541 1369 1611 θεραπεύων
1401 1524 1671 1611 πολλάκις
1704 1549 1801 1618 καὶ

218 1619 361 1688 πρὸς
406 1621 712 1692 ἀνθρώπων
743 1627 1008 1696 ἐπίδειξιν
1051 1633 1210 1687 τοῦτο
1236 1636 1498 1708 ἐποίησε·
1532 1640 1559 1692 6
1608 1640 1667 1696 δέ
1709 1641 1801 1700 τὸν

1909 490 2032 561 ipse
2085 492 2244 547 nobis
2301 494 2441 549 hanc
2490 495 2722 565 gratiam
2780 495 3133 553 condonavit.
3194 494 3402 567 Nempe
3439 499 3485 554 si

1907 585 2190 643 offerimus
2237 587 2287 642 ei
2319 603 2436 656 quae
2466 589 2839 646 misericordia
2879 596 2932 646 et
2981 590 3312 660 benignitate
3351 591 3474 662 ejus

1906 677 2132 752 indigna
2169 696 2279 734 non
2307 681 2440 743 sint.
2483 684 2835 741 miserebitur
2885 683 3102 738 nostri:
3133 683 3178 739 si
3207 698 3338 739 vero
3387 700 3488 740 nos

1905 771 2053 826 nulla
2112 773 2286 826 nostri
2346 773 2726 828 misericordia
2785 775 3094 846 tangimur,
3148 778 3272 847 quis
3322 779 3485 835 nobis

1902 863 2123 933 parcet?
2149 864 2406 921 Miserere
2460 864 2710 932 proximi,
2738 873 2791 919 et
2833 867 3258 923 misericordiam
3304 885 3333 923 a
3377 870 3485 927 Duo

1901 955 2281 1024 consequeris.
2321 954 2493 1024 Major
2521 963 2606 1012 est
2634 971 2756 1024 quae
2777 959 3161 1026 peccatoribus
3190 961 3486 1016 exhibetur

1907 1047 2281 1101 misericordia
2357 1033 2524 1118 quam
2582 1063 2700 1116 quin
2728 1047 2916 1118 justis.
2949 1047 3064 1104 Hoc
3091 1052 3235 1104 enim
3270 1053 3452 1107 miseri
3474 1083 3486 1092 -

1901 1138 2088 1191 cordia
2127 1147 2230 1203 est,
2269 1154 2378 1193 non
2416 1139 2635 1194 illorum
2659 1139 2754 1208 qui
2787 1147 2936 1194 recte
2985 1153 3236 1210 egerunt,
3267 1143 3358 1198 sed
3388 1143 3482 1214 qui

1900 1229 2274 1299 deliquerunt,
2310 1232 2594 1286 misereri.

1971 1362 2091 1417 Non
2154 1363 2228 1420 ita
2281 1364 2586 1432 laudandus
2637 1376 2722 1424 est
2777 1367 2870 1438 qui
2926 1382 3190 1440 magnum
3244 1368 3482 1436 aliquem

1901 1454 2162 1523 suscipit,
2201 1471 2258 1508 ut
2288 1472 2453 1526 quam
2485 1458 2745 1512 miserum
2775 1468 2832 1514 et
2859 1474 3256 1514 aerumnosum.
3286 1459 3352 1513 Et
3389 1459 3483 1528 qui

1897 1545 2029 1599 colit
2083 1547 2364 1602 hominem
2413 1557 2762 1619 praestantem
2819 1561 2873 1605 et
2925 1550 3159 1616 clarum,
3221 1564 3369 1619 saepe
3419 1551 3489 1604 ad

1899 1639 2324 1695 ostentationem
2355 1656 2537 1696 coram
2573 1642 2888 1698 hominibus
2919 1643 2971 1698 id
3006 1643 3176 1700 facit:
3208 1646 3302 1712 qui
3359 1656 3488 1696 vero

217 1715 637 1824 aesepptppivov
668 1722 761 1774 καὶ
792 1723 1220 1796 ἀπεγνωσμένον
1262 1730 1350 1785 διὰ
1377 1731 1549 1803 μόνην
1582 1731 1682 1806 τὴν
1713 1733 1798 1787 ἐν-

1923 1727 2168 1797 ibjectum
2214 1739 2267 1786 et
2304 1729 2648 1801 desperatum
2692 1740 2870 1800 curat,
2919 1721 3142 1806 propter
3181 1732 3358 1789 solum
3390 1729 3486 1786 Dei

216 1807 380 1877 τολὴν
404 1809 496 1864 τού
519 1809 656 1866 Θεοῦ
685 1813 843 1869 τοῦτο
866 1817 1177 1890 ἐργάζεται.

301 1924 674 2001 Ἐλεημοσύνη
713 1931 895 2002 πάσης
953 1935 1353 2008 άπηλλαγμένη
1378 1939 1592 2005 ἀδικίας
1612 1941 1758 1997 ἐστίν
1777 1958 1795 1977 ⁸

217 2015 361 2089 αὕτη
426 2018 605 2073 πάντα
660 2024 807 2076 ποιεῖ
859 2025 1099 2096 καθαρά.
1154 2027 1328 2084 Τοῦτο
1386 2033 1483 2086 καὶ
1539 2034 1797 2103 νηστείας

221 2111 436 2182 βέλτιον
493 2113 590 2169 καὶ
619 2116 944 2188 χαμευνίας,
998 2120 1263 2191 καίτοιγε
1298 2123 1483 2181 ἐκεῖνα
1518 2127 1795 2199 μοχθηρός-

217 2222 357 2278 τερα
440 2208 538 2262 καὶ
597 2208 1004 2282 ἐπιπονώτερα,
1058 2213 1176 2268 ἀλλ’
1235 2213 1375 2288 αὕτη
1426 2219 1798 2290 κερδαλεωτὲ-

219 2314 291 2368 ρα
325 2296 587 2445 χῐρωτίζει
633 2298 834 2371 ψυχὴν,
887 2301 1165 2374 λεπτύνει,
1213 2307 1388 2380 καλὴν
1439 2310 1536 2368 καὶ
1585 2309 1797 2384 ὡραίαν

219 2405 341 2445 stet:
372 2430 388 2445 .

219 2405 341 2445 ποιε
351 2405 388 2445 ι.

304 2505 640 2576 ’Δμήχανον,
671 2508 778 2562 κᾶν
811 2509 985 2579 μυρία
1021 2511 1461 2584 κατορθώσωμεν
1488 2515 1670 2584 ἀγαθὰ
1697 2516 1799 2588 τῆς

219 2595 596 2671 ἐλεημοσύνης
649 2602 841 2674 χωρὶς,
903 2601 1164 2674 ἐπιΰῆναι
1209 2604 1319 2659 τῶν
1371 2606 1470 2677 τῆς
1511 2605 1794 2677 βασιλείας

219 2691 361 2761 προθ
369 2690 397 2744 ύ
403 2709 536 2764 ρων.

306 2805 526 2859 Ἐκεῖνα
565 2806 704 2869 μόνα
749 2808 1108 2879 κερδήσομεν,
1137 2810 1237 2864 ὅσα
1272 2812 1338 2865 ἂν
1377 2812 1495 2866 ἐκεῖ
1543 2814 1799 2885 προπέμ-

217 2898 445 2969 ψωμεν·
480 2900 665 2954 ἐκεῖ-θα
697 2901 832 2969 μόνα
881 2901 1029 2954 ἐστὶν
1059 2903 1324 2974 ἡμέτερα,
1361 2904 1460 2956 ὅσα
1501 2905 1599 2972 τῆς
1619 2904 1800 2978 ψυχῆς

216 2992 341 3046 ἐστὶ
385 2991 809 3063 κατορθώματα,
861 2992 1200 3064 ἐλεημοσύνη
1251 2995 1347 3049 καὶ
1391 2995 1796 3067 φιλανθρωπία.

1903 1830 2231 1890 praeceptum
2265 1821 2314 1876 id
2346 1823 2475 1890 agit.

1986 1935 2354 1994 Misericordia
2404 1955 2603 2010 expers
2632 1950 2715 1997 est
2758 1941 2939 1998 omnis
2982 1939 3209 1998 sceleris
3243 1958 3259 1998 :
3297 1942 3484 1998 omnia

1906 2028 2084 2083 reddit
2109 2044 2266 2099 pura.
2293 2029 2416 2084 llaec
2439 2041 2492 2084 et
2511 2029 2724 2100 jejunio
2768 2040 2821 2088 et
2873 2030 3060 2087 cubitu
3093 2046 3260 2102 super
3293 2031 3482 2096 humo,

1906 2125 2156 2194 quamvis
2182 2125 2586 2184 molestioribus
2628 2126 2912 2198 magisque
2940 2126 3154 2182 acerbis
3183 2125 3375 2181 melior
3400 2134 3485 2181 est

1915 2225 2099 2287 utpote
2145 2219 2367 2286 utilior;
2393 2221 2508 2276 haec
2541 2219 2778 2279 animam
2828 2219 3051 2289 colorat,
3074 2219 3349 2290 subtilem,
3371 2219 3493 2290 pul-

1905 2311 2096 2375 chram
2138 2321 2193 2367 et
2237 2311 2528 2376 formosam
2553 2311 2738 2376 eme-it.

1977 2505 2058 2562 Ad
2109 2507 2261 2576 regni
2314 2509 2579 2565 vestibula
2639 2509 2899 2567 accedere
2942 2521 3290 2578 nequaquam
3336 2505 3485 2569 licet,

1909 2601 2161 2670 quamvis
2218 2601 2526 2672 innumera,
2557 2604 2650 2659 sed
2705 2604 2910 2675 absque
2941 2601 3046 2674 55
3088 2599 3489 2677 misericordia,

1903 2694 2270 2767 peregerimus
2302 2694 2464 2756 bona.

1980 2802 2072 2859 Illa
2104 2807 2219 2860 sola
2249 2807 2604 2874 lucrabimur,
2671 2820 2792 2878 qua:
2837 2803 3261 2876 praemiserimus
3317 2803 3483 2858 illuc:

1908 2895 2001 2950 illa
2029 2897 2142 2950 sola
2174 2909 2363 2951 nostra
2401 2907 2549 2963 sunt,
2608 2912 2731 2968 quae
2775 2897 2918 2952 bona
2956 2911 3118 2965 Opera
3150 2898 3346 2951 animte
3405 2893 3487 2948 di-

1911 2997 2134 3054 cuntur,
2163 2989 2542 3055 misericordia
2573 2997 2627 3045 et
2678 2989 3004 3062 benignitas.
3039 2987 3154 3042 Non
3183 2990 3328 3042 enim
3359 2987 3486 3042 licet

222 3083 302 3136 Οὐ
338 3081 449 3153 γὰρ
479 3081 702 3136 δυνατὸν
735 3085 995 3155 χρήματα
1044 3084 1280 3139 λαϐόντα
1338 3086 1595 3142 ἀπελθεῖν
1620 3104 1636 3119 ο
1672 3091 1806 3160 μᾶλ-

1923 3083 2144 3154 tcceptis
2194 3082 2439 3153 pecuniis
2499 3083 2650 3139 abire
2688 3098 2702 3136 :
2742 3083 2968 3155 agedum
3028 3081 3191 3153 igitur
3220 3096 3314 3135 eas
3348 3095 3486 3150 prue-

219 3170 314 3228 λον
343 3173 401 3226 δέ
432 3171 526 3226 καὶ
551 3173 970 3246 προπέμψωμεν
983 3175 1146 3239 αὐτὰ,
1178 3175 1321 3230 ὥστε
1353 3178 1640 3248 ἑτοιμάσαι
1670 3182 1804 3252 ἡμῖν

218 3262 438 3334 σκηνὴν
471 3263 532 3316 ἐν
570 3263 691 3329 ταῖς
720 3263 970 3328 αίωνίαις
1001 3267 1214 3335 μοναίς.

308 3374 715 3447 Ἐλεημοσύνης
768 3381 941 3449 χωρὶς
996 3377 1248 3451 ἄκαρπος
1301 3383 1335 3450 ἡ
1390 3381 1560 3454 ψυχή.
1621 3385 1807 3440 Πάντα

223 3468 518 3538 ἀκάθαρτα
567 3469 774 3542 ταύτης
823 3472 1036 3542 χωρὶς,
1096 3474 1278 3528 πάντα
1331 3475 1586 3546 ἀνόνητα.
1635 3477 1808 3532 Τοῦτό

222 3563 378 3616 ἐστιν
409 3554 454 3630 ᾧ
491 3559 804 3628 ἐξισοῦσθαι
831 3563 1111 3634 δυνάμεθα
1139 3564 1220 3637 τῷ
1249 3565 1388 3635 Θεῷ,
1418 3567 1480 3620 τὸ
1514 3569 1682 3622 ἐλεεῖν
1711 3569 1807 3622 καὶ

215 3653 544 3723 οἰκτείρειν.
575 3654 743 3708 Ὅταν
767 3649 862 3709 οὖν
900 3655 1058 3710 τοῦτο
1103 3659 1178 3728 μὴ
1213 3658 1448 3728 ἔχωμεν,
1475 3659 1568 3713 τοῦ
1605 3661 1808 3725 παντὸς

224 3746 680 3816 ἀπεστερήμεθα.
715 3747 829 3801 Οὐκ
859 3744 1033 3814 εἶπεν,
1076 3749 1204 3803 Ἐὰν
1235 3750 1593 3822 νηστεύσητε,
1630 3751 1806 3822 ὅμοιοί

224 3840 357 3892 ἐστε
396 3839 476 3908 τῷ
511 3839 689 3908 Ila.th
736 3837 912 3909 ὑμῶν.
949 3840 1062 3893 Οὐκ
1103 3835 1280 3906 εἶπεν,
1333 3841 1460 3894 Ἐὰν
1507 3840 1811 3908 παρθενεύ-

229 3947 386 4000 σητε.
434 3930 594 3983 Ἀλλὰ
628 3931 715 4000 τί;
750 3949 768 3984 ι
807 3931 1025 3986 Γίνεσθε
1059 3933 1429 4004 οἰκτίρμονες,
1463 3933 1538 3997 ὡς
1566 3935 1593 3986 6
1617 3935 1806 4006 Πατὴρ

220 4021 389 4092 ὑμῶν
420 4023 449 4076 6
479 4025 537 4076 ἐν
576 4025 691 4084 τοῖς
736 4023 1010 4095 οὐρανοῖς.
1037 4025 1226 4078 Ἔλεον
1274 4026 1404 4098 γὰρ,
1456 4026 1610 4098 φησὶ,
1645 4025 1806 4094 θέλω,

227 4117 329 4172 καὶ
355 4119 414 4171 ού
453 4117 666 4174 θυσίαν.
712 4137 732 4172 r

302 4225 410 4285 ’Ὧν
458 4231 762 4304 βουλόμεθα
813 4237 1002 4306 τυχεῖν
1047 4239 1199 4309 παρὰ
1259 4238 1354 4294 τοῦ
1405 4239 1565 4307 Θεοῦ,
1603 4241 1812 4296 τούτων

233 4325 504 4396 πρότερον
561 4325 904 4394 μεταδιδόναι
955 4331 1067 4392 τοῖς
1100 4329 1333 4402 πλησίον
1365 4332 1678 4403 ὀφείλομεν.
1710 4333 1810 4386 Ἂν

1907 3177 2211 3239 mittamus,
2234 3185 2293 3229 ut
2314 3190 2569 3245 paremus
2590 3174 2746 3234 nobis
2765 3173 3177 3234 tabernaculum
3195 3172 3250 3228 in
3267 3172 3488 3228 aeternis

1907 3267 2357 3329 habitationibus.
3158 3269 3160 3272 ’

1984 3387 2179 3441 Anima
2239 3385 2357 3440 sine
2400 3382 2778 3440 misericordia
2823 3382 3030 3439 sterilis
3060 3391 3162 3439 est.
3213 3383 3344 3439 Sine
3389 3383 3492 3438 hac

1907 3478 2090 3532 omnia
2120 3476 2334 3546 impura
2375 3481 2522 3540 sunt,
2574 3475 2758 3531 omnia
2788 3473 3026 3530 inutilia.
3064 3473 3178 3530 lloc
3214 3475 3360 3530 illud
3385 3484 3488 3541 est,

1906 3585 2016 3642 quo
2044 3569 2152 3624 Deo
2183 3569 2392 3624 similes
2449 3582 2548 3623 nos
2605 3567 2837 3622 evadere
2869 3568 3019 3634 licet,
3080 3569 3354 3633 misereri,
3400 3571 3494 3622 in-

1907 3676 2096 3736 quam,
2132 3669 2187 3714 et
2235 3657 2543 3713 condolere.
2605 3655 2720 3713 l-loc
2773 3656 2879 3711 nisi
2920 3658 3260 3721 habeamus,
3293 3658 3491 3728 privati

1910 3769 2101 3808 sumus
2137 3753 2415 3810 omnibus.
2445 3751 2699 3808 Christus
2745 3765 2852 3806 non
2882 3751 3055 3809 dixit:
3091 3751 3149 3807 Si
3199 3751 3489 3822 jejunetis,

1910 3847 2114 3902 similes
2163 3845 2316 3900 eritis
2368 3843 2516 3899 Patri
2565 3853 2779 3909 vestro,
2837 3857 3011 3913 nequc
3071 3843 3126 3899 Si
3186 3844 3490 3904 castitatem

1911 3938 2194 3994 tueamini.
2250 3936 2387 4003 Quid
2428 3935 2592 4006 igitur
2619 3935 2643 3987 ?
2673 3952 2692 3986 ι
2722 3933 2907 3988 Estote
2935 3933 3319 3989 misericordes
3352 3934 3494 3989 sicut

1910 4031 2072 4086 Pater
2113 4039 2290 4083 vester
2324 4026 2588 4082 cmlestis.
2625 4025 3053 4083 Misericordiam
3086 4027 3258 4090 enim,
3293 4027 3491 4096 inquit,

1911 4123 2060 4188 volo,
2103 4131 2157 4177 et
2187 4136 2294 4176 non
2321 4120 2680 4184 sacriﬁcium.
2721 4139 2741 4174 ι
2833 4133 2844 4145 ·

1984 4237 2118 4304 Quae
2147 4253 2176 4290 a
2207 4235 2318 4292 Deo
2345 4237 2610 4306 consequi
2633 4235 2906 4307 cupimus,
2952 4251 3016 4293 ea
3059 4237 3214 4306 prius
3249 4251 3496 4292 commit.

1913 4331 2100 4387 nicare
2135 4330 2397 4390 debemus
2429 4331 2720 4405 proximis.
2770 4330 2844 4384 At
2873 4329 2917 4385 si
2946 4331 3226 4400 proximos
3274 4331 3496 4389 fraude.-

229 4415 293 4470 δέ
319 4416 446 4480 τοὺς
481 4415 710 4485 πλησίον
753 4418 959 4473 τούτων
999 4420 1417 4493 ἀποστερῶμεν,
1458 4424 1575 4487 πῶς
1627 4427 1806 4494 τυχεῖν

1923 4437 2041 4476 mus
2063 4423 2162 4488 eis,
2191 4421 2468 4490 quomodo
2497 4438 2598 4478 nos
2655 4423 2844 4478 eadem
2877 4433 3273 4480 consecuturos
3306 4439 3498 4491 spere-

233 4506 418 4572 αὐτῶν
443 4507 783 4578 βουλόμεθας
814 4530 831 4562 ι
861 4513 1162 4586 Μακάριοι,
1197 4517 1383 4586 φησὶν,
1409 4518 1460 4569 οί
1491 4517 1809 4589 ἐλεήμονες,

233 4599 320 4656 ὅτι
347 4599 505 4653 αὐτοὶ
552 4600 960 4674 ἐλεηθήσονται.
999 4625 1018 4659 ι
1064 4607 1309 4674 Ἀνέλεος
1364 4609 1422 4662 δὲ
1459 4610 1494 4680 ἠ
1524 4612 1704 4682 κρίσις
1735 4611 1814 4682 τῷ

237 4691 318 4766 μὴ
347 4694 640 4764 ποιήσαντι
671 4694 842 4761 ἔλεος.

310 4905 600 4958 Ἔκτεινόν
632 4922 728 4960 σου
779 4907 879 4971 τὰς
923 4908 1110 4980 χεῖρας
1161 4906 1237 4980 μὴ
1297 4908 1378 4971 είς
1425 4907 1517 4962 τὸν
1562 4909 1814 4983 οὐρανὸν,

234 4998 359 5054 ἀλλ’
389 5000 472 5061 είς
497 5001 596 5064 τὰς
641 5001 751 5055 τῶν
781 5002 1032 5070 πενήτων
1059 5003 1271 5072 χεῖρας.
1302 5001 1429 5056 Ἐὰν
1473 5003 1553 5063 είς
1581 5005 1680 5067 τὰς
1707 5003 1818 5056 τῶν

236 5091 494 5162 πενήτων
522 5095 711 5162 χεῖρας
731 5094 985 5164 ἐκτείνῃς
1017 5093 1116 5163 τὴν
1150 5093 1334 5164 χεῖρα,
1365 5093 1534 5164 αὐτῆς
1559 5093 1686 5164 ἥψω
1716 5095 1818 5164 τῆς

239 5183 492 5252 κορυφῆς
544 5183 642 5237 τοῦ
670 5183 934 5254 ούρανοῦο
971 5185 1000 5237 6
1033 5184 1144 5255 γὰρ
1193 5187 1309 5238 ἐκεῖ
1335 5185 1649 5256 καθήμενος
1679 5184 1820 5253 λαμ-

241 5273 401 5326 ϐάνει
424 5272 526 5344 τὴν
555 5273 948 5346 ἐλεημοσύνην.
983 5276 1081 5330 Ἂν
1102 5275 1159 5330 δὲ
1193 5277 1476 5347 ἀκάρπους
1504 5275 1816 5345 ἁνατείνῃς,

240 5367 404 5420 οὐδὲν
430 5365 652 5436 ὤνησας
673 5384 687 5399 ·
713 5371 776 5422 οὐ
826 5371 936 5439 γὰρ
994 5373 1054 5423 ἐν
1081 5371 1148 5440 τῇ
1194 5371 1416 5424 ἐκτάσει
1455 5367 1562 5423 τῶν
1595 5369 1819 5440 χειρῶν,

243 5459 374 5512 οὐδὲ
401 5459 462 5512 ἐν
489 5460 568 5529 τῷ
599 5460 793 5531 πλήθει
817 5463 926 5515 τῶν
957 5462 1236 5532 ῥημάτων,
1264 5462 1378 5516 ἀλλ’
1405 5464 1462 5515 ἐν
1492 5465 1603 5526 τοῖς
1636 5462 1824 5532 ἔργοις

241 5549 308 5601 τὸ
337 5548 708 5602 ἐπακούεσθαί
731 5551 902 5604 ἐστιν.
927 5551 1128 5603 ’Δκουε
1155 5551 1262 5620 γὰρ
1284 5551 1378 5604 τοῦ
1410 5551 1693 5622 προφήτου
1735 5549 1822 5602 λέ-

245 5657 466 5708 γοντος,
502 5660 521 5694 ι
552 5642 724 5698 Ὅταν
777 5643 876 5705 τὰς
927 5645 1115 5714 χεῖρας
1148 5643 1304 5712 ὑμῶν
1359 5643 1660 5714 ἐκτείνητε,
1691 5646 1825 5696 ἀπο-

253 5729 474 5801 στρέψω
492 5733 618 5797 τοὺς
643 5733 957 5807 ὀφθαλμούς
983 5751 1086 5797 μου
1119 5735 1212 5805 ἀφ’
1238 5733 1416 5804 ὑμῶν’
1439 5735 1535 5792 καὶ
1567 5735 1661 5788 ἐὰν
1688 5735 1824 5803 πλη-

1919 4513 2081 4567 mus?
2125 4531 2143 4564 ι
2181 4510 2354 4578 Beati,
2389 4512 2590 4584 inquit,
2645 4511 3052 4576 misericordes,
3091 4513 3350 4581 quoniam
3391 4511 3494 4580 ipsi

1915 4602 2343 4658 misericordiam
2386 4613 2809 4671 consequentur.
2843 4621 2862 4654 ι
2899 4599 3290 4667 Immisericors
3315 4609 3496 4670 autem

1911 4695 2177 4763 judicium
2255 4694 2334 4748 illi
2404 4693 2681 4763 continget
2741 4693 2836 4762 qui
2897 4691 3327 4762 misericordiam
3388 4706 3498 4760 non

1911 4785 2243 4851 (exercuerit.

1991 4900 2237 4958 Extende
2273 4913 2469 4954 manus
2499 4908 2640 4963 tuas,
2675 4912 2784 4952 non
2821 4911 2876 4953 m
2909 4897 3132 4967 coelum,
3162 4897 3256 4954 sed
3285 4896 3340 4953 in
3381 4913 3500 4960 ma-

1925 5011 2028 5051 nus
2061 5008 2381 5063 pauperum.
2417 4991 2474 5047 Si
2505 5006 2726 5046 manum
2771 4991 2826 5046 in
2881 4991 3134 5060 pauperis
3186 5006 3383 5046 manus
3419 5000 3503 5045 te-

1928 5088 2191 5150 tenderis,
2223 5085 2402 5156 ipsum
2431 5084 2556 5140 caeli
2614 5083 2871 5145 verticem
2911 5083 3176 5151 attigisti;
3223 5098 3348 5136 nam
3404 5080 3500 5152 qui

1927 5182 2038 5236 illic
2062 5181 2236 5245 sedet,
2269 5179 2673 5248 eleemosynam
2724 5174 2944 5246 accipit.
3003 5174 3060 5229 Si
3111 5189 3241 5229 vero
3299 5185 3508 5246 vacuas

1925 5273 2257 5338 extenderis,
2292 5270 2426 5325 nihil
2461 5267 2758 5341 proiecisti.
2780 5265 2899 5320 Non
2920 5265 3064 5320 enim
3096 5265 3152 5319 in
3184 5267 3503 5336 extensione

1927 5379 2211 5430 manuum,
2242 5377 2420 5433 neque
2451 5363 2506 5417 in
2541 5360 2832 5417 verborum
2869 5357 3244 5426 multitudine,
3297 5357 3391 5413 sed
3444 5359 3497 5432 in

1925 5457 2062 5527 ipsis
2089 5455 2345 5526 operibus
2377 5455 2540 5511 situm
2583 5461 2666 5508 est
2697 5461 2757 5507 ut
2785 5450 3120 5513 exaudiaris.
3181 5449 3321 5505 Audi
3351 5450 3497 5505 enim

1928 5551 2247 5621 prophetam
2301 5548 2609 5604 dicentem:
2651 5565 2669 5598 ‹
2714 5544 2850 5602 Cum
2898 5544 3252 5600 extenderitis
3305 5553 3500 5604 manus

1932 5651 2160 5707 vestras,
2189 5651 2430 5696 avertam
2460 5638 2649 5694 oculos
2677 5652 2829 5692 meos
2859 5653 2887 5691 a
2921 5636 3075 5690 vobis
3101 5652 3115 5688 :
3140 5631 3259 5688 etsi
3292 5628 3500 5698 eopiosi

1933 5733 2148 5789 [ueritis
2194 5732 2248 5788 in
2300 5731 2667 5800 deprecando,
2699 5745 2808 5784 non
2861 5729 3144 5782 exaudiam
3196 5738 3314 5779 vos.
3361 5721 3512 5786 Quin
