3980 6248
441 238 538 307 871

1702 241 2022 305 ΛΝΤΟΝΙΙ
2065 242 2408 305 ΜΕΙᾸΒὸΕ

3581 228 3686 294 872

439 357 623 426 potius
647 353 887 425 iudicate
911 354 1119 423 pupillo
1141 363 1196 409 et
1226 353 1447 418 aﬂlicto,
1475 360 1529 408 et
1559 368 1782 410 causam
1828 353 2005 409 viduae
2035 387 2043 411 Α

2156 357 2301 424 Ξνητε
2332 355 2431 428 τὴν
2460 355 2663 425 δέησιν,
2715 352 2816 406 οὒκ
2875 333 3295 418 εἰσακούσομαι.
3344 344 3588 415 Κρίνατε
3630 342 3691 394 δὲ

440 459 780 519 promovete,
811 457 865 504 et
887 449 1080 504 discite
1110 448 1256 518 quod
1291 447 1492 504 bonum
1520 459 1603 504 est
1632 447 1831 503 facere.
1879 465 1899 498 ο

511 625 626 682 Nisi
666 635 850 682 essent
907 640 1196 694 pauperes,
1246 641 1354 680 non
1417 635 1526 680 tam
1577 625 1744 679 multa
1793 635 2014 694 peccata

443 716 814 772 abolerentur.
853 715 1124 783 Pauperes
1169 716 1326 771 nobis
1373 716 1659 772 vulnerum
1703 726 2013 769 nostrorum

445 807 640 863 medici
671 818 833 863 sunt:
871 805 1110 861 remedia
1136 806 1294 860 nobis
1321 808 1604 877 porrigunt
1635 821 1830 861 manus
1864 820 2015 860 suas.

447 897 564 952 Non
589 899 725 953 adeo
752 898 996 953 medicus
1044 900 1342 954 extendens
1386 914 1578 954 manus
1632 908 1687 952 et
1732 899 2020 965 imponens

443 990 739 1060 pharmaca
768 989 1105 1046 sanationem
1134 989 1299 1045 ellicit
1321 1034 1336 1057 ,
1368 1006 1530 1060 quam
1579 1005 1786 1060 pauper
1827 1003 2021 1044 manus

445 1079 766 1147 extendens,
810 1089 866 1136 et
897 1095 1019 1149 quae
1048 1080 1375 1149 porrigimns
1403 1079 1698 1149 accipiens,
1747 1078 2020 1134 abstersio

447 1183 534 1228 est
555 1172 819 1226 malorum
852 1180 1187 1226 nostrorum.
1218 1171 1458 1241 Expendi
1505 1181 1810 1240 argentum,
1856 1169 2023 1224 simul

447 1263 608 1318 etiam
641 1273 859 1332 peccata
889 1262 1039 1346 [oras
1063 1262 1346 1328 abierunt;
1366 1262 1498 1317 tales
1524 1263 1688 1316 etiam
1716 1261 2027 1317 sacerdotes

447 1363 624 1415 erant,
651 1353 718 1407 de
743 1345 942 1422 quibus
965 1353 1224 1424 scriptum
1254 1361 1371 1409 est:
1404 1371 1422 1406 ι
1463 1352 1689 1409 Peccata
1711 1353 1892 1423 populi
1921 1345 2027 1409 mei

451 1447 762 1502 comedunt.
787 1463 804 1498 ι

521 1540 716 1595 Caecus
747 1539 1174 1594 misericordiam
1207 1547 1538 1593 consecutus
1569 1539 1625 1594 in
1657 1554 1881 1609 regnum
1913 1553 2028 1595 cm-

453 1631 628 1687 lorum
659 1632 855 1687 ducere
910 1632 1094 1685 novit:
1131 1642 1184 1686 et
1240 1632 1491 1700 quamvis
1556 1633 1625 1686 ad
1672 1633 1904 1702 parietes
1946 1633 2028 1686 of-

454 1725 703 1788 fendens,
740 1734 793 1777 et
823 1725 1073 1780 incidens
1105 1725 1161 1778 in
1217 1723 1420 1791 foveas,
1481 1724 1674 1782 ducem
1717 1739 1776 1781 se
1807 1735 2031 1797 praestat

455 1817 796 1876 ascensionis
823 1817 876 1870 in
906 1818 1131 1872 coelum.

527 1911 665 1976 Quid
712 1910 914 1965 lrustra
962 1909 1200 1972 laboras,
1233 1923 1266 1963 ο
1311 1909 1485 1977 dives,
1521 1923 1610 1964 res
1643 1923 1942 1978 pauperum
1977 1907 2031 1962 in

456 2003 732 2062 thesauris
758 2001 866 2056 tuis
898 2001 1238 2057 recondens?
1269 2000 1382 2056 Cur
1402 1999 1705 2070 indignaris
1722 1999 2034 2070 petentibus

459 2096 566 2151 illis
601 2104 860 2163 tanquam
889 2092 998 2164 56
1045 2093 1113 2148 de
1143 2100 1238 2147 tuo
1277 2091 1590 2159 expendas?
1617 2092 1766 2146 Bona
1808 2100 2036 2160 paterna

459 2196 674 2256 petunt,
707 2201 814 2240 non
847 2193 960 2248 tua,
1002 2199 1124 2252 quae
1150 2181 1247 2236 tibi
1283 2183 1580 2238 commissa
1635 2190 1765 2237 sunt
1794 2182 2034 2252 ipsorum

460 2277 656 2347 gratia,
695 2289 806 2328 non
842 2281 1018 2328 tecum
1057 2281 1204 2326 nata.
1237 2270 1311 2328 Da
1337 2286 1460 2340 quae
1484 2270 1773 2340 accepisti,
1798 2278 1851 2323 et
1875 2282 2034 2322 usum

460 2382 651 2422 eorum
683 2365 780 2420 tibi
820 2378 1141 2420 concessum
1176 2362 1228 2415 in
1254 2362 1406 2415 lucro
1433 2375 1626 2429 ponas.
1656 2357 1804 2416 Satis
1834 2368 1920 2416 est
1941 2357 2036 2414 tibi

460 2459 605 2534 quod
633 2458 782 2519 dare,
802 2472 906 2511 non
934 2455 1179 2522 accipere
1210 2455 1516 2509 destinatus
1549 2453 1650 2509 sis.

491 2551 680 2628 _l\'ihil
735 2552 808 2606 ita
865 2559 1081 2621 gratum
1118 2558 1202 2602 est
1259 2547 1392 2612 Deo,
1463 2560 1627 2617 quam
1678 2545 2042 2615 eleemosyna.

463 2644 646 2710 Quare
665 2642 976 2698 sacerdotes
1031 2639 1256 2708 antiquo
1305 2639 1410 2692 ritu
1461 2637 1860 2708 inungebantur
1898 2637 2042 2700 oleo,

463 2738 606 2793 sicut
631 2743 683 2790 et
711 2734 1016 2806 prophetae;
1046 2732 1241 2786 divina:
1261 2746 1499 2801 namque
1524 2729 1805 2785 cbaritatis
1830 2729 2055 2800 symbo-

467 2825 577 2882 lum
605 2825 931 2880 credebatur
966 2823 1166 2878 oleum.
1205 2821 1308 2889 Qui
1337 2821 1552 2892 quidem
1589 2822 1711 2876 oleo
1765 2826 2051 2891 ungeban-

472 2927 585 2985 tur,
610 2917 739 2987 quia
799 2916 965 2972 Deum
1025 2916 1246 2970 miseret
1281 2913 1579 2968 hominum.
1609 2920 1655 2966 A
1678 2913 2049 2968 misericordia

2117 450 2318 518 μᾶλλον
2343 447 2564 519 ὀρφανῷ
2611 447 2706 500 καὶ
2727 443 2988 514 ταπεινῷ,
3016 442 3116 497 καὶ
3140 436 3468 494 δικαιώσατε
3494 437 3689 506 χήραν,

2115 542 2210 594 καὶ
2239 539 2438 610 μάθετε
2470 539 2633 593 καλὸν
2656 540 2852 592 ποιεῖν.
2895 554 2915 588 ι

2189 633 2250 687 Et
2279 633 2353 702 μὴ
2388 633 2618 701 πένητες
2662 626 2823 702 ἦσαν,
2857 629 2958 683 οὐκ
2989 626 3055 680 ἂν
3086 625 3147 679 τὸ
3181 623 3316 677 πολὺ
3351 621 3461 674 τῶν
3517 620 3697 688 ἁμαρ-

2117 723 2378 792 τημάτων
2408 723 2764 792 ὑπετέμνετο.
2798 719 2999 790 ’ἰατροὶ
3038 717 3148 770 τῶν
3196 714 3537 784 τραυμάτων
3593 710 3696 763 εἰσὶ

2120 815 2231 869 τῶν
2281 815 2569 884 ἡμετέρων
2624 814 2675 866 ot
2715 811 2980 876 πένητες·
3022 807 3292 877 φάρμακα
3340 806 3477 874 ἡμῖν
3527 802 3698 873 παρέ-

2119 927 2274 981 χουσι
2301 907 2400 969 τὰς
2439 905 2620 960 αὐτῶν
2649 906 2859 974 χεῖρας.
2900 901 3015 973 Οὐχ
3038 900 3246 964 οὕτως,
3290 897 3477 968 ίατρδς
3507 897 3700 966 χεῖρας

2123 1000 2384 1055 ἐκτείνων
2414 997 2510 1052 καὶ
2556 997 2824 1066 φάρμακα
2852 991 3136 1054 ἐπιτιθεὶς,
3166 989 3268 1059 τὴν
3315 989 3561 1058 ἰατρείαν
3590 1005 3694 1040 παο

2127 1095 2293 1164 ρέχει,
2333 1093 2410 1156 ὡς
2437 1093 2626 1160 πένης,
2652 1088 2814 1159 χεῖρα
2841 1087 3097 1140 ἐκτείνων
3130 1084 3224 1137 καὶ
3253 1081 3323 1134 τὰ
3370 1079 3507 1150 παρ’
3542 1079 3699 1149 ἡμῶν

2124 1185 2442 1254 λαμϐάνων,
2478 1182 2773 1253 ἐκμαγεῖον
2832 1178 2943 1232 τῶν
2987 1179 3276 1246 ἡμετέρων
3332 1173 3451 1227 ἐστὶ
3491 1171 3698 1226 κακῶν.

2129 1280 2349 1334 Ἔδωκα
2395 1277 2457 1331 τὸ
2489 1277 2774 1356 ἀργύριον,
2805 1271 3100 1341 συνεξῆλθε
3149 1269 3244 1323 καὶ
3297 1266 3696 1337 ἁμαρτήματα.

2127 1371 2374 1426 Τοιοῦτοι
2406 1370 2499 1425 καὶ
2537 1369 2585 1421 οἱ
2619 1370 2803 1438 ίερεῖς,
2833 1367 2959 1438 περὶ
2978 1359 3054 1421 ὧν
3079 1363 3412 1435 γέγραπται,
3443 1381 3464 1415 ε
3499 1357 3702 1430 Ἄμαρ-

2129 1461 2248 1528 τίας
2288 1461 2418 1514 λαοῦ
2457 1479 2559 1532 μου
2612 1461 2898 1530 φάγονται.
2940 1477 2959 1512 ι

2199 1553 2417 1622 Τυφλὸς
2464 1547 2604 1607 οἶδεν
2653 1551 2971 1622 ἐλεούμενος
3007 1549 3090 1613 είς
3125 1547 3378 1618 οὐρανῶν
3421 1544 3702 1616 βασιλείαν

2133 1646 2526 1716 χειραγωγεῖνζ·
2555 1642 2654 1697 καὶ
2705 1643 2910 1713 τοίχοις
2944 1638 3327 1712 προσκρούων,
3360 1637 3460 1692 καὶ
3493 1635 3704 1707 βόθροις

2132 1736 2534 1801 ἐνολισθαίνων,
2568 1728 2721 1798 οὗτος
2744 1735 2989 1799 όδοποιδς
3009 1733 3220 1803 γίνεται
3248 1731 3347 1801 τῆς
3374 1731 3456 1794 είς
3478 1729 3704 1799 οὐρανὸν

2130 1828 2471 1890 ἀναϐάσεως.

2173 1915 2270 1971 ’Τί
2301 1919 2707 1988 ματαιοπονεῖς,
2751 1909 2796 1971 ὦ
2848 1916 3092 1977 πλούσιε,
3124 1915 3194 1970 τὰ
3231 1914 3342 1970 τῶν
3373 1913 3622 1984 πενήτων
3651 1911 3708 1964 ἐν

2134 2012 2246 2074 τοῖς
2301 2012 2422 2074 σοῖς
2466 2009 2761 2082 θησαυροῖς
2799 2007 3205 2080 ἀποκρύπτων;
3265 2005 3332 2058 Τί
3385 2003 3709 2072 αἰτούμενος

2136 2101 2268 2174 παρ’
2303 2101 2484 2156 αὐτῶν
2511 2101 2845 2168 ἀγανακτεῖς
2878 2101 2954 2163 ὡς
3003 2098 3216 2154 οῐκοθεν
3245 2096 3595 2159 άνὰλίσκων;
3629 2094 3711 2146 Τά

2136 2191 2370 2262 πατρῷα
2397 2190 2666 2253 θέλουσιν,
2701 2189 2762 2242 οὐ
2811 2187 2882 2241 τά
2915 2187 3004 2252 σὰ,
3043 2187 3112 2240 τὰ
3159 2183 3574 2255 ἐγχειρισθέντα
3627 2198 3711 2233 σοι

2136 2281 2207 2335 δι’
2235 2281 2458 2348 αὐτοὺς,
2493 2280 2554 2332 οὐ
2591 2277 2728 2350 μετὰ
2769 2277 2864 2331 σοῦ
2893 2275 3253 2346 γεννηθέντα.
3283 2274 3354 2326 Ἀ
3380 2271 3575 2333 ἔλαϐες
3597 2269 3708 2335 δδς,

2138 2374 2234 2428 καὶ
2268 2372 2364 2444 τὴν
2389 2375 2595 2442 χρῆσιν
2618 2371 2905 2442 κέρδανον.
2948 2369 3135 2440 Ἀρκεῖ
3171 2383 3256 2420 σοι
3285 2365 3368 2419 ὅτι
3393 2362 3619 2429 διδόναι,
3652 2361 3712 2415 ού

2139 2464 2437 2534 λαμϐάνειν
2467 2462 2725 2534 ἐτάχθης.

2213 2551 2378 2608 Οὐδὲν
2404 2549 2578 2613 οὕτως
2607 2549 2888 2619 εὐφραίνει
2915 2547 3006 2603 τὸν
3037 2547 3195 2616 Θεὸν,
3229 2547 3307 2612 ὡς
3351 2542 3713 2616 ἐλεημοσύνη.

2143 2647 2236 2699 Διὸ
2259 2646 2310 2699 οε
2343 2645 2511 2714 ἱερεῖς
2540 2644 2684 2698 κατὰ
2727 2645 2787 2698 τδ
2833 2645 3068 2698 παλαιὸν
3091 2643 3275 2696 ἔλαιον
3301 2641 3572 2711 ἐχρίοντο.
3624 2637 3719 2690 καὶ

2144 2740 2192 2792 οἱ
2219 2737 2479 2808 βασιλεῖς,
2512 2738 2608 2790 καὶ
2634 2738 2681 2790 οῖ
2707 2736 3000 2807 προφῆται.
3030 2736 3143 2804 Τῆς
3170 2733 3280 2804 γὰρ
3327 2731 3427 2786 τοῦ
3459 2729 3598 2784 Θεοῦ
3632 2746 3719 2796 φι-

2145 2827 2492 2897 λανθρωπίας
2540 2820 2686 2896 εἶχον
2733 2824 3002 2894 σύμϐολον
3053 2823 3117 2879 τὸ
3179 2822 3384 2878 ἐλαιον.
3425 2817 3648 2888 Ἐπειδὴ
3694 2819 3722 2870 ό

2148 2919 2282 2982 Θεὸς
2329 2920 2470 2972 ἐλεεῖ
2502 2918 2628 2981 τοὺς
2679 2916 3004 2989 ἀνθρώπους
3033 2916 3130 2969 καὶ
3189 2911 3718 2984 φιλανθρωπεύεται,

466 3013 614 3068 enim
645 3001 935 3064 sacerdotii
968 3006 1395 3075 in’tiunnlgitur
1454 3020 1606 3073 reges
1659 3019 1876 3073 quoque
1929 3005 2043 3059 oleo

2156 3012 2241 3066 διὰ
2269 3010 2425 3064 τοῦτο
2457 3010 2623 3080 ἐλαίῳ
2665 3009 2933 3080 ἐχρίοντο.
2958 3008 3070 3062 Καὶ
3109 3005 3217 3077 γὰρ
3265 3005 3366 3076 τὴν
3418 3002 3721 3074 ἱερωσύνην

466 3100 869 3174 unguebantur.
915 3117 935 3152 ι
967 3095 1220 3154 Omnium
1245 3097 1386 3150 enim
1434 3094 1651 3167 (inquit)
1685 3096 1931 3155 misereri
1960 3097 2054 3151 de-

466 3191 722 3258 bes,cum
747 3191 924 3262 possis
951 3189 1152 3243 omnia.
1183 3207 1202 3240 ι
1234 3187 1434 3257 Nempe
1463 3190 1565 3242 hoc
1587 3190 1785 3256 ipsum,
1807 3187 2052 3245 misereri

469 3287 617 3353 dico,
658 3285 939 3355 proprium
963 3289 1048 3336 est
1087 3279 1433 3350 principatui.
1457 3277 1645 3348 Cogita
1702 3281 1842 3349 quod
1896 3293 2054 3333 mun‘

471 3379 576 3432 dus
632 3391 729 3446 per
785 3371 1212 3429 misericordiam
1263 3372 1587 3426 constitutus
1619 3369 1712 3435 sit,
1752 3377 1807 3424 et
1843 3369 2053 3426 imitare

473 3465 786 3521 Dominum.
872 3463 1239 3518 Misericordia
1305 3463 1539 3516 hominis

472 3575 656 3623 suum,
678 3557 886 3612 Domini
917 3566 1096 3610 autem
1144 3555 1198 3608 in
1221 3568 1413 3609 amnes
1445 3555 1694 3609 homines
1723 3554 2050 3610 extenditur.

543 3649 688 3704 Nihil
721 3663 829 3703 tam
860 3649 1066 3703 similes
1119 3646 1230 3702 Deo
1256 3646 1454 3711 reddit,
1489 3662 1652 3716 quam
1716 3646 1781 3699 ad
1840 3646 2054 3702 veniam

475 3743 739 3812 improbis
765 3757 829 3797 ac
855 3741 1134 3810 injuriosis
1173 3737 1404 3794 dandam
1443 3743 1690 3807 paratum
1721 3751 1866 3794 esse.

549 3833 707 3902 (ἶνες.
747 3831 914 3902 Nysa.
967 3829 1331 3886 Misericordia
1379 3838 1466 3886 est
1514 3829 1825 3884 voluntaria
1879 3827 2053 3884 tristi-

480 3927 553 3982 tia
581 3943 644 3980 ex
677 3925 869 3981 alienis
897 3923 1053 3979 malis
1083 3925 1367 3994 producta.

547 4019 855 4074 Clementis.
886 4017 1068 4073 Facile
1125 4027 1309 4087 posset
1358 4017 1502 4072 Deus
1549 4015 1822 4080 neminem
1879 4014 2058 4069 facere

482 4127 801 4184 pauperem,
842 4113 936 4166 sed
990 4111 1065 4164 ita
1119 4108 1491 4163 beneﬁcentia:
1532 4123 1720 4163 ansam
1772 4106 2057 4171 adimeret,

485 4219 588 4260 nec
617 4203 852 4272 amplius
881 4201 1044 4257 vellet
1091 4200 1293 4270 aliquis
1349 4199 1658 4254 condolere.
1721 4197 1880 4253 Nunc
1931 4213 2058 4252 vero

486 4295 580 4350 alii
609 4295 840 4350 aliorum
873 4293 1047 4364 gratia
1081 4293 1165 4347 vel
1209 4292 1408 4347 divites
1457 4291 1540 4347 vel
1578 4292 1740 4362 egeni
1783 4298 1936 4360 sunt,
2000 4298 2059 4346 ut

487 4387 642 4444 locus
671 4399 724 4442 et
760 4386 985 4440 materia
1017 4383 1382 4441 beneﬁcentiae
1409 4392 1684 4454 suppetat.

558 4480 817 4539 Philonis.
852 4478 1039 4535 Talem
1087 4487 1142 4534 te
1174 4476 1396 4534 famulis
1459 4478 1566 4534 tuis
1607 4478 1808 4548 praebe,
1843 4477 2058 4548 qualem

489 4575 586 4631 tibi
625 4573 794 4628 Deum
817 4581 994 4642 optas.
1023 4569 1322 4626 Audiemur
1376 4569 1526 4624 enim
1556 4585 1588 4624 a
1615 4568 1750 4635 Deo,
1790 4569 1932 4625 sicut
1961 4584 2062 4626 nos

489 4668 764 4733 audimus,
793 4673 848 4722 et
870 4653 1218 4734 aspiciemur'
1237 4662 1308 4716 ab
1335 4662 1455 4730 ipso
1499 4671 1558 4716 ut
1604 4675 1709 4716 nos
1741 4661 2060 4730 aspicimus.

492 4759 796 4818 Aﬂ'eramus
851 4758 1016 4829 igitur
1061 4755 1492 4811 misericordiam
1519 4769 1616 4825 pro
1655 4753 2059 4821 misericordia,

497 4863 558 4912 ut
588 4868 687 4923 pro
724 4849 888 4907 simili
919 4849 1099 4905 simile
1124 4847 1508 4918 adipiscamur.

565 4941 814 4997 Democr.
839 4936 1155 5004 Hospitibus
1187 4945 1244 4991 et
1271 4935 1456 5003 egenis
1490 4933 1769 5003 impertire
1792 4933 1861 4989 de
1903 4933 2066 4990 rebus

497 5033 629 5089 tuis.
655 5031 791 5087 Nam
823 5029 914 5101 qui
941 5043 1050 5085 non
1081 5028 1173 5083 dat
1202 5027 1492 5096 indigenti,
1546 5042 1649 5084 nec
1693 5026 1814 5098 ipse
1837 5027 2068 5098 accipiet

501 5139 626 5182 cum
667 5122 954 5192 indigebit.

571 5217 816 5274 Pittacus
853 5213 1112 5284 injuriam
1152 5225 1347 5281 passus
1378 5225 1408 5264 a
1438 5209 1675 5280 quodam
1731 5224 1857 5264 cum
1915 5209 2067 5264 illum

506 5308 761 5382 puniendi
812 5314 1136 5376 potestatem
1191 5305 1434 5367 haberet,
1493 5303 1726 5372 dimisit,
1766 5303 2065 5374 inquiens:

1612 3461 1666 3515 in
1747 3461 2050 3530 proximum
2116 3469 2119 3472 ’

2090 4387 2137 4446 D

2158 3099 2267 3158 ἀπὸ
2290 3100 2468 3163 ἐλέους
2494 3098 2767 3168 ἐποίησεν.
2797 3098 2907 3152 Καὶ
2929 3097 2978 3151 oi
3009 3094 3249 3166 βασιλεῖς
3271 3093 3438 3162 ἐλαίῳ
3461 3092 3718 3162 ἐχρίοντο.

2162 3211 2180 3245 ι
2227 3193 2504 3263 Ἐλεήσεις
2550 3191 2680 3260 γὰρ,
2731 3189 2887 3260 φησὶ,
2943 3187 3172 3253 πάντας,
3202 3188 3284 3242 ὅτι
3339 3185 3522 3240 πάντα
3573 3183 3721 3236 δύνας

2157 3304 2270 3342 σαι.
2303 3306 2322 3338 ι
2356 3285 2528 3338 Τοῦτο
2551 3284 2659 3353 γὰρ
2705 3282 2880 3353 ἀρχῆς
2913 3281 3068 3345 ίδιον,
3095 3279 3157 3335 τὸ
3212 3279 3405 3336 ἐλεεῖν.
3443 3277 3721 3338 Ἐννόησον

2155 3377 2328 3433 ὅτιδι⁹
2350 3377 2498 3430 ἔλεον
2526 3379 2554 3430 ό
2599 3376 2800 3446 κόσμος
2832 3372 3156 3442 συνεστάθη,
3188 3372 3282 3426 καὶ
3330 3369 3575 3440 μίμησαι
3626 3365 3719 3419 τὸν

2156 3471 2453 3540 Δεσπότην.
2487 3469 2680 3532 Ἔλεος
2716 3467 3005 3537 ἀνθρώπου
3038 3466 3131 3518 ἐπὶ
3157 3464 3248 3517 τὸν
3277 3461 3504 3533 πλησίον
3536 3458 3721 3522 αὐτοῦ,

2157 3563 2302 3624 ἔλεος
2326 3561 2384 3615 δὲ
2416 3560 2623 3632 Κυρίου
2653 3558 2746 3612 ἐπὶ
2773 3559 2955 3612 πᾶσαν
2982 3557 3182 3626 σάρκα.

2225 3653 2393 3708 Οὐδὲν
2422 3651 2596 3716 οὕτως
2627 3653 2806 3722 ὁμοιοῖ
2829 3652 2907 3720 τῷ
2938 3649 3080 3720 Θεῷ,
3124 3649 3200 3712 ὡς
3229 3647 3290 3701 τὸ
3317 3648 3431 3711 τοῖς
3467 3645 3724 3716 πονηροῖς

2157 3747 2253 3803 καὶ
2289 3750 2400 3810 τοῖς
2431 3744 2708 3803 ἀδικοῦσιν
2745 3741 2886 3798 εἶναι
2911 3741 3383 3813 συγγνωμονικόν.

2231 3838 2420 3904 Ἐλεός
2450 3840 2596 3894 ἐστιν
2617 3837 2868 3901 ἑκούσιος
2887 3836 3033 3906 λύπη
3055 3835 3359 3906 ἀλλοτρίοις
3388 3834 3581 3896 κακοῖς
3607 3846 3723 3885 συν·

2159 3932 2444 4001 ισταμένη.

2228 4023 2467 4085 Δυνατδς
2493 4016 2564 4094 ἦν
2596 4021 2626 4074 ὁ
2661 4019 2796 4085 Θεδς
2823 4019 3049 4090 ποιῆσαι
3081 4018 3289 4090 μηδένα
3316 4018 3528 4088 πένητα
3547 4034 3564 4051 ο
3597 4014 3728 4070 ἀλλά

2155 4117 2218 4170 τὸ
2249 4111 2308 4171 εὖ
2341 4117 2537 4169 -ποιεῖν
2563 4113 2905 4184 περιῃρεῖτο,
2949 4112 3296 4182 συμπάσχειν
3325 4111 3508 4174 οὐδεὶς
3554 4109 3724 4179 ἠξίου.

2157 4206 2274 4262 Νῦν
2300 4207 2357 4260 δέ
2382 4205 2629 4276 ἀλλήλων
2655 4204 2820 4258 ἕνεκα
2862 4203 2958 4258 καὶ
2987 4201 3340 4272 εὐποροῦμεν
3367 4205 3467 4257 καὶ
3499 4197 3728 4271 ἀποροῦ-

2167 4315 2290 4370 μεν,
2327 4297 2415 4354 ἵνα
2438 4298 2604 4362 τόπος
2625 4293 2912 4368 γενώμεθα
2935 4296 3003 4367 τῇ
3029 4294 3271 4364 εὐποιία.

2233 4478 2491 4543 Τοιοῦτος
2533 4477 2684 4548 γίνου
2722 4477 2849 4549 περὶ
2878 4476 3006 4541 τοὺς
3028 4478 3158 4540 σοὺς
3183 4475 3428 4542 οἰκέτας,
3455 4469 3568 4529 οἷον
3597 4473 3729 4550 εὔχῃ

2166 4592 2252 4630 σοι
2274 4573 2366 4629 τὸν
2393 4572 2528 4627 Θεὸν
2559 4571 2830 4640 γενέσθαι.
2876 4569 2967 4634 Ὠς
2995 4568 3106 4640 γὰρ
3127 4569 3430 4638 ἀκούομεν,
3468 4566 3728 4636 ἀκουσθη-

2166 4665 2369 4736 σόμεθα
2391 4663 2496 4718 ὑπὸ
2537 4661 2634 4716 τοῦ
2658 4660 2794 4715 Θεοῦ
2819 4675 2834 4692 ο
2864 4661 2959 4715 κα)⁸
2981 4659 3057 4722 ὡς
3081 4659 3322 4731 ὁρῶμεν,
3353 4654 3728 4729 ὁραθησόμιθα

2166 4758 2261 4812 ὑπ’
2287 4754 2478 4811 αὑτοῦ.
2502 4754 2971 4826 Προσενέγκωμεν
2995 4746 3092 4806 οὖν
3122 4750 3218 4804 τοῦ
3252 4750 3407 4805 ἐλέου
3440 4750 3536 4805 τὸν
3561 4749 3726 4810 ἔλων,

2168 4849 2257 4904 ῑνα
2292 4848 2370 4920 τῷ
2399 4845 2572 4918 ὁμοίῳ
2601 4846 2663 4899 τὸ
2684 4846 2871 4914 ὅμοιον
2891 4843 3309 4914 ἀντιλάϐωμεν.’

2237 4938 2422 5005 Ξένοις
2459 4938 2765 5011 μεταδίδου,
2792 4938 2887 4991 καὶ
2917 4940 3030 5001 τοῖς
3059 4937 3355 5008 δεομένοις,
3391 4938 3458 4991 ἐκ
3486 4935 3594 4990 τῶν
3623 4933 3735 4986 idv-

2167 5052 2296 5088 των.
2336 5033 2398 5088 '0
2427 5033 2536 5104 γὰρ
2564 5031 2640 5104 μὴ
2667 5028 2846 5093 διδοὺς
2871 5028 3112 5102 δεομένῳ
3139 5029 3265 5084 οὐδὲ
3317 5029 3484 5094 αὐτὸς
3510 5026 3733 5099 λήψεται

2165 5126 2442 5196 δεόμενος.

2243 5219 2509 5282 Πιττακὸς
2541 5217 2821 5290 ἀδικηθεὶς
2849 5218 2956 5273 ὑπό
2995 5235 3164 5282 τινος,
3191 5216 3289 5270 καὶ
3323 5216 3466 5288 ἔχων
3492 5213 3734 5280 ἐξουσίαν

2169 5307 2330 5363 αὑτὸν
2374 5307 2622 5373 κολάσαι,
2669 5307 2909 5378 ἀφῆκεν,
2950 5305 3121 5362 εἰπών
3146 5323 3162 5340 ο
3199 5305 3509 5376 Συγγνώμη
3569 5319 3737 5372 τιμωο

507 5401 673 5459 Venia
710 5399 903 5454 melior
928 5407 1011 5453 est
1058 5396 1336 5453 vindicta:
1369 5397 1487 5453 haec
1531 5397 1680 5452 enim
1717 5398 1941 5454 belluini
1985 5413 2043 5455 es

2175 5398 2293 5467 ρίας
2323 5399 2569 5468 ἄμεινον.
2605 5399 2680 5453 τδ
2711 5400 2810 5470 μέν
2844 5399 2953 5470 γὰρ
2999 5399 3209 5471 ἡμέρου
3255 5398 3473 5468 φύσεώς
3507 5398 3637 5462 ἐστι.
3670 5392 3734 5446 τὸ

500 5491 728 5565 ingenii,
762 5489 853 5544 illa
887 5488 1181 5543 mansueti.

568 5584 920 5640 Philistionis.
944 5582 1018 5636 Ex
1050 5587 1308 5652 percepto
1324 5578 1513 5634 dolore
1529 5579 1823 5638 condolere
1847 5580 2068 5650 discas;

501 5693 626 5736 nam
653 5686 710 5736 et
738 5677 834 5735 tibi
878 5677 1021 5735 alius
1052 5675 1146 5748 qui
1171 5671 1361 5742 doluit,
1386 5671 1714 5730 condolebit.

2173 5490 2229 5545 δὲ
2258 5490 2579 5562 θηριώδους.

2254 5580 2350 5643 Ἐκ
2390 5580 2486 5637 τοῦ
2535 5582 2728 5638 παθεῖν
2755 5582 2991 5652 γίνωσκε
3046 5583 3109 5636 τὸ
3154 5581 3483 5655 συμπαθεῖν.
3513 5579 3616 5635 Καὶ
3647 5575 3732 5630 σοὶ

2173 5674 2282 5745 γὰρ
2307 5671 2464 5738 ἄλλος
2499 5673 2911 5746 συμπαθήσεται
2944 5674 3152 5732 παθών.
