3980 6248
212 1202 223 1247 ὅ

277 308 386 375 873

872 426 1096 481 ΛΟΓΟΣ
1129 430 1265 484 KH’.

272 539 419 612 Περί
448 539 763 614 φειδωλῶν
804 542 904 601 καὶ
944 545 1349 617 ᾀμεταδότων,
1392 546 1492 601 καί
1523 544 1862 617 Memineri-

752 631 873 682 νην
894 614 980 685 μὴ
1017 618 1375 671 ποιούντων.

344 708 485 762 Οὐαὶ
538 708 690 778 ὑμῖν,
733 710 1088 778 γραμματεῖς
1129 711 1227 764 καὶ
1290 711 1578 782 Φαρισαῖοι
1627 712 1860 782 ὐποκρι-

267 802 384 868 ταὶ,
416 802 500 855 ὅτι
529 800 934 857 ἀποδεκατοῦτε
977 803 1036 856 τὸ
1062 803 1354 875 ἡδύοσμον,
1384 807 1480 859 καὶ
1525 806 1588 860 τὸ
1633 805 1856 877 ἄνηθον,

267 894 368 946 καὶ
417 895 510 947 τὸν
562 894 814 963 κύμινον,
875 896 971 947 καὶ
1016 897 1269 966 ἀφήκατε
1319 897 1388 952 τὰ
1441 896 1720 968 βαρύτερα
1760 894 1857 951 τοῦ

266 984 461 1055 νόμου,
489 989 588 1056 τὴν
608 987 798 1054 κρίσιν
820 988 916 1040 καὶ
945 987 1038 1040 τὸν
1062 988 1231 1045 ἔλεον.
1262 988 1451 1044 Ταῦτα
1475 988 1533 1043 δὲ
1560 989 1670 1044 ἔδει
1701 989 1859 1059 ποιῆ-

266 1097 381 1142 σαι,
410 1079 635 1133 κάκεῖνα
674 1080 751 1149 μὴ
790 1079 1029 1148 ἀφιέναι,

342 1172 520 1225 Εῐδότι
559 1172 720 1226 καλὸν
778 1174 977 1239 ποιεῖν,
1033 1173 1129 1226 καλ⁸
1162 1172 1238 1245 μὴ
1291 1172 1561 1240 ποιοῦντι,
1610 1172 1856 1243 ἁμαρτία

263 1264 421 1334 αὐτῷ
445 1267 617 1319 ἔστιν.

347 1356 413 1413 ’11
445 1358 626 1430 κρίσις
654 1358 885 1422 ἀνίλεως
916 1357 994 1430 τῷ
1028 1359 1104 1431 μὴ
1135 1360 1429 1432 ποιήσαντι
1466 1359 1638 1423 ἕλεος.

340 1538 424 1591 Τὰ
452 1536 742 1609 σπλάγχνα
768 1540 878 1593 τῶν
912 1539 1127 1594 ἀσεϐῶν
1166 1540 1363 1612 ἀνελεή
1375 1557 1534 1610 μονα.

344 1632 538 1685 Ἔστιν
570 1631 879 1704 ἀῤῥωστία,
914 1634 980 1702 ἣν
1024 1629 1165 1687 εἶδον
1198 1633 1302 1687 ὑπδ
1338 1634 1428 1688 τὸν
1478 1634 1654 1704 ἥλιον,
1687 1630 1855 1687 πλοῦ-

261 1742 359 1778 τον
414 1725 824 1795 φυλασσόμενον
878 1726 1010 1795 παρ’
1056 1726 1220 1780 αὐτοῦ
1266 1728 1347 1790 είς
1405 1726 1610 1781 κακίαν
1643 1721 1849 1782 αὑτοῦ·

1061 312 1239 376 LOCI
1274 313 1712 377 COMMUNES.
1754 340 1822 353 -
1859 316 2059 379 PARS
2095 316 2146 380 Ῑ.
2186 318 2444 380 SERMO
2484 320 2704 383 XXIX-

1892 435 1940 491 Δ

3439 319 3549 387 8⁸14

2325 430 2563 490 SEBMO
2605 432 2823 489 XXVIII
2881 432 2980 507 [αι.
3027 433 3189 511 LIX}.

1970 540 2048 596 De
2074 543 2253 610 parcis
2290 543 2834 619 etilliberalibns,qet
2884 547 3266 618 eleemosynam
3313 565 3416 603 mm
3464 548 3552 619 [ac

2266 672 2277 683 ,
2616 616 2895 671 cientibus.

2036 705 2233 760 Matth.
2265 722 2423 762 xxm.
2462 707 2554 763 Va:
2586 708 2765 777 vobis,
2810 709 3017 766 Scriba
3055 720 3112 767 et
3142 710 3406 769 Pharisaei
3446 712 3554 783 by.

1961 800 2207 866 ροσε-ειη,
2233 801 2495 869 quoniam
2520 801 2806 858 decimatis
2841 804 3143 874 mentham,
3184 805 3469 871 anethum,
3495 815 3552 861 et

1960 889 2262 959 cyminum,
2292 898 2347 945 et
2383 906 2505 961 quae
2538 892 2789 963 graviora
2833 903 2963 950 sunt
3014 896 3069 951 in
3105 896 3223 967 lege
3249 896 3549 969 negligitis,

1956 978 2224 1048 judicium
2300 982 2514 1038 scilicet
2581 994 2637 1039 et
2695 986 3131 1043 misericordiam
3180 1006 3195 1042 :
3255 974 3543 1060 oportebat

1957 1080 2141 1126 autem
2180 1071 2298 1127 haec
2328 1074 2530 1141 facere,
2566 1083 2621 1130 et
2649 1076 2742 1130 illa
2772 1091 2883 1132 non
2914 1078 3191 1135 omittere.

2026 1161 2151 1218 lac.
2199 1179 2273 1222 tv.
2306 1166 2437 1241 Qui
2496 1166 2680 1225 sciens
2740 1167 2944 1224 bonum
2995 1167 3174 1226 facere
3225 1185 3336 1227 non
3395 1172 3545 1239 facit,

1958 1265 2185 1324 peccat-

2033 1345 2357 1405 Salomonis.
2393 1348 2791 1408 lmmisericors
2815 1351 3088 1421 judicium
3111 1354 3434 1425 experietur
3453 1358 3550 1430 qui

1958 1436 2394 1495 miscricordiam
2432 1456 2541 1496 non
2578 1439 2728 1497 fecit.

2028 1528 2192 1584 Prov.
2231 1548 2332 1587 xu.
2366 1530 2667 1603 lmpinrum
2695 1537 2907 1591 viscera
2965 1538 3214 1595 misereri
3275 1537 3548 1595 nesciunt.

2031 1618 2209 1675 Eccle.
2239 1637 2291 1676 v.
2334 1621 2535 1679 Vitium
2575 1633 2658 1680 est
2682 1626 2827 1696 quod
2864 1629 2973 1685 vidi
3023 1630 3127 1685 sub
3164 1630 3299 1697 sole,
3330 1630 3552 1685 divitias

1956 1713 2217 1767 custodiri
2260 1715 2315 1770 in
2366 1717 2566 1772 malum
2621 1718 2828 1776 domini
2870 1724 3084 1778 suizet
3135 1723 3241 1780 illa:
3300 1724 3555 1794 peribunt

261 1817 364 1869 καὶ
394 1815 679 1872 ἀπολεῖται
708 1817 737 1870 δ
767 1816 996 1881 πλοῦτος
1022 1820 1225 1880 ἐκεῖνος
1253 1819 1310 1871 ὲν
1345 1817 1713 1889 περισπασμῷ
1744 1834 1847 1871 πο·
1878 1803 1919 1857 Β
1950 1807 2217 1863 malorum
2252 1810 2631 1878 Ρεΐνετείίθιθο

376 1925 473 1964 ων.

376 1925 473 1964 (υνο

260 1924 500 2057 νηῗΕστι
530 2004 779 2059 πλουτῶν
807 2005 915 2060 ἀπὸ
941 2007 1216 2079 προσοχῆς
1246 2005 1341 2060 καὶ
1372 2005 1633 2075 σφιγγίας
1657 2004 1850 2060 αὐτοῦ·

261 2096 363 2149 καὶ
392 2096 711 2168 καταλείψει
745 2097 886 2152 αὑτά
936 2098 1147 2172 ἑτέροις
1179 2101 1276 2154 καὶ
1308 2099 1683 2154 ἀποθανεῖται.

351 2274 414 2329 '0
460 2278 712 2346 συνάγων
741 2278 848 2333 ἀπὸ
900 2280 1080 2351 ψυχῆς
1126 2280 1293 2335 αὐτοῦ
1344 2282 1566 2350 συνάγει
1627 2282 1849 2348 ἀλλοις*

261 2368 367 2422 καὶ
395 2368 453 2423 ὲν
480 2371 595 2432 τοῖς
628 2369 852 2438 ἀγαθοῖς
899 2371 1064 2425 αὐτου
1092 2372 1436 2441 τρυφήσουσι
1467 2372 1675 2428 πολλοί.

355 2460 417 2513 ’0
448 2463 685 2532 πονηρὸς
746 2461 926 2534 ἑαυτῷ
966 2462 1076 2518 τίνι
1121 2464 1324 2532 ἀγαθὸς
1378 2464 1573 2532 Istat;
1627 2465 1850 2534 Τέκνον,

261 2551 396 2606 καθ’
422 2553 545 2607 ὅσον
579 2552 746 2624 ἔχεις,
778 2549 838 2609 εὖ
868 2554 1011 2609 ποίει
1042 2554 1246 2625 σαυτῷ.

348 2646 570 2711 Ἄκουε,
608 2646 884 2717 ἄνθρωπε,
915 2647 1262 2716 Σολομῶντος
1286 2664 1302 2679 ·
1340 2649 1416 2720 μὴ
1454 2649 1856 2721 εῖπῃς,Ἐπαν-
1913 2708 1932 2723 ,

262 2740 446 2794 suam
506 2740 750 2812 ἐπάνηκε
774 2782 788 2807 ,
853 2742 949 2796 καὶ
1003 2741 1191 2811 αὔριον
1242 2742 1420 2807 δώσω,
1470 2742 1702 2797 δυνατοῦ
1757 2760 1852 2797 σου

261 2833 427 2895 ὂντος
457 2827 518 2888 εὖ
546 2837 744 2889 ποιεῖν.
775 2834 851 2889 Οὐ
876 2835 985 2905 γὰρ
1024 2830 1173 2899 οἶδας
1205 2835 1261 2888 τί
1287 2834 1501 2901 τέξεται
1532 2835 1565 2904 ἡ
1597 2834 1851 2889 ἐπιοῦσα.

264 2927 338 2979 Ὢ
377 2925 548 2981 ποίων
574 2925 1054 2997 παραγγελμάτων
1076 2927 1376 2999 ὑπερορᾷς,
1395 2926 1491 2979 καὶ
1525 2926 1777 2997 κατηφὴς
1803 2921 1856 2980 εἷ

260 3018 369 3072 καὶ
392 3018 799 3086 δυσέντευκτος,
832 3019 1097 3073 ἐκκλίνων
1120 3020 1220 3105 τὰς
1248 3019 1609 3088 ἀπαντήσεις,
1636 3020 1711 3088 μή
1746 3019 1850 3073 πού

261 3131 323 3168 τι
357 3113 452 3165 ml.
506 3112 703 3182 μικρὸν
755 3112 1111 3183 ἀναγκασθῇς
1157 3113 1268 3166 τῶν
1299 3111 1501 3183 χειρῶν
1555 3112 1845 3167 δκΰαλετνι

261 3205 420 3261 Μίαν
446 3202 596 3268 οἶδας
627 3205 830 3276 φωνὴν,
868 3203 985 3259 Οὐκ
1015 3204 1154 3275 ἔχων
1179 3204 1299 3258 οὐδὲ
1328 3204 1506 3269 δώσω,
1539 3205 1711 3276 πένης
1744 3208 1853 3277 γάρ

263 3301 409 3368 είμι,
451 3299 626 3368 Πένης
672 3294 723 3351 εἶ
765 3298 843 3366 τῷ
882 3298 998 3351 ὄντι
1040 3299 1243 3360 παντὸς
1290 3298 1521 3366 ἀγαθοῦ,
1560 3299 1733 3368 πένης
1763 3300 1856 3357 περ

203 3410 217 3422 σ
265 3408 447 3454 στεως
475 3392 554 3453 είς
606 3392 761 3457 θεὸν,
797 3392 969 3463 πένης
1004 3388 1053 3444 εἴ
1091 3391 1531 3462 φιλανθρωπίας,
1573 3393 1743 3461 πένης
1775 3393 1859 3445 ὲλ-

264 3484 449 3547 κίδος.
491 3485 885 3555 Συμμεριστάς
915 3486 1146 3554 ποίησον
1172 3485 1286 3539 τῶν
1337 3486 1519 3557 σητῶν
1543 3487 1670 3549 τοὺς
1704 3485 1856 3539 ἀδελ-

264 3576 406 3645 φούς
437 3593 533 3629 σου
560 3592 576 3608 ·
613 3575 927 3641 πλεονεξίας
954 3572 1092 3639 cibo;
1134 3577 1544 3647 χαλεπώτατον,
1575 3579 1714 3648 μηδὲ
1747 3576 1857 3631 τῶν

266 3670 656 3741 φθειρομένων
689 3669 1014 3738 μεταδοῦναι
1046 3671 1163 3733 τοῖς
1198 3670 1457 3725 ἐνδεέσιν.

339 3850 457 3903 Οὐκ
508 3849 771 3925 ἠλέησας,
826 3850 926 3903 οὐκ
981 3850 1292 3921 ἑλεηθήσῃ·
1333 3850 1435 3905 οὐκ
1487 3851 1711 3924 ἧνοιξας
1758 3853 1857 3923 τήν

265 3945 474 4010 οἱκξαν,
530 3943 944 4015 ἀποκλεισθήσῃ
992 3943 1092 4013 τῆς
1141 3943 1462 4014 βασιλείαςο
1502 3945 1604 3999 οὐκ
1651 3944 1858 4011 ἔδωκας

265 4038 437 4106 ἄρτον
472 4037 549 4105 τῷ
577 4034 855 4103 πεινῶντι,
882 4036 943 4090 οὐ
973 4035 1123 4111 λήψῃ
1160 4037 1261 4106 τὴν
1288 4037 1510 4093 αἰώνιον
1542 4039 1713 4111 ζωήν.

340 4216 553 4283 Δεῖξον,
594 4216 870 4288 ἄνθρωπε,
905 4217 975 4271 τὰ
1006 4218 1297 4289 ἔργα,’καὶ
1342 4220 1566 4273 ἀπαίτει
1598 4221 1727 4284 τοὺς
1765 4238 1858 4288 μι-

269 4310 458 4372 σθούς.
491 4310 681 4374 Οὐδεὶς
710 4311 849 4380 μετὰ
868 4311 928 4365 τὸ
942 4309 1171 4382 λυθῆναι
1198 4314 1298 4382 τήν
1330 4315 1859 4383 πανήγυρινπραγ-

267 4403 619 4475 ματεύεται,
686 4403 806 4457 οὐδὲ
873 4404 1016 4474 μετά
1066 4406 1195 4468 τοὺς
1259 4404 1478 4474 ἀγῶνας
1537 4405 1854 4460 ἐπανελθὼν

1880 3160 1927 3219 (Ξ

2032 1989 2139 2061 57
2207 1989 2418 2048 Siraelt.
2479 1994 2573 2049 Est
2627 1995 2827 2065 aliquis
2878 1996 3032 2052 dives
3087 2012 3184 2066 per
3245 2011 3434 2052 curam
3495 2004 3552 2053 et

1963 2086 2295 2140 anxietatem
2341 2101 2497 2142 suam
2521 2127 2536 2150 ,
2581 2096 2635 2145 et
2662 2089 2937 2158 relinquet
2973 2105 3107 2159 opes
3133 2089 3256 2145 aliis
3279 2131 3295 2158 ,
3332 2104 3395 2146 ac
3432 2105 3554 2146 mo-

1962 2178 2157 2236 rietur.

2032 2268 2135 2335 Qui
2176 2269 2382 2339 colligit
2426 2270 2667 2326 animam
2728 2285 2886 2326 suam
2934 2271 3292 2340 defraudans,
3346 2273 3556 2346 colligit

1961 2359 2086 2415 aliis
2113 2375 2129 2414 :
2158 2371 2215 2416 et
2243 2361 2297 2417 in
2333 2362 2491 2420 bonis
2519 2364 2693 2433 ipsius
2726 2364 2881 2419 multi
2909 2363 3336 2421 deliciabuntur.

2034 2452 2211 2511 Malus
2242 2455 2347 2511 sibi
2371 2455 2501 2527 ipsi,
2532 2457 2758 2512 cuinam
2788 2456 2892 2513 erit
2915 2456 3141 2513 bonus?
3198 2458 3323 2525 Fili,
3371 2460 3552 2530 quoad
3650 2490 3653 2493 -

1963 2555 2145 2615 potes,
2176 2545 2409 2603 benefac
2432 2548 2534 2604 tibi
2567 2548 2696 2619 ipsi.

2030 2641 2246 2697 Basilii.
2280 2642 2445 2710 Audi,
2480 2659 2514 2698 ο
2545 2646 2709 2700 homo
2732 2687 2749 2713 ,
2783 2644 3131 2703 Salomonem
3179 2664 3196 2703 :
3229 2662 3299 2704 ne
3351 2645 3506 2703 dicas
3535 2664 3553 2704 :

1962 2731 2256 2787 Revertere
2295 2733 2452 2799 alias,
2483 2742 2541 2789 et
2565 2747 2690 2791 cras
2730 2735 2827 2789 ῑὼἰ
2863 2736 3031 2803 dabo,
3081 2752 3208 2793 cum
3248 2739 3427 2808 possis
3461 2739 3555 2795 be-

1962 2824 2220 2881 neficium
2258 2832 2554 2893 praestare;
2589 2826 2774 2883 nescis
2798 2826 2946 2883 enim
2974 2829 3105 2898 quid
3129 2830 3406 2886 crastinus
3434 2830 3552 2887 dies

1964 2917 2158 2988 pariat.
2186 2915 2231 2972 0
2260 2931 2383 2987 qua;
2410 2928 2681 2988 prmeepta
2733 2920 3062 2985 contemnis,
3088 2931 3142 2977 et
3162 2923 3461 2985 tristitiam,
3489 2938 3554 2979 ac

1961 3007 2285 3077 gravitatem
2317 3022 2428 3077 pne
2449 3015 2503 3065 te
2534 3008 2666 3077 fers,
2699 3009 2983 3067 declinans
3031 3012 3247 3079 obvios,
3299 3029 3370 3069 ne
3421 3015 3553 3085 quid

1962 3102 2127 3158 etiam
2183 3102 2455 3158 modicum
2528 3102 2834 3173 expendere
2895 3106 3148 3176 cogaris!
3189 3108 3361 3164 Unam
3414 3108 3557 3165 hanc

1960 3208 2148 3250 vocem
2177 3193 2341 3259 nosti,
2367 3193 2506 3249 Cum
2536 3194 2671 3250 nihil
2700 3195 2952 3264 habeam,
2983 3197 3119 3253 nihil
3143 3198 3322 3267 dabo;
3349 3213 3555 3269 pauper

1959 3288 2108 3343 enim
2145 3303 2289 3345 sum.
2322 3288 2486 3357 Atqui
2544 3304 2673 3345 vere
2708 3305 2912 3360 pauper
2976 3307 3036 3346 es
3064 3298 3119 3346 ct
3172 3292 3329 3363 inops
3374 3294 3556 3351 omnis

1961 3380 2113 3447 boni,
2170 3379 2331 3450 inops
2384 3379 2507 3455 ildei
2542 3395 2671 3450 erga
2716 3378 2912 3444 Deum,
2958 3381 3117 3451 inops
3174 3382 3549 3455 benignitatis,

1962 3472 2119 3543 inops
2148 3473 2286 3541 spei.
2324 3450 2468 3538 Quin
2502 3472 2809 3541 impertiris
2837 3450 3105 3530 fratribus
3159 3474 3270 3529 tuis
3306 3450 3374 3530 ea
3427 3490 3551 3545 quae

1960 3566 2119 3619 aliter
2153 3580 2184 3619 a
2212 3565 2374 3620 tineis
2414 3565 2762 3620 crodentur?
2810 3565 3117 3621 Pessimum
3168 3566 3315 3622 istud
3370 3567 3551 3621 avari-

1961 3656 2050 3712 tiae
2109 3670 2281 3725 genus
2356 3663 2462 3721 est,
2519 3671 2588 3711 ne
2634 3656 2971 3727 corruptioni
3023 3655 3245 3727 quidem
3319 3655 3554 3714 obnoxia

1961 3747 2328 3816 indigentibus
2388 3748 2817 3804 communicare.

2031 3840 2287 3897 Misertus
2337 3855 2448 3895 non
2501 3856 2581 3907 es,
2616 3839 3054 3897 misericordiam
3098 3858 3206 3899 non
3252 3857 3552 3913 conseque-

1960 3934 2069 3997 ris;
2132 3945 2239 3985 non
2272 3931 2532 4000 aperuisti
2560 3932 2802 3997 domum,
2837 3930 3148 3989 excluderis
3187 3946 3393 4001 regno:
3441 3947 3552 3987 nou

1961 4021 2159 4078 dedisti
2200 4035 2393 4092 panem
2424 4021 2709 4089 esurienti,
2742 4035 2852 4078 non
2893 4021 3132 4095 accipies
3161 4030 3421 4079 aeternam
3464 4023 3552 4078 vi-

1964 4121 2127 4168 tam.'
2664 4176 2667 4181 η

2032 4206 2285 4274 Ostende,
2308 4220 2342 4261 o
2372 4207 2555 4275 homo,
2579 4222 2766 4280 opera,
2787 4217 2842 4262 et
2864 4217 2984 4279 pete
3004 4209 3332 4265 mercedem.
3360 4207 3554 4279 Nemo,

1962 4297 2159 4353 solutis
2178 4299 2291 4370 jam
2321 4302 2603 4370 nundinis,
2639 4304 2973 4374 negotiatur,
3006 4318 3185 4376 neque
3220 4311 3346 4376 post
3373 4313 3553 4360 certa-

1964 4390 2110 4445 mina
2146 4407 2398 4450 reversus
2446 4406 2762 4452 coronatur.
2811 4395 2892 4452 Ne
2948 4397 3112 4470 igitur
3159 4405 3281 4469 past
3324 4408 3552 4454 mortem

266 4495 641 4562 στεφανοῦται
668 4512 683 4529 ·
712 4496 774 4550 οὐ
802 4496 984 4550 τοίνυν
1015 4497 1156 4565 μετὰ
1186 4494 1293 4565 τὴν
1319 4495 1582 4565 τελευτὴν
1616 4496 1855 4551 εὐσεϐεῖ.

1985 4483 2187 4538 lentum
2223 4485 2346 4551 pius
2388 4501 2509 4543 csse
2536 4488 2694 4544 velis.

348 4586 539 4652 ’Δξιόν
571 4604 655 4640 σοι
688 4590 787 4657 τῆς
819 4590 1031 4657 σπορᾶς
1071 4587 1133 4640 τὸ
1178 4585 1358 4654 θέρος.
1402 4587 1637 4658 Πικρίαν
1669 4587 1861 4642 ἐσπει-

265 4696 418 4749 ραςς
450 4680 655 4749 δρέπου
701 4679 771 4733 τὰ
814 4680 1126 4750 δράγματα.
1168 4676 1243 4731 Τὸ
1288 4677 1515 4749 ἀνηλεὲς
1543 4678 1814 4749 ἐτίμησας
1842 4695 1860 4747 ;

261 4772 362 4843 ἔχε
391 4773 530 4841 ὅπερ
561 4772 878 4842 ἠγάπησας.
911 4773 1155 4839 Ἐφυγες
1180 4771 1277 4824 τὸν
1300 4769 1485 4837 ἐλεον;
1509 4769 1768 4837 φεύξεταί
1802 4788 1861 4824 σε

263 4869 297 4920 ὁ
346 4866 523 4927 ἔλεος.
595 4864 893 4931 Ἐϐὂελύξω
949 4864 1204 4935 πτωχόν;
1253 4862 1569 4936 βδελύξεταί
1607 4879 1667 4915 σε
1718 4865 1745 4916 ὁ
1793 4865 1863 4918 δι’

261 4957 423 5029 ἡμᾶς
457 4944 802 5027 τῖτωχεῦσας.

877 5092 1099 5149 ΛΟΓΟΣ
1137 5092 1266 5149 KG’.

266 5210 419 5281 Περι
464 5211 818 5280 εὐεργεσίας
863 5210 967 5264 καί
1014 5210 1280 5278 χάριτος,
1328 5208 1428 5264 καί
1462 5210 1860 5301 ’ἀχαριστίας.

341 5319 522 5379 Εἶπεν
553 5323 583 5376 δ
614 5322 819 5395 Κύριος
841 5362 858 5387 ,
894 5323 1066 5377 Ὀταν
1136 5322 1372 5395 ποιήσῃς
1429 5323 1655 5395 ἄριστον
1684 5321 1718 5393 ἢ
1758 5320 1863 5375 δεῖ-

259 5436 433 5483 πνον,
463 5418 540 5488 μὴ
569 5416 738 5487 φώνει
765 5416 893 5479 τοὺς
918 5413 1106 5484 φίλους
1139 5432 1254 5482 σου,
1287 5414 1422 5486 μηδὲ
1451 5417 1578 5478 τοὺς
1603 5413 1867 5485 ἀδελφούς

260 5529 393 5579 σου,
424 5508 561 5581 μηδὲ
585 5509 712 5572 τοὺς
758 5509 1040 5576 συγγενεῖς
1069 5523 1184 5573 σου,
1217 5507 1354 5578 μηδὲ
1405 5509 1651 5577 γείτονας
1707 5496 1869 5563 πλουξ

260 5605 446 5669 σίους,
480 5600 694 5673 μήποτε
733 5600 830 5655 καὶ
882 5599 1038 5654 αὐτοί
1069 5616 1128 5652 σε
1162 5600 1600 5670 ἀντικαλέσουσι,
1654 5601 1749 5656 καὶ
1777 5602 1868 5671 γέ-

257 5698 435 5767 νηταί
469 5711 554 5748 σοι
583 5694 947 5764 ἀνταπόδομα.
999 5691 1139 5747 Ἀλλ’
1169 5693 1299 5750 ὅταν
1315 5695 1473 5764 ποιῇς
1495 5694 1676 5764 δοχὴν,
1714 5695 1868 5748 κάλει

258 5790 549 5863 πτωχοὶς.
599 5789 934 5860 ἀναπήρους,
966 5780 1209 5860 χωλοὺς,
1242 5787 1497 5858 τυφλοὺς,
1540 5788 1635 5844 καὶ.
1687 5790 1868 5861 μακά-

568 5884 846 5947 ΡΑΤΒοι..
878 5886 1000 5946 Gn.
1020 5882 1356 5946 CXXXVI.

2045 4573 2238 4631 Messis
2272 4577 2369 4632 tibi
2414 4583 2649 4635 sementi
2697 4582 3078 4652 respondebit.
3112 4581 3435 4637 Amaritiem
3465 4595 3555 4636 se-

1968 4664 2117 4731 visti,
2147 4680 2309 4735 carpe
2341 4662 3232 4739 manipulos.lmmisericordiam
3288 4674 3508 4731 coluisti
3535 4714 3555 4741 ,

1969 4756 2174 4812 habeas
2232 4758 2378 4827 quod
2451 4760 2751 4817 dilexisti:
2818 4761 3008 4834 fugisti
3072 4765 3552 4828 misericordiam.

1970 4851 2163 4903 eadem
2198 4857 2248 4904 te
2282 4865 2501 4920 quoque
2526 4851 2729 4921 fugiet:
2764 4855 3117 4913 abominatus
3149 4873 3208 4914 es
3230 4872 3550 4929 pauperem,

1973 4940 2387 4997 abominabitur
2418 4953 2470 4998 te
2500 4944 2593 5013 qui
2625 4948 2793 5001 nostri
2820 4949 2992 5025 gratia
3031 4965 3236 5021 pauper
3263 4949 3387 5011 fuit.

2330 5082 2566 5141 seuuo
2620 5084 2789 5140 xm
2819 5084 2916 5158 [aL
2951 5085 3162 5160 LVlll.]

2116 5204 2190 5260 De
2237 5203 2575 5272 beneﬁcentia
2624 5212 2672 5257 et
2707 5205 2885 5273 gratia
2923 5217 2971 5261 et
3016 5208 3420 5279 ingratitudine.

2043 5312 2317 5376 Lucfxw.
2356 5320 2504 5375 Dixit
2566 5318 2851 5388 Dominus,
2885 5323 3019 5380 Cum
3076 5325 3213 5383 iacis
3266 5330 3557 5399 prandium

1970 5426 2064 5472 aut
2095 5430 2331 5483 ccenam,
2356 5415 2462 5469 noli
2488 5429 2684 5471 vocare
2720 5419 2929 5474 amicos
2963 5430 3107 5486 tuos,
3153 5437 3328 5494 neque
3358 5414 3559 5478 fratres.

1970 5518 2113 5575 tuos,
2136 5526 2310 5580 neque
2327 5517 2589 5581 cognatos
2612 5519 2753 5576 tuos,
2778 5527 2954 5581 neque
2975 5513 3182 5570 vicinos
3203 5524 3323 5571 tuos
3342 5513 3561 5591 divites;

1972 5617 2039 5658 ne
2063 5603 2284 5673 quando
2304 5611 2359 5657 et
2382 5602 2485 5672 ipsi
2522 5610 2573 5656 te
2604 5603 2847 5659 vicissim
2879 5605 3127 5670 invitent,
3147 5620 3211 5660 ac
3227 5606 3560 5674 rependatur

1975 5692 2071 5748 tibi
2124 5691 2477 5747 benellcium.
2506 5692 2625 5747 imo
2667 5709 2790 5748 cum
2827 5692 2960 5749 facis
3012 5694 3347 5763 convivium,
3421 5710 3559 5759 voca

1974 5800 2263 5858 pauperes,
2306 5784 2536 5854 debiles,
2573 5785 2817 5855 claudos,
2862 5801 3060 5849 caecos,
3093 5796 3146 5842 et
3186 5787 3377 5848 beatus
3428 5792 3565 5864 eris,

1988 5914 2001 5943 ι
3055 5880 3136 5943 28
