3784 6240
201 339 285 403 877
971 339 1145 401 LOCI
1177 340 1614 406 COMMUNES.
1649 368 1718 381 -
1759 344 1952 405 PARS
1996 344 2044 406 Ι.
2089 344 2350 406 SERMO
2387 345 2609 414 ΧΧίΧ,
3313 344 3427 411 878

199 463 282 527 τῆς
306 457 473 528 ψυχῆς
503 456 742 512 διαθέσει
770 456 865 512 τοῦ
907 457 996 513 διὰ
1030 460 1138 515 τῶν
1175 463 1353 535 ἔργων
1384 465 1482 538 τὴν
1511 464 1693 539 γνώμτ

1932 478 2026 518 nus
2048 462 2298 518 eﬂ‘ectum
2327 464 2416 518 (let
2441 504 2457 531 ,
2490 461 2620 516 nihil
2657 461 2883 517 inferior
2906 471 2987 516 est
3014 459 3179 515 animi
3209 463 3294 517 sui
3330 463 3426 518 hat-

198 556 241 605 δε
253 551 458 616 ἕξαντος.

1935 573 1964 610 ιι
1992 597 2006 622 ,
2033 573 2192 628 quam
2225 557 2317 627 qui
2351 572 2410 612 re
2459 557 2579 624 ipsa
2610 555 2953 626 propositum
2985 569 3148 610 suum
3182 554 3427 612 declara.

1846 649 1942 703 vit.

262 732 352 787 Τὸν
399 733 793 803 εὐεργετοῦντά
840 751 899 788 σε
952 734 1034 799 είς
1081 735 1283 808 ψυχὴν,
1333 737 1410 802 ὠς
1465 739 1744 812 ὑπηρέτην

1929 742 2020 808 Qui
2053 744 2249 797 animm
2283 751 2386 797 ture
2415 742 2742 798 beneﬁcium
2777 750 3021 812 praestat,
3057 741 3225 798 veluti
3258 741 3423 796 mini-

205 827 320 880 Θεοῦ
367 827 503 895 μετὰ
541 825 674 881 Θεὸν
703 824 861 898 τίμα,

1848 844 2020 891 strum
2061 836 2151 889 Dei
2186 843 2310 906 post
2342 833 2509 890 Deum
2540 836 2768 889 honora.

265 921 319 973 (li
345 920 680 974 δαπανῶντες
711 921 790 983 εἰς
849 921 1125 988 ἀναξίους,
1158 923 1228 976 δι’
1257 915 1332 978 ὧν
1381 923 1548 996 ὲχρῆν
1584 926 1746 997 θερα-

1931 929 2103 984 Photii
2124 927 2420 996 patriarch.
2443 926 2545 994 Qui
2592 927 2899 994 largiuntur
2942 927 3182 996 indignis
3213 943 3274 981 ea
3304 942 3425 995 qua:

203 1013 432 1066 πεύεσθαι
463 1014 588 1076 τοὺς
638 1012 845 1077 ἀξίους,
879 1018 1060 1084 τρισὶν
1093 1017 1316 1081 ἀτόποις
1361 1019 1579 1089 ἐνόχους
1620 1023 1697 1074 ὲαι

1926 1025 2031 1093 ςηίε
2061 1021 2300 1078 conferri
2329 1019 2620 1084 debebant,
2654 1020 2757 1073 tria
2783 1023 3131 1076 committunt
3156 1022 3420 1078 absurda:

200 1105 307 1164 τοὺς
335 1105 718 1174 ἀποφαίνουσιν
743 1121 758 1136 ⁸
808 1107 1126 1175 ἐζημίωσαν
1157 1108 1408 1173 ἑαυτοὺς,
1453 1112 1694 1182 ἐνύϐρισε

1932 1134 1974 1172 rn
2003 1125 2056 1170 et
2094 1114 2197 1185 ipsi
2227 1112 2501 1184 iacturam
2530 1111 2757 1177 faciunt,
2791 1112 2922 1167 etin
2947 1112 3122 1167 honos
3143 1126 3426 1167 contume-

150 1233 158 1280 δ
200 1203 308 1263 τοὺς
334 1201 618 1272 χρηστοὺς,
653 1202 778 1264 τοὺς
803 1200 1040 1270 φαύλους
1070 1202 1381 1274 ὲνίσχυσαν,
1407 1203 1540 1277 ὕλην
1567 1206 1644 1276 ἅμ

1931 1210 1969 1265 si
1997 1215 2215 1272 sunt,et
2252 1205 2422 1260 malos
2451 1203 2621 1260 fortes
2652 1204 2888 1259 reddunt
2916 1206 3147 1260 materia
3167 1207 3425 1260 vitiorum

198 1301 312 1353 τιῶν
339 1297 760 1367 χορηγήσαντες.

715 1315 760 1360 ς-
1848 1303 2204 1373 suppeditata.

270 1389 584 1458 Ἀχάριστον
627 1380 960 1461 εὐεργετεῖν,
1007 1389 1100 1444 καὶ
1136 1391 1331 1462 νεκρὸν
1379 1392 1749 1464 μυρίζειν,,ὲν

1937 1394 2030 1466 59
2053 1392 2325 1447 Plutarch.
2366 1391 2582 1458 ingrato
2603 1389 2944 1457 benefacere,
2969 1397 3023 1443 et
3051 1403 3252 1460 ungere
3282 1402 3431 1451 mor-

199 1484 288 1550 ῖῖῳ
308 1485 496 1536 κεῖται.
609 1551 611 1553 ι

1851 1501 2026 1553 tuum,
2057 1488 2246 1542 eadem
2281 1496 2429 1542 sunt.

264 1577 412 1644 Ὄφιν
462 1576 706 1645 τρέφειν,
747 1577 837 1629 καὶ
888 1578 1123 1646 πονηρὸν
1176 1578 1511 1648 εὐεργετεῖν,
1551 1579 1750 1634 ταυτόν

1931 1577 2239 1648 Serpentem
2265 1579 2411 1632 alere
2438 1619 2452 1642 ,
2486 1587 2540 1630 et
2577 1575 2723 1631 malo
2763 1575 3108 1638 benefacere,
3143 1574 3284 1629 idem
3317 1580 3425 1629 est.

199 1669 348 1720 ἐστιν.
382 1668 679 1740 Οὐδετέρου
711 1670 820 1740 γὰρ
850 1671 882 1738 ἡ
916 1671 1073 1739 χάρις
1103 1671 1318 1724 εὐνοιαν
1346 1674 1532 1743 γεννᾷ.

1850 1672 2053 1727 Neuter
2083 1671 2146 1724 ad
2183 1669 2618 1726 benevolentiam
2647 1667 2912 1723 beneﬁcio
2943 1667 3201 1722 trahitur.

268 1762 564 1830 Ἀνακρέων
608 1762 635 1814 ὁ
669 1763 981 1831 μελοποιὸς,
1012 1762 1194 1817 λαϐὼν
1221 1764 1483 1818 τάλαντον
1521 1765 1747 1836 χρυσίου

1933 1766 2220 1818 Anacreon.
2256 1749 2545 1817 Anacreon
2578 1761 2780 1832 lyricus
2802 1775 2928 1815 cum
2956 1761 3076 1814 auri
3110 1758 3370 1813 talentum
3400 1773 3427 1810 a

195 1854 332 1925 παρὰ
359 1853 738 1920 Πολυκράτους
770 1855 864 1907 τοῦ
898 1856 1181 1922 τυράννου,
1217 1855 1508 1922 ἀπέλυσεν,
1543 1858 1682 1910 εἱπώ

1937 1858 2134 1927 lycralc
2155 1867 2386 1922 tyranno
2423 1855 2748 1922 accepisset,
2774 1854 2896 1908 aliis
2927 1853 2978 1906 id
3009 1849 3306 1914 distribuit,
3343 1849 3431 1903 iu-

193 1945 338 1998 Μισῶ
367 1944 592 2014 δωρεὰν,
629 1946 752 2016 ἥτις
782 1946 1081 2014 ἀναγκάζει
1113 1948 1438 2017 ἀγρυπνεῖν.

1851 1950 2048 2020 quiens
2075 1966 2088 2001 :
2126 1947 2227 2003 Odi
2260 1961 2462 2002 munus
2491 1946 2636 2015 quod
2659 1945 2884 2014 vigilare
2911 1944 3075 2014 cogit.

253 2034 590 2105 Δημοσθένης
643 2035 942 2106 ἐρωτηθεὶς
987 2036 1040 2089 τί
1085 2036 1376 2106 ἄνθρωπος
1407 2037 1522 2109 ἔχει
1562 2038 1746 2108 ὅμοιον

1935 2043 2202 2097 Demosth.
2234 2039 2626 2095 Demosthenes
2661 2040 3028 2105 interrogatus
3087 2034 3214 2104 quid
3265 2032 3429 2086 homo

190 2125 318 2195 Θεῷ,
351 2126 448 2197 ἔφη
475 2142 490 2157 ο
517 2125 592 2180 Τὸ
618 2127 930 2198 εὐεργετεῖν
959 2126 1056 2180 καὶ
1082 2127 1389 2198 ἀληθεύειν.

1938 2136 2029 2191 ιίιε
2065 2135 2174 2191 Deo
2210 2134 2470 2197 haberet,
2504 2130 2638 2186 dixit
2683 2146 2696 2181 :
2735 2127 3066 2183 Benefacere
3093 2134 3149 2180 et
3179 2137 3310 2179 vera
3350 2122 3432 2176 di-

1851 2243 1996 2285 cere.

254 2309 457 2381 Μικραὶ
485 2310 707 2381 χάριτες
746 2310 804 2364 ὲν
829 2309 1008 2381 καιρῷ
1041 2308 1298 2380 μέγισταί
1326 2309 1432 2363 εἱσι
1466 2309 1578 2373 τοῖς
1608 2309 1748 2381 λαμ-

1939 2320 2140 2374 Dcmoc.
2161 2316 2332 2371 Parva
2358 2313 2620 2370 beneﬁcia
2657 2311 2977 2381 tempestiva
3041 2308 3280 2363 maxima
3304 2313 3433 2362 sunt

191 2403 399 2456 ϐάνουσι
430 2402 636 2467 ταύτας
662 2403 720 2454 ὲν
755 2402 1099 2474 περιστάσει.

1851 2410 2247 2479 accipientibus
2273 2422 2334 2462 ea
2363 2407 2415 2460 in
2440 2404 2778 2458 discrimine.

253 2493 433 2564 Μικρά
465 2493 664 2548 διδόναι
701 2494 893 2565 βούλου
937 2496 1159 2565 μᾶλλον,
1190 2495 1223 2563 ἢ
1263 2495 1475 2565 μεγάλα
1519 2495 1744 2565 έγγυᾷν.

1933 2502 2095 2557 Parva
2149 2499 2329 2568 Potius
2390 2498 2606 2567 largire,
2664 2508 2828 2562 quam
2899 2505 3090 2560 magna
3154 2487 3427 2559 promitte.

192 2586 255 2638 Ὀ
285 2603 343 2640 τε
375 2587 481 2656 γὰρ
512 2586 754 2651 κίνδυνος
787 2587 1005 2654 ἄπεστι,
1037 2588 1132 2641 καὶ
1173 2588 1202 2641 ό
1243 2587 1424 2641 λαϐὼν
1462 2587 1660 2660 ἔργων,

1937 2609 1966 2648 c
2016 2593 2165 2648 enim
2214 2590 2456 2662 periculo
2511 2597 2688 2650 vacat,
2730 2594 2783 2641 et
2813 2584 2904 2654 qui
2941 2581 3160 2651 accipit,
3205 2594 3286 2645 re,
3322 2593 3431 2632 non

185 2675 336 2745 λόγου
367 2679 554 2748 χρείαν
591 2677 724 2748 ἔχει.
1233 2683 1235 2686 ⁴

1233 2683 1235 2686 ﬁ
1853 2685 2033 2742 verbis
2073 2684 2295 2752 indiget.

249 2765 420 2841 ᾯτινι
444 2771 542 2842 τὴν
564 2772 726 2843 χάριν
756 2774 1020 2846 καταϐῇ-ο,
1042 2775 1236 2830 θᾶττον
1269 2775 1370 2844 τὴν
1397 2774 1558 2846 χάριν
1583 2773 1743 2828 δίδου.

1586 2773 1746 2828 δίδου.
1925 2778 1980 2832 Si
2015 2778 2101 2834 cui
2135 2774 2522 2832 benefacturus
2551 2785 2630 2837 es,
2667 2768 2849 2824 statim
2880 2764 3080 2822 facito.

261 2863 323 2915 Ἡ
349 2864 454 2933 γὰρ
477 2864 746 2936 βραδυτὴς
776 2865 1098 2936 λυμαίνεται
1124 2869 1224 2935 τὴν
1251 2867 1418 2924 δόσιν.

1852 2889 1869 2900 ·
1925 2870 2178 2926 Tarditas
2210 2869 2356 2924 enim
2387 2867 2641 2922 vitiosum
2668 2861 2850 2919 reddit
2876 2874 3101 2916 munus.

249 2955 557 3023 Δυνάμενος
614 2957 962 3027 χαρίζεσθαι,
999 2958 1076 3031 μὴ
1107 2957 1359 3032 βράδυνε,
1403 2957 1540 3013 ἀλλὰ
1579 2958 1743 3025 δίδου,

1926 2964 1984 3019 Si
2013 2964 2332 3020 benefacere
2383 2968 2556 3030 potes,
2601 2973 2668 3012 ne
2721 2955 2996 3012 cuneteris
3022 2996 3039 3021 ,
3069 2951 3163 3010 sed
3190 2947 3416 3020 largire,

183 3049 539 3120 ἐπιστάμενος
571 3052 645 3122 μὴ
675 3050 815 3107 εἶναι
841 3053 912 3107 τὰ
941 3054 1245 3124 πράγματα
1279 3055 1508 3127 μόνιμα.

1409 3074 1508 3127 μα.
1855 3059 2032 3115 sciens
2055 3055 2203 3127 quod
2235 3069 2323 3111 res
2345 3068 2452 3108 non
2493 3057 2624 3108 sunt
2660 3049 2903 3106 stabiles.

260 3141 318 3194 Ὀ
352 3141 594 3212 πλουσίῳ
643 3145 899 3215 χορηγῶν
936 3146 1088 3200 οὐδὲν
1117 3147 1366 3218 διαφέρει
1405 3147 1500 3202 τοῦ
1547 3151 1627 3215 είς
1658 3149 1751 3204 0d.-

1934 3147 2188 3207 Socratis.
2230 3147 2332 3215 Qui
2369 3145 2522 3202 diviti
2549 3143 2802 3213 largitur,
2839 3137 2976 3194 nihil
3005 3135 3194 3194 abillo
3222 3135 3428 3201 diﬁ‘ert,

182 3231 379 3288 λασσαν
411 3208 894 3306 ὓδωρ-ἐκχέοντος.
1220 3208 1232 3218 υ
1281 3208 1291 3218 1
1605 3208 1623 3215 ⁷

1281 3208 1291 3218 Ι
1605 3208 1623 3215 ⁷
1773 3208 1819 3272 C
1854 3241 1946 3313 qui
1973 3256 2170 3312 aquam
2198 3208 2435 3295 in'marc
2460 3208 2766 3308 profundit.

249 3326 413 3379 Οὐδὲν
439 3330 498 3381 ἐν
526 3329 603 3398 τῷ
636 3328 738 3401 βίῳ
765 3331 996 3401 τάχιστα
1028 3335 1298 3402 γηράσκει
1321 3331 1399 3397 ὡς
1433 3333 1614 3404 χάρις.

1925 3334 2074 3392 Nihil
2109 3335 2163 3390 in
2188 3335 2296 3390 vita
2322 3333 2554 3390 celerius
2583 3329 2850 3389 beneﬁcio
2877 3327 3154 3384 senescit;

247 3421 310 3476 Ἡ
338 3421 501 3493 χάρις
532 3424 668 3494 πρὸς
692 3422 1050 3494 εὐγνώμονας
1077 3425 1334 3480 οὐδέποτε
1357 3407 1608 3498 θνήσκει.

1938 3429 2172 3488 Catonis.
2205 3426 2536 3483 Beneﬁcium
2584 3422 2726 3494 apud
2783 3429 2966 3494 gratos
2997 3430 3275 3488 nunquam
3311 3429 3432 3468 mo.—

1855 3523 2017 3580 ritur.

242 3603 333 3669 Μὴ
360 3601 530 3672 φεῦγε
561 3602 736 3672 μικρὰ
761 3602 1110 3674 χαρίζεσθαι.
1139 3603 1323 3670 Δόξεις
1355 3603 1465 3680 γὰρ
1491 3603 1587 3659 καὶ
1611 3606 1736 3676 πρὸς

1941 3612 2169 3679 Epicuri.
2202 3610 2278 3666 Nc
2308 3624 2530 3666 recuses
2578 3607 2631 3662 in
2674 3605 2857 3676 parvis
2909 3600 3247 3674 gratiﬁcari:
3279 3597 3435 3654 vide-

174 3696 237 3747 τὰ
271 3694 492 3762 μεγάλα
529 3693 770 3756 τοιοῦτος
805 3689 970 3749 εἶναι.

1855 3706 1999 3762 beris
2037 3706 2182 3760 enim
2216 3707 2268 3759 in
2301 3703 2511 3773 magnis
2546 3714 2764 3769 quoque
2793 3694 3059 3768 ejusmodi
3086 3707 3229 3750 esse.

242 3784 335 3855 Μὴ
367 3785 636 3857 ὁνειδίσῃς
673 3785 753 3856 τῷ
788 3785 928 3854 φίλῳ
974 3803 1070 3840 σου
1111 3785 1373 3857 χάριτας·
1408 3787 1504 3859 ἔσῃ
1541 3788 1650 3857 γὰρ
1678 3787 1736 3849 ὡς

1940 3797 2096 3853 Sexti.
2131 3795 2208 3851 Ne
2259 3794 2558 3863 exprobres
2626 3789 2803 3844 amico
2877 3798 2972 3842 tuo
3031 3780 3434 3846 beneﬁcia;sic

171 3878 230 3928 οὐ
259 3877 532 3942 δεδωκώς.

1855 3893 2000 3948 enim
2031 3891 2142 3944 eris
2181 3896 2440 3957 tanquam
2469 3899 2575 3938 non
2605 3880 2842 3937 dederis.
2919 3936 2922 3940 ,

213 3971 306 4020 ‘0!
364 3970 440 4038 μὴ
496 3970 837 4040 χρησάμενοι
890 3971 998 4033 τοῖς
1031 3971 1248 4040 καιροῖς
1303 3970 1500 4040 ὀρθῶς,
1545 3969 1707 4024 esse:

1941 3983 2199 4037 Demosth.
2236 3979 2337 4047 Qui
2363 3977 2618 4045 temporis
2651 3973 2919 4028 rationem
2943 3983 3053 4024 non
3092 3967 3314 4034 habent,
3339 3982 3435 4022 nec

173 4061 371 4130 συνέϐη
402 4078 456 4112 τι
492 4062 678 4126 αὐτοῖς
724 4062 875 4134 παρὰ
928 4061 1023 4115 τοῦ
1058 4061 1194 4115 Θεοῦ
1241 4062 1502 4132 χρηστὸν,
1546 4079 1667 4133 μνηγ

1939 4075 2132 4144 ripiunt
2153 4071 2525 4133 occasionem,
2553 4064 2806 4138 quamvis
2839 4062 3044 4134 aliquid
3078 4059 3207 4116 boni
3235 4059 3433 4115 divini-

169 4170 222 4205 γε
232 4155 442 4207 ύουσιν.

1861 4178 1946 4224 tus
1968 4167 2047 4222 eis
2072 4163 2325 4235 obtigerit
2347 4175 2450 4216 non
2477 4160 2861 4215 meminerunt.

239 4246 333 4316 Μὴ
365 4247 508 4300 αττει
561 4246 796 4316 μεγάλα,
830 4247 917 4301 ἵνα
954 4247 1029 4318 μὴ
1064 4247 1210 4300 δυοῖν
1259 4247 1510 4319 θάτερον,
1547 4249 1578 4318 ἢ
1625 4264 1733 4313 τυγ

1946 4257 2022 4313 Ne
2054 4266 2206 4327 petas
2246 4269 2440 4327 magna
2467 4295 2480 4320 ,
2512 4268 2582 4308 ne
2611 4251 2840 4308 alterum
2876 4267 2905 4306 e
2935 4249 3153 4304 duobus
3195 4245 3433 4305 accidat,

167 4336 354 4405 χάνων
391 4338 593 4410 λυπῇς,
631 4339 664 4410 ἢ
701 4339 777 4410 μὴ
813 4341 1100 4412 τυγχάνων
1133 4339 1302 4412 λυπῇ.

1951 4350 2034 4407 vel
2061 4363 2286 4418 compos
2314 4347 2561 4402 redditus
2587 4345 2695 4399 voti
2724 4347 2987 4398 molestus
3015 4343 3121 4398 tias
3153 4340 3278 4396 aliis
3300 4379 3315 4405 ,
3350 4339 3437 4393 vel

1863 4459 1971 4499 non
2003 4455 2247 4510 compos,
2275 4440 2392 4509 ipse
2420 4436 2728 4492 molestiam
2763 4436 2990 4490 sentias.

239 4519 335 4586 Μὴ
366 4519 520 4589 παρὰ
567 4518 784 4573 πάντων
819 4518 886 4573 τὰ
935 4519 1184 4590 διδόμενα
1227 4520 1477 4594 δέχεσθαι
1525 4524 1660 4594 χρή’
1693 4526 1733 4578 ot

1945 4533 2196 4590 Cratetis.
2227 4530 2344 4585 Non
2371 4530 2440 4584 ab
2472 4527 2722 4581 omnibus
2749 4540 2870 4593 qua:
2894 4523 3093 4576 dantur
3119 4521 3432 4588 accipienda

159 4610 273 4682 γὰρ
301 4583 529 4682 θεμιτὸν
557 4611 758 4682 ἀρετὴν
785 4612 888 4665 ὑπὸ
918 4583 1115 4677 κακίας
1161 4583 1480 4684 τρέφεσθαι.
1618 4583 1628 4592 ’

1940 4635 2010 4681 nt.
2047 4623 2166 4679 Non
2197 4622 2352 4677 decet
2387 4619 2531 4673 enim
2557 4617 2812 4671 virtutem
2847 4613 2915 4668 ab
2955 4610 3304 4680 improbitate
3334 4626 3434 4663 nu-

1859 4717 1998 4774 triri.

228 4799 378 4862 Τοὺς
409 4798 653 4867 ἀγαθοὺς
679 4798 738 4853 εὖ
769 4800 934 4864 ποίει,
965 4800 1149 4864 Καλδς
1178 4800 1288 4872 γὰρ
1317 4802 1592 4875 θησαυρὸς
1624 4825 1722 4878 παρ

1941 4807 2170 4863 lsocrat.
2205 4800 2519 4858 Benefacito
2551 4797 2732 4854 bonis;
2765 4795 2997 4850 Pulcher
3035 4793 3180 4850 enim
3212 4793 3435 4849 thesau-

152 4889 320 4960 ἀνδρὶ
365 4890 648 4961 σπουδαίῳ
683 4891 842 4962 χάρις
869 4892 1219 4963 ὀφειλομένη.

1856 4915 1951 4957 rus
1974 4907 2058 4954 est
2085 4898 2224 4966 apud
2259 4894 2433 4947 virum
2466 4891 2666 4946 bonum
2702 4887 2882 4942 debita
2915 4885 3111 4957 gratia.

236 4983 631 5052 Ἀδαπάνητός
683 4983 800 5036 ἐστι
828 4986 927 5054 τῆς
958 4983 1205 5049 εὐποιίας
1231 4987 1258 5039 ό
1290 4985 1522 5051 πλοῦτος
1545 5002 1560 5020 ⁸
1589 4989 1647 5042 ιν
1674 4989 1730 5059 τᾷ

1946 4989 2246 5060 Thespidw.
2281 4984 2425 5055 Opes
2459 4997 2569 5038 non
2610 4981 2978 5036 absumuntur
3028 4977 3432 5035 beneﬁcentia:

143 5071 364 5127 διδόναι
415 5075 524 5145 γὰρ
551 5073 913 5143 λαμϐάνεται,
946 5076 1038 5129 καὶ
1073 5077 1129 5129 ὲν
1173 5077 1250 5147 τῷ
1277 5079 1596 5149 σκορπίζειν
1631 5102 1637 5128 t

1857 5083 2041 5140 dando
2074 5080 2219 5136 enim
2249 5076 2539 5146 accipitur,
2565 5083 2617 5130 et
2650 5072 2958 5144 spargendo
2989 5071 3290 5144 colligitur.

143 5163 376 5232 άγεται.

218 5257 437 5311 Λαϐὼν
465 5276 518 5312 τι
572 5259 724 5329 παρά
775 5276 943 5327 τινος,
993 5259 1156 5324 εὐθὺς
1199 5255 1421 5328 ἀπόδος,
1459 5261 1546 5314 ἵνα
1590 5263 1712 5318 πάλι

1937 5265 2065 5320 Cum
2086 5260 2217 5330 quid
2238 5260 2307 5317 ab
2330 5258 2516 5328 aliquo
2543 5255 2828 5327 accepisti,
2867 5269 2993 5311 mox
3021 5255 3212 5322 redde,
3245 5264 3304 5311 ut
3332 5257 3431 5311 ite-.-

136 5345 352 5421 λάϐῃς.

1855 5375 1975 5412 rum
2005 5355 2258 5425 accipias.

211 5439 517 5511 Χρήματα
547 5441 790 5514 πορίζειν
819 5443 918 5515 μὲν
947 5444 1049 5498 οὐκ
1077 5443 1294 5516 ἀχρεῖον
1322 5463 1336 5476 ·
1366 5445 1426 5511 ἐξ
1456 5447 1664 5511 ἀδικίας
1693 5448 1705 5500 ί

1937 5451 2055 5505 Non
2106 5446 2298 5503 inutile
2357 5445 2576 5518 quidem
2630 5453 2712 5500 est
2777 5443 3038 5514 pecunias
3097 5440 3425 5512 acquirere;

129 5534 364 5595 παντδς
390 5536 610 5590 κάκιον.

1853 5557 1948 5612 per
1979 5541 2304 5609 injustitiam
2343 5554 2494 5598 vero,
2529 5538 2688 5609 longe
2719 5538 3039 5607 pessimum.

204 5624 486 5695 ’Υμνους
512 5625 592 5697 τῷ
617 5625 758 5699 Θεῷ,
787 5629 1041 5692 ἐπαίνους
1066 5628 1122 5683 δὲ
1151 5630 1262 5693 τοῖς
1288 5629 1594 5701 ἀνθρώποις
1615 5649 1698 5703 παι

1938 5632 2180 5703 Hymnos
2223 5630 2331 5687 Deo
2355 5674 2369 5697 ,
2404 5630 2722 5686 hominibus
2756 5630 2944 5684 Iaudes
2977 5623 3235 5679 exhibere
3267 5636 3428 5691 opor-

120 5715 290 5775 ἐχειν
322 5720 436 5774 δεῖ.
1855 5733 1948 5775 tet.

197 5734 290 5769 ειν
322 5733 436 5774 εει.

161 5736 435 5868 χ[αὖ-,οη
462 5815 556 5869 καὶ
586 5817 747 5886 χάρις
773 5816 1069 5874 πειθόντων
1095 5817 1264 5888 ἐστὶν,
1289 5821 1350 5876 οὐ
1380 5821 1655 5893 βιαξομένι

1923 5763 2316 5848 ’ὺοιιενοιεηιίει
2355 5802 2410 5850 et
2445 5794 2616 5866 gratia
2659 5785 3100 5860 persnadcntium
3158 5797 3260 5853 est,
3314 5799 3417 5848 non

1845 5887 2184 5955 cogentium.
