3980 6248
384 352 488 414 bi!)

741 462 974 519 SERMO
1008 462 1154 516 xxx
1193 462 1318 534 [αι.
1349 461 1616 534 XXXlli].

564 558 635 612 De
676 560 853 627 inopia
882 569 931 611 et
959 572 1252 626 paucarum
1279 572 1456 610 rerum
1487 557 1800 626 indigentia.

461 650 579 720 60
613 650 807 705 Matth.
838 666 909 705 γι.
948 647 1095 703 Dixit
1128 647 1436 704 Dominus:
1472 648 1550 704 Ne
1583 649 1806 706 solliciti
1844 649 1966 705 sitis

389 746 514 798 vitae
546 753 739 800 vestrm
769 741 896 811 quid
924 741 1257 808 comedatis,
1302 757 1480 812 neque
1531 742 1748 812 corpori
1783 754 1967 798 vestro

386 838 517 906 quid
547 837 826 895 induatis;
860 834 952 890 sed
976 835 1204 904 qumrite
1235 849 1462 904 regnum
1500 837 1591 890 Dei
1623 835 1962 907 etjustitiam

384 931 523 998 ejus,
549 941 600 984 et
641 929 754 984 hinc
785 929 967 984 omnia
999 928 1328 998 adjicientur
1368 927 1550 984 vobis.

454 1115 574 1166 Act.
618 1128 709 1165 xx.
743 1114 1041 1182 Argentum
1084 1122 1180 1168 aut
1214 1129 1410 1168 aurum
1449 1123 1542 1168 aut
1572 1115 1960 1172 vestimentum

381 1205 585 1258 nullius
616 1205 918 1260 desideravi
948 1221 963 1261 :
1002 1205 1100 1275 ipsi
1135 1206 1290 1262 scitis
1313 1246 1329 1270 ,
1365 1206 1511 1276 quod
1536 1209 1964 1265 necessitatibus

382 1300 538 1362 meis,
559 1309 611 1352 et
639 1297 721 1351 his
744 1298 836 1366 qui
859 1314 1071 1353 mecum
1103 1307 1232 1353 sunt
1257 1299 1742 1369 suppeditaverunt
1769 1317 1964 1356 manus

382 1390 486 1444 lite.

447 1481 610 1536 Hebr.
642 1499 758 1536 xm.
786 1481 908 1537 Sint
937 1498 1116 1538 mores
1141 1483 1303 1538 alicui
1339 1484 1406 1538 ab
1441 1485 1692 1550 avaritia,
1718 1489 1960 1542 contenti

381 1576 448 1630 iis
490 1592 609 1646 qua:
642 1577 858 1632 adsunt.
893 1575 1176 1646 Siquidem
1247 1579 1363 1648 ipse
1405 1578 1541 1634 dixit
1573 1595 1590 1648 ;
1628 1579 1748 1634 Non
1784 1591 1833 1636 te
1870 1582 1963 1636 de-

379 1683 522 1730 sero,
563 1685 735 1739 neque
761 1669 1103 1741 derelinquo.

459 1759 688 1830 Philipp.
733 1778 805 1816 tv.
840 1759 976 1816 Nam
1034 1779 1134 1834 ego
1185 1765 1350 1820 didici
1386 1766 1438 1819 in
1489 1766 1692 1836 quibus
1725 1782 1868 1835 sum,
1904 1767 1956 1822 in

1668 352 1982 413 ANTONII
2024 353 2369 414 MELISSJS

3558 359 3664 422 880

2705 465 2925 519 ΛΟΓΟΣ
2957 464 3034 519 A'.
3064 502 3066 504 τ

2303 556 2441 622 Περὶ
2481 555 2918 624 ἀκτημοσύνης
2941 557 3040 611 καὶ
3073 557 3433 626 ὀλιγοδείας.

2141 644 2307 702 Εἶπεν
2336 651 2364 702 ὁ
2389 647 2619 718 Κύριος·
2643 648 2734 718 Μὴ
2789 651 3163 721 μεριμνήσητε
3210 653 3276 721 τῇ
3325 651 3471 723 ψυχῇ
3503 653 3660 722 ὑμῶν

2068 741 2121 792 τί
2195 741 2407 810 φάγητε
2449 759 2463 772 ’
2497 741 2632 810 μηδὲ
2691 741 2768 810 τῷ
2845 740 3059 809 σώματι
3119 742 3273 812 ὑμῶν
3334 746 3386 798 τί
3431 747 3660 818 ἐνδύσηο

2071 832 2182 886 σθε.
2221 834 2440 902 Ζητεῖτε
2491 833 2681 904 δὲτὴν
2735 833 3020 903 βασιλείαν
3071 833 3164 888 τοῦ
3223 835 3361 889 Θεοῦ
3411 839 3508 892 καὶ
3556 841 3658 910 τὴν

2067 925 2422 994 δικαιοσύνην
2449 926 2639 992 αὑτοῦ,
2676 928 2771 980 καὶ
2797 927 2972 982 ταῦτα
3006 929 3185 984 πάντα
3217 931 3654 1004 προστεθήσεται

2069 1019 2216 1083 ὑμῖν.

2147 1112 2438 1181 Ἀργυρίου
2474 1113 2506 1182 ἢ
2543 1114 2768 1182 χρυσίου
2805 1114 2837 1181 ἦ
2878 1115 3180 1182 ἱματισμοῦ
3211 1116 3423 1181 οὑδενδς
3457 1119 3656 1172 ἐπεθύ-

2068 1218 2218 1273 μησα
2239 1217 2252 1232 ·
2279 1203 2431 1255 αὐτοὶ
2455 1203 2753 1268 γινώσκετε
2783 1203 2862 1256 ὅτι
2882 1207 3000 1267 ταῖς
3030 1206 3239 1276 χρείαις
3268 1225 3394 1276 μου,
3421 1209 3518 1263 καὶ
3542 1212 3651 1274 τοίς

2065 1297 2183 1351 οῦσι
2219 1298 2338 1368 μετ’
2373 1295 2534 1368 ἐμοῦ,
2570 1297 2928 1368 ὑπηρέτησαν
2970 1299 3027 1352 αἱ
3063 1300 3244 1369 χεῖρες
3281 1293 3465 1356 αὗται.

2150 1475 2553 1545 Ἀφιλάργυρος
2595 1477 2624 1529 δ
2667 1475 2892 1546 τρόπος,
2924 1474 3264 1546 ἀρκούμενος
3295 1478 3406 1542 τοῖς
3446 1478 3652 1548 παροῦ-

2065 1585 2172 1621 σιν.
2208 1567 2383 1630 Αὑτδς
2417 1569 2526 1638 γὰρ
2560 1563 2737 1634 εἶπεν,
2776 1587 2794 1620 ‹
2834 1568 2909 1621 Οὐ
2949 1569 3023 1640 μή
3071 1585 3132 1622 σε
3164 1569 3300 1636 ἀνῶ,
3326 1570 3437 1624 οὐδ’
3471 1572 3533 1624 οὗ
3573 1574 3646 1641 μή

2067 1681 2125 1717 σε
2158 1664 2567 1731 ἐγκαταλείπω.
2610 1682 2626 1715 ›

2147 1756 2288 1824 Ἐγὼ
2318 1757 2519 1826 ἔμαθον
2572 1757 2630 1808 ὲν
2660 1753 2742 1819 οἷς
2789 1757 2928 1826 εἶμι,
2978 1757 3261 1828 αὐτάρκης
3303 1753 3464 1814 εῖναι.
3515 1756 3646 1813 Οἶδα

381 1852 466 1907 his
516 1861 806 1908 contentus
851 1869 996 1911 esse.
1049 1853 1186 1909 Novi
1215 1868 1270 1911 ct
1301 1857 1521 1913 humilis
1547 1873 1689 1927 esse,
1735 1861 1860 1914 novi
1903 1871 1955 1916 et

2105 1851 2156 1903 αὶ
2189 1849 2604 1911 ταπεινοῦσθαι,
2642 1845 2758 1902 οἶδα
2807 1851 2901 1903 καὶ
2952 1851 3335 1918 περισσεύειν·
3390 1855 3446 1906 ὲν
3484 1855 3646 1906 παντὶ

382 1945 650 1999 excellere
676 1961 690 2001 :
717 1945 915 2014 ubique
945 1959 998 2000 et
1031 1946 1082 1999 in
1123 1947 1380 2001 omnibus
1414 1947 1698 2004 institutus
1729 1964 1874 2016 sum,
1903 1959 1957 2004 et

377 2038 618 2092 saturari
653 2047 708 2093 et
763 2038 998 2103 esurire,
1029 2049 1081 2092 et
1111 2039 1393 2094 abundare
1424 2049 1476 2092 et
1510 2041 1790 2110 penuriam
1819 2041 1950 2110 pati.

378 2130 574 2187 Omnia
616 2147 832 2202 possum
881 2148 976 2200 per
1029 2132 1305 2186 Christum
1349 2132 1444 2202 qui
1482 2148 1568 2187 me
1601 2133 1953 2188 corroborat.’

460 2223 609 2277 Psal.
668 2239 852 2278 xxxvn.
899 2222 1168 2278 Modicum
1222 2225 1392 2278 satius
1445 2232 1529 2277 est
1571 2225 1741 2294 justo,
1786 2240 1951 2295 quam

377 2331 585 2386 magum
615 2325 959 2386 peccatorum
996 2316 1217 2371 divitias.

447 2408 601 2463 Psal.
652 2424 760 2462 ιιι.
804 2407 1012 2463 Divitiae
1065 2409 1110 2462 si
1160 2408 1407 2472 aﬂluant,
1443 2425 1537 2465 cor
1567 2425 1634 2464 ne
1671 2411 1948 2479 apponite.

461 2501 618 2556 Prov.
649 2517 739 2555 xxi
768 2541 780 2554 .
821 2499 916 2556 Vir
948 2501 1221 2570 indigens,
1255 2509 1404 2556 amat
1437 2501 1815 2557 sobrietatem.
1846 2500 1948 2567 Qui

375 2591 556 2648 vinum
588 2601 640 2647 et
667 2593 842 2647 oleum
874 2601 1042 2658 amat,
1072 2606 1178 2646 non
1212 2593 1439 2647 ditesect
1462 2594 1561 2661 (l).

462 2683 651 2740 Melius
708 2693 793 2740 est
851 2699 1026 2755 pauca
1085 2685 1333 2754 accipere
1363 2685 1744 2754 cumjustitia,
1784 2700 1948 2756 quam

375 2780 558 2833 multae
588 2777 964 2846 possessiones
993 2793 1118 2833 cum
1161 2777 1450 2848 iniustitia.

446 2870 636 2925 Melius
665 2883 748 2926 est
783 2871 1091 2926 convivium
1120 2886 1240 2924 cum
1263 2872 1502 2926 oleribus
1531 2872 1594 2924 ad
1628 2871 1960 2940 amicitiam,

375 2981 538 3036 quam
571 2963 842 3034 appositio
884 2964 1186 3018 vitulorum
1215 2981 1337 3018 cum
1379 2965 1684 3019 inimiticia.

452 3056 611 3111 Prov.
645 3069 775 3110 xvu.
805 3055 996 3109 Melior
1041 3066 1124 3110 est
1151 3055 1391 3110 buccella
1428 3069 1550 3110 Cum
1595 3055 1868 3126 voluptate
1895 3057 1949 3111 in

2064 1944 2160 1997 καὶ
2195 1945 2251 1996 ὲν
2287 1943 2422 1996 πᾶσι
2457 1943 2751 2012 μεμύημαι
2786 1944 2880 1998 καὶ
2907 1945 3270 2014 χορτάζεσθαι
3299 1945 3393 2000 καὶ
3426 1950 3639 2016 πεινᾷν,

2063 2039 2158 2089 καὶ
2207 2035 2563 2106 περισσεύειν
2599 2036 2689 2088 καὶ
2735 2035 3107 2104 ὑστερεῖσθαι.
3159 2037 3342 2093 Πάντα
3377 2038 3549 2109 ίσχύω
3587 2041 3643 2092 ὲν

2059 2126 2139 2197 τῷ
2170 2125 2564 2196 ἐνδυναμοῦντί
2605 2145 2672 2196 με
2697 2126 2943 2197 Χριστῷ.

2133 2221 2406 2288 Κρεῖσσον
2437 2217 2620 2287 ὀλίγον
2669 2219 2747 2287 τῷ
2778 2221 2975 2290 δικαίῳ
3011 2221 3151 2292 ὑπὲρ
3202 2221 3434 2276 πλοῦτον
3464 2223 3643 2294 ἁμαρ·

2059 2309 2245 2363 τωλῶν
2283 2310 2470 2364 πολύν.
2531 2359 2534 2362 .
2739 2323 2743 2327 ’
2841 2361 2844 2364 .
3387 2365 3389 2367 ,

2131 2402 2369 2467 Πλοῦτος
2395 2405 2489 2458 ἐὰν
2521 2406 2640 2476 ῥέῃ,
2679 2405 2755 2476 μὴ
2790 2405 3147 2476 προστίθεσθε
3179 2404 3430 2476 καρδίαν.

2142 2498 2303 2569 ’Λνὴρ
2355 2500 2540 2567 ἐνδεὴς
2600 2499 2792 2569 ἀγαπᾷ
2846 2499 3228 2569 σωφροσύνην.
3281 2497 3458 2551 Φιλών
3495 2490 3637 2552 οἶνον

2059 2593 2152 2648 καὶ
2181 2593 2361 2646 ἔλαιον
2390 2593 2448 2648 οὑ
2483 2593 2796 2662 πλουτήσει.

2127 2686 2396 2755 Κρεῖσσον
2421 2686 2578 2756 ὀλίγη
2609 2685 2772 2755 λῆψις
2805 2685 2947 2756 μετὰ
2989 2683 3344 2755 δικαιοσύνης
3392 2685 3424 2756 ἢ
3464 2683 3635 2738 πολλὰ

2056 2779 2373 2847 γεννήματα
2407 2779 2544 2848 μετὰ
2575 2778 2808 2838 ἀδικίας.

2128 2870 2398 2940 Κρεῖσσον
2448 2869 2698 2939 ξενισμδς
2737 2872 2875 2939 μετὰ
2903 2870 3150 2940 λαχάνων
3193 2867 3326 2939 πρὸς
3355 2868 3566 2938 φιλίαν,
3595 2869 3626 2938 ἢ

2057 2961 2362 3032 παράθεσις
2395 2961 2614 3034 μόσχων
2648 2961 2784 3030 μετᾶ
2817 2961 3042 3032 ἔχθρας.

2129 3055 2398 3122 Κρεῖσσον
2426 3052 2618 3123 ψωμδς
2665 3053 2784 3122 μεθ’
2815 3054 3007 3124 ἡδονῆς
3042 3055 3098 3106 ἐν
3132 3054 3353 3125 εἰρήνῃ,
3398 3057 3430 3124 ἢ
3487 3047 3632 3111 οἶκος

376 3165 532 3218 pace,
583 3163 746 3218 quam
790 3149 984 3202 domus
1033 3148 1190 3216 plena
1255 3147 1443 3202 multis
1473 3147 1628 3202 bonis
1651 3157 1704 3202 et
1734 3148 1948 3218 injustis

2105 3146 2274 3218 λήρης
2315 3145 2526 3200 πολλῶν
2564 3145 2786 3214 ἀγαθῶν
2837 3147 2928 3199 καὶ
2973 3145 3176 3202 ἀδίκων
3207 3145 3468 3215 θυμάτων
3498 3145 3632 3214 μετὰ

376 3241 663 3310 pecoribus
700 3255 821 3296 cum
851 3239 1220 3294 contentione.

463 3333 605 3391 Ibid.
629 3349 759 3389 xxx.
805 3333 1032 3388 Divitias
1059 3341 1115 3387 et
1145 3340 1520 3403 paupertatem
1560 3348 1628 3388 ne
1659 3333 1790 3388 mihi
1832 3334 1948 3400 des,

377 3427 602 3482 Domine
626 3471 641 3493 ,
677 3425 770 3481 sed
809 3425 1118 3481 necessaria
1140 3437 1192 3480 et
1218 3439 1336 3492 quae
1369 3423 1642 3480 suliiciant
1681 3425 1810 3480 mihi
1843 3426 1953 3481 lar-

375 3521 510 3592 gire,
547 3537 615 3576 ne
643 3531 921 3576 saturatus
953 3520 1075 3572 ﬁam
1113 3533 1309 3584 vanus,
1346 3527 1398 3572 et
1433 3517 1652 3574 dicam:
1693 3517 1826 3586 Quis
1867 3535 1952 3574 me

376 3612 522 3667 \idet
548 3611 571 3664 ?
597 3621 689 3666 aut
722 3625 923 3682 pauper
975 3612 1147 3666 factus
1176 3608 1374 3666 furtum
1406 3611 1838 3676 committam,et
1866 3611 1952 3682 ju-

376 3719 487 3758 iem
513 3719 606 3773 per
638 3717 832 3760 nomen
860 3703 952 3758 Dei
989 3703 1117 3760 mei.

454 3794 594 3855 Ibid.
627 3813 756 3852 xxv.
793 3797 1018 3853 lnvento
1051 3795 1208 3851 melle
1235 3796 1380 3866 quod
1418 3795 1554 3852 satis
1583 3807 1665 3853 est
1700 3799 1948 3864 comede,

375 3905 440 3944 ne
476 3890 612 3945 forte
636 3891 872 3959 repletus
906 3904 1150 3944 evomas.

457 3983 668 4038 Sirach.
689 3984 916 4037 Praestat
939 3984 1174 4053 pugillus
1202 3984 1393 4054 plenus
1413 4000 1535 4040 cum
1573 3987 1783 4057 quiete,
1808 3986 1949 4040 duo-

375 4076 476 4131 bus
512 4077 728 4144 pugillis
759 4091 881 4131 cum
914 4077 1119 4133 labore.

464 4166 681 4222 llomini
711 4168 944 4237 sapienti
973 4170 1172 4224 sumcit
1227 4173 1507 4242 exiguum.

471 4257 590 4314 Vita
621 4260 984 4330 frugalitatem
1027 4263 1305 4332 sequentis
1340 4264 1581 4330 jucunda
1615 4268 1739 4321 erit.

475 4353 712 4426 Somnus
742 4353 992 4411 sanitatis
1026 4355 1079 4410 iu
1113 4365 1300 4410 ventre
1338 4357 1643 4412 moderato.

461 4445 516 4500 S.
548 4445 758 4502 Basilii.
797 4446 1123 4516 Magnanimi
1189 4447 1341 4505 sitis.
1376 4447 1616 4504 Parietes
1667 4464 1796 4504 vero
1853 4467 1948 4506 seu

369 4539 520 4607 pll‘Vi
541 4552 636 4593 seu
668 4537 848 4607 magni
876 4538 1127 4592 euindem
1166 4554 1326 4593 usum
1359 4539 1638 4595 exhibent.

450 4629 604 4686 Unus
625 4639 709 4686 est
737 4645 935 4701 scopus
959 4633 1146 4698 vestis,
1181 4643 1238 4686 ut
1267 4631 1543 4689 sulliciens
1577 4643 1949 4706 tegumentum

369 4723 439 4776 sit
471 4725 530 4775 ad
558 4723 792 4778 hiemem
825 4732 879 4779 et
907 4734 1174 4782 mstalem.

436 4812 701 4883 Sumptus
717 4829 880 4884 supra
902 4829 1066 4884 quam
1097 4815 1398 4872 necessitas
1417 4825 1471 4872 et
1490 4834 1623 4874 usus
1649 4818 1947 4889 postulant,

409 4903 580 4958 husus
608 4914 710 4959 est.

457 4993 632 5051 Theol.
654 4997 878 5052 Praestat
899 4998 1091 5069 exigua
1131 5000 1308 5068 portio
1339 5015 1462 5056 cum
1497 5003 1806 5070 securitate,
1839 5021 1952 5059 ma-

411 5098 491 5136 na:
521 5102 643 5139 cum
673 5088 971 5142 debilitate.

455 5176 609 5246 Greg.
644 5177 804 5248 Nyss.
840 5179 1024 5250 Inopia
1049 5181 1145 5236 tibi
1181 5183 1251 5238 sit
1279 5184 1590 5253 obsonium,
1614 5196 1668 5242 et
1689 5189 1831 5257 quod
1865 5205 1951 5244 sa-

377 5270 537 5323 tietas
565 5285 672 5324 non
703 5273 958 5344 adjicitur
984 5276 1252 5344 satietati,
1298 5292 1396 5332 nec
1423 5279 1696 5350 appetitus
1726 5280 1951 5335 hebeta-

377 5373 464 5415 tur
485 5363 732 5432 crapula.

464 5453 568 5520 Qui
622 5453 766 5509 diem
816 5452 987 5522 dedit,
1037 5455 1188 5513 dabit
1225 5459 1390 5514 etiam
1430 5475 1552 5532 quae
1585 5461 1650 5516 ad
1685 5461 1826 5517 diem
1862 5478 1954 5518 ne-

379 5547 619 5603 ceSSaria
643 5558 794 5603 sunt.

457 5641 656 5696 lterum
692 5642 1274 5700 necessariarumusus
1324 5654 1377 5700 ct
1403 5648 1680 5716 possessio
1704 5649 1808 5720 61
1846 5664 1952 5704 non

455 5821 528 5891 tl)
571 5823 738 5881 Aliter
768 5827 962 5897 legitur
989 5829 1128 5898 apud
1165 5827 1442 5883 Hebraeos.

2060 3239 2260 3311 μάχηςο

2128 3333 2362 3389 Πλοῦτον
2402 3335 2494 3387 καὶ
2529 3335 2720 3389 πενίαν
2759 3336 2831 3404 μή
2865 3351 2954 3402 μοι
2985 3333 3113 3404 δῷς,
3143 3333 3338 3404 Κύριεο
3375 3333 3631 3399 σύνταξον

2053 3425 2110 3480 δέ
2145 3443 2236 3494 μοι
2273 3426 2336 3478 τὰ
2367 3425 2558 3480 δέοντα
2592 3426 2686 3480 καὶ
2725 3426 2792 3479 τὰ
2820 3425 3094 3495 αὑτὶιρκη,
3139 3426 3227 3478 ἵνα
3267 3426 3340 3496 μὴ
3373 3424 3632 3496 πλησθεὶς

2052 3519 2254 3590 ψευδὴς
2285 3519 2554 3587 γένωμαι,
2593 3519 2686 3570 καὶ
2715 3518 2873 3584 εἴπω,
2916 3518 3012 3582 Τίς
3048 3536 3115 3587 με
3139 3519 3277 3589 ὁρᾷς
3311 3519 3344 3588 ἦ
3377 3518 3628 3588 πενηθεὶς

2054 3612 2256 3682 κλέψω,
2291 3615 2386 3666 καὶ
2417 3611 2601 3680 ὀμὸσω
2625 3611 2685 3664 τὸ
2715 3611 2887 3682 δνομα
2918 3611 3013 3666 τοῦ
3045 3611 3180 3666 Θεοῦ
3215 3630 3336 3682 μου.

2123 3806 2258 3858 Μὲλι
2293 3805 2470 3876 εὑρὼν
2502 3804 2641 3874 φάγε
2697 3805 2755 3857 τὸ
2805 3805 3026 3871 ἱκανὸν..
3072 3808 3146 3879 μή
3191 3823 3325 3862 ποτε
3376 3807 3629 3879 πλησθεὶς

2053 3898 2338 3967 ὲξεμέσῃς.

2128 3993 2398 4060 Κρεῖσσον
2428 3991 2699 4062 πλήρωμα
2726 3993 2924 4063 δρακδς
2946 3991 3061 4059 μετ’
3086 3993 3474 4062 ἀναπαύσεως,
3495 3994 3626 4064 ὑπὲρ

2053 4083 2328 4150 πλήρωμα
2358 4081 2450 4134 δύο
2477 4081 2694 4150 δρακῶν
2727 4082 2784 4134 ὲν
2821 4082 3030 4152 μόχθῳ.

2135 4175 2221 4237 Ὠς
2263 4176 2448 4228 ἱκανὸν
2481 4173 2758 4245 ἀνθρώπῳ
2798 4175 3224 4247 πεπαιδευμένῳ
3257 4177 3318 4230 τδ
3364 4177 3559 4247 ὀλίγον.

2125 4266 2246 4330 Ζωὴ
2280 4267 2618 4336 αὐταρκείας
2651 4268 2888 4336 ἐργάτου
2926 4267 3384 4338 γλυκανθήσεται.

2128 4359 2336 4420 ⁸Υπνος
2361 4358 2548 4426 ὑγείας
2577 4359 2672 4412 ἐπὶ
2703 4359 2906 4429 ἐντέρῳ
2948 4361 3176 4430 μετρίῳ.

2127 4451 2391 4522 Μεγάλην
2424 4451 2576 4521 ἔχετε
2625 4451 2723 4521 τὴν
2747 4451 2947 4522 ψυχήν.
2980 4452 3164 4522 Τοῖχοι
3212 4454 3269 4508 δὲ
3307 4456 3402 4508 καὶ
3451 4455 3628 4526 μικροὶ

1979 4555 2024 4608 ι)
2055 4547 2151 4602 καὶ
2180 4547 2399 4616 μείζους
2430 4547 2527 4614 τὴν
2567 4544 2736 4621 αὑτὴν
2767 4545 2956 4614 χρείαν
2997 4546 3354 4615 παρέχονται.

2129 4639 2337 4701 Σκοπὸς
2368 4638 2596 4705 ἐσθῆτος
2632 4631 2732 4697 εἷς,
2767 4637 3033 4706 κάλυμμα
3065 4634 3205 4691 εἶναι
3240 4640 3464 4708 σαρκδς,
3501 4640 3628 4711 πρὸς

2055 4730 2304 4803 χειμῶνα
2335 4729 2431 4789 καὶ
2471 4729 2630 4798 θέρος
2656 4727 2950 4796 αὔταρκες.

2130 4821 2480 4892 Παράχρησίς
2514 4821 2662 4874 ἐστιν
2695 4821 2728 4890 ἡ
2758 4821 2899 4891 ὑπὲρ
2929 4821 3028 4890 τὴν
3063 4821 3252 4894 χρείαν
3289 4823 3526 4896 δαπάνη.

2125 5005 2168 5055 Κ
2182 5005 2397 5074 ρεῖσσον
2430 5001 2600 5071 μικρὰ
2638 5001 2796 5071 μερὶς
2830 5002 2968 5072 μετὰ
3004 5001 3386 5072 ἀσφαλείας,ἢ
3427 5001 3625 5071 μεγάλη

2061 5096 2200 5167 μετὰ
2232 5095 2594 5165 σαθρὸτητος.

2133 5189 2299 5259 Ὀψον
2336 5205 2418 5242 σοι
2448 5187 2693 5255 γενέσθω
2725 5188 2760 5258 ἡ
2815 5186 3016 5250 ἔνδεια,
3065 5188 3164 5241 καὶ
3209 5188 3271 5239 τὸ
3309 5187 3383 5256 μὴ
3420 5186 3610 5240 ἐπιϐάλ-

2055 5281 2169 5334 λειν
2199 5280 2346 5351 κόρῳ
2371 5279 2462 5332 τὸν
2510 5278 2693 5349 κόρον,
2734 5276 2868 5349 μηδὲ
2902 5276 3202 5348 ἀμϐλύνειν
3233 5279 3299 5348 τῇ
3352 5277 3619 5348 κραιπάλῃ

2056 5374 2155 5444 τὴν
2185 5372 2390 5443 ὄρεξιν.

2142 5463 2199 5515 'O
2227 5463 2325 5531 τὴν
2359 5461 2574 5531 ἡμέραν
2603 5459 2802 5526 διδοὺς,
2847 5463 2942 5516 καὶ
2984 5459 3046 5514 τὸ
3075 5462 3154 5524 εἰς
3182 5459 3284 5530 τὴν
3313 5459 3520 5529 ἡμέραν
3544 5469 3614 5506 σοι

2056 5553 2240 5609 δώσει.

2142 5647 2208 5700 Ἦ
2247 5648 2358 5704 τῶν
2412 5651 2728 5720 ἀναγκαίων
2781 5650 2976 5723 κτῆσις
3015 5650 3109 5704 καὶ
3162 5647 3359 5718 χρῆσις
3417 5643 3475 5697 οὗ
3527 5640 3610 5706 ti.‘
