3980 6248
376 273 478 333 851

1240 274 1410 335 LOCl
1455 272 1989 336 COMMUNES.“
2024 272 2219 331 PARS
2256 273 2299 332 ι.
2335 272 2590 331 SERMO
2627 269 2843 331 XXXI.

3534 262 3644 327 832

378 389 639 460 ποιότητα
677 386 949 462 βλαϐερὰν
995 387 1132 461 ἔχει,
1178 389 1314 445 ἀλλὰ
1350 395 1449 463 τὴν
1484 392 1636 461 παρὰ
1666 389 1727 445 τὸ
1755 390 1954 462 μέτρον
1986 391 2004 444 i

2101 388 2379 443 ualitatern
2417 386 2580 441 habet
2603 387 2845 452 noxiam,
2867 382 2962 438 sed
2992 381 3164 452 ipsam
3194 388 3389 450 praeter
3420 382 3641 436 modum

380 486 676 559 ποσότητα.

462 578 702 648 Ἀγαθὸν.
730 578 1032 646 ἀναγκαῖον
1061 579 1093 650 ἡ
1128 577 1449 646 ὁλιγοσιτία.

462 671 520 725 Ὀ
553 670 840 734 σπουδαῖος
864 670 1169 742 ἂλιγοδεὴς,
1208 671 1481 726 ἀθανάτου
1508 673 1602 726 καὶ
1629 674 1831 743 θνητῆς
1863 673 1964 742 φύ-

385 781 525 827 σεως
586 763 877 835 μεθόριος’
933 765 994 817 τὸ
1052 766 1153 833 μὲν
1208 766 1419 828 ὲπιδεὲς
1473 766 1616 837 ἔχων
1663 766 1750 822 διὰ
1804 766 1965 836 σῶμα

385 857 602 927 ῡνητὸν,
650 859 711 911 τὸ
767 858 823 913 δὲ
875 857 954 929 μὴ
991 858 1249 924 πολυδεὲς
1299 860 1390 914 διὰ
1437 860 1618 930 ψυχὴν
1666 861 1964 930 ἐφιεμένην

385 952 712 1014 ἀθανασίας.

463 1120 526 1180 Ἢ
560 1124 885 1197 αὐτάρκεια,
910 1130 1094 1199 πηγὴν
1122 1129 1320 1201 ἔχουσα
1363 1132 1742 1204 σωφροσύνης,
1768 1136 1965 1205 μέτρον

384 1217 503 1270 ἐστὶ
530 1217 640 1270 τῶν
669 1219 991 1288 ἀναγκαίων
1029 1221 1123 1275 καὶ
1153 1223 1445 1295 χρησίμων
1481 1226 1618 1298 πρὸς
1647 1226 1738 1279 τὸν
1756 1225 1905 1297 βίον.

470 1397 766 1470 ’Δσκητέον
788 1400 990 1473 ὀλίγων
1018 1405 1278 1478 δεηθῆναι
1298 1426 1310 1440 ·
1339 1410 1499 1466 τοῦτο
1542 1413 1652 1486 γὰρ
1679 1414 1964 1484 ἐγγυτάτω

382 1491 546 1559 Θεοῦ,
582 1494 645 1547 τὸ
676 1494 733 1549 δὲ
763 1499 1005 1553 ἐναντίον
1037 1504 1393 1573 μακροτάτω.

970 1701 1193 1759 ΛΟΓΟΣ
1241 1705 1370 1763 ΛΑ’.

2067 480 2453 551 quantitatem.

2145 574 2409 631 Paucitas
2435 573 2542 629 cibi
2581 570 2954 628 necessarium
2993 570 3198 625 bonum
3237 576 3341 624 est.

2152 665 2422 722 Philonis.
2475 665 2703 721 Virtutis
2755 666 3038 721 studiosus
3088 663 3287 734 paucis
3339 661 3565 733 indiget,
3593 661 3644 714 in

2065 762 2308 817 confinio
2331 759 2578 816 mortalis
2602 769 2657 814 et
2692 757 3015 814 immortalis
3048 766 3256 811 natura;
3289 755 3428 811 situs
3456 770 3469 813 :
3508 754 3650 808 indi-

2068 855 2252 924 gentia
2305 852 2524 924 quidem
2565 851 2822 905 laborans
2867 857 3088 920 prepter
3129 848 3360 903 mortale
3403 860 3606 916 corpus
3631 885 3645 910 ,

2069 963 2179 1002 non
2204 946 2391 1001 multis
2415 954 2600 1000 autem
2630 941 2900 1013 indigens,
2926 949 3149 1013 propter
3166 940 3409 995 animum
3426 938 3648 992 immor-

2068 1041 2295 1095 talitatis
2318 1037 2596 1108 cupidum.

2167 1129 2495 1200 Frugalitas,
2524 1144 2588 1182 ex
2617 1126 2974 1197 temperantia
3005 1139 3107 1181 ceu
3136 1124 3286 1179 fonte
3320 1123 3646 1185 scaturiens,

2068 1235 2251 1277 rerum
2280 1221 2346 1274 ad
2374 1220 2540 1274 vitam
2578 1218 3014 1276 necessariarum
3044 1225 3098 1271 et
3135 1215 3345 1270 utilium
3377 1227 3642 1269 mensura

2067 1325 2170 1371 est.
2940 1352 2947 1357 -
3394 1332 3397 1337 ‘
3610 1308 3615 1313 ’

2150 1410 2403 1466 Exerceri
2433 1417 2651 1476 Oportet
2678 1417 2734 1462 ut
2768 1408 2956 1478 paucis
2990 1420 3255 1478 egeamus
3307 1421 3322 1461 ε
3358 1404 3463 1458 hoc
3498 1403 3649 1458 enim

2071 1505 2179 1559 Deo
2209 1505 2490 1575 proximos
2531 1503 2732 1566 reddit,
2761 1502 3100 1556 contrarium
3135 1498 3201 1554 ab
3231 1497 3423 1553 eodem
3460 1510 3640 1551 remo-

2068 1598 2337 1653 tissimus.

2428 1712 2663 1768 SERMO
2713 1710 2883 1766 XXXI
2917 1709 2937 1783 f
2976 1712 3051 1769 al.
3076 1706 3293 1782 CXLI

380 1789 523 1859 Περὶ
545 1792 837 1860 πλούτου,
856 1792 954 1855 καί
970 1800 1286 1873 πέουσίων
1310 1800 1380 1855 οὗ
1407 1801 1505 1856 καί
1524 1804 1955 1873 προσηκόντως
1991 1765 2004 1826 1

2096 1804 2138 1859 ie
2166 1803 2362 1858 divitiis
2394 1814 2441 1857 et
2476 1803 2722 1857 divitibus
2745 1842 2760 1869 ,
2788 1803 2878 1872 qui
2910 1801 3036 1856 bene
3071 1819 3132 1856 ac
3165 1801 3410 1855 decenter
3444 1800 3644 1858 vivunt.

1004 1867 1328 1931 βιούντων.

454 1954 847 2028 Εὐκοπώτερον
902 1961 1017 2015 ἔστι
1054 1960 1302 2033 κάμηλον
1335 1964 1422 2019 διὰ
1474 1968 1834 2037 τρυπήματος
1861 1970 1955 2041 ῥα-

2132 1961 2327 2016 ΜαιιΙι.
2385 1977 2498 2018 xix.
2565 1960 2802 2017 Facilius
2835 1969 2920 2017 est
2948 1961 3221 2017 eamelum
3267 1976 3365 2030 per
3406 1960 3647 2016 foramen

380 2045 536 2114 φίδος
585 2049 836 2116 διελθεῖν,
875 2050 906 2126 ἢ
962 2054 1219 2109 πλούσιον
1269 2058 1350 2121 είς
1398 2058 1497 2129 τὴν
1547 2059 1824 2131 βασιλείαν
1859 2062 1957 2125 τοῦ

2097 2072 2193 2113 cus
2227 2056 2481 2122 transire,
2514 2068 2678 2124 quam
2709 2053 2929 2110 divitem
2961 2053 3015 2108 in
3050 2067 3279 2124 regnum
3314 2052 3431 2109 Dei.

384 2141 547 2199 Θεοῦ.

460 2238 586 2303 Τοῖς
628 2237 904 2304 πλουσίοις
954 2241 1012 2295 ἐν
1055 2242 1134 2313 τῷ
1168 2242 1264 2296 νῦν
1295 2244 1452 2298 αἰῶνι
1490 2246 1844 2315 παράγγελλε
1881 2246 1958 2319 μὴ

383 2328 803 2403 ὑψηλοφρονεῖν,
843 2332 981 2405 μηδὲ
1016 2334 1310 2405 ἠλπικέναι
1350 2337 1442 2390 ἐπὶ
1496 2337 1730 2394 πλούτου
1765 2338 1961 2405 ἀδηλό-

380 2438 530 2491 τητι,
567 2421 682 2475 ἀλλ’
711 2423 808 2476 ἐπὶ
841 2423 921 2495 τῷ
949 2424 1088 2495 Θεῷ,
1143 2426 1222 2500 τῷ
1253 2428 1550 2500 παρέχοντι
1606 2433 1739 2504 ἡμῖν
1782 2433 1963 2488 πάντα

386 2514 663 2576 πλουσίως
696 2516 774 2581 είς
803 2516 1125 2574 ἀπόλαυσιν.

458 2608 525 2660 Οἱ
556 2606 869 2679 βουλόμενοι
930 2609 1178 2666 πλουτεῖν
1209 2612 1575 2685 ἐμπίπτουσιν
1621 2620 1701 2680 είς
1756 2637 1963 2691 πειρα-

394 2697 536 2766 σμὸν
554 2698 650 2751 καὶ
682 2698 889 2767 παγίδα
921 2699 1012 2753 τοῦ
1039 2701 1309 2769 διαϐόλου,
1334 2706 1425 2758 καὶ
1455 2706 1753 2777 ἐπιθυμίας
1777 2711 1968 2780 ἀνονή-

384 2802 514 2849 τους
538 2787 632 2842 καὶ
662 2787 953 2858 βλασεράς,
1003 2791 1209 2857 αίτινες
1248 2794 1532 2865 βυθίζουσι
1570 2799 1698 2864 τοὺς
1747 2800 1965 2872 ἀνθρώ-

388 2894 527 2944 πους
554 2878 637 2943 είς
662 2876 885 2951 ὄλεθρον
913 2885 1008 2938 καὶ⁵
1031 2884 1330 2943 ἀπώλειαν.

464 2972 701 3037 Πλοῦτος
729 2975 1056 3047 προστίθησι
1084 2978 1273 3047 φίλους
1304 2983 1557 3050 πολλούς.

464 3067 718 3122 Πλούσιοι
752 3069 986 3141 πτωχῶν
1011 3070 1295 3142 ἄρξουσιν.

478 3160 705 3229 Ἀγαθδς
729 3162 979 3230 πλοῦτος,
1019 3159 1064 3234 ᾧ
1095 3169 1170 3239 μή
1209 3169 1357 3223 ἐστιν
1393 3171 1661 3243 ἁμαρτία.

467 3253 748 3326 Κρείσσων
778 3255 990 3329 πτωχὸς
1016 3258 1221 3324 δίκαιος
1259 3261 1292 3331 ἢ
1330 3263 1583 3328 πλούσιος
1609 3265 1867 3339 ψεύστης.

465 3436 757 3508 Μακάριος
813 3434 1069 3500 πλούσιος
1109 3436 1183 3502 ’δς
1231 3440 1430 3512 εὑρέθη
1481 3443 1732 3515 ἄμωμος,
1763 3449 1859 3504 καὶ
1904 3449 1965 3514 ὃς

390 3528 570 3582 ὀπίσω
607 3529 832 3597 χρυσίου
865 3530 966 3584 οὐκ
999 3529 1294 3604 ἐπορεύθη.
1348 3603 1352 3607 ι

467 3619 731 3683 Hloduio;
759 3620 1121 3690 σιλευόμενος
1147 3624 1462 3694 στηρίζεται
1493 3627 1598 3682 ὑπὸ
1632 3630 1822 3699 φίλων.

480 3714 785 3783 ’Δγρυπνία
821 3713 1055 3768 πλούτου
1097 3715 1321 3787 ἰκτήκει
1353 3719 1584 3789 σάρκας,
1613 3724 1707 3777 καὶ
1736 3726 1767 3795 ἡ
1816 3725 1972 3797 μέρι-

400 3824 510 3878 μνα
534 3805 702 3859 αὑτοῦ
729 3807 933 3878 ἁφιστᾷ
963 3806 1154 3862 ὕπνον.

482 3899 712 3968 Ῥευστὴ
735 3902 767 3968 ἠ
795 3899 954 3968 φύσις
982 3899 1074 3952 τοῦ
1102 3900 1354 3968 πλούτου,
1385 3903 1689 3977 χειμάρρου
1715 3907 1971 3982 ὀξύτερον

394 3993 525 4057 τοὺς
557 3991 777 4061 ἔχοντας
806 3994 1157 4066 παρατρέχει,
1177 3994 1365 4051 ἄλλοτε
1403 3996 1561 4051 ἄλλον
1584 4000 1795 4069 πέφυκε
1834 4019 1976 4075 παρ-

396 4086 743 4159 αμείὅεσθαι.

468 4181 708 4235 Δύνασαι
740 4182 940 4251 μᾶλλον
977 4181 1121 4252 ὕδωρ
1163 4186 1231 4255 τῇ
1284 4185 1431 4256 χειρὶ
1466 4186 1777 4260 περιλαϐὼν
1804 4206 1974 4243 κατα-

402 4273 575 4342 σχεῖν,
615 4271 648 4340 ﬂ
681 4270 913 4324 πλοῦτον
944 4271 1183 4342 διαρκῶς
1214 4278 1576 4347 συντηρῆσαι.

485 4362 547 4416 Ὀ
585 4362 788 4430 καλὸς,
838 4362 981 4417 κατὰ
1032 4365 1123 4417 τὸν
1176 4365 1335 4434 ὀρθὸν
1392 4366 1549 4436 λόγον
1605 4370 1673 4425 τὰ
1725 4372 1969 4440 παρόντα

2137 2237 2170 2290 ι
2206 2233 2342 2291 Tim.
2375 2248 2449 2289 vt.
2484 2231 2754 2289 Divitibus
2794 2233 2850 2288 in
2906 2235 3011 2291 hoc
3041 2234 3242 2290 saeculo
3281 2234 3512 2304 praecipe
3577 2248 3647 2289 ne

2066 2327 2236 2382 altum
2266 2325 2504 2396 sapiant,
2542 2340 2718 2397 neque
2740 2341 2892 2397 spem
2926 2327 2980 2381 in
3004 2342 3134 2396 opes
3165 2327 3453 2382 instabiles
3480 2340 3641 2396 repo-

2067 2431 2226 2486 nant,
2275 2423 2371 2479 sed
2424 2422 2480 2477 in
2541 2419 2710 2476 Deum
2766 2419 2863 2491 qui
2919 2418 3080 2475 nobis
3115 2419 3300 2474 omnia
3328 2418 3559 2489 porrigit
3582 2418 3650 2474 ad

2068 2515 2357 2571 fruendum
2389 2516 2630 2572 abundet

2147 2608 2174 2663 Ι
2200 2609 2340 2675 Tim.
2370 2624 2444 2666 vr.
2480 2607 2578 2675 Qui
2615 2605 2885 2661 ditescere
2914 2603 3124 2669 volunt,
3153 2604 3401 2659 incidunt
3439 2604 3493 2658 in
3527 2600 3649 2659 ten—

2048 2694 2326 2757 tationem
2357 2708 2411 2756 et
2442 2699 2696 2767 laqueum
2732 2696 2954 2762 diaboli,
2989 2702 3044 2751 et
3068 2679 3396 2764 cupiditates
3419 2696 3649 2753 inutiles

2069 2812 2133 2851 ac
2167 2794 2378 2860 noxias,
2404 2806 2524 2864 quae
2552 2790 2877 2858 demergunt
2898 2787 3146 2845 homines
3171 2789 3225 2845 in
3268 2790 3562 2860 perniciem
3593 2800 3648 2847 et

2070 2888 2373 2944 interitum.

2145 2981 2305 3037 Prov!
2356 2982 2471 3037 καὶ
2529 2981 2740 3038 Divitis:
2767 2982 2973 3039 multos
2998 2982 3207 3039 amicos
3234 2980 3468 3036 addunt:

2166 3073 2306 3129 Ibid.
2343 3090 2479 3131 xm.
2512 3073 2719 3131 Divites
2757 3072 3503 3144 imperabunt-pauperibus.

2170 3166 2332 3222 Bome
2358 3166 2579 3231 divitiae,
2605 3181 2726 3237 quae
2756 3167 2876 3224 sine
2902 3175 3131 3237 peccato
3161 3174 3311 3222 sunt.

2180 3256 2318 3315 Ibid.
2365 3275 2477 3315 ιιι.
2513 3258 2704 3315 Melior
2732 3268 2817 3317 est
2847 3274 3053 3331 pauper
3074 3259 3276 3330 justus,
3307 3272 3471 3329 quam
3502 3256 3673 3311 dives.

2082 3353 2340 3408 mendax.

2096 3426 2106 3436 ’
2154 3444 2319 3499 Eccli.
2348 3461 2496 3502 χχχι.
2535 3445 2733 3501 Beatus
2759 3445 2913 3501 dives
2941 3445 3035 3516 qui
3070 3446 3326 3500 inventus
3355 3450 3440 3499 est
3470 3440 3651 3498 inculd

2081 3537 2298 3608 pabilis.
2333 3538 2499 3607 etqui
2523 3553 2717 3593 aurum
2752 3552 2862 3593 non
2901 3536 3196 3593 affectavit!

2169 3626 2308 3686 Ibid.
2331 3644 2449 3683 xm.
2475 3628 2634 3683 Dives
2660 3615 2967 3687 con'cussus
2989 3630 3214 3686 fulcitur
3237 3630 3306 3685 ab
3335 3629 3548 3686 amicis.

2162 3720 2301 3774 Ibid.
2332 3735 2479 3778 xxxi.
2502 3719 2712 3792 Vigiliaa
2731 3722 3046 3777 divitiarum
3070 3722 3408 3779 labefaciunt
3430 3736 3667 3792 corpus,

2082 3820 2138 3865 et
2156 3810 2467 3866 sollicitudo
2504 3826 2695 3866 earum
2723 3812 2987 3867 amolitur
3014 3827 3292 3872 somnum.

2173 3901 2392 3957 Basilii.
2449 3902 2620 3958 Fluxa
2671 3904 2984 3959 divitiarum
3014 3913 3210 3960 natura
3246 3914 3485 3961 torrente
3514 3907 3659 3962 cele-

2087 3994 2203 4048 rius
2228 3994 2574 4064 possidentes
2606 4005 2966 4066 praetermeat,
2999 4004 3052 4052 et
3082 3996 3216 4052 alias
3238 3997 3403 4052 alium
3435 4005 3660 4069 praeter-

2084 4086 2193 4141 labi
2225 4087 2387 4144 solet.
2887 4100 2891 4105 '

2174 4179 2385 4250 Aquam
2441 4179 2611 4236 citius
2666 4196 2831 4236 manu
2888 4184 3339 4253 comprehensam
3394 4185 3659 4249 tenueris,

2086 4288 2251 4343 quam
2277 4274 2499 4330 divitias
2527 4275 2662 4331 satis
2690 4277 3024 4336 servaveris:

2187 4364 2293 4433 Qui
2321 4366 2460 4422 bene
2486 4376 2541 4422 et
2566 4379 2711 4423 recta
2735 4370 2948 4424 ratione
2970 4369 3258 4439 praesentia
3289 4368 3660 4435 administrat,

403 4454 938 4529 μεταχειριζόμενος,
969 4457 1250 4526 οίκονόμος
1282 4459 1400 4512 ἐστὶ
1458 4461 1571 4515 τῶν.
1621 4465 1772 4535 παρὰ
1801 4463 1938 4519 Θεοῦ
1960 4479 1975 4497 ⁸

2101 4473 2428 4514 ωεοηοωυο
2465 4466 2550 4514 est
2577 4474 2758 4514 rerum
2784 4460 3047 4515 divinitus
3092 4461 3365 4528 datarum,
3394 4469 3447 4515 et
3479 4460 3664 4513 lauda-

405 4548 744 4603 ἐπαινεῖσθαι
767 4549 859 4602 καὶ
879 4542 1195 4619 ἀγαπᾶσθαι
1215 4552 1243 4604 ὁ
1265 4552 1504 4616 τοιοῦτος
1526 4554 1730 4618 δίκαιός
1760 4557 1874 4609 ἐστι
1892 4555 1984 4609 διὰ

403 4641 466 4694 τὸ
495 4640 821 4710 φιλάδελφον
861 4643 955 4695 καὶ
989 4642 1305 4695 κοινωνικὸν
1327 4644 1420 4698 τοῦ
1452 4645 1680 4718 τρόπου.

485 4734 546 4787 '0
577 4734 676 4803 μὲν
707 4734 914 4796 δίκαιος
959 4732 1090 4788 οὔτε
1135 4736 1380 4805 παρόντα
1425 4737 1832 4810 ἀποστρέφεται
1891 4741 1983 4795 τὸν

405 4828 659 4893 πλοῦτον,
694 4810 927 4897 οὕτε’μὴ
979 4826 1225 4896 παρόντα
1256 4827 1528 4898 ἐπιζητεῖ.
1580 4830 1655 4884 Οὐ
1687 4833 1811 4902 γὰρ.
1843 4835 1981 4887 ἀπο-

405 4919 694 4980 λαυστικός
722 4920 838 4972 ἔστι
866 4921 976 4972 τῶν
1026 4919 1339 4990 διδομένων,
1385 4920 1503 4975 ἀλλ’
1538 4922 1842 4994 οἰκονόμος.
1878 4928 1984 4979 Οὑ-

403 5011 513 5073 δεὶς
544 5011 602 5065 δὲ
622 5010 732 5065 τῶν
762 5010 891 5066 νοῦν
915 5012 1150 5082 ἑχόντων
1179 5013 1459 5083 ἐπιτρέχει
1505 5016 1571 5085 τῇ
1603 5014 1833 5086 ἀσχολίᾳ
1880 5018 1983 5088 τῆς

409 5102 521 5154 τῶν
557 5100 857 5171 ἀλλοτρίων
881 5102 1165 5170 διανομῆς,
1201 5103 1295 5156 ἐὰν
1324 5102 1400 5173 μὴ
1431 5103 1568 5174 πρὸς
1592 5104 1693 5175 τὴν
1720 5106 1829 5160 τῶν
1856 5109 1986 5162 πολ-

407 5195 519 5249 λῶν
571 5195 861 5266 ἀποϐλέπῃ
906 5194 1086 5261 δόξαν,
1142 5194 1193 5249 οἳ
1245 5193 1589 5266 θαυμάζουσι
1635 5197 1730 5251 καὶ
1759 5196 1985 5269 ζηλοῦσι

405 5284 531 5357 τοὺς
555 5286 615 5352 ἐν
639 5283 863 5356 ἐξουσίᾳ
888 5283 995 5339 τινὶ
1018 5281 1392 5349 καθεστῶτας.

485 5465 575 5530 Ὠς
604 5464 859 5519 ἀπόλοιτο
887 5463 1128 5533 πλοῦτος,
1164 5467 1215 5520 εί
1244 5467 1320 5537 μὴ
1354 5467 1539 5540 βοηθεῖ
1567 5470 1792 5544 πένησιν
1822 5472 1835 5526 ί

484 5733 565 5804 (ί)
585 5734 756 5792 Aliter
782 5735 978 5806 legitur
1000 5738 1144 5809 apud
1175 5735 1459 5795 Hebraeos.

2089 4553 2133 4604 ri
2161 4565 2221 4605 ac
2252 4549 2402 4620 diligi
2433 4559 2674 4604 meretur
2697 4560 2920 4619 propter
2943 4550 3222 4619 ingenium
3249 4550 3316 4604 ad
3355 4548 3661 4604 fraternum

2088 4657 2329 4697 amorem
2358 4650 2412 4696 et
2438 4642 2990 4697 communicationem
3023 4642 3287 4710 proclive.

2158 4734 2347 4791 Justus
2368 4734 2585 4803 quidem
2610 4748 2787 4802 neque
2804 4742 3098 4803 praesentes
3117 4733 3338 4791 divitias
3353 4741 3663 4802 aversatur,

2090 4842 2193 4881 nec
2255 4828 2511 4884 absentes
2569 4825 2852 4895 requirit;
2905 4841 3015 4882 non
3074 4828 3222 4884 enim
3276 4828 3382 4883 sibi
3446 4839 3659 4883 tantum

2086 4920 2292 4974 fruitur
2339 4919 2501 4976 rebus
2546 4936 2684 4992 quas
2736 4919 2882 4977 Deus
2934 4920 3165 4989 dederit,
3194 4923 3286 4976 sed
3311 4920 3664 4993 dispensator

2082 5028 2276 5068 earum
2330 5022 2433 5072 est.
2488 5013 2682 5070 Nullus
2736 5029 2866 5071 vero
2921 5023 3107 5070 mente
3159 5014 3424 5084 praeditus
3465 5023 3665 5084 sponte

2084 5105 2305 5161 festinat
2337 5105 2403 5160 ad
2437 5106 2719 5176 negotium
2776 5107 2956 5162 aliena
2996 5105 3376 5176 dispensandi,
3401 5106 3511 5161 nisi
3545 5107 3663 5175 glo-

2084 5197 2221 5251 riam
2253 5197 2566 5267 popularem
2601 5199 2904 5269 respiciat;
2942 5197 3249 5253 admiratur
3271 5198 3418 5253 enim
3457 5198 3650 5266 vulgus

2087 5298 2141 5343 et
2190 5288 2374 5345 felices
2412 5290 2622 5361 iudicat
2677 5292 2802 5347 illos
2845 5292 2941 5362 qui
3004 5290 3192 5363 aliqua
3225 5299 3495 5363 potestate
3526 5302 3664 5358 pra:-

2090 5381 2318 5437 cellunt.
2418 5420 2421 5425 ς

2175 5474 2284 5544 62
2324 5473 2586 5544 Tlieologi.
2625 5471 2844 5531 Utinam
2873 5482 3100 5546 pereant
3128 5472 3349 5538 divitiae,
3381 5468 3486 5527 nisi
3525 5482 3662 5540 pau-

2091 5564 2314 5633 peribus
2332 5564 2660 5621 subveniant
2688 5566 2702 5619 l
