3980 6248
403 274 512 346 887

1673 273 1997 335 ANTONII
2039 271 2396 334 MELISSAE

3561 265 3668 329 888

404 391 548 464 Ergo
601 389 694 462 qui
740 390 882 446 male
913 388 1120 446 divitiis
1151 387 1347 452 utitur,
1386 386 1720 444 miserabilis
1755 399 1839 443 est
1871 429 1885 453 ,
1927 398 1978 443 ut

2096 383 2180 442 οὖν
2209 386 2395 449 κακῶς
2424 385 2502 456 τῷ
2557 383 2774 455 πλούτῳ
2825 380 3168 454 κεχρημένος
3214 380 3493 444 ἐλεεινός·
3529 383 3605 444 ὡς
3639 385 3669 436 6

395 484 492 540 ille
530 484 622 555 qui
651 492 846 554 sponte
874 498 934 538 se
964 478 1334 535 vulneraverit
1357 479 1462 533 isto
1495 479 1694 550 gladio,
1718 494 1876 549 quem
1917 481 1984 534 ad

403 577 700 634 vindictam
737 577 974 631 hostium
1001 582 1334 643 sumpserat.

471 668 552 726 Ne
591 669 918 724 misceamus
951 681 1082 735 opes
1112 673 1330 719 nostras
1388 665 1583 719 alienis
1629 664 1903 737 lacryinis,
1955 685 1984 722 a

403 763 602 834 quibus
624 770 882 830 tanquam
912 758 1148 829 aerugine
1179 768 1232 813 et
1264 758 1430 812 tineis
1454 767 1852 812 consumentur
1883 758 1984 827 (l).

482 942 754 1014 Chrysost.
787 943 988 998 Divites
1041 951 1098 996 ut
1147 941 1443 1012 plurimum
1471 941 1630 996 facile
1653 942 1898 997 incidunt
1930 943 1981 997 in

409 1035 699 1090 malitiam.
752 1035 887 1090 Cum
933 1035 1081 1088 enim
1140 1033 1477 1087 abundantia
1515 1047 1696 1088 rerum
1728 1049 1981 1102 magnam

399 1129 586 1197 pravis
639 1127 930 1182 aﬂectibus
980 1126 1299 1182 facilitatem
1333 1126 1593 1195 prabeat,
1623 1127 1985 1198 procliviores

401 1220 468 1273 ad
499 1220 631 1274 vitia
664 1219 915 1273 feruntur
939 1258 953 1273 .

471 1308 791 1364 Periculosa
833 1310 1064 1364 divitum
1097 1312 1330 1375 estvita,
1363 1319 1417 1368 et
1441 1311 1817 1366 intractabilis
1849 1326 1976 1365 mu-

397 1401 558 1456 tatio.
591 1400 745 1467 Quod
777 1401 824 1456 si
852 1401 1098 1468 dixeris,
1125 1403 1335 1459 Multos
1360 1403 1594 1459 famulos
1620 1404 1985 1459 circumducit

394 1494 571 1558 dives,
595 1504 648 1550 et
676 1495 850 1549 multa
879 1503 1037 1550 terra:
1055 1495 1248 1567 jugera
1277 1496 1561 1565 possidet‘:
1589 1498 1823 1567 primum
1839 1498 1983 1552 scias

399 1585 675 1642 diﬂicilem
737 1586 785 1640 ei
859 1586 1193 1640 reddendam
1258 1602 1381 1642 esse
1428 1588 1496 1642 de
1529 1588 1784 1642 omnibus
1817 1587 1982 1642 rebus

2085 481 2165 550 τῷ
2197 479 2339 549 ξίφει
2362 480 2390 532 δ
2445 478 2606 532 ἔλαϐε
2641 478 2780 548 πρὸς
2810 475 2909 548 τὴν
2955 475 3063 528 τῶν
3115 474 3399 545 πολεμίων
3429 473 3669 544 ἄμυναν,

2087 571 2263 644 τούτῳ
2287 573 2552 636 ἑκουσίως
2592 571 2785 626 ἑαυτὸν
2812 567 3307 640 κατατιτρώσκων.

2158 665 2250 733 Μὴ
2283 663 2530 732 μίξωμεν
2556 661 2648 715 τὸν
2671 660 2941 732 ἡμέτερον
2975 658 3205 712 πλοῦτον
3235 656 3547 728 ἀλλοτρίοις
3573 657 3670 711 δά-

2088 772 2301 826 κρυσιν,
2338 756 2428 824 ὑφ’
2456 749 2533 810 ὧν
2553 754 2627 817 ὡς
2658 753 2767 808 ἀπὸ
2791 753 2880 806 ίοῦ
2894 753 2987 807 καὶ
3005 750 3669 823 σητδςςδαπανηθήσεται,

2087 847 2227 919 ἢτὺ,
2259 850 2357 918 τῆς
2387 848 2610 917 Γραφῆς
2648 848 2845 914 εἰπεῖν,
2880 843 3132 915 ἐξεμέθα.

2159 943 2221 996 Oi
2249 941 2497 996 πλούσιοι
2527 941 2602 1004 ὡς
2631 942 2699 995 τὰ
2748 939 2918 992 πολλά
2954 939 3093 1008 πρὸς
3127 938 3332 992 κακίαν
3377 936 3674 1007 εὐεμπτω-⁵

2086 1052 2192 1097 τως
2221 1033 2404 1105 έχουσι
2423 1052 2438 1066 ·
2471 1037 2568 1104 τῆς
2592 1033 2701 1106 γὰρ
2740 1033 3002 1103 εὐπορίας
3027 1031 3228 1101 πολλὴν
3248 1033 3370 1094 ταῖς
3400 1032 3673 1100 πονηραῖς

2088 1126 2405 1196 ἐπιθυμίαις
2443 1125 2790 1198 παρεχούσης
2834 1125 2935 1196 τὴν
2964 1124 3237 1191 εὐκολίαν,
3285 1121 3544 1191 ὀξύτερον
3577 1123 3672 1175 ἐπὶ

2085 1218 2152 1271 τά
2187 1218 2563 1289 ἁμαρτήματα
2584 1220 2894 1288 τρέχουσιν.

2171 1313 2507 1381 Ἐπισφαλὴς
2535 1314 2564 1364 ὁ
2594 1312 2709 1382 βίος
2735 1314 2852 1374 τοῖς
2883 1310 3203 1374 πλουτοῦσι,
3245 1310 3675 1380 δυσμεταχείρι-

2089 1421 2212 1466 στος
2253 1408 2284 1475 ἡ
2327 1403 2625 1474 μεταϐολή.
2682 1405 2742 1456 Εἰ
2796 1404 2853 1457 δὲ
2903 1403 3105 1469 λέγεις,
3157 1403 3395 1465 Πολλοὺς
3450 1403 3674 1466 οἰκέτας

2087 1500 2362 1566 περιάγει,
2398 1496 2490 1549 καλ⁸
2522 1495 2693 1548 πολλὰ
2737 1494 3001 1562 κέκτηται
3049 1492 3263 1564 πλέθρα
3303 1495 3406 1564 γῆς
3442 1495 3471 1546 ὁ
3504 1493 3677 1546 πλου-

2086 1589 2194 1642 τῶν
2217 1605 2229 1618 ·
2261 1589 2478 1660 πρῶτον
2509 1589 2678 1656 γνῶθι
2711 1590 2792 1643 ὅτι
2845 1589 3087 1657 χαλεπὰς
3120 1587 3232 1652 ἔξει
3275 1587 3376 1650 τὰς
3406 1587 3668 1654 εὐθύνας,

395 1678 511 1733 suis
558 1678 855 1734 rationem:
916 1677 1032 1732 Non
1095 1679 1238 1733 enim
1294 1678 1509 1734 fruendi
1539 1680 1709 1750 gratia
1765 1686 1978 1734 tantum

2096 1680 2307 1735 πάντων
2337 1681 2430 1734 τὸν
2456 1681 2616 1750 λόγον
2648 1679 2889 1750 ὑπέχων.
2943 1681 3017 1734 Οὐ
3051 1680 3161 1749 γὰρ
3188 1681 3336 1742 ὅπως
3364 1678 3670 1733 ἀπολαύσοι

393 1771 628 1840 accepit,
680 1772 774 1826 sed
823 1781 884 1826 ut
940 1773 1063 1827 aliis
1101 1789 1322 1843 quoque
1356 1775 1508 1830 utilis
1544 1775 1688 1829 foret
1720 1774 1975 1839 :deinde.

393 1863 542 1933 quod
595 1863 726 1918 nihil
777 1864 826 1918 ei
865 1865 935 1919 ab
987 1865 1089 1919 hac
1128 1865 1403 1935 opulentia
1463 1866 1752 1938 contingit,
1815 1881 1978 1936 quam

397 1971 568 2021 curae,
623 1955 938 2010 sollicitudo
969 1997 983 2019 ,
1022 1957 1122 2021 ira,
1177 1966 1231 2012 et
1259 1967 1518 2028 perpetua
1550 1957 1889 2028 perturbatio
1917 1973 1981 2013 ac

387 2048 680 2103 tumultus.
698 2045 885 2118 Neque
915 2049 1060 2103 enim
1094 2050 1248 2104 dives
1301 2051 1506 2106 multos
1529 2051 1717 2120 implet
1737 2059 1977 2116 ventres,

389 2154 596 2209 pauper
624 2154 753 2195 vero
778 2155 947 2194 unum
977 2141 1152 2195 solum
1182 2157 1195 2195 :
1243 2142 1337 2197 sed
1377 2158 1545 2196 unum
1573 2155 1628 2197 et
1662 2144 1750 2197 hic
1780 2152 1835 2197 et
1864 2143 1974 2211 il'le,

395 2241 450 2284 et
484 2246 655 2285 unum
699 2240 926 2300 uterque
965 2247 1166 2301 corpus
1201 2243 1360 2287 curat
1394 2251 1407 2288 :
1462 2235 1628 2304 idque
1685 2235 1824 2290 alter
1861 2236 1981 2290 sine

394 2330 542 2373 metu
581 2329 636 2374 et
661 2321 960 2385 anxietate,
1031 2322 1168 2376 alter
1204 2332 1445 2379 tremens
1473 2334 1528 2378 et
1555 2324 1754 2380 timens
1787 2325 1980 2380 adver-

395 2413 608 2468 sitatcs.
626 2412 703 2469 Ne
730 2416 1035 2482 respexeris
1061 2415 1227 2486 igitur
1249 2428 1451 2486 quanta
1473 2418 1542 2472 sit
1567 2420 1860 2486 possessio,
1883 2420 1978 2475 sed

390 2518 459 2557 an
506 2503 682 2574 major
728 2503 940 2560 fructus
1005 2507 1268 2575 majorem
1329 2508 1736 2575 possessionem
1771 2521 1976 2577 sequa-

398 2606 510 2650 tur.

467 2766 614 2831 Nihil
641 2777 834 2848 juvant
857 2793 987 2849 opes
1015 2780 1236 2835 divitem
1269 2780 1612 2840 morientem,
1635 2794 1770 2849 quas
1791 2793 1976 2834 secum

398 2866 617 2924 auferre
665 2873 900 2941 nequit:
939 2883 993 2927 et.
1049 2874 1153 2926 hoc
1217 2872 1484 2926 duntaxat
1541 2873 1744 2941 recepit
1814 2873 1976 2938 lucri,

391 2965 539 3035 quod
573 2978 698 3017 cum
755 2966 968 3020 viveret
1022 2965 1167 3020 beati
1224 2967 1438 3019 titulum
1483 2966 1626 3035 apud
1657 2965 1975 3022 adulatores

393 3059 670 3116 habuerit.

466 3266 618 3323 Multi
649 3267 854 3322 divitiis
888 3265 1170 3321 aﬂluentes
1228 3267 1394 3322 vitam
1425 3268 1531 3323 sibi
1583 3269 1810 3324 minime
1843 3270 1981 3323 vita-

391 3361 497 3417 lem
523 3361 878 3428 existimant;
918 3360 1011 3414 alii
1033 3360 1085 3414 in
1109 3370 1352 3414 extrema
1385 3370 1702 3431 paupertate
1741 3362 1979 3417 maxima

396 3469 521 3508 cum
581 3452 856 3507 hilaritate
897 3453 1126 3522 degunt.
1161 3450 1272 3506 lmo
1301 3453 1377 3506 illi
1409 3466 1533 3523 post
1563 3453 1817 3508 satellitia
1846 3455 1970 3524 glo-

391 3547 532 3601 riam
556 3555 608 3600 et
644 3545 906 3612 honores,
944 3560 1052 3598 non
1094 3560 1220 3599 raro
1247 3547 1418 3599 vitam
1459 3547 1635 3616 ipsam
1673 3563 1974 3602 exsecran-

394 3649 487 3692 tur
517 3655 532 3692 :
565 3639 618 3693 hi
672 3653 800 3693 vero
851 3638 1098 3703 obscuri,
1133 3647 1185 3692 et
1220 3652 1285 3692 ex
1328 3640 1605 3702 obscuris,
1631 3651 1686 3695 et
1721 3642 1980 3696 omnibus

396 3730 594 3801 ignOti,
651 3729 837 3785 multis
880 3729 1002 3784 aliis
1051 3745 1108 3783 sc
1142 3730 1417 3786 beatiores
1453 3732 1790 3787 existimant.
1831 3731 1982 3787 Hila-

391 3827 530 3878 ritas
608 3822 755 3878 enim
807 3833 863 3876 et
924 3822 1298 3894 tranquillitas
1365 3825 1534 3878 animi
1589 3841 1699 3878 non
1769 3828 1977 3882 tamin

389 3933 576 3974 rerum
626 3916 960 3981 conditione,
1012 3931 1176 3987 quam
1224 3917 1451 3987 judiciis
1507 3918 1796 3972 hominum
1843 3934 1979 3984 con-

391 4009 590 4066 sistere
615 4011 776 4066 solet.

464 4103 587 4170 lpse
609 4101 866 4158 Christus
891 4104 1272 4172 pronuntiavit
1305 4103 1448 4172 quod
1483 4120 1588 4157 non
1620 4105 1838 4172 possitis
1873 4104 1980 4158 Deo

393 4195 598 4248 servire
616 4203 669 4248 et
706 4210 1056 4260 mammonae,
1090 4195 1198 4266 65
1220 4202 1272 4249 et
1296 4198 1440 4263 quod
1466 4212 1626 4250 nemo
1653 4198 1821 4265 possit
1845 4198 1982 4250 duo-

393 4285 498 4338 bus
539 4285 780 4340 dominis
819 4285 1072 4350 servire;
1125 4288 1446 4357 praecipiunt
1490 4290 1635 4342 enim
1679 4291 1975 4344 contraria.

2083 1772 2246 1826 ἔλαϐε
2279 1774 2462 1844 μόνον,
2517 1771 2638 1828 ἀλλ’
2660 1775 2810 1836 ὅπως
2839 1774 2934 1827 καὶ
2989 1771 3200 1842 ἑτέροις
3231 1770 3448 1840 γένοιτο
3477 1773 3674 1840 χρήσι-

2085 1881 2220 1936 μος·
2258 1866 2534 1937 δεύτερον,
2574 1869 2655 1920 ὅτι
2689 1866 2842 1919 οὐδὲν
2876 1865 2985 1919 ἀπὸ
3029 1863 3129 1934 τῆς
3162 1863 3486 1933 περιουσίας
3519 1862 3673 1932 αύτῷ

2082 1961 2292 2027 γίνεται
2320 1959 2578 2031 ταύτηςῆ
2613 1957 2893 2030 φροντίδες
2923 1957 3020 2010 καὶ
3053 1957 3316 2026 μέριμναι
3352 1954 3448 2006 καὶ
3481 1953 3670 2024 ὀργαὶ,

2081 2051 2177 2103 καὶ
2210 2051 2270 2105 τὸ
2303 2052 2392 2104 διὰ
2422 2051 2623 2113 παντὸς
2654 2046 2794 2105 εἶναι
2828 2052 2886 2102 ἐν
2913 2051 3125 2120 ταραχῇ
3160 2049 3258 2100 καὶ
3284 2046 3564 2116 θορύϐοις.
3591 2045 3670 2100 Ού

2082 2143 2187 2214 γὰρ
2235 2141 2393 2209 οὗτος
2445 2145 2544 2213 μὲν
2577 2143 2778 2214 μυρίας
2807 2142 3100 2213 γαστέρας,
3159 2141 3186 2193 ὀ
3217 2141 3272 2194 δέ
3319 2139 3493 2206 πένης
3538 2138 3672 2208 μίαν

2083 2239 2284 2308 πληροῖ
2322 2238 2503 2306 μόνον,
2543 2237 2678 2292 ἀλλά
2711 2237 2807 2290 ςιια)⁵
2830 2231 2982 2300 οὗτος
3013 2237 3265 2299 κάκεῖνος
3303 2236 3456 2306 μίαν,
3485 2235 3582 2288 καὶ
3609 2230 3672 2287 ἐν

2083 2332 2386 2402 ἀμφότεροι
2443 2331 2811 2401 θεραπεύουσι
2859 2330 3056 2400 σῶμα·
3089 2326 3208 2384 ἀλλ’
3254 2330 3283 2381 δ
3339 2328 3441 2398 μὲν
3494 2329 3671 2399 χωρὶς

2083 2426 2324 2496 ἀγωνίας
2361 2431 2456 2481 καὶ
2509 2426 2687 2492 δέους,
2739 2428 2767 2478 ὁ
2799 2426 2855 2479 δὲ
2905 2424 3049 2494 μετὰ
3077 2422 3174 2476 τοῦ
3233 2421 3535 2475 δεδοικέναι
3571 2421 3673 2473 καὶ

2081 2516 2306 2586 τρέμειν
2337 2517 2432 2579 τὰς
2453 2514 2878 2577 ἐπαναστάσεις.
2901 2512 2993 2586 Μὴ
3015 2513 3195 2566 τοίνυν
3223 2512 3340 2584 ἴδῃς
3363 2511 3440 2576 ὡς
3463 2510 3674 2580 πολλὴν

2081 2609 2195 2678 ἔχει
2244 2608 2344 2680 τὴν
2380 2608 2722 2677 περιουσίαν,
2761 2606 2881 2661 ἀλλ’
2935 2607 2983 2659 εί
3018 2605 3181 2660 πλέον
3219 2622 3270 2658 τι
3323 2606 3426 2675 τῆς
3457 2603 3668 2674 πολλῆς

2081 2705 2284 2773 ταύτης
2314 2704 2638 2760 ἀπολαύσει.

2153 2796 2319 2849 Οὐδὲν
2356 2794 2547 2865 ὄφελος
2577 2795 2655 2864 τῷ
2691 2794 2930 2865 πλουσίῳ
2959 2792 3361 2861 ἀποθνήσκοντι
3399 2791 3475 2861 μὴ
3507 2791 3669 2844 δυνα-

2087 2889 2233 2960 μένῳ
2255 2889 2442 2959 λαϐεῖν
2474 2889 2565 2942 τὸν
2601 2884 2835 2942 πλοῦτον
2860 2889 2956 2941 σὺν
2983 2884 3184 2956 ἐαυτῷ,
3215 2886 3273 2948 ὃς
3314 2901 3378 2952 γε
3412 2884 3670 2939 τοσοῦτον

2009 3021 2055 3084 C
2086 2984 2193 3038 ἀπὸ
2225 2983 2326 3053 τῆς
2355 2981 2709 3045 ἀπολαύσεως
2742 2982 3002 3052 ἐκέρδανε
3050 2982 3238 3050 μόνον,
3271 2978 3398 3032 ὅσον
3433 2981 3535 3050 τὴν
3567 2979 3668 3047 ψυ-

2086 3077 2188 3148 χὴν
2217 3075 2384 3129 αὐτοῦ
2414 3076 2472 3130 ἐν
2499 3078 2566 3146 τῇ
2599 3075 2712 3147 ζωῇ
2751 3075 2924 3147 ταύτῃ
2956 3075 3107 3145 παρὰ
3139 3073 3246 3126 τῶν
3279 3073 3533 3126 κολάκων
3559 3090 3668 3143 μα-

2085 3169 2436 3239 χαρισθῆναι.

2157 3262 2348 3315 Πολλοὶ
2397 3261 2612 3332 πλούτῳ
2644 3261 3069 3333 περιρρεόμενοι
3105 3259 3196 3312 τὸν
3261 3259 3377 3324 βίον
3432 3258 3667 3312 ἀϐίωτω

2085 3354 2339 3426 ἐνόμισαν
2380 3353 2556 3408 εἶναι’
2599 3355 2777 3425 ἕτεροι
2815 3355 2896 3418 δὲ,
2926 3353 3083 3424 πενίᾳ
3125 3353 3395 3417 συςιῖιντες
3438 3351 3661 3423 ἐσχάτῃ,

2083 3452 2301 3503 πάντων
2332 3448 2692 3518 εὐθυμότερον
2717 3447 3042 3501 διετέλεσαν.
3069 3442 3178 3498 Καὶ
3209 3447 3258 3498 οἱ
3292 3446 3390 3513 μὲν
3414 3445 3644 3514 δορυφο-

2087 3544 2209 3613 ρίας
2241 3541 2654 3605 ἀπολαύσαντες
2689 3541 2782 3594 καὶ
2835 3540 2996 3609 δόξης
3033 3542 3129 3595 καὶ
3173 3539 3349 3609 τιμῶν
3398 3536 3660 3599 πολλάκις

2083 3633 2253 3700 αὐτὴν
2287 3631 2636 3703 ἐπηράσαντο
2667 3631 2768 3702 τὴν
2819 3630 2997 3702 ζωήν·
3024 3632 3071 3684 οἱ
3120 3631 3176 3683 δέ
3227 3631 3432 3700 ἄσημοι
3468 3632 3559 3682 καὶ
3611 3628 3664 3693 ἐξ

2084 3725 2315 3794 ἀσήμων
2351 3725 2445 3778 καὶ
2478 3725 2654 3778 οὐδενὶ
2685 3723 2956 3794 γνώριμοι
2990 3722 3202 3776 πολλῶν
3234 3723 3464 3786 ἑαυτοὺς
3493 3740 3662 3791 μακα-

2085 3814 2387 3882 ριωτέρους
2414 3808 2558 3866 εἶναι
2600 3815 2878 3884 ἐνόμισαν.
2909 3814 2982 3868 Οὐ
3015 3815 3123 3884 γὰρ
3169 3817 3228 3868 ἐν
3265 3815 3332 3885 τῇ
3369 3817 3533 3882 φύσει
3560 3814 3661 3866 τῶν

2082 3909 2430 3976 πραγμάτων
2457 3906 2652 3972 οὓτως,
2685 3908 2759 3970 ὡς
2793 3908 2849 3961 ἐν
2875 3910 2941 3978 τῇ
2973 3907 3172 3978 γνώμῃ
3193 3905 3300 3960 τῶν
3333 3906 3655 3978 ἀνθρώπων,

2081 3996 2151 4049 τὰ
2179 3999 2278 4067 τῆς
2309 3997 2576 4068 εὐθυμίας
2605 3999 2860 4053 ἵστασθαι
2893 4001 3162 4069 πέφυκεν.

2151 4090 2325 4155 Αὐτὸς
2356 4093 2384 4144 ὁ
2415 4091 2650 4162 Χριστὸς
2677 4094 3016 4164 ἀπεφήνατο,
3053 4097 3138 4150 ὅτι
3171 4098 3245 4152 Ού
3280 4099 3516 4154 δύνασθε
3545 4100 3659 4170 Θεῷ

2082 4182 2356 4238 δουλεύειν
2386 4189 2479 4237 καὶ
2522 4187 2761 4257 μαμωνᾷ
2787 4202 2800 4216 ·
2835 4188 2929 4241 καὶ
2957 4188 3039 4240 ὅτι
3096 4189 3272 4254 οὐδεὶς
3297 4190 3525 4246 δύναται
3547 4194 3666 4245 δυσὶ

2081 4277 2295 4348 κυρίοις
2345 4277 2653 4333 δουλεύειν·
2707 4282 2926 4335 ἐναντία
2989 4282 3098 4354 γὰρ
3156 4285 3564 4341 ἐπιτάττουσιν.
3607 4287 3663 4339 Ὀ

391 4377 644 4433 Christus
707 4377 926 4448 inquit,
967 4379 1138 4434 Parce
1213 4379 1566 4449 pauperibus.
1641 4382 1977 4437 Mammunas

2096 4371 2319 4441 Χριστὸς
2351 4371 2518 4441 λέγει,
2552 4373 2741 4426 Φείδου
2787 4376 2895 4428 τῶν
2954 4378 3268 4448 πενομένων
3292 4394 3310 4412 °
3341 4382 3371 4432 ὁ
3401 4382 3663 4452 μαμωνᾶς

393 4471 591 4540 inquit,
623 4469 796 4523 Nudis
819 4469 983 4524 etiam
1013 4485 1134 4539 qua
1162 4471 1366 4525 habent
1415 4473 1693 4526 abstrahe.
1720 4474 1973 4529 Christus

391 4560 591 4630 inquit,
614 4558 829 4614 Evacua
856 4575 978 4629 qua:
1006 4560 1196 4615 habes.
1231 4560 1568 4617 Mammonas
1592 4564 1791 4634 inquit,
1817 4566 1976 4622 Acci-

392 4669 459 4722 pe
521 4655 685 4706 etiam
746 4668 868 4722 qua:
939 4669 1048 4707 non
1104 4654 1294 4709 habes.
1359 4656 1746 4712 Verumtamen
1806 4663 1980 4730 magis

395 4743 740 4798 auscultetur
790 4743 889 4811 illi,
941 4744 1102 4814 cujus
1133 4747 1767 4813 crudelia,immauiaet
1797 4751 1975 4805 ferina

399 4845 524 4890 sunt
557 4844 850 4906 praecepta,
880 4853 1043 4906 quam
1095 4839 1171 4892 illi
1226 4839 1320 4908 qui
1351 4842 1514 4895 nobis
1538 4843 1772 4914 benigna
1811 4853 1864 4897 ct
1894 4861 1979 4898 sa-

383 4928 590 4982 lutaria
647 4930 917 5000 praecipit.
972 4929 1099 4985 llaec
1165 4948 1334 4988 causa
1364 4943 1449 4988 est
1474 4935 1757 5003 gehennae,
1807 4952 1977 4990 causa

399 5020 772 5088 tenebrarum,
811 5038 974 5079 causa
1030 5022 1183 5078 fluvii
1240 5026 1418 5096 igniti,
1456 5027 1695 5099 denique
1731 5029 1982 5098 perpetui

397 5126 601 5166 vermis
631 5129 822 5171 causa.

468 5201 680 5272 Cyriui.
715 5205 929 5262 Divitiis
952 5207 1114 5264 etiam
1143 5218 1289 5264 recte
1325 5211 1399 5265 uti
1436 5211 1584 5278 licet,
1622 5212 1668 5268 si
1703 5215 1984 5284 expcntlas

397 5295 799 5365 indigentibus.

467 5387 729 5443 Molestia:
755 5391 951 5447 divites
986 5393 1279 5458 plurimum
1303 5397 1456 5466 sequi
1492 5399 1692 5463 solent,
1726 5408 1778 5454 et
1807 5415 1869 5455 ex
1896 5403 1975 5455 ni-

399 5480 510 5535 mia
538 5481 792 5551 superbia
820 5485 883 5536 ad
907 5485 1286 5556 negligentiam
1310 5488 1695 5544 detrahuntur.

2079 4465 2244 4531 λέγει,
2282 4465 2393 4518 Kal
2432 4467 2557 4528 τοὺς
2583 4467 2825 4536 γυμνοὺς
2875 4469 3143 4522 ἀπόδυσον
3196 4471 3336 4524 αὐτά
3364 4472 3399 4525 ἃ
3430 4473 3658 4543 ἔχουσιν.

2091 4558 2149 4611 Ὀ
2182 4558 2418 4629 Χριστὸς
2447 4557 2613 4627 λέγει,
2653 4557 2904 4612 Κένωσον
2937 4561 3078 4629 ἆπερ
3122 4561 3264 4632 ἔχεις
3289 4579 3303 4595 ·
3337 4566 3366 4617 ὁ
3397 4567 3660 4633 μαμωνίς

2083 4652 2253 4719 λέγει,
2289 4652 2437 4705 Λάϐε
2475 4653 2568 4706 καὶ
2598 4651 2746 4724 ἅπερ
2780 4653 2882 4706 οὐκ
2912 4655 3081 4724 ἔχεις.
3119 4657 3260 4708 Ἀλλ’
3292 4660 3445 4726 ὅμως
3477 4659 3659 4711 ἀκούε-

2083 4763 2175 4800 ται
2212 4747 2417 4817 μᾶλλον
2447 4750 2474 4800 ὁ
2500 4749 2566 4801 τὰ
2594 4747 2720 4816 ὠμά
2750 4750 2845 4801 καὶ
2871 4750 3054 4818 ἀπηνῆ
3091 4751 3182 4803 καὶ
3222 4751 3467 4821 θηριώδη
3499 4768 3661 4822 προσ-

2081 4839 2291 4894 τάττων
2320 4839 2414 4892 τοῦ
2468 4841 2537 4892 τὰ
2585 4841 2804 4910 ἐπιεικῆ
2844 4844 2937 4893 καὶ
2974 4844 3219 4912 σωτήρια
3267 4846 3400 4912 ἡμῖν
3430 4843 3662 4897 κελεύον-

2081 4947 2194 4993 τος.
2223 4933 2322 4984 Διά
2350 4930 2511 4983 τοῦτο
2551 4933 2770 4999 γέεννα,
2804 4933 2892 4985 διὰ
2927 4933 3090 4985 τοῦτο
3125 4934 3339 4998 σκότος,
3389 4935 3478 4988 διὰ
3511 4935 3659 4987 τοῦτο

2087 5028 2331 5098 ποταμὸς
2365 5027 2557 5099 πυρὶς,
2593 5027 2680 5080 διὰ
2717 5027 2877 5080 τοῦτο
2906 5026 3122 5097 σκώληξ
3148 5026 3530 5098 ἀτελεύτητος.

2166 5204 2322 5261 ’Ἐστι
2382 5208 2478 5260 καὶ
2531 5207 2748 5279 πλούτῳ
2802 5209 2882 5272 εἰς
2912 5207 3029 5261 δέον
3064 5209 3401 5279 χρήσασθαι,
3431 5208 3558 5262 ὅταν
3583 5209 3655 5268 εἰς

2085 5299 2210 5362 τοὺς
2239 5301 2529 5368 δεομένους
2562 5302 2835 5372 ἀναλώσῃ.

2156 5393 2280 5456 Τόῖς
2316 5394 2603 5447 πλουτοῦσι
2631 5397 2864 5464 μάλιστα
2899 5396 3238 5464 παρέπεσθαι
3270 5396 3417 5464 ιρι)λῖ
3450 5397 3507 5448 τὸ
3539 5395 3654 5447 δυσ-

2086 5486 2253 5554 ἡνιον,
2289 5487 2382 5539 καὶ
2437 5489 2500 5540 ἐκ
2545 5488 2803 5558 πλείστης
2831 5488 2970 5558 ἄγαν
2994 5490 3299 5558 ἀγερωχίας
3333 5488 3655 5557 καῖασὲροηι·

2085 5594 2175 5630 ται
2207 5580 2340 5647 πρὶς
2373 5584 2427 5629 τὸ
2461 5579 2726 5648 ῥᾴθυμον.

475 5740 548 5809 (1)
577 5741 704 5809 Quae
747 5745 834 5801 hic
871 5745 925 5801 in
960 5745 1150 5804 Greece
1189 5759 1507 5822 sequuntur
1549 5753 1754 5823 aliquot
1788 5755 1968 5821 verba,
2008 5755 2261 5811 videntur
2295 5768 2572 5821 corrupta.
