3980 6248
258 327 372 390 889

334 439 569 502 Ιίλοῧτος

258 531 562 603 ὑπηρέτης.

863 628 1081 681 ΛΟΓΟΣ
1110 623 1231 684 ΛΓ’.

610 719 747 787 Περὶ
778 722 1031 789 πτωχῶν
1062 723 1160 776 καὶ
1195 723 1488 790 πενήτων,

331 811 598 882 Κραυγὴν
636 813 871 882 πένητος
920 816 1015 867 καὶ
1043 819 1292 888 κραυγὴν
1322 814 1544 889 πτωχοῦ
1591 821 1840 874 εἰσακού-

257 916 416 981 σεται
442 903 670 976 Κύριος.

331 995 449 1049 Οὐκ
504 997 583 1057 el;
615 993 766 1058 τέλος
813 996 1241 1067 ὲπιλησθήσεται
1271 1001 1297 1052 ὁ
1322 1003 1550 1071 πτωχός.
1601 1002 1664 1056 Ἦ
1705 1004 1836 1058 ὐπο-

257 1086 397 1156 μονὴ
427 1086 533 1138 τῶν
561 1089 812 1157 πενήτων
838 1088 936 1141 οὐκ
971 1090 1258 1144 ἀπολεῖται
1299 1095 1378 1155 εἰς
1409 1089 1583 1157 τέλος,

327 1178 522 1248 Κρινεῖ
556 1181 683 1242 τοὺς
740 1181 991 1250 πτωχοὺς
1026 1182 1120 1236 τοῦ
1167 1181 1322 1251 λαοῦ,
1353 1185 1448 1238 καὶ
1503 1186 1666 1243 σώσει
1709 1189 1835 1255 τοὺς

253 1271 409 1332 υἱοὺς
438 1269 544 1324 τῶν
572 1271 845 1342 πενήτων.

331 1361 548 1428 Ἕγνων
568 1361 649 1415 ὅτι
675 1363 891 1430 ποιήσει
937 1363 1142 1433 Κύριος
1173 1363 1271 1436 τὴν
1319 1370 1501 1438 κρίσιν
1536 1372 1644 1426 τῶν
1688 1392 1833 1430 πτω-

249 1457 389 1528 χῶν,
427 1456 522 1510 καὶ
553 1458 654 1524 τὴν
689 1457 845 1524 δίκην
874 1459 982 1510 τῶν
1016 1460 1285 1528 πενήτων.

340 1547 402 1600 Ὀ
428 1547 716 1616 ἀτιμάζων
748 1549 958 1616 πένητα
985 1550 1320 1619 ἁμαρτάνει.

333 1636 400 1692 ’0
431 1638 780 1708 συκοφαντῶν
831 1641 1038 1712 πένητα
1087 1641 1378 1714 παροξύνει
1409 1643 1500 1698 τὸν
1533 1651 1832 1720 ποιήσαντα

251 1728 441 1783 αὐτόν.

326 1822 495 1875 Πενία
515 1821 684 1892 ἀνδρα
710 1829 973 1880 ταπεινοῖ.

324 1913 594 1967 Πλουσίου
627 1915 840 1984 πτωχὸς
865 1917 962 1986 οὐχ
1006 1915 1292 1983 ὑφίσταται
1322 1921 1578 1992 ἀπειλήν.

323 2006 514 2058 Πάντα
569 2007 637 2061 τὰ
679 2007 816 2078 ἔργα
861 2009 956 2061 τοῦ
1005 2009 1222 2081 πτωχοῦ
1274 2015 1486 2084 φανερά
1544 2018 1694 2087 παρὰ
1750 2012 1826 2089 τῷ

247 2097 402 2166 Θεῷ.

326 2190 430 2251 "Oc
459 2188 804 2258 ἀποφράσσει
854 2191 922 2244 τὰ
973 2187 1086 2245 ὦτα
1134 2194 1300 2248 αὐτοῦ
1347 2195 1440 2248 τοῦ
1476 2199 1549 2268 μὴ
1595 2199 1824 2256 ἀκοῦσαι

248 2280 494 2352 πτωχοῦ,
545 2281 646 2351 τῆς
699 2282 938 2354 δεήσεως
989 2286 1155 2339 αὑτοῦ
1207 2288 1306 2341 οὐκ
1375 2291 1760 2348 εεσακούσεται
1798 2297 1826 2348 ὁ

249 2375 412 2434 Θεὸς.

339 2462 407 2514 Ἦ
434 2461 598 2529 σοφία
627 2461 721 2516 τοῦ
745 2463 976 2533 πένητος
1019 2464 1442 2539 ἑξουθενημένη,
1479 2473 1573 2524 καὶ
1605 2474 1653 2525 οἱ
1675 2472 1824 2543 λόγοι

255 2550 427 2606 αὐτοῦ
453 2553 553 2606 οὐκ
577 2553 718 2607 εἰσὶν
756 2556 1104 2624 ἀκουόμενοι.

323 2647 766 2717 Βοσκηθήσονται
809 2651 1012 2720 πτωχοὶ
1042 2650 1128 2703 διὰ
1183 2653 1414 2723 Κυρίου,
1472 2656 1705 2726 πένητες
1764 2658 1821 2712 δὲ

243 2738 525 2808 ἄνθρωποι
559 2738 652 2793 ἐπ’
678 2741 901 2812 εἰρήνης
926 2743 1355 2802 ἀναπαύσονται.

217 2875 219 2877 .
319 2832 590 2896 Ταπεινὸς
629 2822 840 2904 ἐσφάλη
871 2875 886 2899 ,
940 2835 1034 2887 καὶ
1087 2839 1574 2910 προσεπετίμησαν
1630 2843 1815 2912 αὐτῷ·

244 2922 549 2993 ἐφθέγξατο
583 2923 818 2992 σύνεσιν,
851 2927 943 2978 καὶ
977 2927 1077 2979 οὐκ
1109 2928 1263 2999 ἐδόθη
1295 2930 1446 3001 αὐτῷ
1476 2933 1661 2996 τόπος.

471 3105 603 3148 ςυνῇ
644 3104 1170 3148 ταπειυῆῦ.υαωέληρ
1225 3109 1408 3148 διῖιλθε
1486 3112 1577 3148 νηὶ
1630 3112 1692 3148 m’.
1742 3114 1798 3148 ...ι

317 3104 604 3176 Προσευχὴ
644 3104 912 3160 ταπεινοῦ.
940 3107 1170 3176 νεφέλας
1225 3109 1432 3176 διῆλθε,
1486 3112 1581 3165 καὶ
1630 3112 1692 3165 ού
1739 3114 1815 3184 μὴ

317 3197 600 3258 ιρακληθῇ,
626 3197 731 3258 ἕως
761 3198 828 3251 ἂν
857 3199 1221 3258 ὲπισκέύιηται
1251 3201 1545 3258 ’Υψιστο;.

1994 3104 2128 3149 Ibid.
2162 3113 2322 3152 xxxv.
2355 3104 2544 3154 Oratio
2599 3104 2822 3156 humilis
2871 3117 2966 3172 per
3018 3105 3188 3158 nubes
3228 3107 3495 3171 transivit,

1968 3201 1976 3238 ι
2035 3202 2142 3241 ιιοιι
2198 3189 2430 3258 accipiet
2493 3191 2776 3258 solatium,
2833 3193 3005 3249 donec
3059 3197 3242 3252 visitet
3277 3201 3496 3254 Altissi-

242 3197 600 3288 napairlqhﬁ,
626 3197 731 3261 ἕως
761 3198 828 3251 ἂν
857 3199 1221 3269 ἐπισκέψηται
1251 3201 1545 3272 ’Υψιστος.

311 3375 484 3444 Σοφία
512 3375 770 3430 ταπεινοῦ
808 3376 1083 3447 ἀνυψώσει
1133 3379 1379 3452 κεφαλὴν
1408 3380 1598 3448 αὐτοῦ,
1631 3383 1726 3438 καὶ
1754 3387 1812 3440 ὲν

241 3467 401 3536 μέσῳ
439 3468 782 3538 μεγιστάνων
815 3467 1001 3522 καθιεῖ
1028 3471 1210 3532 αὐτόν.

313 3557 534 3626 Πτωχὸς
564 3554 845 3622 δοξάζεται
882 3555 949 3618 δι’
984 3559 1295 3630 ἐπιστήμην
1338 3563 1434 3616 καὶ
1488 3563 1777 3630 εὐλάϐειαν
1799 3580 1813 3596 °

237 3651 265 3703 ὁ
291 3648 651 3719 δοξαζόμενος
687 3651 744 3702 ἐν
775 3649 1040 3722 πτωχείᾳ,
1074 3653 1329 3722 ποσαχῶς
1361 3656 1417 3706 ἐν
1448 3655 1662 3727 πλούτῳ
1695 3659 1707 3711 l

311 3829 405 3900 Μὴ
434 3828 792 3900 παρεκτείνου
833 3829 1004 3900 πένης
1028 3826 1104 3885 ὢν
1128 3829 1392 3903 πλουσίῳ,
1420 3834 1486 3904 τῇ
1532 3835 1588 3888 δὲ
1626 3838 1693 3906 σῇ
1727 3836 1815 3890 εὑ-

235 3925 364 3995 νοξᾳ
401 3924 668 3994 ἀπόσχου.

328 4014 623 4083 Ἐμισησεν
648 4016 680 4084 ὴ
708 4013 854 4084 ψυχή
890 4031 992 4084 μου
1021 4015 1234 4084 πτωχὸν
1275 4016 1641 4086 ὑπερήφανον.

308 4103 636 4177 Πτωχεύων,
677 4107 952 4178 ἄνθρωπε,
988 4107 1304 4178 εὐφραίνου,
1337 4110 1418 4164 ὅτι
1451 4111 1704 4181 Λαζάρου
1743 4127 1805 4165 σε

232 4201 306 4253 τὰ
336 4198 524 4267 ἀγαθά
553 4198 874 4264 διαδέξεται.

309 4288 583 4358 Οὐδεμιαν
615 4289 880 4361 αἰσχύνην
909 4288 970 4342 τὸ
995 4290 1254 4345 πένεσθαι
1286 4292 1558 4362 προξενεῖ.

321 4382 440 4434 Ἑνὶ
478 4381 656 4451 τούτῳ
699 4381 1031 4450 διαφέρομεν
1067 4383 1178 4437 τῶν
1215 4385 1592 4439 πλουτούντων
1625 4385 1673 4439 οἱ
1706 4385 1808 4440 πέ-

233 4487 435 4542 νητες,
485 4473 552 4541 τῇ
619 4470 926 4540 ἀμεριμνίᾳ
961 4488 976 4502 ο
1031 4472 1125 4525 καὶ
1183 4474 1575 4555 καταγελῶμεν
1635 4475 1815 4529 αὐτῶν

235 4561 690 4631 ἀγρυπνούντων,
719 4560 873 4613 αὐτοὶ
905 4560 1281 4636 καθεύδοντες.

310 4654 479 4707 Πενία
515 4652 654 4723 μετά
680 4651 939 4722 ἀληθείας
965 4653 1143 4724 πάσης
1175 4655 1527 4720 ἀπολαύσεως
1555 4657 1668 4720 τοῖς
1704 4673 1814 4710 σω·

235 4746 500 4818 φρονοῦσι
533 4745 857 4816 τιμιωτέρα.

308 4839 386 4893 Οὐ
439 4841 500 4891 τὸ
531 4839 787 4893 πένεσθαι
821 4839 1216 4901 ἐπονείδιστον,
1248 4838 1387 4892 ἀλλά
1420 4837 1481 4892 τὸ
1517 4839 1591 4910 μὴ
1625 4838 1812 4912 φέρειν

175 4929 187 4939 ’
235 4931 596 5000 εὐγνωμόνως
626 4930 726 5002 τὴν
751 4933 962 4986 πενίαν.

308 5018 489 5090 Πένης
527 5021 602 5092 μὴ
627 5021 939 5093 ἁθυμήσῃς.
978 5020 1041 5074 'll
1074 5021 1182 5091 γὰρ
1213 5022 1294 5084 εἰς
1345 5021 1486 5089 ἄγαν
1539 5023 1812 5092 κατήφεια

234 5115 450 5183 γίνεται
483 5112 584 5181 τῆς
611 5113 885 5184 ἁμαρτίας
917 5113 1065 5166 αἰτία
1093 5152 1108 5178 ,
1137 5112 1232 5182 τῆς
1271 5113 1368 5182 μὲν
1413 5112 1587 5183 λύπης
1621 5115 1810 5183 βαπτι-

236 5207 442 5277 ζούσης
481 5205 572 5257 τὸν
621 5205 765 5270 νοῦν,
802 5206 896 5258 καὶ
931 5205 1243 5276 ἀμηχανίας
1279 5205 1538 5276 ποιούσης
1569 5207 1806 5274 ἴλιγγον,

232 5300 334 5366 τῆς
366 5299 424 5350 δὲ
458 5297 694 5368 ἀπορίας
725 5297 836 5350 τῶν
861 5297 1143 5366 λογισμῶν
1168 5297 1269 5367 τὴν
1314 5298 1640 5366 ἀχαριστίαν
1672 5298 1809 5350 ἀπο-

235 5387 542 5456 γεννὼσης.
599 5386 691 5456 Μὴ
730 5387 838 5456 γὰρ
888 5386 988 5438 οὐκ
1024 5385 1305 5439 έπιϐλέπει
1343 5387 1444 5456 τὴν
1497 5387 1754 5441 στένωσιν
1782 5389 1809 5440 ὁ

235 5481 366 5543 Θεός
392 5495 408 5545 ;
442 5479 598 5549 Ἔχει
628 5478 725 5548 τὴν
776 5478 982 5548 τροφὴν
1011 5481 1070 5530 ἐν
1102 5479 1248 5547 χερὶ,
1302 5478 1396 5530 καὶ
1449 5479 1808 5534 ἀναϐάλλεται

237 5572 337 5643 τὴν
362 5570 530 5633 δόσιν,
557 5569 643 5623 ἵνα
675 5587 770 5623 σου
800 5570 1071 5641 δοκιμάσῃ
1099 5569 1158 5621 τὸ
1195 5568 1434 5638 βέσαιον.

307 5661 476 5717 Οὶδὲν
512 5660 590 5733 τῷ
633 5660 751 5732 Θεῷ
821 5661 996 5732 μέγα,
1049 5660 1076 5714 ὃ
1117 5660 1192 5732 μὴ
1227 5659 1320 5714 καὶ
1369 5660 1560 5734 πένησι
1604 5663 1805 5720 δίδωσι.

1057 334 1226 393 met
1269 334 1801 399 COMMUNES.—
1850 321 2066 400 rans.
2118 341 2161 401 ι.
2207 343 2462 402 SEBMO
2494 345 2770 406 xxxm.

647 437 839 502 κακίας
903 439 1102 509 [μᾶ-’.λον
1155 439 1186 513 ἢ
1254 445 1654 514 καλοκαγαθίαις
1705 449 1852 502 ἐστὶν
1883 456 1922 508 Α

3411 354 3516 416 890

2031 447 2291 504 Philonis.
2327 449 2532 506 Divitiae
2560 454 2732 524 magis
2767 455 3098 526 improbitati
3156 467 3318 528 quam
3347 460 3515 516 Itone-

1943 537 2066 588 stati
2097 539 2420 592 tussi-vium.

2271 628 2502 686 SliliMO
2550 632 2770 688 XXXIII
2827 634 2925 705 [aL
2957 636 3212 710 CXLIII].

2383 724 2460 777 De
2485 727 2657 793 egenis
2688 738 2736 780 et
2753 730 3090 798 pauperibus.

2009 811 2132 866 Job.
2163 813 2468 870 Clamorem
2500 821 2752 887 pauperis
2825 831 2878 875 et
2907 823 3197 876 clamorem
3225 825 3376 895 egeni
3408 825 3516 882 Do-

1940 902 2121 955 minus
2146 905 2417 959 exaudiet.

2015 991 2162 1046 Psal.
2191 1011 2266 1052 ix.
2287 993 2404 1049 Non
2435 997 2486 1049 in
2511 1007 2764 1066 perpetua
2785 999 3054 1054 oblivione
3071 1003 3512 1073 jacehitegenus.

1909 1081 2201 1138 Patientia
2237 1101 2532 1155 pauperum
2559 1104 2664 1142 non
2720 1105 2936 1159 semper
2967 1092 3342 1172 frustrabitur.

2006 1172 2250 1230 Ibid.vn.
2278 1174 2554 1231 Jndicahit
2583 1177 2776 1248 inopes
2808 1181 3018 1250 pepuli,
3060 1194 3114 1237 et
3139 1185 3278 1239 tilios
3307 1203 3510 1256 paupea

1937 1279 2056 1318 rum
2085 1267 2346 1319 servabit.

2005 1351 2150 1408 Ibid.
2174 1369 2397 1413 cxxxtx.
2429 1356 2670 1426 Cognovi
2712 1359 2856 1428 quod
2890 1359 3146 1415 Domines
3179 1374 3398 1421 acturus
3428 1376 3512 1422 est

1932 1460 2156 1499 causam
2184 1447 2435 1517 inopum,
2474 1449 2816 1518 etjudicium
2865 1455 3191 1522 pauperuin.

2004 1536 2163 1591 Prov.
2197 1553 2326 1592 xvu.
2353 1537 2457 1604 Qui
2505 1541 2716 1609 spernit
2775 1557 3091 1612 pauperem,
3128 1555 3334 1612 peccat.

2005 1628 2106 1695 Qui
2156 1645 2448 1700 pauperem
2539 1633 2926 1700 calumniatur,
2975 1635 3154 1690 irritat
3209 1648 3506 1694 creatorem

1932 1725 2070 1794 ejus.

1857 1793 1904 1852 Β
1966 1793 1973 1794 7
2007 1815 2305 1884 Paupertas
2339 1815 2592 1870 lttttniliat
2618 1817 2814 1871 virum.

2005 1905 2161 1961 Prov.
2197 1922 2310 1960 xm.
2343 1905 2555 1975 Pauper
2583 1921 2688 1961 non
2719 1907 2955 1966 sustinet
2985 1907 3160 1963 minas
3193 1911 3398 1968 divitis.

1999 1998 2195 2056 Omnia
2229 2015 2395 2070 opera
2423 2002 2601 2070 inopis
2632 2002 2923 2058 manifesta
2958 2014 3088 2058 sunt
3117 2007 3259 2074 apu‘l
3294 2005 3485 2061 Deum.

2007 2181 2158 2237 Prov.
2189 2197 2299 2236 xu.
2353 2181 2455 2248 Qui
2519 2182 2756 2236 thIruit
2811 2199 2975 2239 aures
3024 2201 3153 2242 Snas
3207 2204 3271 2240 ne
3321 2190 3507 2244 audiat

1927 2284 2194 2344 egentem,
2227 2275 2373 2329 illius
2406 2289 2596 2344 preces
2623 2289 2731 2328 non
2789 2276 3044 2330 exaudiet
3078 2277 3363 2334 Dominus.

1999 2453 2176 2510 Eccle.
2210 2471 2285 2510 Ix.
2313 2455 2591 2526 Sapientia
2617 2455 2873 2526 pauperis
2927 2458 3061 2514 nihil
3117 2472 3420 2530 reputatur,
3448 2473 3506 2518 et

1926 2553 2089 2602 verba
2119 2548 2238 2616 ejus
2279 2564 2383 2602 non
2431 2551 2749 2606 audiuntur.

1996 2637 2110 2692 Isa.
2147 2656 2254 2694 xiv.
2288 2639 2530 2709 lnopesa
2556 2642 2785 2697 Domino
2819 2654 3132 2714 pascentur,
3166 2656 3219 2699 et
3257 2646 3505 2703 homines

1925 2743 2189 2798 pauperes
2225 2731 2277 2783 in
2316 2746 2452 2798 pace
2485 2734 2790 2800 quiescent.

2000 2819 2166 2876 Eccli.
2190 2837 2305 2878 xui.
2332 2821 2566 2878 Humilis
2588 2825 2857 2896 quispiam
2878 2828 3098 2893 erravit,
3119 2837 3172 2883 et
3192 2831 3502 2899 increpatus

1922 2922 2004 2967 est
2035 2927 2051 2976 ;
2083 2912 2299 2970 loeutus
2344 2927 2428 2970 est
2455 2916 2750 2985 sapienter,
2778 2927 2830 2973 et
2869 2933 2974 2974 non
3007 2921 3166 2976 datus
3199 2930 3282 2976 est
3308 2924 3356 2976 ci
3417 2925 3492 2976 lo-

1921 3020 2042 3058 ους.

1994 3095 2128 3149 Ibid.
2162 3113 2322 3152 xxxv.
2355 3097 2544 3154 Oratio
2599 3098 2822 3156 humilis
2871 3117 2966 3172 per
3018 3105 3188 3158 nubes
3228 3107 3495 3171 transivit,

1922 3293 2066 3332 mus.

1989 3370 2132 3426 Ibid.
2161 3389 2322 3429 xxxv.
2341 3371 2614 3444 Sapientia
2634 3375 2852 3432 humilis
2870 3379 3090 3434 extollet
3107 3391 3272 3452 caput
3297 3383 3492 3451 ipsius,

1917 3471 1971 3516 et
1996 3462 2283 3517 collocabit
2309 3478 2431 3516 eum
2487 3463 2634 3518 inter
2688 3467 2990 3536 principes.
3111 3533 3114 3536 ,

1990 3552 2133 3608 Ibid.
2167 3570 2219 3608 ι.
2252 3552 2464 3624 Pauper
2493 3543 2744 3611 laudatur
2793 3561 2860 3613 ob
2911 3561 3190 3616 scientiam
3224 3576 3276 3617 et
3312 3565 3432 3619 mod
3458 3593 3494 3607 *-

1919 3645 2077 3698 stiam
2113 3659 2125 3694 :
2158 3644 2249 3710 qni
2275 3643 2437 3713 igitur
2465 3657 2670 3720 pauper
2701 3647 3001 3703 honoratus
3035 3660 3136 3716 est,
3178 3663 3378 3720 quanto
3411 3655 3493 3708 di~

1916 3749 2008 3790 ves
2041 3734 2182 3804 idem
2214 3744 2358 3790 esset
2412 3737 2729 3791 honoratior
2766 3738 2779 3791 l

1989 3825 2140 3880 Prov.
2166 3841 2298 3880 xxu.
2331 3825 2546 3895 Pauper
2576 3842 2698 3881 cum
2727 3828 2804 3884 sis
2850 3844 2917 3884 ne
2939 3831 3234 3888 contendas
3258 3847 3382 3888 cum
3411 3835 3492 3889 di-

1914 3915 2042 3980 vite,
2064 3917 2156 3984 sed
2185 3931 2282 3985 per
2303 3917 2647 3986 prudentiam
2683 3927 2830 3970 tuam
2864 3919 3100 3974 abstine.

1981 4009 2110 4064 Odit
2139 4009 2320 4064 anima
2369 4024 2489 4064 mea
2521 4009 2737 4078 inopem
2770 4011 3082 4078 superbum.

1982 4098 2042 4154 S.
2069 4099 2280 4154 Basilii.
2306 4098 2625 4164 Gaudeas,0
2652 4099 2835 4162 homo,
2866 4102 2916 4153 in
2955 4103 3204 4171 penuria,
3227 4105 3486 4174 quoniam

1911 4187 2098 4243 Lazari
2135 4195 2273 4244 bona
2300 4200 2348 4243 te
2365 4199 2686 4260 sequentur.

1981 4282 2195 4336 Nullum
2225 4283 2461 4337 dedecus
2499 4292 2792 4351 paupertas
2820 4283 3093 4352 producit.

1980 4371 2092 4426 Hoc
2121 4385 2229 4425 uno
2257 4385 2522 4442 pauperes
2546 4386 2574 4423 a
2599 4371 2858 4425 divitibus
2886 4372 3178 4438 distamus,
3204 4373 3314 4446 66
3336 4384 3486 4427 tran-

1917 4465 2189 4532 quillitate
2224 4466 2396 4518 animi
2431 4482 2445 4518 :
2477 4471 2534 4518 et
2568 4462 2779 4530 vigilias
2824 4464 3068 4534 ipsorum
3100 4467 3344 4522 ridemus
3375 4468 3480 4536 ipsi

1917 4556 2268 4610 dormientes.

1986 4645 2288 4715 Paupertas
2320 4660 2444 4699 cum
2471 4645 2701 4698 veritate
2756 4645 2948 4712 quavis
2997 4645 3255 4699 fruitione
3281 4645 3484 4713 pretio-

1914 4740 2026 4796 sior
2048 4749 2134 4794 est
2157 4738 2300 4806 apud
2333 4737 2646 4806 prudentes.

1983 4833 2101 4887 Non
2127 4841 2282 4901 turpe
2304 4840 2388 4886 est
2414 4845 2536 4885 esse
2570 4844 2886 4900 pauperem,
2922 4832 3016 4886 sed
3048 4847 3152 4886 non
3182 4845 3336 4902 a‘quo
3363 4833 3482 4886 anl-

1913 4939 2004 4979 mo
2031 4924 2172 4978 ferre
2201 4930 2592 4992 paupertatem.
3043 4931 3046 4934 ‘

1981 5013 2193 5082 Pauper
2215 5014 2342 5066 dum
2371 5026 2429 5067 es
2476 5025 2546 5065 ne
2585 5011 2810 5082 abjicius
2843 5013 3108 5067 animum.
3131 5012 3303 5068 Nimia
3337 5017 3480 5069 enim

1917 5103 2140 5158 tristitia
2176 5103 2344 5173 gignit
2376 5113 2680 5170 peccatum,
2725 5105 2778 5156 in
2807 5120 2910 5170 qua
2936 5118 3140 5159 maeror
3178 5106 3482 5176 submergit

1912 5203 2167 5256 mentem,
2198 5201 2252 5246 et
2283 5193 2446 5246 veluti
2479 5192 2804 5262 vertiginem
2834 5194 2966 5248 facit
2992 5196 3104 5264 ipsa
3128 5197 3477 5266 perplexitas,

1910 5295 1965 5340 et
2013 5285 2366 5341 consiliorum
2417 5285 2644 5350 penuria
2693 5284 3142 5353 ingratitudinem
3199 5287 3475 5356 producit.

1909 5380 1990 5432 An
2027 5386 2178 5446 putas
2215 5375 2382 5430 Deum
2421 5391 2525 5429 non
2557 5375 2759 5430 intueri
2784 5379 3089 5447 angustiam
3157 5379 3350 5434 tuam?
3375 5378 3476 5432 Αιέ

1912 5472 2003 5540 qui
2032 5470 2123 5526 ille
2143 5483 2267 5524 cum
2299 5468 2498 5524 victum
2526 5469 2580 5521 in
2611 5467 2863 5524 manibus
2896 5470 3314 5541 habeat,largiri
3344 5485 3476 5524 cun-

1911 5568 2108 5624 ctatur,
2135 5566 2194 5612 ιιι
2223 5559 2543 5622 constantia:
2570 5567 2674 5614 tua:
2705 5560 3134 5628 experimentum
3167 5568 3363 5614 sumat.

1909 5680 1915 5708 .-
1985 5651 2252 5720 Theologi.
2283 5649 2426 5705 Nihil
2461 5650 2644 5721 magni
2685 5651 2926 5719 possidet
2987 5653 3147 5718 Deus,
3185 5649 3324 5719 quod
3360 5662 3469 5702 non

1911 5750 2074 5805 etiam
2103 5745 2433 5818 pauperibus
2460 5743 2740 5814 largiatur.
