3980 6248
524 271 628 335 891

1778 259 2101 321 ANTONII
2135 258 2190 318 Μ
2201 259 2290 318 EL
2301 260 2315 316 l
2328 257 2480 316 SSiE

3667 269 3762 334 892

597 379 948 435 l‘rzestantior
1022 385 1106 432 est
1204 381 1495 444 paupertas
1543 370 1920 444 ’possessione
1999 386 2093 426 not

2288 371 2557 443 Κρεῖσσον
2586 371 2746 425 πενία
2779 371 2853 444 μὴ
2881 369 3095 439 δικαίας
3124 375 3392 448 κτήσεως.

511 473 684 543 justa.

587 566 783 620 Misera
824 559 1041 632 quidem
1103 567 1444 630 paupertas,
1500 555 1596 618 sed
1652 556 1930 628 opulentia
1965 556 2112 623 mala

519 672 792 710 IIIISCI‘IOI'.

588 746 788 800 Omnes
843 759 1031 799 sumus
1054 758 1321 814 pauperes
1350 749 1406 798 et
1453 741 1620 810 indigi
1648 740 1848 796 divinae
1899 739 2105 809 gratiae,

515 838 762 905 quamvis
792 837 933 892 alius
959 837 1048 891 alii
1081 844 1336 906 praestare
1365 836 1635 902 videatur,
1665 834 1712 888 si
1729 832 1938 904 exiguis
1959 847 2110 886 men-

515 931 658 984 suris
691 931 939 984 metiare.

586 1022 639 1073 Si
675 1031 977 1075 creatorem
1004 1021 1186 1076 irritat
1209 1019 1303 1089 qui
1331 1020 1383 1072 in
1411 1033 1708 1089 pauperem
1768 1017 1935 1072 fuerit
1966 1031 2101 1072 cou-

515 1112 860 1180 tumeliosus,
889 1129 1021 1185 ergo
1056 1114 1146 1170 ille
1173 1115 1268 1184 qui
1303 1113 1435 1172 coiit
1463 1127 1623 1182 Opus,
1678 1111 1913 1172 honorat
1940 1109 2102 1180 opili-

511 1221 651 1259 CCIII.

585 1296 949 1352 Praestabilior
1005 1307 1088 1352 est
1141 1295 1361 1365 juvenis
1434 1311 1653 1366 pauper
1700 1293 1923 1366 sapiens
1975 1310 2106 1353 sene

514 1401 640 1454 rege
665 1388 971 1457 Insipieute.

582 1479 870 1536 Multitudo
909 1497 1116 1552 magna:
1139 1480 1522 1536 :estimationis
1581 1480 1867 1535 hominum
1938 1477 2105 1534 tritius

511 1574 768 1639 pauperis
795 1573 867 1642 pii
893 1574 1161 1644 dignitate
1193 1573 1422 1627 inferior
1449 1583 1560 1628 est.

582 1659 853 1732 C/trysost.
901 1660 1137 1718 Facilem
1187 1665 1539 1720 sobrietatem
1572 1705 1584 1728 .
1619 1663 1817 1718 anime
1866 1662 2098 1726 cultum,

2283 554 2467 607 Δεινὸν
2498 555 2779 624 πένεσθαι,
2805 557 2990 628 χεῖρον
3019 557 3278 629 sumpsit;
3301 560 3510 625 κακῶς.

2285 729 2499 800 Πτωχοί
2529 732 2696 802 ἐσμεν
2735 731 2995 801 ἅπαντες,
3057 737 3152 788 καὶ
3203 736 3306 806 τῆς
3359 738 3511 804 θείας
3567 744 3764 813 χάριτος

2211 819 2465 889 ἐπιδεεῖς,
2491 821 2598 876 κᾶν
2643 823 2803 886 ἄλλος
2853 825 3015 879 ἄλλου
3061 829 3352 902 προσέχειν
3416 833 3548 906 δοκῇ
3577 840 3766 908 μικροῖς

2212 912 2436 981 μέτροις
2470 918 2865 986 μετρούμενος.
3620 934 3631 945 ⁶

2280 1003 2343 1056 Ei
2371 1003 2530 1075 γὰρὸ
2562 1006 2845 1074 ἀτιμάζων
2893 1008 3104 1082 πένητα
3145 1013 3444 1084 παροξύνει
3496 1017 3590 1074 τὸν
3632 1023 3765 1090 ποιή-

2210 1112 2380 1152 σαντα
2437 1097 2622 1168 αὐτὸν,
2690 1101 2830 1173 τιμᾷ
2881 1102 2974 1158 τὸν
3034 1105 3353 1179 ποιητὴν-6
3395 1113 3672 1183 περιέπων
3711 1119 3767 1170 τὸ

2208 1191 2442 1260 ποίημα.

2279 1283 2565 1353 Κρείσσων
2594 1285 2715 1353 νέος
2746 1287 2919 1371 πένης
2951 1291 3186 1363 σώφρων
3215 1294 3472 1366 γέροντος
3521 1297 3766 1368 βασιλέως

2205 1373 2460 1445 ἄφρονος.

2288 1469 2526 1541 Ἀνδρῶν
2560 1469 2792 1539 ἐνδόξων
2822 1475 3027 1550 πλῆθος
3061 1479 3181 1546 ἐνὸς
3236 1481 3475 1555 πένητος
3523 1485 3768 1552 εὐσεϐοῦς

2093 1623 2101 1629 _
2203 1559 2306 1615 οὐκ
2326 1561 2600 1630 ἀντάξιον.

2276 1654 2388 1725 Τὴν
2437 1657 2535 1722 τῆς
2587 1661 2946 1732 σωφροσύνης
2991 1663 3268 1732 εὐκολίαν,
3323 1669 3420 1723 καὶ
3454 1674 3556 1742 τῆς
3603 1674 3768 1745 ψυχῆς

511 1753 833 1807 modeStiam
862 1768 1192 1825 promptam,
1214 1771 1323 1811 non
1349 1757 1584 1812 subitam
1610 1755 1969 1821 inﬂationem,
1993 1769 2093 1807 non

2214 1746 2544 1816 ἐπιμέλειαν,
2574 1752 2668 1804 καὶ
2718 1752 2780 1806 τὸ
2834 1757 3152 1824 μετριάζειν
3192 1758 3413 1830 ῥαδίως,
3453 1763 3549 1817 καὶ
3593 1766 3652 1818 τὸ
3698 1768 3768 1839 μὴ

509 1847 863 1902 ambitionem
899 1848 1170 1913 insanam,
1205 1850 1315 1904 into
1363 1859 1418 1904 et
1446 1850 1586 1903 alias
1636 1863 1827 1903 omnes
1863 1847 2084 1903 abunde

507 1939 738 1994 virtutes
769 1939 822 1994 in
862 1956 1166 2011 pauperum
1215 1942 1414 1996 animis
1463 1941 1723 1996 ﬂorentes
1785 1941 2038 1996 invenias
2074 1955 2090 1992 :

507 2030 703 2088 divites
738 2043 926 2088 contra
957 2044 1012 2090 ut
1040 2034 1333 2105 plurimum
1363 2033 1660 2090 virtutibus
1679 2047 1912 2099 vacuos,
1943 2043 1997 2088 et
2025 2032 2092 2087 ad

506 2122 637 2179 Vitia
664 2139 888 2194 pronos.

574 2415 718 2482 Quid
750 2431 990 2487 paupere
1014 2415 1189 2487 magis
1239 2415 1468 2471 beatum
1521 2413 1636 2469 ﬁeri
1699 2414 1915 2484 possit,
1961 2429 2091 2470 cum

504 2508 725 2564 divitem
769 2523 1007 2578 quoque,
1037 2509 1081 2562 si
1107 2508 1293 2562 salvus
1328 2521 1451 2562 esse
1500 2507 1654 2572 velit,
1724 2507 1978 2562 eumdem
2035 2508 2092 2564 in

506 2607 708 2653 statum
737 2599 909 2670 redigi
944 2599 1097 2668 prius
1130 2608 1403 2668 oporteat,
1443 2597 1499 2650 in
1532 2612 1643 2667 quo
1710 2611 1854 2651 nunc
1885 2612 2093 2669 pauper

505 2693 757 2752 exsistit?
791 2691 928 2748 Nam
973 2691 1018 2747 si
1055 2691 1224 2746 rebus
1253 2691 1371 2746 suis
1399 2699 1657 2760 tanquam
1703 2690 1898 2745 alienis
1921 2691 2104 2757 absti-,

505 2796 654 2850 neat,
678 2795 734 2842 et
759 2784 961 2840 all'atim
988 2781 1361 2852 indigentibus
1387 2797 1481 2836 eas
1499 2781 1870 2845 distribuerit,
1901 2781 1973 2834 ita
1996 2795 2089 2835 sa-

505 2881 671 2934 lutem
695 2877 960 2946 consequi
992 2874 1214 2944 poterit.
1247 2872 1340 2928 Sic
1381 2870 1513 2930 fecit
1533 2870 1660 2936 Job,
1684 2871 1764 2926 sic
1789 2872 2088 2936 Abraham,

504 2981 560 3026 ct
585 2984 674 3024 res
697 2983 830 3024 suas
863 2975 1124 3035 tanquam
1162 2963 1363 3019 heriles
1398 2972 1452 3017 et
1483 2977 1513 3016 a
1540 2963 1772 3016 Domino
1807 2963 1910 3017 sibi
1933 2977 2087 3017 com-

504 3062 706 3116 missas
744 3060 798 3113 in
822 3070 1122 3113 conservos
1148 3042 1482 3126 erogarunt.’
1508 3054 1715 3109 Idcirco
1748 3068 1925 3123 neque
1953 3069 2087 3124 pra:-

2195 1840 2521 1909 φυσιοῦσθαι
2550 1843 2782 1914 ταχέως,
2807 1846 2904 1900 καὶ
2926 1846 3251 1918 δοξομανίας
3279 1853 3650 1927 ἀπηλλάχθαι,
3682 1861 3768 1913 καὶ

2193 1935 2376 1987 πᾶσαν
2408 1935 2595 2000 ἁπλῶς
2651 1938 2750 2009 τὴν
2781 1938 2951 2010 ἄλλην
2983 1942 3184 2014 ἀρετὴν
3231 1949 3375 2015 μετὰ
3426 1951 3635 2022 πολλῆς
3677 1955 3768 2024 τῆς

2191 2026 2479 2098 δαψιλείας
2535 2031 2594 2083 ἐν
2644 2034 2768 2096 ταῖς
2820 2033 2928 2086 τῶν
2985 2038 3234 2107 πενήτων
3267 2039 3467 2112 ψυχαῖς
3507 2043 3769 2115 βρύουσαν

2193 2121 2294 2174 ίδοι
2325 2137 2409 2184 τις
2462 2121 2528 2175 ἄν
2553 2138 2568 2153 ο
2594 2123 2722 2185 τοὺς
2751 2124 2808 2178 δὲ
2865 2126 3162 2194 πλουσίους
3192 2132 3268 2200 ὡς
3317 2135 3384 2190 τὰ
3419 2136 3600 2198 πολλὰ
3649 2143 3770 2211 ὲρή.

2195 2229 2333 2282 μους
2373 2214 2574 2285 ταύτης
2623 2216 2804 2282 ὄντας,
2838 2225 2932 2273 καὶ
2983 2222 3121 2290 πρὸς
3171 2227 3371 2282 κακίαν
3400 2231 3767 2303 εὐεμπτώτως

2191 2306 2438 2377 ἔχοντας.

2261 2400 2327 2452 Τί
2361 2402 2593 2475 πένητος
2644 2405 2855 2475 γένοιτο
2889 2409 3330 2484 μακαριώτερον,
3355 2416 3490 2471 ὅταν
3540 2417 3640 2491 δίῃ
3682 2424 3770 2474 καὶ

2189 2495 2283 2549 τὸν
2315 2495 2587 2564 πλούσιον,
2621 2499 2670 2552 εί
2707 2501 2890 2568 μέλλει
2921 2501 3216 2572 σώζεσθαι,
3250 2509 3516 2578 πρότερον
3542 2511 3768 2568 ἐνταῦθα

2191 2588 2505 2656 ἀφικέσθαι,
2531 2590 2661 2646 ἔνθα
2690 2594 2718 2646 6
2757 2594 2927 2664 πένης
2965 2595 3232 2668 ἕστηκενς
3269 2599 3368 2654 ’Ἂν
3397 2603 3505 2672 γὰρ
3535 2601 3648 2660 τῶν
3699 2607 3770 2658 oi-

2192 2683 2356 2736 κείων
2380 2683 2456 2746 ὡς
2495 2684 2792 2756 ἀλλοτρίων
2823 2688 3152 2760 ἀπόσχηται,
3186 2693 3280 2746 καί
3311 2696 3390 2755 είς
3420 2696 3548 2760 τοὺς
3589 2699 3771 2769 δεομέ-

2194 2792 2318 2840 νους
2351 2777 2492 2830 αὐτὰ
2545 2780 2822 2851 σκορπίσῃ
2854 2781 2993 2850 μετά
3037 2782 3322 2854 δαψιλείας
3353 2788 3602 2858 ἁπάσης,
3635 2791 3697 2846 οὔ
3729 2813 3773 2848 ω

2191 2864 2480 2936 δυνήσεται
2519 2872 2794 2940 σωτηρίας
2842 2874 3147 2945 ἐπιτυχεῖν.
3204 2875 3368 2936 Οὕτω
3405 2880 3538 2946 γοῦν
3574 2884 3603 2936 6
3637 2883 3771 2952 Ἰὼϐ,

2191 2955 2333 3013 οὕτω
2371 2961 2468 3014 καὶ
2489 2963 2518 3015 6
2560 2961 2811 3034 Ἀϐραὰμ
2841 2965 3124 3037 ἐποίησαν,
3157 2970 3250 3023 καὶ
3269 2971 3337 3024 τὰ
3373 2971 3556 3026 αὐτῶν
3587 2974 3769 3048 ὥσπερ

2192 3048 2492 3115 δεσποτικὰ
2509 3053 3164 3127 ὲγχειρισθέντες,-οὔτως
3193 3063 3273 3126 είς
3293 3064 3420 3128 τοὺς
3447 3066 3771 3135 ὁμοδούλους

505 3153 757 3208 sentibus
785 3151 864 3206 eis
895 3147 1218 3220 parcebant,
1247 3160 1348 3203 nec
1385 3144 1706 3201 absentibus
1740 3145 1927 3199 animo
1964 3160 2092 3200 cru-

2214 3145 2515 3216 ῑινήλισκον.
2551 3147 2651 3200 Διὰ
2680 3147 2837 3206 τοῦτο
2860 3147 2984 3203 οὔτε
3017 3152 3304 3222 παρόντων
3333 3156 3628 3226 ἐφείδοντο,
3653 3161 3771 3215 οὔτε

505 3243 588 3299 cia
597 3244 761 3297 batttu
769 3257 815 3296 t'.

581 3334 916 3402 Oinsignem
961 3329 1327 3401 paupertatis
1369 3327 1770 3390 excellentiam,
1819 3326 1932 3381 haec
1996 3327 2091 3382 Dei

506 3441 744 3498 persona
769 3426 828 3480 ιιι
858 3426 873 3478 ι
905 3424 1048 3479 Deus
1066 3423 1117 3476 in
1147 3435 1291 3491 paup
1311 3436 1385 3474 ere
1405 3419 1782 3484 absconditur,
1809 3429 1864 3474 et
1888 3434 2092 3490 pauper

504 3519 729 3588 quidem
755 3516 987 3587 porrigit
1017 3529 1262 3579 manum,
1301 3513 1443 3569 Deus
1467 3522 1648 3566 autem
1685 3511 1916 3582 suscipit
1942 3511 2090 3582 quod

505 3610 752 3668 oﬂ‘ertur.

575 3705 676 3771 Qui
701 3717 824 3757 cum
855 3711 1171 3771 paupertate
1196 3698 1672 3770 philosophantur,
1691 3697 1864 3770 magis
1887 3697 2089 3770 magis-

504 3811 610 3866 que
642 3797 752 3851 Deo
792 3797 1248 3866 appropinquant.

577 3885 694 3942 Non
733 3901 935 3958 pauper
961 3896 1046 3939 est
1081 3886 1182 3955 qui
1223 3883 1358 3937 nihil
1407 3882 1594 3948 habet,
1623 3882 1716 3938 sed
1779 3881 1871 3952 qui
1923 3880 2088 3934 multa

506 3981 802 4034 desiderat.
830 3976 949 4032 Non
984 3979 1134 4032 dives
1159 3976 1268 4047 67
1310 3985 1394 4031 est
1440 3975 1534 4045 qui
1585 3974 1760 4030 multa
1818 3974 2090 4044 possidet,

507 4070 603 4126 scd
629 4069 720 4140 qui
751 4070 894 4122 nulla
927 4085 987 4122 re
1009 4068 1236 4136 indiget.

581 4164 684 4230 Qui
710 4177 874 4215 aures
903 4176 1030 4214 snas
1072 4159 1294 4230 (inquit)
1339 4159 1584 4220 obturat,
1630 4168 1688 4212 ut
1750 4172 1857 4210 non
1906 4156 2096 4210 audiat

511 4271 830 4326 pauperem,
880 4253 1024 4306 Illius
1080 4251 1391 4304 orationem
1461 4266 1569 4304 non
1615 4249 1871 4304 exaudiet
1927 4247 2091 4303 Deus.

506 4347 708 4402 Beatus
738 4349 828 4416 qui
849 4344 1231 4399 animadvertit
1262 4343 1326 4396 ad
1349 4343 1657 4396 mendicum
1684 4351 1735 4394 et
1765 4333 2082 4410 pauperem,

2200 3235 2450 3289 ἀπόντων
2479 3235 2786 3294 ὲδάκνοντο.

2274 3329 2339 3385 Ὢ
2364 3328 2592 3398 πηλίκον
2613 3329 2828 3401 ἀξίωμα
2855 3331 2954 3402 τῆς
2981 3335 3191 3400 πενίας,
3209 3333 3344 3391 θεοῦ
3378 3339 3592 3406 γίνεται
3615 3361 3772 3411 πρησ-

2197 3420 2434 3474 ωπετονί
2475 3421 2794 3492 Κρύπτεται
2844 3425 2902 3476 ὲν
2951 3427 3147 3498 πένητι
3175 3427 3326 3492 Θεὸς,
3355 3433 3452 3484 καὶ
3485 3433 3658 3505 πένης
3682 3435 3774 3505 μὲν

2193 3513 2223 3566 6
2255 3512 2354 3584 τὴν
2379 3516 2538 3585 χεῖρα
2571 3516 2896 3585 προτείνων,
2929 3517 3062 3582 Θεὸς
3091 3520 3148 3574 δὲ
3176 3523 3203 3576 6
3236 3522 3558 3593 δεχῧμενος.

2266 3692 2328 3745 Οί
2356 3694 2518 3767 πενία
2556 3698 3166 3773 προσφιλοσοφήσαντες
3214 3702 3536 3773 ἐγγίζουσιν
3574 3709 3664 3762 ἀεὶ
3701 3707 3774 3779 τῷ

2195 3784 2336 3857 Θεῷ.
2736 3849 2744 3854 _

2269 3881 2384 3934 Οὐκ
2417 3880 2532 3935 ἔστι
2572 3884 2740 3954 πένης
2769 3886 2798 3938 6
2834 3885 3002 3954 μηδὲν
3031 3887 3194 3958 ἔχων,
3219 3889 3337 3945 ἀλλ’
3363 3892 3392 3944 6
3419 3892 3632 3947 πολλῶν
3655 3896 3774 3948 ἑπι-

2199 3971 2411 4042 θυμῶν.
2441 3975 2556 4029 Οὐκ
2588 3975 2705 4029 ἐστι
2733 3977 2986 4043 πλούσιος
3009 3981 3036 4033 6
3065 3980 3234 4041 πολλὰ
3258 3987 3626 4056 κεκτημένος,
3662 3987 3774 4042 ἀλλ’

2195 4063 2224 4114 6
2257 4065 2484 4134 μηδενὸς
2515 4067 2791 4138 δεόμενος.

2275 4157 2370 4219 Ὃς
2419 4158 2786 4230 ἁποφράσσει,
2822 4161 2978 4231 φησὶ,
3027 4161 3096 4216 τὰ
3143 4157 3258 4218 ὦτα
3304 4164 3496 4229 αὐτοῦ,
3552 4165 3651 4218 τοῦ
3707 4164 3780 4233 μὴ

2198 4247 2434 4303 ἀκοῦσαι
2466 4249 2709 4320 πτωχοῦ,
2739 4251 2838 4322 τῆς
2865 4253 3105 4323 δεήσεως
3127 4254 3296 4322 αὐτῷ
3327 4257 3429 4310 οὐκ
3457 4257 3780 4312 είσακούσετ

2197 4359 2288 4394 ται
2313 4343 2341 4395 6
2369 4342 2519 4405 Θεός.
2553 4345 2840 4412 Μακάριος
2869 4349 2898 4400 6
2932 4349 3133 4401 συνιὼν
3160 4349 3260 4403 ἐπὶ
3296 4351 3519 4423 πτωχὸν
3551 4353 3647 4405 καὶ
3687 4351 3783 4404 πέρ

507 4439 904 4497 ltberabiteum
941 4437 1212 4491 Dominus
1244 4437 1296 4489 in
1329 4436 1419 4488 die
1452 4437 1621 4488 malo.
1645 4434 1738 4486 Est
1770 4442 1949 4488 autem
1979 4432 2093 4488 dies

2214 4451 2360 4504 νητα,
2397 4436 2456 4489 ὲν
2488 4437 2676 4509 ἡμέρᾳ
2709 4442 2926 4510 πονηρᾷ
2960 4439 3190 4512 ῥύσεται
3249 4445 3414 4498 αὐτὸν
3462 4445 3493 4498 6
3546 4444 3780 4512 mpm.

509 4535 708 4600 malus,
745 4533 838 4604 qui
860 4529 1250 4603 peccatoribus
1273 4529 1581 4584 destinatus
1631 4536 1736 4581 est.

577 4736 748 4791 Sexti.
773 4733 1159 4804 Paupertatem
1184 4731 1328 4787 ferre
1356 4747 1462 4786 non
1525 4731 1773 4803 cujusvis
1827 4739 1932 4796 est,
1994 4730 2086 4786 sed

504 4830 610 4883 viri
639 4829 926 4898 sapientis.

580 4944 812 5014 Didymi.
845 4941 948 5008 Qui
987 4940 1224 4998 mendici
1254 4942 1336 4996 vel
1366 4954 1638 5011 pauperes
1700 4947 1922 5010 propter
1983 4938 2092 4992 vir-

507 5044 679 5089 tutem
706 5044 760 5089 et
789 5035 1046 5104 pietatem
1083 5032 1212 5087 facti
1244 5041 1396 5096 sunt,
1430 5030 1553 5086 illos
1580 5030 1753 5099 magis
1770 5045 1835 5084 ac
1856 5028 2090 5098 diligen-

507 5128 618 5182 titts
646 5142 845 5183 curare
876 5127 1050 5184 debes
1083 5141 1103 5184 .‘
1147 5126 1337 5184 itidem
1373 5125 1466 5196 qui
1492 5133 1715 5195 propter
1741 5123 1962 5179 morbos
1999 5131 2091 5177 aut

503 5233 672 5273 casus
703 5219 968 5275 adversos
990 5219 1177 5291 inepia
1208 5219 1484 5281 laborant,
1526 5217 1580 5272 iu
1629 5217 1751 5270 illos
1785 5215 1957 5284 magis
1993 5213 2086 5280 be»

505 5309 717 5365 nelicus
743 5317 884 5374 esto,
917 5325 1082 5379 quam
1115 5311 1206 5381 qui
1230 5324 1298 5365 ex
1331 5311 1477 5370 malo
1505 5308 1752 5372 facinore
1783 5317 1879 5363 aut
1929 5307 2090 5362 luxu-

505 5404 588 5460 ria
611 5402 680 5458 ad
712 5412 1085 5474 paupertatem
1128 5405 1333 5461 redacti
1373 5411 1524 5462 sunt.

576 5519 804 5575 Aristot.
834 5516 1140 5589 Paupertas
1173 5519 1360 5574 multis
1397 5519 1562 5574 rebus
1589 5517 1817 5588 indiget,
1840 5515 2087 5586 inexple-

501 5611 686 5667 bilitas
716 5606 996 5666 omnibus.

573 5723 885 5784 Democriti.
921 5726 980 5784 Si
1012 5743 1143 5805 _non
1200 5727 1369 5784 tnulta
1418 5725 1722 5794 desideres,
1759 5740 1933 5796 pauca
1982 5723 2085 5782 tibi

2208 4524 2419 4596 Ἡμέρα
2445 4529 2689 4598 πονηρὰ,
2741 4531 2775 4598 ἠ
2823 4533 2935 4594 τοῖς
2985 4533 3332 4602 ἁμαρτωλοῖς
3377 4534 3784 4603 ἀποκεκληρω-

2123 4667 2126 4670 .
2193 4619 2352 4689 μένη.

2264 4734 2461 4790 Πενίαν
2499 4735 2689 4810 φέρειν
2723 4740 2786 4795 οὐ
2819 4741 3046 4807 παντὸς,
3079 4739 3195 4794 ἀλλ’
3231 4739 3426 4811 ἀνδρὸς
3456 4739 3652 4811 σοφοῦ.

2259 4939 2503 5006 Μείζονα
2538 4942 2633 4994 καὶ
2666 4939 3097 5011 σπουδαιοτέραν
3127 4942 3228 5010 τὴν
3256 4939 3582 5009 ἐπιμέλειαν
3610 4937 3784 4994 ποιοῦ

2192 5036 2276 5100 είς
2310 5035 2440 5099 τοὺς
2482 5033 2549 5088 δι’
2581 5034 2785 5105 ἀρετὴν
2818 5036 2913 5086 καὶ
2940 5033 3255 5086 θεοσέϐειαν
3282 5035 3722 5106 πτωχεύσειν-σας
3751 5031 3784 5100 ἢ

2194 5130 2563 5196 πενομένουςο
2636 5125 2840 5195 ὁμοίως
2905 5126 3000 5179 καὶ
3059 5124 3142 5188 είς
3199 5125 3330 5186 τοὺς
3403 5127 3470 5180 ἐκ
3519 5125 3697 5178 νόσων
3753 5122 3786 5189 ἢ

2192 5223 2626 5290 συμπτωμάτων
2653 5223 2998 5290 ἀποροῦντας
3026 5217 3179 5289 παρὰ
3204 5219 3333 5285 τοὺς
3363 5220 3428 5273 ἐκ
3458 5231 3788 5288 κακοπραγ-

2193 5312 2382 5384 μονίας
2413 5314 2446 5385 ἢ
2476 5314 2716 5378 ἀσωτίας
2757 5312 3203 5384 πτωχεύσαντας.

2268 5511 2336 5565 Ἦ
2374 5510 2536 5565 πενία
2569 5509 2808 5583 πολλῶν,
2829 5513 2981 5575 ἐστιν
3029 5512 3260 5582 ὲνδεήςο
3293 5512 3329 5565 ἡ
3389 5510 3450 5565 δὲ
3500 5506 3788 5578 ἀπληστία

2190 5623 2410 5662 παντων
2417 5645 2432 5662 ο

2271 5725 2374 5779 Ἢν
2409 5703 2513 5798 μὴν
2543 5723 2783 5799 πολλῶνῇ
2813 5723 3112 5797 ἐπιθυμῇς,
3170 5724 3240 5778 τὰ
3294 5722 3454 5793 ὀλίγα
3490 5717 3665 5776 πολλὰ
3700 5729 3785 5766 σοι
