3784 6240
508 329 618 392 895

511 536 575 589 lis
591 545 676 590 cst
699 536 805 589 vita
849 533 1088 588 hominis
1117 531 1268 584 avari
1297 570 1311 594 ,
1353 543 1477 581 nam
1509 540 1634 580 cum
1665 525 1800 579 nihil
1842 540 1948 578 non
1985 525 2082 576 ha-

513 629 623 692 bet,
656 627 1038 682 oblectandum
1073 623 1344 678 neminem
1385 621 1569 676 habet.

579 718 690 773 Nec
719 733 748 772 a
787 725 1002 770 mortuo
1033 715 1386 783 colloquium,
1422 728 1523 768 nec
1546 713 1615 767 ab
1665 725 1831 766 avaro
1884 707 2087 764 beneﬁ-

511 810 655 863 cium
685 808 974 876 petendum
1009 814 1114 860 est.
1269 859 1278 868 ,

581 900 719 954 Potu
754 899 1110 967 restinguitur
1146 894 1424 965 appetitus
1450 892 1690 955 bibendi,
1725 901 1776 945 ct
1807 889 1964 945 cibus
1994 887 2091 941 de-

510 989 714 1046 siderio
739 989 847 1044 cibi
872 989 1116 1043 medetur
1158 985 1488 1039 :avaritiatn
1544 997 1675 1037 vero
1728 996 1838 1036 non
1889 994 2086 1034 aurum

511 1100 609 1139 nec
634 1093 918 1152 argentum
953 1079 1273 1148 exstinguit.
1693 1075 1696 1080 ’

583 1178 856 1246 Diogenes.
888 1175 1153 1245 Diogenes
1185 1175 1422 1245 Cynicus
1464 1171 1829 1242 philosophus
1855 1170 2092 1223 interro-

509 1281 666 1340 gatus
694 1283 723 1322 a
755 1269 989 1338 quodam
1021 1283 1120 1322 cur
1153 1281 1346 1320 aurum
1381 1266 1626 1334 palleret,
1680 1264 1822 1318 dixit
1857 1275 1871 1315 :
1943 1262 2094 1327 Quo-

509 1364 653 1416 niam
688 1360 1036 1415 insidiatores
1072 1358 1275 1412 multos
1324 1358 1512 1411 habet.

580 1455 837 1509 Socratis.
867 1454 1170 1506 Avarorum
1203 1451 1424 1513 divitiae,
1453 1458 1512 1504 ut
1538 1449 1620 1505 sol
1648 1457 1773 1519 post
1803 1459 2083 1510 occasum,

511 1549 784 1604 neminem
825 1544 1134 1598 mortalium
1165 1542 1465 1596 oblectant.

586 1639 825 1692 Diodori.
867 1637 998 1702 Quae
1028 1642 1307 1704 nequeunt
1332 1634 1502 1688 armis
1559 1633 1702 1703 capi,
1734 1632 1893 1687 facile
1917 1645 2092 1700 expu-

511 1743 748 1804 gnantur
777 1747 932 1786 auro.
965 1728 1109 1783 Nihil
1142 1742 1250 1782 non
1306 1726 1598 1796 subjicitur
1623 1735 1870 1796 argento.

591 1915 807 1983 Diphili.
842 1913 898 1969 Si
931 1911 1180 1981 accipere
1208 1909 1341 1965 nihil
1365 1916 1533 1976 esset,
1558 1922 1718 1963 nemo
1741 1907 1878 1962 foret
1903 1907 2099 1960 malus.

585 2010 729 2065 Istud
767 2017 849 2062 est
883 2005 1135 2068 avaritia,
1165 2019 1292 2060 cum
1329 2004 1514 2057 relicta
1553 2001 1994 2058 consideratione

585 2100 746 2164 Justi,
774 2101 926 2152 lucro
954 2112 1050 2166 per
1071 2095 1250 2148 omnia
1283 2095 1484 2148 servis.

590 2193 726 2246 Mala
761 2193 910 2245 lucra
948 2189 1254 2258 voluptates
1281 2185 1498 2256 quidem
1521 2185 1733 2248 breves,
1765 2183 1936 2252 longa:
1970 2196 2101 2236 vero

510 2286 751 2344 tristitia:
797 2289 1126 2352 sequuntur.

897 2393 1135 2450 scnuo
1170 2389 1368 2444 xxxv
1413 2387 1514 2462 [αι.
1557 2385 1724 2459 xu].

516 2490 594 2547 De
626 2489 878 2556 avaritia,
910 2496 960 2541 et
999 2485 1316 2567 qualibetziu
1338 2483 1548 2564 "plus
1575 2480 1765 2534 habere
1803 2477 2100 2532 colentibus

1151 2564 1200 2608 et
1233 2563 1471 2623 injustas.

588 2654 716 2709 Luc.
750 2667 847 2707 xu.
874 2649 1070 2708 Videte
1107 2658 1160 2703 et
1183 2656 1373 2701 cavete
1403 2645 1471 2699 ab
1490 2643 1744 2707 avaritia,
1797 2657 1904 2695 non
1954 2641 2100 2696 enim

1771 317 2095 379 ANTONII

2261 317 2490 377 LISSE
3642 312 3719 372 896

581 441 883 496 Plutarchi.
921 435 1207 493 Silicernio
1240 450 1336 490 seu
1369 432 1582 488 funebri
1645 432 1900 486 convivio
1931 431 2081 484 simi-
2115 441 2156 492 Α

2263 432 2479 484 Ἔοικεν
2528 430 2556 482 6
2584 427 2693 480 τῶν
2738 425 3091 496 φιλαργύρων
3141 423 3257 494 βίος
3304 422 3500 492 νεκροῦ
3529 422 3719 495 δείπνῳ”

2191 522 2368 574 πάντα
2397 521 2504 591 γὰρ
2533 519 2674 590 ἔχων
2704 517 2795 572 τὸν
2819 517 3339 589 εύφρανθησόμενον
3369 516 3469 568 οὐκ
3502 516 3622 584 ἔχει.

2258 699 2395 755 Οὔτε
2423 699 2572 768 παρὰ
2601 696 2795 768 νεκροῦ
2825 698 3067 768 ὁμιλίαν,
3103 697 3226 751 οὔτε
3264 697 3420 768 παρά
3443 698 3728 769 φιλαργύρου

2193 798 2354 866 χάριν
2391 797 2472 848 δεῖ
2506 795 2808 868 ἐπιζητεῖν.

2265 889 2432 941 Ποτδν
2485 889 2582 956 μὲν
2615 888 2809 940 ἔσϐεσε
2865 887 2965 957 τὴν
3011 886 3179 942 ποτοῦ
3213 887 3398 958 ὄρεξιν
3423 926 3439 952 ,
3484 887 3572 940 καὶ
3597 890 3732 957 τροςρὴ

2191 983 2289 1053 τὴν
2342 982 2548 1052 τροφῆς
2578 981 2872 1050 ἐπιθυμίαν
2924 982 3166 1050 ἠκέσατο
3187 997 3201 1011 ·
3236 979 3595 1052 φιλαργυρίαν
3618 983 3662 1035 δὲ
3687 985 3729 1034 vi

2193 1073 2478 1126 σῦἑννυσιν
2507 1073 2772 1143 ἀργύριον
2798 1073 2830 1143 ἢ
2861 1073 3103 1142 χρυσίον.

2265 1165 2520 1234 Διογένης
2548 1161 2581 1218 ὀ
2602 1165 2840 1229 Κυνικὸς
2861 1165 3150 1234 φιλόσοφος
3175 1166 3475 1236 ἐρωτηθεὶς
3493 1167 3589 1219 ὑπὸ
3607 1186 3732 1231 τινος,

2191 1257 2333 1310 διατί
2364 1259 2424 1310 τ’)
2481 1259 2704 1328 χρυσίον
2737 1257 2947 1328 χλωρόν
2981 1259 3152 1324 ἐστιν,
3225 1259 3356 1328 ἔφη,
3409 1259 3529 1311 Ὀτι
3557 1260 3734 1322 πολλοὺς

2193 1348 2512 1411 ἐπιϐούλους
2543 1349 2679 1419 ἔχει.

2277 1440 2335 1494 ’0
2374 1440 2484 1494 τῶν
2517 1439 2873 1510 φιλαργύρων
2907 1439 3156 1503 πλοῦτος,
3193 1438 3389 1512 ὥσπερ
3437 1443 3467 1495 ό
3500 1443 3638 1513 ἥλιος
3661 1463 3734 1498 κα-

2195 1534 2356 1596 ταδὺς
2388 1535 2468 1594 εἰς
2493 1536 2592 1602 τὴν
2620 1537 2744 1603 γῆν,
2779 1534 2968 1588 οὐδένα
2997 1535 3107 1587 τῶν
3135 1534 3360 1598 ζώντων
3384 1535 3664 1604 εὐφραίνει.

2260 1626 2342 1679 Τὰ
2409 1629 2524 1690 τοῖς
2574 1625 2764 1689 ὅπλοις
2814 1627 3051 1680 ἀδύνατα
3097 1628 3431 1697 χειρωθῆναι
3485 1629 3559 1698 τῷ
3592 1629 3736 1700 χρυσῷ

2200 1718 2379 1790 ῥᾴδιόν
2400 1721 2514 1772 ἐστι
2540 1719 3019 1790 καταπολεμῆσαι.
3068 1720 3160 1790 Τῷ
3193 1721 3450 1792 ἀργυρίῳ
3479 1723 3738 1776 ὑποτάσσε-

2121 1782 2171 1842 B
2201 1827 2290 1863 ται
2322 1810 2390 1862 τὰ
2418 1810 2738 1880 σύμπαντα.

2275 1904 2336 1955 Ei
2369 1903 2445 1974 μὴ
2475 1903 2536 1955 τὸ
2568 1901 2756 1956 λαϐεῖν
2788 1897 2878 1973 ἦν,
2903 1904 3026 1957 οὐδὲ
3051 1897 3129 1966 εἷς
3153 1905 3394 1974 πονηρὸς
3421 1901 3510 1974 ἦν.

2275 1995 2614 2066 Φιλαργυρία
2641 1996 2787 2049 τοῦτ’
2812 1997 2981 2060 ἐστιν,
3012 1999 3140 2052 ὅταν
3173 1999 3321 2069 ἀφῇς
3365 2003 3581 2054 σκοπεῖν

2276 2089 2358 2143 Td
2389 2089 2596 2156 δίκαια,
2628 2089 2724 2143 τοῦ
2760 2089 2986 2160 κέρδους
3016 2091 3310 2156 διαπαντὸς
3340 2092 3521 2158 δοῦλος
3547 2089 3638 2155 εἷς.

2278 2183 2358 2236 Τὰ
2392 2182 2613 2252 πονηρά
2668 2183 2836 2252 κέρδη
2885 2184 2987 2248 τὰς
3039 2185 3138 2254 μὲν
3166 2185 3361 2256 ἡδονὰς
3412 2187 3522 2256 ἔχει
3556 2188 3738 2258 μικρᾶς,

2202 2274 2302 2338 τὰς
2333 2273 2390 2328 δὲ
2420 2273 2600 2338 λύπας
2636 2275 2879 2347 μακράς.

2801 2392 3022 2445 ΛΟΓΟΣ
3061 2393 3186 2448 ΛΕ’.

2374 2481 2514 2552 Περὶ
2542 2484 2926 2549 πλεονεξίας,
2958 2485 3495 2539 πλεονεκτούντων
3523 2487 3612 2539 καὶ

2798 2554 3197 2610 ἀδικούντων.

2291 2647 2488 2718 Ὁρᾶτε
2525 2649 2619 2701 καὶ
2663 2649 3002 2717 φυλάττεσθε
3048 2649 3158 2703 ἀπὸ
3206 2649 3310 2720 τῆς
3338 2650 3745 2714 πλεονεξίας,ἰτι

515 2748 570 2802 in
617 2744 949 2801 abundantia
969 2741 1294 2811 cujusquam
1328 2739 1436 2792 vita
1473 2739 1592 2809 ejus
1622 2743 1705 2790 est
1737 2750 1803 2789 ex
1830 2734 1914 2788 his
1976 2749 2095 2804 qua:

2254 2742 2306 2794 ix
2336 2742 2395 2792 ὲν
2445 2741 2523 2811 τῷ
2575 2741 2927 2812 περισσεύειν
2958 2743 3064 2796 τινὶ
3103 2744 3136 2813 ἡ
3170 2743 3287 2814 ζωὴ
3336 2745 3486 2812 αὐτῷ
3529 2746 3665 2796 ἐστιν
3701 2747 3747 2793 ix

515 2840 783 2912 possidet.

585 2931 614 2986 1
641 2933 768 2987 Cor.
802 2945 879 2984 νι.
909 2928 1022 2983 Cur
1054 2942 1164 2981 non
1194 2925 1377 2996 potius
1402 2921 1661 2992 injuriam
1691 2918 1981 2989 patimini?
2009 2931 2106 2970 cur

514 3039 626 3079 nun
665 3023 849 3093 potius
891 3023 1155 3076 damnum
1191 3015 1482 3086 accipitis?
1528 3013 1644 3067 lmo
1690 3027 1786 3067 vos
1843 3011 2102 3079 injuriam

2205 2833 2314 2885 τῶν
2348 2833 2716 2904 ὑπαρχόντων
2742 2833 2932 2889 αὐτοῦ.

2272 2925 2425 2978 Διατί
2464 2925 2585 2994 οὐχὶ
2641 2926 2842 2994 μᾶλλον
2875 2926 3194 2993 ἀδικεῖσθες
3240 2928 3386 2980 διατί
3425 2929 3543 2996 οὐχὶ
3583 2927 3746 2997 pilio.

2205 3016 2633 3086 ἀποστερεῖσθε;
2679 3019 2795 3073 ἀλλ’
2829 3019 2988 3085 ὑμεῖς
3017 3019 3255 3074 ἀδικεῖτε
3285 3021 3379 3074 καὶ
3405 3021 3742 3088 ἀποστερεῖτε,

517 3117 718 3178 tacitis,
754 3124 808 3169 ct
835 3115 1035 3169 damno
1064 3109 1298 3174 allicitis,
1342 3108 1503 3177 idque
1539 3104 1883 3160 fratres?An
1923 3103 2095 3158 nesci-

2254 3109 2306 3160 αὶ
2335 3109 2508 3162 ταῦτα
2540 3111 2835 3178 “aleo-5c;
2870 3110 2940 3164 Ἦ
2963 3111 3062 3165 οὐκ
3092 3111 3273 3164 οἴδατε
3310 3112 3392 3165 ὅτι
3423 3113 3591 3168 ἄδικοι
3613 3112 3744 3181 βατι-

521 3211 610 3273 tis,
648 3212 792 3276 quod
829 3205 1016 3276 injusti
1060 3202 1212 3274 regni
1246 3200 1337 3257 Dei
1375 3198 1744 3254 hereditatem
1770 3211 1877 3250 non
1908 3210 2095 3250 consc-

2254 3199 2359 3254 είαν
2389 3199 2525 3254 Θεοῦ
2555 3203 2612 3254 οὐ
2651 3201 3197 3272 κληρονομήσουσινς

521 3301 802 3375 quentur?

587 3393 773 3468 69."
811 3392 880 3446 ad
911 3391 1089 3444 Titum
1133 3403 1170 3443 I.
1210 3387 1445 3445 Desistat
1492 3385 1561 3441 ab
1604 3383 1866 3454 iniustitia
1917 3383 2101 3437 omnis

517 3490 608 3556 qui
644 3499 841 3538 nomen
879 3483 970 3536 Dei
1004 3481 1272 3534 nominat.

592 3575 758 3630 Novit
817 3575 1083 3627 Dominus
1145 3571 1329 3641 justos
1390 3585 1419 3623 a
1481 3567 1777 3621 tentatione
1839 3559 2097 3627 liberare,

517 3669 756 3738 injustos
821 3681 952 3721 vero
1015 3664 1083 3719 ad
1131 3663 1274 3718 dicm
1333 3661 1525 3733 jndicii
1589 3658 1899 3730 puniendos
1972 3671 2097 3711 ser-

518 3776 665 3816 vare.

587 3855 650 3909 ll
685 3853 832 3910 Pctr.
860 3867 918 3908 tt.
949 3852 1052 3919 Qui
1086 3850 1262 3922 diligit
1292 3847 1642 3921 iniustitiam,
1690 3844 1805 3899 odit
1856 3841 2095 3896 animam

515 3965 693 4005 suam.

593 4040 748 4094 Psal.
782 4053 975 4092 xxxtu.
1007 4036 1197 4092 Facies
1225 4033 1440 4089 Domini
1469 4049 1635 4104 super
1661 4032 1921 4088 facientes
1955 4031 2097 4086 mala

519 4143 576 4187 ιιι
607 4134 820 4186 aboleat
851 4146 880 4184 a
905 4141 1049 4182 terra
1084 4128 1405 4181 memoriam
1443 4141 1660 4180 eorum.

591 4225 753 4279 Prov.
789 4239 842 4277 Χ.
870 4220 1058 4275 Virum
1090 4221 1352 4290 injustum
1383 4221 1522 4274 mala
1544 4219 1846 4290 corripiettt
1875 4219 1941 4274 ad
1974 4234 2096 4291 pcr-

519 4316 746 4371 niciem.

596 4405 861 4461 Thesauri
891 4419 998 4459 non
1029 4403 1299 4473 juvahunt
1330 4404 1568 4474 iniquos.

594 4497 820 4570 lnjustis
841 4496 1024 4551 omnia
1058 4495 1108 4550 in
1141 4496 1321 4550 sinum
1359 4497 1714 4566 colliguntur.

594 4588 758 4644 Prov.
792 4604 884 4642 xx.
926 4587 1230 4642 Haereditas
1273 4602 1616 4658 pru'pmpcra
1655 4589 1927 4660 principio
1983 4597 2102 4643 tan-

522 4687 642 4741 dem
677 4699 786 4738 non
829 4681 1200 4736 benedicctur.

590 4777 737 4832 Ibid.
792 4790 914 4831 xnt.
972 4773 1117 4845 Opes
1167 4773 1479 4845 iniquitatis
1534 4773 1718 4827 studio
1772 4785 2101 4844 comparatae

521 4873 868 4927 minuuntur.

591 4963 702 5032 Sap
751 4962 940 5034 lnjnsti
966 4963 1075 5018 cito
1097 4963 1379 5033 peribunt.

594 5056 786 5112 Gentis
817 5057 1027 5128 injustte
1043 5057 1250 5126 obliqui
1287 5064 1415 5110 sunt
1452 5055 1602 5110 anni.

598 5147 878 5201 Salomon.
926 5146 1003 5200 Ne
1029 5147 1266 5215 gaudeas
1320 5145 1391 5200 ob
1447 5145 1708 5214 injustam
1771 5144 2096 5214 pecuniam:

523 5235 660 5289 nihil
680 5237 822 5288 enim
854 5235 1064 5306 juvabit
1093 5236 1147 5289 in
1178 5236 1268 5290 die
1293 5235 1634 5290 alIlictionis.
1663 5253 1666 5262 '

592 5325 766 5382 Eccli.
793 5343 955 5383 xxxv.
977 5327 1162 5384 Oratio
1185 5330 1438 5399 patientis
1468 5329 1722 5398 injuriam
1751 5327 2093 5382 exaudit-tur.

591 5421 695 5488 Qui
724 5419 946 5474 domum
980 5436 1135 5475 suam
1173 5423 1408 5476 mditicat
1456 5421 1712 5492 pecuniis
1767 5422 1984 5484 alienis,
2021 5422 2096 5476 si-

520 5515 670 5570 milis
691 5522 772 5568 est
803 5512 1349 5584 congerentilapidcs
1391 5514 1444 5567 in
1479 5513 1747 5569 tumulum
1801 5513 2097 5584 sepulturae

521 5619 656 5660 51MB.

593 5697 735 5752 Ibid.
771 5712 925 5752 xxm.
954 5694 1064 5752 Leo
1090 5695 1380 5752 insidiatur
1409 5697 1706 5765 venationi,
1738 5698 1923 5754 itidem
1962 5715 2091 5771 pec-

517 5797 702 5847 eatum
728 5789 1056 5852 facientibus
1084 5789 1290 5860 iniqua.
1757 5794 1762 5796 '

2291 3382 2611 3451 Ἀποστήτω
2647 3381 2755 3435 ἀπὸ
2781 3380 2991 3445 ἀδικίας
3017 3381 3124 3446 πᾶς
3150 3383 3178 3434 6
3216 3379 3499 3450 ὀνομάζων
3529 3380 3588 3432 τὸ
3603 3381 3748 3445 δνομα

2207 3475 2435 3546 Κυρίου.

2280 3566 2440 3623 Οἶδεν
2485 3570 2690 3639 Κύριος
2752 3568 3002 3633 εὕσεσεῖς
3045 3570 3110 3624 ἐκ
3172 3569 3484 3643 πειρασμοῦ
3536 3567 3752 3636 ῥύεο-θεῖς

2207 3663 2428 3726 ἀδίκους
2482 3663 2538 3718 δὲ
2571 3663 2652 3727 είς
2694 3663 2910 3734 ἡμέραν
2955 3664 3196 3734 κρίσεως
3241 3662 3632 3730 κολαζομένους
3681 3674 3759 3723 τηε

2209 3759 2346 3826 ρεῖν.

2295 3851 2355 3903 Ὀ
2399 3849 2631 3919 ἀγαπῶν
2679 3850 2780 3923 τὴν
2834 3848 3050 3904 ἀδικίαν
3103 3851 3257 3921 μισεῖ
3306 3849 3405 3920 τὴν
3454 3847 3647 3902 ἑαυτοῦ
3680 3846 3763 3913 ςκ-

2206 3943 2330 4014 κῆνο

2279 4035 2578 4106 Πρόσωπον
2626 4035 2836 4104 Κυρίου
2883 4033 2974 4086 ἐπὶ
3006 4032 3302 4097 ποιοῦντας
3345 4032 3509 4098 κακὰ,
3539 4030 3635 4084 τοῦ
3667 4029 3764 4091 ἐξυ-

2204 4125 2495 4197 λοθρεῦσαι
2518 4128 2582 4180 ἐκ
2612 4125 2719 4197 γῆς
2761 4125 2822 4179 τδ
2857 4127 3205 4197 μνημόσυνον
3234 4126 3437 4179 αὐτῶν.

2281 4219 2484 4291 ’Δνδρα
2515 4219 2702 4274 ἄδικον
2736 4219 2883 4273 κακά
2914 4217 3174 4292 θηρεύσει
3209 4221 3289 4282 είς
3319 4216 3644 4288 διανξςθορᾶν.

2280 4403 2393 4457 Οὐκ
2424 4402 2767 4473 ὠφελήσουσι
2797 4400 3066 4470 θησαυροὶ
3106 4401 3363 4471 ἀνόμους.

2131 4507 2175 4562 D
2279 4500 2371 4561 Είς
2403 4498 2638 4560 κόλπους
2663 4497 2956 4567 ἐπέρχεται
2995 4498 3176 4549 πάντα
3212 4496 3437 4554 ἀδίκοις.

2290 4593 2464 4663 Μερὶς
2493 4588 3008 4658 ἐπισπουδαζομένη
3037 4590 3091 4640 ἐν
3117 4588 3360 4658 πρώτςις
3392 4589 3442 4640 ἐν
3470 4571 3591 4646 τοῖς
3609 4580 3773 4635 (sisu-

2202 4684 2374 4746 ταίοις
2408 4683 2509 4736 οὐκ
2539 4681 2996 4752 εὐλογηθήσεται.

2275 4773 2547 4846 ’Υπαρξις
2573 4770 3082 4841 ὲπισπουδαζομένη
3110 4773 3253 4840 μετὰ
3281 4769 3516 4839 ἀνομίας
3544 4769 3774 4822 suum!

2203 4869 2437 4936 γίνεται.

2281 4960 2492 5015 Ἀδικοι
2522 4959 2852 5016 ἀπολοῦνται
2877 4957 3186 5028 συντόμως.

2275 5054 2476 5116 Γενεᾶς
2502 5052 2691 5108 ἀδίκου
2724 5052 2916 5105 σκολιὰ
2937 5052 3006 5104 τὰ
3032 5050 3152 5119 ἔτη.

2274 5146 2366 5217 Μὴ
2397 5147 2649 5216 ὲπίχαιρε
2675 5146 2767 5198 ἐπὶ
2793 5145 3078 5215 χρήμασιν
3100 5142 3332 5205 ἀδίκοις.
3370 5139 3552 5194 Οὐδὲν
3583 5138 3692 5209 γὲρ
3720 5134 3780 5187 ἂν·

2203 5237 2532 5306 φελήσουσιν
2563 5238 2622 5289 ἐν
2653 5234 2839 5305 ἡμέρᾳ
2869 5234 3194 5304 ἐπαγωγῆς.

2273 5330 2467 5399 Δέησις
2502 5328 2867 5396 ἀδικουμένου
2897 5326 3408 5395 είσακουσθὴσεται.

2285 5424 2345 5475 Ὀ
2376 5421 2676 5491 οἰκοδομῶν
2696 5421 2796 5493 τὴν
2825 5420 3006 5474 οίκῐαν
3038 5417 3203 5473 αὐτοῦ
3238 5419 3292 5470 ὲν
3312 5417 3616 5487 χρήμασιν
3646 5417 3780 5469 ἁῖῖεεη

2199 5510 2370 5582 τρίοις
2402 5513 2476 5576 ὡς
2509 5515 2535 5566 6
2561 5513 2814 5581 συνάγων
2851 5513 2980 5576 τοὺς
3019 5509 3202 5573 λίθους
3236 5507 3398 5561 αὑτοῦ
3442 5511 3538 5573 εἰς
3567 5512 3662 5562 τῦν
3689 5523 3780 5577 xiv

2203 5606 2470 5676 μὰρῤουν.

2272 5699 2423 5750 Λέων
2461 5696 2731 5766 ἐνεδρεύει
2762 5697 2958 5768 θήραν,
2990 5693 3162 5758 οὕτως
3193 5689 3445 5763 ἁμαρτῖα
3477 5695 3618 5758 τοὺς
3641 5696 3780 5761 ἐρτειη

2201 5789 2463 5861 ζομὲνους
2497 5790 2675 5845 ἄδικα.
