3980 6248
182 320 288 381 897

194 533 494 598 Ἀπὸστηθι
527 530 636 584 ἀπὸ
665 531 874 596 ἀδίκου,
904 532 997 586 καὶ
1027 528 1269 584 ἐκκλινεῖ
1290 527 1399 583 ἀπὸ
1449 527 1542 580 σοῦ
1575 526 1757 594 ἀμαρ-

181 639 296 677 τια.

260 717 378 778 Υἱὲ,
416 717 490 785 μὴ
525 717 752 787 σπείρης
781 717 868 768 ἐπ’
916 714 1159 776 αὔλακας
1197 708 1430 776 ἀδικίας,
1468 711 1562 762 καὶ
1595 709 1654 760 οὐ
1684 707 1760 778 μὴ

181 810 413 880 θερίσῃς
434 809 862 863 ἑπταπλασίονα.

252 903 416 955 Θύων
446 903 562 954 υἱον
612 901 793 953 ἔναντι
824 901 1030 968 πατρὸς
1057 902 1221 956 αὑτοῦ
1269 903 1297 954 ὁ
1334 899 1626 968 προσάγων
1668 892 1760 944 θυ-

183 994 310 1046 σίαν
344 996 409 1046 ἐκ
442 993 741 1063 χρημάτων
791 994 1058 1062 πενήτων.

256 1087 399 1139 Οὐαὶ
426 1088 454 1138 ὁ
484 1085 771 1155 πληθύνων
818 1085 994 1154 ἐαυτῷ
1030 1087 1098 1139 τὰ
1143 1085 1243 1138 οὐκ
1273 1085 1404 1136 ὅντα
1441 1079 1631 1141 αὑτοῦ,
1666 1081 1761 1129 καὶ

187 1179 446 1249 βαρύνων
472 1179 573 1232 τὸν
614 1179 792 1232 κλοιὸν
820 1177 983 1233 αὑτοῦ
1017 1176 1312 1246 στιϐαρῶς.

259 1292 405 1346 Οὐαὶ
447 1295 498 1346 οἱ
546 1291 973 1362 θησαυρίζοντες
1009 1289 1225 1345 ἀδικίαν
1255 1289 1349 1341 καὶ
1383 1283 1761 1352 ταλαιπωρίαν

184 1391 242 1440 ἐν
278 1389 406 1447 ταῖς
433 1386 622 1458 χερσὶν
654 1386 856 1442 αὐτῶν.

256 1480 399 1531 Οὐαὶ
422 1481 469 1530 οἱ
503 1479 866 1540 συνάπτοντες
889 1476 1066 1529 οίκίαν
1092 1473 1227 1543 πρὸς
1257 1471 1456 1533 οἰκίαν,
1479 1458 1570 1522 καὶ
1595 1467 1762 1537 ἀγρὶν

185 1573 328 1641 πρὸς
360 1570 530 1640 ἀγρὸν
562 1569 893 1638 ἐγγίζοντες,
943 1569 1030 1622 ῖνα
1063 1567 1156 1621 τοῦ
1190 1565 1420 1633 πλησίον
1454 1559 1762 1631 ἀφέλωνται

185 1681 261 1718 τι.
300 1663 395 1726 Μὴ
439 1663 692 1729 οἰκήσετε
737 1659 887 1729 μόνοι
917 1658 1008 1710 ἐπὶ
1043 1659 1142 1723 τῆς
1173 1657 1306 1726 γῆς;
1345 1653 1616 1721 Ἠκούσθη
1652 1651 1763 1721 γάρ

186 1759 268 1821 είς
303 1757 369 1808 τὰ
402 1754 517 1808 ὦτα
553 1753 757 1822 Κυρίου
789 1748 1018 1804 Σαϐαὼθ
1050 1749 1245 1805 ταῦτα.

276 1850 510 1918 Ἀπέχου
541 1847 648 1900 ἀπὸ
679 1845 890 1910 ἀδίκου,
930 1845 1027 1897 καὶ
1054 1844 1114 1896 οὐ
1159 1842 1443 1914 φοϐηθήσῃ
1467 1881 1482 1907 ,
1515 1839 1609 1895 καὶ
1641 1835 1766 1909 τρὸ-
1798 1833 1838 1888 Β

192 1962 291 2016 μος
326 1944 428 1996 οὐκ
466 1942 645 2008 ἐγγιεῖ
669 1955 772 1992 σοι.

264 2036 359 2106 Μὴ
390 2037 529 2087 ἔστω
563 2034 738 2104 ἠχείρ
765 2049 859 2086 σου
888 2027 1226 2098 ἐκτεταμένη
1253 2026 1332 2090 είς
1353 2025 1413 2079 τὺ
1440 2025 1648 2089 λαϐεῖν,
1672 2025 1766 2079 καὶ

190 2129 249 2179 ἐν
271 2125 692 2193 τῷ,ἀπυδιδόυαι
726 2120 1160 2190 συνεσταλμένη.

262 2213 597 2268 Πλεονέκτου
652 2211 930 2282 ὀφθαλμὸς
991 2212 1092 2265 οὐκ
1146 2209 1494 2279 ἐμπιπλᾶται
1557 2208 1616 2260 ἐν
1671 2223 1768 2275 με-

195 2308 322 2379 ρίδι.

275 2423 337 2477 ’0
378 2425 446 2477 τὰ
475 2421 661 2494 ἐτέρου
704 2421 1002 2490 λαμϐάνων
1033 2420 1130 2472 καὶ
1184 2418 1396 2488 ἑτέροις
1441 2414 1621 2476 διδοὺς
1668 2413 1769 2466 οὐκ

1003 314 1172 376 LOCI
1206 315 1643 379 COMMUNES.
1679 343 1746 352 -
1790 317 1984 377 PARS
2010 316 2058 375 Ι.
2093 315 2352 377 SEBMO
2392 319 2623 381 XXXV.

253 438 349 509 Μὴ
387 439 532 490 ποίει
576 437 744 495 κακὰ.
777 438 869 492 καὶ
911 438 973 491 οὗ
1023 438 1095 508 μή
1133 455 1192 490 σε
1238 435 1521 504 καταλάϐῃ
1569 433 1756 487 κακόν.
1784 459 1834 519 Δ

3325 319 3430 384 898

1937 435 2072 490 Mala
2109 454 2174 491 ne
2199 437 2414 502 feceris,
2457 446 2506 491 et
2544 452 2650 491 non
2679 435 3051 506 apprebendet
3094 444 3148 490 te
3202 434 3430 489 malum.

1870 528 2076 583 Desiste
2100 529 2168 583 ab
2191 529 2416 598 iujusto,
2439 539 2493 584 et
2516 528 2812 584 declinabit
2833 544 2863 582 ιι
2889 536 2942 580 te
2971 535 3278 598 peccatum.

1938 703 2076 756 Ibid.
2120 719 2214 756 vn.
2244 703 2372 770 Fili,
2402 717 2471 757 ne
2499 718 2652 759 seras.
2679 703 2732 758 in
2787 703 2968 759 sulcos
3017 701 3321 771 injuStitiaz,
3367 717 3436 759 ne

1868 793 2068 859 septies
2107 801 2258 848 tanto
2289 794 2604 862 ampliorem
2631 793 2758 848 inde
2789 809 3018 849 messem
3055 791 3244 848 facias.

1939 883 2076 937 Ibid.
2110 899 2254 939 XXIV.
2286 884 2478 938 Filium
2511 884 2710 938 occidit
2739 900 2921 939 coram
2950 893 3105 953 patre
3158 900 3281 949 suo,
3334 885 3429 954 qui

1870 976 2142 1030 victimam
2176 978 2331 1031 offert
2357 993 2421 1030 ex
2444 979 2687 1045 pecuniis
2719 993 3036 1046 pauperum.

1943 1062 2151 1118 Habac.
2200 1082 2254 1120 tt.
2294 1065 2382 1119 Va:
2411 1067 2487 1119 illi
2521 1071 2612 1134 qui
2643 1069 2746 1121 sibi
2777 1083 2862 1121 res
2892 1083 2997 1120 non
3067 1082 3195 1122 suas
3249 1067 3436 1121 multi-

1871 1159 2054 1228 plicat,
2092 1168 2146 1213 et
2184 1160 2276 1225 qui
2307 1167 2560 1228 aggraVat
2591 1173 2752 1226 super
2782 1173 2840 1212 se
2869 1158 3093 1210 densum
3127 1158 3320 1213 lutum.

1940 1272 2102 1324 Amos
2155 1287 2234 1326 ut.
2294 1269 2384 1324 Va:
2425 1271 2532 1324 illis
2565 1270 2657 1338 qui
2696 1270 2954 1338 colligunt
3018 1269 3335 1339 injustitiam
3383 1278 3440 1324 ct

1871 1366 2147 1418 miseriam
2191 1366 2244 1417 in
2288 1365 2540 1418 manibus
2557 1363 2695 1419 suis.

1942 1456 2051 1510 ha.
2081 1473 2134 1510 γ.
2166 1456 2254 1509 Vae
2288 1457 2396 1510 illis
2425 1457 2515 1524 qui
2573 1455 2795 1509 domum
2837 1455 3018 1507 domui
3071 1455 3434 1524 conjungnnt,

1871 1557 1924 1601 et
1941 1564 2128 1618 agrum
2166 1563 2296 1617 agro
2345 1557 2647 1616 apponunt,
2680 1557 2734 1599 ut
2764 1547 2970 1614 aliquid
2996 1546 3226 1612 eripiant
3253 1546 3440 1614 proxi-

1873 1655 1984 1693 Ino.
2048 1638 2189 1692 Nutu
2247 1654 2346 1693 vos
2397 1639 2498 1692 soli
2554 1638 2871 1692 habitabilis
2918 1640 2968 1690 in
3026 1638 3220 1690 terra?
3273 1637 3437 1708 Atqui

1875 1729 2135 1782 Dominus
2167 1728 2507 1782 exercituum
2534 1728 2757 1782 auribus
2799 1729 2913 1782 haec
2945 1728 3208 1797 percepit.

1943 1818 2087 1872 Ibid.
2130 1835 2238 1873 LIV.
2267 1819 2494 1873 Abstine
2522 1819 2591 1872 ab
2629 1819 2869 1888 injuste,
2906 1828 2960 1872 et
3022 1834 3131 1872 non
3196 1819 3433 1884 timebis,

1867 1927 2044 1980 neque
2074 1922 2280 1965 tremor
2309 1912 2523 1965 invadet
2552 1919 2623 1966 te.

1939 2003 2107 2059 Eccli.
2130 2021 2181 2058 tv
2214 2003 2404 2058 Manus
2426 2015 2516 2058 tua
2550 2020 2657 2060 non
2697 2006 2767 2058 sit
2789 2013 3035 2074 porrecta
3065 2003 3130 2058 ad
3165 2002 3440 2072 accipien-

1869 2095 2020 2161 dum,
2062 2107 2114 2150 et
2141 2097 2231 2151 ubi
2265 2097 2505 2150 dandum
2537 2105 2618 2151 est
2646 2107 2948 2151 contracta.

1938 2185 2081 2242 Ibid.
2119 2204 2231 2242 xiv.
2264 2187 2469 2244 Oculus
2522 2199 2731 2243 avarus
2779 2189 2927 2244 nulla
2972 2190 3222 2259 portione
3271 2186 3441 2243 satia-

1872 2289 1977 2333 lut‘.

1939 2392 2148 2447 Basilii.
2201 2392 2305 2460 Qui
2367 2394 2532 2448 alicui
2581 2394 2744 2462 eripit
2794 2402 2848 2446 et
2880 2393 3033 2446 alteri
3067 2393 3180 2460 dat,
3234 2393 3279 2447 is
3329 2409 3436 2448 non

188 2519 448 2588 ⁴ηλέτισεν,
495 2484 628 2568 ἀλλά
679 2484 792 2568 καὶ-
820 2513 1078 2583 ἠδίκησεν
1118 2484 1336 2564 ἀδικίαν
1374 2508 1472 2578 τὴν
1509 2507 1769 2576 ἐσχάτην.

1901 2484 2329 2551 niscricordiam,
2369 2485 2464 2540 sed
2496 2498 2796 2540 extremam
2841 2486 3164 2555 injustitiam
3197 2498 3439 2542 exercet.

192 2609 253 2661 Εἰ
291 2608 392 2676 μὲν
419 2607 527 2676 γὰρ
554 2605 724 2668 ἐλεεῖς
753 2605 812 2671 ἐξ
835 2597 908 2658 ὧν
931 2604 1159 2667 ἀδικεῖς,
1183 2602 1403 2671 ἐλέησον
1422 2599 1513 2662 οὓς
1540 2601 1766 2662 ἀδικεῖς.

193 2698 442 2768 Εὐσεϐὴς
490 2698 598 2767 γὰρ
632 2699 860 2763 ἐκεῖνος,
891 2696 988 2767 οὺχ
1021 2697 1048 2748 ὁ
1094 2692 1320 2755 πολλοὺς
1353 2691 1540 2756 ἐλεῶν,
1572 2689 1686 2742 ἀλλ’
1743 2691 1771 2740 ὁ

198 2791 407 2861 μηδένα
433 2788 653 2846 ἀδικῶν.

263 2975 412 3028 Ὅσα
436 2975 624 3044 βλέπει
653 2969 1200 3042 ὀφθαλμδς,τοσαῦτα
1229 2967 1493 3036 ἐπιθυμεῖ
1525 2967 1552 3016 ὁ
1585 2965 1775 3016 πλεον-

195 3073 386 3139 έκτης.
455 3069 514 3121 'l)
551 3067 684 3138 ᾅδης
725 3068 824 3120 οὐκ
866 3062 1041 3130 εἶπεν,
1079 3065 1298 3134 ’Λρκεῖτ
1333 3061 1452 3114 ούδέ
1494 3061 1520 3112 ὁ
1551 3059 1774 3111 πλεονέ-

194 3180 334 3230 κτης
359 3157 480 3214 εἷπέ
523 3176 674 3225 ποτε,
715 3160 919 3229 Ἀρκεῖ.
953 3157 1192 3226 Πονηρὸς
1224 3156 1280 3208 ἐν
1312 3153 1465 3206 πόλει
1499 3152 1770 3214 σύνοικος,
1800 3163 1844 3224 ο

203 3254 450 3324 πονηρὸς
478 3256 536 3305 ἐν
565 3254 782 3321 ἀγροῖς.
825 3250 888 3303 Ἡ
923 3249 1165 3302 θάλασσα
1197 3241 1303 3300 οἶδε
1329 3246 1395 3298 τὰ
1426 3245 1549 3314 ὅρια
1580 3242 1771 3312 αὐτῆς,

197 3351 231 3420 ἡ
259 3348 356 3414 νὺξ
383 3348 482 3414 οὐχ
506 3345 826 3414 ὑπερϐαίνει
848 3341 1128 3410 ὁροθεσίας
1161 3338 1415 3409 ἀρχαίας.
1435 3338 1491 3389 Ὀ
1512 3335 1567 3388 δὲ
1587 3335 1778 3386 πλεον-

197 3443 363 3508 έκτης
405 3440 503 3492 οὐκ
550 3439 780 3491 αἰδεῖται
829 3435 1042 3506 χρόνον,
1111 3433 1170 3484 οὒ
1215 3430 1476 3499 γνωρίζει
1524 3429 1672 3497 ὅρον,
1710 3425 1771 3476 οὐ

199 3533 482 3601 συγχωρεῖ
535 3527 830 3596 ἀκολουθίᾳ
880 3523 1130 3592 διαδοχῆς
1158 3561 1174 3586 ,
1211 3521 1347 3574 ἀλλά
1401 3520 1651 3588 μιμεῖται
1681 3515 1775 3567 τοῦ

199 3627 376 3694 πυρὸς
415 3623 515 3694 τὴν
573 3621 716 3689 βίαν,
751 3619 927 3673 πάντα
968 3615 1414 3686 ἐπιλαμϐάνεται,
1442 3612 1616 3665 πάντα
1657 3610 1775 3663 ἐπι-

201 3718 452 3786 νέμεται.

270 3833 341 3888 Τί
368 3829 462 3885 οὖν
495 3829 635 3900 μετά
664 3826 864 3890 adﬂeat;
899 3824 1020 3893 οὐχι
1049 3823 1196 3892 τρεῖς
1233 3837 1294 3872 σε
1333 3820 1531 3887 πήχεις
1567 3817 1778 3886 ἀναμέο

203 3943 388 3979 νουσιν
413 3925 462 3975 οί
494 3923 726 3983 πάντες;
760 3920 879 3988 οὐχὶ
912 3916 1076 3968 λίθων
1121 3914 1320 3981 ὀλίγων
1353 3912 1516 3981 βάρος
1554 3909 1778 3980 ἀρκέσει

204 4016 346 4087 πρὸς
395 4011 646 4084 φυλακὴν
673 4013 739 4079 τῇ
774 4008 1022 4077 δυστήνῳ
1052 4004 1218 4074 σαρκί
1245 4022 1258 4068 ;
1306 4003 1476 4072 ’Υπὲρ
1512 3999 1656 4063 τίνος
1687 3998 1780 4052 οὖν

209 4110 470 4181 μοχθεῖς;
527 4106 666 4174 ὑπὲρ
713 4105 857 4162 τίνος
915 4100 1290 4168 παρανομεῖςς
1346 4093 1410 4146 Τί
1442 4093 1778 4162 ἀπολογήσῃ,

207 4203 431 4256 ἐπειδάν
466 4216 524 4251 σε
558 4197 743 4266 κύκλῳ
777 4191 1136 4258 περιστάντες
1162 4189 1212 4241 οἱ
1256 4185 1580 4256 ἠδικημένοι
1611 4198 1781 4236 κατα-

207 4295 408 4352 ϐοῶσιν
437 4291 530 4344 ἐπὶ
553 4289 646 4342 τοῦ
681 4285 861 4340 κοινοῦ
886 4277 1073 4354 κριτοῦ
1096 4299 1112 4347 ;
1148 4281 1269 4343 Πῶς
1299 4276 1671 4348 παραπείσεις
1692 4273 1780 4326 τὸν

209 4385 652 4456 ἀπαραλόγιστον
680 4378 979 4441 δικαστήν;
1010 4374 1121 4427 Οὐκ
1147 4371 1263 4425 ἐστι
1296 4374 1482 4441 ῥήτωρ
1516 4367 1648 4430 ἐκεῖ,
1679 4364 1780 4416 οὐκ

208 4480 324 4531 ἐστι
353 4476 650 4542 πιθανότης
675 4471 958 4542 ῥημάτων,
987 4467 1182 4537 κλέψαι
1215 4462 1489 4531 δυναμένη
1520 4457 1615 4514 τοῦ
1635 4457 1787 4510 δικα-

211 4569 339 4622 στοῦ
367 4568 465 4638 τὴν
495 4566 773 4635 ἀλήθειαν.

292 4772 476 4843 amp».
511 4769 826 4839 ἐπιθυμητῇ
863 4763 1164 4837 χρημάτων
1223 4759 1322 4813 οὐκ
1366 4757 1646 4826 ἐγγίνεται
1692 4755 1782 4808 κό-

211 4885 326 4935 ρος.

294 4961 354 5011 ’0
387 4958 488 5028 μέν
521 4972 583 5023 γε
643 4953 812 5021 πένης
865 4951 970 5005 κᾶν
1009 4945 1195 5007 δοῦλος
1238 4939 1295 5018 ᾗ,
1340 4941 1435 4994 καὶ
1478 4939 1554 5010 μὴ
1613 4940 1788 5006 ὑπεμ-

213 5051 429 5116 πλήσας
452 5047 550 5116 τὴν
584 5045 778 5099 ἑαυτοῦ
805 5041 1066 5111 γαστέρα,
1094 5033 1403 5108 προσηνοῦς
1435 5032 1790 5104 μεταλαμϐά-

212 5157 293 5192 νει
324 5139 424 5208 τῆς
460 5137 551 5191 διὰ
583 5135 672 5188 τοῦ
707 5134 877 5187 ὕπνου
923 5132 1162 5191 ἀνέσεως
1187 5144 1202 5160 ο
1239 5127 1470 5178 πλούτου
1511 5124 1569 5177 δὲ
1601 5122 1790 5175 ἐπιθυ-

217 5234 317 5302 μία
349 5229 568 5282 σύνεσιν
599 5226 932 5296 ἀγρυπνίαις
972 5223 1066 5274 καὶ
1095 5219 1360 5290 καμάτοις
1385 5216 1595 5288 τρύχει.

194 5349 198 5352 ·
289 5322 514 5398 Χρυσοῦ
552 5321 779 5390 δεύτερα
817 5316 991 5369 πάντα
1018 5313 1244 5375 ἀδίκοις.

298 5422 362 5470 ὐ
397 5416 474 5489 μὴ
494 5413 748 5479 δεόμενος
777 5409 885 5461 τῶν
915 5403 1233 5470 ἀλλοτρίων,
1260 5401 1375 5457 ἀλλ’
1405 5402 1462 5453 ἐν
1489 5398 1792 5470 αὐταρκείᾳ

215 5507 462 5580 νομίζων
489 5499 653 5566 εἶναι,
696 5499 914 5552 πάντων
939 5495 1088 5547 ἐστὶν
1129 5491 1531 5560 εὐπορώτατος.

291 5604 358 5656 Ἀ
371 5614 524 5672 ρκτοι
559 5593 657 5666 μὲν
683 5593 779 5645 καὶ
811 5589 964 5642 λύκοι
988 5584 1207 5639 ἐπειδὰν
1247 5582 1454 5637 λάϐωσι
1484 5581 1662 5652 κόρον,
1697 5579 1794 5648 τῆς

221 5692 482 5766 ἁρπαγῆς
533 5686 896 5756 ἀφίστανται·
931 5679 982 5733 οι
1028 5678 1084 5730 δὲ
1126 5676 1452 5731 πλεονέκται
1497 5675 1659 5744 κόρον
1695 5672 1793 5725 οὐκ

224 5788 459 5850 ἔγουσιν.

1849 2567 2006 2626 fiam
2038 2589 2101 2626 ex
2136 2572 2354 2642 injuriis
2381 2576 2660 2628 materiam
2685 2577 3054 2630 miserationis
3093 2588 3299 2647 captas,
3339 2579 3441 2630 mi—

1874 2677 2054 2718 serere
2083 2667 2262 2732 putlus
2300 2665 2514 2719 illorum
2535 2681 2672 2735 quos
2696 2667 2895 2736 injuria
2920 2667 3109 2722 allieis.
3133 2668 3262 2722 l’ius
3291 2668 3437 2722 enim

1875 2755 1967 2809 ille
1996 2765 2099 2818 est,
2130 2771 2240 2809 non
2273 2757 2364 2824 qui
2401 2757 2693 2810 miseretur
2721 2759 3038 2825 multorum,
3079 2761 3174 2814 sed
3222 2759 3317 2830 qui
3354 2776 3446 2814 ne-

1876 2849 2009 2902 mini
2042 2847 2172 2901 facit
2204 2849 2481 2916 iniuriam.

1946 2941 2294 3010 Qumeunque
2355 2942 2500 2994 videt
2540 2941 2768 3005 oculus,
2831 2955 2893 2994 ea
2930 2942 3113 2995 omnia
3171 2943 3444 3000 desiderat

1876 3049 2092 3088 avarus.
2134 3034 2324 3086 inferis
2365 3049 2643 3101 nunquam
2712 3035 2846 3088 satis
2901 3034 2982 3100 fit,
3050 3051 3151 3091 nec
3202 3052 3442 3106 unquam

1878 3142 2074 3182 avarus
2104 3128 2205 3181 sibi
2237 3126 2484 3181 sutlicere
2515 3126 2670 3180 dicit.
2704 3125 2879 3181 Malus
2909 3127 2998 3181 hic
3023 3129 3351 3196 vicinugest
3383 3130 3436 3184 in

1881 3223 2034 3286 urbe,
2068 3220 2176 3290 '70
2221 3220 2394 3273 malus
2419 3221 2554 3273 ruri.
2589 3218 2734 3273 Mare
2765 3234 2895 3273 suos
2925 3221 3060 3275 lines
3091 3223 3358 3290 agnoscit,
3387 3235 3443 3278 et

1880 3329 1986 3367 nox
2031 3313 2283 3381 antiquos
2338 3309 2603 3364 terminos
2657 3323 2764 3362 non
2825 3313 3186 3364 transcendit.
3231 3312 3445 3368 Avarus

1879 3414 2058 3459 autem
2092 3412 2306 3472 tempus
2337 3402 2546 3456 nullum
2585 3409 2886 3466 reveretur,
2913 3417 3020 3454 non
3049 3403 3293 3469 agnoscit
3331 3413 3445 3457 ter-

1879 3501 2110 3563 minum,
2144 3513 2251 3552 non
2303 3496 2447 3551 cedit
2495 3495 2674 3550 ordini
2714 3495 3120 3560 successionis;
3160 3500 3252 3551 sed
3307 3499 3448 3566 ignis

1882 3591 2192 3648 violentiam
2244 3589 2506 3654 imitatur,
2558 3589 2740 3644 omnia
2777 3589 2995 3658 arripit,
3049 3592 3232 3642 omnia
3279 3591 3444 3660 depa-

1884 3690 2079 3741 scitur.

1951 3802 2053 3857 Sed
2083 3801 2207 3870 quid
2237 3799 2451 3854 tandem
2479 3798 2604 3853 fiet?
2628 3799 2816 3853 Nonne
2848 3809 2956 3854 trcs
3003 3803 3226 3859 omnino
3277 3804 3448 3858 cubiti

1883 3907 1934 3952 te
1968 3894 2228 3950 manent?
2281 3893 2469 3946 Nonne
2519 3905 2813 3962 paucorum
2866 3892 3101 3959 lapidum
3158 3896 3325 3949 moles
3379 3899 3447 3948 ad

1882 3989 2180 4046 custodiam
2219 3985 2432 4038 miserae
2465 3982 2615 4036 carni
2667 3980 3048 4037 sulliciet?Ad
3107 3985 3235 4054 quid
3287 3984 3449 4055 igitur

1879 4061 2137 4136 laboras?
2176 4077 2442 4143 Quorsum
2498 4074 2720 4143 iniquus
2777 4089 2897 4128 esse
2957 4076 3187 4150 pergis?
3239 4076 3447 4143 Quibus

1883 4172 2059 4228 verbis
2090 4168 2343 4224 defendes
2377 4176 2449 4234 te,
2486 4182 2606 4220 cum
2643 4167 2818 4223 aﬂ‘ecti
2848 4170 2943 4223 abs
2977 4179 3027 4222 te
3053 4169 3249 4238 injuria
3291 4170 3450 4223 undi-

1883 4282 1988 4337 que
2036 4265 2458 4318 circumstantes
2487 4261 2586 4315 sub
2617 4261 2893 4313 counnuni
2944 4261 3128 4329 judiCe
3171 4271 3361 4315 contra
3399 4273 3450 4316 te

1886 4356 2238 4414 clamavetint
2260 4354 2282 4406 ?
2308 4352 2588 4418 Quomodo
2619 4350 2974 4422 persuadebis
2997 4352 3189 4422 judici,
3227 4354 3316 4420 qui
3342 4351 3452 4408 falli

1889 4469 1993 4508 nou
2030 4452 2247 4521 potest?
2272 4450 2464 4504 Nullus
2501 4451 2610 4502 illic
2635 4459 2822 4502 orator
2881 4458 2985 4514 est,
3054 4449 3201 4503 nulla
3261 4451 3453 4504 verbo-

1892 4557 2009 4596 rum
2065 4540 2417 4610 prubabili:as
2455 4555 2577 4608 qua:
2610 4540 2887 4593 veritatem
2915 4537 3083 4606 judici
3121 4540 3454 4594 abscondere

1891 4635 2061 4686 valeat
2076 4672 2091 4687 .

1961 4744 2229 4815 Thcologi.
2265 4743 2479 4800 Homini
2526 4742 2767 4814 pecuniae
2809 4742 3005 4810 cupido
3049 4742 3195 4796 nulla
3231 4744 3453 4798 satietas

1889 4839 2223 4890 innascitur.
2351 4899 2358 4908 ἱ

1960 4927 2167 4996 Pauper
2195 4925 2437 4996 quidem,
2481 4925 2603 4979 licet
2652 4938 2842 4978 servus
2865 4931 2917 4978 et
2951 4932 3137 4976 ventre
3171 4939 3277 4975 non
3311 4934 3458 4977 satu-

1891 5037 1973 5085 ro,
2017 5021 2209 5074 blanda
2250 5035 2341 5087 per
2373 5034 2625 5072 somnum
2675 5017 2859 5086 quiete
2918 5015 3155 5070 fruitur:
3192 5018 3457 5084 cupidit-s

1890 5124 2072 5167 autem
2137 5111 2444 5166 divitiarum
2523 5120 2754 5164 mentem
2811 5109 3007 5178 vigiliis
3077 5120 3128 5163 et
3182 5108 3458 5164 laboribus

1891 5207 2095 5260 cruciat
2133 5241 2148 5258 .

1906 5344 1914 5348 .
1961 5297 2153 5367 lnjusti
2182 5296 2313 5350 nihil
2343 5311 2448 5350 non
2487 5311 2619 5351 auro
2646 5306 2998 5366 postponuut.

1966 5391 2235 5460 Clirysost.
2268 5389 2372 5454 Qui
2429 5404 2535 5443 non
2594 5389 2798 5459 indiget
2829 5389 3042 5458 alienis,
3086 5390 3180 5444 sed
3229 5405 3324 5446 sua
3359 5391 3460 5446 sibi

1896 5482 2141 5538 sullicere
2178 5481 2472 5545 existimat,
2493 5479 2735 5534 omnium
2760 5491 2840 5536 est
2857 5481 3182 5536 ditissimus.

1967 5573 2087 5630 Ursi
2129 5584 2181 5630 et
2212 5575 2321 5644 lupi
2357 5575 2586 5630 saturati
2614 5575 2860 5644 rapinam
2905 5574 3252 5646 relinquunt;
3281 5570 3459 5628 arari:

1895 5674 2076 5724 autem
2110 5667 2259 5723 nulla
2287 5668 2525 5724 satietas.
