3980 6248
558 295 672 360 899

555 512 904 570 pra-patens:
935 511 1162 567 rapaces
1183 497 1348 552 vitam
1373 495 1658 551 hominum
1686 496 2041 566 perturbant,
2079 503 2135 550 et

557 591 726 660 hujus
749 590 968 660 quidem
996 588 1199 657 rapinae
1221 597 1372 650 sunt,
1395 587 1606 644 delicia:
1639 600 1820 643 autem
1849 588 2082 642 aliorum
2115 602 2130 641 :

554 682 612 735 in
645 680 821 749 ipsum
848 678 1336 741 eaditexsecratio,
1360 678 1547 734 fruitio
1578 680 1636 734 in
1661 679 1834 734 alios:
1873 677 2135 734 adversus

557 771 733 838 ipsum
767 767 1007 823 eduntur
1022 768 1284 838 suspiria»,
1324 769 1657 824 abundantia
1680 769 1950 838 contingit
1971 769 2094 823 aliis
2117 785 2134 822 :

552 860 813 915 adversus
851 861 1027 928 ipsum
1063 858 1366 914 funduntur
1401 858 1656 929 lacryma
1726 859 1796 913 ab
1827 859 1948 914 aliis
1980 875 2143 914 usur-

553 961 754 1021 pantur
793 951 1074 1021 pecunite:
1111 951 1230 1018 ipse
1257 951 1400 1018 apud
1432 951 1636 1005 inferos
1661 950 1908 1020 punitur,
1959 957 2017 1005 et
2043 949 2135 1004 alii

548 1059 925 1112 saepenumero
947 1044 999 1096 in
1019 1042 1186 1110 ipsius
1207 1043 1410 1098 divitiis
1429 1043 1813 1113 voluptuantes
1833 1041 2136 1097 cantillant.

627 1146 937 1211 Pleonexia,
982 1145 1032 1197 id
1070 1154 1154 1198 est
1205 1144 1456 1207 avaritia,
1493 1153 1580 1198 est
1640 1159 1764 1199 eum
1817 1143 1940 1212 plus
1975 1141 2137 1197 habet

550 1239 748 1306 aliquis
802 1252 963 1307 quam
997 1237 1060 1289 ad
1112 1253 1233 1290 eum
1299 1237 1582 1305 pertineat.

614 1329 855 1384 Avaritia
884 1341 964 1383 est
991 1329 1321 1391 idololatria,
1344 1330 1454 1380 imo
1486 1328 1724 1384 deterior
1743 1343 1831 1385 ea.
1851 1325 2132 1394 Siquidem

555 1423 857 1476 idololatrau
895 1421 987 1474 Dei
1023 1431 1306 1475 creaturas
1339 1420 1601 1483 adorant,
1638 1431 1693 1474 et
1740 1421 1975 1473 venerati
2013 1426 2141 1474 sunt

549 1515 779 1585 (inquit)
817 1524 872 1569 et
912 1513 1528 1568 colueruutcrt-aturam
1560 1523 1756 1581 prater
1798 1512 2137 1567 Creatorem.

555 1610 634 1663 Tu
665 1623 790 1662 vero
819 1619 968 1662 tuum
1003 1607 1172 1676 ipsius
1196 1622 1332 1677 opus
1364 1608 1579 1662 adoras.
1615 1607 1756 1661 Deus
1787 1606 1929 1658 enim
1962 1605 2140 1658 avari-

1836 288 2158 352 ΑΝΤΟἫῙ
2183 290 2534 352 MELISSAE'.

634 405 1036 476 lnexpleltilitas
1064 404 1362 460 admodum
1429 403 1663 458 violenta
1697 410 1801 464 est.
1826 412 1880 457 et
1908 403 2137 458 avaritia
2167 410 2218 466 Α

3711 299 3816 363 900

2323 407 2388 458 Ἦ
2425 405 2702 477 ἀπληστία
2748 408 3024 476 τυραννεῖ,
3055 407 3090 477 ή
3125 402 3411 485 πλεονεξία
3460 410 3814 466 δυναστεύει·

2247 497 2297 550 oi
2330 496 2579 568 ἅρπαγες
2627 499 2720 551 τὸν
2751 498 2866 568 βίον
2908 501 3243 570 ταράσσουσι
3267 541 3284 566 ,
3330 504 3428 556 καὶ
3462 499 3621 567 αὖθις
3655 506 3817 563 αὐτοῦ

2247 591 2304 644 αἱ
2337 590 2610 660 ἁρπαγαὶ,
2642 593 2736 646 καὶ
2759 593 2936 647 ἄλλων
2968 595 3024 646 αἱ
3051 593 3253 662 ἡδοναί·
3286 594 3452 648 αὑτοῦ
3472 595 3531 647 ai
3561 598 3816 667 κατάραι,

2249 685 2342 738 καὶ
2372 683 2548 736 ἄλλων
2572 684 2630 738 ai
2662 684 2987 755 θεραπεῖαι·
3024 687 3146 738 κατ’
3191 683 3358 738 αὑτοῦ
3391 687 3440 739 ol
3493 690 3814 757 στεναγμοὶ,

2249 775 2346 828 καὶ
2379 774 2507 841 παρ’
2537 774 2747 844 ἑτέροις
2791 775 2843 827 oi
2873 773 3206 843 πλεονασμοί
3225 790 3241 806 °
3271 777 3397 830 κατ’
3423 776 3588 832 αὑτοῦ
3624 779 3690 833 τὰ
3733 780 3820 835 δᾶ·

2251 884 2414 936 κρυα,
2453 865 2546 920 καὶ
2580 866 2712 935 παρ’
2736 868 2943 938 ἑτέροις
2972 867 3042 920 τὰ
3073 868 3332 938 χρήματα
3353 883 3368 900 ·
3399 870 3563 933 αὐτὸς
3608 872 3666 924 ἑν
3692 871 3776 944 ﬁt}

2250 959 2567 1025 κολάζεται,
2620 959 2718 1013 καὶ
2755 958 2906 1013 ἄλλοι
2937 958 3198 1024 πολλάκις
3235 961 3295 1015 ιν
3343 964 3457 1026 τοῖς
3486 964 3658 1017 αὑτοῦ
3695 981 3763 1034 τρ

2252 1054 2461 1122 φῶντες
2487 1052 2806 1122 ψάλλουσιν.

2321 1146 2613 1211 Πλεονεξία
2647 1147 2766 1200 ἐστὶ
2793 1145 2856 1199 τὸ
2901 1145 3064 1200 πλέον
3087 1146 3232 1218 ἔχειν
3255 1147 3352 1201 τοῦ
3381 1147 3717 1220 ὡρισμένου.

2333 1327 2398 1382 Ἦ
2425 1329 2710 1393 πλεονεξία
2761 1328 3174 1398 εἰδωλολατρεία
3206 1329 3376 1393 ἐστὶν,
3411 1328 3549 1381 ἀλλά
3585 1330 3680 1382 καὶ
3717 1347 3812 1399 χα-

2249 1420 2539 1491 λεπωτέρα
2569 1421 3035 1492 είδωλολατρείας.
3067 1421 3130 1474 Οί
3169 1419 3276 1490 γὰρ
3301 1421 3691 1488 εἰδωλολάτραι
3714 1424 3823 1482 τοτς

2251 1513 2345 1566 τοῦ
2380 1512 2514 1565 Θεοῦ
2545 1512 2811 1580 κτίσμασι
2860 1511 3268 1580 προσκυνοῦσι·
3314 1513 3413 1564 καὶ
3447 1513 3822 1580 ἐσεϐάσθησαν

2255 1604 2434 1675 (φησὶ)
2464 1607 2559 1660 καὶ
2580 1606 2911 1676 ἐλάτρευσαν
2937 1607 3002 1676 τῇ
3026 1607 3203 1660 κτίσει
3230 1604 3384 1675 παρά
3411 1603 3510 1659 τὸν
3535 1605 3817 1663 κτίσαντα,

555 1701 684 1753 tiam
710 1713 816 1751 non
878 1701 1105 1765 creavit,
1127 1701 1220 1754 sed
1269 1697 1599 1754 insatiabilis
1635 1707 1689 1752 et
1738 1695 2028 1753 imtttodica
2053 1704 2140 1749 tua

2252 1696 2323 1746 Σὺ
2356 1696 2412 1748 δὲ
2437 1695 2514 1765 τῷ
2555 1695 2817 1766 κτίσματι
2864 1695 2940 1765 τῷ
2975 1695 3181 1751 σαυτοῦ
3228 1698 3579 1765 προσκυνεῖς.
3629 1697 3686 1749 ’0
3714 1697 3819 1764 γὰρ

552 1797 820 1865 cupiditas
837 1809 956 1848 eam
978 1793 1327 1863 excogitavit.

629 1973 687 2027 Si
721 1974 845 2041 quis
879 1971 945 2025 de
977 1970 1094 2026 suis
1139 1986 1246 2024 non
1276 1969 1526 2039 largitur,
1553 1969 1623 2024 ab
1653 1968 1748 2023 illo
1793 1967 2143 2024 accusabitur

557 2067 612 2121 in
643 2068 732 2120 die
758 2065 980 2133 judicii,
1018 2063 1175 2132 cujus
1213 2079 1322 2118 non
1371 2073 1455 2117 est
1518 2067 1816 2118 misertus:
1861 2060 2139 2132 quomodo

553 2159 636 2213 illi
662 2158 822 2212 venia
848 2157 1067 2211 dabitur
1090 2154 1182 2225 qui
1211 2155 1390 2225 rapuit
1417 2155 1615 2220 aliena,
1642 2155 1884 2223 undique
1909 2154 2144 2208 circum-

557 2249 828 2305 stantibus
858 2263 983 2303 eum
1012 2247 1120 2301 illis
1152 2262 1290 2316 quos
1323 2245 1503 2300 alfecit
1537 2245 1777 2315 injuria?
1827 2244 1943 2298 Non
1998 2242 2141 2296 enim

562 2340 676 2395 illic
712 2339 964 2403 tesﬁbus,
1029 2352 1137 2390 non
1181 2335 1617 2399 accusatoribus,
1653 2349 1761 2388 non
1801 2334 2140 2404 argumentis

550 2434 719 2487 locus
754 2440 860 2496 est,
909 2431 1002 2487 sed
1035 2429 1164 2500 ipsae
1196 2444 1284 2482 res
1331 2443 1426 2497 per
1457 2443 1536 2489 se,
1569 2427 1759 2495 quales
1789 2441 1820 2480 a
1866 2425 2023 2480 nobis
2051 2439 2146 2496 ge-

563 2532 662 2578 stae
695 2531 845 2586 sunt.
868 2537 1052 2578 coram
1087 2521 1260 2575 oculis
1289 2521 1488 2576 nostris
1517 2528 1796 2589 apparent.
1833 2518 1973 2572 Et-ce
1999 2517 2142 2572 enim

560 2614 792 2686 (inquit)
821 2613 986 2668 homo
1007 2623 1062 2668 et
1083 2628 1248 2683 opera
1267 2611 1406 2681 ejus.
1437 2610 1651 2667 Etenim
1696 2611 1798 2665 hoc
1823 2624 2042 2679 quoque
2059 2624 2143 2663 ra-

561 2709 688 2777 pina
714 2717 818 2771 est,
841 2717 894 2764 et
915 2707 1018 2781 71
1045 2707 1297 2768 avaritia.
1329 2715 1382 2759 et
1414 2705 1687 2772 spoliatio,
1721 2719 1818 2758 sua
1849 2718 1957 2758 non
1991 2718 2144 2758 com-

564 2799 861 2856 municare.
898 2798 1034 2852 Nam
1080 2797 1220 2851 Deus
1257 2795 1477 2854 Judaeos
1508 2811 1773 2852 accusans
1797 2811 1895 2866 per
1913 2795 2145 2866 prophe-

549 2906 700 2958 tam,
738 2890 916 2961 inquit
950 2908 964 2946 :
1006 2909 1024 2942 I
1066 2889 1303 2946 Protulit
1338 2902 1480 2946 terra
1515 2888 1730 2946 fructus
1761 2905 1914 2956 suos,
1942 2900 2000 2945 et
2031 2905 2138 2946 non

569 2985 815 3040 solvistis
869 2983 1136 3045 decimas,
1191 2983 1454 3053 rapuistis
1501 2985 1644 3044 bona
1697 2985 1975 3055 pauperis.
2017 3003 2037 3039 ι
2077 2985 2144 3040 Et

2246 1785 2379 1849 Θεὸς
2405 1787 2717 1854 πλεονεξίαν
2740 1789 2841 1842 οὐκ
2874 1786 3331 1859 ἐδημιούργησεν,
3366 1787 3482 1842 ἀλλ’
3507 1790 3541 1860 ή
3591 1788 3692 1858 τῆς
3722 1789 3821 1852 σῆς

2251 1878 2560 1948 ἀπληστίας
2597 1879 2892 1949 ἐπεξεῦρεν
2925 1882 3185 1952 ἀμετρία.

2321 1972 2384 2026 El
2411 1972 2440 2024 ὁ
2469 1972 2578 2024 τῶν
2611 1972 2807 2047 ἑαυτοῦ
2850 1972 2928 2044 μή
2973 1974 3292 2045 μεταδιδοὺς
3360 1976 3676 2044 κατήγορον
3707 1973 3819 2044 ἔχει

2249 2063 2340 2117 τὸν
2371 2063 2472 2118 οὐκ
2498 2064 2789 2134 ὲλεηθέντα
2823 2067 2882 2120 ὲν
2928 2069 2992 2138 τῇ
3027 2067 3126 2136 τῆς
3162 2068 3398 2137 κρίσεως
3431 2069 3649 2139 ήμύρᾳ·
3673 2071 3702 2122 ὁ
3733 2072 3822 2123 καὶ

2255 2156 2321 2209 τὰ
2361 2155 2622 2226 ἀλλότρια
2654 2157 2913 2226 ἀρπάσας
2959 2159 3119 2222 ποίας
3165 2159 3417 2225 τεύξεται
3467 2142 3816 2230 συγγνώμης,

2254 2247 2590 2316 πανταχόθεν
2620 2247 2766 2316 αύτῷ
2807 2250 3244 2319 περιεστηκότων
3287 2250 3396 2304 τῶν
3432 2251 3817 2322 ήδικημένωνς

2247 2337 2324 2392 Οὐ
2355 2337 2464 2410 γὰρ
2489 2338 2783 2409 μαρτύρων
2809 2340 2928 2394 ἐκεῖ
2952 2341 3132 2411 χρεία,
3164 2340 3286 2395 οὐδὲ
3318 2344 3669 2414 κατηγόρων,
3701 2346 3817 2396 οὐδὲ

2245 2430 2609 2496 ἀποδείξεων·
2651 2431 2766 2486 ἀλλ’
2818 2431 2957 2485 αὐτά
3006 2433 3132 2485 καθ’
3178 2432 3350 2485 ἑαυτά
3395 2434 3463 2486 τὰ
3495 2433 3814 2502 πράγματα,

2251 2517 2450 2595 οἷάπερ
2485 2526 2626 2578 αὑτά
2677 2527 3190 2595 κατεσκευάσαμεν,
3228 2524 3334 2598 πρὸ
3375 2525 3484 2581 τῶν
3527 2527 3816 2598 ὀφθαλμῶν

2246 2615 2496 2682 φαίνεται
2539 2614 2647 2669 τῶν
2683 2618 2988 2689 ήμετέρων.
3060 2617 3192 2673 Ἰδοὺ
3221 2618 3354 2689 γὰρ,
3394 2619 3580 2690 φησὶν,
3615 2619 3814 2691 ἄνθρω-

2247 2721 2349 2768 πος
2389 2705 2482 2759 καὶ
2502 2706 2568 2760 τά
2596 2706 2732 2777 ἔργα
2758 2700 2950 2763 αὐτοῦ.
2985 2710 3095 2764 Καὶ
3118 2711 3227 2781 γὰρ
3260 2710 3353 2763 καὶ
3379 2709 3542 2764 τοῦτο
3571 2710 3812 2780 ἁρπαγή,

2245 2797 2308 2850 τδ
2333 2797 2407 2866 μὴ
2437 2799 2775 2866 μεταδιδόναι
2799 2800 2910 2854 τῶν
2938 2801 3131 2868 ὄντων,
3155 2801 3250 2855 καὶ
3271 2801 3557 2866 πλεονεξία
3577 2804 3676 2856 καὶ
3696 2803 3816 2856 ἀπο-

2249 2887 2526 2958 στέρησις·
2557 2891 2669 2953 τοῖς
2716 2891 2822 2961 γὰρ
2857 2890 3137 2954 Ἰουδαίοις
3187 2893 3438 2962 ἐγκαλῶν
3480 2896 3510 2947 ὁ
3542 2893 3700 2958 Θεὸς,
3735 2893 3814 2948 διὰ

2247 2976 2342 3031 τοῦ
2382 2982 2660 3049 προφήτου
2697 2986 2864 3050 φησιν
2887 2997 2902 3012 ·
2951 3001 2971 3033 ι
3031 2982 3358 3054 Ἐξήνεγκεν
3385 2985 3419 3055 ή
3449 2983 3521 3054 γῆ
3555 2984 3626 3038 τὰ
3667 2985 3810 3050 ἐκτό-

561 3093 754 3135 rurstts
792 3077 920 3132 alibi
956 3076 1156 3146 inquit,
1186 3095 1206 3127 ι
1235 3075 1314 3132 Ne
1360 3078 1492 3148 quid
1533 3077 1734 3149 eripias
1754 3078 1822 3136 de
1845 3079 1992 3136 victu
2015 3095 2140 3151 pall-

2253 3085 2344 3140 ρια
2376 3070 2564 3142 αὐτῆς,
2607 3073 2702 3126 καὶ
2735 3073 2836 3127 οὐκ
2864 3073 3221 3142 είσηνὲγκατε
3255 3076 3324 3130 τὰ
3352 3076 3654 3130 ὲπιδέκατα
3681 3092 3696 3107 ·
3722 3077 3809 3146 ήρ-

563 3172 732 3242 peris.
761 3187 782 3224 ι

549 3407 552 3410 .
635 3351 935 3406 Plutarchi.
963 3352 1067 3419 Qui
1096 3367 1164 3407 ex
1193 3351 1444 3424 turpibus
1479 3349 1647 3407 lucris
1675 3350 1742 3405 ad
1772 3351 1997 3406 honesta
2022 3353 2140 3408 om-

560 3446 648 3500 cia
677 3456 956 3515 sumptum
983 3446 1208 3512 faciunt,
1241 3446 1421 3502 simile
1448 3444 1579 3516 quid
1611 3443 1823 3500 iaciunt
1883 3446 1992 3502 illis
2044 3448 2139 3518 qui

564 3553 627 3592 ex
653 3539 940 3607 sacrilegio
977 3535 1146 3591 Deum
1185 3539 1402 3608 placare
1435 3538 1644 3594 volunt.
1804 3599 1806 3602 ν

637 3629 944 3684 Democriti.
1001 3629 1209 3685 Divitiae
1241 3631 1384 3686 malo
1446 3631 1688 3688 facinore
1733 3641 1900 3702 parta:
1947 3630 2138 3703 majori

561 3720 833 3775 dedecore
863 3731 1146 3776 notantur.

638 3813 755 3869 Non
789 3814 978 3868 inutile
1015 3813 1234 3884 quidem
1289 3825 1372 3870 est
1401 3816 1657 3886 pecunias
1685 3817 1988 3888 acquirere,
2047 3832 2141 3887 per

533 3897 535 3899 1
562 3906 884 3974 injustitiam
912 3915 1114 3970 autem,
1145 3906 1306 3976 longe
1335 3908 1654 3977 pessimum.

633 3998 892 4053 Socratis.
947 3997 1208 4054 Socrates
1263 4014 1456 4056 avaros
1515 4001 1709 4056 avibus
1763 4001 2138 4076 comparabat,

561 4106 790 4159 quarum
828 4092 933 4146 alia
985 4091 1214 4161 deglutit
1248 4092 1510 4162 quidquid
1545 4093 1834 4159 invenerit,
1883 4105 1935 4147 et
1964 4108 2140 4162 quan-

560 4185 741 4252 doque
786 4183 1122 4239 suﬂocatur:
1181 4184 1298 4237 alia:
1351 4200 1478 4239 vero
1525 4195 1830 4256 sequuntur
1883 4197 1943 4240 ut
1994 4187 2138 4257 quod

2246 3161 2464 3216 πάσατε
2513 3165 2580 3218 τὰ
2623 3163 2718 3216 τοῦ
2761 3165 3014 3234 πένητος.
3063 3183 3081 3218 t
3119 3165 3232 3219 Καὶ
3276 3165 3442 3221 πάλιν
3473 3167 3712 3238 ἀλλαχοῦ
3737 3168 3812 3220 λέο

2220 3269 2353 3323 .γει.
2393 3273 2410 3305 t
2447 3253 2540 3326 Μὴ
2590 3253 2974 3329 ἀποστερήσῃς
3025 3255 3125 3326 τὴν
3172 3255 3321 3328 ζωὴν
3365 3257 3460 3311 τοῦ
3514 3258 3751 3328 πτωχοῦ.
3789 3276 3804 3308 ι

2315 3348 2378 3402 Οί
2406 3348 2516 3400 ἀπὸ
2552 3348 2660 3401 τῶν
2689 3349 2929 3419 αίσχρῶν
2961 3348 3166 3417 κερδῶν
3196 3350 3276 3412 είς
3307 3348 3406 3414 τὰς
3433 3350 3608 3415 καλὰς
3641 3351 3810 3404 ovat;

2246 3454 2468 3500 σκοντες
2503 3437 2850 3508 λειτουργίας
2881 3440 3068 3510 ὅμοιόν
3095 3458 3146 3493 τι
3180 3444 3394 3496 ποιοῦσι
3444 3445 3560 3508 τοῖς
3612 3445 3718 3498 ἀπὸ
3742 3445 3806 3498 ίε·

2246 3529 2496 3598 ροσυλίας
2529 3530 2903 3596 Θεοσεὸοῦσιν.

2314 3621 2548 3684 Πλοῦτος
2576 3623 2682 3676 ἀπὸ
2710 3625 2886 3693 κακῆς
2916 3625 3180 3696 ἐργασίας
3207 3629 3595 3698 ἐπιγινόμενος
3625 3630 3805 3698 insa-

2242 3713 2392 3766 νέστε
2402 3731 2494 3782 ρον
2521 3715 2722 3778 ὄνειδος
2751 3717 2813 3768 κέ
2822 3734 3038 3787 κτηται.

2313 3805 2584 3875 Χρήματα
2644 3808 2890 3876 πορίζειν
2918 3811 3018 3880 μὲν
3059 3811 3160 3865 οὐκ
3211 3813 3470 3883 ἀχρεῖον·
3514 3815 3575 3883 ἐξ
3604 3815 3803 3878 ἀδικίας

2240 3895 2298 3949 δὲ
2335 3897 2554 3950 πάντων
2589 3898 2803 3956 κάκιον.

2318 3989 2620 4061 Σωκράτης
2643 3991 2775 4053 τοὺς
2810 3991 2908 4060 μὲν
2941 3992 3271 4060 πλεονέκτας
3299 3997 3494 4063 είκαζε
3521 4003 3646 4065 ταῖς
3672 4001 3806 4072 δρνι.

2244 4097 2350 4146 σιν,
2382 4077 2456 4135 ὧν
2499 4082 2534 4151 ή
2573 4081 2671 4152 μὶν
2715 4084 3004 4137 καταπίνει
3038 4085 3066 4140 ὃ
3103 4103 3155 4140 τι
3191 4088 3259 4141 ἂν
3298 4091 3606 4164 προστύχῃ,
3641 4094 3728 4146 καὶ
3749 4094 3802 4146 ι-

2245 4191 2361 4228 στιν
2405 4177 2494 4229 ὅτε
2549 4177 2832 4245 πνίγεται·
2889 4180 2942 4232 αί
2983 4180 3029 4232 δ’
3076 4181 3235 4250 ᾆλλαι
3271 4184 3800 4258 περιακολουσοῦσιν,

562 4273 792 4329 babetei
813 4283 1196 4344 extorqueant,
1236 4285 1289 4328 et
1319 4275 1449 4344 ipsa:
1469 4291 1688 4346 quoque
1709 4278 1829 4332 alia:
1858 4289 1980 4348 post
2005 4279 2140 4333 alias

2251 4267 2460 4334 ἀφελεῖν
2498 4269 2630 4322 αὐτὸ
2661 4269 3016 4336 σπεύδουσαι,
3059 4273 3146 4327 ἶνα
3198 4275 3353 4346 παρά
3402 4278 3574 4350 μέρος
3609 4281 3804 4348 πνιγῶ-

561 4367 926 4423 sull‘ocantur.

2245 4374 2350 4410 σιν.

639 4460 904 4529 Diogenis.
939 4458 1209 4532 Diogenes
1239 4461 1612 4533 interrogatus
1658 4477 1906 4531 quaenam
1948 4471 2132 4519 essent

2316 4453 2571 4524 Διογένης
2602 4455 2898 4525 ἐρωτηθεὶς
2938 4459 3065 4511 ποῖα
3098 4459 3185 4529 εἴη
3218 4458 3386 4530 θηρία
3432 4463 3797 4534 χαλεπώτερα,

562 4552 692 4608 fera!
718 4552 992 4622 pessimae,
1023 4551 1197 4608 dixit:
1242 4551 1298 4606 ln
1329 4555 1606 4609 montibus
1630 4554 1742 4610 ursi
1767 4564 1820 4608 et
1851 4555 2058 4621 leones,
2087 4555 2140 4610 in

559 4645 874 4699 civitatibus
911 4652 1093 4698 autem
1127 4644 1402 4711 publicani
1445 4654 1497 4699 et
1527 4646 1899 4715 sycophantae.

631 4735 972 4803 Antiphanis.
1006 4735 1171 4792 Canis
1221 4736 1288 4791 de
1318 4736 1577 4792 carnibus
1619 4737 1844 4793 edendis
1897 4737 2141 4806 cogitans

560 4843 670 4884 non
707 4829 941 4898 amplius
971 4844 1184 4898 gregem
1219 4829 1494 4884 custodire
1531 4837 1730 4899 potest.

613 4918 749 4973 Mala
775 4918 925 4972 lucra
957 4917 1149 4973 breves
1169 4917 1385 4988 quidem
1405 4918 1731 4988 voluptates,
1757 4919 1986 4975 tristitiae
2009 4934 2138 4976 vero

559 5008 736 5076 longae
769 5020 1098 5077 sequuntur.

633 5097 846 5155 Platon.
865 5097 1162 5169 Paupertas
1191 5099 1556 5165 existimetur,
1583 5115 1689 5154 non
1717 5100 2026 5158 imminutio
2052 5117 2138 5157 re-

561 5206 706 5255 rum,
738 5193 828 5246 sed
862 5193 1304 5263 iuexplebilitatis
1337 5195 1612 5250 adauctio.

635 5281 780 5336 Isoct
808 5323 822 5337 .
847 5285 1066 5338 Nullum
1107 5288 1294 5356 inique
1335 5288 1637 5342 iucrantem
1672 5288 1944 5342 temuleris
1985 5286 2126 5342 :‘sed

560 5376 734 5446 magis
791 5378 1084 5444 approbato
1123 5381 1366 5433 viventes
1391 5395 1512 5434 cum
1541 5380 1775 5449 justitia.

625 5551 758 5607 Nam
777 5551 869 5622 qui
899 5567 1088 5623 magna
1109 5554 1349 5624 rapiunt,
1372 5571 1438 5608 an
1460 5570 1622 5626 parva
1652 5570 1872 5626 quoque
1896 5554 2131 5624 rapiant,

2245 4538 2398 4596 εἶπεν
2421 4559 2436 4574 ·
2471 4545 2558 4598 Ἑν
2590 4547 2689 4612 μὲν
2712 4550 2824 4610 τοῖς
2855 4548 3038 4618 ὄρεσιν
3069 4549 3260 4620 ἀρκτοι
3285 4553 3380 4605 καὶ
3409 4553 3644 4621 λέοντες,
3677 4558 3799 4611 {vos

2240 4636 2358 4698 ταῖς
2399 4636 2588 4690 πόλεσι
2613 4638 2840 4693 τελῶναι
2868 4641 2961 4693 καὶ
2992 4642 3348 4710 συκοφάνται.

2313 4728 2495 4796 Κύων,
2523 4731 3066 4804 μελετήσαςξσαρκῶν
3095 4735 3488 4806 ἀπογεύεσθαι,
3513 4744 3797 4811 φυλάττειν

2239 4820 2340 4874 οὐκ
2369 4819 2450 4874 ἔτι
2491 4821 2713 4876 δύναται
2745 4825 2842 4894 τήν
2873 4825 3098 4894 ἀγέλην.

2311 4912 2392 4964 Tit
2423 4915 2638 4983 πονηρά
2689 4915 2855 4985 κέρδη
2905 4918 3003 4980 τὰς
3037 4917 3138 4987 μὲν
3182 4918 3378 4990 ήδονὰς
3419 4921 3538 4992 ἔχει
3578 4927 3791 4998 μικρὰς,

2238 5003 2340 5068 τὰς
2365 5004 2421 5058 δὲ
2450 5004 2625 5069 λύπας
2651 5007 2888 5076 μακράς.

2313 5097 2512 5148 Πενίαν
2570 5098 2800 5168 ἡγητέον
2840 5096 2979 5153 εἶναι
3018 5102 3094 5170 μὴ
3127 5102 3190 5155 τὸ
3237 5103 3338 5174 τήν
3366 5106 3559 5161 οὐσίαν
3605 5110 3793 5165 ἐλάττω

2239 5191 2433 5254 ποιεῖν,
2465 5189 2600 5244 ἀλλά
2631 5189 2725 5258 τὴν
2755 5191 3061 5261 ἀπληστίαν
3083 5195 3272 5250 πλείω.

2307 5280 2527 5351 Μηδένα
2579 5281 2743 5352 ζήλου
2795 5283 2904 5337 τῶν
2959 5284 3019 5349 ἐξ
3090 5286 3306 5352 ἀδικίας
3371 5291 3787 5361 κερδαινόντων·

2235 5369 2374 5424 ἀλλά
2415 5371 2615 5440 μᾶλλον
2658 5373 2927 5444 ἀποδέχου
2957 5378 3083 5441 τοὺς
3123 5379 3262 5448 μετά
3289 5381 3634 5455 δικαιοσύνης
3660 5383 3789 5448 ζῶν-

2232 5478 2350 5525 τας.

2311 5554 2375 5606 Οί
2407 5553 2506 5623 μὲν
2536 5554 2644 5622 γὰρ
2673 5556 2742 5611 τά
2773 5559 2984 5627 μεγάλα
3022 5561 3360 5630 ἁρπάζοντες
3399 5565 3596 5635 ἄδηλον
3622 5567 3670 5620 εί
3699 5565 3783 5619 καὶ

559 5644 828 5702 incertum
849 5654 974 5710 est;
1007 5645 1098 5715 qui
1135 5662 1261 5700 vero
1299 5647 1479 5716 parvis
1533 5661 1640 5700 non
1696 5648 1994 5711 abstinent,
2051 5645 2129 5699 illi

2251 5643 2299 5696 ςά
2330 5645 2500 5714 μικρὰ
2523 5646 2865 5714 ἁρπάζουσιν
2886 5665 2900 5679 ·
2925 5650 2980 5703 oi
3012 5651 3066 5703 δὲ
3098 5651 3208 5705 τῶν
3239 5653 3452 5722 μικρῶν
3493 5655 3569 5725 μή
3596 5654 3782 5724 ἀπεχός-

561 5737 821 5794 nimirum
879 5753 945 5795 ne
981 5753 1014 5795 a
1051 5739 1261 5804 magnis
1300 5738 1519 5804 qnidem
1578 5738 1682 5792 sibi
1719 5739 2125 5806 temperabunt.

2235 5751 2386 5804 μενοι
2425 5737 2582 5806 δῆλον
2609 5736 2689 5791 ὅτι
2713 5739 2831 5792 οὐδὲ
2861 5741 2972 5795 τῶν
3018 5742 3270 5809 μεγάλων
3305 5743 3614 5811 ἀφέξονται.
