3980 6248
243 319 347 384 901

849 446 1068 501 ΛΟΓΟΣ
1097 451 1240 519 AC’.

767 557 908 628 Περὶ
931 561 1310 632 αὐταρκείας.

322 711 491 770 Εἶπεν
519 716 548 769 6
576 714 784 788 Κύριος
804 731 818 747 ’
856 718 950 788 Μὴ
985 723 1369 794 μεριμνήσησε
1397 727 1463 796 τῇ
1492 728 1640 798 ψυχῇ
1673 730 1829 800 ὑμῶν

245 810 304 860 τί
337 808 577 876 φάγητε,
608 807 746 878 μηδὲ
774 808 852 879 τῷ
877 809 1092 881 σώματι
1126 813 1286 885 ὑμῶν
1318 816 1371 870 τί
1399 818 1720 891 ἐνδύσησθε.

327 991 490 1045 Ἐστι
512 991 569 1044 δὲ
604 995 875 1066 πορισμὸς
909 997 1086 1067 μέγας
1109 999 1425 1068 ἠιεῦσέϐεια
1465 1005 1605 1074 μετά
1630 1008 1834 1078 αὐταρ-

252 1086 433 1146 κείας·
461 1085 613 1138 οὐδὲν
635 1088 744 1158 γὰρ
795 1090 1198 1163 εἰσηνέγκαμεν
1248 1098 1330 1159 είς
1359 1098 1452 1152 τὸν
1483 1103 1706 1170 κόσμον,
1733 1104 1834 1173 δῆ-

248 1174 344 1227 λον
380 1176 464 1228 ὅτι
493 1177 614 1230 οὐδὲ
649 1179 956 1246 ἐξενεγκεῖν
1004 1199 1056 1236 τι
1110 1183 1414 1255 δυνάμεθα.
1461 1191 1724 1260 Ἔχοντες
1778 1196 1834 1249 δὲ

252 1266 560 1337 διατροφὰς
587 1274 680 1324 καὶ
701 1273 1096 1344 σκεπάσματα,
1116 1276 1328 1342 τούτοις
1346 1281 1832 1356 ἀρκεσθησόμεθα.

331 1453 604 1523 Κρεῖσσον
637 1456 812 1527 μικρὰ
847 1460 1006 1529 μερὶς
1041 1463 1179 1530 μετᾶ
1235 1463 1400 1533 φόϐου
1437 1468 1704 1541 Κυρίουῆ
1738 1487 1837 1542 μευ

255 1545 420 1613 γάλοι
457 1548 726 1619 θησαυροὶ
755 1551 898 1619 μετὰ
925 1555 1201 1620 ἀσεϐείας.

344 1641 514 1710 Ἀρχὴ
547 1641 694 1712 ζωῆς
724 1644 1019 1714 ἀνθρώπου
1048 1629 1365 1718 ἄρτοςίκαὶ
1395 1651 1564 1725 ὕδωρ,
1597 1655 1690 1709 καὶ
1713 1655 1840 1726 ἱμά-

255 1749 372 1784 τιον
405 1733 684 1788 καλύπτον
709 1738 1102 1810 ἀσχημοσύνην
1136 1742 1326 1796 αὐτοῦ.

334 1827 504 1895 Σοφὸς
534 1829 951 1900 ἀνὴρζάρκεῖται
985 1837 1098 1897 τοῖς
1122 1835 1348 1905 ὀλίγοις.

345 1918 408 1972 Ἥ
435 1920 797 1990 οἰκονομοῦσα
826 1922 888 1976 τὸ
932 1923 1071 1989 ζῶον
1106 1925 1334 1997 δύναμις
1369 1926 1702 1998 αὐτάρκειαν
1735 1930 1835 1999 μὲν

255 2012 357 2067 καὶ
390 2011 646 2082 λιτότητα
675 2013 874 2085 ῥαδίως
898 2019 1322 2088 κατειργάσατο,
1357 2020 1452 2073 καὶ
1480 2021 1728 2092 ᾠκείωσε
1761 2024 1837 2094 τῷ

255 2107 583 2176 τρεφομένῳ
610 2125 622 2140 ·
654 2109 1011 2164 πολυτέλειαν
1041 2110 1099 2162 δὲ
1133 2112 1228 2164 καὶ
1280 2116 1559 2168 ποικίλιαν
1612 2115 1836 2187 βρωμά-

254 2217 368 2252 των
419 2199 833 2269 παραλαϐοῦσα,
866 2197 984 2255 εἶτα
1030 2204 1312 2274 ἀντισχεῖν
1366 2205 1506 2276 πρὸς
1548 2206 1612 2260 τὸ
1663 2207 1838 2274 πέρας

257 2293 365 2344 οὐκ
394 2293 766 2362 ἐξιρκέσασα,
799 2295 867 2350 τὰ
909 2296 1135 2351 ποικίλα
1187 2298 1322 2369 γένη
1365 2298 1476 2353 τῶν
1509 2299 1839 2370 νοσημάτων

257 2384 543 2454 ὲποέησεν.

332 2477 410 2528 Οὐ
440 2475 691 2542 πλούσιός
733 2480 881 2534 ἐστιν
929 2482 959 2534 6
1012 2481 1184 2536 πολλὰ
1223 2485 1570 2555 κεκτημένος
1595 2525 1610 2553 ,
1645 2482 1764 2541 ἀλλ’
1810 2488 1838 2542 6

259 2567 340 2638 μὴ
372 2568 586 2622 πολλῶν
613 2569 888 2644 δεόμενος.

264 2707 275 2724 ,
331 2661 476 2732 Πρὸς
508 2663 720 2731 χρεέαν,
749 2664 990 2734 ἀδελφοὶ,
1012 2667 1074 2720 οὐ
1098 2667 1232 2737 πρὸς
1257 2667 1453 2738 ἡδονὴν
1487 2671 1519 2739 ἡ
1553 2669 1666 2742 ζωὴ
1697 2687 1839 2740 συμ-

265 2769 366 2823 μετ
377 2754 575 2822 ρείται.
608 2755 651 2806 Τ
654 2753 683 2807 6
706 2750 802 2808 οὖν
829 2759 1084 2825 περιττὸν
1107 2757 1209 2824 τῆς
1236 2757 1453 2827 φύσεως
1482 2760 1836 2830 ἀποθέμενοι,

255 2849 323 2901 τὸ
357 2848 656 2916 ἀναγκαῖον
694 2850 855 2920 μόνον
879 2852 1287 2921 ἀσπασώμεθα.

348 2940 412 2992 '0
443 2940 580 3010 πρὸς
630 2943 757 3004 τοὺς
790 2941 1166 3014 ὑπερέχοντας
1215 2943 1430 3014 βλέπων
1461 2945 1562 3014 τῆς
1611 2943 1842 3015 ἐνοῦσης

259 3032 416 3104 αὐτῷ
469 3034 729 3102 εὐπορίας
765 3036 1016 3091 οὐδέποτε
1047 3037 1273 3091 δύναται
1324 3037 1512 3091 λαϐεῖν
1543 3038 1798 3109 αἴσθησιν
1823 3053 1837 3069 ·

1065 331 1238 393 LOCI
1269 300 1711 402 aestuosas.
1752 365 1823 378 —-
1865 343 2059 404 rans
2094 346 2138 408 I.
2186 345 2446 408 SERMO
2487 351 2755 415 XXXVI.

3392 355 3498 418 902

2251 461 2484 520 SERMO
2516 465 2737 521 XXXVI
2772 465 2885 540 [al.
2919 463 3110 520 XXXII

1935 569 2008 624 De
2039 573 2229 626 uirtute
2262 590 2378 642 (μιιε
2413 580 2646 630 animum
2687 578 2799 632 suis
2858 589 2905 630 et
2958 577 3306 646 praesentibus
3348 582 3500 634 rebus

2453 657 2752 702 contentum
2787 649 2981 704 reddit.

2005 735 2198 794 Matth.
2232 755 2284 794 ν.
2319 738 2467 794 Dixit
2512 740 2796 808 Dominus,
2854 742 2932 797 Nc
2972 741 3192 798 solliciti
3239 741 3358 796 sitis
3405 754 3505 811 pro

1936 831 2043 884 vita
2075 843 2251 887 vestra
2291 833 2423 904 quid
2456 835 2773 901 comedetis,
2808 851 2982 907 neque
3028 847 3128 907 pro
3165 840 3390 904 corpore
3417 848 3507 888 ve-

1934 932 2050 976 stro
2077 925 2206 993 quid
2244 926 2509 982 induatis.

2006 1013 2031 1066 1
2063 1013 2196 1072 Tim.
2223 1033 2298 1073 vt.
2321 1015 2418 1073 Est
2452 1027 2635 1073 autem
2655 1029 2886 1090 questus
2914 1033 3144 1092 magnus
3177 1020 3348 1090 pietas
3381 1025 3506 1073 cum

1935 1106 2118 1159 animo
2155 1124 2254 1163 sua
2303 1120 2449 1165 sorte
2496 1121 2781 1167 contento.
2813 1103 2965 1166 Nihil
3019 1114 3164 1167 enim
3220 1111 3508 1165 intulimus

1934 1193 1988 1248 in
2049 1198 2332 1263 mundum,
2367 1199 2618 1255 videlicet
2651 1216 2752 1254 nec
2777 1200 2970 1255 efferre
2994 1201 3294 1271 quidquam
3319 1216 3510 1272 possu-

1936 1302 2092 1342 mus:
2133 1290 2227 1344 sed
2284 1291 2546 1349 habentes
2578 1293 2835 1349 alimenta
2870 1302 2925 1348 et
2977 1297 3181 1365 quibus
3241 1304 3508 1366 tegamur,

1937 1379 2021 1434 liis
2048 1384 2286 1436 contenti
2317 1385 2544 1441 erimus.

2009 1471 2260 1528 Prorerb.
2285 1491 2396 1533 xw.
2419 1475 2646 1533 Pro-stat
2679 1493 2844 1549 parva
2885 1481 3064 1551 portio
3127 1497 3250 1535 cum
3313 1480 3512 1534 timore

1940 1563 2174 1630 Domini,
2206 1580 2368 1636 quam
2392 1570 2570 1640 tuagni
2607 1573 2849 1627 thesauri
2882 1566 3004 1627 eum
3037 1573 3332 1642 impietate.

2009 1653 2179 1710 Eccli.
2217 1667 2369 1712 XXII.
2423 1660 2756 1732 Principium
2812 1666 2938 1719 vita:
2987 1666 3226 1719 hominis
3272 1663 3430 1734 panis
3460 1671 3516 1718 et

1941 1761 2080 1817 aqua
2131 1757 2186 1802 et
2225 1752 2397 1806 vestis
2449 1756 2844 1823 turpitudinem
2876 1758 2996 1826 ejus
3029 1760 3299 1826 operiens.

1871 1835 1909 1896 Β
2013 1842 2260 1897 Auctoris
2281 1845 2490 1900 incerti.
2520 1847 2618 1902 Vir
2636 1849 2856 1917 sapiens
2879 1853 3070 1920 paucis
3087 1858 3378 1907 contentus
3404 1855 3510 1906 est.

2011 1933 2264 1992 Facultas
2288 1955 2407 2008 qua:
2430 1941 2696 2010 gubemat
2723 1957 2925 2010 corpus
2947 1944 3219 2008 animalis,
3244 1941 3509 2013 frugalcm

1939 2037 1993 2082 et
2024 2029 2324 2100 simplicem
2356 2034 2670 2089 alimoniam
2707 2035 2867 2092 facile
2902 2038 3220 2107 concoquit,
3256 2045 3310 2092 et
3347 2039 3511 2106 parti-

1939 2118 2042 2175 bus
2073 2124 2377 2180 nutriendis
2404 2129 2671 2182 assitnilat
2691 2146 2705 2196 ;
2727 2131 3066 2200 sumptuosis
3097 2147 3224 2186 vero
3255 2142 3311 2186 et
3341 2114 3513 2184 variis

1939 2213 2135 2268 eduliis
2169 2226 2415 2282 onerata,
2448 2226 2503 2273 et
2531 2220 2803 2288 impotens
2835 2221 2943 2296 72
2977 2222 3196 2276 tandem
3227 2237 3290 2276 ea
3323 2237 3514 2291 super-

1941 2313 2054 2370 are,
2091 2308 2242 2362 varia
2272 2309 2587 2365 morborum
2623 2327 2820 2381 genera
2874 2313 3146 2383 producit.

2017 2484 2296 2559 Chrysost.
2338 2487 2457 2543 Non
2499 2490 2591 2559 qui
2625 2490 2794 2546 multa
2848 2491 3114 2561 possidet,
3155 2490 3248 2546 sed
3285 2489 3378 2562 qui
3409 2501 3516 2545 non

1943 2578 2130 2633 multis
2159 2579 2395 2650 indiget,
2425 2579 2576 2636 dives
2598 2579 2700 2636 est.

2014 2673 2092 2726 Ad
2147 2674 2555 2739 necessitatem,
2590 2690 2622 2728 ο
2652 2677 2870 2739 fratres,
2922 2690 3030 2730 non
3085 2675 3150 2730 ad
3185 2676 3514 2744 voluptatem

1948 2765 2219 2818 metienda
2245 2767 2478 2820 estvita.
2503 2763 2682 2832 Quare
2721 2768 2970 2836 deposito
3001 2767 3145 2836 quod
3178 2776 3385 2820 naturae
3425 2783 3518 2821 su-

1942 2857 2207 2927 perllumn
2243 2867 2346 2920 est,
2383 2860 2750 2914 necessarium
2776 2860 2951 2914 solum
2985 2859 3406 2928 amplectamur.

2013 2951 2114 3018 Qui
2149 2967 2208 3007 se
2235 2954 2544 3021 superiores
2575 2953 2836 3022 respicit,
2883 2967 3160 3023 nunquam
3205 2953 3389 3008 videre
3423 2968 3519 3022 po-

1944 3054 2052 3100 test
2081 3061 2244 3116 quam
2278 3044 2431 3100 dives
2474 3046 2566 3101 sit.
2597 3045 2796 3101 Verum
2829 3055 3046 3117 Oportet
3081 3061 3176 3102 sua
3215 3055 3362 3102 sorte
3387 3061 3519 3102 con-

259 3127 403 3179 ἀλλὰ
426 3126 532 3196 χρὴ
566 3129 858 3198 αὐτάρκως
909 3128 1046 3200 πρὸς
1090 3129 1159 3184 τὰ
1187 3129 1296 3182 ῐδια
1321 3129 1491 3201 ἔχειν,
1544 3130 1645 3184 καὶ
1677 3131 1841 3201 εὐχα-

1974 3126 2153 3194 sutum
2179 3150 2323 3203 esse,
2365 3146 2420 3192 et
2446 3137 2556 3194 Deo
2582 3139 2785 3209 gratias
2804 3135 3024 3196 Ita-bere.

261 3222 473 3291 ριστείν
515 3217 592 3290 τῷ
623 3219 765 3291 Θεῷ.

332 3312 400 3364 Ἦ
425 3312 728 3384 αὐτάρκεια
751 3315 838 3367 καὶ
861 3316 1034 3386 τροφή
1059 3315 1197 3381 ἔστι,
1225 3316 1318 3370 καὶ
1333 3317 1517 3389 ἡδονὴ,
1539 3319 1632 3372 καὶ
1663 3318 1858 3386 ὑγείαο,

261 3404 328 3459 τὸ
352 3406 410 3460 δὲ
439 3406 604 3461 πλέον
632 3407 780 3480 λύμη
805 3412 900 3463 καὶ
930 3409 1096 3481 ἀηδία
1130 3411 1225 3464 καὶ
1255 3410 1431 3474 νόσος.

337 3592 509 3661 Φησὶν
538 3592 565 3643 6
600 3589 854 3661 Χριστὸς,
889 3591 1110 3660 Ζητεῖτε
1156 3591 1376 3661 πρῶτον
1425 3591 1526 3660 τὴν
1569 3592 1844 3661 βασιλείαν

266 3682 364 3739 τοῦ
399 3681 534 3736 Θεοῦ
568 3678 666 3735 καὶ
717 3682 817 3751 τὴν
867 3681 1222 3752 δικαιοσύνην
1273 3682 1463 3747 αὐτοῦ,
1521 3684 1616 3736 καὶ
1671 3683 1844 3736 ταῦτα

267 3777 452 3831 πάντα
513 3773 946 3845 προστεθήσεται
991 3775 1162 3845 ὑμῖνο
1217 3778 1380 3846 ἡμεῖς
1427 3775 1484 3828 δὲ
1541 3776 1640 3846 τὴν
1689 3777 1844 3842 τάξιν

267 3867 736 3938 ἀπεστρέψαμεν,
762 3867 858 3920 καὶ
919 3867 1192 3938 ζητοῦμεν
1224 3868 1323 3937 τὴν
1356 3867 1478 3938 γῆν,
1533 3867 1630 3920 καὶ
1671 3867 1742 3919 τὰ
1789 3871 1846 3920 ὲν

266 3963 336 4030 τῇ
368 3963 439 4029 γῇ
475 3959 659 4028 ἀγαθά
682 3973 695 3987 ⁸
728 3958 816 4015 διὰ
861 3957 1022 4015 τοῦτο
1075 3959 1200 4015 οὔτε
1254 3957 1450 4025 ταῦτα,
1481 3957 1606 4012 οὔτε
1663 3960 1847 4014 ἐκεῖνα

268 4051 294 4105 ἒ
299 4069 362 4122 χο
369 4069 490 4120 μεν.

343 4143 563 4212 Μέτρω
588 4138 840 4211 κτήσεώς
870 4141 1018 4195 ἐστιν
1070 4142 1104 4211 ἡ
1137 4139 1296 4212 χρεία
1323 4135 1418 4194 τοῦ
1467 4141 1742 4211 σώματος,
1785 4141 1847 4195 τὸ

269 4237 328 4289 δὲ
357 4234 563 4304 ταύτην
593 4233 946 4304 ὑπερϐαίνειν
971 4233 1214 4304 ἀκοσμία
1247 4233 1454 4298 λοιπὸν,
1491 4235 1587 4288 καὶ
1620 4232 1722 4286 οὐκ
1765 4233 1845 4290 ἔτι

273 4329 436 4398 χρεέα
470 4327 639 4379 ἐστίν.

348 4418 532 4473 Καλὸν
553 4421 665 4480 τοῖς
708 4418 857 4488 ὅροις
882 4417 982 4489 τῆς
1003 4419 1193 4488 χρείας
1222 4417 1502 4488 ἐμμένειν,
1553 4418 1648 4471 καὶ
1699 4417 1849 4488 φιλο-

2017 3319 2213 3376 Soln-ia
2251 3319 2533 3392 frugalitas
2563 3329 2615 3376 et
2645 3320 2966 3376 alimentum
3005 3329 3106 3388 est,
3137 3328 3192 3377 et
3223 3320 3477 3391 voluptas
3502 3361 3519 3386 ,

1946 3423 1999 3466 et
2038 3417 2292 3469 sanitas:
2340 3414 2572 3467 nimium
2627 3427 2756 3468 vero
2805 3428 2968 3480 noxa,
3017 3421 3074 3468 et
3099 3411 3426 3477 fastidium,
3468 3421 3523 3466 et

1948 3507 2194 3559 morbus.

2017 3595 2270 3650 Christus
2299 3595 2499 3665 inquit,
2534 3594 2770 3662 Quaerite
2797 3595 3033 3666 primum
3079 3610 3301 3665 regnum
3335 3594 3428 3650 Dei
3465 3606 3521 3649 et

1943 3685 2212 3755 justitiam
2242 3685 2383 3755 ejus,
2417 3696 2471 3742 ct
2507 3687 2622 3742 haec
2647 3687 2830 3741 omnia
2856 3687 3184 3756 adjicientur
3207 3686 3381 3742 vobis.
3410 3684 3522 3740 Nos

1950 3791 2081 3831 vero
2137 3777 2455 3832 invertimus
2490 3777 2761 3841 ordinem,
2796 3786 2850 3832 et
2881 3778 3180 3847 quaerimus
3223 3787 3421 3833 terram
3466 3785 3521 3832 et

1949 3868 2088 3922 bona
2121 3879 2360 3934 terrena,
2387 3883 2556 3938 quare
2577 3882 2678 3924 nec
2712 3870 2827 3922 haec
2862 3868 3124 3923 habemus
3174 3883 3272 3924 nec
3297 3867 3411 3922 illa.

2027 4135 2165 4192 Nili.
2193 4135 2564 4192 Possessionis
2585 4137 2779 4192 modus
2804 4143 2889 4191 est
2917 4135 3168 4207 corporis
3195 4135 3518 4200 necessitas,

1950 4229 2071 4300 ejus
2105 4244 2234 4284 vero
2264 4241 2526 4285 excessus
2549 4269 2564 4296 ,
2595 4245 2703 4283 non
2755 4244 2888 4285 usus
2920 4237 3015 4284 aut
3055 4230 3348 4284 necessitas
3368 4267 3383 4294 ,
3430 4231 3525 4286 sed

1950 4321 2141 4377 vitium
2174 4327 2280 4377 est.

2023 4411 2230 4467 Bonum
2272 4420 2356 4468 est
2397 4411 2541 4467 intra
2602 4411 2736 4467 lines
2788 4411 3132 4469 necessitatis
3177 4427 3416 4478 manere,
3471 4422 3526 4482 et

271 4531 331 4565 νε
356 4515 477 4566 κεῖν
507 4513 657 4583 πάσῃ
683 4512 934 4581 δυνάμει,
959 4511 1183 4571 τούτους
1210 4510 1286 4581 μὴ
1312 4512 1682 4582 ὑπερϐαίνειν.
1721 4511 1841 4566 Ἐὰν

1974 4504 2202 4560 uouibus
2237 4504 2443 4559 viribus
2483 4504 2811 4558 contendere
2851 4519 2918 4558 ne
2970 4506 3422 4559 transcendamus
3464 4505 3527 4558 il-

271 4607 382 4674 γὰρ
409 4605 595 4672 ’ὀλίγον
644 4603 958 4674 παρενεχθῇ
1008 4619 1090 4665 τις
1127 4605 1234 4656 ἀπὸ
1262 4603 1363 4672 τῆς
1418 4604 1719 4674 ἐπιθυμίας
1756 4603 1849 4656 ἐπὶ

1955 4597 2057 4650 los.
2078 4595 2210 4650 Nam
2245 4597 2289 4651 si
2313 4596 2438 4665 quis
2485 4595 2570 4650 vel
2622 4597 2893 4649 modicum
2923 4610 3019 4663 per
3071 4597 3424 4664 cupiditatem
3456 4598 3522 4650 ad

269 4703 340 4753 τὰ
377 4699 516 4768 ἡδέα
545 4699 640 4752 τοῦ
674 4698 814 4768 βίου,
843 4698 1019 4761 οὐδεὶς
1051 4697 1237 4750 λοιπὸν
1265 4697 1446 4768 ἵστησι
1484 4697 1580 4769 τὴν
1640 4700 1732 4752 ἐπὶ
1781 4697 1841 4750 τὰ

1974 4689 2074 4742 ritae
2104 4688 2328 4744 delicias
2375 4687 2678 4752 deflexerit,
2709 4687 2894 4741 nullus
2935 4686 3192 4756 deinceps
3230 4687 3524 4755 quominus

174 4796 177 4798 ’
272 4792 464 4860 πρόσω
485 4791 681 4860 φοράν.

342 4883 622 4952 Λὺταρκεί
652 4885 826 4954 τροφῇ
861 4881 1073 4954 σμικρὰ
1120 4880 1185 4956 |f.
1215 4877 1428 4952 μακρὰ]
1463 4878 1564 4944 νὺξ
1593 4879 1848 4935 οὐδέποτε

271 4977 508 5040 γίνεται.

355 5069 682 5138 Ὀφείλομεν
713 5067 944 5129 ἑαυτοὺς
978 5067 1185 5130 ἐθίζειν
1217 5065 1324 5120 ἀπὸ
1352 5065 1461 5136 τῶν
1494 5064 1690 5133 ὀλίγων
1722 5062 1843 5135 ζῇν,

271 5162 554 5232 ἴνα-μηδὲν
593 5161 821 5230 αἰσχρὸν
853 5161 1038 5213 ἕνεκεν
1068 5159 1370 5230 χρημάτων
1408 5157 1693 5228 μάθωμεν.

343 5253 642 5322 Σωκράτης
675 5252 972 5322 ἐρωτηθεὶς
1001 5251 1107 5304 ὑπό
1135 5268 1300 5318 τινος,
1340 5250 1435 5312 Τίς
1461 5267 1540 5303 σοι
1576 5244 1850 5301 πλουσιώ-

267 5360 429 5414 τερος
459 5339 598 5396 εἶναι
625 5344 804 5410 amisi;
833 5338 985 5397 εἶπεν
1005 5356 1020 5374 ο
1051 5342 1110 5394 '0
1136 5340 1437 5411 ἐλαχίστοις
1469 5339 1804 5412 ἀρκούμενος
1829 5351 1844 5367 ⁸

267 5437 585 5505 αὐτάρκεια
617 5436 728 5504 γάρ
765 5438 886 5490 ἐστι
917 5435 1134 5505 φύσεως
1167 5433 1428 5498 πλοῦτος.

343 5611 569 5668 Βέλτιόν
597 5615 746 5668 ἐστιν
775 5613 834 5665 ὲν
864 5613 1040 5685 μικρᾷ
1071 5611 1367 5683 περιουσίᾳ
1425 5609 1848 5682 συστελλόμενον

270 5705 617 5777 εὐθυμεῖν,ἢ
656 5705 901 5776 μεγάλης
932 5705 1272 5776 τυγχάνοντα
1297 5703 1604 5774 δυστυχεῖν.

348 5799 504 5870 Mitte
531 5797 653 5853 λίαν
685 5795 1012 5875 πολυτελῶς,
1043 5797 1180 5868 μήτε
1207 5797 1346 5865 ἄγαν
1376 5795 1612 5859 εὐτελῶς
1665 5797 1842 5868 πειρῶ

1952 4790 2141 4851 pergat
2172 4793 2430 4835 coercere
2463 4787 2665 4849 potest.

2027 4873 2332 4926 Democriti.
2368 4870 2422 4926 Si
2472 4871 2645 4925 rictus
2669 4868 2896 4938 frugalis
2924 4870 3031 4939 sit,
3063 4884 3344 4940 nunquam
3375 4871 3524 4932 vide-

1953 4968 2097 5022 bitur
2128 4981 2232 5020 nox
2253 4967 2434 5036 longa.

2024 5059 2302 5114 Clitarclti.
2341 5057 2610 5112 Debemus
2642 5071 2742 5112 nos
2767 5055 3112 5112 assuefacere
3155 5064 3213 5112 ut
3241 5072 3305 5113 ex
3332 5059 3522 5128 paucis

1950 5152 2216 5214 vivamus,
2247 5165 2313 5204 ne
2340 5150 2468 5220 quid
2500 5151 2744 5218 pecuniae
2781 5149 2962 5218 gratia
2987 5157 3152 5220 turpe
3185 5149 3483 5208 discamus.

2025 5245 2277 5298 Socratis.
2309 5243 2560 5297 Socrates
2584 5241 2936 5312 interroganti
2968 5243 3090 5312 quis
3118 5243 3394 5297 videretur
3416 5243 3520 5299 silti

1951 5336 2250 5392 ditissimus
2273 5375 2287 5399 ,
2317 5333 2597 5403 respondit
2635 5350 2649 5386 :
2690 5317 2793 5398 Qui
2829 5331 3175 5400 paucissimis
3231 5339 3522 5387 contentus

1951 5437 2056 5484 est.
2113 5429 2168 5482 In
2205 5426 2520 5496 frugalitate
2554 5425 2698 5482 enim
2759 5424 2864 5480 sibi
2917 5424 3220 5480 sullicieute
3257 5424 3522 5480 exsistunt

1949 5519 2148 5573 divitiae
2167 5535 2229 5572 ua
2239 5527 2392 5572 tum.

2025 5611 2211 5666 Satius
2239 5619 2323 5665 est
2354 5610 2407 5662 in
2436 5607 2625 5679 paucis
2671 5605 2862 5676 opibus
2895 5618 2957 5661 se
2983 5605 3346 5660 continentem
3383 5601 3519 5657 hila-

1952 5703 2084 5758 riter
2109 5717 2289 5773 agere,
2313 5715 2477 5772 quam
2503 5701 2556 5753 in
2595 5698 2804 5766 magnis
2835 5695 3142 5751 infeliciter.

2028 5793 2328 5848 Plutarchi.
2390 5791 2576 5859 Neque
2640 5795 3020 5857 sumptuosum
3073 5781 3279 5852 nimis,
3343 5795 3521 5854 neque
