3980 6248
195 380 305 452 93$

1013 393 1184 458 LOCl
1223 397 1667 464 COMMUNES.
1713 421 1787 438 ’-
1831 403 2027 468 PARS
2068 407 2122 469 Ι.
2160 408 2422 473 SERMO
2461 411 2669 476 XLVI.

190 495 620 571 επιζητούμενα.
669 501 743 556 Ἦ
776 503 884 592 ὀὐκ
933 505 1158 576 ἀκούεις
1203 511 1288 566 δτι
1330 512 1576 586 Μωῦσῆς
1607 517 1750 587 μηδὲ

1875 532 1998 589 qua:
2053 523 2410 592 requiruntur
2459 539 2815 598 cegnoscere.
2847 529 2928 586 An
2955 539 3075 588 non
3107 534 3268 592 audis
3302 540 3447 608 quod

187 586 588 662 φθεγγόμενος,
618 594 732 659 τοῖς
763 589 1054 670 ἀλαλήτοις
1098 602 1292 658 ἑαυτοῦ
1321 610 1646 678 στεναγμοίς
1675 586 1766 663 εν-

184 680 474 753 τυγχάνων
502 684 582 754 τῷ
616 687 825 762 Κυρίῳ,
857 689 1086 768 ἠκούετο
1119 699 1268 768 παρὰ
1293 698 1386 753 τοῦ
1429 699 1638 773 Κυρίου
1673 701 1768 756 is.

183 787 396 840 γοντος,
445 777 511 831 Τί
543 778 674 850 βοᾷς
700 782 834 852 πρὸς
869 784 938 854 μέ
957 801 974 853 ;

262 867 430 934 Ἐθος
451 871 560 943 γάρ
587 874 699 938 τοῖς
723 873 941 946 δαίμοσι
987 879 1129 934 κατά
1151 881 1251 947 τάς
1279 883 1426 955 ὥρας
1453 887 1566 941 τῶν
1595 903 1762 959 προσ-

181 958 388 1029 ευχῶν,
416 963 689 1032 προφάσει
714 966 874 1035 δῆθεν
907 970 1256 1040 εὐλογοποιοῦ
1283 975 1481 1043 αἰτίας,
1513 958 1760 1049 ἐπείγειν

179 1051 333 1120 ἡμᾶς
363 1054 501 1126 πρὸς
535 1054 903 1130 ὑποχώρησιν,
938 1060 1025 1116 ἵνα
1066 1062 1429 1134 ἀπαγάγωσιν
1476 1067 1626 1139 ήμᾱς
1667 1070 1760 1123 εὖ.

171 1139 498 1211 λογοφανῶς
533 1148 631 1220 τῆς
670 1153 1047 1222 σωτηριὼδους
1079 1158 1263 1230 εὐχῆς.

247 1236 413 1304 Μέγα
441 1239 646 1308 ἀγαθὸν
667 1243 831 1316 εὐχή,
866 1248 962 1302 ἐὰν
993 1249 1133 1317 μετὰ
1156 1251 1398 1319 διανοίας
1426 1253 1753 1328 εὐχαρίστου

172 1330 424 1401 γένηται.

249 1420 428 1476 Ὅταν
463 1423 567 1495 γὰρ
589 1425 656 1479 ἐκ
682 1425 940 1501 καθαρῶν
979 1430 1202 1500 χειλέων
1225 1433 1518 1508 ὲξέρχηται
1544 1438 1752 1511 δέησις,

171 1513 274 1564 καὶ
311 1514 378 1566 ὲκ
412 1515 638 1585 καρδίας
665 1518 1052 1592 ἀνυποκρίτου,
1091 1519 1199 1583 οἶδε
1233 1527 1441 1597 φθάσαι
1463 1529 1526 1584 τὸ
1551 1532 1752 1586 ἀκολά-

169 1619 372 1658 κευτον
395 1603 490 1670 οῦς
517 1609 610 1662 τοῦ
640 1612 933 1668 Δεσπότου.

247 1699 431 1754 Καλὸν
468 1701 698 1758 πάντοτε
745 1705 836 1760 διὰ
885 1710 1194 1782 προσευχῆς
1237 1713 1448 1782 ὁμιλεῖν
1479 1714 1560 1788 τῷ
1603 1716 1745 1789 Θεῷ.

167 1792 236 1845 El
272 1791 384 1864 γάρ
410 1796 669 1868 συντυχία
696 1797 889 1872 ἀνδρὸς
914 1803 1122 1870 ἀγαθοῦ
1145 1804 1347 1873 βελτιοῖ
1365 1808 1458 1864 τὸν
1480 1812 1745 1884 ἐντυγκά-

1877 611 2052 668 Moses
2077 628 2202 669 cum
2258 615 2392 671 nihil
2428 617 2762 689 loqueretur,
2814 623 2996 679 tacitis
3053 627 3309 695 suspiriis
3331 629 3450 685 suis

1867 701 2166 760 Dominum
2191 707 2495 777 appellans,
2519 713 2809 769 exauditus
2834 713 2997 772 fuerit
3032 732 3061 771 α
3101 719 3329 775 Domino
3359 723 3443 778 di-

1871 803 2060 848 cente:
2095 795 2236 862 Quid
2263 797 2469 855 clamas
2495 804 2562 856 ad
2593 805 2717 858 me?

1953 883 2071 942 Mos
2113 889 2258 943 enim
2303 899 2388 948 est
2445 891 2782 952 daemonibus
2810 898 3120 956 orationum
3175 911 3442 975 tempore.

1866 985 2128 1045 praetextu
2162 980 2370 1037 scilicet
2403 983 2559 1039 bonae
2587 997 2642 1042 et
2670 986 2834 1055 justas
2854 1003 3052 1059 causae,
3082 1009 3275 1066 urgere
3334 1013 3440 1053 nos

1867 1069 1934 1123 ad
1973 1084 2272 1140 secessum,
2312 1082 2368 1132 ul
2394 1090 2494 1132 nos
2529 1091 2562 1132 α
2597 1079 2826 1135 salutari
2861 1085 3110 1141 oratione
3149 1089 3311 1143 veluti
3347 1105 3441 1160 per

1865 1159 2226 1230 probabilem,
2261 1173 2320 1220 ut
2353 1166 2523 1223 videri
2549 1177 2747 1237 potest,
2783 1186 3004 1228 causam
3037 1177 3328 1235 abducant.

1951 1251 2015 1307 S.
2040 1251 2315 1324 Clirysost.
2349 1255 2595 1329 Magnum
2623 1260 2827 1317 bonum
2867 1273 2954 1319 cst
2981 1269 3176 1334 oratio,
3209 1269 3253 1324 si
3284 1280 3440 1341 grato

1865 1344 2052 1400 animo
2081 1347 2198 1403 list.

1933 1434 2070 1492 Nam
2096 1453 2225 1494 cum
2252 1453 2318 1500 ex
2344 1443 2498 1512 puris
2531 1443 2689 1500 labiis
2721 1448 2904 1516 prodit
2945 1451 3122 1507 oratio
3178 1461 3232 1509 et
3270 1457 3435 1511 corde

1862 1541 1971 1584 non
2039 1529 2339 1600 simulato,
2381 1547 2626 1592 severam
2678 1536 2892 1596 Domini
2947 1557 3134 1600 aurem
3166 1559 3438 1617 occupare

1859 1629 2056 1690 potest.

1938 1711 2148 1770 Bonum
2201 1726 2288 1774 est
2334 1733 2548 1791 semper
2598 1737 2722 1779 cum
2763 1723 2876 1782 Deo
2905 1727 3141 1800 colloqui
3177 1745 3274 1801 per
3305 1746 3429 1788 ora-

1857 1801 2084 1861 tionem.
2108 1805 2244 1864 Nam
2289 1809 2338 1866 si
2369 1810 2497 1868 boni
2524 1815 2624 1869 viri
2653 1830 2921 1874 occursus
2947 1821 3229 1878 meliorem
3253 1823 3431 1878 reddit

168 1903 356 1951 νοντα,
391 1888 543 1959 πόσῳ
573 1889 777 1960 μᾶλλον
801 1893 864 1946 τὸ
886 1895 982 1948 καὶ
1027 1896 1088 1951 ἐν
1131 1897 1320 1972 ἡμέρα
1373 1899 1464 1955 καὶ
1493 1902 1552 1956 ἐν
1587 1902 1746 1958 νυκτὶ

1871 1894 2000 1952 llum
2052 1912 2215 1966 quem
2263 1905 2603 1974 convenerit,
2642 1917 2852 1978 quanto
2883 1911 3057 1982 magis
3095 1915 3427 1986 colloquium

167 1979 529 2050 προσομιλεῖν
557 1981 636 2053 τῷ
667 1983 788 2060 Θεῷ
810 2001 827 2050 ;

239 2072 361 2143 Οὐχ
412 2072 584 2137 οὕτως
634 2076 696 2129 τὸ
747 2075 860 2149 πῦρ
908 2077 1004 2134 τὸν
1049 2078 1129 2134 ἰὸν
1184 2080 1520 2154 ἀποσμήχει,
1554 2084 1635 2149 ὡς
1693 2087 1753 2140 αι

163 2164 494 2236 νυκτεριναὶ
522 2165 736 2237 δεήσεις
782 2169 877 2224 τὶν
916 2168 993 2222 ίόν
1019 2171 1130 2225 τῶν
1171 2171 1458 2243 ήμετέρων
1501 2174 1754 2248 ἁμαρτη-

165 2256 386 2329 μάτων.
1201 2254 1203 2257 Ι

251 2345 518 2402 Ἐνώπιον
559 2351 762 2421 Κυρίου
802 2350 1018 2422 εὔχεται
1048 2353 1076 2409 ὀ
1119 2351 1388 2409 πάντοθεν
1423 2354 1622 2413 ἑαυτοῦ
1652 2356 1751 2429 τὴν

158 2439 350 2510 ψυχὴν
397 2441 686 2512 συλλέγων,
717 2445 811 2497 καὶ
850 2446 1017 2515 μηδὲν
1062 2445 1206 2516 ἔχων
1255 2449 1439 2503 κοινὸν
1486 2450 1622 2520 πρὸς
1651 2451 1750 2522 τὴν

159 2535 296 2602 γῆν,
322 2531 461 2588 ἀλλά
493 2535 627 2604 πρὸς
661 2534 856 2592 ἑαυτὸν
903 2538 1256 2611 μετοικήσας,
1298 2540 1394 2596 καὶ
1439 2543 1619 2598 πάντα
1658 2543 1752 2598 ἀν-

162 2623 444 2698 θρώπινον
481 2625 739 2698 λογισμὸν
771 2627 882 2681 ἀπὸ
915 2630 1013 2700 τῆς
1051 2627 1229 2702 ψυχῆς
1260 2630 1534 2689 ἐκϐαλών.

243 2735 430 2815 Ὅπου
487 2737 621 2808 εὐχὴ
667 2740 764 2792 καὶ
817 2739 1158 2813 εὐχαριστία,
1210 2743 1370 2812 ἀγίου
1429 2745 1747 2815 Πνεύματος

71 2896 86 2910 η
160 2810 539 2904 παραγίνεται
565 2832 742 2904 χάρις,
780 2835 875 2888 καὶ
907 2810 1318 2904 νφύγαδεύονται
1349 2810 1625 2906 δαίμονες,
1652 2839 1748 2893 καὶ

161 2926 326 2980 πᾶσα
355 2925 711 2997 ἀντικειμένη
744 2924 972 2998 δύναμις
1011 2927 1342 3001 δραπετεύει
1377 2929 1474 2984 καὶ
1514 2930 1750 3002 ἀφίστα-

159 3037 287 3076 ται.
1135 3041 1138 3044 ’

236 3136 532 3207 Προσευχὴ
562 3134 780 3205 λέγεται
802 3137 954 3209 καὶή
979 3137 1066 3192 διὰ
1088 3137 1351 3211 ῥημάτων
1391 3135 1602 3212 δέησις,
1657 3137 1751 3194 λέο

161 3243 336 3297 γεται
370 3227 470 3281 καὶ⁸
503 3229 535 3298 ή
567 3227 862 3298 ὑπόσχεσις
887 3229 981 3283 καὶ
1002 3229 1328 3298 ἐπαγγελία.
1353 3229 1566 3304 Εύηχός
1596 3231 1748 3286 ἔστιν

160 3317 361 3388 ἐκείνη
392 3317 427 3389 ἡ
461 3319 633 3389 φωνὴ,
663 3319 760 3372 καὶ
795 3319 960 3392 μέχρι
1008 3320 1111 3390 τῆς
1160 3320 1313 3388 θείας
1373 3322 1749 3379 ἀναϐαίνουσα

161 3408 370 3480 ἀκοῆς,
401 3411 498 3480 οὐχ
527 3411 561 3483 ή
597 3410 736 3482 μετά
780 3428 926 3476 τινος
958 3412 1259 3477 διατάσεως
1286 3415 1547 3485 γινομένη
1581 3432 1750 3487 κραυ-

158 3503 262 3574 γὴ,
297 3502 490 3574 ἀλλ’,ή
530 3503 639 3560 ἀπὸ
682 3503 933 3575 καθαρᾶς
989 3505 1347 3577 συνειδήσεως
1396 3509 1748 3581 ἀναπτομένη

159 3593 300 3650 ὲηνθύ
309 3609 497 3666 μησις.

252 3711 453 3782 Ἐἀνή
491 3711 624 3784 εὐχὴ
651 3714 718 3784 τῇ
769 3713 974 3784 σπουδῇ
1030 3714 1402 3785 προσηγῆται,
1427 3715 1462 3786 ή
1501 3713 1748 3786 ἁμαρτία

157 3803 413 3875 πάροδον
437 3805 576 3859 κατὰ
602 3805 704 3876 τῆς
735 3804 914 3878 ψυχῆς
943 3807 1044 3878 ούχ
1072 3805 1341 3876 εὑρίσκει.
1367 3807 1479 3876 Τῆς
1510 3805 1620 3876 γάρ
1650 3804 1747 3860 τοῦ

159 3897 312 3953 Θεοῦ
349 3898 571 3969 μνήμης
600 3898 660 3951 ἀν
685 3899 752 3968 τῇ
785 3896 982 3968 καρδίᾳ
1013 3897 1443 3969 καθιδρυμένης,
1471 3896 1748 3968 ἄπρακτοι

160 3993 434 4062 μένουσιν
483 3991 539 4044 al
582 3988 676 4043 τοῦ
724 3989 1110 4060 ἀντικειμένου
1165 3991 1426 4056 ἐπίνοιαι,
1465 3986 1746 4060 πανταχοῦ

155 4084 266 4154 τῆς
315 4081 668 4152 δικαιοσύνης
718 4082 777 4135 ἀν
834 4083 946 4145 τοῖς
1003 4079 1544 4154 ἀμφισϐητουμένοις
1592 4097 1747 4154 μεσιο

153 4193 216 4229 τε
225 4173 458 4246 νούσης.

239 4288 348 4344 Ἐκ
390 4287 486 4342 τοῦ
534 4289 933 4360 προσεύχεσθαι
972 4290 1313 4362 περιγίνεται
1362 4291 1425 4344 es
1465 4289 1608 4361 μετά
1649 4287 1746 4344 τοῦ

152 4379 307 4435 Θεοῦ
335 4378 476 4434 εἶναι
501 4395 516 4411 ·
559 4381 852 4451 χωρίζεται
896 4381 954 4436 δὲ
982 4381 1076 4436 τοῦ
1117 4380 1252 4437 Θεοῦ
1283 4384 1312 4436 δ
1347 4381 1425 4453 μὴ
1455 4381 1748 4437 συνάπτων

152 4469 363 4525 εαυτδν
406 4469 490 4523 διὰ
519 4473 828 4542 προσευχῆς
867 4469 944 4542 τῷ
984 4471 1124 4543 Θεῷ.
1156 4469 1264 4525 Τοῦ
1310 4474 1368 4528 δὲ
1402 4471 1542 4527 Θεοῦ
1571 4489 1744 4544 χωρι-

149 4560 398 4630 ζόμενον
427 4559 640 4632 ἀνάγκη
677 4562 828 4616 πᾶσα
854 4561 932 4633 τῷ
961 4561 1186 4632 ἐναντίῳ
1219 4561 1615 4617 συνάπτεσθαι.

229 4667 532 4740 Προσευχὴ
578 4669 935 4742 σωφροσύνης
983 4669 1104 4723 ἐστὶ
1155 4669 1549 4742 φυλακτήριον,
1602 4688 1746 4743 παρ·

148 4762 384 4827 θενεεας
434 4765 696 4832 σφραγὶς,
736 4762 912 4833 θυμοῦ
948 4761 1316 4832 παιδαγωγία,
1349 4762 1519 4831 τύφου
1571 4780 1746 4818 κατα-

149 4853 354 4922 στολὴ,
390 4853 755 4924 μνησικακίας
799 4851 1353 4926 καθάρσιον,’φθόνου
1399 4851 1745 4922 καθαίρεσις,

147 4945 394 5016 εἰρήνης
432 4943 722 5013 ἀσφάλεια.

261 5053 415 5113 υταν
438 5060 568 5130 περί
593 5076 739 5123 τινος
785 5059 994 5129 ἀγαθοῦ
1031 5059 1422 5131 παρακαλέσῃ
1464 5056 1557 5110 τὸν
1589 5055 1747 5124 Θεὸν,

145 5156 256 5212 καὶ
311 5154 389 5225 μὴ
431 5153 724 5226 εἰσακούσῃ
757 5172 851 5209 σου
901 5154 1238 5226 παραυτίκα,
1275 5153 1352 5226 μὴ
1403 5151 1748 5224 ὀλιγωρήσῃς

147 5244 309 5317 μηδὲ
351 5246 790 5317 μικροψυχήσῃς.
825 5243 1093 5308 Πολλάκις
1123 5244 1232 5315 γὰρ
1273 5241 1412 5315 πρδς
1464 5240 1529 5294 τὸ
1567 5239 1748 5309 παρδν

142 5339 220 5392 οὐ
257 5337 538 5408 συμφέρει
564 5354 648 5390 σοι
679 5339 742 5390 τὸ
774 5337 1004 5408 αἴτημα.

87 5445 128 5498 ἒ
231 5449 348 5504 Τὸν
371 5448 669 5519 εὐχόμενον
696 5449 779 5503 δεῖ
805 5449 1070 5522 φρόνιμον
1096 5465 1261 5516 ειναι,
1295 5445 1371 5519 μή
1398 5444 1538 5516 λάθῃ
1571 5461 1622 5497 τι
1659 5441 1749 5495 εὕ-

146 5543 410 5614 ξάμενος
445 5545 570 5596 κατ’
599 5543 790 5599 αὑτοῦ.

229 5657 302 5713 οι
348 5655 632 5727 ἄνθρωποι
679 5659 802 5714 τότε
839 5658 1079 5729 γίνονται
1124 5657 1390 5729 βελτίους,
1441 5656 1575 5712 ὅταν
1630 5652 1751 5724 Θεῷ

150 5750 609 5821 προσέρχωνται.
635 5750 864 5824 Ὅμοιον
886 5751 944 5807 δὲ
983 5750 1169 5824 ἔχουσι
1199 5750 1319 5818 Θεῷ
1350 5749 1410 5805 τὸ
1441 5749 1754 5821 εύεργετείν

150 5845 256 5902 καὶ
294 5843 610 5913 ἀληθεύειν.
963 5831 968 5836 ι

1855 1987 2000 2058 quod
2029 1989 2146 2046 dies
2172 2002 2469 2067 noctesque
2491 2012 2617 2054 cum
2642 1999 2755 2056 Deo
2774 2002 2867 2057 liti

1929 2078 2074 2151 Ignis
2121 2097 2232 2140 non
2267 2087 2342 2142 ita
2375 2089 2636 2162 abstergit
2693 2097 3012 2166 mruginem,
3041 2107 3102 2154 ut
3147 2111 3431 2161 nocturna:

1853 2184 2044 2241 preces
2068 2185 2417 2246 peccatorum
2447 2192 2766 2243 nostrorum
2802 2190 2998 2246 sordes
3023 2203 3350 2266 expurgant.

1942 2349 2135 2410 Coram
2169 2352 2398 2413 Domino
2453 2369 2598 2426 orat,
2638 2361 2732 2431 qui
2779 2364 3016 2421 animam
3059 2381 3215 2423 suam
3246 2369 3423 2425 unde-

1852 2455 2067 2513 qnaqne
2104 2445 2330 2513 colligit,
2366 2457 2420 2504 ct
2468 2452 2602 2506 nihil
2649 2467 2942 2511 commune
2973 2459 3131 2514 habet
3163 2476 3283 2516 cum
3316 2471 3424 2518 ter-

1856 2544 1938 2598 ra,
1967 2535 2061 2589 sed
2091 2535 2234 2593 intra
2261 2539 2507 2608 seipsum
2537 2543 2757 2613 migrat,
2789 2555 2847 2604 et
2881 2563 3100 2607 omnem
3132 2553 3423 2610 humanam

1853 2622 2240 2692 cogitationem
2277 2646 2342 2685 ex
2373 2631 2554 2689 anima
2584 2636 2755 2707 ejicit.

1932 2737 2036 2794 Ubi
2075 2742 2252 2798 oratio
2285 2753 2338 2799 et
2369 2743 2666 2816 gratiarum
2707 2753 2851 2809 actio
2896 2763 3000 2822 est,
3035 2759 3211 2815 sancti
3248 2760 3424 2832 Spiri-

1853 2838 1940 2886 tus
1968 2832 2141 2902 gratia
2164 2835 2398 2905 accedit,
2434 2849 2486 2895 et
2515 2839 2772 2912 iugantur
2803 2846 3103 2918 daemones,
3139 2862 3193 2908 et
3241 2857 3424 2912 omnis

1851 2925 2128 2981 contraria
2157 2930 2394 2997 potentia
2421 2930 2634 3004 aufugit
2665 2951 2729 2993 ac
2766 2937 3016 3006 discedit,

1927 3129 2212 3201 Προσευχή
2257 3129 2463 3191 Grauis
2509 3148 2754 3206 vocatur,
2802 3149 2916 3196 tum
2949 3158 3071 3214 quae
3126 3149 3307 3208 verbis
3362 3151 3422 3208 ﬁt

1855 3222 2031 3278 oratio
2082 3225 2167 3280 vel
2217 3227 2479 3294 precatio,
2515 3237 2626 3284 tum
2659 3232 2974 3300 pollicitatio
3031 3247 3087 3293 et
3109 3241 3422 3310 promissio.

1855 3311 2067 3368 Sonora
2099 3325 2182 3372 est
2215 3316 2304 3373 illa
2351 3334 2455 3375 vox
2486 3331 2541 3374 et
2570 3337 2745 3393 usque
2790 3326 2855 3380 ad
2892 3328 3136 3386 divinum
3173 3334 3418 3392 auditum

1852 3402 2173 3468 ascendens,
2221 3421 2330 3461 non
2358 3422 2478 3478 qua:
2507 3410 2621 3482 86
2652 3427 2778 3467 cum
2810 3415 3070 3474 clamoris
3113 3421 3295 3493 aliqua
3328 3425 3416 3479 in-

1854 3493 2093 3550 tentioue
2116 3495 2194 3563 lit,
2219 3498 2312 3552 sed
2335 3513 2458 3570 qua:
2491 3516 2586 3572 per
2617 3503 2967 3564 conscientia:
2999 3525 3150 3582 purae
3191 3515 3426 3571 medita-

1857 3587 2056 3642 tionem
2088 3589 2378 3646 excitatur.

1938 3696 1993 3752 Si
2022 3703 2197 3757 oratio
2230 3702 2380 3759 [ει-εκ
2412 3705 2720 3764 assiduitati
2748 3713 2992 3782 accedat,
3021 3716 3204 3776 nullus
3223 3736 3428 3792 pecca-

1853 3800 1908 3844 to
1937 3791 2002 3846 ad
2042 3793 2279 3850 animam
2326 3812 2581 3856 accessus
2627 3812 2793 3871 patet.
2835 3804 3112 3865 Collocata
3150 3791 3296 3868 enim
3329 3817 3427 3874 Dei

1852 3883 2113 3938 memoria
2142 3886 2194 3940 in
2226 3888 2412 3956 corde,
2443 3889 2578 3945 nihil
2604 3892 2765 3947 eiiicit
2791 3897 3058 3954 machinis
3088 3901 3202 3958 suis
3224 3904 3426 3961 adver-

1851 3977 2059 4044 sarius,
2095 3975 2309 4048 iustitia
2357 3980 2413 4036 in
2460 3984 2716 4042 omnibus
2769 3986 2837 4042 de
2875 3990 3077 4061 quibus
3125 3996 3430 4068 ambigitur

1851 4071 2022 4124 facem
2051 4074 2394 4142 praeferente.

1924 4270 2182 4330 Oratione
2224 4277 2525 4347 acquiritur
2551 4284 2902 4344 conversatio
2953 4286 3072 4358 Dei,
3116 4291 3429 4368 sejungitur

1850 4373 2030 4421 autem
2057 4381 2086 4421 a
2109 4365 2242 4434 Deo,
2266 4371 2359 4440 qui
2387 4386 2494 4428 non
2528 4388 2588 4430 se
2617 4378 2965 4446 coniunxerit
3005 4383 3056 4439 ei
3086 4398 3183 4455 per
3219 4365 3425 4445 oratio-

1849 4473 1994 4514 nem.
2029 4459 2132 4526 Qui
2168 4476 2294 4517 vero
2311 4474 2592 4534 separatur
2629 4481 2660 4522 ιι
2709 4469 2842 4536 Deo,
2875 4473 3028 4530 illum
3070 4493 3293 4545 prorsus
3327 4499 3430 4540 ne;

1776 4581 1824 4642 D
1851 4561 2002 4604 cesso
2029 4561 2113 4604 est
2139 4550 2451 4608 adversario
2482 4556 2762 4628 cunjungi.

1906 4662 2093 4719 Oratio
2119 4665 2370 4722 custodia
2411 4677 2496 4724 est
2535 4672 2931 4740 temperantiae,
2963 4675 3291 4746 virginitatis
3339 4684 3418 4740 si-

1849 4753 2057 4823 gillum,
2091 4756 2190 4812 irae
2217 4759 2526 4828 castigatio,
2553 4761 2832 4830 superbiae
2865 4767 3188 4835 moderatio,
3219 4772 3421 4831 animas

1850 4851 2110 4907 memoris
2157 4851 2481 4919 iniuriarum
2542 4855 2807 4926 expiatio,
2858 4859 3080 4918 invidiae
3113 4865 3419 4939 demolitio,

1851 4945 2000 5012 pacis
2019 4942 2380 5000 conﬁrmatio.

1921 5053 2058 5109 Nili.
2091 5053 2320 5122 Quando
2348 5058 2550 5114 bonum
2582 5061 2802 5133 aliquod
2837 5080 2865 5118 a
2902 5064 3009 5122 Deo
3041 5070 3287 5139 petieris,
3323 5088 3426 5130 nec

1853 5149 1942 5204 ille
1975 5159 2026 5204 te
2057 5150 2240 5204 statim
2269 5152 2523 5220 audierit,
2555 5155 2666 5210 noli
2722 5157 2955 5226 teipsum
3002 5163 3292 5234 negligere,
3321 5184 3424 5224 nec

1851 5240 2098 5296 animum
2137 5240 2394 5312 dejicere.
2424 5244 2808 5315 Saepenumero
2832 5252 2977 5308 enim
3001 5269 3114 5311 non
3161 5260 3420 5317 conducit

1853 5332 1952 5386 tibi
1985 5343 2074 5387 tua
2100 5335 2293 5404 petitio
2323 5337 2388 5390 ad
2424 5352 2663 5406 prwsens
2690 5349 2926 5411 tempus.

1935 5448 2210 5505 Isocratis.
2263 5449 2519 5508 Orantem
2571 5464 2785 5525 oportet
2818 5473 3034 5530 sapere,
3077 5479 3144 5520 ne
3175 5465 3303 5536 quid
3343 5466 3432 5523 in-

1854 5541 2005 5596 scius
2039 5551 2227 5596 contra
2270 5543 2512 5614 seipsum
2539 5553 2680 5604 oret.

1939 5654 2200 5712 Homines
2254 5667 2384 5714 tunc
2435 5661 2574 5715 liunt
2606 5661 2880 5732 meliores,
2908 5679 3032 5720 cum
3076 5665 3244 5722 Deum
3275 5681 3430 5723 acco—

1855 5746 2260 5807 dunt.‘llabent
2289 5761 2468 5809 autem
2515 5753 2720 5810 similia
2751 5755 2879 5822 Deo,
2908 5755 3320 5836 beneﬁcentiam
3369 5768 3427 5816 οι

1861 5841 2162 5897 veritatem.
