3980 6248
157 260 264 328 929

977 261 1151 324 LOCI
1194 261 1635 326 COMM-UN‘ES.
1680 287 1748 299 -·
1779 260 1978 322 PARS
2007 261 2058 324 Ι.
2097 258 2356 321 SERMO
2400 256 2610 320 XLIX.

3307 247 3417 319 930

221 381 390 436 Οὐδὲν
417 377 608 450 δφελο;
637 377 1022 449 κατηχήσεως,
1051 379 1182 432 ὅταν
1213 381 1246 451 ἡ
1275 379 1365 432 διὰ
1412 378 1521 433 τῶν
1552 378 1731 448 ἔργων
1761 389 1776 438 Α

1903 373 2046 429 Nihil
2064 372 2218 442 juvat
2249 371 2518 427 institutio
2539 367 2724 423 verbis
2754 365 2920 430 facta,
2949 364 3056 422 nisi
3085 365 3261 436 ipsius
3286 381 3420 437 ope-

160 471 420 538 ἐπίδειξις
457 473 534 543 μὴ
566 471 841 540 συμϐαίνῃ
868 472 980 532 τοῖς
1009 471 1346 541 λεγομένοις.

226 567 533 636 Βουλοίμην
577 566 622 617 δ’
663 567 730 620 ἂν
778 564 890 633 ἐγὼ
941 565 1048 617 τῶν
1093 563 1315 633 ἀγαθῶν
1366 582 1421 618 τι
1467 563 1738 634 λεγόντων

157 657 379 711 ἀκούειν
411 657 634 725 μᾶλλον,
662 657 696 726 ἢ
725 657 904 726 λέγειν
932 655 1116 720 αὑτός.

221 747 494 818 Περισσὸς
537 749 646 810 πᾶς
692 747 852 814 λόγος
893 746 1029 816 πρὸς
1063 746 1372 816 διόρθωσιν,
1404 747 1533 800 ὅταν
1563 747 1598 815 ἠ
1626 745 1737 799 τῶν

156 841 465 893 ἀκουόντων
498 840 638 912 πρὸς
661 840 718 894 τ’)
750 844 934 910 χεῖρον
971 840 1200 893 νεύουσα
1229 840 1434 910 σπουδὴ
1461 841 1570 904 τοῖς
1595 837 1737 910 μετὰ

158 947 218 983 συ
227 930 475 1002 μϐουλὴν
500 929 818 1000 λεγομένοις
849 929 1108 994 ἐναντίως
1134 931 1434 984 διάκειται.

218 1107 570 1175 Κατόπτροις
600 1107 844 1160 ἐοίκασιν
874 1108 925 1160 oi
959 1106 1130 1176 λόγοι,
1162 1106 1260 1162 καὶ
1279 1104 1470 1178 ῶσπερ
1497 1107 1554 1160 ἔν
1594 1105 1739 1160 ὲκεί-

157 1217 269 1262 νοις
316 1201 346 1252 ὁ
398 1197 491 1274 τρῦ
529 1201 781 1267 σώματος
828 1199 924 1253 καὶ
965 1199 1066 1268 τῆς
1114 1200 1334 1270 μορφῆς
1379 1197 1740 1266 ἐμφανίζεται

157 1288 349 1354 τύπος,
385 1288 558 1350 οὕτως
603 1289 662 1340 ὲν
703 1288 1107 1357 ταῖς-ὁμιλίαις
1139 1287 1200 1341 τὸ
1229 1289 1328 1358 τῆς
1365 1287 1545 1358 ψυχῆς
1597 1281 1741 1352 εἶδος

157 1383 706 1453 χαρακτηριζόμενον
730 1381 1057 1452 καθορᾶται.

221 1474 360 1527 Τότε
385 1473 538 1527 ἀνύει
562 1474 897 1538 διδάσκαλος,
925 1475 1018 1526 καὶ
1045 1458 1360 1527 πιστεύεται
1389 1473 1585 1542 λέγων,
1610 1473 1740 1527 ὅταν

156 1569 247 1638 ἀφ’
291 1561 372 1622 ὧν
422 1569 653 1640 πράττει
684 1570 938 1642 παιδεύῃ,
968 1569 1112 1624 κατὰ
1147 1569 1208 1622 τό
1232 1585 1248 1601 ·
1296 1586 1316 1622 ε
1347 1562 1449 1622 Ὧν
1479 1567 1682 1638 ἤρξατο
1711 1569 1740 1620 ὁ

168 1661 382 1731 Ἰησοῦς
422 1665 597 1716 ποιεῖν
625 1680 680 1716 τε
712 1664 806 1716 καὶ
839 1663 1168 1717 διδάσκειν.»

1841 467 1918 522 ris
1945 465 2212 522 exhibitis
2249 464 2411 520 dictis
2451 461 2692 518 accedat.
3329 519 3335 534 ι

1911 559 2066 628 Greg.
2106 557 2334 628 Nyssett.
2375 557 2558 611 Malim
2609 554 2866 626 equidem
2927 552 3119 608 audire
3175 551 3420 607 dicentes

1839 653 2043 722 aliquid
2077 651 2230 712 boni,
2259 665 2422 720 quam
2456 650 2568 718 ipse
2593 648 2796 703 dicere.

1912 745 2052 816 Nili.
2093 741 2316 799 Frustra
2351 743 2700 796 insumuntur
2729 741 2911 797 omnia
2942 742 3103 796 verba
3139 740 3203 797 ad
3229 755 3416 796 cmen-

1839 837 2142 903 dationem,
2175 833 2398 906 quando
2430 834 2648 888 animus
2679 834 3020 888 audientium
3049 838 3114 888 ad
3146 834 3414 888 deteriora

1843 931 2140 995 inclinans,
2171 929 2507 984 contrarium
2531 929 2864 984 consultoris
2910 928 3150 983 sermoni
3195 929 3420 983 institu-

1843 1031 1955 1077 tum
1983 1022 2168 1075 habet.
3347 1006 3350 1010 ’

1919 1110 2094 1166 Photii
2124 1109 2467 1178 patriarchw.
2503 1107 2735 1178 Speculo
2785 1108 2982 1164 similis
3029 1117 3112 1164 est
3139 1123 3340 1174 st-rmo,
3369 1116 3423 1161 ct

1843 1205 1987 1261 sicut
2036 1203 2091 1258 in
2124 1203 2232 1257 illis
2273 1211 2694 1271 repraesentalur
2727 1201 2935 1269 species
2957 1200 3202 1268 corporis
3230 1212 3285 1254 et
3315 1202 3424 1253 for-

1841 1309 1966 1358 mae,
2000 1294 2076 1348 ita
2103 1293 2157 1348 in
2179 1290 2470 1362 colloquiis
2495 1291 2692 1346 anima:
2714 1289 2891 1344 forma
2925 1304 3180 1360 expressa
3207 1292 3424 1359 conspi-

1844 1388 2011 1444 citur.

1917 1478 2158 1549 Didymi.
2197 1478 2335 1533 Tum
2365 1475 2584 1547 proﬁcit
2609 1475 2892 1544 magister,
2919 1483 2973 1528 et
3007 1473 3164 1528 tidem
3192 1472 3424 1528 dicendo

1843 1567 1996 1635 facit,
2019 1585 2148 1625 cum
2182 1571 2300 1626 suis
2327 1568 2592 1639 aperibus
2638 1567 2819 1633 docet,
2845 1565 2997 1635 juxta
3029 1564 3197 1620 illud:
3247 1583 3265 1617 ι
3293 1563 3426 1630 Qua:

1843 1664 2009 1732 coepit
2036 1662 2198 1718 Jesus
2217 1661 2395 1717 facere
2415 1670 2469 1716 et
2499 1665 2716 1715 docere.
2748 1678 2768 1712 ι

227 1754 354 1818 Βίος
379 1755 508 1808 ἄνευ
539 1756 699 1824 λόγου
741 1757 945 1826 μᾶλλον
977 1756 1210 1826 ὠφελεῖν
1239 1756 1492 1824 πέφυκεν
1520 1755 1554 1827 ἦ
1580 1754 1738 1821 λόγος
1771 1738 1776 1793 Ῑ

1914 1754 2116 1810 Isidori
2150 1754 2458 1810 Pelusiotaz.
2499 1750 2618 1806 Vita
2646 1753 2765 1807 sine
2799 1766 3054 1806 sermone
3083 1751 3201 1818 plus
3233 1750 3425 1820 jura-'e

155 1844 285 1898 ἄνευ
325 1844 446 1914 βίου
473 1863 486 1875 ⁸
529 1845 558 1897 ὁ
592 1846 690 1915 μὲν
723 1847 828 1917 γὰρ
857 1847 953 1900 καὶ
1002 1846 1172 1914 σιγῶν
1203 1845 1425 1917 ὠφελεῖ,
1459 1848 1487 1900 ὁ
1513 1845 1569 1898 δὲ
1601 1843 1740 1914 βοῶν

155 1937 393 2009 ἐνοχλεῖ.
426 1935 486 1990 Ei
521 1938 577 1991 δὲ
607 1938 700 1991 καὶ
723 1939 880 2005 λόγος
922 1937 1018 1992 καὶ
1059 1937 1175 2007 βίος
1212 1938 1564 2010 συνδράμειε,
1592 1937 1744 2005 φιλο-

156 2031 358 2098 σοφίας
393 2031 611 2100 ἀπάσης
648 2030 1074 2086 ἀποτελέσουσιν
1109 2030 1359 2102 ἄγαλμα.

227 2211 453 2279 Πρᾶττε
483 2208 740 2278 λογικῶς,
772 2209 866 2264 καὶ
893 2209 1020 2278 λέγε
1050 2208 1399 2281 πρακτικῶς.

234 2305 483 2360 Ἐσθλῶν
517 2305 617 2374 μὲν
650 2304 758 2373 γὰρ
803 2302 900 2357 ἄπ’
934 2301 1099 2356 ἐσθλά
1143 2302 1415 2370 διδάξεαιο
1451 2301 1516 2356 ἂν
1555 2302 1612 2356 δὲ
1643 2319 1743 2356 κα-

1505 2391 1675 2466 [xciet

318 2491 637 2561 Συμμιγῇς,
665 2487 888 2558 ἀπολεῖς
916 2487 1014 2544 καὶ
1040 2488 1136 2541 τὸν
1167 2487 1326 2542 ἔόντα
1346 2486 1487 2541 νόον.

223 2584 317 2638 Τὰ
363 2583 464 2653 μὲν
496 2583 603 2653 γὰρ
647 2581 874 2654 σώματα
921 2583 1037 2645 τοῖς
1083 2581 1424 2651 συμμέτροις
1475 2577 1742 2648 πόνοις,ἡ

150 2679 209 2733 δὲ
257 2679 418 2751 ψυχὴ
455 2680 568 2742 τοῖς
605 2677 920 2743 σπουδαίοις
951 2675 1136 2746 λόγοις
1179 2671 1443 2740 αὔξεσθαι
1473 2673 1739 2742 πέφυκεν.

241 2771 345 2826 Ἐν
378 2771 478 2841 μὲν
523 2773 634 2835 τοῖς
673 2771 962 2842 ἐσόπτροις
1006 2770 1035 2823 ό
1071 2769 1169 2838 τῆς
1203 2767 1399 2837 ὄψεως,
1448 2767 1508 2819 ἐν
1535 2765 1592 2820 δὲ
1623 2766 1744 2828 ταῖς

147 2864 408 2934 ὁμιλίαις
441 2863 470 2915 ὁ
497 2861 598 2932 τῆς
628 2861 806 2933 ψυχῆς
839 2860 1125 2932 χαρακτὴρ
1150 2859 1432 2930 βλέπεται.

240 2955 341 3008 Ἐν
382 2953 624 3026 συλλόγῳ
653 2955 870 3023 πρῶτος
913 2953 1092 3022 λέγειν
1124 2950 1199 3024 μὴ
1243 2950 1550 3022 ἔπιτὴδευε.
1584 2949 1743 3004 Μετά

145 3048 265 3121 γὰρ
300 3046 554 3112 πλείονας
577 3047 773 3116 λέγων,
790 3045 912 3116 ὕψει
938 3045 1139 3117 μᾶλλον
1159 3044 1230 3098 τὰ
1257 3043 1631 3114 συμφέροντα.

218 3221 297 3274 Δί
334 3218 440 3290 μὲν
468 3218 735 3289 χελιδόνες
781 3215 963 3272 εὐδίαν
991 3217 1123 3286 ἡμῖν
1159 3211 1652 3286 προσημαίνουσιν,
1695 3210 1748 3264 οἱ

141 3313 204 3367 δὲ
242 3314 316 3367 ὲκ
344 3311 665 3382 φιλοσοφίας
691 3311 842 3380 λόγοι
871 3308 1130 3365 ἀλυπίαν.

217 3495 400 3552 Mter?)
433 3493 696 3566 πονηρὸν,
723 3475 969 3564 χρηστὸν
995 3491 1126 3545 ὅταν
1158 3490 1289 3561 εἴπῃ
1318 3489 1497 3573 λόγον.

218 3591 316 3644 Τὰ
348 3583 469 3644 ὦτά
514 3606 609 3642 σου
645 3590 721 3660 μὴ
768 3587 936 3641 πᾶσιν
983 3585 1151 3656 ὕπεχε
1180 3583 1386 3654 λόγοις.
1427 3584 1604 3654 Λόγος
1635 3583 1746 3656 γὰρ

138 3685 333 3747 κακὸς
366 3681 554 3736 κακῶν
583 3681 761 3752 ἔργων
787 3679 1038 3753 ἡγεμών.

195 3774 381 3829 ’Ἴσον
429 3773 610 3826 ἐκεῖνο
639 3771 773 3843 παρ’
811 3773 938 3840 ἐμοὶ
970 3773 1242 3842 κέκριται,
1274 3767 1525 3826 φρονέειν
1555 3785 1616 3822 τε
1660 3761 1746 3834 εὖ,

135 3869 246 3923 καὶ
281 3866 371 3938 τῷ
399 3865 610 3934 λέγοντι
641 3865 857 3935 χρηστά
882 3863 1191 3918 πείθεσθαι.

224 3957 622 4030 Αἱρετὼτερόν
647 3973 730 4011 σοι
757 3955 902 4011 ἔστω
948 3956 1098 4010 λίθον
1128 3954 1248 4027 είκῆ
1293 3953 1480 4025 βαλεῖν
1509 3955 1544 4026 ἢ
1577 3951 1748 4025 ἀργὸν

133 4057 346 4124 λόγον.
1284 4125 1286 4130 _

225 4146 563 4216 οἰνοπίδης,
613 4145 774 4199 ὁποία
829 4145 864 4216 ἡ
926 4145 1090 4214 φύσις
1120 4144 1217 4200 τοῦ
1267 4141 1558 4214 ἀνθρώπου
1607 4141 1744 4208 ἔστι,

130 4241 408 4295 τοιοῦτον
439 4236 678 4306 ἔφασκεν
705 4231 847 4288 εῖναι
876 4235 1087 4289 καὶτὸν
1115 4235 1299 4303 λόγον.

217 4329 526 4402 Ῥωμύλος
553 4329 645 4382 τὸν
675 4328 776 4397 μὲν
808 4326 1051 4396 κέραμον
1079 4326 1143 4378 ἑκ
1180 4324 1274 4378 τοῦ
1303 4323 1474 4378 κόπου
1517 4325 1624 4395 ἔφη
1655 4322 1745 4378 δο-

127 4425 525 4501 κιμάζεσθαι,
553 4423 644 4476 τὸν
672 4421 730 4474 δὲ
760 4419 1050 4490 ἄνθρωπον
1078 4419 1144 4472 ὲκ
1171 4416 1266 4470 τοῦ
1300 4417 1484 4486 λόγου.

227 4513 473 4584 ,Ανδρδς
504 4511 791 4582 χαρακτὴρ
817 4512 878 4564 ὲκ
902 4509 1062 4577 λόγου
1091 4507 1442 4576 γνωρίζεται.

203 4610 304 4666 οὐ
350 4604 563 4661 πώποτ’
595 4603 760 4677 ἔργου
795 4602 997 4674 μᾶλλον
1026 4599 1256 4668 εἱλόμην
1280 4597 1496 4668 λόγους,

761 4824 981 4880 ΛΟΓΟΣ
1015 4824 1150 4879 ΜΘ.

700 4941 838 5011 Περὶ
872 4941 1219 5008 νουθεσίας.

211 5059 344 5117 Ἰδδ
376 5057 540 5129 ὑγιὴς
567 5055 830 5128 γέγονας,
850 5054 1056 5128 μηκέτι
1078 5055 1390 5128 ἁμάρτανε.
1417 5054 1508 5112 ῐνα
1536 5055 1614 5128 μὴ
1636 5055 1747 5128 χεῖ-

1847 1854 2047 1918 potest,
2105 1861 2274 1916 quant
2331 1860 2514 1920 sermo
2569 1844 2690 1900 sine
2745 1842 3021 1900 vita.Vita
3076 1843 3219 1898 enim
3271 1845 3428 1912 juvat

1844 1941 2010 1997 etiam
2062 1940 2255 2008 tacita,
2311 1954 2492 1996 sermo
2521 1947 2703 1994 autem
2741 1938 2983 1993 clamore
3027 1952 3130 1992 suo
3163 1935 3426 1992 molestus

1843 2043 1954 2097 est.
1985 2032 2144 2100 Quod
2173 2033 2220 2090 si
2250 2047 2435 2089 sermo
2457 2042 2512 2089 et
2543 2032 2651 2088 vita
2676 2031 3030 2096 conveniant,
3061 2031 3226 2085 totius
3252 2030 3428 2099 philo-

1845 2127 2058 2196 sophiae
2085 2126 2446 2182 simulacrum
2478 2124 2789 2194 perﬁcient.

1914 2217 2078 2286 Agilo
2108 2231 2234 2271 cum
2267 2231 2548 2284 sermone,
2580 2224 2633 2270 et
2665 2215 2834 2270 dicito
2867 2229 2988 2268 cum
3024 2212 3262 2267 actione.

1920 2304 2258 2378 Theognidis.
2315 2307 2359 2361 A
2388 2307 2550 2362 bonis
2576 2306 2777 2360 etenim
2811 2305 2950 2359 bona
2979 2302 3194 2359 disces:
3229 2303 3275 2357 si
3301 2318 3430 2358 Vero

3163 2394 3352 2466 [malis

1919 2489 2238 2558 Miscearis,
2296 2491 2517 2546 amittes
2571 2505 2792 2560 quoque
2838 2488 3125 2560 pristinam
3165 2498 3427 2544 mentem.

1917 2579 2160 2652 Corpora
2187 2580 2487 2637 moderatis
2513 2580 2796 2636 laboribus
2814 2579 3000 2649 augeri
3025 2579 3226 2646 solent,
3247 2580 3428 2634 anima

1845 2686 1980 2729 vero
2001 2673 2244 2728 honestis
2279 2672 2625 2728 sermonibus
2660 2670 2897 2740 prolicit.

1910 2764 1972 2820 In
1988 2763 2223 2834 speculis
2247 2763 2465 2834 quidem
2501 2762 2682 2826 faciei,
2728 2762 2780 2816 in
2829 2760 3122 2832 colloquiis
3179 2760 3294 2831 88
3327 2774 3426 2814 au-
3463 2781 3474 2791 κ

1847 2864 1955 2912 tem
1996 2855 2192 2910 animae
2218 2855 2504 2910 character
2536 2853 2774 2909 videtur.

1918 2944 2194 3002 Clitarchi.
2219 2944 2276 3000 ln
2314 2954 2584 3001 conventu
2639 2959 2705 2999 ne
2731 2943 2952 3000 studeas
2977 2943 3187 3016 primus
3245 2943 3429 2998 dicere

1767 3073 1816 3136 ο
1846 3039 2171 3095 sententiam
2199 3049 2366 3094 tuam.
2389 3036 2524 3092 Nam
2548 3038 2591 3091 si
2622 3047 2742 3108 post
2770 3036 2955 3108 plures
2990 3036 3224 3104 dixeris,
3257 3037 3430 3106 magis

1849 3129 2061 3186 videbis
2079 3144 2200 3200 qua:
2229 3129 2379 3184 utilia
2405 3136 2556 3183 sunt.

1913 3223 2244 3280 Hirundines
2270 3221 2491 3294 quidem
2532 3220 2888 3278 serenitatem
2925 3219 3085 3276 nobis
3137 3216 3254 3273 fore
3285 3233 3427 3288 prm-

1849 3316 2089 3386 sagiunt,
2130 3328 2414 3370 set-mones
2457 3325 2640 3369 autem
2686 3310 3054 3383 philosophici
3101 3311 3429 3365 vacuitatem

1851 3405 2104 3462 tristitiae.

1918 3500 2018 3556 Odi
2042 3501 2244 3556 malum
2277 3497 2499 3571 quando
2522 3498 2724 3552 bonum
2750 3511 3062 3553 sermonem
3095 3495 3250 3552 dicit.

1919 3593 2097 3646 Aures
2150 3599 2270 3646 tuas
2320 3606 2431 3647 non
2482 3591 2660 3648 cuivis
2697 3593 2940 3648 sermoni
2997 3592 3213 3663 praebe;
3255 3593 3431 3649 malus

1847 3682 1993 3740 enim
2019 3697 2201 3740 sermo
2225 3683 2492 3739 malorum
2517 3698 2743 3754 operum
2773 3686 2883 3740 dux
2927 3694 3031 3741 est.

1920 3772 2198 3828 Herodoti.
2251 3771 2486 3846 Equale
2524 3775 2630 3831 hoc
2683 3776 2825 3846 apud
2873 3789 2962 3831 me
2996 3775 3294 3845 judicatur,
3315 3783 3428 3828 tum

1846 3863 1988 3921 bene
2011 3881 2225 3935 sapere,
2252 3875 2364 3922 tum
2399 3869 2542 3922 bona
2577 3867 2781 3922 dicenti
2812 3851 3216 3935 obtemperare.

1927 3954 2268 4028 Pythagorw.
2301 3955 2561 4027 Lapidem
2591 3959 2778 4028 potius
2803 3967 3010 4013 temere
3043 3957 3310 4028 projicere
3337 3956 3432 4011 de-

1847 4051 1966 4118 bes,
1996 4063 2161 4120 quam
2203 4051 2441 4104 otiosum
2476 4065 2814 4107 sermonem.

1919 4138 2236 4210 (Enopidia.
2285 4138 2600 4208 (Enopides
2649 4141 2811 4198 talem
2853 4141 3068 4198 dicebat
3119 4156 3426 4200 sermonem

1846 4243 1970 4288 esse
2009 4231 2270 4300 hominis,
2295 4232 2474 4303 qualis
2503 4233 2624 4302 ejus
2654 4243 2852 4289 natura
2885 4244 3051 4290 esset.

1917 4321 2148 4394 Romyli.
2206 4323 2468 4396 Romylus
2519 4339 2616 4382 vas
2665 4325 2830 4384 ﬁctile
2880 4326 2988 4383 ictu
3032 4333 3087 4382 et
3124 4340 3282 4392 sono,
3331 4328 3432 4383 ho-

1771 4425 1824 4487 ι)
1850 4417 2052 4472 minem
2083 4433 2336 4474 sermone
2362 4418 2577 4490 probari
2603 4418 2840 4475 diccbat.

1922 4510 2039 4566 Viri
2070 4512 2358 4569 character
2383 4529 2451 4568 ex
2474 4513 2658 4567 verbis
2685 4513 2804 4581 ejus
2838 4513 3106 4568 noscitur.

1922 4602 2215 4676 Nunquam
2265 4605 2431 4661 verba
2486 4605 2669 4675 potius
2725 4617 2892 4676 quam
2935 4617 3050 4659 rem
3101 4603 3276 4675 ipsam
3305 4617 3433 4674 pro-

1855 4695 2000 4753 bavi.

2314 4827 2548 4888 SERIIO
2580 4828 2748 4886 XLIX
2777 4829 2879 4904 [αι.
2906 4827 3002 4904 1.].

2403 4945 2482 5001 De
2518 4945 2902 5003 admonitione.

1924 5057 2086 5114 Joan.
2139 5071 2196 5115 ν.
2240 5055 2381 5114 Ecce
2427 5064 2655 5116 sanatus
2701 5069 2802 5125 es,
2868 5052 2981 5113 noli
3034 5054 3268 5128 amplius
3308 5071 3435 5130 pec-

107 5157 224 5232 ρόν
257 5153 331 5209 τί
369 5167 455 5206 σοι
489 5150 724 5220 γένοιτο.

189 5239 681 5317 Παρακαλοδμν
727 5239 896 5312 ὑμᾶς.
922 5236 1197 5310 [ἀδελφοὶ.
1250 5237 1560 5293 νουθετεῖτε
1618 5236 1748 5300 τοὺς

102 5339 456 5400 ἀτάκτους,
487 5330 903 5403 παραμυθεῖσθε
922 5332 1050 5396 τοὺς
1070 5330 1454 5404 ὀλιγοψύχους,
1475 5329 1572 5386 καὶ
1592 5328 1754 5386 ἀντέ-

98 5430 316 5506 χεσθε
351 5425 466 5480 τῶν
490 5423 886 5491 ἀσθενούντων,
913 5422 1329 5495 μακροθυμεῖτε
1349 5425 1489 5494 πρὸς
1518 5420 1750 5485 πάντας.

109 5522 379 5601 ὐρᾶτε
414 5512 495 5592 μὴ
544 5533 629 5582 τις
657 5517 828 5574 κακὸν
857 5519 982 5576 ἀντὶ
1013 5516 1187 5576 κακοῦ
1215 5533 1322 5572 τινι
1357 5513 1566 5590 ἀποδῷ,
1612 5514 1754 5572 ἀλλά

96 5620 404 5678 πάντοτε
429 5611 494 5667 es
517 5611 722 5684 ἀγαθὸν
745 5612 1020 5674 διώκετεο·

184 5707 430 5767 Βίαεον
459 5703 564 5777 μὲν
595 5703 707 5779 γὰρ
734 5703 965 5778 μάθημα
1010 5702 1072 5762 οὐ
1119 5702 1333 5780 πέφυκε
1362 5701 1707 5775 παραμένειν
1731 5719 1748 5738 ο

1853 5164 1999 5206 care.

1923 5241 1989 5298 ll
2015 5243 2196 5299 Thess.
2212 5257 2265 5300 ν.
2296 5241 2666 5300 Obsecramus
2693 5249 2876 5298 autem
2909 5255 3031 5311 vos,
3065 5226 3284 5313 fratres,
3317 5259 3438 5302 mo-

1853 5342 1979 5394 nete
2010 5335 2368 5402 inordinatos,
2395 5332 2762 5391 consulamini
2801 5332 3210 5405 pusillanimes.
3246 5335 3434 5391 suble-

1855 5435 1981 5482 vate
2005 5424 2278 5495 inﬁrmos,
2309 5425 2580 5497 patientes
2608 5430 2786 5481 estote
2807 5439 2934 5496 erga
2963 5439 3178 5494 omnes.
3198 5433 3308 5482 etc.
3344 5423 3433 5479 Vl-

1853 5516 1976 5574 dete
2008 5533 2076 5574 ne
2103 5516 2231 5590 quis
2265 5517 2472 5574 malum
2502 5531 2603 5588 pro
2629 5516 2776 5573 malo
2800 5516 3041 5587 cuipiam
3095 5515 3308 5582 reddat,
3331 5514 3430 5571 sed

1855 5624 2072 5682 semper
2097 5609 2246 5681 quod
2283 5611 2486 5668 lionum
2515 5619 2604 5666 est
2625 5608 2932 5666 sectemiui.

1931 5697 1992 5754 S.
2022 5698 2232 5759 Basilii.
2268 5699 2530 5762 Doctrina
2557 5699 2802 5760 violenta
2828 5712 2936 5757 non
2981 5696 3121 5756 solet
3142 5707 3430 5768 permaneo
