3980 6248
440 295 553 361 935

1720 289 2046 358 ANTONII
2080 295 2429 358 MELISSAE

3609 281 3726 344 990

435 406 578 464 dixit
607 424 622 463 :
646 405 918 472 Quoniam
949 406 1228 479 sapientes
1255 406 1444 464 sciunt
1472 405 1607 478 quid
1639 405 1720 462 eis
1773 419 2028 463 necessa-

2187 411 2260 464 >τι
2291 409 2341 464 ol
2374 407 2530 478 σοφοὶ
2586 406 2686 478 μὲν
2738 405 2922 463 ἴσασιν
2977 395 3056 459 ὧν
3103 400 3252 457 ἱστιν
3311 395 3502 459 αὐτοῖς
3560 395 3728 466 χρεία

437 499 581 554 rium
611 499 682 555 sit
711 499 778 556 ad
805 499 993 565 vitain,
1027 500 1101 555 illi
1137 513 1268 554 vero
1331 500 1628 556 nesciunt:
1668 514 1833 556 secus
1885 497 2033 554 enim

441 591 726 660 sapientiae
755 593 936 660 potius
958 606 1122 662 quam
1147 592 1398 660 pecuniae
1431 592 1736 649 studerent.

516 683 740 737 Aristot.
786 681 1186 739 Demosthenes
1233 685 1371 739 dixit
1424 684 1671 741 radicem
1723 681 2036 754 disciplinae

437 790 686 831 amarum
716 789 859 834 esse.
891 773 1102 831 fructus
1123 785 1302 832 autem
1333 777 1544 832 dulces.

513 865 822 922 Democriti.
855 867 1145 938 Disciplina
1174 867 1468 923 fortunatis
1497 868 1716 939 quidem
1740 881 2034 924 ornamen-

440 966 552 1014 tum
581 969 684 1021 est,
719 957 1075 1015 iulortunatis
1097 968 1279 1016 autem
1317 960 1615 1029 refugium.

511 1049 770 1108 Civitates
807 1062 1001 1107 ornant
1043 1053 1416 1119 anathemata,
1485 1054 1698 1108 animas
1741 1068 1872 1109 vero
1923 1068 2034 1108 ma-

439 1142 704 1198 themata.

510 1230 772 1290 Socratis.
837 1236 1092 1292 Socrates
1142 1237 1500 1308 interroganti
1557 1241 1834 1310 quodnam
1891 1249 2039 1297 esset

440 1326 872 1392 pulcherrimum
937 1330 1162 1398 animal,
1215 1330 1602 1389 dixitzllomo
1645 1334 1890 1390 doctrina
1943 1350 2037 1391 or-

442 1427 624 1472 natus.

511 1509 658 1564 idem
708 1527 833 1567 ctam
889 1514 937 1569 ei
995 1531 1176 1572 sermo
1227 1518 1504 1575 barbarus
1553 1523 2032 1589 exprobraretur:

443 1600 552 1671 Ego
582 1604 826 1672 quidem,
852 1605 1008 1673 dixit,
1042 1608 1308 1666 barbarus
1338 1625 1460 1666 sum
1488 1611 1684 1678 verbis,
1718 1626 1818 1668 vos
1857 1620 2036 1668 autem

339 1733 342 1736 .
447 1695 722 1752 moribus.

2139 501 2279 572 πρὸς
2322 499 2417 555 τδν
2451 500 2592 572 βέον,
2625 500 2674 554 οί
2732 499 2790 553 δὲ
2830 499 2931 554 οὐκ
2969 497 3173 562 ῖσασιν,
3227 491 3352 548 ἐπεὶ
3385 488 3591 562 μᾶλλον
3621 503 3726 540 σου

2137 595 2268 666 φίας
2298 593 2330 665 ἢ
2357 594 2661 665 χρημάτων
2692 591 3082 663 ιπεμελοῦντο.

2222 685 2600 758 Ἀριστοτέλης
2647 683 2750 756 τὴν
2815 684 2912 752 μὲν
2949 681 3107 753 ῥίζαν
3156 679 3258 749 τῆς
3318 673 3566 738 παιδείας
3608 671 3729 744 ἔφη

2137 775 2279 834 εἶναι
2307 779 2537 849 πικρὰν,
2570 775 2696 838 τοὺς
2716 774 2773 829 δὲ
2803 773 3054 845 καρποὺς
3080 771 3328 839 γλυκεῖς.

2213 869 2443 924 Παιδεία
2475 864 2766 936 εὐτυχοῦσι
2806 864 2905 934 μὲν
2935 863 3054 916 ἔστι
3084 860 3311 930 κόσμος,
3370 854 3636 926 ἀτυχοῦσι
3663 850 3730 905 δὲ

2138 961 2498 1031 καταφύγιον.

2209 1054 2322 1117 Τὰς
2351 1053 2451 1124 μὲν
2491 1053 2678 1115 πόλεις
2707 1047 3042 1120 ἀναθήμασι,
3079 1044 3178 1108 τὰς
3221 1043 3279 1097 δὲ
3323 1039 3506 1111 ψυχὰς
3543 1035 3734 1109 μαθή-

2143 1163 2275 1218 μασι
2306 1148 2386 1200 δεῖ
2411 1149 2662 1218 κοσμεῖν.

2212 1238 2510 1307 Σωκράτης
2559 1233 2861 1306 ἐρωτηθεὶς
2887 1271 2905 1300 ,
2957 1231 3011 1284 τί
3054 1228 3164 1283 τῶν
3201 1226 3358 1292 ζώων
3407 1224 3734 1285 κάλλιστον,

2140 1329 2267 1400 ἔφη·
2305 1329 2629 1400 Ἄνθρωπος
2669 1325 2891 1398 παιδείᾳ
2927 1321 3371 1392 κεκοσμημένος.

2219 1527 2280 1582 '0
2310 1527 2470 1590 αὐτὸς
2499 1524 2894 1597 ὀνειδιζόμενος
2933 1522 3041 1578 ὑπὸ
3069 1538 3217 1584 τινος
3252 1521 3336 1573 ὅτι
3370 1511 3737 1587 βαρϐαρίζω,

2140 1616 2267 1690 ἔφη’
2312 1617 2456 1686 Ἐγὼ
2483 1617 2584 1690 μὲν
2617 1617 2696 1688 τῷ
2725 1616 2893 1688 λόγῳ,
2936 1615 3096 1686 ὑμεῖς
3126 1612 3183 1666 δὲ
3215 1611 3291 1681 τῷ
3323 1609 3536 1678 τρόπῳ.
3649 1667 3662 1682 κ

518 1787 702 1846 Solon.
736 1791 922 1848 Soloni
953 1809 1078 1849 eum
1110 1796 1444 1866 ohjiceretur
1465 1796 1609 1867 quod
1633 1812 1759 1852 eum
1806 1796 2037 1853 haberet

2219 1797 2398 1852 Σόλων
2423 1795 2822 1866 ὀνειδιζόμενός
2851 1809 2984 1848 ποτε
3013 1793 3100 1847 ὅτι
3129 1791 3286 1862 δίκην
3314 1789 3456 1860 ἔχων
3483 1788 3736 1858 ἐμισοὼ-

443 1873 660 1938 forense
688 1886 986 1955 negotium,
1008 1889 1358 1946 conduxisset
1383 1890 1489 1960 91
1511 1899 1782 1945 oratorem
1810 1907 1825 1944 :
1851 1890 2039 1962 Atqui,

444 1973 603 2039 dixit,
634 1992 757 2032 cum
786 1978 961 2035 habeo
994 1983 1326 2046 convivium,
1352 1997 1589 2052 coquum
1625 1982 1895 2040 conduco.

517 2066 803 2123 Cleanthis.
849 2070 1141 2127 Cleanthes
1185 2073 1400 2128 diccbat
1450 2073 1700 2130 homines
1754 2073 2042 2144 imperitos

445 2157 562 2211 sola
593 2156 766 2213 lorma
809 2160 1026 2217 dili'erre
1049 2178 1078 2215 a
1107 2163 1318 2219 bestiis.

521 2247 876 2317 Empedoclis.
923 2251 1277 2322 Empedocles
1305 2253 1372 2308 ad
1419 2257 1710 2325 quemdam
1767 2256 2040 2312 dicentem

447 2339 596 2407 quod
624 2341 830 2395 nullum
863 2343 1165 2411 sapientem
1200 2346 1439 2414 reperire
1498 2357 1684 2414 posset
1714 2365 1729 2402 :
1761 2345 1882 2401 Non
1933 2349 2039 2400 mi-

447 2447 570 2487 rum
592 2440 697 2499 est,
723 2433 859 2488 dixit
897 2452 910 2487 :
942 2445 1156 2506 oportet
1185 2449 1242 2491 ut
1272 2437 1362 2493 ille
1392 2438 1632 2508 primum
1702 2441 1900 2511 sapiat,
1947 2448 2042 2510 qui

449 2524 758 2593 sapientem
818 2530 1036 2596 quaerit.

529 2614 816 2674 Theocriti.
862 2617 1191 2678 Theocritus
1225 2623 1399 2681 Chius
1454 2624 1700 2694 ineptum
1751 2619 2042 2696 quemdam

452 2715 669 2776 poetam
699 2709 1018 2766 recitantem
1038 2713 1356 2769 auscultans
1385 2723 1438 2770 et
1469 2713 1844 2784 interrogatus
1865 2710 1938 2766 ah
1953 2723 2040 2775 eo,

452 2790 703 2867 quaenam
737 2799 787 2855 ei
821 2801 1098 2869 placerent
1123 2801 1146 2856 ῖ
1173 2803 1460 2873 respondit
1495 2819 1510 2858 :
1542 2801 1675 2869 Quae
1705 2799 1964 2856 omisisti.

512 2889 878 2962 Philosophus
903 2893 1126 2964 quidam
1151 2909 1277 2950 cum
1299 2897 1440 2952 duos
1472 2895 1776 2963 discipulos
1797 2895 2042 2960 haberet,

451 2982 684 3036 alterum
714 2983 935 3052 quidem
979 2984 1338 3050 laboriosum,
1387 2987 1484 3040 sed
1537 2985 1748 3040 hebetis
1811 2979 2042 3055 ingenii,

2147 1905 2280 1943 σατο
2309 1890 2538 1960 ῥήτορα,
2569 1887 2682 1942 Καὶ
2711 1887 2846 1960 γὰρ,
2882 1886 3008 1957 ἔφη,
3058 1886 3187 1940 ὅταν
3215 1885 3434 1936 δεῖπνον
3462 1881 3593 1952 ἔχω,
3623 1883 3739 1950 μά-

2142 1997 2328 2051 γειρον
2363 1977 2688 2052 μισθοῦμαι.

2217 2072 2502 2147 Κλεάνθης
2531 2074 2658 2138 τοὺς
2697 2072 3063 2135 ἀπαιδεύτους
3107 2069 3216 2142 ἔφη
3266 2070 3405 2143 μόνῃ
3441 2071 3510 2141 τῇ
3544 2069 3739 2140 μορφῇ

2143 2163 2252 2218 τῶν
2281 2163 2491 2235 θηρίων
2513 2163 2818 2235 διαφέρειν.

2224 2251 2597 2324 Ἐμπεδοκλῆς
2631 2254 2768 2323 πρὸς
2801 2250 2893 2306 τὸν
2924 2251 3173 2320 λέγοντα,
3203 2251 3288 2304 ὅτι
3316 2249 3527 2303 Οὐδένα
3564 2247 3736 2316 σοφὸν

2144 2340 2327 2410 εὑρεῖν
2354 2341 2612 2412 δύναμαι,
2641 2343 2802 2397 Κατὰ
2821 2341 3008 2410 λόγον,
3038 2337 3182 2394 εἵπεο
3212 2342 3306 2394 τὸν
3333 2342 3446 2409 γὰρ
3464 2339 3740 2409 ζητοῦντα

2147 2430 2309 2502 σοφὸν
2355 2431 2521 2486 αὐτὸν
2565 2433 2832 2506 πρότερον
2870 2429 3013 2487 εἷναι
3041 2433 3121 2487 δεῖ
3148 2433 3333 2502 σοφόν.

2144 2646 2163 2663 ν
2213 2617 2509 2689 Θεόκριτος
2531 2620 2560 2672 ὁ
2586 2619 2721 2682 Χῖος
2753 2619 2963 2688 ἀφυοῦς
2987 2619 3216 2689 ποιητοῦ
3246 2619 3515 2690 ἀκρόασιν
3544 2623 3742 2676 ποιοὺ-

2150 2725 2332 2779 μενος,
2363 2710 2724 2782 ἐρωτώμενος
2761 2711 2856 2765 ὑπ’
2881 2712 3046 2767 αὐτοῦ
3079 2712 3207 2766 ποῖά
3250 2713 3404 2766 ἐστιν
3433 2715 3504 2767 τὰ
3550 2714 3741 2778 καλῶς

2146 2801 2436 2873 εἰρημένα,
2464 2801 2591 2874 ἔφη·
2627 2804 2697 2857 Ἀ
2727 2804 3055 2873 παρέλιπες.

2215 2893 2511 2963 Φιλόσοφος
2543 2895 2685 2966 ἔχων
2716 2895 2811 2950 δύο
2851 2898 3126 2968 μαθητὰς,
3162 2899 3261 2952 ενα
3295 2898 3399 2964 μὲν
3430 2897 3611 2968 ἀφυῆ,
3644 2914 3740 2965 φι-

2145 2986 2370 3041 λόπονον
2395 2987 2474 3052 δὲ,
2504 2987 2693 3060 ἕτερον
2721 2989 2778 3043 δὲ
2809 2990 3008 3060 εὐφυῆ,
3039 2991 3209 3062 ἀργὸν
3238 2989 3320 3055 δὲ,
3355 2984 3513 3045 εἰπεν
3533 3006 3548 3020 ·
3601 2990 3655 3042 Ἀ
3668 3008 3742 3057 μ-

452 3077 680 3130 alterum
712 3075 1079 3144 ingeniosum,
1111 3078 1205 3133 sed
1238 3077 1492 3146 ignavum
1529 3094 1544 3131 :
1581 3077 1778 3143 Ambo,
1802 3077 2038 3145 dicebat,

2191 3081 2369 3151 ότεροι
2409 3080 2727 3135 ἀπόλοισθεο
2786 3083 2868 3136 ὅτι
2923 3081 2988 3136 σὺ
3041 3082 3142 3154 μὲν
3171 3081 3346 3137 θέλων
3377 3081 3440 3135 οὗ
3471 3081 3626 3153 δύνῃ,
3665 3081 3740 3135 σὺ

453 3167 690 3237 pereatis
716 3183 732 3233 ;
763 3167 1020 3237 quoniam
1051 3179 1109 3224 tu
1139 3183 1264 3225 cum
1287 3170 1444 3236 velis,
1467 3184 1577 3226 non
1610 3179 1790 3240 potes,
1824 3178 1880 3226 tu
1914 3185 2042 3228 vero

2187 3171 2205 3223 ὲ
2229 3169 2525 3240 δυνάμενος
2548 3172 2609 3226 οὐ
2637 3172 2844 3237 Θέλεις.

454 3273 580 3311 cum
612 3257 810 3327 possis,
869 3273 978 3315 non
1007 3260 1113 3316 vis.

529 3353 759 3408 Praestat
787 3367 938 3418 sero,
963 3363 1125 3424 quam
1147 3353 1282 3409 nihil
1307 3353 1544 3412 discere.

523 3444 781 3515 Agricola
804 3455 1028 3510 terram,
1054 3444 1416 3516 philosophus
1440 3444 1723 3517 ingenium
1747 3446 1972 3504 excolit.

530 3626 846 3684 Democriti.
868 3625 1198 3684 Civitatibus
1245 3626 1470 3695 moenia,
1492 3626 1694 3684 animis
1733 3641 1866 3684 vero
1889 3642 2046 3684 mens

457 3737 552 3792 per
571 3719 918 3792 disciplinam
943 3720 1162 3777 exculta
1198 3719 1367 3778 decus
1389 3728 1443 3777 et
1480 3718 1882 3776 munimentum
1911 3733 2048 3790 prac-

529 3907 666 3962 Cum
693 3903 912 3974 juvenis
943 3903 998 3960 in
1034 3903 1249 3961 theatro
1274 3903 1629 3978 gloriaretur,
1665 3917 1720 3962 et
1741 3905 2046 3977 sapientem

459 4014 520 4053 se
544 3997 888 4068 praedicaret,
911 3997 1086 4069 utqui
1119 3997 1304 4053 multis
1327 3998 1666 4069 sapientibus
1690 4008 2048 4056 conversatus

459 4101 626 4158 esset,
657 4091 940 4162 respondit
965 4090 1186 4162 quidam
1220 4109 1235 4147 :
1267 4089 1334 4146 Et
1382 4106 1483 4163 ego
1541 4090 1730 4148 multis
1785 4090 2049 4148 divitibus

459 4193 836 4248 conversatus,
873 4198 983 4239 non
1011 4192 1193 4238 tamen
1217 4183 1368 4239 dives
1406 4198 1551 4239 sum.

533 4276 678 4331 Idem
713 4274 897 4330 dixit:
933 4273 1048 4328 Non
1103 4273 1260 4328 decet
1320 4273 1545 4328 doctum
1596 4271 1742 4328 inter
1799 4270 2050 4328 indoctos

463 4368 634 4440 loqui,
663 4377 724 4423 ut
751 4381 927 4438 neque
945 4365 1190 4423 sobrium
1210 4365 1354 4420 inter
1381 4363 1585 4421 ebrios.

536 4554 853 4623 wiwpidis.
881 4551 1194 4622 (Euopidcs
1223 4565 1352 4607 cum
1381 4549 1590 4607 videret
1641 4548 2045 4608 adolescentem

465 4650 670 4706 multos
685 4648 854 4704 libros
873 4647 1220 4717 conquirere,
1247 4644 1430 4704 dixit:
1455 4642 1576 4701 Non
1606 4644 1778 4714 cistae,
1811 4643 1905 4701 sed
1923 4658 2051 4715 pec-

466 4745 595 4799 tori.

543 4839 798 4896 Socratis.
824 4834 1076 4891 Socrates
1105 4835 1472 4901 interrogatus
1501 4830 1646 4902 quod
1675 4829 1734 4887 in
1764 4829 1877 4886 vita
1926 4843 2052 4887 sua-
2102 4813 2106 4816 ’

468 4933 752 4990 vissimum
778 4937 945 4994 esset,
968 4925 1106 4982 dixit
1135 4943 1148 4980 :
1182 4922 1477 4994 Disciplina
1506 4930 1560 4981 et
1580 4923 1774 4988 virtus,
1795 4931 1848 4978 et
1867 4934 2050 4976 rerum

469 5023 867 5095 imagnitarum
899 5018 1157 5089 cognitio.

537 5113 686 5170 Lati.
733 5112 907 5169 Lasus
961 5111 1332 5180 interrogatus
1380 5107 1514 5181 quid
1580 5105 2049 5178 sapientissimum

468 5213 614 5263 esset
645 5222 660 5259 :
691 5200 1056 5273 Experientia,
1085 5199 1247 5257 dixit.

542 5293 688 5351 Idem
720 5306 846 5347 cum
909 5290 1165 5347 indoctus
1213 5289 1434 5362 quidem
1489 5289 1666 5360 pictor
1695 5290 1744 5345 ei
1803 5288 2049 5345 diceret:

469 5391 646 5464 Opere
687 5384 916 5443 tectorio
934 5385 1086 5440 illine
1102 5383 1326 5440 domum
1355 5393 1531 5452 tuam,
1560 5391 1620 5440 ut
1653 5383 1828 5455 ipsam
1862 5382 2053 5453 depin-

470 5490 616 5558 gam,
643 5477 928 5552 respondit
958 5495 972 5534 :
1000 5476 1243 5544 Minime,
1267 5476 1362 5534 sed
1394 5485 1451 5532 tu
1483 5481 1638 5547 prius
1657 5491 1776 5534 eam
1798 5475 2050 5548 depinge,

470 5589 531 5635 ut
557 5578 763 5635 illinam
786 5581 995 5644 postea.

543 5667 818 5724 Demadis.
841 5664 1045 5722 Rerum
1063 5663 1304 5737 ipsarum
1319 5660 1652 5736 experientia
1669 5666 1892 5734 prestat
1904 5655 2054 5718 omni

473 5759 786 5828 sophistica
817 5760 1099 5820 doctrinae.

2219 3356 2438 3411 Βέλτιον
2464 3355 2706 3428 ὀψιμαθῆ
2731 3357 3042 3424 καλεῖσθαι,
3070 3357 3104 3430 ἢ
3133 3359 3345 3430 ἀμαθῆ.

2232 3447 2297 3502 '0
2346 3449 2447 3520 μὲν
2496 3449 2748 3519 γεωργὸς
2806 3450 2905 3522 τὴν
2954 3451 3082 3522 γῆν,
3117 3453 3147 3506 δ
3194 3452 3251 3507 δὲ
3303 3451 3595 3525 φιλόσοφος
3635 3454 3743 3528 τὴν

2145 3539 2331 3613 ψυχὴν
2379 3541 2476 3614 ὲξη
2485 3560 2552 3613 με
2561 3545 2668 3615 ροῖ.

2219 3633 2357 3697 Ταῖς
2386 3633 2486 3704 μὲν
2528 3634 2716 3689 πόλεσι
2766 3635 2834 3690 τὰ
2883 3636 3059 3708 τείχη,
3087 3637 3212 3701 ταῖς
3261 3637 3319 3693 δὲ
3367 3638 3572 3710 ψυχαῖς
3613 3641 3640 3694 ὁ
3669 3639 3741 3694 ἐκ

2149 3727 2400 3792 παιδείας
2435 3725 2558 3793 νοῦς
2588 3727 2794 3800 κόσμον
2835 3729 2932 3783 καὶ
2972 3729 3280 3800 ἀσφάλειαν
3331 3730 3659 3802 παρέχεται.

2219 3908 2530 3965 Νεανίσκου
2588 3911 2650 3965 ιν
2696 3909 2913 3982 θεάτρῳ
2971 3911 3453 3982 δναὸρυνομένου,
3492 3913 3585 3966 καὶ
3637 3911 3734 3966 λέ-

2149 4018 2340 4072 γοντος
2389 4002 2551 4073 σοφὸς
2599 3996 2763 4072 εἶναι,
2795 4003 3016 4068 πολλοῖς
3044 4003 3319 4074 ὁμιλήσας
3359 4006 3569 4072 σοφοῖς,
3607 4001 3734 4058 εἶπέ

2167 4111 2278 4158 τις·
2315 4093 2490 4164 Κάγὼ
2539 4093 2754 4159 πολλοῖς
2797 4093 3094 4176 πλουσίοις,
3129 4095 3265 4149 ἀλλὰ
3320 4093 3582 4159 πλούσιος
3633 4096 3738 4148 οὐκ

2151 4184 2292 4239 εἰμι.

2252 4203 2292 4239 ι.

2209 4203 2298 4332 “'0
2325 4277 2490 4341 αὐτδς
2515 4277 2620 4348 ἔφη
2643 4293 2659 4310 ο
2689 4277 2766 4332 Οὐ
2802 4277 2968 4332 καλὸν
3009 4277 3451 4346 πεπαιδευμένον
3480 4279 3540 4332 ἓν
3568 4278 3741 4331 ἀπαι-

2159 4369 2375 4434 δεύτοις
2413 4369 2780 4439 διαλέγεσθαι,
2836 4369 3026 4441 ὥσπερ
3081 4370 3206 4424 οὐδὲ
3237 4371 3481 4442 νήφοντα
3507 4370 3740 4442 μεθύου-

2068 4465 2124 4528 D
2152 4481 2260 4517 σιν.

2227 4555 2519 4628 Οἰνοπίδης
2563 4555 2710 4626 ὁρῶν
2749 4554 3038 4626 μειράκιον
3084 4554 3254 4610 πολλὰ
3301 4555 3488 4626 βιϐλία
3518 4553 3730 4627 κτώμεο

2152 4664 2264 4716 νον,
2294 4647 2420 4718 ιφηο
2449 4644 2541 4717 Μὴ
2563 4649 2629 4718 τῇ
2660 4645 2901 4718 κιϐωτῷ,
2931 4645 3070 4701 ἀλλὰ
3113 4646 3193 4717 τῷ
3219 4647 3429 4717 στήθει.

2228 4829 2532 4902 Σωκράτης
2570 4825 2871 4899 ἱρωτηθεὶς
2901 4826 2956 4880 τί
2988 4825 3208 4898 ἣδιστον
3241 4826 3301 4880 ιν
3328 4825 3410 4898 τῷ
3437 4827 3558 4898 βίῳ,
3587 4827 3692 4899 εφη
3725 4845 3736 4859 ·

2153 4920 2380 4975 Παιδεία
2416 4919 2510 4973 καὶ
2537 4917 2728 4990 ἁρετὴ,
2763 4918 2859 4971 καὶ
2893 4916 3106 4988 ἱστορία
3127 4916 3238 4970 τῶν
3260 4917 3667 4987 ἀγνοουμένων.

2228 5104 2413 5166 Δάσος
2444 5098 2748 5174 ἐρωτηθεὶς
2809 5096 2915 5152 ὕπό
2969 5113 3115 5163 τινος
3171 5096 3226 5150 τί
3270 5098 3360 5170 εἴη
3403 5098 3737 5168 σοφώτατον,

2154 5200 2348 5269 Πεῖρα,
2374 5196 2501 5266 εφη.

2237 5289 2299 5346 '0
2332 5288 2518 5353 αὐτὸς,
2542 5283 2755 5356 ἀφυοῦς
2793 5285 3090 5356 ζωγράφου
3122 5282 3374 5353 λέγοντος
3426 5280 3597 5352 αὐτῷ,
3631 5281 3738 5334 Κο-

2155 5379 2342 5438 νίασόν
2368 5395 2465 5434 σου
2488 5377 2586 5446 τὴν
2626 5377 2829 5443 οίκίαν,
2858 5375 2949 5429 ἵνα
2978 5374 3152 5447 αὐτὴν
3181 5373 3554 5444 ζωγραφήσω,
3583 5372 3689 5442 ἔφη
3714 5387 3732 5402 ο

2156 5469 2457 5540 οὐμενοῦν,
2518 5467 2656 5523 ἀλλὰ
2693 5465 2760 5519 σὺ
2810 5465 3079 5536 πρότερον
3132 5465 3304 5535 αὐτὴν
3347 5460 3734 5535 ζοντράφησον,

2158 5565 2245 5618 ῖνα
2275 5561 2416 5634 μετὰ
2443 5558 2620 5615 ταῦτα
2645 5557 2756 5626 ἑγὼ
2785 5556 2957 5628 αὐτὴν
2982 5555 3242 5611 κονιάσω.

2244 5655 2332 5708 Ἧι
2353 5651 2444 5707 διὰ
2495 5649 2607 5704 τῶν
2639 5647 2987 5719 πραγμάτων
3032 5648 3301 5719 ἔμπειρία
3333 5648 3598 5721 κρείττων
3621 5645 3732 5701 tuit-

2164 5762 2261 5816 σης
2301 5740 2624 5816 σοφιστικῆς
2654 5739 3002 5805 διδασκαλίας
3031 5737 3168 5794 ἔστί.
