3980 6248
354 299 478 364 Ὡθθ

1608 301 1929 364 ΑΝἹῸΝΠ
1970 303 2314 366 ΜΕιΙεεΑζ

3525 294 3630 360 910

346 414 696 473 existimans
725 414 1045 487 (hae-enim
1067 411 1367 485 persuasio
1397 426 1494 485 per
1523 413 1739 471 laudem
1772 431 1831 472 se
1874 419 1955 473 in-

2111 422 2341 491 ληφέναι
2371 420 2465 474 τοῦ
2517 419 2720 490 δρόμου
2753 421 2814 472 τὸ
2857 418 3037 489 τέρμα
3072 414 3254 486 (τοῦτο
3282 411 3394 480 γὰρ
3423 409 3452 462 ὁ
3481 408 3633 463 ἐπαι-

372 509 592 578 sinuat)
609 524 836 566 currere
866 508 1086 565 desinit.
1120 516 1174 563 et
1202 506 1491 569 victoriam
1518 508 1717 579 perdit.

446 685 788 742 Moschionis.
823 683 881 739 Si
910 684 1048 740 bene
1073 684 1266 741 audire
1290 694 1470 757 cupis,
1508 685 1649 741 bene
1677 686 1828 756 loqui
1864 685 1951 741 di-

373 794 519 836 scas.
554 778 781 834 Generis
811 778 952 834 bene
974 775 1175 845 facere,
1192 785 1249 835 et
1278 778 1360 835 sic
1390 778 1528 835 bene
1552 778 1806 835 audiendi
1831 778 1953 834 fru-

374 879 521 927 ctum
550 870 824 937 acquires.

456 962 716 1033 Polycrati.
751 961 1061 1018 Praesentes
1087 976 1267 1033 neque
1295 964 1592 1033 vituperes,
1631 978 1808 1031 neque
1839 962 1957 1018 lau-

2054 531 2143 576 νος
2173 510 2574 583 ὕπαινίττεται)
2592 511 2833 564 παύεται
2854 505 2950 561 τοῦ
2979 507 3217 578 τρέχειν,
3244 503 3337 556 καὶ
3357 500 3455 570 τὴν
3481 500 3637 569 νίκην

2053 605 2337 660 ἀπόλλυσι.

2128 700 2190 752 El
2221 699 2398 762 Θέλεις
2430 696 2613 761 καλῶς
2648 695 2891 762 ἀκούειν,
2932 691 3173 769 μάνθανε
3207 686 3392 751 καλῶς
3420 686 3637 754 λέγειν’

2061 790 2237 861 πειρῶ
2269 788 2452 852 καλῶς
2497 789 2781 859 πράττειν,
2815 785 2912 839 καὶ
2944 783 3118 847 οὓτως
3150 782 3429 855 καρπώσῃ
3454 781 3517 833 τὸ
3547 796 3643 833 κα-

2057 884 2166 946 λῶς
2196 883 2441 938 ἀκούειν.

2136 972 2430 1043 Παρόντων
2464 972 2565 1041 μὲν
2597 969 2738 1039 μήτε
2781 968 2961 1037 ψέγε,
2985 966 3124 1037 μήτε
3148 964 3413 1019 ἐπαίνει·
3439 962 3501 1017 τὸ
3543 962 3641 1033 μὲν

377 1052 498 1120 des,
528 1053 635 1109 hoc
659 1054 805 1110 enim
837 1054 1234 1122 adulationem,
1271 1052 1406 1109 illud
1453 1052 1564 1124 93
1615 1052 1957 1110 inimicitiam

2111 1066 2171 1137 ip
2213 1063 2418 1135 ἐχοραν
2447 1062 2626 1133 φέρει,
2648 1060 2711 1116 τὸ
2737 1059 2795 1115 δέ
2829 1058 3145 1115 κολακείαν.

375 1146 772 1311 “inrogatis.
821 1241 1056 1310 Operam
1077 1240 1146 1295 da
1176 1247 1237 1296 ut
1267 1239 1428 1296 vivus
1462 1239 1775 1306 laudabilis,
1809 1254 1960 1295 mor-

378 1336 509 1387 tuus
537 1344 718 1387 autem
752 1334 947 1389 beatus
973 1331 1261 1403 iudiceris.

455 1419 604 1477 Idem
635 1422 792 1488 dixit,
819 1423 961 1479 Cum
995 1423 1148 1478 multi
1187 1439 1274 1481 me
1306 1424 1557 1491 laudant,
1590 1419 1704 1480 tum
1762 1425 1965 1481 nullius

2137 1243 2256 1299 Ζῶν
2286 1244 2387 1315 μὲν
2416 1241 2664 1310 ἐπαινοῦ,
2687 1239 2978 1297 ἀποθανὼν
3004 1239 3062 1294 δὲ
3103 1239 3431 1311 μακαρίζου.

2147 1433 2209 1486 '0
2240 1431 2401 1493 αὐτὸς
2450 1424 2628 1493 εἶπεν,
2671 1425 2845 1479 Ὅταν
2899 1421 3165 1478 ἐπαινῶσί
3202 1437 3268 1489 με
3299 1416 3508 1483 πολλοὶ,
3530 1417 3650 1468 τότε

384 1514 547 1585 pretii
578 1515 850 1586 meipsum
893 1517 1187 1585 existimo;
1219 1533 1343 1573 cum
1378 1533 1506 1575 vero
1531 1518 1712 1589 pauci,
1758 1519 1963 1574 bonum

2111 1520 2278 1593 5p.le
2313 1518 2541 1590 μηδενὸς
2584 1518 2731 1583 ἄξιος
2768 1513 2909 1571 εῖναι
2934 1531 2950 1546 '
2989 1515 3117 1568 ὅταν
3157 1512 3215 1565 δὲ
3257 1510 3452 1606 ὀλίγοι,
3483 1525 3649 1560 σπου-

383 1612 451 1661 et
469 1607 748 1678 egregium
782 1608 1080 1665 hominem.

456 1696 709 1754 Civitatis
732 1710 1115 1755 ornamentum
1139 1710 1223 1757 est
1243 1701 1508 1756 fortitudo
1532 1701 1808 1767 virorum;
1846 1717 1967 1758 cor-

387 1788 556 1857 poris,
576 1789 957 1859 pulchritudo;
982 1792 1198 1859 animte,
1218 1793 1461 1862 iustitia:
1480 1796 1563 1850 his
1578 1795 1850 1851 contraria
1869 1796 1967 1851 de—

384 1879 576 1938 decori
635 1894 787 1940 sunt.
844 1886 1080 1957 Oportet
1109 1897 1291 1945 autem
1339 1890 1545 1954 virum,
1575 1899 1629 1945 et
1658 1890 1966 1957 mulierem,

385 1980 444 2026 et
496 1987 834 2041 sermonem,
884 1988 938 2033 et
978 1977 1219 2046 factum,
1272 1988 1329 2035 et
1379 1979 1691 2048 civitatem,
1744 1984 1968 2036 et'rem

391 2064 717 2131 quamlibet,
754 2066 798 2122 si
835 2068 996 2123 laude
1029 2070 1189 2138 digna
1230 2070 1321 2138 sit,
1354 2072 1629 2127 laudando
1655 2071 1931 2127 honorare
1952 2112 1967 2137 ,

392 2149 672 2223 indignam
705 2169 833 2212 vero
859 2158 1130 2229 vituperio
1164 2159 1399 2217 allicere.
1432 2160 1606 2228 [Eque
1628 2163 1775 2218 enim
1816 2162 1973 2218 vitio-

393 2257 515 2299 sum
542 2253 599 2301 et
644 2247 902 2304 stolidum
930 2260 1037 2318 est,
1088 2253 1406 2323 vituperare
1448 2254 1745 2320 laudanda,
1781 2262 1836 2311 et
1856 2254 1975 2308 lau-

394 2332 526 2391 dare
556 2335 937 2407 vituperanda.
1410 2374 1411 2377 η
1873 2360 1881 2367 ·

823 2474 1056 2533 SERMO
1083 2476 1170 2533 ιιι
1204 2478 1302 2552 [αι.
1346 2478 1502 2557 vnn].

972 2593 1052 2649 De
1078 2593 1412 2652 adulatione;

461 2700 601 2804 .Lac.
643 2719 720 2761 vr.
783 2703 869 2762 τε
919 2708 1146 2777 quando
1202 2710 1342 2767 bene
1386 2711 1539 2768 vobis
1580 2711 1824 2769 dixerint
1880 2713 1981 2769 ho-

398 2806 598 2851 "Nilei.

468 2882 649 2941 ludar.
706 2888 769 2944 lli
803 2899 935 2945 sunt
990 2904 1453 2960 murmuratores,
1511 2896 1767 2967 queruli,
1825 2896 1982 2966 juxta

399 2978 880 3048 concupiscentias
953 2995 1086 3039 suas
1128 2984 1499 3053 ambulantes,
1555 2994 1613 3041 et
1639 3000 1703 3042 os
1759 2986 1980 3042 illorum

2066 1616 2214 1677 δαῖος
2242 1614 2339 1668 ἄνθ
2349 1628 2548 1683 ρωπος.

2143 1707 2362 1774 Κόσμος
2411 1704 2564 1757 πόλει
2612 1702 2711 1771 μὲν
2756 1699 3033 1769 εὐανδρία,
3065 1697 3277 1766 σώματι
3319 1694 3375 1747 δὲ
3420 1693 3649 1754 κάλλος·

2074 1800 2222 1869 ψυχῇ
2255 1796 2321 1870 [Ῑ.
2355 1798 2411 1851 δέ
2445 1792 2811 1861 δικαιοσύνηι.
2840 1791 2908 1843 τὰ
2933 1790 2977 1842 δ’
3003 1788 3220 1841 ἐναντία
3246 1780 3452 1839 τούτων
3490 1786 3656 1837 ἀκοσ-

2076 1891 2198 1962 μία..
2235 1888 2440 1959 Ἄνδρα
2466 1887 2523 1941 δὲ
2554 1885 2648 1939 καὶ
2675 1885 2911 1953 γυναῖκα
2942 1881 3035 1934 καὶ
3055 1880 3213 1946 λόγον
3240 1878 3335 1932 καὶ
3369 1878 3528 1946 ἔργον
3561 1877 3657 1929 καὶ

2076 1984 2232 2038 πόλιν
2260 1982 2357 2037 καὶ
2386 1982 2620 2051 πρᾶγμα
2652 1976 2759 2047 χρὴ
2785 1976 2845 2029 τῖ’
2895 1972 2995 2043 μὲν
3025 1972 3174 2038 ἄξιον
3203 1968 3423 2021 ἐπαίνου
3451 1967 3657 2035 ἐπαίνῳ

2075 2073 2266 2143 τιμᾷν,
2318 2070 2397 2141 τῷ
2428 2069 2478 2123 δ’
2516 2067 2721 2137 ἀναξίῳ
2779 2065 2970 2135 μῶμον
3030 2060 3322 2113 ἐπιθεῖναι.
3378 2059 3500 2127 Ἰση
3548 2060 3657 2123 γὰρ

2076 2167 2321 2237 ἁμαρτία
2344 2165 2439 2219 καὶ
2464 2162 2672 2234 ἀμαθία
2706 2156 3017 2231 μέμφεσθαι
3050 2172 3108 2208 τε
3142 2154 3210 2208 τὰ
3250 2151 3534 2215 ἐπαινετὰ,
3566 2152 3661 2204 καὶ

2077 2260 2325 2313 ἐπαινεῖν
2354 2256 2425 2312 τὰ
2460 2255 2716 2327 οιωμητὰ.

2680 2477 2901 2534 ΛΟΓΟΣ
2926 2471 3052 2529 NB’.

2611 2593 2751 2664 Περί
2786 2591 3132 2656 κολακείας.

2154 2712 2314 2779 Οὐαὶ,
2344 2714 2473 2767 ὅταν
2507 2710 2689 2773 καλῶς
2720 2707 2949 2761 εἴπωσιν
2980 2704 3126 2775 ὑμᾶς
3156 2705 3205 2757 οί
3248 2701 3557 2773 ἄνθρωποι.

2153 2886 2316 2950 Οὗτοί
2375 2893 2483 2944 εἰσι
2528 2887 2855 2957 γογγυσταὶ.
2919 2882 3307 2953 μεμψίμοιροι,
3364 2880 3507 2933 κατὰ
3563 2879 3669 2941 τὰς

2087 2985 2386 3056 ἐπιθυμίας
2420 2983 2600 3038 αὐτῶν
2635 2980 3019 3051 πορευόμενοι,
3056 2976 3151 3029 καὶ
3186 2975 3247 3028 τὸ
3272 2974 3450 3044 στόμα
3481 2970 3667 3025 αὐτῶν

403 3068 653 3163 loquitur
703 3071 911 3128 tumida
938 3112 956 3140 ,
997 3073 1337 3133 admirantes
1389 3092 1677 3148 personas,
1726 3077 1979 3135 utilitatis

2111 3081 2240 3137 ,αλεϊ
2288 3078 2591 3149 ὑπέρογκα,
2641 3072 3018 3143 θαυμάζοντες
3067 3068 3342 3139 πρόσωπα
3396 3064 3667 3134 ὡφελιίας

401 3160 600 3230 gratia.

438 3253 580 3358 .Per
637 3254 1167 3332 blandiloquentiam
1221 3263 1504 3336 decipiunt
1542 3267 1710 3320 corda
1774 3265 1984 3337 simpli-

401 3361 547 3404 ctum
557 3388 574 3403 .
1640 3372 1643 3375 ‘

478 3444 757 3502 Solomon.
804 3448 1099 3507 Sermones
1126 3461 1432 3510 astutorum
1482 3454 1674 3512 molles
1707 3465 1856 3524 sunt,
1889 3456 1984 3513 sed

406 3535 612 3596 feriunt
641 3545 935 3612 penetralia
965 3544 1262 3602 viscerum.
1940 3556 1943 3559 ⁷

477 3632 666 3690 Melior
693 3647 779 3692 est
812 3639 895 3693 vir
923 3640 1015 3710 qui
1047 3640 1349 3711 redarguit.
1388 3656 1553 3713 quam
1578 3642 1673 3713 qui
1708 3642 1981 3698 adulatur.

486 3726 601 3782 Ira.
644 3726 750 3795 Qui
790 3745 887 3787 vos
916 3730 1104 3789 felices
1132 3734 1453 3804 praedicant,
1488 3736 1757 3791 seducunt
1782 3750 1903 3802 vos,
1933 3743 1987 3790 ct

406 3821 599 3877 callem
630 3822 732 3878 via:
754 3823 1101 3893 perturbant.

481 3913 541 3970 S.
575 3914 793 3971 Basilii.
818 3915 1120 3985 Fugiamus
1176 3916 1546 3974 adulationem
1579 3926 1633 3974 ct
1666 3922 1987 3975 assentatio~

409 4022 556 4071 nem,
583 4018 637 4063 et
658 4008 937 4066 insidiosa!
960 4011 1141 4082 Vulpis
1168 4012 1425 4066 astutiam
1459 4019 1513 4065 et
1542 4013 1718 4068 varias
1743 4012 1987 4071 fraudes.

406 4100 556 4156 Nihil
582 4102 733 4157 enim
764 4103 1163 4159 intolerabilius
1188 4113 1274 4159 est
1298 4111 1448 4159 recte
1470 4103 1806 4175 sapientibus
1824 4120 1987 4175 quam

410 4194 596 4251 vivere
627 4196 693 4250 ad
728 4196 984 4266 gloriam,
1007 4202 1064 4250 et
1090 4195 1158 4249 ad
1199 4196 1508 4265 Opinionem
1540 4198 1789 4266 pluribus
1816 4207 1986 4253 ratam

414 4284 712 4354 respicere,
741 4301 853 4341 non
883 4295 1065 4341 autem
1101 4296 1307 4341 rectam
1333 4287 1604 4343 rationem
1642 4289 1765 4344 vitae
1794 4288 1987 4345 ducem

412 4377 716 4433 instituere.

2124 3177 2268 3231 άοιν.

2088 3193 2268 3323 vi:
2289 3267 2387 3337 τῆς
2413 3261 2817 3336 χρηστολογίας
2848 3256 3166 3325 ἐξαπατῶσι
3188 3254 3284 3319 τὰς
3308 3252 3538 3322 καρδίας
3560 3250 3668 3304 τῶν

2088 3360 2336 3417 ἀκάκων.

2160 3454 2328 3521 Λόγοι
2362 3451 2669 3517 κερκώπων
2698 3450 2955 3520 μαλακοὶ,
2982 3442 3133 3506 οὗτοι
3161 3448 3219 3501 δέ
3252 3444 3555 3499 τύπτουσιν
3591 3439 3671 3498 εἰς

2089 3549 2296 3615 ταμεῖα
2332 3545 2678 3617 σπλάγχνων.
2810 3619 2814 3621 Α

2162 3638 2450 3711 Κρείσσων
2500 3638 2641 3709 ἀνὴρ
2700 3637 2940 3708 ἐλέγχων
2987 3634 3079 3690 τοῦ
3136 3628 3554 3691 κολακεύοντος.

2163 3735 2227 3788 Οἱ
2259 3731 2662 3805 μακαρίζοντες
2712 3732 2858 3801 ὑμᾶς
2912 3728 3190 3781 πλανῶσιν
3233 3725 3401 3793 ὑμᾶς,
3433 3720 3529 3774 καὶ
3570 3719 3673 3785 τὴν

2092 3828 2279 3901 τρίϐον
2310 3828 2420 3880 τῶν
2450 3827 2584 3881 ὁδῶν
2615 3827 3007 3896 ταράσσουσιν.

2164 3923 2432 3992 Φύγωμεν
2464 3922 2754 3983 κολακείας
2785 3922 2878 3973 καὶ
2905 3917 3162 3983 Θωπείας,
3202 3915 3296 3969 καὶ
3323 3914 3423 3982 τῆς
3454 3909 3671 3981 ἀρχιλό-

2094 4033 2191 4085 χου
2218 4014 2501 4077 ἀλώπεκος
2533 4013 2593 4085 τὸ
2628 4010 2918 4081 κερδαλέον
2950 4009 3045 4063 καὶ
3069 4006 3337 4060 ποικίλον.
3370 4002 3537 4057 Οὐδὲν
3563 4003 3674 4070 γὰρ

2093 4106 2480 4177 χαλεπώτερον
2524 4107 2636 4167 τοῖς
2666 4103 2727 4158 εὖ
2760 4101 3017 4173 φρονοῦσι
3052 4097 3147 4151 τοῦ
3184 4096 3322 4169 πρὸς
3353 4095 3513 4161 δόξαν
3548 4094 3673 4163 ζῇν,

2094 4201 2188 4254 καὶ
2231 4198 2303 4255 τὰ
2331 4200 2441 4260 τοϊς
2471 4196 2687 4258 πολλοῖς
2732 4194 2993 4248 δοκοῦντα
3029 4190 3413 4261 περισκοπεῖν,
3461 4186 3557 4241 καὶ
3598 4185 3675 4255 μὴ

2096 4294 2187 4346 τὸν
2218 4290 2378 4364 ὀρθὸν
2409 4289 2568 4358 λόγον
2602 4286 2845 4358 ἡγεμόνα
2878 4283 3151 4339 ποιεῖσθαι
3181 4280 3277 4334 τοῦ
3305 4280 3449 4351 βίου.

484 4468 545 4526 In
580 4470 685 4527 hoc
745 4469 957 4526 amicus
1019 4470 1089 4527 ab
1122 4469 1409 4526 adulatore
1466 4468 1667 4538 dill'ert,
1721 4471 1864 4541 quod
1901 4471 1979 4527 hic

2167 4477 2341 4533 Τοῦτο
2395 4474 2546 4545 φίλος
2591 4472 2821 4531 κόλακος
2869 4467 3170 4535 διενήνοχε,
3194 4463 3257 4516 τὸ
3286 4460 3379 4514 τὸν
3412 4459 3511 4529 μὲν
3539 4456 3677 4525 πρὸς

414 4564 638 4635 quidem
698 4573 1067 4621 conversatur
1095 4567 1163 4619 ad
1189 4563 1548 4634 voluptatem,
1600 4563 1691 4619 ille
1721 4578 1851 4621 vero
1879 4580 1993 4620 mo-

412 4659 569 4717 lestis
596 4659 762 4716 etiam
797 4673 907 4714 non
941 4658 1197 4714 abstinet.

492 4752 765 4823 Theologi.
802 4751 899 4808 Est
945 4753 1091 4807 enim
1143 4751 1245 4806 viri
1297 4751 1652 4824 magnanimi,
1691 4753 1993 4809 amicorum

416 4848 597 4917 potius
651 4846 958 4902 libertatem
1018 4845 1361 4915 approbare,
1414 4860 1577 4915 quam
1647 4843 1995 4900 inimicorum

418 4938 802 4995 adulationem.

496 5032 665 5087 Multo
705 5033 875 5087 satius
900 5042 982 5087 est
1014 5047 1108 5101 per
1131 5030 1433 5085 molestiam
1471 5046 1689 5100 parvam
1743 5028 1995 5082 utilitatis

423 5125 711 5198 plurimum
769 5125 1092 5187 conciliare,
1150 5140 1313 5191 quam
1356 5123 1692 5193 voluptatem
1740 5124 1996 5177 sectando

426 5219 590 5274 totius
625 5218 788 5273 sortis
818 5218 1093 5288 iacturam
1137 5217 1360 5272 inferre.

492 5310 549 5367 S.
584 5309 858 5379 Chrysost.
888 5309 1024 5364 Cum
1053 5309 1233 5378 aliqua
1280 5309 1509 5363 mutatio
1556 5306 1691 5361 litin
1732 5307 1993 5373 deterius,

424 5420 556 5463 tunc
588 5404 910 5460 auferuntur
939 5401 1282 5456 adulatorum
1326 5417 1573 5471 personae
1601 5420 1613 5453 :
1649 5411 1759 5454 tum
1794 5399 1996 5454 chorus

425 5497 776 5558 histrionum,
798 5502 851 5547 et
886 5492 961 5546 rei
1002 5492 1275 5546 simulatio
1304 5501 1623 5562 arguuntur.
1662 5488 1998 5559 Aperiuntur

424 5593 667 5645 omnium
732 5603 850 5650 ora,
907 5584 1327 5649 exsecrandum,
1384 5581 1689 5653 improbum
1737 5579 1996 5635 cthomi-

426 5697 547 5735 nem
575 5683 873 5752 pessimum
911 5676 1170 5731 vocitant.
1213 5676 1290 5728 An
1333 5689 1438 5728 non
1476 5673 1591 5727 heri
1624 5669 1999 5726 assentabaris

418 5764 499 5837 ‘ei,
552 5781 606 5828 et
652 5784 848 5828 manus
901 5768 1022 5840 ejus
1073 5762 1520 5822 deosculaharis?
1584 5761 1823 5818 Persona
1882 5758 1999 5816 btuc

2095 4570 2290 4642 ἡδονὴν
2339 4568 2571 4636 ὁμιλεῖν,
2620 4563 2710 4618 τὸν
2760 4563 2818 4616 δέ
2870 4561 3010 4631 μήτε
3062 4555 3175 4610 τῶν
3211 4552 3527 4611 λυπούντων
3573 4550 3677 4603 ἁπ-

2096 4662 2341 4733 ἔχεσθαι.

2170 4754 2328 4807 Ἔστι
2373 4750 2481 4820 γὰρ
2517 4747 2709 4814 ἀνδρὸς
2750 4741 3158 4814 μεγαλόφρονος
3190 4736 3360 4806 φίλων
3411 4732 3677 4804 ἀποδέχε-

2099 4848 2222 4903 σθαι
2253 4844 2453 4917 μᾶλλον
2488 4838 2824 4909 ἐλευθερίαν,
2859 4835 2893 4904 ἢ
2923 4831 3134 4904 ἐχθρῶν
3166 4828 3482 4884 κολακείαν.

2171 5025 2359 5098 Πολλῷ
2393 5024 2602 5095 βέλτιον
2639 5020 2846 5091 βραλὲα
2874 5016 3221 5085 λυπήσαντα,
3268 5009 3503 5080 μέγιστα
3534 5006 3678 5098 ὠφελ-

2096 5095 2348 5189 Intraui}
2398 5117 2458 5168 τὸ
2512 5113 2646 5183 πρὸς
2697 5109 2890 5181 ἡδονὴν
2937 5106 3225 5170 διώκοντα,
3272 5098 3554 5171 ζημιῶσαι
3601 5095 3678 5165 τῷ

2098 5210 2403 5282 κεφαλαίῳ.

2173 5281 2342 5362 ’Ὅταν
2377 5299 2651 5374 μεταϐολή
2676 5314 2761 5359 τις
2794 5295 3022 5362 γένηται
3067 5286 3206 5357 πρὸς
3233 5284 3294 5340 τδ
3323 5284 3525 5354 χεῖρον,
3556 5281 3678 5334 τότε

2097 5400 2205 5453 τῶν
2242 5398 2493 5452 κολάκων
2524 5391 2848 5461 ἀφαιρεῖται
2874 5386 2942 5439 τὰ
2974 5382 3291 5454 προσωπεῖα
3317 5393 3330 5409 ·
3363 5378 3492 5429 τότε
3532 5376 3559 5427 6
3584 5390 3678 5445 χο-

2103 5493 2192 5563 ρὸς
2244 5490 2530 5557 ἐλέγχεται
2586 5483 2693 5536 τῶν
2748 5476 3079 5547 ὑποκριτῶν,
3114 5472 3208 5528 καὶ
3255 5472 3289 5540 ἠ
3338 5466 3540 5563 σκῆψις

2100 5555 2446 5652 πράγματος.
2523 5573 2828 5643 Ἀνοίγεται
2883 5568 3101 5622 πάντων
3157 5564 3225 5618 τὰ
3285 5560 3551 5626 στόματα,

2105 5644 2319 5744 μίαρός,
2381 5669 2653 5738 λέγοντες,
2716 5667 2743 5717 ό
2799 5662 3055 5733 πονηρὸς,
3104 5660 3131 5711 6
3167 5652 3548 5744 παμπόνηρος.
3597 5644 3677 5700 Οὐ

2101 5739 2228 5833 γθὲς
2253 5758 2414 5814 αὐτὸν
2447 5754 2807 5819 ἐκολάκευες;
2836 5754 2895 5807 οὐ
2939 5749 3037 5813 τὰς
3083 5749 3271 5818 χεῖρας
3310 5739 3478 5796 αὑτοῦ
3514 5752 3676 5791 κατε-
