3980 6248
374 260 486 324 943

1673 265 1995 330 ΑΝΤΟΝΙΙ
2034 269 2386 334 MELISSIE

3549 268 3654 337 νει

381 389 488 431 rem
523 377 575 430 in
618 376 784 434 rebus
817 377 1125 448 perspicere
1172 390 1280 431 non
1299 377 1508 432 sinunt.
1543 377 1812 435 Autenim
1848 381 1962 435 lau-

2120 407 2124 433 ι
2184 385 2528 457 συγχωροῦσι
2577 385 2688 441 τῶν
2737 383 3086 456 πραγμάτων
3125 381 3228 454 τὴν
3259 381 3546 453 ἀλήθειαν.
3585 385 3654 438 Ἦ

380 470 514 525 dant
549 469 925 540 vituperanda,
960 477 1055 523 aut
1083 469 1398 538 vituperant
1423 484 1566 540 sarpe
1592 487 1713 541 qua:
1743 487 1960 528 onmem

384 563 598 618 laudem
623 563 916 618 excellunt.

454 655 777 711 Sotionis-ea:
802 655 937 710 libro
974 654 1156 710 Deira.
1203 655 1452 727 Delphini
1506 671 1790 727 quousque
1822 660 1966 714 unda

385 749 576 806 subest
611 749 941 804 comitantur
998 756 1272 815 natantes,
1325 748 1381 803 in
1443 748 1596 805 littus
1638 763 1771 804 vero
1825 766 1966 805 nun-

383 855 544 911 quam
575 840 684 911 95
713 841 1090 912 egrediuntur.
1116 840 1207 898 Sic
1227 841 1537 898 adulatores
1565 842 1623 898 in
1649 856 1848 899 sereno
1877 858 1966 899 re-

383 949 506 989 rum
547 944 691 991 statu
723 942 984 991 manent:
1020 939 1165 992 sicut
1193 935 1284 1006 qui
1328 935 1534 992 amicos
1564 937 1631 991 ad
1656 937 1971 1009 peregrina-

386 1027 587 1082 tionem
623 1039 836 1089 euntes,
868 1027 997 1082 dum
1031 1028 1116 1082 via
1147 1027 1306 1096 plana
1349 1035 1453 1094 est,
1488 1027 1793 1096 deducunt,
1840 1043 1967 1085 cum

384 1118 637 1187 asperior
675 1128 757 1174 est
791 1121 1076 1175 recedunt.

382 1264 392 1270 .
457 1210 664 1268 Dionis.
714 1212 973 1274 Omnium
1023 1216 1136 1272 fere
1185 1217 1442 1274 vitiorum
1499 1215 1821 1287 turpissima
1869 1217 1970 1273 tle-

384 1305 745 1375 prehenditur
777 1307 1044 1364 adulatio.

460 1395 721 1453 Phocion.
749 1397 989 1455 Pbocion
1025 1399 1093 1459 ad
1121 1402 1472 1472 Antipatrum
1496 1403 1680 1460 dicere
1725 1403 1966 1460 solebat:

384 1489 504 1548 Non
524 1501 682 1562 potes
718 1506 804 1547 me
841 1500 897 1547 et
928 1493 1109 1548 amico
1140 1502 1194 1547 et
1222 1493 1513 1549 adulatore
1541 1494 1641 1550 uti.

808 1583 1045 1640 SERMO
1079 1584 1200 1641 Llll
1243 1583 1346 1657 [αι.
1373 1583 1536 1657 Lm].

774 1677 854 1732 De
889 1679 1151 1748 vituperio
1201 1689 1251 1734 et
1291 1678 1584 1734 calumnia.

2073 478 2180 546 γὰρ
2219 478 2506 533 ἐπαινοῦσι
2538 480 2606 532 τὰ
2641 477 2816 549 ψόγου
2862 476 3013 544 ἀξια,
3037 477 3072 548 ἢ
3108 475 3347 546 ψέγουσι
3391 473 3656 539 πολλάκις

2069 567 2137 623 τὰ
2161 569 2401 624 ἐπαίνων
2429 571 2738 640 κρείττονα.

2143 661 2208 712 Οί
2260 659 2504 729 δελφῖνες
2564 659 2727 730 μέχρι
2761 658 2858 712 τοῦ
2893 659 3180 723 κλύδωνος,
3206 658 3655 728 συνδιανήχονται

2071 751 2183 811 τοῖς
2215 750 2554 820 κολυμϐὦσι,
2578 750 2716 821 πρὸς
2746 750 2804 804 δὲ
2835 751 2894 805 τὸ
2921 750 3089 820 ξηρὸν
3113 752 3214 804 οὐκ
3241 749 3619 817 ἐξοκέλλουσιν
3637 764 3652 780 ο

2071 837 2248 902 οὕτως
2279 841 2329 892 οἱ
2365 839 2598 904 κόλακες
2643 843 2702 894 ὲν
2733 839 2888 911 εὐδίᾳ
2932 841 3336 910 παραμένουσι,
3382 838 3480 892 καὶ
3529 837 3655 900 τοὺς

2073 930 2263 1000 φίλους
2285 933 2366 995 είς
2391 934 2708 1004 ἀποδημίαν
2736 933 3162 1002 προπέμποντες
3193 931 3356 1002 μέχρι
3383 931 3481 998 τῆς
3505 929 3654 991 λείας

2072 1026 2696 1094 συμπαρακολουθοῦσιν
2723 1043 2740 1060 ⁸
2775 1026 3002 1081 ἐπειδὰν
3035 1026 3092 1079 δὲ
3143 1025 3225 1087 εἰς
3276 1024 3537 1093 τραχεῖαν
3567 1021 3652 1073 ἔλε-

2074 1118 2261 1181 θωσιν.
2300 1119 2548 1173 ἀπίασιν.

2145 1210 2347 1266 Har:th
2378 1211 2486 1284 γὰρ
2507 1211 2618 1266 τῶν
2634 1213 2848 1268 κακιῶν
2872 1212 3168 1283 αἰσχίστην
3194 1211 3260 1264 ἄν
3283 1224 3366 1274 τις
3389 1209 3542 1280 εὖροι
3558 1207 3654 1278 τὴν

2073 1301 2387 1361 κολακείαν.

2143 1394 2372 1448 Φωκίων
2403 1395 2588 1450 εἰώθει
2610 1397 2791 1465 λέγειν
2813 1397 2953 1469 πρὸς
2979 1397 3362 1466 Ἀντίπατρον
3392 1393 3468 1447 Οὐ
3497 1391 3653 1445 δύνα-

2075 1484 2165 1540 σαί
2203 1486 2412 1556 μοικαὶ
2439 1486 2581 1558 φίλῳ
2607 1488 2707 1542 καὶ
2737 1490 2932 1544 κόλακι
2965 1487 3298 1560 χρήσασθαι.

2673 1581 2893 1636 ΛοΓυΣ
2933 1579 3060 1635 Nl".

2429 1672 2571 1741 napi
2602 1674 2800 1743 ψόγου
2844 1672 2947 1729 καί
2975 1671 3302 1739 Ιδιαϐολῆς.

457 1767 656 1827 Matth.
690 1785 744 1824 v.
785 1768 939 1826 Beati
971 1770 1105 1827 estis
1133 1770 1353 1841 quando
1389 1771 1590 1843 probra
1613 1770 1668 1827 in
1699 1785 1798 1829 vos
1815 1771 1966 1842 iece-

2140 1760 2421 1835 Μακάριοι
2480 1765 2628 1832 ἐστὶ,
2664 1766 2794 1820 ὅταν
2836 1765 3175 1820 ὀνειδίσωσιν
3205 1764 3352 1833 ὑμᾶς
3391 1763 3491 1814 καὶ
3532 1759 3654 1813 διώ-

386 1861 497 1917 rint
539 1871 596 1918 et
633 1863 909 1932 persecuti
941 1862 1164 1919 iuerint.

461 1953 491 2008 I
535 1954 656 2010 Cor.
688 1971 760 2011 IV.
786 1954 924 2012 Male
941 1957 1226 2014 audientes
1253 1956 1657 2024 benedicimus,
1703 1957 1971 2018 conviciis

386 2043 568 2100 ail‘ecti
612 2046 989 2102 obsecramus.

459 2136 626 2192 Prov.
679 2154 734 2194 χ.
779 2138 1133 2195 Abscondunt
1182 2139 1529 2196 inimicitiam
1583 2140 1725 2197 labia
1785 2142 1968 2213 iusta:

387 2227 483 2301 qui
509 2237 691 2284 autem
725 2229 1302 2298 proferuntconvicia,
1331 2230 1639 2287 stultissimi
1673 2239 1823 2287 sunt.

461 2319 675 2378 Sirach.
714 2319 981 2378 Peccator
1016 2322 1262 2378 turbabit
1281 2322 1512 2388 amicos,
1548 2331 1602 2378 et
1639 2322 1783 2377 inter
1816 2321 1968 2391 paci-

389 2414 524 2471 ﬁcos
553 2413 887 2471 calumniam
949 2415 1220 2486 projiciet.

457 2505 1093 2579 Priusquam‘examines
1121 2525 1260 2578 rem,
1283 2525 1356 2566 ne
1385 2523 1649 2575 accuses;
1684 2509 1971 2566 considera

389 2601 652 2672 primum,
681 2612 734 2659 et
765 2613 953 2674 postea
980 2605 1332 2675 reprehende.

468 2693 529 2750 S.
555 2694 770 2750 Basilii.
791 2695 966 2752 Verba
1027 2712 1135 2752 non
1171 2701 1348 2754 solent
1398 2702 1704 2756 molestiam
1739 2710 1792 2755 et
1821 2701 1972 2756 dolo-
2031 2708 2046 2721 '

394 2800 511 2841 rem
543 2787 843 2852 concitare,
869 2789 971 2843 sed
1001 2798 1348 2860 contemptus
1386 2791 1535 2846 illius
1587 2791 1676 2861 qui
1721 2791 1972 2846 convicia

393 2877 590 2932 dixerit
623 2888 811 2933 contra
841 2893 956 2945 nos,
989 2891 1042 2936 et
1069 2895 1168 2935 sua
1199 2882 1464 2952 cujusque
1518 2882 1861 2952 imaginario.

465 2969 764 3026 lliberales
794 2971 882 3026 isti
915 2972 1099 3027 cultus
1142 2977 1371 3042 magnes
1398 2973 1654 3030 dominos
1716 2975 1970 3031 comitari

394 3062 592 3128 solent,
623 3062 768 3132 apud
785 3078 924 3133 quos
947 3064 1039 3132 qui
1068 3064 1204 3118 nihil
1223 3065 1428 3134 proprii
1455 3067 1584 3121 boni
1606 3067 1808 3122 habent
1828 3068 1972 3123 unde

2075 1858 2260 1925 ξωσιν.

2146 1950 2586 2020 Λοιδορούμενοι,
2607 1951 2976 2023 εὐλογοῦμενο
3005 1951 3520 2022 βλασφημούμενοι,
3549 1966 3653 2001 πα-

2077 2040 2320 2113 ρακαλοῦ
2329 2062 2452 2111 μεν.
2950 2028 2953 2032 ’

2145 2133 2533 2189 Καλύπτουσιν
2561 2135 2766 2206 ἔχθραν
2791 2137 2944 2208 χείλη
2977 2136 3163 2190 δίκαια
3187 2150 3202 2166 ·
3235 2135 3284 2187 οἱ
3317 2132 3373 2185 δὲ
3403 2131 3655 2200 ἐκφέρον-

2074 2241 2165 2288 τες
2197 2225 2462 2295 λοιδορίας
2492 2227 2892 2297 ἀφρονέστατοί
2921 2230 3051 2282 είσι.

2159 2315 2324 2387 Ἀνὴρ
2359 2318 2682 2387 ἁμαρτωλὸς
2713 2321 2941 2390 ταράξει
2971 2321 3184 2389 φίλους,
3211 2319 3306 2373 καὶ
3339 2319 3447 2373 ἀνά
3495 2318 3655 2388 μέσον

2076 2410 2475 2480 είρηνευᾶντων
2507 2410 2664 2480 βαλεῖ
2689 2413 2967 2483 διαϐολήν.

2148 2502 2288 2573 Πρὶν
2343 2503 2631 2576 ἐξετάσῃς,
2657 2505 2733 2576 μὴ
2780 2506 2996 2578 μέμψῃ.
3045 2507 3259 2577 Νόησον
3295 2505 3534 2578 πρῶτον,
3567 2503 3656 2555 καὶ

2075 2593 2197 2645 τότε
2227 2593 2373 2648 ὲπιτί
2380 2612 2478 2663 μα.

2147 2685 2224 2738 Ού
2250 2686 2322 2740 τὰ
2352 2688 2573 2758 ῥήματα
2631 2692 2843 2761 πέφυκε
2883 2705 2981 2754 τας
3030 2692 3205 2754 λύπας
3254 2693 3451 2754 κινεῖν,
3483 2689 3655 2757 ἀλλ’ή

2075 2778 2221 2832 κατά
2261 2778 2357 2832 τοῦ
2401 2780 2816 2852 λοιδορήσαντος
2847 2785 2996 2854 ἡμᾶς
3026 2782 3321 2854 ὑπεροψία,
3349 2783 3446 2835 καὶ
3473 2784 3506 2850 ἡ
3539 2781 3658 2833 ἐκά-

2077 2883 2208 2920 στου
2235 2869 2416 2923 αὐτῶν
2449 2875 2744 2940 φαντασία.
3474 2898 3480 2903 ”

2151 2961 2438 3030 Πεφύκασί
2466 2980 2586 3028 πως
2609 2967 2728 3029 ταῖς
2766 2966 3038 3035 μεγάλαις
3069 2967 3416 3028 δυναστείαις
3443 2968 3498 3018 αἱ
3540 2967 3657 3018 ἀνε-

2077 3049 2323 3123 λεύθεροι
2375 3053 2536 3110 αῦται
2578 3056 2968 3127 παραφύεσθαι
3015 3057 3329 3127 θεραπεῖαι,
3374 3059 3432 3108 αἶ
3470 3057 3560 3109 διὰ
3600 3058 3659 3109 τδ

394 3155 762 3220 innotescant,
794 3169 858 3211 ex
891 3156 1091 3216 alienis
1121 3157 1272 3213 vitiis
1309 3157 1522 3227 seipsos
1558 3159 1971 3216 commendant.

2123 3117 2312 3215 πορεῖν
2336 3145 2540 3200 οἰκείου
2568 3117 2778 3214 ἀγαθοῦ
2809 3149 2879 3202 δι’
2919 3144 2980 3204 οὗ
3013 3117 3415 3218 γνωρισθῶσιν,
3449 3150 3515 3201 ὲκ
3555 3149 3660 3200 τῶν

464 3335 665 3391 Tribus
696 3335 858 3393 simul
884 3336 1188 3406 damnosus
1225 3341 1310 3390 est
1339 3332 1726 3391 calumniator.
1755 3334 1891 3391 Nam
1921 3346 1976 3393 et

391 3430 470 3484 illi
502 3445 666 3499 quiem
698 3429 932 3485 traducit
961 3426 1198 3498 iniurius
1229 3435 1336 3493 est,
1369 3434 1425 3481 et
1457 3423 1808 3483 audientibus
1825 3444 1972 3496 eum,

391 3533 446 3578 et
475 3523 590 3594 ipse
617 3522 743 3581 sibi.

463 3701 581 3758 Non
617 3720 812 3776 magna
843 3721 930 3761 res
976 3716 1061 3763 est
1095 3707 1518 3777 reprehendere,
1550 3707 1667 3760 imo
1718 3703 1975 3760 facillima

392 3805 446 3851 et
468 3796 765 3866 cujuslibet
795 3798 1030 3854 volentis
1063 3817 1078 3856 :
1108 3814 1266 3856 suum
1306 3814 1436 3855 vero
1467 3798 1756 3854 consilium
1803 3796 1976 3866 culpae

392 3905 685 3960 apponere,
721 3891 822 3946 viri
856 3891 927 3961 pii
959 3902 1013 3947 et
1043 3893 1256 3949 cordati
1288 3903 1390 3948 est.
1688 3955 1700 3965 ,

461 3982 692 4038 Pratatat
715 3983 860 4040 male
889 3985 1102 4052 audire,
1133 4000 1296 4056 quam
1326 3983 1469 4040 male
1503 3984 1706 4038 dicere.

465 4074 964 4143 Reprehensionem
1023 4091 1130 4131 non
1161 4076 1414 4147 vulgares
1458 4075 1644 4142 modo,
1672 4074 1768 4130 sed
1810 4075 1974 4131 etiam

392 4167 833 4236 praestantissimi
879 4168 1190 4222 incurrunt.
1328 4237 1330 4240 ν

465 4255 936 4321 Quemadmodum
979 4259 1358 4314 benediceutia
1410 4269 1458 4312 et
1498 4259 1738 4313 laudatio
1775 4259 1976 4326 princi-

393 4349 542 4419 pium
573 4358 660 4404 est
693 4351 984 4417 amicitiae,
1037 4352 1115 4405 sic
1168 4351 1546 4406 maledicentia
1596 4361 1649 4404 et
1701 4350 1974 4405 calumnia

2079 3235 2382 3305 ἀλλοτρίων
2412 3241 2596 3295 κακῶν
2625 3243 2852 3306 ἑαυτοὺς
2886 3241 3228 3295 συνιστῶσιν.

2151 3330 2347 3399 Τρισὶν
2376 3334 2512 3403 ὁμοῦ
2544 3335 2862 3405 προσώποις
2892 3337 2993 3404 τὴν
3025 3332 3236 3404 βλάϐην
3271 3335 3664 3404 προστρίϐεται

2079 3423 2109 3474 ὁ
2139 3420 2487 3478 διαϐάλλων⁵
2521 3427 2612 3479 τόν
2647 3444 2706 3480 τε
2755 3427 2862 3497 γὰρ
2913 3427 3428 3494 συκοφαντούμενον
3464 3429 3661 3494 ἀδικεῖ,

2082 3513 2178 3568 καὶ
2230 3515 2366 3586 πρὸς
2398 3516 2492 3582 οὓς
2524 3520 2551 3573 ὁ
2582 3520 2740 3588 λόγος
2783 3520 2933 3573 ἐστὶν
2983 3518 3152 3589 αὐτῷ,
3190 3521 3284 3572 καὶ
3323 3519 3488 3584 αὐτὸς
3536 3521 3663 3574 ἑαυο

2080 3608 2190 3662 τόν.
3671 3599 3674 3604 ’

2153 3702 2227 3756 Τὸ
2280 3703 2381 3774 μὲν
2427 3705 2690 3776 ἐπιτιμᾷν
2720 3706 2782 3759 οὐ
2838 3707 2983 3776 μέγα
3006 3720 3023 3737 ⁸
3074 3709 3272 3779 ῥᾷστον
3302 3709 3412 3779 γὰρ
3448 3711 3540 3763 καὶ
3572 3707 3665 3761 τοῦ

2085 3791 2413 3863 βουλομένου
2448 3795 2686 3860 παντός·
2722 3796 2784 3850 τὸ
2813 3799 2872 3851 δὲ
2915 3799 3267 3868 ἀντεισάγειν
3315 3801 3415 3870 τὴν
3467 3801 3661 3855 ἑαυτοῦ

2082 3883 2310 3955 γνώμην
2339 3887 2532 3958 ἀνδρὸς
2562 3889 2821 3953 εὐσεϐοῦς
2849 3891 2946 3944 καὶ
2978 3891 3104 3944 νοῦν
3137 3892 3374 3962 ἔχοντος.

2155 3979 2359 4042 nam;
2387 3980 2606 4036 ἀκούειν
2635 3985 2892 4052 κρεῖσσον
2927 3985 2959 4055 ἢ
2987 3984 3170 4052 λέγειν
3205 3987 3413 4050 κακῶς.

2155 4072 2429 4126 Ἀπτεται
2479 4073 2540 4126 ού
2585 4072 2695 4126 τῶν
2749 4075 2964 4132 πολλῶν
3023 4079 3205 4146 μόνον,
3253 4077 3392 4130 ἀλλὰ
3424 4081 3520 4132 καὶ
3560 4080 3668 4132 τῶν

2087 4163 2329 4235 ἀρίστων
2355 4166 2384 4218 ὁ
2418 4165 2625 4234 μῶμος.

2155 4257 2372 4327 Ὥσπερ
2423 4256 2482 4309 τὸ
2532 4257 2714 4320 καλῶς
2763 4257 2944 4325 λέγειν
2978 4257 3076 4314 καὶ
3106 4261 3481 4331 ἐγκωμιάζειν
3528 4263 3673 4334 sm;

2084 4349 2266 4416 φιλίας
2302 4350 2449 4400 ἐστὶν
2473 4386 2487 4410 ,
2523 4346 2668 4400 οὕτω
2697 4346 2757 4400 τὸ
2789 4349 2975 4412 κακῶς
3009 4349 3194 4418 λέγειν
3225 4355 3318 4411 καὶ
3337 4353 3675 4415 διαϐάλλειν,

394 4441 700 4498 inimicitiae
732 4452 784 4497 et
806 4443 956 4509 odio,
984 4454 1039 4497 et
1079 4443 1309 4498 infinitis
1359 4444 1514 4497 malis
1542 4444 1754 4497 initium
1789 4452 1841 4496 ct
1870 4458 1971 4496 an-

2120 4441 2285 4510 χΟρας
2319 4441 2410 4492 καὶ
2443 4440 2737 4510 ἀπεχθείας
2769 4441 2862 4493 καὶ
2915 4443 3128 4512 μυρίων
3175 4445 3366 4497 κακῶν
3397 4445 3543 4517 ἀρχὴ
3577 4447 3677 4499 καὶ

393 4547 509 4587 sam
545 4533 770 4603 praabet.

463 4623 521 4680 S.
559 4625 835 4697 Cltrysost.
867 4621 1005 4680 Fieri
1043 4641 1151 4680 non
1195 4636 1373 4695 potest
1406 4636 1458 4679 ut
1490 4627 1580 4696 qui
1609 4625 1805 4679 virtute
1839 4641 1974 4695 pric-

392 4717 490 4772 tliti
525 4731 653 4773 sunt
678 4720 819 4787 apud
846 4733 1038 4774 omnes
1072 4717 1210 4772 bene
1241 4719 1486 4773 audiant.

470 4827 526 4883 Si
556 4831 645 4900 qui
679 4841 884 4886 temere
916 4848 1075 4888 aures
1103 4836 1368 4904 praebent,
1398 4836 1554 4888 venia
1589 4835 1794 4906 indigni
1825 4847 1975 4898 sunt,

393 4922 669 4989 quomodo
701 4923 775 4977 illi
813 4938 874 4979 se
914 4923 1207 4981 defendent
1254 4927 1349 4995 qui
1415 4927 1720 4982 caluumias
1766 4935 1824 4980 et
1848 4942 1979 4982 con-

395 5013 535 5064 vicia
570 5013 856 5080 proferunt
883 5015 906 5069 ?

467 5126 546 5181 Ne
585 5127 868 5186 doleamus
921 5133 1062 5187 male
1099 5131 1405 5198 audientes,
1459 5131 1564 5187 nisi
1591 5132 1788 5186 merito
1839 5131 1980 5186 male

397 5220 714 5276 audiamus.

471 5336 698 5392 Plurimi
733 5336 848 5392 suis
879 5339 1118 5408 peccatis
1143 5339 1578 5408 patrocinentur,
1601 5347 1863 5394 accusant
1885 5353 1982 5391 au-

399 5441 508 5486 tem
532 5430 735 5485 aliena.

483 5632 720 5689 Maximi.
746 5633 1144 5691 Calumniatori
1199 5651 1362 5691 aures
1393 5654 1460 5692 ne
1488 5638 1760 5708 pra-beas,
1794 5652 1860 5692 ne
1887 5638 1986 5690 du-

414 5720 534 5790 P‘cx
580 5740 866 5795 peccatum
912 5744 1037 5786 cum
1090 5730 1183 5788 illo
1217 5731 1551 5798 committas,
1588 5741 1702 5789 tum
1753 5732 1985 5801 teipsum
2016 5810 2046 5817 _

2085 4533 2338 4596 ὑπόθεσις
2372 4533 2584 4601 γέγονε.

2155 4623 2232 4676 Οὐ
2268 4623 2494 4677 δυνατὸν
2545 4625 2672 4688 τοὺς
2724 4625 2783 4677 ἐν
2834 4626 3003 4695 ἀρετῇ
3039 4625 3198 4690 ὄντας
3248 4630 3401 4700 παρά
3454 4632 3678 4684 πάντων

2087 4718 2306 4769 ἀκούειν
2335 4716 2537 4782 καλῶς,

2156 4831 2220 4884 Et
2241 4833 2290 4884 οί
2310 4830 2746 4901 παραδεχόμενοι
2773 4831 2944 4902 ἀκοὴν
2973 4833 3211 4903 ματαίαν
3235 4833 3341 4886 οὐκ
3362 4832 3430 4886 ἂν
3458 4833 3683 4902 τύχοιεν

2089 4924 2445 4995 συγγνώμης,
2476 4925 2528 4977 οι
2560 4923 2942 4989 διαϐάλλοντες
2999 4926 3095 4979 καὶ
3118 4925 3489 4996 λοιδοροῦντες
3516 4927 3686 4980 ποίαν

2087 5015 2301 5081 ἕξουσιν
2335 5013 2634 5083 ἀπολογίαν
2656 5033 2671 5081 ;

2163 5128 2256 5198 Μὴ
2287 5125 2365 5197 τῷ
2393 5127 2580 5191 κακῶς
2602 5094 2826 5182 ἀκούειν
2859 5129 3140 5202 ἀλγῶμεν,
3168 5131 3308 5185 ἀλλά
3341 5131 3422 5201 τῷ
3451 5129 3689 5192 δικαίως

2089 5219 2313 5275 ἀκούειν
2351 5220 2558 5284 κακῶς.

2161 5338 2226 5390 Οἱ
2264 5337 2446 5390 πολλοὶ
2481 5338 2590 5392 τῶν
2617 5337 2928 5410 ἀνθρώπιον
2958 5341 3066 5391 τῶν
3097 5339 3199 5408 μὲν
3247 5337 3396 5392 ἰδίων
3425 5339 3692 5410 ἁμαρτη-

2097 5431 2284 5500 μάτων
2336 5431 2630 5502 συνήγοροι
2664 5431 2931 5500 γίνονται,
2953 5432 3064 5487 τῶν
3092 5432 3147 5486 δὲ
3176 5432 3479 5502 ἀλλοτρίων
3512 5434 3696 5503 κατή-

2095 5540 2265 5592 γοροι.

2179 5637 2535 5708 Ἐπιστόμιζε
2582 5638 2675 5692 τὸν
2721 5639 3075 5694 διαϐάλλοντα
3105 5642 3163 5694 ἐν
3199 5641 3394 5701 ἀκοαῖς
3448 5655 3566 5698 σου,
3597 5637 3697 5692 ἴνα

2104 5729 2179 5800 μὴ
2212 5729 2408 5801 διπλῆν
2429 5730 2706 5802 ἁμαρτίαν
2726 5735 2822 5786 σὺν
2853 5722 3001 5804 αὐτῷ
3033 5731 3382 5804 ἁμαρτάνῃς,
3419 5731 3507 5784 καὶ
3546 5745 3698 5786 σαν·-
