  <div class='ocr_page' id='page_1' title='image "/cluster/home/n/w/nwhite01/storage/ocr_20150623/136/mdp.39015038093210/480.png"; bbox 0 0 3980 6248; ppageno 0'>
   <div class='ocr_carea' id='block_1_1' title="bbox 359 403 466 466">
    <p class='ocr_par' dir='ltr' id='par_1_1' title="bbox 359 403 466 466">
     <span class='ocr_line' id='line_1_1' title="bbox 359 403 466 466; baseline -0.028 0"><span class='ocrx_word' id='word_1_1' title='bbox 359 403 466 466; x_wconf 77' lang='grc'><strong>945</strong></span> 
     </span>
    </p>
   </div>
   <div class='ocr_carea' id='block_1_2' title="bbox 1225 394 2804 474">
    <p class='ocr_par' dir='ltr' id='par_1_2' title="bbox 1225 394 2804 474">
     <span class='ocr_line' id='line_1_2' title="bbox 1225 394 2804 474; baseline 0.003 -7"><span class='ocrx_word' id='word_1_2' title='bbox 1225 404 1397 467; x_wconf 84' lang='lat' dir='ltr'><strong>LOCI</strong></span> <span class='ocrx_word' id='word_1_3' title='bbox 1439 394 1981 470; x_wconf 33' lang='lat' dir='ltr'><strong>COMMUNESC—</strong></span> <span class='ocrx_word' id='word_1_4' title='bbox 2025 411 2220 471; x_wconf 80' lang='lat' dir='ltr'><strong>PARS</strong></span> <span class='ocrx_word' id='word_1_5' title='bbox 2245 411 2295 474; x_wconf 75' lang='grc' dir='ltr'><strong>ι.</strong></span> <span class='ocrx_word' id='word_1_6' title='bbox 2339 411 2598 472; x_wconf 82' lang='lat' dir='ltr'>SERMO</span> <span class='ocrx_word' id='word_1_7' title='bbox 2636 409 2804 471; x_wconf 80' lang='lat' dir='ltr'><strong>Lm.</strong></span> 
     </span>
    </p>
   </div>
   <div class='ocr_carea' id='block_1_3' title="bbox 3527 408 3630 470">
    <p class='ocr_par' dir='ltr' id='par_1_3' title="bbox 3527 408 3630 470">
     <span class='ocr_line' id='line_1_3' title="bbox 3527 408 3630 470; baseline 0.01 -1"><span class='ocrx_word' id='word_1_8' title='bbox 3527 408 3630 470; x_wconf 67' lang='lat'><strong>945</strong></span> 
     </span>
    </p>
   </div>
   <div class='ocr_carea' id='block_1_4' title="bbox 351 515 1988 609">
    <p class='ocr_par' dir='ltr' id='par_1_4' title="bbox 351 515 1988 594">
     <span class='ocr_line' id='line_1_4' title="bbox 351 515 1988 594; baseline 0.004 -24"><span class='ocrx_word' id='word_1_9' title='bbox 351 521 450 573; x_wconf 70' lang='grc' dir='ltr'>τὸν</span> <span class='ocrx_word' id='word_1_10' title='bbox 481 516 714 590; x_wconf 78' lang='grc' dir='ltr'>ὀλεθρίῳ</span> <span class='ocrx_word' id='word_1_11' title='bbox 755 515 922 573; x_wconf 82' lang='grc' dir='ltr'><strong>πάθει</strong></span> <span class='ocrx_word' id='word_1_12' title='bbox 952 517 1171 584; x_wconf 76' lang='grc' dir='ltr'>ἐθίζων,</span> <span class='ocrx_word' id='word_1_13' title='bbox 1214 521 1468 576; x_wconf 82' lang='grc' dir='ltr'>κάκεῖνον</span> <span class='ocrx_word' id='word_1_14' title='bbox 1509 521 1653 576; x_wconf 79' lang='grc' dir='ltr'>κατὰ</span> <span class='ocrx_word' id='word_1_15' title='bbox 1681 521 1775 576; x_wconf 90' lang='grc' dir='ltr'><strong>τοῦ</strong></span> <span class='ocrx_word' id='word_1_16' title='bbox 1806 523 1948 594; x_wconf 86' lang='grc' dir='ltr'>πλη-</span> <span class='ocrx_word' id='word_1_17' title='bbox 1980 564 1988 585; x_wconf 42' lang='grc' dir='ltr'><em>Α</em></span> 
     </span>
    </p>
   </div>
   <div class='ocr_carea' id='block_1_5' title="bbox 2081 515 3675 609">
    <p class='ocr_par' dir='ltr' id='par_1_5' title="bbox 2081 522 3675 609">
     <span class='ocr_line' id='line_1_5' title="bbox 2081 522 3675 609; baseline -0.001 -27"><span class='ocrx_word' id='word_1_18' title='bbox 2081 526 2368 582; x_wconf 70' lang='lat' dir='ltr'><strong>vcrnlcioso</strong></span> <span class='ocrx_word' id='word_1_19' title='bbox 2397 525 2615 582; x_wconf 81' lang='lat' dir='ltr'><strong>ali‘ectui</strong></span> <span class='ocrx_word' id='word_1_20' title='bbox 2641 522 3039 592; x_wconf 80' lang='lat' dir='ltr'><strong>assuefaciens,</strong></span> <span class='ocrx_word' id='word_1_21' title='bbox 3070 525 3186 598; x_wconf 70' lang='lat'><strong>98</strong></span> <span class='ocrx_word' id='word_1_22' title='bbox 3222 533 3335 580; x_wconf 88' lang='lat' dir='ltr'><strong>tum</strong></span> <span class='ocrx_word' id='word_1_23' title='bbox 3369 525 3518 580; x_wconf 75' lang='lat' dir='ltr'><strong>illum</strong></span> <span class='ocrx_word' id='word_1_24' title='bbox 3541 526 3635 580; x_wconf 81' lang='lat' dir='ltr'><strong>ad-</strong></span> <span class='ocrx_word' id='word_1_25' title='bbox 3667 574 3675 609; x_wconf 49' lang='grc' dir='ltr'><em>τ</em></span> 
     </span>
    </p>
   </div>
   <div class='ocr_carea' id='block_1_6' title="bbox 365 606 1830 684">
    <p class='ocr_par' dir='ltr' id='par_1_6' title="bbox 365 606 1830 684">
     <span class='ocr_line' id='line_1_6' title="bbox 365 606 1830 684; baseline 0.006 -22"><span class='ocrx_word' id='word_1_26' title='bbox 365 611 479 663; x_wconf 89' lang='grc' dir='ltr'>σίον</span> <span class='ocrx_word' id='word_1_27' title='bbox 510 611 775 679; x_wconf 83' lang='grc' dir='ltr'><strong>φλυαρεῖν</strong></span> <span class='ocrx_word' id='word_1_28' title='bbox 799 606 898 664; x_wconf 67' lang='grc' dir='ltr'><strong>οὐκ</strong></span> <span class='ocrx_word' id='word_1_29' title='bbox 931 610 1280 668; x_wconf 78' lang='grc' dir='ltr'>ἀνακόπτων.</span> <span class='ocrx_word' id='word_1_30' title='bbox 1827 681 1830 684; x_wconf 29' lang='grc'><strong>,</strong></span> 
     </span>
    </p>
   </div>
   <div class='ocr_carea' id='block_1_7' title="bbox 440 701 1946 782">
    <p class='ocr_par' dir='ltr' id='par_1_7' title="bbox 440 701 1946 782">
     <span class='ocr_line' id='line_1_7' title="bbox 440 701 1946 782; baseline 0.005 -27"><span class='ocrx_word' id='word_1_31' title='bbox 440 704 537 766; x_wconf 87' lang='grc' dir='ltr'>Ὃς</span> <span class='ocrx_word' id='word_1_32' title='bbox 567 703 810 772; x_wconf 82' lang='grc' dir='ltr'>εὐχερῶς</span> <span class='ocrx_word' id='word_1_33' title='bbox 838 701 939 766; x_wconf 84' lang='grc' dir='ltr'><strong>τὰς</strong></span> <span class='ocrx_word' id='word_1_34' title='bbox 986 702 1278 773; x_wconf 77' lang='grc' dir='ltr'><strong>ἀλλοτρίας</strong></span> <span class='ocrx_word' id='word_1_35' title='bbox 1312 706 1567 782; x_wconf 85' lang='grc' dir='ltr'>διαϐολὰς</span> <span class='ocrx_word' id='word_1_36' title='bbox 1597 708 1946 779; x_wconf 77' lang='grc' dir='ltr'><strong>ἀποδέχεται,</strong></span> 
     </span>
    </p>
   </div>
   <div class='ocr_carea' id='block_1_8' title="bbox 366 789 1951 878">
    <p class='ocr_par' dir='ltr' id='par_1_8' title="bbox 366 789 1951 878">
     <span class='ocr_line' id='line_1_8' title="bbox 366 789 1951 878; baseline 0.003 -29"><span class='ocrx_word' id='word_1_37' title='bbox 366 794 487 849; x_wconf 80' lang='grc' dir='ltr'>οὐδὲ</span> <span class='ocrx_word' id='word_1_38' title='bbox 516 796 624 850; x_wconf 84' lang='grc' dir='ltr'>τῶν</span> <span class='ocrx_word' id='word_1_39' title='bbox 661 795 868 864; x_wconf 75' lang='grc' dir='ltr'>ὁμοίων</span> <span class='ocrx_word' id='word_1_40' title='bbox 912 789 1072 861; x_wconf 74' lang='grc' dir='ltr'>οὗτος</span> <span class='ocrx_word' id='word_1_41' title='bbox 1119 797 1389 878; x_wconf 82' lang='grc' dir='ltr'>ἀπέχεται</span> <span class='ocrx_word' id='word_1_42' title='bbox 1415 800 1701 868; x_wconf 80' lang='grc' dir='ltr'>πράξεων.</span> <span class='ocrx_word' id='word_1_43' title='bbox 1747 801 1811 854; x_wconf 86' lang='grc' dir='ltr'><strong><em>Ὴ</em></strong></span> <span class='ocrx_word' id='word_1_44' title='bbox 1839 800 1951 871; x_wconf 81' lang='grc' dir='ltr'>γὰρ</span> 
     </span>
    </p>
   </div>
   <div class='ocr_carea' id='block_1_9' title="bbox 366 883 1952 960">
    <p class='ocr_par' dir='ltr' id='par_1_9' title="bbox 366 883 1952 960">
     <span class='ocr_line' id='line_1_9' title="bbox 366 883 1952 960; baseline 0.006 -23"><span class='ocrx_word' id='word_1_45' title='bbox 366 884 597 956; x_wconf 75' lang='grc' dir='ltr'>ἐργασία</span> <span class='ocrx_word' id='word_1_46' title='bbox 629 883 724 940; x_wconf 82' lang='grc' dir='ltr'><strong>τοῦ</strong></span> <span class='ocrx_word' id='word_1_47' title='bbox 750 885 1180 958; x_wconf 73' lang='grc' dir='ltr'><strong>ἐπιτηδεύματος</strong></span> <span class='ocrx_word' id='word_1_48' title='bbox 1206 889 1289 954; x_wconf 84' lang='grc' dir='ltr'><strong>εἰς</strong></span> <span class='ocrx_word' id='word_1_49' title='bbox 1322 890 1609 945; x_wconf 78' lang='grc' dir='ltr'>κοινωνίαν</span> <span class='ocrx_word' id='word_1_50' title='bbox 1641 892 1788 960; x_wconf 78' lang='grc' dir='ltr'>φιλεῖ</span> <span class='ocrx_word' id='word_1_51' title='bbox 1817 890 1952 946; x_wconf 86' lang='grc' dir='ltr'>καθ-</span> 
     </span>
    </p>
   </div>
   <div class='ocr_carea' id='block_1_10' title="bbox 366 973 1072 1033">
    <p class='ocr_par' dir='ltr' id='par_1_10' title="bbox 366 973 1072 1033">
     <span class='ocr_line' id='line_1_10' title="bbox 366 973 1072 1033; baseline 0.01 -7"><span class='ocrx_word' id='word_1_52' title='bbox 366 973 546 1028; x_wconf 84' lang='grc' dir='ltr'>έλκειν</span> <span class='ocrx_word' id='word_1_53' title='bbox 571 975 666 1029; x_wconf 72' lang='grc' dir='ltr'><strong>καὶ</strong></span> <span class='ocrx_word' id='word_1_54' title='bbox 689 977 779 1030; x_wconf 83' lang='grc' dir='ltr'>τὸν</span> <span class='ocrx_word' id='word_1_55' title='bbox 807 977 1072 1033; x_wconf 76' lang='grc' dir='ltr'>ἀναίτιον.</span> 
     </span>
    </p>
   </div>
   <div class='ocr_carea' id='block_1_11' title="bbox 439 1153 1786 1231">
    <p class='ocr_par' dir='ltr' id='par_1_11' title="bbox 439 1153 1786 1231">
     <span class='ocr_line' id='line_1_11' title="bbox 439 1153 1786 1231; baseline 0.007 -24"><span class='ocrx_word' id='word_1_56' title='bbox 439 1153 669 1210; x_wconf 81' lang='grc' dir='ltr'>Γλῶσσα</span> <span class='ocrx_word' id='word_1_57' title='bbox 700 1154 1025 1228; x_wconf 76' lang='grc' dir='ltr'>βλάσφημος</span> <span class='ocrx_word' id='word_1_58' title='bbox 1054 1157 1296 1223; x_wconf 73' lang='grc' dir='ltr'><strong>διανοίας</strong></span> <span class='ocrx_word' id='word_1_59' title='bbox 1331 1160 1508 1229; x_wconf 82' lang='grc' dir='ltr'>κακῆς</span> <span class='ocrx_word' id='word_1_60' title='bbox 1544 1160 1786 1231; x_wconf 70' lang='grc' dir='ltr'>ἔλεγχος.</span> 
     </span>
    </p>
   </div>
   <div class='ocr_carea' id='block_1_12' title="bbox 354 1261 370 1395">
    <p class='ocr_par' dir='ltr' id='par_1_12' title="bbox 354 1275 370 1395">
     <span class='ocr_line' id='line_1_12' title="bbox 354 1275 370 1395; baseline 0 0"><span class='ocrx_word' id='word_1_61' title='bbox 354 1275 370 1395; x_wconf 69' lang='grc' dir='ltr'><em>ἑ</em></span> 
     </span>
    </p>
   </div>
   <div class='ocr_carea' id='block_1_13' title="bbox 443 1330 1951 1410">
    <p class='ocr_par' dir='ltr' id='par_1_13' title="bbox 443 1330 1951 1410">
     <span class='ocr_line' id='line_1_13' title="bbox 443 1330 1951 1410; baseline 0.004 -24"><span class='ocrx_word' id='word_1_62' title='bbox 443 1330 712 1403; x_wconf 80' lang='grc' dir='ltr'><strong>Καθάπερ</strong></span> <span class='ocrx_word' id='word_1_63' title='bbox 749 1336 782 1404; x_wconf 76' lang='grc' dir='ltr'><strong>ἠ</strong></span> <span class='ocrx_word' id='word_1_64' title='bbox 833 1335 1139 1402; x_wconf 80' lang='grc' dir='ltr'><strong>Αἰσώπειος</strong></span> <span class='ocrx_word' id='word_1_65' title='bbox 1183 1337 1494 1405; x_wconf 78' lang='grc' dir='ltr'>ἀλεκτορὶς,</span> <span class='ocrx_word' id='word_1_66' title='bbox 1526 1339 1664 1410; x_wconf 76' lang='grc' dir='ltr'>πρὸς</span> <span class='ocrx_word' id='word_1_67' title='bbox 1713 1339 1813 1410; x_wconf 76' lang='grc' dir='ltr'>τὴν</span> <span class='ocrx_word' id='word_1_68' title='bbox 1863 1339 1951 1394; x_wconf 83' lang='grc' dir='ltr'><strong>αῐ-</strong></span> 
     </span>
    </p>
   </div>
   <div class='ocr_carea' id='block_1_14' title="bbox 369 1423 1951 1499">
    <p class='ocr_par' dir='ltr' id='par_1_14' title="bbox 369 1423 1951 1499">
     <span class='ocr_line' id='line_1_14' title="bbox 369 1423 1951 1499; baseline 0.005 -25"><span class='ocrx_word' id='word_1_69' title='bbox 369 1423 563 1492; x_wconf 90' lang='grc' dir='ltr'>λουρον</span> <span class='ocrx_word' id='word_1_70' title='bbox 578 1424 652 1488; x_wconf 84' lang='grc' dir='ltr'><strong>ὡς</strong></span> <span class='ocrx_word' id='word_1_71' title='bbox 671 1424 735 1494; x_wconf 82' lang='grc' dir='ltr'>δὴ</span> <span class='ocrx_word' id='word_1_72' title='bbox 759 1427 882 1480; x_wconf 87' lang='grc' dir='ltr'>κατ’</span> <span class='ocrx_word' id='word_1_73' title='bbox 904 1427 1138 1494; x_wconf 76' lang='grc' dir='ltr'>εὔνοιαν,</span> <span class='ocrx_word' id='word_1_74' title='bbox 1164 1429 1334 1499; x_wconf 81' lang='grc' dir='ltr'>αὐτῆς</span> <span class='ocrx_word' id='word_1_75' title='bbox 1354 1430 1640 1499; x_wconf 81' lang='grc' dir='ltr'><strong>νοσούσης,</strong></span> <span class='ocrx_word' id='word_1_76' title='bbox 1661 1429 1809 1493; x_wconf 86' lang='grc' dir='ltr'>ὅπως</span> <span class='ocrx_word' id='word_1_77' title='bbox 1838 1428 1951 1499; x_wconf 77' lang='grc' dir='ltr'>ἔχει</span> 
     </span>
    </p>
   </div>
   <div class='ocr_carea' id='block_1_15' title="bbox 372 1515 1952 1592">
    <p class='ocr_par' dir='ltr' id='par_1_15' title="bbox 372 1515 1952 1592">
     <span class='ocr_line' id='line_1_15' title="bbox 372 1515 1952 1592; baseline 0.005 -24"><span class='ocrx_word' id='word_1_78' title='bbox 372 1515 812 1588; x_wconf 83' lang='grc' dir='ltr'><strong>πυνθανομένης,</strong></span> <span class='ocrx_word' id='word_1_79' title='bbox 839 1520 1061 1586; x_wconf 83' lang='grc' dir='ltr'>Καλῶς,</span> <span class='ocrx_word' id='word_1_80' title='bbox 1087 1517 1264 1587; x_wconf 77' lang='grc' dir='ltr'>εἶπεν,</span> <span class='ocrx_word' id='word_1_81' title='bbox 1292 1522 1358 1576; x_wconf 78' lang='grc' dir='ltr'>ἂν</span> <span class='ocrx_word' id='word_1_82' title='bbox 1394 1522 1460 1576; x_wconf 83' lang='grc' dir='ltr'>σὺ</span> <span class='ocrx_word' id='word_1_83' title='bbox 1490 1524 1739 1592; x_wconf 77' lang='grc' dir='ltr'><strong>ἀποστῇς</strong></span> <span class='ocrx_word' id='word_1_84' title='bbox 1762 1537 1778 1554; x_wconf 82' lang='grc'><strong><em>⁸</em></strong></span> <span class='ocrx_word' id='word_1_85' title='bbox 1809 1521 1952 1576; x_wconf 79' lang='grc' dir='ltr'>οῦτω</span> 
     </span>
    </p>
   </div>
   <div class='ocr_carea' id='block_1_16' title="bbox 372 1608 1953 1684">
    <p class='ocr_par' dir='ltr' id='par_1_16' title="bbox 372 1608 1953 1684">
     <span class='ocr_line' id='line_1_16' title="bbox 372 1608 1953 1684; baseline 0.01 -26"><span class='ocrx_word' id='word_1_86' title='bbox 372 1608 511 1677; x_wconf 77' lang='grc' dir='ltr'>πρὸς</span> <span class='ocrx_word' id='word_1_87' title='bbox 541 1610 785 1664; x_wconf 87' lang='grc' dir='ltr'>τοιοῦτον</span> <span class='ocrx_word' id='word_1_88' title='bbox 822 1613 1112 1683; x_wconf 78' lang='grc' dir='ltr'>ἄνθρωπον</span> <span class='ocrx_word' id='word_1_89' title='bbox 1140 1614 1453 1684; x_wconf 78' lang='grc' dir='ltr'>ἐμϐαλόντα</span> <span class='ocrx_word' id='word_1_90' title='bbox 1491 1613 1652 1683; x_wconf 89' lang='grc' dir='ltr'>λόγον</span> <span class='ocrx_word' id='word_1_91' title='bbox 1682 1612 1826 1684; x_wconf 75' lang='grc' dir='ltr'>ὑπὲρ</span> <span class='ocrx_word' id='word_1_92' title='bbox 1851 1611 1953 1680; x_wconf 83' lang='grc' dir='ltr'><strong>τῆς</strong></span> 
     </span>
    </p>
   </div>
   <div class='ocr_carea' id='block_1_17' title="bbox 373 1699 1952 1774">
    <p class='ocr_par' dir='ltr' id='par_1_17' title="bbox 373 1699 1952 1774">
     <span class='ocr_line' id='line_1_17' title="bbox 373 1699 1952 1774; baseline 0.003 -23"><span class='ocrx_word' id='word_1_93' title='bbox 373 1699 665 1770; x_wconf 81' lang='grc' dir='ltr'>διαφορᾶς,</span> <span class='ocrx_word' id='word_1_94' title='bbox 691 1703 784 1754; x_wconf 70' lang='grc' dir='ltr'><strong>καὶ</strong></span> <span class='ocrx_word' id='word_1_95' title='bbox 819 1703 1228 1774; x_wconf 78' lang='grc' dir='ltr'>πυνθανόμενον</span> <span class='ocrx_word' id='word_1_96' title='bbox 1277 1707 1369 1758; x_wconf 78' lang='grc' dir='ltr'>καὶ</span> <span class='ocrx_word' id='word_1_97' title='bbox 1421 1704 1798 1774; x_wconf 82' lang='grc' dir='ltr'>ὑπορύττοντα</span> <span class='ocrx_word' id='word_1_98' title='bbox 1843 1703 1952 1756; x_wconf 84' lang='grc' dir='ltr'><strong>τῶν</strong></span> 
     </span>
    </p>
   </div>
   <div class='ocr_carea' id='block_1_18' title="bbox 374 1793 1956 1867">
    <p class='ocr_par' dir='ltr' id='par_1_18' title="bbox 374 1793 1956 1867">
     <span class='ocr_line' id='line_1_18' title="bbox 374 1793 1956 1867; baseline 0.001 -21"><span class='ocrx_word' id='word_1_99' title='bbox 374 1794 710 1863; x_wconf 69' lang='grc' dir='ltr'>ἀπορρήτων</span> <span class='ocrx_word' id='word_1_100' title='bbox 744 1793 861 1849; x_wconf 79' lang='grc' dir='ltr'>ἔνια</span> <span class='ocrx_word' id='word_1_101' title='bbox 908 1797 1015 1867; x_wconf 83' lang='grc' dir='ltr'>χρὴ</span> <span class='ocrx_word' id='word_1_102' title='bbox 1073 1797 1278 1866; x_wconf 80' lang='grc' dir='ltr'>λέγειν’</span> <span class='ocrx_word' id='word_1_103' title='bbox 1315 1797 1457 1851; x_wconf 67' lang='grc' dir='ltr'><strong>⁹Αλλέ</strong></span> <span class='ocrx_word' id='word_1_104' title='bbox 1499 1795 1688 1866; x_wconf 76' lang='grc' dir='ltr'>ἔμοιγε</span> <span class='ocrx_word' id='word_1_105' title='bbox 1721 1795 1956 1864; x_wconf 81' lang='grc' dir='ltr'>πρᾶγμα</span> 
     </span>
    </p>
   </div>
   <div class='ocr_carea' id='block_1_19' title="bbox 376 1884 1414 1960">
    <p class='ocr_par' dir='ltr' id='par_1_19' title="bbox 376 1884 1414 1960">
     <span class='ocr_line' id='line_1_19' title="bbox 376 1884 1414 1960; baseline 0.007 -25"><span class='ocrx_word' id='word_1_106' title='bbox 376 1884 514 1952; x_wconf 73' lang='grc' dir='ltr'>πρὸς</span> <span class='ocrx_word' id='word_1_107' title='bbox 549 1885 778 1955; x_wconf 74' lang='grc' dir='ltr'>ἀδελφὺν</span> <span class='ocrx_word' id='word_1_108' title='bbox 808 1887 983 1954; x_wconf 77' lang='grc' dir='ltr'>οὐδὲν,</span> <span class='ocrx_word' id='word_1_109' title='bbox 1017 1888 1084 1944; x_wconf 77' lang='grc' dir='ltr'>ἄν</span> <span class='ocrx_word' id='word_1_110' title='bbox 1116 1889 1255 1960; x_wconf 78' lang='grc' dir='ltr'>μήτε</span> <span class='ocrx_word' id='word_1_111' title='bbox 1303 1888 1414 1957; x_wconf 76' lang='grc' dir='ltr'><strong>ἐγὼ</strong></span> 
     </span>
    </p>
   </div>
   <div class='ocr_carea' id='block_1_20' title="bbox 378 1977 1084 2049">
    <p class='ocr_par' dir='ltr' id='par_1_20' title="bbox 378 1977 1084 2049">
     <span class='ocr_line' id='line_1_20' title="bbox 378 1977 1084 2049; baseline 0.013 -23"><span class='ocrx_word' id='word_1_112' title='bbox 378 1977 656 2047; x_wconf 80' lang='grc' dir='ltr'><strong>προσέχω,</strong></span> <span class='ocrx_word' id='word_1_113' title='bbox 684 1981 824 2049; x_wconf 83' lang='grc' dir='ltr'>μήτε</span> <span class='ocrx_word' id='word_1_114' title='bbox 855 1979 1084 2043; x_wconf 71' lang='grc' dir='ltr'>ἐκεῖνος.</span> 
     </span>
    </p>
   </div>
   <div class='ocr_carea' id='block_1_21' title="bbox 449 2070 1954 2147">
    <p class='ocr_par' dir='ltr' id='par_1_21' title="bbox 449 2070 1954 2147">
     <span class='ocr_line' id='line_1_21' title="bbox 449 2070 1954 2147; baseline -0.001 -21"><span class='ocrx_word' id='word_1_115' title='bbox 449 2070 695 2144; x_wconf 78' lang='grc' dir='ltr'>Ψίθυρον</span> <span class='ocrx_word' id='word_1_116' title='bbox 741 2075 836 2128; x_wconf 74' lang='grc' dir='ltr'>καὶ</span> <span class='ocrx_word' id='word_1_117' title='bbox 888 2075 1134 2129; x_wconf 85' lang='grc' dir='ltr'>διάϐολον</span> <span class='ocrx_word' id='word_1_118' title='bbox 1163 2075 1335 2144; x_wconf 75' lang='grc' dir='ltr'>ἄνδρα</span> <span class='ocrx_word' id='word_1_119' title='bbox 1382 2077 1462 2147; x_wconf 74' lang='grc' dir='ltr'><strong>μη</strong></span> <span class='ocrx_word' id='word_1_120' title='bbox 1513 2073 1812 2147; x_wconf 80' lang='grc' dir='ltr'>προσδέχου</span> <span class='ocrx_word' id='word_1_121' title='bbox 1839 2087 1854 2104; x_wconf 78' lang='grc'><strong><em>⁸</em></strong></span> <span class='ocrx_word' id='word_1_122' title='bbox 1891 2072 1954 2126; x_wconf 86' lang='grc' dir='ltr'>οῦ</span> 
     </span>
    </p>
   </div>
   <div class='ocr_carea' id='block_1_22' title="bbox 355 2164 1956 2236">
    <p class='ocr_par' dir='ltr' id='par_1_22' title="bbox 355 2164 1956 2236">
     <span class='ocr_line' id='line_1_22' title="bbox 355 2164 1956 2236; baseline 0.002 -20"><span class='ocrx_word' id='word_1_123' title='bbox 355 2164 489 2236; x_wconf 78' lang='grc' dir='ltr'>’γὰρ</span> <span class='ocrx_word' id='word_1_124' title='bbox 517 2164 708 2220; x_wconf 65' lang='grc' dir='ltr'>ἓνεκεν</span> <span class='ocrx_word' id='word_1_125' title='bbox 737 2166 949 2230; x_wconf 79' lang='grc' dir='ltr'>εὐνοίας</span> <span class='ocrx_word' id='word_1_126' title='bbox 982 2167 1138 2222; x_wconf 86' lang='grc' dir='ltr'>τοῦτο</span> <span class='ocrx_word' id='word_1_127' title='bbox 1166 2170 1329 2224; x_wconf 78' lang='grc' dir='ltr'>ποιεῖ.</span> <span class='ocrx_word' id='word_1_128' title='bbox 1367 2167 1458 2233; x_wconf 85' lang='grc' dir='ltr'>Ὠς</span> <span class='ocrx_word' id='word_1_129' title='bbox 1489 2167 1599 2236; x_wconf 84' lang='grc' dir='ltr'><strong>γὰρ</strong></span> <span class='ocrx_word' id='word_1_130' title='bbox 1628 2167 1698 2222; x_wconf 81' lang='grc' dir='ltr'><strong>τὰ</strong></span> <span class='ocrx_word' id='word_1_131' title='bbox 1728 2165 1837 2221; x_wconf 85' lang='grc' dir='ltr'><strong>τῶν</strong></span> <span class='ocrx_word' id='word_1_132' title='bbox 1860 2165 1956 2220; x_wconf 81' lang='grc' dir='ltr'><strong>ἄλ-</strong></span> 
     </span>
    </p>
   </div>
   <div class='ocr_carea' id='block_1_23' title="bbox 380 2253 1958 2332">
    <p class='ocr_par' dir='ltr' id='par_1_23' title="bbox 380 2253 1958 2332">
     <span class='ocr_line' id='line_1_23' title="bbox 380 2253 1958 2332; baseline 0.003 -25"><span class='ocrx_word' id='word_1_133' title='bbox 380 2257 489 2310; x_wconf 87' lang='grc' dir='ltr'>λων</span> <span class='ocrx_word' id='word_1_134' title='bbox 522 2260 816 2332; x_wconf 72' lang='grc' dir='ltr'>ἀπόρρητα</span> <span class='ocrx_word' id='word_1_135' title='bbox 856 2259 1173 2329; x_wconf 78' lang='grc' dir='ltr'>ἀπεκάλυψέ</span> <span class='ocrx_word' id='word_1_136' title='bbox 1205 2277 1312 2328; x_wconf 83' lang='grc' dir='ltr'>σοι,</span> <span class='ocrx_word' id='word_1_137' title='bbox 1335 2253 1601 2324; x_wconf 73' lang='grc' dir='ltr'>ὡσαύτως</span> <span class='ocrx_word' id='word_1_138' title='bbox 1630 2259 1728 2313; x_wconf 76' lang='grc' dir='ltr'><strong>καὶ</strong></span> <span class='ocrx_word' id='word_1_139' title='bbox 1757 2259 1826 2313; x_wconf 77' lang='grc' dir='ltr'><strong>τὰ</strong></span> <span class='ocrx_word' id='word_1_140' title='bbox 1851 2258 1958 2312; x_wconf 78' lang='grc' dir='ltr'><strong>ὑπὸ</strong></span> 
     </span>
    </p>
   </div>
   <div class='ocr_carea' id='block_1_24' title="bbox 381 2351 1409 2424">
    <p class='ocr_par' dir='ltr' id='par_1_24' title="bbox 381 2351 1409 2424">
     <span class='ocr_line' id='line_1_24' title="bbox 381 2351 1409 2424; baseline 0.004 -21"><span class='ocrx_word' id='word_1_141' title='bbox 381 2351 476 2404; x_wconf 85' lang='grc' dir='ltr'><strong>σοῦ</strong></span> <span class='ocrx_word' id='word_1_142' title='bbox 507 2351 780 2422; x_wconf 85' lang='grc' dir='ltr'>λεγόμενα</span> <span class='ocrx_word' id='word_1_143' title='bbox 811 2353 1020 2422; x_wconf 80' lang='grc' dir='ltr'>ἑτέροις</span> <span class='ocrx_word' id='word_1_144' title='bbox 1050 2353 1409 2424; x_wconf 83' lang='grc' dir='ltr'>ἀναθήσεται.</span> 
     </span>
    </p>
   </div>
   <div class='ocr_carea' id='block_1_25' title="bbox 462 2443 1958 2516">
    <p class='ocr_par' dir='ltr' id='par_1_25' title="bbox 462 2443 1958 2516">
     <span class='ocr_line' id='line_1_25' title="bbox 462 2443 1958 2516; baseline -0.001 -18"><span class='ocrx_word' id='word_1_145' title='bbox 462 2445 601 2498; x_wconf 80' lang='grc' dir='ltr'>Ὑπὸ</span> <span class='ocrx_word' id='word_1_146' title='bbox 648 2445 862 2500; x_wconf 78' lang='grc' dir='ltr'>πολλῶν</span> <span class='ocrx_word' id='word_1_147' title='bbox 905 2443 1288 2500; x_wconf 83' lang='grc' dir='ltr'>διαϐάλλεσθαι</span> <span class='ocrx_word' id='word_1_148' title='bbox 1332 2444 1524 2498; x_wconf 81' lang='grc' dir='ltr'>κακῶν</span> <span class='ocrx_word' id='word_1_149' title='bbox 1575 2443 1700 2498; x_wconf 72' lang='grc' dir='ltr'>οὔτε</span> <span class='ocrx_word' id='word_1_150' title='bbox 1757 2443 1958 2516; x_wconf 77' lang='grc' dir='ltr'>ἀληθὲς</span> 
     </span>
    </p>
   </div>
   <div class='ocr_carea' id='block_1_26' title="bbox 359 2521 1960 2613">
    <p class='ocr_par' dir='ltr' id='par_1_26' title="bbox 359 2521 1960 2613">
     <span class='ocr_line' id='line_1_26' title="bbox 359 2521 1960 2613; baseline -0.002 -22"><span class='ocrx_word' id='word_1_151' title='bbox 359 2521 505 2591; x_wconf 56' lang='grc' dir='ltr'><strong>Δοὔτε</strong></span> <span class='ocrx_word' id='word_1_152' title='bbox 540 2538 592 2608; x_wconf 81' lang='grc' dir='ltr'><strong>β)</strong></span> <span class='ocrx_word' id='word_1_153' title='bbox 605 2538 801 2613; x_wconf 81' lang='grc' dir='ltr'>αϐερόν</span> <span class='ocrx_word' id='word_1_154' title='bbox 820 2556 836 2572; x_wconf 88' lang='grc'><strong>·</strong></span> <span class='ocrx_word' id='word_1_155' title='bbox 865 2539 926 2592; x_wconf 80' lang='grc' dir='ltr'>τὸ</span> <span class='ocrx_word' id='word_1_156' title='bbox 954 2538 1011 2592; x_wconf 82' lang='grc' dir='ltr'>δὲ</span> <span class='ocrx_word' id='word_1_157' title='bbox 1042 2537 1134 2608; x_wconf 85' lang='grc' dir='ltr'><strong>ὑφ’</strong></span> <span class='ocrx_word' id='word_1_158' title='bbox 1165 2535 1283 2600; x_wconf 76' lang='grc' dir='ltr'>ἑνὸς</span> <span class='ocrx_word' id='word_1_159' title='bbox 1313 2534 1521 2605; x_wconf 80' lang='grc' dir='ltr'>ἀγαθοῦ</span> <span class='ocrx_word' id='word_1_160' title='bbox 1563 2535 1830 2606; x_wconf 77' lang='grc' dir='ltr'><strong>ψέγεσθαι</strong></span> <span class='ocrx_word' id='word_1_161' title='bbox 1863 2535 1960 2589; x_wconf 73' lang='grc' dir='ltr'>καὶ</span> 
     </span>
    </p>
   </div>
   <div class='ocr_carea' id='block_1_27' title="bbox 378 2630 1060 2694">
    <p class='ocr_par' dir='ltr' id='par_1_27' title="bbox 378 2630 1060 2694">
     <span class='ocr_line' id='line_1_27' title="bbox 378 2630 1060 2694; baseline 0.003 -12"><span class='ocrx_word' id='word_1_162' title='bbox 378 2630 596 2694; x_wconf 77' lang='grc' dir='ltr'>ἀληθὲς,</span> <span class='ocrx_word' id='word_1_163' title='bbox 629 2632 724 2684; x_wconf 69' lang='grc' dir='ltr'><strong>καλ⁵</strong></span> <span class='ocrx_word' id='word_1_164' title='bbox 757 2630 1060 2694; x_wconf 83' lang='grc' dir='ltr'>λυσιτελές.</span> 
     </span>
    </p>
   </div>
   <div class='ocr_carea' id='block_1_28' title="bbox 455 2721 1954 2795">
    <p class='ocr_par' dir='ltr' id='par_1_28' title="bbox 455 2721 1954 2795">
     <span class='ocr_line' id='line_1_28' title="bbox 455 2721 1954 2795; baseline 0.003 -22"><span class='ocrx_word' id='word_1_165' title='bbox 455 2722 615 2786; x_wconf 85' lang='grc' dir='ltr'>Τινὸς</span> <span class='ocrx_word' id='word_1_166' title='bbox 664 2723 920 2794; x_wconf 82' lang='grc' dir='ltr'>σοφιστοῦ</span> <span class='ocrx_word' id='word_1_167' title='bbox 967 2725 1295 2795; x_wconf 78' lang='grc' dir='ltr'><strong>αἰτιωμένου</strong></span> <span class='ocrx_word' id='word_1_168' title='bbox 1323 2722 1513 2790; x_wconf 80' lang='grc' dir='ltr'>αὑτὸν,</span> <span class='ocrx_word' id='word_1_169' title='bbox 1553 2722 1648 2775; x_wconf 77' lang='grc' dir='ltr'>καὶ</span> <span class='ocrx_word' id='word_1_170' title='bbox 1677 2721 1954 2790; x_wconf 83' lang='grc' dir='ltr'>λέγοντος,</span> 
     </span>
    </p>
   </div>
   <div class='ocr_carea' id='block_1_29' title="bbox 387 2813 1958 2885">
    <p class='ocr_par' dir='ltr' id='par_1_29' title="bbox 387 2813 1958 2885">
     <span class='ocr_line' id='line_1_29' title="bbox 387 2813 1958 2885; baseline 0 -18"><span class='ocrx_word' id='word_1_171' title='bbox 387 2813 483 2868; x_wconf 81' lang='grc' dir='ltr'><strong>Διά</strong></span> <span class='ocrx_word' id='word_1_172' title='bbox 515 2815 570 2868; x_wconf 88' lang='grc' dir='ltr'><strong>τί</strong></span> <span class='ocrx_word' id='word_1_173' title='bbox 603 2833 671 2885; x_wconf 87' lang='grc' dir='ltr'><strong>με</strong></span> <span class='ocrx_word' id='word_1_174' title='bbox 695 2813 883 2878; x_wconf 85' lang='grc' dir='ltr'>κακῶς</span> <span class='ocrx_word' id='word_1_175' title='bbox 908 2814 1127 2884; x_wconf 82' lang='grc' dir='ltr'>λέγεις;</span> <span class='ocrx_word' id='word_1_176' title='bbox 1152 2813 1276 2868; x_wconf 87' lang='grc' dir='ltr'>Ὅτι</span> <span class='ocrx_word' id='word_1_177' title='bbox 1311 2815 1388 2884; x_wconf 82' lang='grc' dir='ltr'>μὴ</span> <span class='ocrx_word' id='word_1_178' title='bbox 1422 2815 1808 2883; x_wconf 74' lang='grc' dir='ltr'>καταφρονεῖς,</span> <span class='ocrx_word' id='word_1_179' title='bbox 1829 2813 1958 2885; x_wconf 75' lang='grc' dir='ltr'>ἔφη,</span> 
     </span>
    </p>
   </div>
   <div class='ocr_carea' id='block_1_30' title="bbox 383 2909 968 2980">
    <p class='ocr_par' dir='ltr' id='par_1_30' title="bbox 383 2909 968 2980">
     <span class='ocr_line' id='line_1_30' title="bbox 383 2909 968 2980; baseline 0.003 -18"><span class='ocrx_word' id='word_1_180' title='bbox 383 2909 476 2963; x_wconf 69' lang='grc' dir='ltr'><strong>τὸν</strong></span> <span class='ocrx_word' id='word_1_181' title='bbox 505 2910 696 2974; x_wconf 83' lang='grc' dir='ltr'>κακῶς</span> <span class='ocrx_word' id='word_1_182' title='bbox 717 2910 968 2980; x_wconf 90' lang='grc' dir='ltr'>λέγοντα.</span> 
     </span>
    </p>
   </div>
   <div class='ocr_carea' id='block_1_31' title="bbox 457 3002 1962 3075">
    <p class='ocr_par' dir='ltr' id='par_1_31' title="bbox 457 3002 1962 3075">
     <span class='ocr_line' id='line_1_31' title="bbox 457 3002 1962 3075; baseline 0.002 -19"><span class='ocrx_word' id='word_1_183' title='bbox 457 3002 756 3057; x_wconf 85' lang='grc' dir='ltr'>Πελοπίδου</span> <span class='ocrx_word' id='word_1_184' title='bbox 801 3003 1049 3074; x_wconf 84' lang='grc' dir='ltr'>ἀνδρείου</span> <span class='ocrx_word' id='word_1_185' title='bbox 1094 3006 1432 3075; x_wconf 69' lang='grc' dir='ltr'>στρατιώτου</span> <span class='ocrx_word' id='word_1_186' title='bbox 1471 3002 1857 3075; x_wconf 87' lang='grc' dir='ltr'>διαϐληθέντος</span> <span class='ocrx_word' id='word_1_187' title='bbox 1881 3004 1962 3074; x_wconf 81' lang='grc' dir='ltr'><strong>τῷ</strong></span> 
     </span>
    </p>
   </div>
   <div class='ocr_carea' id='block_1_32' title="bbox 385 3095 1960 3167">
    <p class='ocr_par' dir='ltr' id='par_1_32' title="bbox 385 3095 1960 3167">
     <span class='ocr_line' id='line_1_32' title="bbox 385 3095 1960 3167; baseline 0.003 -21"><span class='ocrx_word' id='word_1_188' title='bbox 385 3095 736 3164; x_wconf 77' lang='grc' dir='ltr'>Δημώνακτι,</span> <span class='ocrx_word' id='word_1_189' title='bbox 766 3096 838 3158; x_wconf 84' lang='grc' dir='ltr'>ὠς</span> <span class='ocrx_word' id='word_1_190' title='bbox 865 3095 1322 3167; x_wconf 82' lang='grc' dir='ltr'>βλασφημοῦντος</span> <span class='ocrx_word' id='word_1_191' title='bbox 1353 3097 1538 3164; x_wconf 78' lang='grc' dir='ltr'>αὑτὸν,</span> <span class='ocrx_word' id='word_1_192' title='bbox 1579 3095 1722 3165; x_wconf 87' lang='grc' dir='ltr'><strong>Ἐγὼ</strong></span> <span class='ocrx_word' id='word_1_193' title='bbox 1751 3097 1820 3150; x_wconf 79' lang='grc' dir='ltr'><strong>τὰ</strong></span> <span class='ocrx_word' id='word_1_194' title='bbox 1862 3098 1960 3167; x_wconf 81' lang='grc' dir='ltr'>μὲν</span> 
     </span>
    </p>
   </div>
   <div class='ocr_carea' id='block_1_33' title="bbox 379 3185 1959 3264">
    <p class='ocr_par' dir='ltr' id='par_1_33' title="bbox 379 3185 1959 3264">
     <span class='ocr_line' id='line_1_33' title="bbox 379 3185 1959 3264; baseline 0.003 -24"><span class='ocrx_word' id='word_1_195' title='bbox 379 3185 538 3264; x_wconf 65' lang='grc' dir='ltr'>ἔργα,</span> <span class='ocrx_word' id='word_1_196' title='bbox 564 3187 691 3256; x_wconf 79' lang='grc' dir='ltr'>ἔφη,</span> <span class='ocrx_word' id='word_1_197' title='bbox 735 3187 900 3240; x_wconf 87' lang='grc' dir='ltr'>αὐτοῦ</span> <span class='ocrx_word' id='word_1_198' title='bbox 949 3186 1157 3256; x_wconf 81' lang='grc' dir='ltr'><strong>βλέπω,</strong></span> <span class='ocrx_word' id='word_1_199' title='bbox 1183 3188 1272 3263; x_wconf 73' lang='grc' dir='ltr'>τὸν</span> <span class='ocrx_word' id='word_1_200' title='bbox 1301 3187 1357 3240; x_wconf 84' lang='grc' dir='ltr'>δὲ</span> <span class='ocrx_word' id='word_1_201' title='bbox 1407 3187 1566 3254; x_wconf 90' lang='grc' dir='ltr'>λόγον</span> <span class='ocrx_word' id='word_1_202' title='bbox 1592 3189 1695 3242; x_wconf 80' lang='grc' dir='ltr'>οὐκ</span> <span class='ocrx_word' id='word_1_203' title='bbox 1729 3189 1959 3257; x_wconf 71' lang='grc' dir='ltr'>ἥκουσα.</span> 
     </span>
    </p>
   </div>
   <div class='ocr_carea' id='block_1_34' title="bbox 385 3255 2033 3351">
    <p class='ocr_par' dir='ltr' id='par_1_34' title="bbox 385 3255 2033 3351">
     <span class='ocr_line' id='line_1_34' title="bbox 385 3255 2033 3351; baseline 0.002 -19"><span class='ocrx_word' id='word_1_204' title='bbox 385 3279 473 3333; x_wconf 82' lang='lat' dir='ltr'><strong>Al.</strong></span> <span class='ocrx_word' id='word_1_205' title='bbox 522 3255 827 3344; x_wconf 86' lang='grc' dir='ltr'>Πελοπίδας</span> <span class='ocrx_word' id='word_1_206' title='bbox 874 3255 1126 3349; x_wconf 75' lang='grc' dir='ltr'>ἀνδρείου</span> <span class='ocrx_word' id='word_1_207' title='bbox 1186 3256 1522 3351; x_wconf 80' lang='grc' dir='ltr'>στρατιώτου</span> <span class='ocrx_word' id='word_1_208' title='bbox 1576 3255 2033 3351; x_wconf 68' lang='grc' dir='ltr'><strong>διοιϐληθέντος(Ξ</strong></span> 
     </span>
    </p>
   </div>
   <div class='ocr_carea' id='block_1_35' title="bbox 382 3372 1434 3445">
    <p class='ocr_par' dir='ltr' id='par_1_35' title="bbox 382 3372 1434 3445">
     <span class='ocr_line' id='line_1_35' title="bbox 382 3372 1434 3445; baseline 0.003 -18"><span class='ocrx_word' id='word_1_209' title='bbox 382 3372 553 3443; x_wconf 82' lang='grc' dir='ltr'>αὐτῷ,</span> <span class='ocrx_word' id='word_1_210' title='bbox 599 3374 672 3436; x_wconf 85' lang='grc' dir='ltr'>ὡς</span> <span class='ocrx_word' id='word_1_211' title='bbox 707 3374 1178 3445; x_wconf 78' lang='grc' dir='ltr'>βλασφημοῦντος,</span> <span class='ocrx_word' id='word_1_212' title='bbox 1207 3392 1260 3429; x_wconf 87' lang='grc' dir='ltr'><strong>κ.</strong></span> <span class='ocrx_word' id='word_1_213' title='bbox 1293 3391 1350 3429; x_wconf 87' lang='grc' dir='ltr'>τ.</span> <span class='ocrx_word' id='word_1_214' title='bbox 1381 3376 1434 3430; x_wconf 90' lang='grc' dir='ltr'><strong>λ.</strong></span> 
     </span>
    </p>
   </div>
   <div class='ocr_carea' id='block_1_36' title="bbox 533 3465 1514 3538">
    <p class='ocr_par' dir='ltr' id='par_1_36' title="bbox 533 3465 1514 3538">
     <span class='ocr_line' id='line_1_36' title="bbox 533 3465 1514 3538; baseline 0 -20"><span class='ocrx_word' id='word_1_215' title='bbox 533 3465 721 3518; x_wconf 84' lang='grc' dir='ltr'>Ἥδιον</span> <span class='ocrx_word' id='word_1_216' title='bbox 750 3465 922 3533; x_wconf 78' lang='grc' dir='ltr'>οὐδὲν,</span> <span class='ocrx_word' id='word_1_217' title='bbox 954 3466 1077 3520; x_wconf 78' lang='grc' dir='ltr'><strong>οὐδὲ</strong></span> <span class='ocrx_word' id='word_1_218' title='bbox 1111 3466 1514 3538; x_wconf 82' lang='grc' dir='ltr'>μουσικώτερον</span> 
     </span>
    </p>
   </div>
   <div class='ocr_carea' id='block_1_37' title="bbox 531 3559 1717 3633">
    <p class='ocr_par' dir='ltr' id='par_1_37' title="bbox 531 3559 1717 3633">
     <span class='ocr_line' id='line_1_37' title="bbox 531 3559 1717 3633; baseline 0.006 -23"><span class='ocrx_word' id='word_1_219' title='bbox 531 3559 682 3611; x_wconf 70' lang='grc' dir='ltr'><strong>Ἐπ’</strong></span> <span class='ocrx_word' id='word_1_220' title='bbox 717 3561 752 3628; x_wconf 82' lang='grc' dir='ltr'>ἢ</span> <span class='ocrx_word' id='word_1_221' title='bbox 782 3559 1042 3612; x_wconf 87' lang='grc' dir='ltr'>δύνασθαι</span> <span class='ocrx_word' id='word_1_222' title='bbox 1064 3559 1474 3631; x_wconf 82' lang='grc' dir='ltr'>λοιδορούμενον</span> <span class='ocrx_word' id='word_1_223' title='bbox 1503 3561 1717 3633; x_wconf 79' lang='grc' dir='ltr'>φέρειν.</span> 
     </span>
    </p>
   </div>
   <div class='ocr_carea' id='block_1_38' title="bbox 528 3648 1741 3720">
    <p class='ocr_par' dir='ltr' id='par_1_38' title="bbox 528 3648 1741 3720">
     <span class='ocr_line' id='line_1_38' title="bbox 528 3648 1741 3720; baseline 0 -17"><span class='ocrx_word' id='word_1_224' title='bbox 528 3649 639 3703; x_wconf 78' lang='grc' dir='ltr'><strong>Καὶ</strong></span> <span class='ocrx_word' id='word_1_225' title='bbox 659 3649 787 3720; x_wconf 80' lang='grc' dir='ltr'>’γὰρ</span> <span class='ocrx_word' id='word_1_226' title='bbox 817 3651 844 3702; x_wconf 86' lang='grc' dir='ltr'>ὀ</span> <span class='ocrx_word' id='word_1_227' title='bbox 880 3648 1156 3720; x_wconf 79' lang='grc' dir='ltr'>λοιδορῶν,</span> <span class='ocrx_word' id='word_1_228' title='bbox 1187 3649 1253 3703; x_wconf 82' lang='grc' dir='ltr'>ἂν</span> <span class='ocrx_word' id='word_1_229' title='bbox 1278 3653 1306 3704; x_wconf 76' lang='grc' dir='ltr'><strong>ὁ</strong></span> <span class='ocrx_word' id='word_1_230' title='bbox 1333 3650 1741 3720; x_wconf 81' lang='grc' dir='ltr'>λοιδορούμενος</span> 
     </span>
    </p>
   </div>
   <div class='ocr_carea' id='block_1_39' title="bbox 528 3739 1748 3810">
    <p class='ocr_par' dir='ltr' id='par_1_39' title="bbox 528 3739 1748 3810">
     <span class='ocr_line' id='line_1_39' title="bbox 528 3739 1748 3810; baseline 0.001 -18"><span class='ocrx_word' id='word_1_231' title='bbox 528 3740 620 3810; x_wconf 76' lang='grc' dir='ltr'><strong>Μὴ</strong></span> <span class='ocrx_word' id='word_1_232' title='bbox 651 3740 1040 3810; x_wconf 76' lang='grc' dir='ltr'>προσποιῆται,</span> <span class='ocrx_word' id='word_1_233' title='bbox 1065 3739 1386 3807; x_wconf 87' lang='grc' dir='ltr'>λοιδορεῖται</span> <span class='ocrx_word' id='word_1_234' title='bbox 1412 3741 1440 3792; x_wconf 76' lang='grc' dir='ltr'>ὁ</span> <span class='ocrx_word' id='word_1_235' title='bbox 1471 3739 1748 3809; x_wconf 86' lang='grc' dir='ltr'>λοιδορῶν.</span> 
     </span>
    </p>
   </div>
   <div class='ocr_carea' id='block_1_40' title="bbox 537 3920 1594 3990">
    <p class='ocr_par' dir='ltr' id='par_1_40' title="bbox 537 3920 1594 3990">
     <span class='ocr_line' id='line_1_40' title="bbox 537 3920 1594 3990; baseline 0.002 -18"><span class='ocrx_word' id='word_1_236' title='bbox 537 3922 726 3983; x_wconf 86' lang='grc' dir='ltr'>Ὅστις</span> <span class='ocrx_word' id='word_1_237' title='bbox 754 3920 1029 3985; x_wconf 81' lang='grc' dir='ltr'>διαϐολαῖς</span> <span class='ocrx_word' id='word_1_238' title='bbox 1060 3937 1124 3989; x_wconf 86' lang='grc' dir='ltr'><strong>γε</strong></span> <span class='ocrx_word' id='word_1_239' title='bbox 1158 3921 1402 3975; x_wconf 86' lang='grc' dir='ltr'>πείθεται</span> <span class='ocrx_word' id='word_1_240' title='bbox 1434 3921 1594 3990; x_wconf 78' lang='grc' dir='ltr'>ταχὺ,</span> 
     </span>
    </p>
   </div>
   <div class='ocr_carea' id='block_1_41' title="bbox 545 4014 1715 4088">
    <p class='ocr_par' dir='ltr' id='par_1_41' title="bbox 545 4014 1715 4088">
     <span class='ocr_line' id='line_1_41' title="bbox 545 4014 1715 4088; baseline -0.001 -19"><span class='ocrx_word' id='word_1_241' title='bbox 545 4019 702 4070; x_wconf 84' lang='grc' dir='ltr'>Ἤτοι</span> <span class='ocrx_word' id='word_1_242' title='bbox 731 4017 966 4088; x_wconf 74' lang='grc' dir='ltr'>πονηρὸς</span> <span class='ocrx_word' id='word_1_243' title='bbox 994 4015 1158 4080; x_wconf 80' lang='grc' dir='ltr'>αὑτός</span> <span class='ocrx_word' id='word_1_244' title='bbox 1191 4017 1305 4070; x_wconf 77' lang='grc' dir='ltr'>ἐστι</span> <span class='ocrx_word' id='word_1_245' title='bbox 1335 4016 1447 4079; x_wconf 84' lang='grc' dir='ltr'>τοῖς</span> <span class='ocrx_word' id='word_1_246' title='bbox 1473 4014 1715 4086; x_wconf 84' lang='grc' dir='ltr'>τρόποις,</span> 
     </span>
    </p>
   </div>
   <div class='ocr_carea' id='block_1_42' title="bbox 537 4105 1707 4181">
    <p class='ocr_par' dir='ltr' id='par_1_42' title="bbox 537 4105 1707 4181">
     <span class='ocr_line' id='line_1_42' title="bbox 537 4105 1707 4181; baseline -0.003 -14"><span class='ocrx_word' id='word_1_247' title='bbox 537 4114 609 4167; x_wconf 86' lang='grc' dir='ltr'><strong>Ἦ</strong></span> <span class='ocrx_word' id='word_1_248' title='bbox 644 4113 960 4166; x_wconf 82' lang='grc' dir='ltr'>παντάπασι</span> <span class='ocrx_word' id='word_1_249' title='bbox 996 4109 1287 4181; x_wconf 82' lang='grc' dir='ltr'>παιδαρίου</span> <span class='ocrx_word' id='word_1_250' title='bbox 1319 4105 1544 4178; x_wconf 84' lang='grc' dir='ltr'>γνώμην</span> <span class='ocrx_word' id='word_1_251' title='bbox 1571 4108 1707 4176; x_wconf 81' lang='grc' dir='ltr'>ἔχει.</span> 
     </span>
    </p>
   </div>
   <div class='ocr_carea' id='block_1_43' title="bbox 459 4198 1966 4274">
    <p class='ocr_par' dir='ltr' id='par_1_43' title="bbox 459 4198 1966 4274">
     <span class='ocr_line' id='line_1_43' title="bbox 459 4198 1966 4274; baseline -0.005 -15"><span class='ocrx_word' id='word_1_252' title='bbox 459 4205 656 4259; x_wconf 77' lang='grc' dir='ltr'>Πολλοὶ</span> <span class='ocrx_word' id='word_1_253' title='bbox 689 4205 818 4272; x_wconf 92' lang='grc' dir='ltr'>γοῦν</span> <span class='ocrx_word' id='word_1_254' title='bbox 843 4205 945 4274; x_wconf 73' lang='grc' dir='ltr'>ἤδη</span> <span class='ocrx_word' id='word_1_255' title='bbox 979 4203 1152 4272; x_wconf 76' lang='grc' dir='ltr'>μείζω</span> <span class='ocrx_word' id='word_1_256' title='bbox 1179 4205 1322 4256; x_wconf 76' lang='grc' dir='ltr'>κακὰ</span> <span class='ocrx_word' id='word_1_257' title='bbox 1355 4200 1694 4255; x_wconf 85' lang='grc' dir='ltr'>πεπόνθασιν</span> <span class='ocrx_word' id='word_1_258' title='bbox 1725 4198 1832 4252; x_wconf 79' lang='grc' dir='ltr'>ὑπὸ</span> <span class='ocrx_word' id='word_1_259' title='bbox 1857 4198 1966 4251; x_wconf 82' lang='grc' dir='ltr'>τῶν</span> 
     </span>
    </p>
   </div>
   <div class='ocr_carea' id='block_1_44' title="bbox 383 4291 1970 4368">
    <p class='ocr_par' dir='ltr' id='par_1_44' title="bbox 383 4291 1970 4368">
     <span class='ocr_line' id='line_1_44' title="bbox 383 4291 1970 4368; baseline -0.004 -18"><span class='ocrx_word' id='word_1_260' title='bbox 383 4299 712 4368; x_wconf 76' lang='grc' dir='ltr'>διαϐολῶνῆ</span> <span class='ocrx_word' id='word_1_261' title='bbox 746 4298 856 4351; x_wconf 83' lang='grc' dir='ltr'><strong>τῶν</strong></span> <span class='ocrx_word' id='word_1_262' title='bbox 911 4297 1207 4368; x_wconf 78' lang='grc' dir='ltr'>πολεμίων.</span> <span class='ocrx_word' id='word_1_263' title='bbox 1253 4297 1366 4352; x_wconf 76' lang='grc' dir='ltr'><strong>Καὶ</strong></span> <span class='ocrx_word' id='word_1_264' title='bbox 1401 4296 1588 4350; x_wconf 79' lang='grc' dir='ltr'>πολλοὶ</span> <span class='ocrx_word' id='word_1_265' title='bbox 1639 4293 1742 4363; x_wconf 74' lang='grc' dir='ltr'>ἢδη</span> <span class='ocrx_word' id='word_1_266' title='bbox 1791 4291 1970 4362; x_wconf 79' lang='grc' dir='ltr'>μείζω</span> 
     </span>
    </p>
   </div>
   <div class='ocr_carea' id='block_1_45' title="bbox 387 4383 1969 4462">
    <p class='ocr_par' dir='ltr' id='par_1_45' title="bbox 387 4383 1969 4462">
     <span class='ocr_line' id='line_1_45' title="bbox 387 4383 1969 4462; baseline -0.006 -16"><span class='ocrx_word' id='word_1_267' title='bbox 387 4393 678 4462; x_wconf 78' lang='grc' dir='ltr'>ηδίκηνται</span> <span class='ocrx_word' id='word_1_268' title='bbox 711 4390 816 4443; x_wconf 84' lang='grc' dir='ltr'>ὑπὸ</span> <span class='ocrx_word' id='word_1_269' title='bbox 858 4390 958 4457; x_wconf 80' lang='grc' dir='ltr'>τῆς</span> <span class='ocrx_word' id='word_1_270' title='bbox 997 4390 1106 4442; x_wconf 81' lang='grc' dir='ltr'><strong>τῶν</strong></span> <span class='ocrx_word' id='word_1_271' title='bbox 1135 4389 1291 4442; x_wconf 78' lang='grc' dir='ltr'>ὢτων</span> <span class='ocrx_word' id='word_1_272' title='bbox 1333 4384 1701 4457; x_wconf 77' lang='grc' dir='ltr'>ἀσθενείας,ἢ</span> <span class='ocrx_word' id='word_1_273' title='bbox 1734 4383 1840 4438; x_wconf 83' lang='grc' dir='ltr'>ὑπὸ</span> <span class='ocrx_word' id='word_1_274' title='bbox 1868 4383 1969 4454; x_wconf 82' lang='grc' dir='ltr'>τῆς</span> 
     </span>
    </p>
   </div>
   <div class='ocr_carea' id='block_1_46' title="bbox 388 4481 1087 4553">
    <p class='ocr_par' dir='ltr' id='par_1_46' title="bbox 388 4481 1087 4553">
     <span class='ocr_line' id='line_1_46' title="bbox 388 4481 1087 4553; baseline -0.003 -16"><span class='ocrx_word' id='word_1_275' title='bbox 388 4485 500 4538; x_wconf 81' lang='grc' dir='ltr'>τῶν</span> <span class='ocrx_word' id='word_1_276' title='bbox 538 4483 746 4553; x_wconf 83' lang='grc' dir='ltr'>ὲχθρῶν</span> <span class='ocrx_word' id='word_1_277' title='bbox 777 4481 1087 4550; x_wconf 78' lang='grc' dir='ltr'>ἐπιϐουλῆς.</span> 
     </span>
    </p>
   </div>
   <div class='ocr_carea' id='block_1_47' title="bbox 439 4562 1752 4645">
    <p class='ocr_par' dir='ltr' id='par_1_47' title="bbox 439 4562 1752 4645">
     <span class='ocr_line' id='line_1_47' title="bbox 439 4562 1752 4645; baseline -0.002 -17"><span class='ocrx_word' id='word_1_278' title='bbox 439 4636 442 4640; x_wconf 40' lang='grc'>,</span> <span class='ocrx_word' id='word_1_279' title='bbox 546 4562 1000 4645; x_wconf 79' lang='grc' dir='ltr'>Κακουργότερον</span> <span class='ocrx_word' id='word_1_280' title='bbox 1027 4575 1179 4626; x_wconf 84' lang='grc' dir='ltr'>οὐδὲν</span> <span class='ocrx_word' id='word_1_281' title='bbox 1206 4575 1457 4645; x_wconf 79' lang='grc' dir='ltr'>διαϐολῆς</span> <span class='ocrx_word' id='word_1_282' title='bbox 1483 4577 1600 4628; x_wconf 80' lang='grc' dir='ltr'>ἐστί</span> <span class='ocrx_word' id='word_1_283' title='bbox 1627 4592 1752 4638; x_wconf 81' lang='grc' dir='ltr'>που,</span> 
     </span>
    </p>
   </div>
   <div class='ocr_carea' id='block_1_48' title="bbox 537 4667 1788 4737">
    <p class='ocr_par' dir='ltr' id='par_1_48' title="bbox 537 4667 1788 4737">
     <span class='ocr_line' id='line_1_48' title="bbox 537 4667 1788 4737; baseline -0.004 -15"><span class='ocrx_word' id='word_1_284' title='bbox 537 4669 730 4736; x_wconf 82' lang='grc' dir='ltr'>Λάθρα</span> <span class='ocrx_word' id='word_1_285' title='bbox 760 4667 870 4737; x_wconf 82' lang='grc' dir='ltr'><strong>γὰρ</strong></span> <span class='ocrx_word' id='word_1_286' title='bbox 897 4668 1231 4736; x_wconf 84' lang='grc' dir='ltr'>ἀπατήσασα</span> <span class='ocrx_word' id='word_1_287' title='bbox 1268 4667 1361 4720; x_wconf 74' lang='grc' dir='ltr'>τὸν</span> <span class='ocrx_word' id='word_1_288' title='bbox 1401 4670 1788 4735; x_wconf 81' lang='grc' dir='ltr'>πεπεισμένον,</span> 
     </span>
    </p>
   </div>
   <div class='ocr_carea' id='block_1_49' title="bbox 530 4758 1740 4829">
    <p class='ocr_par' dir='ltr' id='par_1_49' title="bbox 530 4758 1740 4829">
     <span class='ocr_line' id='line_1_49' title="bbox 530 4758 1740 4829; baseline -0.001 -15"><span class='ocrx_word' id='word_1_289' title='bbox 530 4761 700 4822; x_wconf 65' lang='lat' dir='ltr'><strong>Iliso;</strong></span> <span class='ocrx_word' id='word_1_290' title='bbox 731 4761 1060 4815; x_wconf 78' lang='grc' dir='ltr'>ἀναπλάττει</span> <span class='ocrx_word' id='word_1_291' title='bbox 1092 4758 1230 4829; x_wconf 83' lang='grc' dir='ltr'>πρὸς</span> <span class='ocrx_word' id='word_1_292' title='bbox 1253 4760 1344 4812; x_wconf 81' lang='grc' dir='ltr'>τὸν</span> <span class='ocrx_word' id='word_1_293' title='bbox 1366 4759 1517 4811; x_wconf 72' lang='grc' dir='ltr'>οὐδὲν</span> <span class='ocrx_word' id='word_1_294' title='bbox 1545 4760 1740 4813; x_wconf 80' lang='grc' dir='ltr'>αἴτιον.</span> 
     </span>
    </p>
   </div>
   <div class='ocr_carea' id='block_1_50' title="bbox 474 4851 1968 4924">
    <p class='ocr_par' dir='ltr' id='par_1_50' title="bbox 474 4851 1968 4924">
     <span class='ocr_line' id='line_1_50' title="bbox 474 4851 1968 4924; baseline 0.001 -22"><span class='ocrx_word' id='word_1_295' title='bbox 474 4855 534 4908; x_wconf 83' lang='grc' dir='ltr'>ὐ</span> <span class='ocrx_word' id='word_1_296' title='bbox 589 4855 862 4911; x_wconf 78' lang='grc' dir='ltr'>διαϐαλὼν</span> <span class='ocrx_word' id='word_1_297' title='bbox 902 4855 1054 4924; x_wconf 73' lang='grc' dir='ltr'>φίλον</span> <span class='ocrx_word' id='word_1_298' title='bbox 1095 4853 1175 4924; x_wconf 82' lang='grc' dir='ltr'>μὴ</span> <span class='ocrx_word' id='word_1_299' title='bbox 1209 4851 1588 4922; x_wconf 83' lang='grc' dir='ltr'>εύδοκιμείτω,</span> <span class='ocrx_word' id='word_1_300' title='bbox 1635 4851 1739 4904; x_wconf 78' lang='grc' dir='ltr'>κᾶν</span> <span class='ocrx_word' id='word_1_301' title='bbox 1785 4852 1968 4922; x_wconf 77' lang='grc' dir='ltr'>ἁληθῇ</span> 
     </span>
    </p>
   </div>
   <div class='ocr_carea' id='block_1_51' title="bbox 387 4949 544 5020">
    <p class='ocr_par' dir='ltr' id='par_1_51' title="bbox 387 4949 544 5020">
     <span class='ocr_line' id='line_1_51' title="bbox 387 4949 544 5020; baseline 0.013 -19"><span class='ocrx_word' id='word_1_302' title='bbox 387 4949 544 5020; x_wconf 81' lang='grc' dir='ltr'>λέγῃ.</span> 
     </span>
    </p>
   </div>
   <div class='ocr_carea' id='block_1_52' title="bbox 471 5038 1970 5111">
    <p class='ocr_par' dir='ltr' id='par_1_52' title="bbox 471 5038 1970 5111">
     <span class='ocr_line' id='line_1_52' title="bbox 471 5038 1970 5111; baseline -0.005 -17"><span class='ocrx_word' id='word_1_303' title='bbox 471 5042 730 5105; x_wconf 77' lang='grc' dir='ltr'>Εἰπόντος</span> <span class='ocrx_word' id='word_1_304' title='bbox 763 5041 910 5111; x_wconf 81' lang='grc' dir='ltr'>αὐτῷ</span> <span class='ocrx_word' id='word_1_305' title='bbox 940 5057 1106 5106; x_wconf 87' lang='grc' dir='ltr'>τινος,</span> <span class='ocrx_word' id='word_1_306' title='bbox 1146 5041 1206 5094; x_wconf 83' lang='lat'><strong>&#39;0</strong></span> <span class='ocrx_word' id='word_1_307' title='bbox 1237 5040 1394 5110; x_wconf 80' lang='grc' dir='ltr'>φίλος</span> <span class='ocrx_word' id='word_1_308' title='bbox 1421 5055 1483 5092; x_wconf 88' lang='grc' dir='ltr'><strong>σε</strong></span> <span class='ocrx_word' id='word_1_309' title='bbox 1510 5038 1686 5108; x_wconf 83' lang='grc' dir='ltr'>λάθρα</span> <span class='ocrx_word' id='word_1_310' title='bbox 1717 5039 1970 5106; x_wconf 81' lang='grc' dir='ltr'>λοιδορεῖ,</span> 
     </span>
    </p>
   </div>
   <div class='ocr_carea' id='block_1_53' title="bbox 395 5128 1972 5204">
    <p class='ocr_par' dir='ltr' id='par_1_53' title="bbox 395 5128 1972 5204">
     <span class='ocr_line' id='line_1_53' title="bbox 395 5128 1972 5204; baseline -0.005 -17"><span class='ocrx_word' id='word_1_311' title='bbox 395 5131 518 5188; x_wconf 82' lang='grc' dir='ltr'>εἶπε</span> <span class='ocrx_word' id='word_1_312' title='bbox 544 5149 558 5162; x_wconf 84' lang='grc'><strong>’</strong></span> <span class='ocrx_word' id='word_1_313' title='bbox 610 5135 702 5204; x_wconf 85' lang='grc' dir='ltr'><strong>Μὴ</strong></span> <span class='ocrx_word' id='word_1_314' title='bbox 751 5133 943 5203; x_wconf 72' lang='grc' dir='ltr'>ἔλεγχε</span> <span class='ocrx_word' id='word_1_315' title='bbox 995 5133 1181 5198; x_wconf 76' lang='grc' dir='ltr'>αὐτὸν,</span> <span class='ocrx_word' id='word_1_316' title='bbox 1213 5133 1339 5187; x_wconf 74' lang='grc' dir='ltr'>ἐπεὶ</span> <span class='ocrx_word' id='word_1_317' title='bbox 1391 5130 1644 5200; x_wconf 81' lang='grc' dir='ltr'>φανερῶς</span> <span class='ocrx_word' id='word_1_318' title='bbox 1685 5128 1817 5184; x_wconf 79' lang='grc' dir='ltr'>αὐτὸ</span> <span class='ocrx_word' id='word_1_319' title='bbox 1855 5129 1972 5199; x_wconf 78' lang='grc' dir='ltr'>ἔχει</span> 
     </span>
    </p>
   </div>
   <div class='ocr_carea' id='block_1_54' title="bbox 393 5227 598 5280">
    <p class='ocr_par' dir='ltr' id='par_1_54' title="bbox 393 5227 598 5280">
     <span class='ocr_line' id='line_1_54' title="bbox 393 5227 598 5280; baseline 0.005 -1"><span class='ocrx_word' id='word_1_320' title='bbox 393 5227 598 5280; x_wconf 81' lang='grc' dir='ltr'>ποιεῖν.</span> 
     </span>
    </p>
   </div>
   <div class='ocr_carea' id='block_1_55' title="bbox 473 5316 1974 5389">
    <p class='ocr_par' dir='ltr' id='par_1_55' title="bbox 473 5316 1974 5389">
     <span class='ocr_line' id='line_1_55' title="bbox 473 5316 1974 5389; baseline -0.003 -17"><span class='ocrx_word' id='word_1_321' title='bbox 473 5317 535 5372; x_wconf 85' lang='lat'><strong>&#39;0</strong></span> <span class='ocrx_word' id='word_1_322' title='bbox 589 5321 686 5387; x_wconf 84' lang='grc' dir='ltr'>μὲν</span> <span class='ocrx_word' id='word_1_323' title='bbox 727 5317 934 5387; x_wconf 80' lang='grc' dir='ltr'>ἀγαθὸς</span> <span class='ocrx_word' id='word_1_324' title='bbox 985 5318 1223 5389; x_wconf 77' lang='grc' dir='ltr'>δρομεὺς</span> <span class='ocrx_word' id='word_1_325' title='bbox 1273 5320 1374 5387; x_wconf 78' lang='grc' dir='ltr'>τῆς</span> <span class='ocrx_word' id='word_1_326' title='bbox 1433 5316 1755 5385; x_wconf 77' lang='grc' dir='ltr'>ὕσπληγγος</span> <span class='ocrx_word' id='word_1_327' title='bbox 1810 5317 1974 5377; x_wconf 73' lang='grc' dir='ltr'>εὐθὺς</span> 
     </span>
    </p>
   </div>
   <div class='ocr_carea' id='block_1_56' title="bbox 396 5407 1972 5478">
    <p class='ocr_par' dir='ltr' id='par_1_56' title="bbox 396 5407 1972 5478">
     <span class='ocr_line' id='line_1_56' title="bbox 396 5407 1972 5478; baseline -0.001 -17"><span class='ocrx_word' id='word_1_328' title='bbox 396 5409 838 5478; x_wconf 85' lang='grc' dir='ltr'>καταπεσούσης,</span> <span class='ocrx_word' id='word_1_329' title='bbox 870 5409 1034 5478; x_wconf 81' lang='grc' dir='ltr'>μόνου</span> <span class='ocrx_word' id='word_1_330' title='bbox 1061 5407 1154 5461; x_wconf 87' lang='grc' dir='ltr'><strong>τοῦ</strong></span> <span class='ocrx_word' id='word_1_331' title='bbox 1183 5407 1374 5478; x_wconf 77' lang='grc' dir='ltr'>πρόσω</span> <span class='ocrx_word' id='word_1_332' title='bbox 1393 5409 1707 5477; x_wconf 77' lang='grc' dir='ltr'>ἐφιέμενος,</span> <span class='ocrx_word' id='word_1_333' title='bbox 1743 5410 1840 5460; x_wconf 76' lang='grc' dir='ltr'>καὶ</span> <span class='ocrx_word' id='word_1_334' title='bbox 1872 5408 1972 5474; x_wconf 82' lang='grc' dir='ltr'>τὴν</span> 
     </span>
    </p>
   </div>
   <div class='ocr_carea' id='block_1_57' title="bbox 390 5501 1974 5572">
    <p class='ocr_par' dir='ltr' id='par_1_57' title="bbox 390 5501 1974 5572">
     <span class='ocr_line' id='line_1_57' title="bbox 390 5501 1974 5572; baseline -0.003 -16"><span class='ocrx_word' id='word_1_335' title='bbox 390 5503 635 5558; x_wconf 82' lang='grc' dir='ltr'>διάνοιαν</span> <span class='ocrx_word' id='word_1_336' title='bbox 668 5502 961 5564; x_wconf 81' lang='grc' dir='ltr'>ἀποτείνας</span> <span class='ocrx_word' id='word_1_337' title='bbox 1009 5501 1148 5572; x_wconf 80' lang='grc' dir='ltr'>πρὸς</span> <span class='ocrx_word' id='word_1_338' title='bbox 1201 5502 1263 5553; x_wconf 79' lang='grc' dir='ltr'><strong>τὸ</strong></span> <span class='ocrx_word' id='word_1_339' title='bbox 1314 5501 1516 5570; x_wconf 85' lang='grc' dir='ltr'>τέρμα,</span> <span class='ocrx_word' id='word_1_340' title='bbox 1551 5503 1646 5554; x_wconf 76' lang='grc' dir='ltr'>καὶ</span> <span class='ocrx_word' id='word_1_341' title='bbox 1697 5501 1825 5554; x_wconf 73' lang='grc' dir='ltr'>ποσὶ</span> <span class='ocrx_word' id='word_1_342' title='bbox 1874 5501 1974 5570; x_wconf 84' lang='grc' dir='ltr'>τὴν</span> 
     </span>
    </p>
   </div>
   <div class='ocr_carea' id='block_1_58' title="bbox 395 5585 1973 5664">
    <p class='ocr_par' dir='ltr' id='par_1_58' title="bbox 395 5585 1973 5664">
     <span class='ocr_line' id='line_1_58' title="bbox 395 5585 1973 5664; baseline -0.001 -17"><span class='ocrx_word' id='word_1_343' title='bbox 395 5593 590 5647; x_wconf 76' lang='grc' dir='ltr'>ἐλπίδα</span> <span class='ocrx_word' id='word_1_344' title='bbox 621 5597 718 5663; x_wconf 78' lang='grc' dir='ltr'>τῆς</span> <span class='ocrx_word' id='word_1_345' title='bbox 769 5594 924 5662; x_wconf 85' lang='grc' dir='ltr'>νίκης</span> <span class='ocrx_word' id='word_1_346' title='bbox 970 5593 1132 5664; x_wconf 73' lang='grc' dir='ltr'>ἔχων,</span> <span class='ocrx_word' id='word_1_347' title='bbox 1155 5593 1234 5661; x_wconf 85' lang='grc' dir='ltr'>τῷ</span> <span class='ocrx_word' id='word_1_348' title='bbox 1267 5593 1494 5664; x_wconf 87' lang='grc' dir='ltr'>πλησίον</span> <span class='ocrx_word' id='word_1_349' title='bbox 1525 5593 1680 5649; x_wconf 74' lang='grc' dir='ltr'>οὐδὲν</span> <span class='ocrx_word' id='word_1_350' title='bbox 1728 5585 1973 5663; x_wconf 60' lang='grc' dir='ltr'>κακουρέ</span> 
     </span>
    </p>
   </div>
   <div class='ocr_carea' id='block_1_59' title="bbox 393 5683 1974 5756">
    <p class='ocr_par' dir='ltr' id='par_1_59' title="bbox 393 5683 1974 5756">
     <span class='ocr_line' id='line_1_59' title="bbox 393 5683 1974 5756; baseline 0 -16"><span class='ocrx_word' id='word_1_351' title='bbox 393 5689 506 5754; x_wconf 83' lang='grc' dir='ltr'><strong>γεῖ,</strong></span> <span class='ocrx_word' id='word_1_352' title='bbox 535 5685 653 5741; x_wconf 84' lang='grc' dir='ltr'><strong>ούδέ</strong></span> <span class='ocrx_word' id='word_1_353' title='bbox 683 5702 735 5738; x_wconf 89' lang='grc' dir='ltr'><strong>τι</strong></span> <span class='ocrx_word' id='word_1_354' title='bbox 759 5683 949 5738; x_wconf 86' lang='grc' dir='ltr'>τούτου</span> <span class='ocrx_word' id='word_1_355' title='bbox 986 5684 1126 5738; x_wconf 84' lang='grc' dir='ltr'>κατὰ</span> <span class='ocrx_word' id='word_1_356' title='bbox 1154 5685 1280 5747; x_wconf 82' lang='grc' dir='ltr'>τοὺς</span> <span class='ocrx_word' id='word_1_357' title='bbox 1307 5686 1618 5752; x_wconf 78' lang='grc' dir='ltr'>ἀγωνιστὰς</span> <span class='ocrx_word' id='word_1_358' title='bbox 1653 5685 1974 5756; x_wconf 81' lang='grc' dir='ltr'>πολυπραγ-</span> 
     </span>
    </p>
   </div>
   <div class='ocr_carea' id='block_1_60' title="bbox 398 5775 1970 5850">
    <p class='ocr_par' dir='ltr' id='par_1_60' title="bbox 398 5775 1970 5850">
     <span class='ocr_line' id='line_1_60' title="bbox 398 5775 1970 5850; baseline -0.001 -18"><span class='ocrx_word' id='word_1_359' title='bbox 398 5778 554 5850; x_wconf 85' lang='grc' dir='ltr'>μονεί</span> <span class='ocrx_word' id='word_1_360' title='bbox 575 5795 588 5808; x_wconf 91' lang='grc'><strong>·</strong></span> <span class='ocrx_word' id='word_1_361' title='bbox 614 5781 641 5830; x_wconf 84' lang='grc' dir='ltr'>ὁ</span> <span class='ocrx_word' id='word_1_362' title='bbox 663 5776 719 5829; x_wconf 81' lang='grc' dir='ltr'>δὲ</span> <span class='ocrx_word' id='word_1_363' title='bbox 742 5775 911 5839; x_wconf 70' lang='grc' dir='ltr'>κακὸς</span> <span class='ocrx_word' id='word_1_364' title='bbox 929 5777 1136 5839; x_wconf 68' lang='grc' dir='ltr'>ἐκεῖνος</span> <span class='ocrx_word' id='word_1_365' title='bbox 1157 5775 1252 5830; x_wconf 77' lang='grc' dir='ltr'>καὶ</span> <span class='ocrx_word' id='word_1_366' title='bbox 1281 5775 1513 5840; x_wconf 81' lang='grc' dir='ltr'>ἄναθλος</span> <span class='ocrx_word' id='word_1_367' title='bbox 1531 5777 1970 5850; x_wconf 80' lang='grc' dir='ltr'>ἀνταγωνιστὴς,</span> 
     </span>
    </p>
   </div>
   <div class='ocr_carea' id='block_1_61' title="bbox 393 5868 1969 5942">
    <p class='ocr_par' dir='ltr' id='par_1_61' title="bbox 393 5868 1969 5942">
     <span class='ocr_line' id='line_1_61' title="bbox 393 5868 1969 5942; baseline 0.001 -17"><span class='ocrx_word' id='word_1_368' title='bbox 393 5872 668 5940; x_wconf 71' lang='grc' dir='ltr'>ἀπογνοὺς</span> <span class='ocrx_word' id='word_1_369' title='bbox 695 5869 791 5941; x_wconf 73' lang='grc' dir='ltr'>τὴν</span> <span class='ocrx_word' id='word_1_370' title='bbox 812 5871 872 5923; x_wconf 82' lang='grc' dir='ltr'>ὲκ</span> <span class='ocrx_word' id='word_1_371' title='bbox 887 5869 983 5924; x_wconf 79' lang='grc' dir='ltr'><strong>τοῦ</strong></span> <span class='ocrx_word' id='word_1_372' title='bbox 1009 5869 1209 5938; x_wconf 86' lang='grc' dir='ltr'>τάχους</span> <span class='ocrx_word' id='word_1_373' title='bbox 1238 5868 1454 5939; x_wconf 71' lang='grc' dir='ltr'>ἐλπίδα,</span> <span class='ocrx_word' id='word_1_374' title='bbox 1492 5870 1586 5923; x_wconf 71' lang='grc' dir='ltr'><strong>ἐπὶ</strong></span> <span class='ocrx_word' id='word_1_375' title='bbox 1616 5871 1712 5942; x_wconf 83' lang='grc' dir='ltr'>τὴν</span> <span class='ocrx_word' id='word_1_376' title='bbox 1745 5889 1969 5940; x_wconf 56' lang='lat' dir='ltr'><strong>mugit:-</strong></span> 
     </span>
    </p>
   </div>
   <div class='ocr_carea' id='block_1_62' title="bbox 2053 619 3310 689">
    <p class='ocr_par' dir='ltr' id='par_1_62' title="bbox 2053 619 3310 689">
     <span class='ocr_line' id='line_1_62' title="bbox 2053 619 3310 689; baseline 0.004 -20"><span class='ocrx_word' id='word_1_377' title='bbox 2053 631 2247 673; x_wconf 87' lang='lat' dir='ltr'><strong>versus</strong></span> <span class='ocrx_word' id='word_1_378' title='bbox 2268 619 2575 686; x_wconf 81' lang='lat' dir='ltr'><strong>proximum</strong></span> <span class='ocrx_word' id='word_1_379' title='bbox 2617 620 2809 688; x_wconf 79' lang='lat' dir='ltr'><strong>nugari</strong></span> <span class='ocrx_word' id='word_1_380' title='bbox 2843 635 2951 676; x_wconf 87' lang='lat' dir='ltr'><strong>non</strong></span> <span class='ocrx_word' id='word_1_381' title='bbox 2985 619 3310 689; x_wconf 77' lang='lat' dir='ltr'><strong>impediens.</strong></span> 
     </span>
    </p>
   </div>
   <div class='ocr_carea' id='block_1_63' title="bbox 2127 708 3636 779">
    <p class='ocr_par' dir='ltr' id='par_1_63' title="bbox 2127 708 3636 779">
     <span class='ocr_line' id='line_1_63' title="bbox 2127 708 3636 779; baseline 0.002 -16"><span class='ocrx_word' id='word_1_382' title='bbox 2127 708 2312 764; x_wconf 76' lang='lat' dir='ltr'><strong>Pharii</strong></span> <span class='ocrx_word' id='word_1_383' title='bbox 2343 711 2684 779; x_wconf 69' lang='grc' dir='ltr'>ραινὶαηίιω.</span> <span class='ocrx_word' id='word_1_384' title='bbox 2725 710 2828 778; x_wconf 87' lang='lat' dir='ltr'><strong>Qui</strong></span> <span class='ocrx_word' id='word_1_385' title='bbox 2866 712 3026 768; x_wconf 78' lang='lat' dir='ltr'><strong>facile</strong></span> <span class='ocrx_word' id='word_1_386' title='bbox 3073 713 3282 768; x_wconf 88' lang='lat' dir='ltr'><strong>alienas</strong></span> <span class='ocrx_word' id='word_1_387' title='bbox 3329 711 3636 769; x_wconf 75' lang='lat' dir='ltr'><strong>calumnias</strong></span> 
     </span>
    </p>
   </div>
   <div class='ocr_carea' id='block_1_64' title="bbox 2053 801 3631 873">
    <p class='ocr_par' dir='ltr' id='par_1_64' title="bbox 2053 801 3631 873">
     <span class='ocr_line' id='line_1_64' title="bbox 2053 801 3631 873; baseline 0 -16"><span class='ocrx_word' id='word_1_388' title='bbox 2053 801 2315 868; x_wconf 86' lang='lat' dir='ltr'><strong>admittit,</strong></span> <span class='ocrx_word' id='word_1_389' title='bbox 2343 818 2410 858; x_wconf 89' lang='lat' dir='ltr'><strong>ne</strong></span> <span class='ocrx_word' id='word_1_390' title='bbox 2439 803 2556 872; x_wconf 87' lang='lat' dir='ltr'><strong>ipse</strong></span> <span class='ocrx_word' id='word_1_391' title='bbox 2589 803 2813 873; x_wconf 85' lang='lat' dir='ltr'><strong>quidem</strong></span> <span class='ocrx_word' id='word_1_392' title='bbox 2847 804 3121 861; x_wconf 86' lang='lat' dir='ltr'><strong>similibus</strong></span> <span class='ocrx_word' id='word_1_393' title='bbox 3181 803 3342 860; x_wconf 83' lang='lat' dir='ltr'><strong>factis</strong></span> <span class='ocrx_word' id='word_1_394' title='bbox 3370 804 3631 860; x_wconf 75' lang='lat' dir='ltr'><strong>abstinet.</strong></span> 
     </span>
    </p>
   </div>
   <div class='ocr_carea' id='block_1_65' title="bbox 2054 892 3632 963">
    <p class='ocr_par' dir='ltr' id='par_1_65' title="bbox 2054 892 3632 963">
     <span class='ocr_line' id='line_1_65' title="bbox 2054 892 3632 963; baseline 0 -15"><span class='ocrx_word' id='word_1_395' title='bbox 2054 892 2190 948; x_wconf 81' lang='lat' dir='ltr'><strong>Nam</strong></span> <span class='ocrx_word' id='word_1_396' title='bbox 2252 894 2368 963; x_wconf 86' lang='lat' dir='ltr'><strong>ipsa</strong></span> <span class='ocrx_word' id='word_1_397' title='bbox 2422 894 2874 950; x_wconf 72' lang='lat' dir='ltr'><strong>calumniantium</strong></span> <span class='ocrx_word' id='word_1_398' title='bbox 2964 896 3232 953; x_wconf 86' lang='lat' dir='ltr'><strong>admissio</strong></span> <span class='ocrx_word' id='word_1_399' title='bbox 3287 893 3632 952; x_wconf 80' lang='lat' dir='ltr'><strong>innocentem</strong></span> 
     </span>
    </p>
   </div>
   <div class='ocr_carea' id='block_1_66' title="bbox 2031 983 3635 1056">
    <p class='ocr_par' dir='ltr' id='par_1_66' title="bbox 2031 983 3635 1056">
     <span class='ocr_line' id='line_1_66' title="bbox 2031 983 3635 1056; baseline 0 -14"><span class='ocrx_word' id='word_1_400' title='bbox 2031 999 2276 1056; x_wconf 75' lang='lat' dir='ltr'><strong>quoque</strong></span> <span class='ocrx_word' id='word_1_401' title='bbox 2304 985 2398 1054; x_wconf 87' lang='lat' dir='ltr'><strong>qui</strong></span> <span class='ocrx_word' id='word_1_402' title='bbox 2439 983 2700 1041; x_wconf 74' lang='lat' dir='ltr'><strong>admittit</strong></span> <span class='ocrx_word' id='word_1_403' title='bbox 2756 986 2810 1041; x_wconf 92' lang='lat' dir='ltr'><strong>in</strong></span> <span class='ocrx_word' id='word_1_404' title='bbox 2852 988 3175 1044; x_wconf 84' lang='lat' dir='ltr'><strong>societatem</strong></span> <span class='ocrx_word' id='word_1_405' title='bbox 3219 987 3512 1044; x_wconf 75' lang='lat' dir='ltr'><strong>detrahere</strong></span> <span class='ocrx_word' id='word_1_406' title='bbox 3545 1001 3635 1043; x_wconf 85' lang='lat' dir='ltr'><strong>so-</strong></span> 
     </span>
    </p>
   </div>
   <div class='ocr_carea' id='block_1_67' title="bbox 2055 1080 2150 1136">
    <p class='ocr_par' dir='ltr' id='par_1_67' title="bbox 2055 1080 2150 1136">
     <span class='ocr_line' id='line_1_67' title="bbox 2055 1080 2150 1136; baseline -0.011 0"><span class='ocrx_word' id='word_1_407' title='bbox 2055 1080 2150 1136; x_wconf 85' lang='lat' dir='ltr'><strong>let.</strong></span> 
     </span>
    </p>
   </div>
   <div class='ocr_carea' id='block_1_68' title="bbox 2033 1153 3635 1250">
    <p class='ocr_par' dir='ltr' id='par_1_68' title="bbox 2033 1153 3635 1250">
     <span class='ocr_line' id='line_1_68' title="bbox 2033 1153 3635 1250; baseline -0.001 -21"><span class='ocrx_word' id='word_1_408' title='bbox 2033 1217 2044 1250; x_wconf 12' lang='lat'><strong>..</strong></span> <span class='ocrx_word' id='word_1_409' title='bbox 2131 1174 2428 1230; x_wconf 79' lang='lat' dir='ltr'><strong>Plutarchi.</strong></span> <span class='ocrx_word' id='word_1_410' title='bbox 2463 1175 2675 1248; x_wconf 72' lang='lat' dir='ltr'><strong>Lingua</strong></span> <span class='ocrx_word' id='word_1_411' title='bbox 2705 1176 3022 1248; x_wconf 87' lang='lat' dir='ltr'><strong>blasphema</strong></span> <span class='ocrx_word' id='word_1_412' title='bbox 3079 1176 3236 1233; x_wconf 69' lang='lat' dir='ltr'><strong>malae</strong></span> <span class='ocrx_word' id='word_1_413' title='bbox 3264 1153 3461 1233; x_wconf 83' lang='lat' dir='ltr'><strong>mentis</strong></span> <span class='ocrx_word' id='word_1_414' title='bbox 3489 1173 3635 1230; x_wconf 87' lang='lat' dir='ltr'><strong>indi-</strong></span> 
     </span>
    </p>
   </div>
   <div class='ocr_carea' id='block_1_69' title="bbox 2056 1268 2336 1323">
    <p class='ocr_par' dir='ltr' id='par_1_69' title="bbox 2056 1268 2336 1323">
     <span class='ocr_line' id='line_1_69' title="bbox 2056 1268 2336 1323; baseline 0 -1"><span class='ocrx_word' id='word_1_415' title='bbox 2056 1268 2200 1323; x_wconf 84' lang='lat' dir='ltr'><strong>cium</strong></span> <span class='ocrx_word' id='word_1_416' title='bbox 2233 1277 2336 1323; x_wconf 88' lang='lat' dir='ltr'><strong>est.</strong></span> 
     </span>
    </p>
   </div>
   <div class='ocr_carea' id='block_1_70' title="bbox 2122 1360 3634 1434">
    <p class='ocr_par' dir='ltr' id='par_1_70' title="bbox 2122 1360 3634 1434">
     <span class='ocr_line' id='line_1_70' title="bbox 2122 1360 3634 1434; baseline 0.001 -20"><span class='ocrx_word' id='word_1_417' title='bbox 2122 1360 2592 1428; x_wconf 84' lang='lat' dir='ltr'><strong>Quemadmodum</strong></span> <span class='ocrx_word' id='word_1_418' title='bbox 2625 1361 2886 1433; x_wconf 66' lang='lat' dir='ltr'><strong>IEsopica</strong></span> <span class='ocrx_word' id='word_1_419' title='bbox 2928 1362 3020 1418; x_wconf 78' lang='lat' dir='ltr'><strong>illa</strong></span> <span class='ocrx_word' id='word_1_420' title='bbox 3053 1363 3254 1434; x_wconf 79' lang='lat' dir='ltr'><strong>gallina</strong></span> <span class='ocrx_word' id='word_1_421' title='bbox 3302 1377 3426 1418; x_wconf 90' lang='lat' dir='ltr'><strong>cum</strong></span> <span class='ocrx_word' id='word_1_422' title='bbox 3459 1375 3634 1432; x_wconf 63' lang='lat' dir='ltr'><strong>aegro-</strong></span> 
     </span>
    </p>
   </div>
   <div class='ocr_carea' id='block_1_71' title="bbox 2058 1453 3635 1528">
    <p class='ocr_par' dir='ltr' id='par_1_71' title="bbox 2058 1453 3635 1528">
     <span class='ocr_line' id='line_1_71' title="bbox 2058 1453 3635 1528; baseline 0.004 -24"><span class='ocrx_word' id='word_1_423' title='bbox 2058 1461 2221 1516; x_wconf 89' lang='lat' dir='ltr'><strong>taret,</strong></span> <span class='ocrx_word' id='word_1_424' title='bbox 2271 1453 2339 1508; x_wconf 88' lang='lat' dir='ltr'><strong>ad</strong></span> <span class='ocrx_word' id='word_1_425' title='bbox 2393 1453 2551 1510; x_wconf 80' lang='lat' dir='ltr'><strong>felem</strong></span> <span class='ocrx_word' id='word_1_426' title='bbox 2611 1454 3041 1525; x_wconf 81' lang='lat' dir='ltr'><strong>interrogantem</strong></span> <span class='ocrx_word' id='word_1_427' title='bbox 3100 1472 3221 1512; x_wconf 87' lang='lat' dir='ltr'><strong>eam</strong></span> <span class='ocrx_word' id='word_1_428' title='bbox 3256 1466 3516 1528; x_wconf 84' lang='lat' dir='ltr'><strong>tanquam</strong></span> <span class='ocrx_word' id='word_1_429' title='bbox 3567 1471 3635 1511; x_wconf 86' lang='lat' dir='ltr'><strong>ex</strong></span> 
     </span>
    </p>
   </div>
   <div class='ocr_carea' id='block_1_72' title="bbox 2054 1542 3632 1614">
    <p class='ocr_par' dir='ltr' id='par_1_72' title="bbox 2054 1542 3632 1614">
     <span class='ocr_line' id='line_1_72' title="bbox 2054 1542 3632 1614; baseline 0.001 -16"><span class='ocrx_word' id='word_1_430' title='bbox 2054 1542 2456 1612; x_wconf 83' lang='lat' dir='ltr'><strong>benevolentia,</strong></span> <span class='ocrx_word' id='word_1_431' title='bbox 2487 1547 2761 1614; x_wconf 88' lang='lat' dir='ltr'><strong>quomodo</strong></span> <span class='ocrx_word' id='word_1_432' title='bbox 2813 1547 3036 1612; x_wconf 85' lang='lat' dir='ltr'><strong>valeret,</strong></span> <span class='ocrx_word' id='word_1_433' title='bbox 3075 1549 3264 1612; x_wconf 77' lang='lat' dir='ltr'><strong>Recte,</strong></span> <span class='ocrx_word' id='word_1_434' title='bbox 3296 1546 3456 1614; x_wconf 78' lang='lat' dir='ltr'><strong>dixit,</strong></span> <span class='ocrx_word' id='word_1_435' title='bbox 3491 1548 3537 1602; x_wconf 88' lang='lat' dir='ltr'><strong>si</strong></span> <span class='ocrx_word' id='word_1_436' title='bbox 3579 1556 3632 1600; x_wconf 93' lang='lat' dir='ltr'><strong>tu</strong></span> 
     </span>
    </p>
   </div>
   <div class='ocr_carea' id='block_1_73' title="bbox 2057 1636 3639 1712">
    <p class='ocr_par' dir='ltr' id='par_1_73' title="bbox 2057 1636 3639 1712">
     <span class='ocr_line' id='line_1_73' title="bbox 2057 1636 3639 1712; baseline 0.001 -21"><span class='ocrx_word' id='word_1_437' title='bbox 2057 1636 2342 1693; x_wconf 81' lang='lat' dir='ltr'><strong>discedas:</strong></span> <span class='ocrx_word' id='word_1_438' title='bbox 2373 1637 2454 1694; x_wconf 85' lang='lat' dir='ltr'><strong>sic</strong></span> <span class='ocrx_word' id='word_1_439' title='bbox 2482 1638 2549 1693; x_wconf 91' lang='lat' dir='ltr'><strong>ad</strong></span> <span class='ocrx_word' id='word_1_440' title='bbox 2573 1637 2848 1708; x_wconf 83' lang='lat' dir='ltr'><strong>ejusmodi</strong></span> <span class='ocrx_word' id='word_1_441' title='bbox 2870 1639 3172 1705; x_wconf 85' lang='lat' dir='ltr'><strong>hominem,</strong></span> <span class='ocrx_word' id='word_1_442' title='bbox 3203 1641 3299 1712; x_wconf 86' lang='lat' dir='ltr'><strong>qui</strong></span> <span class='ocrx_word' id='word_1_443' title='bbox 3335 1655 3502 1710; x_wconf 80' lang='lat' dir='ltr'><strong>super</strong></span> <span class='ocrx_word' id='word_1_444' title='bbox 3523 1639 3639 1693; x_wconf 82' lang='lat' dir='ltr'><strong>dis-</strong></span> 
     </span>
    </p>
   </div>
   <div class='ocr_carea' id='block_1_74' title="bbox 2057 1730 3635 1802">
    <p class='ocr_par' dir='ltr' id='par_1_74' title="bbox 2057 1730 3635 1802">
     <span class='ocr_line' id='line_1_74' title="bbox 2057 1730 3635 1802; baseline -0.001 -16"><span class='ocrx_word' id='word_1_445' title='bbox 2057 1730 2314 1786; x_wconf 86' lang='lat' dir='ltr'><strong>sensione</strong></span> <span class='ocrx_word' id='word_1_446' title='bbox 2337 1745 2649 1786; x_wconf 75' lang='lat' dir='ltr'><strong>sermonem</strong></span> <span class='ocrx_word' id='word_1_447' title='bbox 2673 1740 2880 1796; x_wconf 84' lang='lat' dir='ltr'><strong>movet,</strong></span> <span class='ocrx_word' id='word_1_448' title='bbox 2905 1739 2962 1787; x_wconf 91' lang='lat' dir='ltr'><strong>et</strong></span> <span class='ocrx_word' id='word_1_449' title='bbox 2989 1733 3310 1802; x_wconf 84' lang='lat' dir='ltr'><strong>interrogat.</strong></span> <span class='ocrx_word' id='word_1_450' title='bbox 3341 1743 3397 1788; x_wconf 91' lang='lat' dir='ltr'><strong>ct</strong></span> <span class='ocrx_word' id='word_1_451' title='bbox 3427 1740 3635 1787; x_wconf 78' lang='lat' dir='ltr'><strong>secreta</strong></span> 
     </span>
    </p>
   </div>
   <div class='ocr_carea' id='block_1_75' title="bbox 2058 1822 3636 1895">
    <p class='ocr_par' dir='ltr' id='par_1_75' title="bbox 2058 1822 3636 1895">
     <span class='ocr_line' id='line_1_75' title="bbox 2058 1822 3636 1895; baseline 0.001 -17"><span class='ocrx_word' id='word_1_452' title='bbox 2058 1822 2240 1893; x_wconf 77' lang='lat' dir='ltr'><strong>ah&#39;qua</strong></span> <span class='ocrx_word' id='word_1_453' title='bbox 2296 1822 2539 1888; x_wconf 75' lang='lat' dir='ltr'><strong>sull‘odit,</strong></span> <span class='ocrx_word' id='word_1_454' title='bbox 2573 1823 2866 1880; x_wconf 87' lang='lat' dir='ltr'><strong>dicendum</strong></span> <span class='ocrx_word' id='word_1_455' title='bbox 2903 1835 3023 1880; x_wconf 87' lang='lat' dir='ltr'><strong>est:</strong></span> <span class='ocrx_word' id='word_1_456' title='bbox 3063 1823 3228 1895; x_wconf 83' lang='lat' dir='ltr'><strong>Atqui</strong></span> <span class='ocrx_word' id='word_1_457' title='bbox 3262 1824 3396 1878; x_wconf 83' lang='lat' dir='ltr'><strong>nihil</strong></span> <span class='ocrx_word' id='word_1_458' title='bbox 3449 1839 3549 1892; x_wconf 76' lang='lat' dir='ltr'><strong>ego</strong></span> <span class='ocrx_word' id='word_1_459' title='bbox 3573 1823 3636 1880; x_wconf 86' lang='lat' dir='ltr'><strong>in</strong></span> 
     </span>
    </p>
   </div>
   <div class='ocr_carea' id='block_1_76' title="bbox 1458 1887 1988 1988">
    <p class='ocr_par' dir='ltr' id='par_1_76' title="bbox 1458 1887 1988 1974">
     <span class='ocr_line' id='line_1_76' title="bbox 1458 1887 1988 1974; baseline -0.006 -33"><span class='ocrx_word' id='word_1_460' title='bbox 1458 1891 1573 1952; x_wconf 80' lang='grc' dir='ltr'>τοῖς</span> <span class='ocrx_word' id='word_1_461' title='bbox 1603 1887 1956 1942; x_wconf 69' lang='grc' dir='ltr'>διαϐάλλουσι</span> <span class='ocrx_word' id='word_1_462' title='bbox 1985 1965 1988 1974; x_wconf 7' lang='grc' dir='ltr'><strong>γ</strong></span> 
     </span>
    </p>
   </div>
   <div class='ocr_carea' id='block_1_77' title="bbox 2081 1887 3637 1988">
    <p class='ocr_par' dir='ltr' id='par_1_77' title="bbox 2081 1905 3637 1988">
     <span class='ocr_line' id='line_1_77' title="bbox 2081 1905 3637 1988; baseline -0.003 -17"><span class='ocrx_word' id='word_1_463' title='bbox 2081 1916 2230 1984; x_wconf 82' lang='lat' dir='ltr'><strong>’ratre</strong></span> <span class='ocrx_word' id='word_1_464' title='bbox 2268 1916 2547 1982; x_wconf 79' lang='lat' dir='ltr'><strong>desidero,</strong></span> <span class='ocrx_word' id='word_1_465' title='bbox 2579 1916 2624 1972; x_wconf 87' lang='lat' dir='ltr'><strong>si</strong></span> <span class='ocrx_word' id='word_1_466' title='bbox 2657 1932 2759 1973; x_wconf 89' lang='lat' dir='ltr'><strong>uec</strong></span> <span class='ocrx_word' id='word_1_467' title='bbox 2800 1918 2919 1988; x_wconf 85' lang='lat' dir='ltr'><strong>ipse</strong></span> <span class='ocrx_word' id='word_1_468' title='bbox 2947 1917 3342 1974; x_wconf 78' lang='lat' dir='ltr'><strong>calumniantes</strong></span> <span class='ocrx_word' id='word_1_469' title='bbox 3393 1905 3637 1978; x_wconf 80' lang='lat' dir='ltr'><strong>audiam,</strong></span> 
     </span>
    </p>
   </div>
   <div class='ocr_carea' id='block_1_78' title="bbox 2061 2010 2318 2066">
    <p class='ocr_par' dir='ltr' id='par_1_78' title="bbox 2061 2010 2318 2066">
     <span class='ocr_line' id='line_1_78' title="bbox 2061 2010 2318 2066; baseline 0 0"><span class='ocrx_word' id='word_1_470' title='bbox 2061 2025 2165 2066; x_wconf 89' lang='lat' dir='ltr'><strong>nec</strong></span> <span class='ocrx_word' id='word_1_471' title='bbox 2206 2010 2318 2066; x_wconf 85' lang='lat' dir='ltr'><strong>ille.</strong></span> 
     </span>
    </p>
   </div>
   <div class='ocr_carea' id='block_1_79' title="bbox 2045 2099 3640 2173">
    <p class='ocr_par' dir='ltr' id='par_1_79' title="bbox 2045 2099 3640 2173">
     <span class='ocr_line' id='line_1_79' title="bbox 2045 2099 3640 2173; baseline -0.006 -14"><span class='ocrx_word' id='word_1_472' title='bbox 2045 2137 2050 2140; x_wconf 94' lang='lat'><strong><em>-</em></strong></span> <span class='ocrx_word' id='word_1_473' title='bbox 2135 2101 2404 2159; x_wconf 78' lang='lat' dir='ltr'><strong>Socratis.</strong></span> <span class='ocrx_word' id='word_1_474' title='bbox 2443 2101 2755 2173; x_wconf 88' lang='lat' dir='ltr'><strong>Loquacem</strong></span> <span class='ocrx_word' id='word_1_475' title='bbox 2779 2112 2834 2158; x_wconf 90' lang='lat' dir='ltr'><strong>et</strong></span> <span class='ocrx_word' id='word_1_476' title='bbox 2863 2101 3316 2158; x_wconf 87' lang='lat' dir='ltr'><strong>calumniatorem</strong></span> <span class='ocrx_word' id='word_1_477' title='bbox 3355 2116 3422 2155; x_wconf 84' lang='lat' dir='ltr'><strong>ne</strong></span> <span class='ocrx_word' id='word_1_478' title='bbox 3445 2099 3640 2152; x_wconf 78' lang='lat' dir='ltr'><strong>admit-</strong></span> 
     </span>
    </p>
   </div>
   <div class='ocr_carea' id='block_1_80' title="bbox 2061 2191 3642 2258">
    <p class='ocr_par' dir='ltr' id='par_1_80' title="bbox 2061 2191 3642 2258">
     <span class='ocr_line' id='line_1_80' title="bbox 2061 2191 3642 2258; baseline -0.004 -8"><span class='ocrx_word' id='word_1_479' title='bbox 2061 2202 2146 2250; x_wconf 82' lang='lat' dir='ltr'><strong>tas</strong></span> <span class='ocrx_word' id='word_1_480' title='bbox 2169 2209 2316 2249; x_wconf 90' lang='lat' dir='ltr'><strong>:non</strong></span> <span class='ocrx_word' id='word_1_481' title='bbox 2346 2195 2494 2250; x_wconf 88' lang='lat' dir='ltr'><strong>enim</strong></span> <span class='ocrx_word' id='word_1_482' title='bbox 2517 2209 2580 2250; x_wconf 74' lang='lat' dir='ltr'><strong>ex</strong></span> <span class='ocrx_word' id='word_1_483' title='bbox 2620 2194 3000 2250; x_wconf 89' lang='lat' dir='ltr'><strong>benevolentia</strong></span> <span class='ocrx_word' id='word_1_484' title='bbox 3025 2193 3076 2246; x_wconf 89' lang='lat' dir='ltr'><strong>id</strong></span> <span class='ocrx_word' id='word_1_485' title='bbox 3105 2191 3258 2258; x_wconf 80' lang='lat' dir='ltr'><strong>facit,</strong></span> <span class='ocrx_word' id='word_1_486' title='bbox 3288 2192 3384 2247; x_wconf 84' lang='lat' dir='ltr'><strong>sed</strong></span> <span class='ocrx_word' id='word_1_487' title='bbox 3418 2199 3477 2246; x_wconf 90' lang='lat' dir='ltr'><strong>ut</strong></span> <span class='ocrx_word' id='word_1_488' title='bbox 3508 2191 3642 2245; x_wconf 90' lang='lat' dir='ltr'><strong>alio-</strong></span> 
     </span>
    </p>
   </div>
   <div class='ocr_carea' id='block_1_81' title="bbox 2059 2283 3641 2353">
    <p class='ocr_par' dir='ltr' id='par_1_81' title="bbox 2059 2283 3641 2353">
     <span class='ocr_line' id='line_1_81' title="bbox 2059 2283 3641 2353; baseline -0.003 -12"><span class='ocrx_word' id='word_1_489' title='bbox 2059 2301 2181 2342; x_wconf 85' lang='lat' dir='ltr'><strong>rum</strong></span> <span class='ocrx_word' id='word_1_490' title='bbox 2213 2300 2412 2342; x_wconf 86' lang='lat' dir='ltr'><strong>arcana</strong></span> <span class='ocrx_word' id='word_1_491' title='bbox 2444 2287 2540 2342; x_wconf 86' lang='lat' dir='ltr'><strong>tibi</strong></span> <span class='ocrx_word' id='word_1_492' title='bbox 2587 2284 2814 2352; x_wconf 73' lang='lat' dir='ltr'><strong>detexit,</strong></span> <span class='ocrx_word' id='word_1_493' title='bbox 2876 2285 3128 2339; x_wconf 84' lang='lat' dir='ltr'><strong>similiter</strong></span> <span class='ocrx_word' id='word_1_494' title='bbox 3183 2283 3345 2338; x_wconf 89' lang='lat' dir='ltr'><strong>etiam</strong></span> <span class='ocrx_word' id='word_1_495' title='bbox 3402 2297 3523 2353; x_wconf 72' lang='lat' dir='ltr'><strong>qua:</strong></span> <span class='ocrx_word' id='word_1_496' title='bbox 3585 2293 3641 2336; x_wconf 91' lang='lat' dir='ltr'><strong>tu</strong></span> 
     </span>
    </p>
   </div>
   <div class='ocr_carea' id='block_1_82' title="bbox 2060 2378 2700 2449">
    <p class='ocr_par' dir='ltr' id='par_1_82' title="bbox 2060 2378 2700 2449">
     <span class='ocr_line' id='line_1_82' title="bbox 2060 2378 2700 2449; baseline -0.005 -13"><span class='ocrx_word' id='word_1_497' title='bbox 2060 2380 2263 2436; x_wconf 82' lang='lat' dir='ltr'><strong>dixeris</strong></span> <span class='ocrx_word' id='word_1_498' title='bbox 2290 2387 2525 2449; x_wconf 79' lang='lat' dir='ltr'><strong>exponet</strong></span> <span class='ocrx_word' id='word_1_499' title='bbox 2552 2378 2700 2434; x_wconf 87' lang='lat' dir='ltr'><strong>aliis.</strong></span> 
     </span>
    </p>
   </div>
   <div class='ocr_carea' id='block_1_83' title="bbox 2143 2468 3642 2537">
    <p class='ocr_par' dir='ltr' id='par_1_83' title="bbox 2143 2468 3642 2537">
     <span class='ocr_line' id='line_1_83' title="bbox 2143 2468 3642 2537; baseline -0.006 -10"><span class='ocrx_word' id='word_1_500' title='bbox 2143 2471 2490 2528; x_wconf 65' lang='lat' dir='ltr'><strong>lost-hiauit.</strong></span> <span class='ocrx_word' id='word_1_501' title='bbox 2508 2474 2549 2525; x_wconf 77' lang='grc' dir='ltr'><strong>Δ</strong></span> <span class='ocrx_word' id='word_1_502' title='bbox 2570 2470 2758 2526; x_wconf 89' lang='lat' dir='ltr'><strong>multis</strong></span> <span class='ocrx_word' id='word_1_503' title='bbox 2780 2469 2940 2524; x_wconf 86' lang='lat' dir='ltr'><strong>malis</strong></span> <span class='ocrx_word' id='word_1_504' title='bbox 2968 2468 3206 2532; x_wconf 84' lang='lat' dir='ltr'><strong>traduci,</strong></span> <span class='ocrx_word' id='word_1_505' title='bbox 3231 2481 3412 2537; x_wconf 88' lang='lat' dir='ltr'><strong>neque</strong></span> <span class='ocrx_word' id='word_1_506' title='bbox 3431 2477 3642 2529; x_wconf 77' lang='lat' dir='ltr'><strong>verum,</strong></span> 
     </span>
    </p>
   </div>
   <div class='ocr_carea' id='block_1_84' title="bbox 2059 2560 3645 2638">
    <p class='ocr_par' dir='ltr' id='par_1_84' title="bbox 2059 2560 3645 2638">
     <span class='ocr_line' id='line_1_84' title="bbox 2059 2560 3645 2638; baseline -0.008 -14"><span class='ocrx_word' id='word_1_507' title='bbox 2059 2581 2240 2638; x_wconf 83' lang='lat' dir='ltr'><strong>neque</strong></span> <span class='ocrx_word' id='word_1_508' title='bbox 2268 2567 2596 2622; x_wconf 86' lang='lat' dir='ltr'><strong>damnosum</strong></span> <span class='ocrx_word' id='word_1_509' title='bbox 2624 2573 2744 2619; x_wconf 90' lang='lat' dir='ltr'><strong>est:</strong></span> <span class='ocrx_word' id='word_1_510' title='bbox 2777 2563 2848 2617; x_wconf 87' lang='lat' dir='ltr'><strong>ah</strong></span> <span class='ocrx_word' id='word_1_511' title='bbox 2897 2576 3010 2616; x_wconf 89' lang='lat' dir='ltr'><strong>uno</strong></span> <span class='ocrx_word' id='word_1_512' title='bbox 3041 2571 3224 2616; x_wconf 89' lang='lat' dir='ltr'><strong>autem</strong></span> <span class='ocrx_word' id='word_1_513' title='bbox 3281 2560 3424 2614; x_wconf 89' lang='lat' dir='ltr'><strong>bono</strong></span> <span class='ocrx_word' id='word_1_514' title='bbox 3461 2572 3645 2628; x_wconf 84' lang='lat' dir='ltr'><strong>repre-</strong></span> 
     </span>
    </p>
   </div>
   <div class='ocr_carea' id='block_1_85' title="bbox 2063 2653 2963 2724">
    <p class='ocr_par' dir='ltr' id='par_1_85' title="bbox 2063 2653 2963 2724">
     <span class='ocr_line' id='line_1_85' title="bbox 2063 2653 2963 2724; baseline -0.011 -8"><span class='ocrx_word' id='word_1_515' title='bbox 2063 2659 2248 2724; x_wconf 89' lang='lat' dir='ltr'><strong>hendi,</strong></span> <span class='ocrx_word' id='word_1_516' title='bbox 2277 2667 2333 2713; x_wconf 89' lang='lat' dir='ltr'><strong>et</strong></span> <span class='ocrx_word' id='word_1_517' title='bbox 2373 2669 2565 2712; x_wconf 89' lang='lat' dir='ltr'><strong>verum</strong></span> <span class='ocrx_word' id='word_1_518' title='bbox 2601 2664 2658 2710; x_wconf 86' lang='lat' dir='ltr'><strong>et</strong></span> <span class='ocrx_word' id='word_1_519' title='bbox 2691 2653 2828 2708; x_wconf 86' lang='lat' dir='ltr'><strong>utile</strong></span> <span class='ocrx_word' id='word_1_520' title='bbox 2853 2661 2963 2708; x_wconf 91' lang='lat' dir='ltr'><strong>est.</strong></span> 
     </span>
    </p>
   </div>
   <div class='ocr_carea' id='block_1_86' title="bbox 2133 2743 3643 2814">
    <p class='ocr_par' dir='ltr' id='par_1_86' title="bbox 2133 2743 3643 2814">
     <span class='ocr_line' id='line_1_86' title="bbox 2133 2743 3643 2814; baseline -0.009 -9"><span class='ocrx_word' id='word_1_521' title='bbox 2133 2752 2428 2806; x_wconf 70' lang='lat' dir='ltr'><strong>Demonaat.</strong></span> <span class='ocrx_word' id='word_1_522' title='bbox 2461 2749 2598 2802; x_wconf 81' lang='lat' dir='ltr'><strong>Cum</strong></span> <span class='ocrx_word' id='word_1_523' title='bbox 2650 2745 2899 2814; x_wconf 84' lang='lat' dir='ltr'><strong>sophista</strong></span> <span class='ocrx_word' id='word_1_524' title='bbox 2931 2743 3155 2813; x_wconf 89' lang='lat' dir='ltr'><strong>quidam</strong></span> <span class='ocrx_word' id='word_1_525' title='bbox 3189 2743 3475 2811; x_wconf 73' lang='lat' dir='ltr'><strong>culparet-</strong></span> <span class='ocrx_word' id='word_1_526' title='bbox 3491 2753 3643 2806; x_wconf 89' lang='lat' dir='ltr'><strong>eum,</strong></span> 
     </span>
    </p>
   </div>
   <div class='ocr_carea' id='block_1_87' title="bbox 2062 2829 3642 2904">
    <p class='ocr_par' dir='ltr' id='par_1_87' title="bbox 2062 2829 3642 2904">
     <span class='ocr_line' id='line_1_87' title="bbox 2062 2829 3642 2904; baseline -0.008 -5"><span class='ocrx_word' id='word_1_527' title='bbox 2062 2855 2115 2899; x_wconf 86' lang='lat' dir='ltr'><strong>et</strong></span> <span class='ocrx_word' id='word_1_528' title='bbox 2141 2842 2350 2898; x_wconf 85' lang='lat' dir='ltr'><strong>diceret</strong></span> <span class='ocrx_word' id='word_1_529' title='bbox 2388 2859 2404 2895; x_wconf 87' lang='lat'><strong>:</strong></span> <span class='ocrx_word' id='word_1_530' title='bbox 2438 2839 2552 2894; x_wconf 91' lang='lat' dir='ltr'><strong>Cur</strong></span> <span class='ocrx_word' id='word_1_531' title='bbox 2599 2837 2730 2892; x_wconf 90' lang='lat' dir='ltr'><strong>mihi</strong></span> <span class='ocrx_word' id='word_1_532' title='bbox 2770 2835 3092 2891; x_wconf 79' lang='lat' dir='ltr'><strong>maledicis?</strong></span> <span class='ocrx_word' id='word_1_533' title='bbox 3139 2832 3457 2904; x_wconf 83' lang='lat' dir='ltr'><strong>respondit:</strong></span> <span class='ocrx_word' id='word_1_534' title='bbox 3490 2829 3642 2898; x_wconf 84' lang='lat' dir='ltr'><strong>Quo-</strong></span> 
     </span>
    </p>
   </div>
   <div class='ocr_carea' id='block_1_88' title="bbox 2062 2927 3253 2991">
    <p class='ocr_par' dir='ltr' id='par_1_88' title="bbox 2062 2927 3253 2991">
     <span class='ocr_line' id='line_1_88' title="bbox 2062 2927 3253 2991; baseline -0.008 -1"><span class='ocrx_word' id='word_1_535' title='bbox 2062 2936 2208 2991; x_wconf 88' lang='lat' dir='ltr'><strong>niam</strong></span> <span class='ocrx_word' id='word_1_536' title='bbox 2241 2943 2298 2990; x_wconf 93' lang='lat' dir='ltr'><strong>tu</strong></span> <span class='ocrx_word' id='word_1_537' title='bbox 2321 2932 2736 2988; x_wconf 86' lang='lat' dir='ltr'><strong>maledicentem</strong></span> <span class='ocrx_word' id='word_1_538' title='bbox 2773 2943 2883 2982; x_wconf 86' lang='lat' dir='ltr'><strong>non</strong></span> <span class='ocrx_word' id='word_1_539' title='bbox 2924 2927 3253 2983; x_wconf 81' lang='lat' dir='ltr'><strong>contemnis.</strong></span> 
     </span>
    </p>
   </div>
   <div class='ocr_carea' id='block_1_89' title="bbox 2131 3017 3644 3096">
    <p class='ocr_par' dir='ltr' id='par_1_89' title="bbox 2131 3017 3644 3096">
     <span class='ocr_line' id='line_1_89' title="bbox 2131 3017 3644 3096; baseline -0.011 -12"><span class='ocrx_word' id='word_1_540' title='bbox 2131 3027 2270 3084; x_wconf 81' lang='lat' dir='ltr'><strong>Cum</strong></span> <span class='ocrx_word' id='word_1_541' title='bbox 2322 3025 2609 3096; x_wconf 85' lang='lat' dir='ltr'><strong>Pelopides</strong></span> <span class='ocrx_word' id='word_1_542' title='bbox 2659 3033 2924 3079; x_wconf 78' lang='lat' dir='ltr'><strong>strenuus</strong></span> <span class='ocrx_word' id='word_1_543' title='bbox 2968 3021 3126 3075; x_wconf 88' lang='lat' dir='ltr'><strong>miles</strong></span> <span class='ocrx_word' id='word_1_544' title='bbox 3177 3021 3321 3089; x_wconf 88' lang='lat' dir='ltr'><strong>apud</strong></span> <span class='ocrx_word' id='word_1_545' title='bbox 3378 3017 3644 3072; x_wconf 80' lang='lat' dir='ltr'><strong>Demona-</strong></span> 
     </span>
    </p>
   </div>
   <div class='ocr_carea' id='block_1_90' title="bbox 2062 3110 3644 3186">
    <p class='ocr_par' dir='ltr' id='par_1_90' title="bbox 2062 3110 3644 3186">
     <span class='ocr_line' id='line_1_90' title="bbox 2062 3110 3644 3186; baseline -0.011 -6"><span class='ocrx_word' id='word_1_546' title='bbox 2062 3131 2206 3180; x_wconf 87' lang='lat' dir='ltr'><strong>ctem</strong></span> <span class='ocrx_word' id='word_1_547' title='bbox 2237 3121 2520 3175; x_wconf 89' lang='lat' dir='ltr'><strong>traductus</strong></span> <span class='ocrx_word' id='word_1_548' title='bbox 2542 3125 2710 3183; x_wconf 88' lang='lat' dir='ltr'><strong>esset,</strong></span> <span class='ocrx_word' id='word_1_549' title='bbox 2743 3126 2804 3171; x_wconf 90' lang='lat' dir='ltr'><strong>ut</strong></span> <span class='ocrx_word' id='word_1_550' title='bbox 2833 3117 2925 3186; x_wconf 88' lang='lat' dir='ltr'><strong>qui</strong></span> <span class='ocrx_word' id='word_1_551' title='bbox 2960 3113 3210 3171; x_wconf 88' lang='lat' dir='ltr'><strong>convicia</strong></span> <span class='ocrx_word' id='word_1_552' title='bbox 3245 3113 3300 3166; x_wconf 89' lang='lat' dir='ltr'><strong>in</strong></span> <span class='ocrx_word' id='word_1_553' title='bbox 3334 3125 3459 3165; x_wconf 82' lang='lat' dir='ltr'><strong>eum</strong></span> <span class='ocrx_word' id='word_1_554' title='bbox 3496 3110 3644 3164; x_wconf 82' lang='lat' dir='ltr'><strong>dice-</strong></span> 
     </span>
    </p>
   </div>
   <div class='ocr_carea' id='block_1_91' title="bbox 2063 3204 3641 3284">
    <p class='ocr_par' dir='ltr' id='par_1_91' title="bbox 2063 3204 3641 3284">
     <span class='ocr_line' id='line_1_91' title="bbox 2063 3204 3641 3284; baseline -0.011 -12"><span class='ocrx_word' id='word_1_555' title='bbox 2063 3224 2184 3272; x_wconf 86' lang='lat' dir='ltr'><strong>ret:</strong></span> <span class='ocrx_word' id='word_1_556' title='bbox 2219 3210 2603 3284; x_wconf 61' lang='lat' dir='ltr'><strong>E‘go,~ittquit,</strong></span> <span class='ocrx_word' id='word_1_557' title='bbox 2633 3224 2798 3280; x_wconf 85' lang='lat' dir='ltr'><strong>opera</strong></span> <span class='ocrx_word' id='word_1_558' title='bbox 2850 3208 2970 3280; x_wconf 86' lang='lat' dir='ltr'><strong>ejus</strong></span> <span class='ocrx_word' id='word_1_559' title='bbox 3018 3204 3280 3278; x_wconf 88' lang='lat' dir='ltr'><strong>respicio,</strong></span> <span class='ocrx_word' id='word_1_560' title='bbox 3331 3215 3641 3261; x_wconf 81' lang='lat' dir='ltr'><strong>sermonem</strong></span> 
     </span>
    </p>
   </div>
   <div class='ocr_carea' id='block_1_92' title="bbox 2065 3303 2580 3364">
    <p class='ocr_par' dir='ltr' id='par_1_92' title="bbox 2065 3303 2580 3364">
     <span class='ocr_line' id='line_1_92' title="bbox 2065 3303 2580 3364; baseline -0.012 0"><span class='ocrx_word' id='word_1_561' title='bbox 2065 3324 2195 3364; x_wconf 90' lang='lat' dir='ltr'><strong>vero</strong></span> <span class='ocrx_word' id='word_1_562' title='bbox 2225 3322 2336 3363; x_wconf 90' lang='lat' dir='ltr'><strong>non</strong></span> <span class='ocrx_word' id='word_1_563' title='bbox 2375 3303 2580 3361; x_wconf 90' lang='lat' dir='ltr'><strong>audivi.</strong></span> 
     </span>
    </p>
   </div>
   <div class='ocr_carea' id='block_1_93' title="bbox 2064 3481 3230 3553">
    <p class='ocr_par' dir='ltr' id='par_1_93' title="bbox 2064 3481 3230 3553">
     <span class='ocr_line' id='line_1_93' title="bbox 2064 3481 3230 3553; baseline -0.007 -11"><span class='ocrx_word' id='word_1_564' title='bbox 2064 3485 2211 3542; x_wconf 84' lang='lat' dir='ltr'><strong>Nihil</strong></span> <span class='ocrx_word' id='word_1_565' title='bbox 2235 3485 2480 3549; x_wconf 88' lang='lat' dir='ltr'><strong>suavius,</strong></span> <span class='ocrx_word' id='word_1_566' title='bbox 2525 3497 2702 3553; x_wconf 86' lang='lat' dir='ltr'><strong>neque</strong></span> <span class='ocrx_word' id='word_1_567' title='bbox 2750 3481 2923 3550; x_wconf 79' lang='lat' dir='ltr'><strong>magis</strong></span> <span class='ocrx_word' id='word_1_568' title='bbox 2955 3481 3230 3536; x_wconf 84' lang='lat' dir='ltr'><strong>musicum</strong></span> 
     </span>
    </p>
   </div>
   <div class='ocr_carea' id='block_1_94' title="bbox 2068 3575 3041 3646">
    <p class='ocr_par' dir='ltr' id='par_1_94' title="bbox 2068 3575 3041 3646">
     <span class='ocr_line' id='line_1_94' title="bbox 2068 3575 3041 3646; baseline -0.003 -15"><span class='ocrx_word' id='word_1_569' title='bbox 2068 3578 2182 3642; x_wconf 86' lang='lat' dir='ltr'><strong>Est,</strong></span> <span class='ocrx_word' id='word_1_570' title='bbox 2218 3591 2378 3646; x_wconf 88' lang='lat' dir='ltr'><strong>quam</strong></span> <span class='ocrx_word' id='word_1_571' title='bbox 2405 3576 2652 3632; x_wconf 87' lang='lat' dir='ltr'><strong>convicia</strong></span> <span class='ocrx_word' id='word_1_572' title='bbox 2679 3575 2822 3630; x_wconf 80' lang='lat' dir='ltr'><strong>ferre</strong></span> <span class='ocrx_word' id='word_1_573' title='bbox 2858 3589 3041 3644; x_wconf 86' lang='lat' dir='ltr'><strong>posse.</strong></span> 
     </span>
    </p>
   </div>
   <div class='ocr_carea' id='block_1_95' title="bbox 2015 3666 3360 3736">
    <p class='ocr_par' dir='ltr' id='par_1_95' title="bbox 2015 3666 3360 3736">
     <span class='ocr_line' id='line_1_95' title="bbox 2015 3666 3360 3736; baseline -0.002 -12"><span class='ocrx_word' id='word_1_574' title='bbox 2015 3693 2022 3700; x_wconf 60' lang='grc' dir='ltr'><strong><em>τ</em></strong></span> <span class='ocrx_word' id='word_1_575' title='bbox 2065 3669 2202 3724; x_wconf 85' lang='lat' dir='ltr'><strong>Nam</strong></span> <span class='ocrx_word' id='word_1_576' title='bbox 2237 3668 2503 3734; x_wconf 84' lang='lat' dir='ltr'><strong>convicia,</strong></span> <span class='ocrx_word' id='word_1_577' title='bbox 2528 3667 2576 3724; x_wconf 86' lang='lat' dir='ltr'><strong>si</strong></span> <span class='ocrx_word' id='word_1_578' title='bbox 2601 3669 2648 3723; x_wconf 89' lang='lat' dir='ltr'><strong>is</strong></span> <span class='ocrx_word' id='word_1_579' title='bbox 2685 3675 2874 3721; x_wconf 89' lang='lat' dir='ltr'><strong>contra</strong></span> <span class='ocrx_word' id='word_1_580' title='bbox 2907 3681 3068 3736; x_wconf 89' lang='lat' dir='ltr'><strong>quem</strong></span> <span class='ocrx_word' id='word_1_581' title='bbox 3102 3666 3360 3721; x_wconf 86' lang='lat' dir='ltr'><strong>dicuntur</strong></span> 
     </span>
    </p>
   </div>
   <div class='ocr_carea' id='block_1_96' title="bbox 2067 3758 3252 3824">
    <p class='ocr_par' dir='ltr' id='par_1_96' title="bbox 2067 3758 3252 3824">
     <span class='ocr_line' id='line_1_96' title="bbox 2067 3758 3252 3824; baseline 0.001 -12"><span class='ocrx_word' id='word_1_582' title='bbox 2067 3758 2406 3824; x_wconf 85' lang='lat' dir='ltr'><strong>Dissimulet,</strong></span> <span class='ocrx_word' id='word_1_583' title='bbox 2435 3760 2491 3815; x_wconf 88' lang='lat' dir='ltr'><strong>in</strong></span> <span class='ocrx_word' id='word_1_584' title='bbox 2526 3760 2611 3816; x_wconf 90' lang='lat' dir='ltr'><strong>sui</strong></span> <span class='ocrx_word' id='word_1_585' title='bbox 2648 3769 2928 3816; x_wconf 87' lang='lat' dir='ltr'><strong>auctorem</strong></span> <span class='ocrx_word' id='word_1_586' title='bbox 2953 3759 3252 3814; x_wconf 77' lang='lat' dir='ltr'><strong>recidunt.</strong></span> 
     </span>
    </p>
   </div>
   <div class='ocr_carea' id='block_1_97' title="bbox 3102 3849 3501 3918">
    <p class='ocr_par' dir='ltr' id='par_1_97' title="bbox 3102 3849 3501 3918">
     <span class='ocr_line' id='line_1_97' title="bbox 3102 3849 3501 3918; baseline -0.003 -16"><span class='ocrx_word' id='word_1_587' title='bbox 3102 3849 3501 3918; x_wconf 79' lang='lat' dir='ltr'><strong>(l’hilemonis.)</strong></span> 
     </span>
    </p>
   </div>
   <div class='ocr_carea' id='block_1_98' title="bbox 2067 3941 3282 4012">
    <p class='ocr_par' dir='ltr' id='par_1_98' title="bbox 2067 3941 3282 4012">
     <span class='ocr_line' id='line_1_98' title="bbox 2067 3941 3282 4012; baseline 0 -16"><span class='ocrx_word' id='word_1_588' title='bbox 2067 3944 2330 4012; x_wconf 84' lang='lat' dir='ltr'><strong>Quisquis</strong></span> <span class='ocrx_word' id='word_1_589' title='bbox 2357 3944 2542 3999; x_wconf 87' lang='lat' dir='ltr'><strong>statim</strong></span> <span class='ocrx_word' id='word_1_590' title='bbox 2575 3943 2735 3998; x_wconf 83' lang='lat' dir='ltr'><strong>Iidem</strong></span> <span class='ocrx_word' id='word_1_591' title='bbox 2766 3942 2934 3998; x_wconf 88' lang='lat' dir='ltr'><strong>habet</strong></span> <span class='ocrx_word' id='word_1_592' title='bbox 2964 3941 3282 4004; x_wconf 86' lang='lat' dir='ltr'><strong>calumniis,</strong></span> 
     </span>
    </p>
   </div>
   <div class='ocr_carea' id='block_1_99' title="bbox 2068 4030 3178 4101">
    <p class='ocr_par' dir='ltr' id='par_1_99' title="bbox 2068 4030 3178 4101">
     <span class='ocr_line' id='line_1_99' title="bbox 2068 4030 3178 4101; baseline -0.001 -15"><span class='ocrx_word' id='word_1_593' title='bbox 2068 4031 2174 4086; x_wconf 79' lang='lat' dir='ltr'><strong>Aut</strong></span> <span class='ocrx_word' id='word_1_594' title='bbox 2203 4031 2447 4086; x_wconf 85' lang='lat' dir='ltr'><strong>moribus</strong></span> <span class='ocrx_word' id='word_1_595' title='bbox 2480 4030 2746 4101; x_wconf 81' lang='lat' dir='ltr'><strong>improbis</strong></span> <span class='ocrx_word' id='word_1_596' title='bbox 2781 4031 3044 4099; x_wconf 67' lang='lat' dir='ltr'><strong>Prwtitlus</strong></span> <span class='ocrx_word' id='word_1_597' title='bbox 3074 4037 3178 4094; x_wconf 87' lang='lat' dir='ltr'><strong>est,</strong></span> 
     </span>
    </p>
   </div>
   <div class='ocr_carea' id='block_1_100' title="bbox 2069 4119 3650 4191">
    <p class='ocr_par' dir='ltr' id='par_1_100' title="bbox 2069 4119 3650 4191">
     <span class='ocr_line' id='line_1_100' title="bbox 2069 4119 3650 4191; baseline -0.003 -15"><span class='ocrx_word' id='word_1_598' title='bbox 2069 4121 2474 4190; x_wconf 77' lang='lat' dir='ltr'><strong>Autingcnium</strong></span> <span class='ocrx_word' id='word_1_599' title='bbox 2515 4137 2744 4191; x_wconf 88' lang='lat' dir='ltr'><strong>prorsus</strong></span> <span class='ocrx_word' id='word_1_600' title='bbox 2777 4122 2943 4176; x_wconf 85' lang='lat' dir='ltr'><strong>habet</strong></span> <span class='ocrx_word' id='word_1_601' title='bbox 2980 4121 3208 4190; x_wconf 85' lang='lat' dir='ltr'><strong>puerile.</strong></span> <span class='ocrx_word' id='word_1_602' title='bbox 3300 4119 3650 4189; x_wconf 60' lang='lat' dir='ltr'><strong>(Menandri)</strong></span> 
     </span>
    </p>
   </div>
   <div class='ocr_carea' id='block_1_101' title="bbox 2144 4210 3650 4283">
    <p class='ocr_par' dir='ltr' id='par_1_101' title="bbox 2144 4210 3650 4283">
     <span class='ocr_line' id='line_1_101' title="bbox 2144 4210 3650 4283; baseline -0.001 -16"><span class='ocrx_word' id='word_1_603' title='bbox 2144 4213 2383 4283; x_wconf 78' lang='lat' dir='ltr'><strong>Rhegini.</strong></span> <span class='ocrx_word' id='word_1_604' title='bbox 2412 4213 2556 4267; x_wconf 76' lang='lat' dir='ltr'><strong>Ellulti</strong></span> <span class='ocrx_word' id='word_1_605' title='bbox 2579 4213 2694 4281; x_wconf 85' lang='lat' dir='ltr'><strong>jam</strong></span> <span class='ocrx_word' id='word_1_606' title='bbox 2734 4213 3038 4280; x_wconf 82' lang='lat' dir='ltr'><strong>majoribus</strong></span> <span class='ocrx_word' id='word_1_607' title='bbox 3076 4211 3244 4268; x_wconf 90' lang='lat' dir='ltr'><strong>malis</strong></span> <span class='ocrx_word' id='word_1_608' title='bbox 3277 4210 3462 4273; x_wconf 75' lang='lat' dir='ltr'><strong>allecti</strong></span> <span class='ocrx_word' id='word_1_609' title='bbox 3521 4221 3650 4265; x_wconf 85' lang='lat' dir='ltr'><strong>sunt</strong></span> 
     </span>
    </p>
   </div>
   <div class='ocr_carea' id='block_1_102' title="bbox 2071 4303 3651 4375">
    <p class='ocr_par' dir='ltr' id='par_1_102' title="bbox 2071 4303 3651 4375">
     <span class='ocr_line' id='line_1_102' title="bbox 2071 4303 3651 4375; baseline -0.001 -17"><span class='ocrx_word' id='word_1_610' title='bbox 2071 4321 2166 4375; x_wconf 76' lang='lat' dir='ltr'><strong>per</strong></span> <span class='ocrx_word' id='word_1_611' title='bbox 2196 4305 2504 4360; x_wconf 85' lang='lat' dir='ltr'><strong>calumnias</strong></span> <span class='ocrx_word' id='word_1_612' title='bbox 2555 4321 2718 4374; x_wconf 88' lang='lat' dir='ltr'><strong>quam</strong></span> <span class='ocrx_word' id='word_1_613' title='bbox 2761 4308 2967 4361; x_wconf 86' lang='lat' dir='ltr'><strong>hostes.</strong></span> <span class='ocrx_word' id='word_1_614' title='bbox 3001 4303 3070 4359; x_wconf 84' lang='lat' dir='ltr'><strong>Et</strong></span> <span class='ocrx_word' id='word_1_615' title='bbox 3111 4303 3266 4359; x_wconf 80' lang='lat' dir='ltr'><strong>multi</strong></span> <span class='ocrx_word' id='word_1_616' title='bbox 3310 4305 3421 4373; x_wconf 87' lang='lat' dir='ltr'><strong>jam</strong></span> <span class='ocrx_word' id='word_1_617' title='bbox 3478 4303 3651 4372; x_wconf 78' lang='lat' dir='ltr'><strong>magis</strong></span> 
     </span>
    </p>
   </div>
   <div class='ocr_carea' id='block_1_103' title="bbox 2073 4397 3648 4469">
    <p class='ocr_par' dir='ltr' id='par_1_103' title="bbox 2073 4397 3648 4469">
     <span class='ocr_line' id='line_1_103' title="bbox 2073 4397 3648 4469; baseline -0.003 -15"><span class='ocrx_word' id='word_1_618' title='bbox 2073 4401 2185 4456; x_wconf 72' lang='lat' dir='ltr'><strong>ltesi</strong></span> <span class='ocrx_word' id='word_1_619' title='bbox 2214 4411 2341 4456; x_wconf 89' lang='lat' dir='ltr'><strong>sunt</strong></span> <span class='ocrx_word' id='word_1_620' title='bbox 2367 4400 2441 4458; x_wconf 88' lang='lat' dir='ltr'><strong>ob</strong></span> <span class='ocrx_word' id='word_1_621' title='bbox 2483 4401 2702 4455; x_wconf 88' lang='lat' dir='ltr'><strong>aurium</strong></span> <span class='ocrx_word' id='word_1_622' title='bbox 2753 4401 3151 4463; x_wconf 77' lang='lat' dir='ltr'><strong>inﬁrmitatem,</strong></span> <span class='ocrx_word' id='word_1_623' title='bbox 3186 4414 3350 4469; x_wconf 89' lang='lat' dir='ltr'><strong>quam</strong></span> <span class='ocrx_word' id='word_1_624' title='bbox 3404 4397 3648 4453; x_wconf 81' lang='lat' dir='ltr'><strong>hostium</strong></span> 
     </span>
    </p>
   </div>
   <div class='ocr_carea' id='block_1_104' title="bbox 2073 4491 2324 4548">
    <p class='ocr_par' dir='ltr' id='par_1_104' title="bbox 2073 4491 2324 4548">
     <span class='ocr_line' id='line_1_104' title="bbox 2073 4491 2324 4548; baseline 0.004 -3"><span class='ocrx_word' id='word_1_625' title='bbox 2073 4491 2324 4548; x_wconf 77' lang='lat' dir='ltr'><strong>insidias.</strong></span> 
     </span>
    </p>
   </div>
   <div class='ocr_carea' id='block_1_105' title="bbox 1995 4579 3248 4676">
    <p class='ocr_par' dir='ltr' id='par_1_105' title="bbox 1995 4579 3248 4676">
     <span class='ocr_line' id='line_1_105' title="bbox 1995 4579 3248 4676; baseline -0.004 -39"><span class='ocrx_word' id='word_1_626' title='bbox 1995 4617 2047 4676; x_wconf 69' lang='grc' dir='ltr'><strong>υ</strong></span> <span class='ocrx_word' id='word_1_627' title='bbox 2075 4584 2220 4640; x_wconf 86' lang='lat' dir='ltr'><strong>Nihil</strong></span> <span class='ocrx_word' id='word_1_628' title='bbox 2253 4601 2484 4656; x_wconf 73' lang='lat' dir='ltr'><strong>usquam</strong></span> <span class='ocrx_word' id='word_1_629' title='bbox 2520 4583 2813 4653; x_wconf 70' lang='lat' dir='ltr'><strong>malignius</strong></span> <span class='ocrx_word' id='word_1_630' title='bbox 2835 4593 2921 4637; x_wconf 83' lang='lat' dir='ltr'><strong>est</strong></span> <span class='ocrx_word' id='word_1_631' title='bbox 2947 4579 3248 4636; x_wconf 84' lang='lat' dir='ltr'><strong>calumnia.</strong></span> 
     </span>
    </p>
   </div>
   <div class='ocr_carea' id='block_1_106' title="bbox 2073 4668 3651 4742">
    <p class='ocr_par' dir='ltr' id='par_1_106' title="bbox 2073 4668 3651 4742">
     <span class='ocr_line' id='line_1_106' title="bbox 2073 4668 3651 4742; baseline -0.006 -12"><span class='ocrx_word' id='word_1_632' title='bbox 2073 4679 2200 4732; x_wconf 81' lang='lat' dir='ltr'><strong>Haec</strong></span> <span class='ocrx_word' id='word_1_633' title='bbox 2221 4678 2366 4731; x_wconf 86' lang='lat' dir='ltr'><strong>enim</strong></span> <span class='ocrx_word' id='word_1_634' title='bbox 2390 4677 2482 4731; x_wconf 85' lang='lat' dir='ltr'><strong>ubi</strong></span> <span class='ocrx_word' id='word_1_635' title='bbox 2512 4677 2650 4730; x_wconf 72' lang='lat' dir='ltr'><strong>claui</strong></span> <span class='ocrx_word' id='word_1_636' title='bbox 2670 4675 2908 4742; x_wconf 85' lang='lat' dir='ltr'><strong>aliquem</strong></span> <span class='ocrx_word' id='word_1_637' title='bbox 2933 4688 2962 4726; x_wconf 92' lang='lat' dir='ltr'><strong>a</strong></span> <span class='ocrx_word' id='word_1_638' title='bbox 2985 4687 3043 4728; x_wconf 91' lang='lat' dir='ltr'><strong>se</strong></span> <span class='ocrx_word' id='word_1_639' title='bbox 3066 4685 3388 4742; x_wconf 88' lang='lat' dir='ltr'><strong>persuasum</strong></span> <span class='ocrx_word' id='word_1_640' title='bbox 3415 4668 3651 4737; x_wconf 83' lang='lat' dir='ltr'><strong>decepit,</strong></span> 
     </span>
    </p>
   </div>
   <div class='ocr_carea' id='block_1_107' title="bbox 2070 4759 3654 4835">
    <p class='ocr_par' dir='ltr' id='par_1_107' title="bbox 2070 4759 3654 4835">
     <span class='ocr_line' id='line_1_107' title="bbox 2070 4759 3654 4835; baseline -0.004 -15"><span class='ocrx_word' id='word_1_641' title='bbox 2070 4766 2268 4820; x_wconf 87' lang='lat' dir='ltr'><strong>Odium</strong></span> <span class='ocrx_word' id='word_1_642' title='bbox 2285 4769 2488 4822; x_wconf 79' lang='lat' dir='ltr'><strong>excitat</strong></span> <span class='ocrx_word' id='word_1_643' title='bbox 2501 4768 2760 4822; x_wconf 76' lang='lat' dir='ltr'><strong>adversus</strong></span> <span class='ocrx_word' id='word_1_644' title='bbox 2776 4781 2898 4822; x_wconf 85' lang='lat' dir='ltr'><strong>eum</strong></span> <span class='ocrx_word' id='word_1_645' title='bbox 2917 4765 3008 4835; x_wconf 89' lang='lat' dir='ltr'><strong>qui</strong></span> <span class='ocrx_word' id='word_1_646' title='bbox 3027 4763 3162 4818; x_wconf 87' lang='lat' dir='ltr'><strong>nihil</strong></span> <span class='ocrx_word' id='word_1_647' title='bbox 3179 4772 3264 4819; x_wconf 89' lang='lat' dir='ltr'><strong>est</strong></span> <span class='ocrx_word' id='word_1_648' title='bbox 3280 4759 3654 4818; x_wconf 81' lang='lat' dir='ltr'><strong>commeritus.</strong></span> 
     </span>
    </p>
   </div>
   <div class='ocr_carea' id='block_1_108' title="bbox 2149 4854 3656 4926">
    <p class='ocr_par' dir='ltr' id='par_1_108' title="bbox 2149 4854 3656 4926">
     <span class='ocr_line' id='line_1_108' title="bbox 2149 4854 3656 4926; baseline -0.005 -11"><span class='ocrx_word' id='word_1_649' title='bbox 2149 4860 2316 4915; x_wconf 71' lang='lat' dir='ltr'><strong>Sexti.</strong></span> <span class='ocrx_word' id='word_1_650' title='bbox 2357 4860 2456 4926; x_wconf 88' lang='lat' dir='ltr'><strong>Qui</strong></span> <span class='ocrx_word' id='word_1_651' title='bbox 2485 4859 2860 4914; x_wconf 86' lang='lat' dir='ltr'><strong>calumniatur</strong></span> <span class='ocrx_word' id='word_1_652' title='bbox 2914 4857 3176 4920; x_wconf 85' lang='lat' dir='ltr'><strong>amicum,</strong></span> <span class='ocrx_word' id='word_1_653' title='bbox 3238 4871 3344 4911; x_wconf 89' lang='lat' dir='ltr'><strong>non</strong></span> <span class='ocrx_word' id='word_1_654' title='bbox 3376 4854 3656 4919; x_wconf 82' lang='lat' dir='ltr'><strong>laudetur,</strong></span> 
     </span>
    </p>
   </div>
   <div class='ocr_carea' id='block_1_109' title="bbox 2074 4952 2618 5007">
    <p class='ocr_par' dir='ltr' id='par_1_109' title="bbox 2074 4952 2618 5007">
     <span class='ocr_line' id='line_1_109' title="bbox 2074 4952 2618 5007; baseline 0.002 -2"><span class='ocrx_word' id='word_1_655' title='bbox 2074 4952 2199 5006; x_wconf 82' lang='lat' dir='ltr'><strong>licet</strong></span> <span class='ocrx_word' id='word_1_656' title='bbox 2233 4969 2358 5006; x_wconf 84' lang='lat' dir='ltr'><strong>vera</strong></span> <span class='ocrx_word' id='word_1_657' title='bbox 2397 4953 2618 5007; x_wconf 75' lang='lat' dir='ltr'><strong>dixerit.</strong></span> 
     </span>
    </p>
   </div>
   <div class='ocr_carea' id='block_1_110' title="bbox 2146 5041 3652 5115">
    <p class='ocr_par' dir='ltr' id='par_1_110' title="bbox 2146 5041 3652 5115">
     <span class='ocr_line' id='line_1_110' title="bbox 2146 5041 3652 5115; baseline -0.005 -16"><span class='ocrx_word' id='word_1_658' title='bbox 2146 5045 2445 5115; x_wconf 77' lang='lat' dir='ltr'><strong>Chrysippi.</strong></span> <span class='ocrx_word' id='word_1_659' title='bbox 2481 5044 2615 5098; x_wconf 83' lang='lat' dir='ltr'><strong>Cum</strong></span> <span class='ocrx_word' id='word_1_660' title='bbox 2641 5044 2864 5115; x_wconf 86' lang='lat' dir='ltr'><strong>quidam</strong></span> <span class='ocrx_word' id='word_1_661' title='bbox 2891 5047 2938 5100; x_wconf 85' lang='lat' dir='ltr'><strong>ei</strong></span> <span class='ocrx_word' id='word_1_662' title='bbox 2962 5044 3227 5099; x_wconf 76' lang='lat' dir='ltr'><strong>dixisset:</strong></span> <span class='ocrx_word' id='word_1_663' title='bbox 3267 5041 3491 5096; x_wconf 84' lang='lat' dir='ltr'><strong>Amicus</strong></span> <span class='ocrx_word' id='word_1_664' title='bbox 3514 5041 3652 5093; x_wconf 80' lang='lat' dir='ltr'><strong>clam</strong></span> 
     </span>
    </p>
   </div>
   <div class='ocr_carea' id='block_1_111' title="bbox 2077 5134 3658 5207">
    <p class='ocr_par' dir='ltr' id='par_1_111' title="bbox 2077 5134 3658 5207">
     <span class='ocr_line' id='line_1_111' title="bbox 2077 5134 3658 5207; baseline -0.003 -15"><span class='ocrx_word' id='word_1_665' title='bbox 2077 5150 2126 5192; x_wconf 87' lang='lat' dir='ltr'><strong>te</strong></span> <span class='ocrx_word' id='word_1_666' title='bbox 2157 5138 2416 5204; x_wconf 87' lang='lat' dir='ltr'><strong>traducit,</strong></span> <span class='ocrx_word' id='word_1_667' title='bbox 2452 5138 2764 5207; x_wconf 85' lang='lat' dir='ltr'><strong>respondit:</strong></span> <span class='ocrx_word' id='word_1_668' title='bbox 2794 5137 2872 5194; x_wconf 85' lang='lat' dir='ltr'><strong>Ne</strong></span> <span class='ocrx_word' id='word_1_669' title='bbox 2896 5134 3267 5207; x_wconf 83' lang='lat' dir='ltr'><strong>reprehendas</strong></span> <span class='ocrx_word' id='word_1_670' title='bbox 3307 5150 3464 5201; x_wconf 88' lang='lat' dir='ltr'><strong>eum;</strong></span> <span class='ocrx_word' id='word_1_671' title='bbox 3531 5135 3658 5189; x_wconf 76' lang='lat' dir='ltr'><strong>licet</strong></span> 
     </span>
    </p>
   </div>
   <div class='ocr_carea' id='block_1_112' title="bbox 2076 5230 3094 5299">
    <p class='ocr_par' dir='ltr' id='par_1_112' title="bbox 2076 5230 3094 5299">
     <span class='ocr_line' id='line_1_112' title="bbox 2076 5230 3094 5299; baseline -0.003 -15"><span class='ocrx_word' id='word_1_672' title='bbox 2076 5231 2222 5285; x_wconf 85' lang='lat' dir='ltr'><strong>enim</strong></span> <span class='ocrx_word' id='word_1_673' title='bbox 2259 5231 2360 5286; x_wconf 89' lang='lat' dir='ltr'><strong>hoc</strong></span> <span class='ocrx_word' id='word_1_674' title='bbox 2392 5231 2468 5284; x_wconf 88' lang='lat' dir='ltr'><strong>illi</strong></span> <span class='ocrx_word' id='word_1_675' title='bbox 2493 5230 2655 5284; x_wconf 80' lang='lat' dir='ltr'><strong>etiam</strong></span> <span class='ocrx_word' id='word_1_676' title='bbox 2689 5231 2866 5299; x_wconf 83' lang='lat' dir='ltr'><strong>palam</strong></span> <span class='ocrx_word' id='word_1_677' title='bbox 2897 5231 3094 5284; x_wconf 82' lang='lat' dir='ltr'><strong>facere.</strong></span> 
     </span>
    </p>
   </div>
   <div class='ocr_carea' id='block_1_113' title="bbox 2150 5320 3658 5392">
    <p class='ocr_par' dir='ltr' id='par_1_113' title="bbox 2150 5320 3658 5392">
     <span class='ocr_line' id='line_1_113' title="bbox 2150 5320 3658 5392; baseline -0.003 -18"><span class='ocrx_word' id='word_1_678' title='bbox 2150 5320 2394 5377; x_wconf 82' lang='lat' dir='ltr'><strong>Luciam’.</strong></span> <span class='ocrx_word' id='word_1_679' title='bbox 2429 5323 2613 5377; x_wconf 89' lang='lat' dir='ltr'><strong>Bonus</strong></span> <span class='ocrx_word' id='word_1_680' title='bbox 2645 5323 2862 5392; x_wconf 80' lang='lat' dir='ltr'><strong>quidem</strong></span> <span class='ocrx_word' id='word_1_681' title='bbox 2914 5337 3132 5386; x_wconf 78' lang='lat' dir='ltr'><strong>cursor,</strong></span> <span class='ocrx_word' id='word_1_682' title='bbox 3166 5329 3226 5375; x_wconf 90' lang='lat' dir='ltr'><strong>ut</strong></span> <span class='ocrx_word' id='word_1_683' title='bbox 3269 5320 3504 5389; x_wconf 79' lang='lat' dir='ltr'><strong>primunt</strong></span> <span class='ocrx_word' id='word_1_684' title='bbox 3531 5332 3658 5370; x_wconf 59' lang='lat' dir='ltr'><strong>cur.</strong></span> 
     </span>
    </p>
   </div>
   <div class='ocr_carea' id='block_1_114' title="bbox 2077 5406 3657 5483">
    <p class='ocr_par' dir='ltr' id='par_1_114' title="bbox 2077 5406 3657 5483">
     <span class='ocr_line' id='line_1_114' title="bbox 2077 5406 3657 5483; baseline -0.003 -17"><span class='ocrx_word' id='word_1_685' title='bbox 2077 5414 2231 5467; x_wconf 80' lang='lat' dir='ltr'><strong>rendi</strong></span> <span class='ocrx_word' id='word_1_686' title='bbox 2260 5415 2478 5483; x_wconf 79' lang='lat' dir='ltr'><strong>signum</strong></span> <span class='ocrx_word' id='word_1_687' title='bbox 2499 5413 2688 5468; x_wconf 86' lang='lat' dir='ltr'><strong>datum</strong></span> <span class='ocrx_word' id='word_1_688' title='bbox 2719 5424 2823 5479; x_wconf 88' lang='lat' dir='ltr'><strong>est,</strong></span> <span class='ocrx_word' id='word_1_689' title='bbox 2855 5413 2988 5467; x_wconf 89' lang='lat' dir='ltr'><strong>nihil</strong></span> <span class='ocrx_word' id='word_1_690' title='bbox 3013 5427 3178 5483; x_wconf 86' lang='lat' dir='ltr'><strong>quam</strong></span> <span class='ocrx_word' id='word_1_691' title='bbox 3207 5425 3428 5481; x_wconf 82' lang='lat' dir='ltr'><strong>pergere</strong></span> <span class='ocrx_word' id='word_1_692' title='bbox 3448 5406 3657 5461; x_wconf 86' lang='lat' dir='ltr'><strong>deside-</strong></span> 
     </span>
    </p>
   </div>
   <div class='ocr_carea' id='block_1_115' title="bbox 2077 5497 3656 5566">
    <p class='ocr_par' dir='ltr' id='par_1_115' title="bbox 2077 5497 3656 5566">
     <span class='ocr_line' id='line_1_115' title="bbox 2077 5497 3656 5566; baseline -0.005 -9"><span class='ocrx_word' id='word_1_693' title='bbox 2077 5519 2226 5566; x_wconf 86' lang='lat' dir='ltr'><strong>rans,</strong></span> <span class='ocrx_word' id='word_1_694' title='bbox 2262 5516 2317 5559; x_wconf 88' lang='lat' dir='ltr'><strong>et</strong></span> <span class='ocrx_word' id='word_1_695' title='bbox 2348 5507 2594 5559; x_wconf 88' lang='lat' dir='ltr'><strong>animum</strong></span> <span class='ocrx_word' id='word_1_696' title='bbox 2631 5505 2698 5558; x_wconf 85' lang='lat' dir='ltr'><strong>ad</strong></span> <span class='ocrx_word' id='word_1_697' title='bbox 2727 5515 2925 5560; x_wconf 87' lang='lat' dir='ltr'><strong>metam</strong></span> <span class='ocrx_word' id='word_1_698' title='bbox 2951 5513 3298 5565; x_wconf 87' lang='lat' dir='ltr'><strong>convertens,</strong></span> <span class='ocrx_word' id='word_1_699' title='bbox 3331 5510 3386 5555; x_wconf 89' lang='lat' dir='ltr'><strong>et</strong></span> <span class='ocrx_word' id='word_1_700' title='bbox 3414 5499 3468 5550; x_wconf 89' lang='lat' dir='ltr'><strong>in</strong></span> <span class='ocrx_word' id='word_1_701' title='bbox 3500 5497 3656 5566; x_wconf 86' lang='lat' dir='ltr'><strong>pedi-</strong></span> 
     </span>
    </p>
   </div>
   <div class='ocr_carea' id='block_1_116' title="bbox 2078 5590 3652 5667">
    <p class='ocr_par' dir='ltr' id='par_1_116' title="bbox 2078 5590 3652 5667">
     <span class='ocr_line' id='line_1_116' title="bbox 2078 5590 3652 5667; baseline -0.004 -17"><span class='ocrx_word' id='word_1_702' title='bbox 2078 5597 2178 5651; x_wconf 87' lang='lat' dir='ltr'><strong>hus</strong></span> <span class='ocrx_word' id='word_1_703' title='bbox 2210 5597 2452 5652; x_wconf 70' lang='lat' dir='ltr'><strong>victoriae</strong></span> <span class='ocrx_word' id='word_1_704' title='bbox 2474 5612 2626 5667; x_wconf 91' lang='lat' dir='ltr'><strong>spem</strong></span> <span class='ocrx_word' id='word_1_705' title='bbox 2662 5598 2960 5661; x_wconf 78' lang='lat' dir='ltr'><strong>collocaris,</strong></span> <span class='ocrx_word' id='word_1_706' title='bbox 2997 5597 3132 5650; x_wconf 87' lang='lat' dir='ltr'><strong>nihil</strong></span> <span class='ocrx_word' id='word_1_707' title='bbox 3177 5593 3302 5645; x_wconf 84' lang='lat' dir='ltr'><strong>mali</strong></span> <span class='ocrx_word' id='word_1_708' title='bbox 3347 5590 3571 5644; x_wconf 89' lang='lat' dir='ltr'><strong>molitur</strong></span> <span class='ocrx_word' id='word_1_709' title='bbox 3600 5591 3652 5643; x_wconf 89' lang='lat' dir='ltr'><strong>in</strong></span> 
     </span>
    </p>
   </div>
   <div class='ocr_carea' id='block_1_117' title="bbox 2077 5683 3652 5762">
    <p class='ocr_par' dir='ltr' id='par_1_117' title="bbox 2077 5683 3652 5762">
     <span class='ocr_line' id='line_1_117' title="bbox 2077 5683 3652 5762; baseline -0.006 -19"><span class='ocrx_word' id='word_1_710' title='bbox 2077 5696 2411 5758; x_wconf 79' lang='lat' dir='ltr'><strong>proximum,</strong></span> <span class='ocrx_word' id='word_1_711' title='bbox 2439 5707 2614 5762; x_wconf 90' lang='lat' dir='ltr'><strong>neque</strong></span> <span class='ocrx_word' id='word_1_712' title='bbox 2657 5692 2956 5761; x_wconf 85' lang='lat' dir='ltr'><strong>quidquam</strong></span> <span class='ocrx_word' id='word_1_713' title='bbox 2987 5690 3055 5743; x_wconf 86' lang='lat' dir='ltr'><strong>de</strong></span> <span class='ocrx_word' id='word_1_714' title='bbox 3087 5688 3204 5755; x_wconf 86' lang='lat' dir='ltr'><strong>ipso</strong></span> <span class='ocrx_word' id='word_1_715' title='bbox 3233 5683 3342 5754; x_wconf 83' lang='lat'><strong>97</strong></span> <span class='ocrx_word' id='word_1_716' title='bbox 3375 5694 3530 5736; x_wconf 79' lang='lat' dir='ltr'><strong>curat</strong></span> <span class='ocrx_word' id='word_1_717' title='bbox 3569 5684 3652 5734; x_wconf 83' lang='lat' dir='ltr'><strong>in-</strong></span> 
     </span>
    </p>
   </div>
   <div class='ocr_carea' id='block_1_118' title="bbox 2077 5774 3648 5846">
    <p class='ocr_par' dir='ltr' id='par_1_118' title="bbox 2077 5774 3648 5846">
     <span class='ocr_line' id='line_1_118' title="bbox 2077 5774 3648 5846; baseline -0.008 -10"><span class='ocrx_word' id='word_1_718' title='bbox 2077 5793 2156 5836; x_wconf 86' lang='lat' dir='ltr'><strong>ter</strong></span> <span class='ocrx_word' id='word_1_719' title='bbox 2194 5791 2526 5844; x_wconf 83' lang='lat' dir='ltr'><strong>certatores;</strong></span> <span class='ocrx_word' id='word_1_720' title='bbox 2555 5781 2731 5836; x_wconf 84' lang='lat' dir='ltr'><strong>malus</strong></span> <span class='ocrx_word' id='word_1_721' title='bbox 2759 5795 2888 5836; x_wconf 86' lang='lat' dir='ltr'><strong>vero</strong></span> <span class='ocrx_word' id='word_1_722' title='bbox 2920 5787 2973 5834; x_wconf 81' lang='lat' dir='ltr'><strong>et</strong></span> <span class='ocrx_word' id='word_1_723' title='bbox 3006 5778 3235 5846; x_wconf 78' lang='lat' dir='ltr'><strong>ignavus</strong></span> <span class='ocrx_word' id='word_1_724' title='bbox 3281 5774 3648 5841; x_wconf 74' lang='lat' dir='ltr'><strong>aulagonisln,</strong></span> 
     </span>
    </p>
   </div>
   <div class='ocr_carea' id='block_1_119' title="bbox 2076 5865 3648 5943">
    <p class='ocr_par' dir='ltr' id='par_1_119' title="bbox 2076 5865 3648 5943">
     <span class='ocr_line' id='line_1_119' title="bbox 2076 5865 3648 5943; baseline -0.009 -11"><span class='ocrx_word' id='word_1_725' title='bbox 2076 5876 2140 5932; x_wconf 87' lang='lat' dir='ltr'><strong>de</strong></span> <span class='ocrx_word' id='word_1_726' title='bbox 2166 5875 2441 5933; x_wconf 86' lang='lat' dir='ltr'><strong>celeritate</strong></span> <span class='ocrx_word' id='word_1_727' title='bbox 2470 5888 2569 5930; x_wconf 85' lang='lat' dir='ltr'><strong>sua</strong></span> <span class='ocrx_word' id='word_1_728' title='bbox 2589 5875 2903 5943; x_wconf 81' lang='lat' dir='ltr'><strong>desperans,</strong></span> <span class='ocrx_word' id='word_1_729' title='bbox 2931 5868 2998 5924; x_wconf 86' lang='lat' dir='ltr'><strong>ad</strong></span> <span class='ocrx_word' id='word_1_730' title='bbox 3023 5866 3194 5922; x_wconf 82' lang='lat' dir='ltr'><strong>malas</strong></span> <span class='ocrx_word' id='word_1_731' title='bbox 3222 5875 3365 5922; x_wconf 69' lang='lat' dir='ltr'><strong>artes</strong></span> <span class='ocrx_word' id='word_1_732' title='bbox 3388 5865 3648 5939; x_wconf 67' lang='lat' dir='ltr'><strong>sovertit,</strong></span> 
     </span>
    </p>
   </div>
  </div>
