3980 6248
365 346 470 409 947

1640 347 1963 411 ΛΝΊῸΝΙΙ
1999 343 2345 412 ΜΕΙᾸΞΒᾹΞ

3531 349 3636 416 948

365 477 422 520 et
464 467 568 520 ltoc
595 476 765 520 unum
826 474 939 532 prae
967 459 1227 519 omnibus
1266 467 1502 532 spectat,
1541 469 1602 516 ut
1633 472 1946 518 currentem

2096 463 2210 518 μίαν
2236 462 2524 536 τρέπεται,
2551 460 2650 517 stati.
2670 459 2833 516 τοῦτο
2858 461 3020 532 μόνον
3045 460 3108 527 ἒξ
3134 461 3379 528 ἅπαντος
3411 468 3632 531 σκοπεῖ,

367 558 562 628 quovis
593 557 758 615 modo
801 555 1132 611 retardetac
1181 553 1463 624 impediat,
1495 561 1556 610 ut
1607 556 1702 626 qui
1729 555 1969 612 vincere.

369 658 624 721 nequeat,
658 650 705 710 si
741 649 846 705 hoc
869 648 1137 704 omiserit.

440 833 684 904 Dionysii
735 832 893 902 regis.
955 831 1246 903 Dionysius
1308 845 1405 886 rex
1467 845 1592 886 cum
1651 829 1953 886 audivisset

370 929 510 984 duos
544 925 932 983 adolescentes
977 923 1151 980 multa
1201 921 1604 980 contumeliosa
1633 921 1700 979 de
1751 922 1873 993 ipso
1896 931 1952 978 et

370 1020 660 1093 tyrannide
725 1019 870 1076 inter
923 1019 1357 1091 compotandum
1410 1016 1639 1082 dixisse,
1689 1027 1953 1088 utrosque

369 1115 588 1170 vocavit
618 1113 686 1169 ad
721 1125 964 1169 cuinam.
1001 1111 1142 1168 Cum
1171 1109 1384 1167 videret
1410 1117 1592 1165 autem
1627 1109 1859 1165 alterum
1885 1123 1950 1165 ex

370 1206 691 1264 temulentia
745 1205 1085 1277 petulaan
1122 1211 1180 1260 et
1209 1201 1404 1258 multa
1447 1210 1744 1272 nugantem
1769 1240 1788 1268 ,
1820 1201 1954 1258 alte-

371 1315 494 1356 rum
519 1315 650 1356 vero
677 1296 923 1354 modeste
943 1305 999 1353 et
1021 1302 1180 1350 caute
1217 1292 1492 1348 bibentem
1516 1329 1534 1357 ,
1570 1292 1726 1347 illum
1771 1301 1835 1348 ut
1855 1307 1955 1348 na-

373 1396 496 1441 tura
525 1385 806 1441 ebriosum
841 1393 895 1441 et
925 1383 1186 1439 stolidum
1219 1379 1456 1448 dimisit,
1508 1383 1656 1437 hunc
1704 1397 1839 1438 vero
1869 1383 1952 1438 in-

373 1476 594 1533 terfecit
625 1485 882 1548 tanquam
918 1489 984 1530 ex
1010 1472 1178 1528 animi
1209 1470 1493 1544 proposito
1539 1471 1868 1529 malevolum
1900 1482 1956 1530 et

375 1567 681 1625 inimicum.

451 1663 764 1722 Alexandri.
792 1667 1101 1726 Alexander
1127 1685 1254 1727 cum
1293 1667 1580 1741 epistolam
1617 1673 1812 1721 contra
1846 1676 1958 1717 me-

378 1757 562 1812 dicum
591 1773 750 1815 suum
795 1761 1118 1832 accepisset,
1166 1771 1356 1831 utpote
1387 1757 1739 1816 insidiantem
1785 1755 1859 1820 ei,
1903 1763 1958 1810 et

375 1851 490 1920 jam
525 1853 740 1909 essetin
765 1853 881 1920 ipso
910 1860 1160 1926 tempore
1188 1853 1412 1910 bibendi
1444 1850 1665 1914 veneni,
1683 1851 1816 1904 adeo
1846 1861 1954 1903 non

379 1943 613 2000 credidit
643 1944 973 2013 traducenti,
1015 1955 1076 2000 ut
1105 1945 1268 2001 simul
1315 1954 1371 2000 et
1397 1943 1688 2015 epistolam
1739 1940 1955 2010 legerit,

380 2042 436 2089 et
459 2049 730 2091 venenum
771 2036 1036 2093 hauserit.

448 2127 711 2184 Eumdem
737 2130 931 2187 dicunt
953 2146 1078 2188 cum
1112 2130 1403 2187 familiaria
1449 2126 1673 2199 quidam
1709 2124 1961 2180 traduce-

377 2231 463 2278 ret
487 2223 630 2294 apud
661 2240 812 2288 eum,
859 2225 1087 2281 alteram
1136 2239 1330 2280 aurem
1371 2220 1714 2278 obstruxisse
1768 2229 1958 2278 manu,

377 2311 590 2368 scilicet
617 2322 675 2367 ut
699 2311 848 2369 illam
880 2328 1073 2384 puram
1105 2314 1322 2372 absenti
1368 2313 1726 2382 relinqueret.

447 2482 744 2541 Cleobulus
805 2484 956 2541 illam
1006 2485 1289 2541 civitatem
1341 2481 1581 2539 maxime
1625 2483 1768 2547 dixit
1822 2485 1962 2542 bene

379 2578 744 2648 compositam
801 2593 948 2644 esse,
986 2578 1080 2636 ubi
1142 2577 1424 2634 infamiam
1459 2575 1636 2646 magis
1669 2591 1830 2645 quam
1884 2575 1962 2631 le-

380 2686 501 2742 gem
529 2673 678 2728 cives
705 2680 974 2727 metuant.
1685 2721 1688 2724 .

375 2835 380 2844 1
452 2761 842 2820 Conviciorum
867 2763 1229 2835 reprehensio
1282 2778 1389 2820 non
1449 2763 1670 2834 attingit
1716 2761 1843 2818 illos
1863 2761 1960 2832 qui

381 2853 680 2909 secundum
713 2854 972 2916 virtutem
1007 2856 1220 2914 vivunt.

456 2944 734 3015 Diogenes.
759 2946 894 3002 Cum
927 2963 956 3001 a
980 2949 1137 3004 calvo
1171 2948 1409 3018 quodam
1443 2947 1695 3004 convicio
1721 2949 1964 3006 allicere.-

383 3047 508 3093 tttr:
540 3037 660 3092 Tibi
695 3039 1110 3106 contumeliam,
1139 3041 1339 3110 inquit,
1359 3053 1468 3097 non
1496 3039 1642 3105 dico,
1663 3041 1759 3096 sed
1792 3041 1965 3111 capil-

386 3129 466 3185 los
495 3137 622 3184 tuos
657 3130 844 3196 laudo,
871 3131 1015 3201 quod
1072 3131 1273 3186 malam
1300 3129 1591 3201 ell‘ugerint
1617 3131 1852 3186 calvam.

458 3222 595 3278 Cum
641 3224 885 3293 proditor
931 3223 1152 3294 quidam
1213 3224 1262 3279 ei
1317 3223 1702 3280 malediceret:
1739 3221 1964 3279 Gaudeo

388 3313 614 3382 (inquit)
677 3329 764 3368 me
818 3314 1023 3369 factum
1085 3313 1373 3370 inimicum
1425 3324 1768 3372 tuum:non
1819 3314 1966 3369 enim

388 3405 648 3471 inimicis,
682 3406 776 3461 sed
801 3406 993 3463 amicis
1026 3406 1168 3461 male
1203 3405 1365 3462 lacis.

465 3499 743 3567 Aristippi.
772 3499 1084 3569 Aristippus
1129 3513 1256 3554 cum
1289 3498 1626 3555 contumelia
1655 3514 1686 3555 a
1731 3500 1966 3571 quodam

388 3589 717 3654 adiceretur,
741 3591 1062 3645 secedebat:
1089 3589 1364 3650 maledico
1385 3599 1568 3646 autem
1589 3599 1967 3662 persequente,

389 3699 455 3740 ac
481 3684 718 3748 dicente,
749 3681 955 3754 Fugis‘!
981 3682 1185 3751 Etiam,
1217 3684 1427 3753 inquit:
1464 3697 1592 3739 nam
1621 3693 1677 3740 tu
1719 3685 1863 3739 male
1888 3684 1970 3739 di-
2005 3711 2012 3718 ε

390 3777 546 3834 cendi
576 3785 901 3848 potestatem
933 3776 1126 3845 habes,
1147 3793 1249 3849 ego
1281 3792 1408 3846 vero
1437 3791 1547 3834 non
1579 3777 1862 3836 audiendi.

463 3870 736 3926 Demosth.
758 3869 1156 3927 Demosthenes
1179 3885 1305 3926 cum
1326 3869 1550 3940 quidam
1581 3869 1632 3925 ei
1655 3869 1966 3925 convicium

392 3965 629 4020 faceret:
661 3963 780 4018 Non
810 3949 1107 4030 descendo,
1147 3962 1345 4033 inquit,
1375 3961 1428 4016 in
1447 3971 1750 4026 certamen,
1786 3960 1970 4031 inquo

391 4057 574 4111 victus
613 4055 820 4110 victore
848 4056 1102 4125 superior
1127 4065 1232 4111 est.

746 4146 981 4202 SERMO
1018 4147 1132 4202 LIV
1166 4147 1266 4219 [aL
1299 4145 1614 4219 LXXXIV].

1001 4237 1079 4292 De
1099 4240 1378 4293 memoria.

462 4331 594 4386 Luc.
630 4348 762 4388 χιιι.
811 4332 924 4386 lloc
955 4341 1040 4387 est
1074 4346 1278 4402 corpus
1306 4347 1511 4398 meum,
1540 4332 1688 4402 quod
1743 4346 1844 4402 pro
1873 4345 1972 4384 vo-

395 4426 480 4482 bis
510 4427 763 4480 traditur.
796 4424 908 4480 iloe
929 4425 1092 4480 facite
1117 4425 1170 4478 in
1199 4426 1304 4480 mei
1335 4425 1679 4481 memoriam.

2049 557 2206 620 ὅπως
2225 555 2321 610 τδν
2347 556 2614 628 τρέχοντα
2641 552 2966 627 intuli.th
2999 554 3300 626 ἒμποδίσας
3330 556 3632 632 ἑπιστομῇ,

2049 646 2154 715 ὡς,
2184 647 2236 701 εί
2260 647 2457 702 τούτου
2491 646 2810 718 διαμάρτοι,
2831 646 2932 704 οὐκ
2963 647 3031 704 ἄν
3059 663 3190 702 ποτε
3221 647 3446 720 νικῆσαι
3475 650 3638 707 δυνάο

2054 755 2238 809 μενος.

2123 829 2408 896 Διονύσιος
2461 833 2492 886 ό
2543 831 2800 903 βασιλεὺς
2873 833 3117 898 ἀκούσας
3170 833 3266 890 δύο
3315 833 3638 900 νεανίσκους

2055 922 2232 979 πολλὰ
2267 923 2572 998 βλάσφημα
2603 927 2736 997 περὶ
2767 925 2932 980 αὐτοῦ
2960 927 3183 997 καὶτῆς
3217 927 3535 997 τυραννίδος
3565 931 3637 984 sl-

2056 1016 2292 1088 ρηκέναι
2327 1020 2481 1090 παρά
2513 1017 2700 1083 πότον,
2725 1017 3078 1090 ἀμφοτέρους
3109 1018 3340 1074 ἐκάλεσε
3371 1020 3503 1091 περὶ
3535 1020 3638 1074 δεῖ·

2055 1125 2224 1162 πνονο
2257 1109 2405 1182 δρῶν
2449 1108 2507 1164 δὲ
2546 1110 2641 1164 τὸν
2687 1110 2792 1181 μὲν
2841 1109 3212 1181 παροινοῦντα
3240 1113 3337 1166 καὶ
3366 1111 3638 1184 ληροῦντα

2057 1201 2253 1268 πολλὰ,
2292 1200 2388 1256 τὸν
2415 1200 2476 1255 ει
2512 1201 2758 1274 κοσμίως
2807 1202 2930 1272 μετ’
2953 1201 3243 1268 εὐλαϐείας
3270 1207 3394 1268 ταῖς
3446 1205 3638 1258 πόσεσι

2057 1293 2366 1366 χρώμενον,
2403 1294 2620 1348 ἐκεῖνον
2670 1293 2772 1366 μὲν
2803 1294 3079 1349 ἀπέλυσεν
3123 1295 3202 1359 ὡς
3244 1295 3410 1366 φύσει
3442 1313 3640 1366 παροι-

2058 1387 2323 1458 νήσαντα,
2353 1385 2542 1441 τοῦτον
2570 1385 2626 1439 δὲ
2653 1385 2864 1441 ἀνεῖλεν
2889 1383 2968 1451 ὡς
2998 1385 3229 1442 δύσνουν
3252 1386 3351 1440 καὶ
3378 1387 3638 1457 πολέμιον

2057 1479 2122 1531 ἐκ
2155 1479 2556 1550 προαιρέσεως.

2144 1658 2493 1731 Ἀλέξανδρος
2527 1658 2822 1733 ἐπιστολὴν
2850 1659 2995 1714 κατά
3049 1658 3147 1714 τοῦ
3185 1656 3378 1731 ίατροῦ
3411 1659 3642 1729 δεξάμε-

2059 1770 2171 1814 νος,
2194 1753 2270 1816 ὡς
2286 1752 2755 1819 ἐπιϐουλεύοντος,
2773 1753 2994 1814 ἐπειδὰν
3012 1753 3203 1825 ἔτυχεν
3225 1753 3284 1806 ιν
3303 1753 3454 1824 αὐτῷ
3470 1753 3644 1824 καιρῷ

2060 1845 2357 1914 φάρμακον
2405 1843 2547 1899 ὥστε
2603 1847 2774 1910 πιεῖν,
2803 1844 3062 1901 τοσοῦτον
3095 1845 3305 1918 ἀπέσχε
3351 1845 3644 1898 πιστεῦσαι

2059 1935 2137 2005 τῷ
2164 1935 2523 2003 διαϐάλλοντι,
2557 1936 2702 1991 ὥστε
2750 1937 2888 2007 ὁμοῦ
2931 1954 2994 1991 τε
3034 1937 3328 2010 ἐπιστολὴν
3382 1938 3646 2006 ἀνεγίνω-

2063 2041 2184 2092 σκε,
2210 2025 2308 2079 καὶ
2337 2026 2398 2079 τδ
2428 2025 2725 2098 φάρμακον
2745 2027 2957 2090 ἔπινεν.

2132 2116 2239 2170 Τδν
2281 2117 2446 2171 αὐτόν
2485 2133 2621 2187 φασι
2654 2118 3082 2190 διαϐαλλομένου
3125 2119 3272 2185 τινὸς
3315 2119 3428 2174 τῶν
3457 2121 3649 2188 ,συνή-

2061 2209 2195 2277 θων,
2226 2211 2326 2282 τὴν
2363 2209 2465 2282 μὶν
2486 2211 2686 2282 ἑτέραν
2727 2210 2839 2264 τῶν
2867 2212 3053 2268 ἀκοῶν
3088 2213 3370 2284 ἐπιμελῶς
3405 2213 3648 2282 ὲπιςυράο

2065 2300 2264 2364 ξασθαι
2289 2303 2355 2373 τῇ
2388 2302 2558 2373 χειρὶ,
2593 2301 2864 2371 ἀκεραίαν
2910 2302 3158 2374 δηλονότι
3204 2303 3417 2374 ταύτην
3447 2304 3650 2358 διασὼ-

2063 2395 2225 2458 ζοντα
2255 2395 2335 2465 τῷ
2368 2394 2446 2467 μὴ
2475 2395 2726 2466 παρόντι.

2133 2484 2477 2550 Κλεόϐουλος
2530 2487 2770 2557 μάλιστα
2838 2490 3140 2560 σωφρονεῖν
3190 2487 3321 2560 ἔφη,
3364 2489 3506 2542 ὅπου
3555 2487 3650 2541 τὸν

2063 2578 2232 2648 ψόγον
2283 2579 2487 2648 μᾶλλον
2520 2579 2570 2632 oi
2601 2579 3014 2650 πολιτευόμενοι
3041 2579 3368 2648 δεδοίκασιν,
3391 2581 3426 2652 ἢ
3450 2581 3544 2634 τὶν
3567 2579 3651 2635 νό-

2069 2687 2190 2742 μον.
3555 2723 3560 2728 .

2137 2761 2262 2816 τῶν
2290 2762 2412 2817 κατ’
2443 2764 2650 2833 ἀρετὴν
2679 2762 2899 2828 ζώντων
2927 2764 2956 2818 ό
2997 2762 3098 2836 τῆς
3141 2762 3419 2834 λοιδορίας
3455 2761 3647 2832 μῶμος

2063 2855 2164 2925 οὐχ
2185 2854 2439 2909 ἅπτεται.

2138 2947 2566 3019 Δοιδορούμενος
2593 2947 2703 3001 ὑπό
2752 2965 2898 3012 τινος
2937 2947 3245 3022 φαλακροῦ,
3277 2947 3382 3020 ἔφη
3405 2966 3420 2980 ·
3449 2948 3520 3002 Σὲ
3549 2947 3648 3017 μὲν

2067 3040 2166 3111 οὐχ
2200 3039 2433 3111 ὕϐρίζω,
2460 3038 2560 3103 τάς
2599 3038 2656 3094 δὲ
2710 3038 2905 3111 τρίχας
2954 3057 3050 3094 σου
3097 3040 3330 3106 επαινῶ,
3359 3040 3446 3093 ὅτι
3477 3039 3648 3093 κακον

1993 3157 2038 3212 ο
2068 3133 2338 3203 ἐξέφυγον
2366 3133 2611 3202 κρανίον.

2142 3227 2412 3297 ῐΙροδότου
2456 3226 2513 3281 δέ
2560 3244 2710 3292 τινος
2756 3227 2946 3289 κακῶς
2995 3226 3162 3281 αὐτὸν
3206 3227 3460 3296 λεγοντος
3505 3225 3649 3297 ἔφη·

2068 3312 2260 3378 Χαίρω
2303 3313 2498 3384 ἐχθρός
2551 3330 2645 3368 σου
2693 3315 3014 3385 γενόμενος.
3041 3315 3116 3370 Σὺ
3148 3314 3261 3386 γὰρ
3287 3315 3353 3370 οὗ
3402 3318 3530 3380 τοὺς
3560 3317 3650 3388 ἑχ-

2072 3401 2258 3472 θροὺς,
2293 3404 2435 3459 ἀλλὰ
2461 3407 2588 3469 τοὺς
2621 3406 2813 3475 φίλους
2848 3405 3036 3471 κακῶς
3067 3408 3265 3471 ποιεῖς.
3593 3457 3600 3472 ,

2155 3492 2524 3566 Ἀρίστιππος
2546 3496 2907 3569 ὑϐριζόμενος
2929 3497 3038 3553 ῦπό
3060 3515 3205 3563 τινος
3228 3498 3498 3569 ἀνεχώρει
3518 3515 3534 3530 ο
3558 3497 3651 3553 τοῦ

2069 3586 2124 3640 δὲ
2157 3587 2558 3656 ἐπιδιώκοντος,
2588 3590 2685 3646 καὶ
2715 3591 2987 3659 λέγοντος,
3015 3589 3284 3658 οεῦγειςς
3319 3589 3456 3656 Nai,
3494 3589 3609 3660 εφη
3634 3605 3650 3622 ·

2070 3678 2165 3732 τοῦ
2200 3679 2304 3750 μὲν
2331 3681 2442 3752 γὰρ
2475 3681 2666 3746 κακῶς
2698 3681 2882 3753 λέγειν
2937 3683 3004 3737 ob
3055 3681 3156 3753 τὴν
3199 3679 3456 3746 ἐξουσίαν
3485 3681 3650 3753 ἔχεις,

2069 3770 2166 3825 τοῦ
2202 3770 2260 3824 δὲ
2291 3771 2368 3843 μὴ
2400 3773 2628 3827 ἀκούειν
2662 3771 2796 3843 ἐγώ.

2144 3862 2498 3932 Δημοσθένης
2552 3861 2969 3935 λοιδορουμένου
3013 3860 3160 3926 τινδς
3189 3861 3375 3930 αὐτὸν,
3405 3863 3483 3916 Οὐ
3515 3861 3652 3928 σύγ-

2071 3953 2408 4016 καταϐαίνω.
2436 3950 2614 4021 εἶπεν,
2639 3955 2718 4018 είς
2745 3953 2957 4024 ἀγῶνα,
2989 3953 3046 4006 ἑν
3072 3945 3118 4020 ᾧ
3156 3952 3187 4007 ό
3219 3953 3528 4024 νικώμενος
3557 3953 3654 4010 τοῦ

2072 4045 2330 4109 νικῶντὸς
2355 4046 2474 4100 ἐστι
2507 4047 2798 4119 κρείττων.

2670 4138 2892 4194 ΛΟΓΟΣ
2930 4139 3052 4196 ΝΔ’.

2649 4233 2787 4300 Περὶ
2812 4233 3084 4304 μνήμης.

2143 4327 2317 4381 Τοῦτό
2351 4327 2470 4379 ἐστι
2495 4325 2557 4378 τὸ
2589 4323 2752 4394 σῶμά
2779 4342 2882 4397 μου
2904 4325 2965 4377 τὸ
2991 4323 3133 4394 ὕπερ
3159 4324 3319 4396 ἡμῶν
3347 4325 3650 4397 διδόμενον.

2075 4417 2248 4474 Τοῦτο
2279 4418 2485 4471 ποιεῖτε
2510 4416 2593 4480 είς
2626 4415 2727 4485 τὴν
2750 4414 2893 4487 ἐμὴν
2918 4415 3252 4486 ἀνάμνησιν.

463 4519 650 4587 Apost.
701 4517 970 4572 Memores
1023 4526 1197 4572 estote
1229 4514 1356 4572 Jesu
1403 4517 1609 4572 Christi
1653 4531 1682 4569 a
1737 4518 1964 4571 mortuis

2149 4511 2538 4582 Μνημρνεΰετε
2609 4505 2821 4577 Ἰησοῦν
2876 4507 3131 4579 Χριστὸν,
3191 4507 3568 4578 ἐγηγερμένον
3595 4505 3659 4560 ἐκ

393 4611 641 4668 excitati.

471 4703 636 4758 Prov.
675 4719 732 4758 χ.
765 4701 1026 4758 lienteria
1073 4703 1350 4772 iustorum
1380 4716 1502 4757 eum
1557 4702 1738 4766 laude,
1770 4717 1970 4757 nomen

396 4804 584 4850 autem
611 4795 905 4864 impiorum
937 4793 1330 4864 exstinguitur.

475 4886 645 4942 Eccli.
675 4903 768 4944 ιιι.
803 4887 858 4940 In
912 4889 1173 4944 omnibus
1220 4889 1480 4958 operibus
1535 4889 1646 4942 tuis
1696 4901 1974 4944 memento

397 4978 522 5034 linis
551 4980 648 5043 tui,
677 4989 731 5035 et
762 4995 873 5033 non
917 4979 1193 5049 peccabis.

467 5069 526 5125 S.
546 5068 760 5124 Basilii.
789 5069 906 5126 Non
937 5071 1052 5127 lieri
1069 5080 1247 5140 potest
1266 5082 1371 5128 uta
1397 5073 1546 5143 iusta
1567 5072 1652 5128 via
1677 5073 1972 5140 declinent,

398 5160 502 5217 nisi
525 5162 620 5230 qui
655 5159 748 5216 Dei
770 5161 1101 5220 oblivionem
1151 5164 1338 5221 animo
1368 5165 1496 5234 agri
1523 5165 1831 5235 patiuntur.

472 5240 728 5306 lienteria
783 5262 867 5306 est
911 5255 1118 5324 cogniti
1177 5257 1519 5324 rcservatio,
1558 5255 1972 5314 reminiscenti’a

397 5357 577 5403 autem
609 5344 774 5414 elapsi
809 5347 1172 5417 recuperatio.

393 5493 398 5496 .
470 5437 742 5508 Tlteologi.
771 5434 866 5492 Dei
890 5439 1152 5493 memoria
1171 5441 1344 5510 magis
1363 5443 1672 5498 necessaria
1693 5449 1778 5496 est
1810 5455 1972 5512 quant

399 5531 706 5601 respiratio.

475 5623 642 5678 Deum
690 5625 954 5695 operibus
981 5625 1124 5692 cole,
1157 5627 1341 5682 verbis
1371 5627 1766 5692 lauda,.mente
1815 5640 1977 5679 vene-

401 5726 545 5766 rare.

477 5803 772 5866 Clementis.
815 5815 1046 5872 [iridcns
1081 5815 1342 5874 memoria
1373 5813 1561 5868 mortis
1580 5812 1830 5884 ciborum
1878 5827 1975 5883 ap-

2079 4623 2314 4677 νεκρων.

2145 4699 2354 4769 Μνήμη
2387 4697 2602 4752 δικαίου
2635 4695 2757 4765 μετ’
2784 4696 3104 4767 ἐγκωμίων,
3129 4694 3303 4766 ϐνομα
3345 4695 3404 4749 δὲ
3442 4694 3658 4750 ἀσεϐῶν

2077 4791 2388 4845 σϐέννυται.

2159 4885 2251 4939 Ἐν
2282 4885 2421 4940 πᾶσι
2465 4886 2577 4949 τοῖς
2625 4883 2809 4956 ἔργοις
2845 4901 2940 4938 σου
2992 4885 3308 4956 μιμνήσκου
3348 4884 3420 4939 τὰ
3451 4883 3659 4954 ἔσχατά

2077 4995 2194 5042 σου,
2220 4979 2313 5033 καὶ
2344 4979 2442 5048 οὐχ
2468 4979 2829 5049 ἀμαρτήσεις.

2159 5072 2462 5141 Ἀμήχανον
2508 5071 2851 5140 ἐκτραπῆναι
2871 5070 2968 5140 τῆς
2999 5070 3212 5134 δικαίας
3273 5069 3396 5124 ὀδοῦ
3431 5072 3509 5142 μὴ
3536 5071 3649 5140 λήο

2077 5167 2180 5235 Θην
2205 5164 2344 5219 Θεοῦ
2375 5167 2502 5227 ταῖς
2533 5163 2736 5234 ψυχαῖς
2761 5165 3126 5236 νοσήσαντας.

2146 5255 2348 5325 Μνήμη
2380 5255 2528 5307 ἐστὶν
2558 5254 2592 5322 ἡ
2619 5252 2716 5308 τοῦ
2739 5253 3077 5322 γνωσθέντος
3107 5255 3366 5326 τήρησις,
3405 5257 3652 5325 ἀνάμνη-

2079 5361 2160 5407 σις
2189 5345 2247 5398 δὲ
2277 5347 2309 5414 ἡ
2335 5345 2434 5397 τοῦ
2462 5342 2797 5406 ἀπελθόντος
2831 5343 3129 5413 ἀνάληψις.

2146 5437 2569 5505 Μνημονευτέον
2597 5435 2737 5489 Θεοῦ
2769 5435 2973 5504 μᾶλλον
3007 5435 3039 5506 ἢ
3069 5439 3493 5494 ἀναπνευστέον.

2153 5621 2258 5676 Τδν
2286 5618 2424 5674 Θεὸν
2468 5621 2653 5690 ἔργοις
2689 5617 2792 5688 μὲν
2828 5619 3011 5686 σέϐου,
3057 5617 3237 5687 λόγοις
3265 5619 3321 5672 δὲ
3359 5619 3543 5690 ῦμνει,
3569 5619 3658 5672 ιν-

2078 5714 2196 5785 νοίᾳ
2219 5712 2278 5766 δὲ
2306 5715 2463 5782 τίμα.

2150 5808 2358 5876 Μνήμη
2413 5805 2650 5859 θανάτου
2711 5805 2948 5878 ἐναργὴς
3012 5803 3307 5875 περιέκοψε
3371 5804 3651 5875 βρώματα*
