3784 6240
197 371 301 439 ns
1042 330 1798 435 mercennariis.»
1840 370 2040 432 PARS
2063 324 2119 433 ᾖ.
2162 368 2423 432 smne
2450 370 2574 434 ιν.
3125 353 3130 357 ’
3333 366 3477 432 sse.-

211 487 526 562 βρωμάτων
543 487 603 542 δὲ
635 487 694 543 έν
722 484 1053 543 ταπεινώσει
1086 484 1366 542 κοπέντων
1409 484 1761 554 συνεξεκόπη-

1943 487 2109 542 :titunt
2135 487 2346 544 aul’ert:
2386 486 2586 543 ablatis
2612 491 2796 541 autem
2830 483 2971 540 cibis
3015 491 3142 537 enm
3196 481 3476 538 humilia--

201 600 296 638 σαν
318 581 495 652 πάθη.
1881 576 2030 632 tione
2053 577 2215 633 simul
2251 577 2578 633 auferuntur
2603 584 2660 633 et
2688 576 3062 633 excindunlnr
3081 573 3336 630 eiectus.

268 673 500 728 Πλάτων
531 671 690 742 ἔλεγε
721 672 848 735 τοὺς
897 672 997 740 μιν
1043 669 1199 733 νέους
1234 669 1466 740 σφόδρα,
1498 670 1594 724 καὶ
1642 669 1761 731 τοὺς

1948 667 2217 724 Platonis.
2251 665 2408 724 Plato
2436 669 2672 735 dicebat,
2701 674 2818 723 tu
2849 666 3008 722 valde
3053 665 3283 733 juvenes
3336 673 3453 720 tum

203 767 467 836 γέροντας
498 765 823 836 ἀμνήμονας
845 761 1005 818 εἶναι’
1047 765 1310 836 ὑπορρεῖν
1359 762 1471 832 γὰρ
1515 761 1628 818 τῶν
1676 762 1779 833 μὲν

201 857 284 910 ne
309 856 409 926 τὴν
440 854 694 928 αὔξησιν,
729 856 840 911 τῶν
863 855 921 910 δὲ
943 855 1038 910 διά
1058 856 1167 927 την
1189 855 1404 924 φθίσιν.

277 1037 403 1090 Ἐὰν
429 1037 517 1090 ἀεὶ
561 1032 938 1109 μνημονεύῃς,
972 1035 1055 1090 ὅτι
1085 1028 1131 1104 ᾧ
1167 1033 1383 1106 δργάζῃ
1413 1033 1555 1088 κατά
1582 1031 1764 1103 ψυχὴν

201 1129 230 1196 ἢ
255 1129 411 1197 σῶμα
431 1128 567 1190 Θεὸς
594 1127 950 1197 παρέστηκεν
973 1125 1192 1198 ἔφορος,
1213 1127 1273 1179 ιν
1297 1127 1503 1188 πάσαις
1530 1140 1624 1177 σου
1649 1125 1772 1187 ταῖς

201 1221 522 1288 προσευχαῖς
550 1221 646 1274 καὶ
671 1222 792 1281 ταῖς
821 1217 1092 1289 πράξεσιν
1121 1217 1184 1272 ού
1215 1217 1295 1289 μὴ
1322 1216 1602 1290 ἁμάρτῃς,
1627 1215 1775 1280 ﬁget;

199 1310 252 1363 δὲ
279 1309 369 1366 τὸν
393 1311 528 1365 om
555 1312 837 1366 σύνοικον.

274 1487 364 1550 Ὠς
397 1487 499 1558 ἡδὺ
536 1489 639 1559 τὴν
673 1488 952 1543 Θάλασσαν
983 1489 1092 1543 ἀπὸ
1120 1489 1225 1559 γῆς
1261 1488 1418 1560 ύρᾷν,
1459 1487 1632 1553 οὕτως
1677 1488 1780 1559 ἡδὺ

199 1580 271 1650 τῷ
299 1580 530 1634 σωθέντι
560 1581 874 1652 μεμνῆσθαι
901 1581 1010 1635 τῶν
1037 1581 1239 1635 πόνων.

789 1693 1014 1748 ΛΟΓΟΣ
1047 1695 1178 1751 ΝΕ¹.

769 1784 912 1851 Περὶ
947 1783 1179 1853 ψυχῆς·

1880 770 2044 814 senes
2073 757 2376 814 obliviosos
2405 772 2527 815 esse
2549 775 2564 812 :
2587 757 2954 828 praeterfluere
3001 755 3152 812 enim
3186 755 3454 824 imagines

1879 850 2179 916 memoriae,
2224 850 2310 906 his
2341 860 2562 920 propter
2601 849 3066 914 imminutionem,
3092 846 3201 902 illis
3229 855 3458 918 propter

1878 941 2288 998 incrementum
2308 942 2575 1012 corporis.

1947 1034 2064 1107 98
2112 1035 2168 1092 Si
2201 1048 2417 1105 semper
2439 1032 2775 1100 memineris,
2799 1033 2944 1102 quod
2971 1035 3122 1103 operi
3154 1033 3252 1088 abs
3273 1039 3330 1089 te
3351 1047 3450 1100 ge-

1879 1112 2074 1189 rendo,
2120 1125 2236 1180 sive
2287 1137 2385 1194 per
2433 1123 2670 1178 animant
2725 1125 2842 1178 sive
2891 1138 2988 1189 per
3036 1136 3257 1193 corpus,
3316 1121 3458 1176 Deus

1877 1214 2104 1270 assistat
2153 1221 2447 1284 spectator,
2481 1213 2539 1268 in
2573 1211 2830 1266 omnibus
2877 1211 2986 1268 tuis
3013 1220 3069 1267 et
3109 1210 3366 1280 precibus
3401 1217 3457 1265 et

1878 1305 2196 1361 actionibus
2241 1319 2356 1360 non
2409 1304 2646 1369 errabis,
2701 1303 2803 1358 sed
2857 1301 3026 1359 Deum
3078 1303 3306 1359 habebis
3357 1302 3455 1358 tibi

1878 1395 2232 1452 familiarem.

1949 1490 2020 1545 lit
2044 1489 2344 1556 iucundum
2371 1497 2457 1546 est
2489 1502 2642 1544 mare
2668 1503 2706 1544 α
2733 1495 2876 1544 terra
2903 1486 3236 1557 prospicere.
3268 1486 3349 1542 ita
3366 1485 3455 1556 in-

1877 1581 2120 1635 cundum
2149 1587 2237 1636 est
2261 1587 2483 1635 servato
2501 1577 2822 1634 meminisse
2847 1577 3121 1633 laborum.

2215 1670 2463 1747 'sstnto
2500 1690 2589 1747 LV
2623 1691 2744 1764 [al.
2783 1689 3077 1761 CLXVII].

2505 1782 2586 1837 De
2613 1783 2820 1837 animo.

274 1875 332 1928 '0
364 1875 541 1944 εύρὼν
582 1873 682 1946 τὴν
709 1841 889 1945 ψυχήν
925 1841 1396 1931 ατύτοῦῖἀπολέσει
1445 1877 1642 1948 αὐτὴν,
1674 1879 1761 1931 καῖ

1949 1876 2144 1932 Matth.
2166 1893 2222 1932 ι.
2253 1875 2359 1942 Qui
2391 1875 2594 1932 invenit
2613 1875 2854 1930 animant
2881 1888 3060 1941 suam,
3085 1875 3274 1944 perdet
3295 1889 3454 1931 eam:

192 1971 220 2020 ιι
255 1968 523 2029 ἀπολέσας
551 1968 724 2036 αὐτὴν
759 1969 946 2021 ἕνεκεν
976 1969 1110 2039 ἐμοῦ
1139 1970 1362 2040 εὑρήσει
1391 1970 1588 2041 αὐτὴν.

263 2063 324 2114 El
355 2062 451 2114 καὶ
480 2062 508 2114 ὁ
536 2061 642 2126 ἔξω
687 2062 846 2131 ἡμῶν
885 2061 1172 2132 ἄνθρωπος
1223 2063 1628 2133 διαφθείρεται,
1656 2063 1776 2118 ἀλλ’

192 2155 217 2206 6
249 2153 449 2210 ἔσωθεν
473 2153 866 2209 ἀνακαινοῦται
898 2154 1083 2225 ἡμέρᾳ
1109 2156 1204 2209 καὶ⁹
1237 2155 1444 2225 ἡμέρᾳ.

265 2335 422 2404 Ψυχὴ
449 2335 794 2404 εὐλογημένη
834 2335 984 2388 πᾶσα
1011 2332 1184 2402 ἁπλῆ.

268 2425 333 2478 Ἦ
382 2424 736 2494 καταστροφὴ
782 2423 890 2478 τῶν
932 2423 1271 2494 παρανόμων
1318 2424 1486 2494 κακή.
1526 2423 1607 2494 Τῇ
1659 2424 1773 2494 γὰρ

189 2517 415 2587 ἀσεόσίᾳ
437 2518 538 2587 τὴν
574 2515 784 2569 ἑαυτῶν
813 2515 994 2586 ψυχὴν
1031 2516 1414 2586 ἀφαιροῦνται.

261 2608 486 2673 Τέκνον,
514 2610 572 2662 ἀν
602 2607 884 2678 πραΰτητι
911 2606 1135 2674 δόξασαν
1161 2607 1260 2678 τὴν
1298 2608 1480 2680 ψυχήν
1511 2629 1631 2674 σου,
1667 2613 1762 2667 καὶ

190 2701 276 2764 δὸς
303 2700 442 2770 αὐτῇ
473 2698 640 2770 τιμὴν
663 2697 806 2752 κατά
837 2697 936 2768 την
965 2698 1116 2763 τάξιν
1147 2697 1247 2769 [αι.
1281 2700 1461 2773 ἀξίαν]
1493 2703 1685 2772 αὐτῆς.

260 2882 455 2952 Ψυχῆς
485 2879 838 2950 θησαύρισμα
870 2879 1126 2948 σώματος
1173 2878 1372 2932 ἔνδεια.
1414 2878 1618 2933 Τούτου
1661 2880 1770 2952 γὰρ

192 2973 568 3037 πλουτοῦντος,
605 2971 789 3041 ἐκείνη
821 2973 1066 3026 πένεται.

262 3070 486 3136 Δέχεται
537 3065 638 3134 μὲν
665 3065 773 3136 γὰρ
820 3065 967 3136 ζωὴν
999 3067 1066 3120 ἐκ
1094 3066 1194 3135 τῆς
1233 3066 1410 3138 ψυχῆς
1461 3069 1520 3121 τὸ
1565 3069 1724 3139 σῶμα
1751 3085 1766 3102 ·

1875 1977 1931 2024 et
1960 1969 2054 2038 qui
2091 1982 2214 2024 eam
2243 1969 2540 2039 perdiderit
2567 1977 2794 2040 propter
2823 1982 2936 2036 tne,
2962 1969 3202 2026 inveniet
3230 1985 3373 2025 eam.

1943 2056 2004 2113 ll
2034 2057 2155 2114 Cor.
2189 2074 2264 2112 tv.
2295 2059 2558 2126 Quamvis
2605 2067 2870 2115 externus
2913 2070 3097 2115 noster
3133 2061 3300 2116 homo
3329 2074 3455 2115 cor-

1874 2141 2194 2218 rumpitur,
2241 2148 2497 2204 internus
2553 2157 2736 2204 tamen
2795 2156 3088 2204 renovatur
3141 2149 3212 2204 de
3260 2149 3348 2205 die
3400 2149 3456 2204 itt

1877 2241 2047 2294 diem.

1948 2329 2108 2384 Prov.
2144 2345 2228 2385 ιι.
2256 2331 2448 2386 Omnis
2486 2331 2674 2386 anima
2706 2330 2990 2386 benedicta
3023 2330 3276 2401 simplex.

1951 2419 2144 2477 Exitus
2171 2422 2488 2493 iniquorum
2520 2421 2698 2477 malus
2726 2430 2834 2477 est.
2885 2422 3117 2478 Abolent
3147 2423 3292 2480 enim
3342 2424 3460 2478 ani-

1877 2525 2022 2566 tnatn
2059 2525 2214 2567 suam
2244 2511 2548 2581 impietate.

1950 2598 2142 2654 Sit-ach
2201 2617 2258 2655 ι.
2319 2594 2422 2656 Fi‘li
2452 2640 2470 2667 ,
2521 2615 2622 2672 per
2689 2603 3168 2660 mansuetudinem
3229 2605 3456 2675 gloriam

1874 2692 2072 2748 anim-te
2097 2701 2204 2748 tute
2228 2692 2484 2760 concilia,
2506 2705 2562 2749 et
2587 2709 2712 2751 eam
2760 2697 2972 2752 honore
3013 2712 3172 2767 quem
3221 2706 3458 2753 meretur

1874 2784 2047 2840 allice.

1950 2879 2009 2933 S.
2059 2877 2268 2934 Basilii.
2319 2879 2534 2935 Animae
2566 2879 2864 2938 thesaurus
2892 2888 2979 2937 est
3004 2882 3234 2953 penuria
3261 2897 3457 2956 corpo-

1871 2971 1972 3024 ris.
2001 2969 2114 3026 lloc
2139 2972 2284 3027 enim
2313 2971 2512 3039 ditato,
2541 2972 2632 3028 illa
2663 2973 2824 3044 inops
2845 2982 2952 3030 est.
3039 2997 3041 3000 ⁴

1958 3061 2171 3132 Corpus
2198 3063 2344 3119 enim
2368 3063 2534 3120 vitam
2557 3068 2628 3122 ab
2651 3067 2836 3122 anima
2860 3066 3094 3138 recipit:
3125 3069 3308 3126 anima
3330 3083 3460 3126 vero
3537 3068 3543 3074 ’

194 3159 602 3229 μεταλαμϐάνει
658 3158 716 3212 δὲ
765 3157 1067 3228 ἀλγηδόνας
1119 3159 1227 3214 ἀπὸ
1282 3159 1382 3214 τοῦ
1428 3158 1681 3230 σώματος
1733 3162 1761 3231 ἡ

1943 3151 2122 3244 lorum
2153 3153 2410 3222 corporis
2429 3155 2708 3227 particeps
2737 3155 2818 3212 iit.

188 3254 359 3322 ςύχήο

257 3344 464 3415 Αιματι
502 3345 598 3398 καὶ
645 3346 782 3415 πνοῇ
814 3347 1101 3415 κρατεῖται
1131 3347 1164 3415 ή
1190 3344 1357 3415 ψυχή.
1389 3342 1606 3400 Τούτων
1652 3348 1765 3418 γάρ

188 3437 548 3491 ἐκλειπόντων
577 3437 854 3506 ἀναχωρεῖ
873 3436 968 3490 καὶ
1005 3439 1036 3506 ὴ
1073 3436 1246 3507 ψυχή.

256 3530 334 3585 ού
373 3530 532 3598 μόνον
559 3527 783 3596 ἄγγελοι
829 3526 899 3580 τὰ
927 3528 1049 3580 καθ’
1078 3529 1222 3596 ἡμᾶς
1270 3527 1586 3597 βλέπουσιν,
1619 3529 1756 3584 ἀλλά

186 3622 278 3673 καὶ
305 3618 524 3673 πάντων
549 3619 723 3684 ἁγίων
753 3618 809 3670 αι
835 3615 1024 3696 ψυχαί.

257 3713 325 3766 Τί
373 3729 456 3765 σοι
495 3711 668 3772 θέλεις
711 3709 1008 3777 γενέσθαι;
1059 3707 1238 3778 ψυχὴν
1283 3709 1423 3779 ιμήν
1464 3710 1674 3780 Ξρωτῶ.
1701 3713 1768 3766 Τί
1825 3729 1828 3732 ’

190 3823 270 3858 σοι
295 3804 517 3876 μέγα,ἢ
551 3803 602 3854 τί
636 3803 830 3872 μικρὸν
865 3801 976 3854 τῶν
1000 3800 1199 3870 τιμίων
1219 3818 1236 3868 ;
1269 3801 1474 3871 Κράτει
1504 3819 1622 3860 σου.
1657 3806 1766 3877 Ζή.

187 3913 268 3948 τει
301 3897 465 3968 μόνον
493 3893 790 3964 προθύμως
814 3911 866 3946 τι
900 3891 1172 3962 λαμπρὸν,
1198 3894 1290 3946 καὶ
1317 3894 1585 3966 δώσομεν,

256 4077 424 4145 Σῶμα
477 4074 576 4143 μὲν
620 4071 834 4125 εὐεκτεί
889 4070 1204 4142 καμνούσης
1243 4071 1424 4142 ψυχῆς
1455 4090 1469 4106 ο
1526 4075 1672 4148 ψυχὴ
1709 4079 1767 4132 δὲ

188 4169 368 4222 θάλλει
402 4168 498 4254 καὶ
545 4166 658 4220 ἄνω
711 4163 919 4235 βλέπει,
948 4164 1057 4216 τῶν
1100 4164 1306 4234 ἡδονῶν
1361 4164 1770 4222 ὑποόαινονσὼν

189 4263 280 4313 καὶ
313 4253 943 4328 συναπομαραινομένων
981 4253 1058 4326 τῷ
1090 4256 1327 4325 σώματι.

256 4353 532 4423 Τρέφεται
587 4349 688 4419 μὲν
716 4349 803 4401 διὰ
839 4348 1018 4418 ψυχῆς
1075 4348 1258 4418 σῶμα,
1291 4352 1538 4404 κοινωνεί
1581 4351 1636 4405 δὲ
1679 4353 1767 4406 διὰ

189 4443 440 4512 σώματος
475 4441 684 4504 πάθους
715 4442 747 4510 ἡ
780 4441 954 4510 ψυχή.

1953 3326 2228 3396 Sanguine
2257 3337 2311 3383 ct
2338 3329 2530 3398 spiritu
2573 3331 2888 3387 continetur
2928 3334 3135 3391 anima.
3171 3336 3271 3392 His
3307 3339 3456 3396 enim

1877 3417 2258 3478 deﬁcientibus
2283 3423 2464 3476 anima
2496 3436 2717 3490 quoque
2743 3422 2993 3478 discedit.

1943 3509 2060 3564 Non
2097 3513 2271 3567 solum
2325 3513 2502 3582 angeli
2547 3528 2638 3568 res
2672 3522 2891 3570 nostras
2937 3516 3306 3588 conspiciunt,
3356 3521 3454 3578 sed

1879 3606 2122 3662 omnium
2153 3621 2374 3676 quoque
2401 3615 2722 3662 sanctorum
2757 3609 2977 3663 anitum.

1955 3695 2220 3766 Tlteologt'.
2256 3697 2395 3762 Quid
2427 3698 2521 3752 tibi
2557 3697 2641 3752 vis
2675 3699 2790 3754 ﬁeri
2819 3701 2842 3753 τ
2880 3702 2959 3755 sic
2998 3704 3237 3758 animam
3274 3719 3450 3760 meam

1879 3788 2183 3853 interrogo.
2243 3787 2384 3852 Quid
2429 3787 2526 3843 tibi
2579 3804 2861 3857 magnum,
2911 3803 3003 3844 aut
3051 3793 3180 3860 quid
3230 3809 3454 3862 parvum

1877 3880 2021 3936 inter
2057 3894 2146 3934 res
2181 3879 2498 3948 optabiles?
2539 3879 2749 3948 Impera
2778 3880 2899 3933 tibi.
2943 3881 3073 3936 Pete
3105 3884 3452 3952 splendidum

1875 3971 2102 4040 aliquid,
2135 3980 2189 4025 et
2215 3971 2490 4025 dabimus.

1960 4060 2175 4133 Corpus
2205 4061 2423 4132 quidem
2463 4062 2645 4116 anima
2684 4061 2969 4119 laborante
3017 4065 3159 4121 bene
3205 4067 3451 4127 habitum

1874 4163 1960 4210 est
1978 4172 2002 4210 ις
2033 4157 2217 4211 anima
2249 4170 2378 4210 vero
2398 4153 2560 4212 floret
2581 4170 2646 4212 ac
2673 4154 2903 4225 erigitur
2941 4159 3166 4228 quando
3203 4162 3452 4234 volupta-

1877 4255 1960 4302 tes
2011 4247 2339 4312 abscedunt.
2382 4257 2436 4302 et
2465 4248 2630 4304 simul
2662 4262 2788 4304 eum
2819 4265 3049 4318 corpore
3084 4267 3451 4313 marcescunt.

1945 4339 2165 4412 Corpus
2201 4341 2420 4410 quidem
2451 4340 2540 4407 ,σὺ
2576 4341 2758 4394 anima
2794 4343 3057 4409 nutritur,
3093 4347 3276 4400 anima
3321 4363 3454 4404 vero

1875 4434 2148 4502 passionis
2171 4434 2444 4502 particeps
2471 4431 2705 4488 efﬁcitur
2735 4447 2764 4486 a
2796 4447 3045 4502 corpore.

267 4533 660 4604 Ὑποχωροῦσα
683 4532 777 4585 τοῦ
805 4531 1057 4601 σώματος
1090 4533 1122 4601 ἠ
1159 4530 1328 4601 ψυχὴ,
1369 4536 1429 4586 ἐν
1463 4536 1755 4607 συναισθή-

1943 4526 2135 4581 Att-ima
2165 4541 2288 4580 cum
2329 4539 2359 4578 a
2394 4539 2626 4594 corpore
2683 4525 2938 4588 dissedit,
2976 4531 3258 4594 praesentit
3304 4534 3464 4599 quod

188 4643 272 4679 σει
305 4627 518 4693 γίνεται
547 4623 639 4677 τοῦ
671 4622 956 4693 μέλλοντος
986 4622 1156 4692 αὐτὴν
1181 4623 1522 4694 διαδέχεσθαι
1554 4627 1765 4693 ἀγαθοῦ

187 4718 218 4787 ῆ
253 4718 445 4784 κακοῦ,
480 4717 617 4770 ἀλλά
649 4717 742 4770 καὶ
776 4715 1089 4768 αἰσθάνεται
1133 4714 1241 4767 τῶν
1270 4715 1521 4769 ἐντεῦθεν
1553 4721 1632 4781 είς
1667 4721 1766 4772 αύ-

183 4812 284 4880 silv
312 4809 659 4876 τελουμένων
685 4823 700 4838 ·
733 4807 790 4858 ai
821 4805 879 4858 δὲ
924 4806 1034 4858 τῶν
1063 4805 1287 4859 δικαίων
1311 4807 1408 4859 καὶ
1442 4809 1769 4878 πρεσϐεύειν

185 4901 326 4971 ὑπὲρ
355 4903 388 4970 η
397 4900 518 4968 μῶν
551 4898 826 4952 δύνανται.

259 4995 525 5063 Πείθομαι
575 4989 758 5061 σοφῶν
803 4991 1003 5058 λόγοις,
1036 4991 1118 5043 ὅτι
1152 4990 1301 5059 ψυχὴ
1333 4991 1482 5045 πᾶσα
1536 4993 1676 5059 καλή
1707 5013 1764 5048 τε

186 5085 281 5136 καὶ
337 5082 621 5152 θεοφιλὴς,
681 5080 905 5133 ἐπειδὰν
953 5080 1047 5132 τοῦ
1103 5081 1489 5150 συνδεδεμένον
1543 5081 1770 5136 λυθεῖσα

191 5176 442 5244 σώματος
481 5171 694 5228 ἐνθένδε
741 5171 1055 5243 ἀπαλλαγῇ,
1108 5172 1270 5235 εὐθὺς
1323 5174 1423 5242 μὲν
1474 5175 1533 5225 ἑν
1582 5192 1766 5228 συναι-

184 5269 374 5337 σθήσει
406 5266 501 5319 καὶ
531 5264 737 5336 θεωρίᾳ
763 5263 860 5316 τοῦ
898 5263 1183 5333 μέλλοντος
1217 5265 1355 5336 αὐτῇ
1403 5267 1571 5319 καλοῦ
1617 5283 1768 5334 γενο-

185 5363 344 5430 μένη,
390 5357 489 5412 ἆτε
542 5356 639 5412 τοῦ
702 5356 1120 5420 ἐπισκοτοῦντος
1178 5358 1676 5429 ἀνακαθαρθέντος,
1734 5361 1766 5428 ἢ

183 5445 541 5508 αητεθέντος
572 5444 607 5515 ἢ
643 5443 746 5497 ούκ
787 5441 884 5497 οἷδ’
915 5443 944 5496 ὃ
969 5460 1020 5496 τι
1051 5444 1143 5497 καὶ
1177 5443 1357 5513 λέγειν
1386 5450 1512 5517 χρη,
1548 5445 1765 5516 θαυμα-

184 5539 303 5588 σίαν
349 5539 475 5591 τινὰ
526 5535 721 5608 ἡδονὴν
770 5536 954 5607 ἥδεται
1005 5537 1099 5588 καὶ
1145 5537 1440 5608 ἀγάλλεται
1472 5539 1569 5591 καὶ
1614 5538 1767 5600 ἵλεως

179 5632 350 5697 χωρεῖ
380 5629 520 5699 πρὸς
551 5628 645 5681 τὸν
671 5629 873 5696 ἑαυτῆς
927 5627 1209 5696 Δεσπότην
1232 5645 1242 5658 ·
1266 5629 1453 5698 ὥσπερ
1483 5647 1534 5682 τι
1562 5631 1772 5700 δεσμω-

153 5725 365 5792 τήριον
393 5721 632 5793 χαλεπὸν
662 5722 753 5774 τὸν
797 5723 1049 5774 ἐντεῦθεν
1081 5721 1195 5790 βίον
1241 5721 1620 5790 ἀποφυγοῦσα,
1662 5721 1754 5774 καὶ

181 5818 282 5877 τὰς
323 5816 718 5887 περικειμένας
762 5813 1172 5885 ἁποσεισαμὲνη
1221 5812 1410 5881 πέδας,
1436 5812 1530 5883 ὑφ’
1585 5809 1660 5867 ὢν
1706 5812 1766 5866 τὸ

1871 4617 2235 4673 adventorum
2262 4617 2312 4671 ei
2345 4625 2432 4670 est
2461 4616 2667 4670 bonum
2701 4621 2799 4668 aut
2837 4615 3064 4682 malum,
3093 4627 3147 4670 et
3169 4635 3289 4688 qua!
3321 4622 3451 4676 hinc

1862 4709 1928 4763 in
1965 4708 2138 4776 ipsam
2173 4705 2506 4761 conferenda
2538 4711 2670 4761 sunt
2700 4720 2714 4756 :
2739 4701 3015 4770 justorum
3043 4715 3227 4761 autent
3255 4709 3452 4766 anime

1869 4799 2031 4850 etiam
2062 4797 2394 4850 intercedere
2425 4810 2526 4863 pro
2549 4795 2708 4850 nobis
2739 4805 2995 4866 possunt.

1944 4978 2281 5048 Sapientium
2308 4977 2472 5032 dictis
2501 4977 2661 5034 tidem
2702 4976 2902 5041 habeo,
2931 4981 3077 5047 quod
3118 4983 3302 5040 omnis
3330 4989 3452 5042 ani-

1871 5087 1959 5125 ma
2023 5073 2165 5126 bona
2209 5079 2266 5124 et
2312 5070 2421 5139 pia,
2470 5080 2762 5141 postquam
2794 5072 3025 5127 astricto
3071 5075 3174 5131 sibi
3220 5093 3456 5148 corpore

1873 5163 2046 5218 siiluta
2080 5163 2207 5216 hinc
2239 5161 2576 5226 discesserit,
2628 5177 2754 5218 mox
2807 5164 3054 5220 sentiens
3095 5176 3152 5222 et
3207 5182 3455 5225 content-

1871 5258 2027 5324 plans
2043 5242 2387 5310 'eventurutn
2414 5254 2519 5311 sibi
2550 5256 2778 5326 bonum,
2803 5266 2992 5327 utpote
3019 5260 3115 5315 illo
3136 5262 3281 5330 quod
3308 5271 3455 5316 tene-

1871 5351 1999 5404 bras
2064 5347 2381 5404 oll'undebat
2426 5357 2756 5417 expurgato,
2826 5350 2943 5407 sive
2994 5355 3274 5423 deposito.
3339 5354 3454 5408 sive

1870 5455 2202 5512 quocunque
2238 5439 2348 5494 alio
2369 5443 2534 5496 modo
2573 5441 2863 5500 dicendum
2903 5453 3011 5510 est,
3043 5447 3271 5500 miriﬁca
3315 5459 3453 5512 qua-

1869 5538 1997 5592 dam
2031 5537 2307 5604 voluptate
2341 5535 2635 5602 mulcetur,
2665 5538 3008 5600 etexsultat,
3050 5544 3106 5592 et
3130 5534 3340 5603 placida
3386 5538 3452 5590 ad

1877 5629 2166 5683 Dominum
2196 5644 2360 5684 suum
2396 5628 2790 5699 proﬁciscitur,
2816 5645 2844 5681 a
2873 5626 3122 5695 praesenti
3149 5626 3257 5678 vita
3281 5627 3451 5683 veluti

1873 5735 2094 5778 carcere
2143 5721 2380 5790 quodam
2434 5721 2587 5792 gravi
2647 5720 2940 5789 refugiens,
2995 5725 3051 5770 et
3106 5714 3306 5783 injecta
3341 5719 3450 5774 sibi

1875 5812 2090 5870 vincula
2137 5813 2439 5879 decutiens,
2491 5827 2522 5868 a
2568 5811 2771 5882 quibus
2808 5806 3005 5864 tuentis
3055 5805 3140 5860 ala
3198 5805 3452 5866 detrahe-
