  <div class='ocr_page' id='page_1' title='image "/cluster/home/n/w/nwhite01/storage/ocr_20150623/136/mdp.39015038093210/484.png"; bbox 0 0 3980 6248; ppageno 0'>
   <div class='ocr_carea' id='block_1_1' title="bbox 187 375 291 438">
    <p class='ocr_par' dir='ltr' id='par_1_1' title="bbox 187 375 291 438">
     <span class='ocr_line' id='line_1_1' title="bbox 187 375 291 438; baseline -0.01 -1"><span class='ocrx_word' id='word_1_1' title='bbox 187 375 291 438; x_wconf 71' lang='lat'><strong>953</strong></span> 
     </span>
    </p>
   </div>
   <div class='ocr_carea' id='block_1_2' title="bbox 1002 349 2614 432">
    <p class='ocr_par' dir='ltr' id='par_1_2' title="bbox 1002 349 2614 432">
     <span class='ocr_line' id='line_1_2' title="bbox 1002 349 2614 432; baseline 0.001 -3"><span class='ocrx_word' id='word_1_2' title='bbox 1002 372 1176 432; x_wconf 82' lang='lat' dir='ltr'><strong>LOCI</strong></span> <span class='ocrx_word' id='word_1_3' title='bbox 1213 349 1660 431; x_wconf 62' lang='lat' dir='ltr'><strong>continues.</strong></span> <span class='ocrx_word' id='word_1_4' title='bbox 1703 391 1768 403; x_wconf 87' lang='lat'><strong>-—</strong></span> <span class='ocrx_word' id='word_1_5' title='bbox 1807 367 2074 428; x_wconf 75' lang='lat' dir='ltr'><strong>mnst.</strong></span> <span class='ocrx_word' id='word_1_6' title='bbox 2121 367 2382 428; x_wconf 74' lang='lat' dir='ltr'><strong>ssnuo</strong></span> <span class='ocrx_word' id='word_1_7' title='bbox 2425 369 2614 430; x_wconf 82' lang='lat' dir='ltr'><strong>LVII.</strong></span> 
     </span>
    </p>
   </div>
   <div class='ocr_carea' id='block_1_3' title="bbox 3343 371 3450 435">
    <p class='ocr_par' dir='ltr' id='par_1_3' title="bbox 3343 371 3450 435">
     <span class='ocr_line' id='line_1_3' title="bbox 3343 371 3450 435; baseline 0.009 -1"><span class='ocrx_word' id='word_1_8' title='bbox 3343 371 3450 435; x_wconf 74' lang='lat'><strong>954</strong></span> 
     </span>
    </p>
   </div>
   <div class='ocr_carea' id='block_1_4' title="bbox 189 461 1789 562">
    <p class='ocr_par' dir='ltr' id='par_1_4' title="bbox 189 489 1772 562">
     <span class='ocr_line' id='line_1_4' title="bbox 189 489 1772 562; baseline -0.004 -15"><span class='ocrx_word' id='word_1_9' title='bbox 189 513 320 558; x_wconf 82' lang='grc' dir='ltr'><strong>τως,</strong></span> <span class='ocrx_word' id='word_1_10' title='bbox 359 493 497 546; x_wconf 72' lang='grc' dir='ltr'>ἀλλὰ</span> <span class='ocrx_word' id='word_1_11' title='bbox 551 492 642 544; x_wconf 77' lang='grc' dir='ltr'><strong>τὸν</strong></span> <span class='ocrx_word' id='word_1_12' title='bbox 697 491 868 562; x_wconf 78' lang='grc' dir='ltr'>μηδὲν</span> <span class='ocrx_word' id='word_1_13' title='bbox 902 494 981 556; x_wconf 78' lang='grc' dir='ltr'><strong>εἰς</strong></span> <span class='ocrx_word' id='word_1_14' title='bbox 1009 490 1278 560; x_wconf 73' lang='grc' dir='ltr'><strong>ὠφέλειαν</strong></span> <span class='ocrx_word' id='word_1_15' title='bbox 1328 492 1640 561; x_wconf 76' lang='grc' dir='ltr'><strong>ἀνηκόντων</strong></span> <span class='ocrx_word' id='word_1_16' title='bbox 1675 489 1772 542; x_wconf 71' lang='grc' dir='ltr'>καὶ</span> 
     </span>
    </p>
   </div>
   <div class='ocr_carea' id='block_1_5' title="bbox 1896 461 3454 562">
    <p class='ocr_par' dir='ltr' id='par_1_5' title="bbox 1896 461 3454 560">
     <span class='ocr_line' id='line_1_5' title="bbox 1896 461 3454 560; baseline 0.003 -20"><span class='ocrx_word' id='word_1_17' title='bbox 1896 461 2299 556; x_wconf 75' lang='lat' dir='ltr'><strong>mulinocurat,</strong></span> <span class='ocrx_word' id='word_1_18' title='bbox 2336 489 2431 545; x_wconf 86' lang='lat' dir='ltr'><strong>sed</strong></span> <span class='ocrx_word' id='word_1_19' title='bbox 2461 490 2552 560; x_wconf 84' lang='lat' dir='ltr'><strong>qui</strong></span> <span class='ocrx_word' id='word_1_20' title='bbox 2598 488 2732 544; x_wconf 83' lang='lat' dir='ltr'><strong>nihil</strong></span> <span class='ocrx_word' id='word_1_21' title='bbox 2770 503 2958 546; x_wconf 87' lang='lat' dir='ltr'><strong>eorum</strong></span> <span class='ocrx_word' id='word_1_22' title='bbox 3001 503 3122 558; x_wconf 74' lang='lat' dir='ltr'><strong>qua:</strong></span> <span class='ocrx_word' id='word_1_23' title='bbox 3149 468 3216 542; x_wconf 84' lang='lat' dir='ltr'><strong>ad</strong></span> <span class='ocrx_word' id='word_1_24' title='bbox 3249 478 3454 545; x_wconf 71' lang='lat' dir='ltr'><strong>utilita-</strong></span> 
     </span>
    </p>
   </div>
   <div class='ocr_carea' id='block_1_6' title="bbox 188 581 936 654">
    <p class='ocr_par' dir='ltr' id='par_1_6' title="bbox 188 581 936 654">
     <span class='ocr_line' id='line_1_6' title="bbox 188 581 936 654; baseline -0.008 -13"><span class='ocrx_word' id='word_1_25' title='bbox 188 589 320 654; x_wconf 76' lang='grc' dir='ltr'>θερα</span> <span class='ocrx_word' id='word_1_26' title='bbox 331 587 490 640; x_wconf 71' lang='grc' dir='ltr'>πείαν</span> <span class='ocrx_word' id='word_1_27' title='bbox 519 581 936 653; x_wconf 85' lang='grc' dir='ltr'>παραλείποντα.</span> 
     </span>
    </p>
   </div>
   <div class='ocr_carea' id='block_1_7' title="bbox 257 674 1771 747">
    <p class='ocr_par' dir='ltr' id='par_1_7' title="bbox 257 674 1771 747">
     <span class='ocr_line' id='line_1_7' title="bbox 257 674 1771 747; baseline -0.002 -17"><span class='ocrx_word' id='word_1_28' title='bbox 257 676 468 746; x_wconf 75' lang='grc' dir='ltr'><strong>Ἰατρόν</strong></span> <span class='ocrx_word' id='word_1_29' title='bbox 523 678 618 729; x_wconf 77' lang='grc' dir='ltr'>καὶ</span> <span class='ocrx_word' id='word_1_30' title='bbox 651 674 806 746; x_wconf 80' lang='grc' dir='ltr'>φίλον</span> <span class='ocrx_word' id='word_1_31' title='bbox 857 675 994 747; x_wconf 70' lang='grc' dir='ltr'><strong>ήγοῦ</strong></span> <span class='ocrx_word' id='word_1_32' title='bbox 1027 677 1153 740; x_wconf 81' lang='grc' dir='ltr'><strong>τοὺς</strong></span> <span class='ocrx_word' id='word_1_33' title='bbox 1182 676 1242 730; x_wconf 75' lang='grc' dir='ltr'><strong>ὲν</strong></span> <span class='ocrx_word' id='word_1_34' title='bbox 1288 676 1558 744; x_wconf 77' lang='grc' dir='ltr'><strong>ἀνάγκαις</strong></span> <span class='ocrx_word' id='word_1_35' title='bbox 1605 692 1771 728; x_wconf 76' lang='grc' dir='ltr'>σπου·</span> 
     </span>
    </p>
   </div>
   <div class='ocr_carea' id='block_1_8' title="bbox 183 768 390 829">
    <p class='ocr_par' dir='ltr' id='par_1_8' title="bbox 183 768 390 829">
     <span class='ocr_line' id='line_1_8' title="bbox 183 768 390 829; baseline -0.014 -7"><span class='ocrx_word' id='word_1_36' title='bbox 183 768 390 829; x_wconf 71' lang='grc' dir='ltr'>δαίους.</span> 
     </span>
    </p>
   </div>
   <div class='ocr_carea' id='block_1_9' title="bbox 253 859 1768 932">
    <p class='ocr_par' dir='ltr' id='par_1_9' title="bbox 253 859 1768 932">
     <span class='ocr_line' id='line_1_9' title="bbox 253 859 1768 932; baseline -0.002 -18"><span class='ocrx_word' id='word_1_37' title='bbox 253 861 533 931; x_wconf 75' lang='grc' dir='ltr'><strong>Νικοκλῆς</strong></span> <span class='ocrx_word' id='word_1_38' title='bbox 581 861 708 922; x_wconf 77' lang='grc' dir='ltr'><strong>τοὺς</strong></span> <span class='ocrx_word' id='word_1_39' title='bbox 759 859 982 931; x_wconf 74' lang='grc' dir='ltr'>ἰατροὺς</span> <span class='ocrx_word' id='word_1_40' title='bbox 1015 861 1260 932; x_wconf 74' lang='grc' dir='ltr'><strong>εὐτυχεῖς</strong></span> <span class='ocrx_word' id='word_1_41' title='bbox 1304 861 1514 930; x_wconf 71' lang='grc' dir='ltr'>ἔλεγεν,</span> <span class='ocrx_word' id='word_1_42' title='bbox 1545 861 1629 914; x_wconf 85' lang='grc' dir='ltr'><strong>ὅτι</strong></span> <span class='ocrx_word' id='word_1_43' title='bbox 1669 859 1768 920; x_wconf 85' lang='grc' dir='ltr'>τάς</span> 
     </span>
    </p>
   </div>
   <div class='ocr_carea' id='block_1_10' title="bbox 187 951 1770 1023">
    <p class='ocr_par' dir='ltr' id='par_1_10' title="bbox 187 951 1770 1023">
     <span class='ocr_line' id='line_1_10' title="bbox 187 951 1770 1023; baseline 0.001 -20"><span class='ocrx_word' id='word_1_44' title='bbox 187 953 287 1020; x_wconf 78' lang='grc' dir='ltr'><strong>μὲν</strong></span> <span class='ocrx_word' id='word_1_45' title='bbox 315 951 604 1020; x_wconf 73' lang='grc' dir='ltr'><strong>ἐπιτυχίας</strong></span> <span class='ocrx_word' id='word_1_46' title='bbox 636 951 816 1004; x_wconf 77' lang='grc' dir='ltr'>αὐτῶν</span> <span class='ocrx_word' id='word_1_47' title='bbox 846 953 872 1004; x_wconf 84' lang='grc' dir='ltr'>ὁ</span> <span class='ocrx_word' id='word_1_48' title='bbox 907 952 1060 1023; x_wconf 75' lang='grc' dir='ltr'>ἥλιος</span> <span class='ocrx_word' id='word_1_49' title='bbox 1104 954 1226 1022; x_wconf 75' lang='grc' dir='ltr'>ὁρᾷ,</span> <span class='ocrx_word' id='word_1_50' title='bbox 1260 955 1357 1015; x_wconf 85' lang='grc' dir='ltr'><strong>τὰς</strong></span> <span class='ocrx_word' id='word_1_51' title='bbox 1384 954 1441 1006; x_wconf 83' lang='grc' dir='ltr'>δὲ</span> <span class='ocrx_word' id='word_1_52' title='bbox 1468 951 1770 1022; x_wconf 81' lang='grc' dir='ltr'><strong>ἀποτυχίας</strong></span> 
     </span>
    </p>
   </div>
   <div class='ocr_carea' id='block_1_11' title="bbox 185 1043 646 1111">
    <p class='ocr_par' dir='ltr' id='par_1_11' title="bbox 185 1043 646 1111">
     <span class='ocr_line' id='line_1_11' title="bbox 185 1043 646 1111; baseline 0 -16"><span class='ocrx_word' id='word_1_53' title='bbox 185 1044 217 1111; x_wconf 78' lang='grc' dir='ltr'>ἠ</span> <span class='ocrx_word' id='word_1_54' title='bbox 247 1043 317 1110; x_wconf 80' lang='grc' dir='ltr'>γῆ</span> <span class='ocrx_word' id='word_1_55' title='bbox 352 1043 646 1096; x_wconf 79' lang='grc' dir='ltr'>καλύπτει.</span> 
     </span>
    </p>
   </div>
   <div class='ocr_carea' id='block_1_12' title="bbox 257 1133 1766 1205">
    <p class='ocr_par' dir='ltr' id='par_1_12' title="bbox 257 1133 1766 1205">
     <span class='ocr_line' id='line_1_12' title="bbox 257 1133 1766 1205; baseline 0.003 -18"><span class='ocrx_word' id='word_1_56' title='bbox 257 1136 620 1205; x_wconf 69' lang='grc' dir='ltr'><strong>Στρατόνικος</strong></span> <span class='ocrx_word' id='word_1_57' title='bbox 671 1136 858 1200; x_wconf 73' lang='grc' dir='ltr'><strong>ἰατρὸν</strong></span> <span class='ocrx_word' id='word_1_58' title='bbox 901 1133 1214 1188; x_wconf 68' lang='grc' dir='ltr'>κολακεύων</span> <span class='ocrx_word' id='word_1_59' title='bbox 1245 1135 1457 1205; x_wconf 78' lang='grc' dir='ltr'>ἔλεγεν,</span> <span class='ocrx_word' id='word_1_60' title='bbox 1521 1138 1766 1192; x_wconf 80' lang='grc' dir='ltr'>Ἐπαινῶ</span> 
     </span>
    </p>
   </div>
   <div class='ocr_carea' id='block_1_13' title="bbox 187 1227 1767 1300">
    <p class='ocr_par' dir='ltr' id='par_1_13' title="bbox 187 1227 1767 1300">
     <span class='ocr_line' id='line_1_13' title="bbox 187 1227 1767 1300; baseline 0.004 -22"><span class='ocrx_word' id='word_1_61' title='bbox 187 1244 280 1279; x_wconf 82' lang='grc' dir='ltr'><strong>σου</strong></span> <span class='ocrx_word' id='word_1_62' title='bbox 317 1227 418 1297; x_wconf 78' lang='grc' dir='ltr'><strong>τὴν</strong></span> <span class='ocrx_word' id='word_1_63' title='bbox 451 1229 763 1297; x_wconf 68' lang='grc' dir='ltr'>ἐμπειρίαν,</span> <span class='ocrx_word' id='word_1_64' title='bbox 799 1228 882 1280; x_wconf 82' lang='grc' dir='ltr'><strong>ὅτι</strong></span> <span class='ocrx_word' id='word_1_65' title='bbox 918 1227 1018 1280; x_wconf 79' lang='grc' dir='ltr'>οὐκ</span> <span class='ocrx_word' id='word_1_66' title='bbox 1041 1229 1134 1298; x_wconf 76' lang='grc' dir='ltr'><strong>ἐᾷς</strong></span> <span class='ocrx_word' id='word_1_67' title='bbox 1161 1231 1288 1291; x_wconf 85' lang='grc' dir='ltr'><strong>τοὺς</strong></span> <span class='ocrx_word' id='word_1_68' title='bbox 1315 1230 1632 1300; x_wconf 76' lang='grc' dir='ltr'>ἀρρώστους</span> <span class='ocrx_word' id='word_1_69' title='bbox 1667 1249 1767 1285; x_wconf 84' lang='grc' dir='ltr'>κα-</span> 
     </span>
    </p>
   </div>
   <div class='ocr_carea' id='block_1_14' title="bbox 184 1320 1656 1390">
    <p class='ocr_par' dir='ltr' id='par_1_14' title="bbox 184 1320 1656 1390">
     <span class='ocr_line' id='line_1_14' title="bbox 184 1320 1656 1390; baseline 0.007 -21"><span class='ocrx_word' id='word_1_70' title='bbox 184 1320 522 1387; x_wconf 80' lang='grc' dir='ltr'>τασαπῆναι,</span> <span class='ocrx_word' id='word_1_71' title='bbox 555 1321 749 1390; x_wconf 78' lang='grc' dir='ltr'><strong>τάχιον</strong></span> <span class='ocrx_word' id='word_1_72' title='bbox 776 1321 974 1383; x_wconf 71' lang='grc' dir='ltr'><strong>αὐτοὺς</strong></span> <span class='ocrx_word' id='word_1_73' title='bbox 1003 1321 1099 1372; x_wconf 84' lang='grc' dir='ltr'><strong>τοῦ</strong></span> <span class='ocrx_word' id='word_1_74' title='bbox 1137 1321 1236 1390; x_wconf 81' lang='grc' dir='ltr'><strong>ζῇν</strong></span> <span class='ocrx_word' id='word_1_75' title='bbox 1265 1322 1656 1379; x_wconf 77' lang='grc' dir='ltr'><strong>ἀπαλλάσσων.</strong></span> 
     </span>
    </p>
   </div>
   <div class='ocr_carea' id='block_1_15' title="bbox 255 1411 1766 1487">
    <p class='ocr_par' dir='ltr' id='par_1_15' title="bbox 255 1411 1766 1487">
     <span class='ocr_line' id='line_1_15' title="bbox 255 1411 1766 1487; baseline 0.003 -23"><span class='ocrx_word' id='word_1_76' title='bbox 255 1413 384 1476; x_wconf 85' lang='grc' dir='ltr'><strong>Τοῖς</strong></span> <span class='ocrx_word' id='word_1_77' title='bbox 409 1411 838 1482; x_wconf 71' lang='grc' dir='ltr'><strong>Ἀσκληπιάδαις</strong></span> <span class='ocrx_word' id='word_1_78' title='bbox 873 1413 1077 1481; x_wconf 78' lang='grc' dir='ltr'><strong>μείζων</strong></span> <span class='ocrx_word' id='word_1_79' title='bbox 1111 1414 1383 1480; x_wconf 82' lang='grc' dir='ltr'>ὀφείλεται</span> <span class='ocrx_word' id='word_1_80' title='bbox 1413 1415 1572 1486; x_wconf 83' lang='grc' dir='ltr'>χάρις</span> <span class='ocrx_word' id='word_1_81' title='bbox 1598 1417 1766 1487; x_wconf 75' lang='grc' dir='ltr'>ἐπερ-</span> 
     </span>
    </p>
   </div>
   <div class='ocr_carea' id='block_1_16' title="bbox 182 1503 1765 1575">
    <p class='ocr_par' dir='ltr' id='par_1_16' title="bbox 182 1503 1765 1575">
     <span class='ocr_line' id='line_1_16' title="bbox 182 1503 1765 1575; baseline 0.004 -19"><span class='ocrx_word' id='word_1_82' title='bbox 182 1503 424 1574; x_wconf 77' lang='grc' dir='ltr'><strong>χομένην</strong></span> <span class='ocrx_word' id='word_1_83' title='bbox 459 1503 847 1557; x_wconf 80' lang='grc' dir='ltr'>άναστὲλλουσι</span> <span class='ocrx_word' id='word_1_84' title='bbox 899 1506 1056 1557; x_wconf 83' lang='grc' dir='ltr'>νόσον</span> <span class='ocrx_word' id='word_1_85' title='bbox 1081 1506 1112 1566; x_wconf 82' lang='grc' dir='ltr'>ἦ</span> <span class='ocrx_word' id='word_1_86' title='bbox 1149 1509 1581 1575; x_wconf 69' lang='grc' dir='ltr'><strong>παραπεσοῦσαν</strong></span> <span class='ocrx_word' id='word_1_87' title='bbox 1611 1511 1765 1561; x_wconf 80' lang='grc' dir='ltr'>ίασα-</span> 
     </span>
    </p>
   </div>
   <div class='ocr_carea' id='block_1_17' title="bbox 183 1594 1765 1672">
    <p class='ocr_par' dir='ltr' id='par_1_17' title="bbox 183 1594 1765 1672">
     <span class='ocr_line' id='line_1_17' title="bbox 183 1594 1765 1672; baseline 0.004 -26"><span class='ocrx_word' id='word_1_88' title='bbox 183 1595 390 1665; x_wconf 81' lang='grc' dir='ltr'><strong>μένοις.</strong></span> <span class='ocrx_word' id='word_1_89' title='bbox 435 1594 541 1647; x_wconf 78' lang='grc' dir='ltr'><strong>Τοῦ</strong></span> <span class='ocrx_word' id='word_1_90' title='bbox 574 1595 682 1665; x_wconf 81' lang='grc' dir='ltr'><strong>γὰρ</strong></span> <span class='ocrx_word' id='word_1_91' title='bbox 715 1594 1063 1666; x_wconf 73' lang='grc' dir='ltr'><strong>ἀπηλλάχθαι</strong></span> <span class='ocrx_word' id='word_1_92' title='bbox 1110 1599 1284 1651; x_wconf 77' lang='grc' dir='ltr'>κακοῦ</span> <span class='ocrx_word' id='word_1_93' title='bbox 1316 1599 1377 1652; x_wconf 78' lang='grc' dir='ltr'><strong>τὸ</strong></span> <span class='ocrx_word' id='word_1_94' title='bbox 1421 1597 1498 1669; x_wconf 80' lang='grc' dir='ltr'><strong>μὴ</strong></span> <span class='ocrx_word' id='word_1_95' title='bbox 1531 1600 1765 1672; x_wconf 77' lang='grc' dir='ltr'>πάσχειν</span> 
     </span>
    </p>
   </div>
   <div class='ocr_carea' id='block_1_18' title="bbox 184 1687 580 1757">
    <p class='ocr_par' dir='ltr' id='par_1_18' title="bbox 184 1687 580 1757">
     <span class='ocr_line' id='line_1_18' title="bbox 184 1687 580 1757; baseline 0.01 -21"><span class='ocrx_word' id='word_1_96' title='bbox 184 1687 452 1756; x_wconf 75' lang='grc' dir='ltr'><strong>αἱρετώτε</strong></span> <span class='ocrx_word' id='word_1_97' title='bbox 465 1703 580 1757; x_wconf 83' lang='grc' dir='ltr'>ρον.</span> 
     </span>
    </p>
   </div>
   <div class='ocr_carea' id='block_1_19' title="bbox 249 1777 1763 1854">
    <p class='ocr_par' dir='ltr' id='par_1_19' title="bbox 249 1777 1763 1854">
     <span class='ocr_line' id='line_1_19' title="bbox 249 1777 1763 1854; baseline 0.005 -24"><span class='ocrx_word' id='word_1_98' title='bbox 249 1779 378 1842; x_wconf 77' lang='grc' dir='ltr'>Τοῖς</span> <span class='ocrx_word' id='word_1_99' title='bbox 432 1779 530 1845; x_wconf 81' lang='grc' dir='ltr'><strong>μὲν</strong></span> <span class='ocrx_word' id='word_1_100' title='bbox 559 1777 808 1833; x_wconf 70' lang='grc' dir='ltr'><strong>νοσοῦσιν</strong></span> <span class='ocrx_word' id='word_1_101' title='bbox 860 1781 1103 1851; x_wconf 73' lang='grc' dir='ltr'>ίατροῦς,</span> <span class='ocrx_word' id='word_1_102' title='bbox 1139 1783 1256 1845; x_wconf 82' lang='grc' dir='ltr'><strong>τοῖς</strong></span> <span class='ocrx_word' id='word_1_103' title='bbox 1283 1781 1340 1835; x_wconf 68' lang='grc' dir='ltr'>δὲ</span> <span class='ocrx_word' id='word_1_104' title='bbox 1383 1782 1646 1854; x_wconf 77' lang='grc' dir='ltr'><strong>ἀτυχοῦσι</strong></span> <span class='ocrx_word' id='word_1_105' title='bbox 1673 1785 1763 1854; x_wconf 81' lang='grc' dir='ltr'>φί-</span> 
     </span>
    </p>
   </div>
   <div class='ocr_carea' id='block_1_20' title="bbox 177 1870 1325 1941">
    <p class='ocr_par' dir='ltr' id='par_1_20' title="bbox 177 1870 1325 1941">
     <span class='ocr_line' id='line_1_20' title="bbox 177 1870 1325 1941; baseline 0.002 -18"><span class='ocrx_word' id='word_1_106' title='bbox 177 1871 303 1930; x_wconf 67' lang='grc' dir='ltr'>λους</span> <span class='ocrx_word' id='word_1_107' title='bbox 334 1870 417 1923; x_wconf 79' lang='grc' dir='ltr'>δεῖ</span> <span class='ocrx_word' id='word_1_108' title='bbox 446 1873 814 1941; x_wconf 73' lang='grc' dir='ltr'><strong>συμπαρεῖναι</strong></span> <span class='ocrx_word' id='word_1_109' title='bbox 826 1913 839 1926; x_wconf 96' lang='grc'><strong>.</strong></span> <span class='ocrx_word' id='word_1_110' title='bbox 1320 1875 1325 1880; x_wconf 78' lang='grc'><em>’</em></span> 
     </span>
    </p>
   </div>
   <div class='ocr_carea' id='block_1_21' title="bbox 253 1963 1766 2042">
    <p class='ocr_par' dir='ltr' id='par_1_21' title="bbox 253 1963 1766 2042">
     <span class='ocr_line' id='line_1_21' title="bbox 253 1963 1766 2042; baseline 0.005 -28"><span class='ocrx_word' id='word_1_111' title='bbox 253 1963 363 2015; x_wconf 69' lang='grc' dir='ltr'><strong>Καὶ</strong></span> <span class='ocrx_word' id='word_1_112' title='bbox 385 1963 572 2042; x_wconf 68' lang='grc' dir='ltr'>ἰατρὸν</span> <span class='ocrx_word' id='word_1_113' title='bbox 592 1965 683 2016; x_wconf 70' lang='grc' dir='ltr'><strong>καὶ</strong></span> <span class='ocrx_word' id='word_1_114' title='bbox 703 1964 858 2032; x_wconf 82' lang='grc' dir='ltr'><strong>φίλον</strong></span> <span class='ocrx_word' id='word_1_115' title='bbox 881 1965 940 2017; x_wconf 81' lang='grc' dir='ltr'><strong>οὐ</strong></span> <span class='ocrx_word' id='word_1_116' title='bbox 961 1965 1050 2018; x_wconf 76' lang='grc' dir='ltr'><strong>τὸν</strong></span> <span class='ocrx_word' id='word_1_117' title='bbox 1078 1965 1205 2019; x_wconf 82' lang='grc' dir='ltr'>ῐδιον</span> <span class='ocrx_word' id='word_1_118' title='bbox 1313 1965 1491 2038; x_wconf 59' lang='lat' dir='ltr'><strong>ﬁdite],</strong></span> <span class='ocrx_word' id='word_1_119' title='bbox 1514 1966 1649 2021; x_wconf 82' lang='grc' dir='ltr'>ἀλλὰ</span> <span class='ocrx_word' id='word_1_120' title='bbox 1673 1969 1766 2022; x_wconf 84' lang='grc' dir='ltr'><strong>τὸν</strong></span> 
     </span>
    </p>
   </div>
   <div class='ocr_carea' id='block_1_22' title="bbox 179 2057 1087 2127">
    <p class='ocr_par' dir='ltr' id='par_1_22' title="bbox 179 2057 1087 2127">
     <span class='ocr_line' id='line_1_22' title="bbox 179 2057 1087 2127; baseline 0.003 -17"><span class='ocrx_word' id='word_1_121' title='bbox 179 2057 502 2127; x_wconf 76' lang='grc' dir='ltr'>ὡφελιμὼτε</span> <span class='ocrx_word' id='word_1_122' title='bbox 513 2075 602 2126; x_wconf 87' lang='grc' dir='ltr'>ρον</span> <span class='ocrx_word' id='word_1_123' title='bbox 628 2058 712 2110; x_wconf 84' lang='grc' dir='ltr'>δεῖ</span> <span class='ocrx_word' id='word_1_124' title='bbox 739 2058 1087 2124; x_wconf 77' lang='grc' dir='ltr'>ἐκλέγεσθαι.</span> 
     </span>
    </p>
   </div>
   <div class='ocr_carea' id='block_1_23' title="bbox 249 2147 1764 2227">
    <p class='ocr_par' dir='ltr' id='par_1_23' title="bbox 249 2147 1764 2227">
     <span class='ocr_line' id='line_1_23' title="bbox 249 2147 1764 2227; baseline 0.006 -29"><span class='ocrx_word' id='word_1_125' title='bbox 249 2147 423 2213; x_wconf 59' lang='grc' dir='ltr'>Σοφδς</span> <span class='ocrx_word' id='word_1_126' title='bbox 463 2147 702 2212; x_wconf 76' lang='grc' dir='ltr'>ἀκούσας</span> <span class='ocrx_word' id='word_1_127' title='bbox 739 2151 892 2216; x_wconf 69' lang='grc' dir='ltr'>παρὰ</span> <span class='ocrx_word' id='word_1_128' title='bbox 921 2149 1134 2203; x_wconf 78' lang='grc' dir='ltr'><strong>ἰδιώτου</strong></span> <span class='ocrx_word' id='word_1_129' title='bbox 1191 2151 1404 2222; x_wconf 75' lang='grc' dir='ltr'>ἰατροῦ,</span> <span class='ocrx_word' id='word_1_130' title='bbox 1457 2154 1541 2208; x_wconf 84' lang='grc' dir='ltr'><strong>ὅτι</strong></span> <span class='ocrx_word' id='word_1_131' title='bbox 1576 2155 1764 2227; x_wconf 83' lang='grc' dir='ltr'><strong>Γέρων</strong></span> 
     </span>
    </p>
   </div>
   <div class='ocr_carea' id='block_1_24' title="bbox 176 2237 1480 2316">
    <p class='ocr_par' dir='ltr' id='par_1_24' title="bbox 176 2237 1480 2316">
     <span class='ocr_line' id='line_1_24' title="bbox 176 2237 1480 2316; baseline 0.009 -27"><span class='ocrx_word' id='word_1_132' title='bbox 176 2237 430 2307; x_wconf 78' lang='grc' dir='ltr'>γέγονας,</span> <span class='ocrx_word' id='word_1_133' title='bbox 463 2237 571 2311; x_wconf 69' lang='grc' dir='ltr'><strong>ἔφη</strong></span> <span class='ocrx_word' id='word_1_134' title='bbox 592 2255 606 2268; x_wconf 75' lang='grc' dir='ltr'><strong><em>ο</em></strong></span> <span class='ocrx_word' id='word_1_135' title='bbox 637 2240 759 2293; x_wconf 82' lang='grc' dir='ltr'><strong>Ὀτι</strong></span> <span class='ocrx_word' id='word_1_136' title='bbox 794 2241 896 2294; x_wconf 84' lang='grc' dir='ltr'><strong>οὐκ</strong></span> <span class='ocrx_word' id='word_1_137' title='bbox 929 2242 1258 2315; x_wconf 72' lang='grc' dir='ltr'><strong>ἐχρησάμην</strong></span> <span class='ocrx_word' id='word_1_138' title='bbox 1289 2246 1480 2316; x_wconf 76' lang='grc' dir='ltr'><strong>ἰατρῷ.</strong></span> 
     </span>
    </p>
   </div>
   <div class='ocr_carea' id='block_1_25' title="bbox 775 2419 1158 2476">
    <p class='ocr_par' dir='ltr' id='par_1_25' title="bbox 775 2419 1158 2476">
     <span class='ocr_line' id='line_1_25' title="bbox 775 2419 1158 2476; baseline 0.005 -2"><span class='ocrx_word' id='word_1_139' title='bbox 775 2419 1000 2474; x_wconf 87' lang='grc' dir='ltr'><strong>ΛΟΓΟΣ</strong></span> <span class='ocrx_word' id='word_1_140' title='bbox 1034 2420 1158 2476; x_wconf 88' lang='lat' dir='ltr'><strong>NZ&#39;.</strong></span> 
     </span>
    </p>
   </div>
   <div class='ocr_carea' id='block_1_26' title="bbox 681 2511 1225 2580">
    <p class='ocr_par' dir='ltr' id='par_1_26' title="bbox 681 2511 1225 2580">
     <span class='ocr_line' id='line_1_26' title="bbox 681 2511 1225 2580; baseline 0.007 -15"><span class='ocrx_word' id='word_1_141' title='bbox 681 2511 821 2580; x_wconf 76' lang='grc' dir='ltr'><strong>Περὶ</strong></span> <span class='ocrx_word' id='word_1_142' title='bbox 853 2513 1225 2570; x_wconf 74' lang='grc' dir='ltr'><strong>νοσούντων.</strong></span> 
     </span>
    </p>
   </div>
   <div class='ocr_carea' id='block_1_27' title="bbox 247 2601 1243 2675">
    <p class='ocr_par' dir='ltr' id='par_1_27' title="bbox 247 2601 1243 2675">
     <span class='ocr_line' id='line_1_27' title="bbox 247 2601 1243 2675; baseline 0.006 -20"><span class='ocrx_word' id='word_1_143' title='bbox 247 2601 585 2672; x_wconf 82' lang='grc' dir='ltr'>Ἠσθένησα,</span> <span class='ocrx_word' id='word_1_144' title='bbox 614 2605 708 2656; x_wconf 77' lang='grc' dir='ltr'>καὶ</span> <span class='ocrx_word' id='word_1_145' title='bbox 736 2604 1114 2674; x_wconf 70' lang='grc' dir='ltr'>ἐπεσκέψασθέ</span> <span class='ocrx_word' id='word_1_146' title='bbox 1153 2623 1243 2675; x_wconf 86' lang='grc' dir='ltr'><strong>με.</strong></span> 
     </span>
    </p>
   </div>
   <div class='ocr_carea' id='block_1_28' title="bbox 249 2693 1770 2770">
    <p class='ocr_par' dir='ltr' id='par_1_28' title="bbox 249 2693 1770 2770">
     <span class='ocr_line' id='line_1_28' title="bbox 249 2693 1770 2770; baseline 0.005 -24"><span class='ocrx_word' id='word_1_147' title='bbox 249 2693 641 2763; x_wconf 72' lang='grc' dir='ltr'>Μιμνήσκεσθε</span> <span class='ocrx_word' id='word_1_148' title='bbox 678 2693 786 2748; x_wconf 81' lang='grc' dir='ltr'><strong>τῶν</strong></span> <span class='ocrx_word' id='word_1_149' title='bbox 817 2697 1079 2766; x_wconf 81' lang='grc' dir='ltr'><strong>δεσμίων,</strong></span> <span class='ocrx_word' id='word_1_150' title='bbox 1126 2697 1202 2761; x_wconf 83' lang='grc' dir='ltr'><strong>ὡς</strong></span> <span class='ocrx_word' id='word_1_151' title='bbox 1231 2698 1612 2770; x_wconf 78' lang='grc' dir='ltr'><strong>συνδεδεμένοι</strong></span> <span class='ocrx_word' id='word_1_152' title='bbox 1657 2693 1770 2754; x_wconf 79' lang='grc' dir='ltr'><strong>τῶν</strong></span> 
     </span>
    </p>
   </div>
   <div class='ocr_carea' id='block_1_29' title="bbox 174 2783 1364 2860">
    <p class='ocr_par' dir='ltr' id='par_1_29' title="bbox 174 2783 1364 2860">
     <span class='ocr_line' id='line_1_29' title="bbox 174 2783 1364 2860; baseline 0.006 -24"><span class='ocrx_word' id='word_1_153' title='bbox 174 2783 444 2847; x_wconf 78' lang='grc' dir='ltr'>ἀσθενῶν,</span> <span class='ocrx_word' id='word_1_154' title='bbox 473 2784 548 2848; x_wconf 86' lang='grc' dir='ltr'>ὡς</span> <span class='ocrx_word' id='word_1_155' title='bbox 572 2785 665 2840; x_wconf 77' lang='grc' dir='ltr'>καὶ</span> <span class='ocrx_word' id='word_1_156' title='bbox 695 2786 850 2840; x_wconf 78' lang='grc' dir='ltr'><strong>αὐτοὶ</strong></span> <span class='ocrx_word' id='word_1_157' title='bbox 874 2786 1026 2852; x_wconf 75' lang='grc' dir='ltr'><strong>ὄντες</strong></span> <span class='ocrx_word' id='word_1_158' title='bbox 1047 2789 1103 2841; x_wconf 74' lang='grc' dir='ltr'>ἐν</span> <span class='ocrx_word' id='word_1_159' title='bbox 1131 2788 1364 2860; x_wconf 85' lang='grc' dir='ltr'><strong>σώματι.</strong></span> 
     </span>
    </p>
   </div>
   <div class='ocr_carea' id='block_1_30' title="bbox 240 2960 1760 3037">
    <p class='ocr_par' dir='ltr' id='par_1_30' title="bbox 240 2960 1760 3037">
     <span class='ocr_line' id='line_1_30' title="bbox 240 2960 1760 3037; baseline -0.001 -18"><span class='ocrx_word' id='word_1_160' title='bbox 240 2967 340 3029; x_wconf 79' lang='lat'><strong>‘0;</strong></span> <span class='ocrx_word' id='word_1_161' title='bbox 363 2965 597 3036; x_wconf 77' lang='grc' dir='ltr'>φράσσει</span> <span class='ocrx_word' id='word_1_162' title='bbox 619 2965 687 3020; x_wconf 87' lang='grc' dir='ltr'><strong>τά</strong></span> <span class='ocrx_word' id='word_1_163' title='bbox 704 2960 818 3020; x_wconf 77' lang='grc' dir='ltr'><strong>ὦτα</strong></span> <span class='ocrx_word' id='word_1_164' title='bbox 837 2965 1001 3020; x_wconf 73' lang='grc' dir='ltr'><strong>αὐτοῦ</strong></span> <span class='ocrx_word' id='word_1_165' title='bbox 1023 2966 1113 3020; x_wconf 83' lang='grc' dir='ltr'><strong>τοῦ</strong></span> <span class='ocrx_word' id='word_1_166' title='bbox 1137 2967 1210 3037; x_wconf 82' lang='grc' dir='ltr'><strong>μὴ</strong></span> <span class='ocrx_word' id='word_1_167' title='bbox 1232 2967 1460 3022; x_wconf 78' lang='grc' dir='ltr'>ἀκοῦσαι</span> <span class='ocrx_word' id='word_1_168' title='bbox 1479 2967 1760 3031; x_wconf 79' lang='grc' dir='ltr'>ἀσθενοῦς,</span> 
     </span>
    </p>
   </div>
   <div class='ocr_carea' id='block_1_31' title="bbox 175 3058 1752 3124">
    <p class='ocr_par' dir='ltr' id='par_1_31' title="bbox 175 3058 1752 3124">
     <span class='ocr_line' id='line_1_31' title="bbox 175 3058 1752 3124; baseline 0.004 -15"><span class='ocrx_word' id='word_1_169' title='bbox 175 3059 277 3109; x_wconf 71' lang='grc' dir='ltr'>καὶ</span> <span class='ocrx_word' id='word_1_170' title='bbox 311 3058 476 3120; x_wconf 83' lang='grc' dir='ltr'><strong>αὐτὸς</strong></span> <span class='ocrx_word' id='word_1_171' title='bbox 506 3058 918 3124; x_wconf 74' lang='grc' dir='ltr'>ἑπικαλᾶσεται,</span> <span class='ocrx_word' id='word_1_172' title='bbox 952 3061 1046 3112; x_wconf 81' lang='grc' dir='ltr'>καὶ</span> <span class='ocrx_word' id='word_1_173' title='bbox 1101 3060 1201 3112; x_wconf 73' lang='grc' dir='ltr'>οὐκ</span> <span class='ocrx_word' id='word_1_174' title='bbox 1259 3059 1410 3113; x_wconf 81' lang='grc' dir='ltr'><strong>ἔσται</strong></span> <span class='ocrx_word' id='word_1_175' title='bbox 1461 3061 1490 3113; x_wconf 79' lang='grc' dir='ltr'><strong>ὁ</strong></span> <span class='ocrx_word' id='word_1_176' title='bbox 1516 3059 1752 3116; x_wconf 83' lang='grc' dir='ltr'>ἀκούων.</span> 
     </span>
    </p>
   </div>
   <div class='ocr_carea' id='block_1_32' title="bbox 249 3148 1358 3220">
    <p class='ocr_par' dir='ltr' id='par_1_32' title="bbox 249 3148 1358 3220">
     <span class='ocr_line' id='line_1_32' title="bbox 249 3148 1358 3220; baseline 0.002 -18"><span class='ocrx_word' id='word_1_177' title='bbox 249 3149 344 3218; x_wconf 80' lang='grc' dir='ltr'><strong>Μὴ</strong></span> <span class='ocrx_word' id='word_1_178' title='bbox 373 3148 523 3202; x_wconf 67' lang='grc' dir='ltr'>δκνει</span> <span class='ocrx_word' id='word_1_179' title='bbox 555 3150 988 3203; x_wconf 73' lang='grc' dir='ltr'><strong>ἐπισκέπτεσθαι</strong></span> <span class='ocrx_word' id='word_1_180' title='bbox 1018 3149 1358 3220; x_wconf 66' lang='grc' dir='ltr'>ἀρρώστους.</span> 
     </span>
    </p>
   </div>
   <div class='ocr_carea' id='block_1_33' title="bbox 1879 580 2993 650">
    <p class='ocr_par' dir='ltr' id='par_1_33' title="bbox 1879 580 2993 650">
     <span class='ocr_line' id='line_1_33' title="bbox 1879 580 2993 650; baseline 0.002 -16"><span class='ocrx_word' id='word_1_181' title='bbox 1879 588 1983 634; x_wconf 81' lang='lat' dir='ltr'><strong>tem</strong></span> <span class='ocrx_word' id='word_1_182' title='bbox 2008 582 2135 647; x_wconf 68' lang='lat' dir='ltr'><strong>aegri</strong></span> <span class='ocrx_word' id='word_1_183' title='bbox 2165 590 2220 634; x_wconf 92' lang='lat' dir='ltr'><strong>et</strong></span> <span class='ocrx_word' id='word_1_184' title='bbox 2247 596 2434 635; x_wconf 89' lang='lat' dir='ltr'><strong>curam</strong></span> <span class='ocrx_word' id='word_1_185' title='bbox 2467 582 2744 650; x_wconf 75' lang='lat' dir='ltr'><strong>pertinent</strong></span> <span class='ocrx_word' id='word_1_186' title='bbox 2769 580 2993 636; x_wconf 73' lang='lat' dir='ltr'><strong>omittit.</strong></span> 
     </span>
    </p>
   </div>
   <div class='ocr_carea' id='block_1_34' title="bbox 1949 669 3454 740">
    <p class='ocr_par' dir='ltr' id='par_1_34' title="bbox 1949 669 3454 740">
     <span class='ocr_line' id='line_1_34' title="bbox 1949 669 3454 740; baseline -0.001 -15"><span class='ocrx_word' id='word_1_187' title='bbox 1949 672 2220 728; x_wconf 76' lang='lat' dir='ltr'><strong>Hieronis.</strong></span> <span class='ocrx_word' id='word_1_188' title='bbox 2267 671 2535 726; x_wconf 79' lang='lat' dir='ltr'><strong>Medicum</strong></span> <span class='ocrx_word' id='word_1_189' title='bbox 2571 681 2624 726; x_wconf 86' lang='lat' dir='ltr'><strong>et</strong></span> <span class='ocrx_word' id='word_1_190' title='bbox 2657 673 2890 726; x_wconf 84' lang='lat' dir='ltr'><strong>amicum</strong></span> <span class='ocrx_word' id='word_1_191' title='bbox 2917 671 3248 736; x_wconf 82' lang='lat' dir='ltr'><strong>existimato,</strong></span> <span class='ocrx_word' id='word_1_192' title='bbox 3274 669 3367 740; x_wconf 88' lang='lat' dir='ltr'><strong>qui</strong></span> <span class='ocrx_word' id='word_1_193' title='bbox 3397 670 3454 724; x_wconf 91' lang='lat' dir='ltr'><strong>in</strong></span> 
     </span>
    </p>
   </div>
   <div class='ocr_carea' id='block_1_35' title="bbox 1876 763 2758 835">
    <p class='ocr_par' dir='ltr' id='par_1_35' title="bbox 1876 763 2758 835">
     <span class='ocr_line' id='line_1_35' title="bbox 1876 763 2758 835; baseline 0.003 -18"><span class='ocrx_word' id='word_1_194' title='bbox 1876 763 2196 819; x_wconf 86' lang='lat' dir='ltr'><strong>necessitate</strong></span> <span class='ocrx_word' id='word_1_195' title='bbox 2225 764 2512 835; x_wconf 74' lang='lat' dir='ltr'><strong>diligentes</strong></span> <span class='ocrx_word' id='word_1_196' title='bbox 2539 764 2758 820; x_wconf 77' lang='lat' dir='ltr'><strong>iuerint.</strong></span> 
     </span>
    </p>
   </div>
   <div class='ocr_carea' id='block_1_36' title="bbox 1949 855 3452 924">
    <p class='ocr_par' dir='ltr' id='par_1_36' title="bbox 1949 855 3452 924">
     <span class='ocr_line' id='line_1_36' title="bbox 1949 855 3452 924; baseline -0.003 -14"><span class='ocrx_word' id='word_1_197' title='bbox 1949 855 2205 912; x_wconf 76' lang='lat' dir='ltr'><strong>Nicoclis.</strong></span> <span class='ocrx_word' id='word_1_198' title='bbox 2255 857 2508 912; x_wconf 87' lang='lat' dir='ltr'><strong>Nicocles</strong></span> <span class='ocrx_word' id='word_1_199' title='bbox 2539 857 2779 911; x_wconf 86' lang='lat' dir='ltr'><strong>medicos</strong></span> <span class='ocrx_word' id='word_1_200' title='bbox 2818 855 3005 922; x_wconf 71' lang='lat' dir='ltr'><strong>felices</strong></span> <span class='ocrx_word' id='word_1_201' title='bbox 3047 856 3282 918; x_wconf 89' lang='lat' dir='ltr'><strong>dicebat,</strong></span> <span class='ocrx_word' id='word_1_202' title='bbox 3315 868 3452 924; x_wconf 72' lang='lat' dir='ltr'><strong>quo-</strong></span> 
     </span>
    </p>
   </div>
   <div class='ocr_carea' id='block_1_37' title="bbox 1875 946 3455 1018">
    <p class='ocr_par' dir='ltr' id='par_1_37' title="bbox 1875 946 3455 1018">
     <span class='ocr_line' id='line_1_37' title="bbox 1875 946 3455 1018; baseline -0.003 -16"><span class='ocrx_word' id='word_1_203' title='bbox 1875 946 2023 1002; x_wconf 89' lang='lat' dir='ltr'><strong>niam</strong></span> <span class='ocrx_word' id='word_1_204' title='bbox 2056 963 2344 1005; x_wconf 77' lang='lat' dir='ltr'><strong>successus</strong></span> <span class='ocrx_word' id='word_1_205' title='bbox 2366 948 2584 1017; x_wconf 87' lang='lat' dir='ltr'><strong>quidem</strong></span> <span class='ocrx_word' id='word_1_206' title='bbox 2616 948 2858 1018; x_wconf 89' lang='lat' dir='ltr'><strong>ipsorum</strong></span> <span class='ocrx_word' id='word_1_207' title='bbox 2895 947 2975 1002; x_wconf 85' lang='lat' dir='ltr'><strong>sol</strong></span> <span class='ocrx_word' id='word_1_208' title='bbox 3011 946 3272 1008; x_wconf 82' lang='lat' dir='ltr'><strong>intuetur,</strong></span> <span class='ocrx_word' id='word_1_209' title='bbox 3299 959 3455 1001; x_wconf 91' lang='lat' dir='ltr'><strong>erro-</strong></span> 
     </span>
    </p>
   </div>
   <div class='ocr_carea' id='block_1_38' title="bbox 1875 1030 2821 1110">
    <p class='ocr_par' dir='ltr' id='par_1_38' title="bbox 1875 1030 2821 1110">
     <span class='ocr_line' id='line_1_38' title="bbox 1875 1030 2821 1110; baseline 0 -16"><span class='ocrx_word' id='word_1_210' title='bbox 1875 1054 1965 1094; x_wconf 83' lang='lat' dir='ltr'><strong>res</strong></span> <span class='ocrx_word' id='word_1_211' title='bbox 1996 1049 2175 1095; x_wconf 89' lang='lat' dir='ltr'><strong>autem</strong></span> <span class='ocrx_word' id='word_1_212' title='bbox 2209 1039 2370 1095; x_wconf 89' lang='lat' dir='ltr'><strong>tellus</strong></span> <span class='ocrx_word' id='word_1_213' title='bbox 2401 1041 2602 1110; x_wconf 86' lang='lat' dir='ltr'><strong>Operit.</strong></span> <span class='ocrx_word' id='word_1_214' title='bbox 2811 1030 2821 1039; x_wconf 73' lang='grc'><em>’</em></span> 
     </span>
    </p>
   </div>
   <div class='ocr_carea' id='block_1_39' title="bbox 1955 1129 3461 1195">
    <p class='ocr_par' dir='ltr' id='par_1_39' title="bbox 1955 1129 3461 1195">
     <span class='ocr_line' id='line_1_39' title="bbox 1955 1129 3461 1195; baseline -0.004 -5"><span class='ocrx_word' id='word_1_215' title='bbox 1955 1133 2271 1190; x_wconf 78' lang='lat' dir='ltr'><strong>Stratonici.</strong></span> <span class='ocrx_word' id='word_1_216' title='bbox 2323 1133 2669 1191; x_wconf 85' lang='lat' dir='ltr'><strong>Stratonicus</strong></span> <span class='ocrx_word' id='word_1_217' title='bbox 2719 1133 2950 1188; x_wconf 84' lang='lat' dir='ltr'><strong>adulans</strong></span> <span class='ocrx_word' id='word_1_218' title='bbox 3001 1132 3251 1195; x_wconf 91' lang='lat' dir='ltr'><strong>medico,</strong></span> <span class='ocrx_word' id='word_1_219' title='bbox 3297 1129 3461 1186; x_wconf 67' lang='lat' dir='ltr'><strong>diceo‘</strong></span> 
     </span>
    </p>
   </div>
   <div class='ocr_carea' id='block_1_40' title="bbox 1873 1223 3454 1294">
    <p class='ocr_par' dir='ltr' id='par_1_40' title="bbox 1873 1223 3454 1294">
     <span class='ocr_line' id='line_1_40' title="bbox 1873 1223 3454 1294; baseline -0.004 -11"><span class='ocrx_word' id='word_1_220' title='bbox 1873 1227 1967 1283; x_wconf 88' lang='lat' dir='ltr'><strong>bat</strong></span> <span class='ocrx_word' id='word_1_221' title='bbox 1999 1243 2012 1280; x_wconf 89' lang='lat'>:</span> <span class='ocrx_word' id='word_1_222' title='bbox 2055 1226 2248 1281; x_wconf 88' lang='lat' dir='ltr'><strong>Laudo</strong></span> <span class='ocrx_word' id='word_1_223' title='bbox 2275 1236 2422 1282; x_wconf 88' lang='lat' dir='ltr'><strong>tuam</strong></span> <span class='ocrx_word' id='word_1_224' title='bbox 2453 1226 2867 1293; x_wconf 82' lang='lat' dir='ltr'><strong>experientiam,</strong></span> <span class='ocrx_word' id='word_1_225' title='bbox 2904 1224 3028 1294; x_wconf 88' lang='lat' dir='ltr'><strong>quia</strong></span> <span class='ocrx_word' id='word_1_226' title='bbox 3064 1238 3170 1277; x_wconf 86' lang='lat' dir='ltr'><strong>non</strong></span> <span class='ocrx_word' id='word_1_227' title='bbox 3203 1223 3339 1277; x_wconf 82' lang='lat' dir='ltr'><strong>sinis</strong></span> <span class='ocrx_word' id='word_1_228' title='bbox 3371 1223 3454 1276; x_wconf 79' lang='lat' dir='ltr'><strong>in-</strong></span> 
     </span>
    </p>
   </div>
   <div class='ocr_carea' id='block_1_41' title="bbox 1875 1314 3452 1388">
    <p class='ocr_par' dir='ltr' id='par_1_41' title="bbox 1875 1314 3452 1388">
     <span class='ocr_line' id='line_1_41' title="bbox 1875 1314 3452 1388; baseline -0.006 -13"><span class='ocrx_word' id='word_1_229' title='bbox 1875 1319 2066 1375; x_wconf 84' lang='lat' dir='ltr'><strong>llrmos</strong></span> <span class='ocrx_word' id='word_1_230' title='bbox 2099 1326 2567 1388; x_wconf 87' lang='lat' dir='ltr'><strong>compulrescere,</strong></span> <span class='ocrx_word' id='word_1_231' title='bbox 2615 1317 2800 1372; x_wconf 87' lang='lat' dir='ltr'><strong>statim</strong></span> <span class='ocrx_word' id='word_1_232' title='bbox 2852 1332 2947 1372; x_wconf 86' lang='lat' dir='ltr'><strong>eos</strong></span> <span class='ocrx_word' id='word_1_233' title='bbox 2971 1331 3000 1371; x_wconf 91' lang='lat' dir='ltr'><strong>a</strong></span> <span class='ocrx_word' id='word_1_234' title='bbox 3029 1317 3136 1369; x_wconf 83' lang='lat' dir='ltr'><strong>vita</strong></span> <span class='ocrx_word' id='word_1_235' title='bbox 3188 1314 3452 1368; x_wconf 82' lang='lat' dir='ltr'><strong>liberans.</strong></span> 
     </span>
    </p>
   </div>
   <div class='ocr_carea' id='block_1_42' title="bbox 1942 1409 3455 1482">
    <p class='ocr_par' dir='ltr' id='par_1_42' title="bbox 1942 1409 3455 1482">
     <span class='ocr_line' id='line_1_42' title="bbox 1942 1409 3455 1482; baseline -0.006 -15"><span class='ocrx_word' id='word_1_236' title='bbox 1942 1412 2211 1468; x_wconf 77' lang='lat' dir='ltr'><strong>Demadis.</strong></span> <span class='ocrx_word' id='word_1_237' title='bbox 2243 1411 2415 1482; x_wconf 72' lang='lat' dir='ltr'><strong>Major</strong></span> <span class='ocrx_word' id='word_1_238' title='bbox 2446 1413 2618 1482; x_wconf 83' lang='lat' dir='ltr'><strong>gratia</strong></span> <span class='ocrx_word' id='word_1_239' title='bbox 2657 1410 2886 1465; x_wconf 87' lang='lat' dir='ltr'><strong>medicis</strong></span> <span class='ocrx_word' id='word_1_240' title='bbox 2927 1409 3161 1464; x_wconf 88' lang='lat' dir='ltr'><strong>debetur</strong></span> <span class='ocrx_word' id='word_1_241' title='bbox 3195 1409 3455 1476; x_wconf 75' lang='lat' dir='ltr'><strong>ingruen-</strong></span> 
     </span>
    </p>
   </div>
   <div class='ocr_carea' id='block_1_43' title="bbox 1873 1495 3451 1572">
    <p class='ocr_par' dir='ltr' id='par_1_43' title="bbox 1873 1495 3451 1572">
     <span class='ocr_line' id='line_1_43' title="bbox 1873 1495 3451 1572; baseline -0.008 -10"><span class='ocrx_word' id='word_1_242' title='bbox 1873 1515 1981 1562; x_wconf 89' lang='lat' dir='ltr'><strong>tem</strong></span> <span class='ocrx_word' id='word_1_243' title='bbox 2023 1506 2273 1558; x_wconf 82' lang='lat' dir='ltr'><strong>morbum</strong></span> <span class='ocrx_word' id='word_1_244' title='bbox 2324 1505 2660 1569; x_wconf 75' lang='lat' dir='ltr'><strong>arcentibus,</strong></span> <span class='ocrx_word' id='word_1_245' title='bbox 2712 1517 2876 1572; x_wconf 89' lang='lat' dir='ltr'><strong>quam</strong></span> <span class='ocrx_word' id='word_1_246' title='bbox 2929 1501 3288 1556; x_wconf 80' lang='lat' dir='ltr'><strong>constitutum</strong></span> <span class='ocrx_word' id='word_1_247' title='bbox 3328 1495 3451 1565; x_wconf 71' lang='lat' dir='ltr'><strong>&#39;jam</strong></span> 
     </span>
    </p>
   </div>
   <div class='ocr_carea' id='block_1_44' title="bbox 1873 1591 3451 1667">
    <p class='ocr_par' dir='ltr' id='par_1_44' title="bbox 1873 1591 3451 1667">
     <span class='ocr_line' id='line_1_44' title="bbox 1873 1591 3451 1667; baseline -0.008 -11"><span class='ocrx_word' id='word_1_248' title='bbox 1873 1598 2294 1656; x_wconf 87' lang='lat' dir='ltr'><strong>medicantibus.</strong></span> <span class='ocrx_word' id='word_1_249' title='bbox 2323 1596 2532 1666; x_wconf 84' lang='lat' dir='ltr'><strong>Quippe</strong></span> <span class='ocrx_word' id='word_1_250' title='bbox 2558 1598 2736 1667; x_wconf 79' lang='lat' dir='ltr'><strong>magis</strong></span> <span class='ocrx_word' id='word_1_251' title='bbox 2758 1594 3052 1664; x_wconf 89' lang='lat' dir='ltr'><strong>optandum</strong></span> <span class='ocrx_word' id='word_1_252' title='bbox 3082 1601 3166 1649; x_wconf 85' lang='lat' dir='ltr'><strong>est</strong></span> <span class='ocrx_word' id='word_1_253' title='bbox 3191 1607 3296 1646; x_wconf 88' lang='lat' dir='ltr'><strong>non</strong></span> <span class='ocrx_word' id='word_1_254' title='bbox 3316 1591 3451 1661; x_wconf 88' lang='lat' dir='ltr'><strong>pati,</strong></span> 
     </span>
    </p>
   </div>
   <div class='ocr_carea' id='block_1_45' title="bbox 1871 1691 2467 1764">
    <p class='ocr_par' dir='ltr' id='par_1_45' title="bbox 1871 1691 2467 1764">
     <span class='ocr_line' id='line_1_45' title="bbox 1871 1691 2467 1764; baseline -0.003 -18"><span class='ocrx_word' id='word_1_255' title='bbox 1871 1708 2036 1764; x_wconf 83' lang='lat' dir='ltr'><strong>quam</strong></span> <span class='ocrx_word' id='word_1_256' title='bbox 2061 1692 2280 1746; x_wconf 89' lang='lat' dir='ltr'><strong>liberari</strong></span> <span class='ocrx_word' id='word_1_257' title='bbox 2306 1691 2467 1744; x_wconf 84' lang='lat' dir='ltr'><strong>malo.</strong></span> 
     </span>
    </p>
   </div>
   <div class='ocr_carea' id='block_1_46' title="bbox 1953 1778 3452 1852">
    <p class='ocr_par' dir='ltr' id='par_1_46' title="bbox 1953 1778 3452 1852">
     <span class='ocr_line' id='line_1_46' title="bbox 1953 1778 3452 1852; baseline -0.001 -18"><span class='ocrx_word' id='word_1_258' title='bbox 1953 1782 2184 1836; x_wconf 83' lang='lat' dir='ltr'><strong>Demetr.</strong></span> <span class='ocrx_word' id='word_1_259' title='bbox 2247 1781 2434 1852; x_wconf 65' lang='lat' dir='ltr'><strong>Egris</strong></span> <span class='ocrx_word' id='word_1_260' title='bbox 2496 1781 2736 1837; x_wconf 87' lang='lat' dir='ltr'><strong>medicos</strong></span> <span class='ocrx_word' id='word_1_261' title='bbox 2765 1820 2782 1848; x_wconf 89' lang='lat'><strong>,</strong></span> <span class='ocrx_word' id='word_1_262' title='bbox 2843 1778 3195 1835; x_wconf 82' lang='lat' dir='ltr'><strong>inlortunatis</strong></span> <span class='ocrx_word' id='word_1_263' title='bbox 3245 1780 3452 1834; x_wconf 83' lang='lat' dir='ltr'><strong>amicos</strong></span> 
     </span>
    </p>
   </div>
   <div class='ocr_carea' id='block_1_47' title="bbox 1801 1863 2334 1943">
    <p class='ocr_par' dir='ltr' id='par_1_47' title="bbox 1801 1863 2334 1943">
     <span class='ocr_line' id='line_1_47' title="bbox 1801 1863 2334 1943; baseline 0.004 -17"><span class='ocrx_word' id='word_1_264' title='bbox 1801 1863 1844 1918; x_wconf 75' lang='grc' dir='ltr'><strong>Β</strong></span> <span class='ocrx_word' id='word_1_265' title='bbox 1871 1872 2066 1928; x_wconf 83' lang='lat' dir='ltr'><strong>adesse</strong></span> <span class='ocrx_word' id='word_1_266' title='bbox 2099 1881 2334 1943; x_wconf 84' lang='lat' dir='ltr'><strong>oportet.</strong></span> 
     </span>
    </p>
   </div>
   <div class='ocr_carea' id='block_1_48' title="bbox 1942 1955 3453 2029">
    <p class='ocr_par' dir='ltr' id='par_1_48' title="bbox 1942 1955 3453 2029">
     <span class='ocr_line' id='line_1_48' title="bbox 1942 1955 3453 2029; baseline -0.002 -15"><span class='ocrx_word' id='word_1_267' title='bbox 1942 1959 2007 2014; x_wconf 86' lang='lat' dir='ltr'><strong>Et</strong></span> <span class='ocrx_word' id='word_1_268' title='bbox 2036 1961 2286 2018; x_wconf 90' lang='lat' dir='ltr'><strong>medicus</strong></span> <span class='ocrx_word' id='word_1_269' title='bbox 2315 1969 2368 2018; x_wconf 91' lang='lat' dir='ltr'><strong>ct</strong></span> <span class='ocrx_word' id='word_1_270' title='bbox 2398 1961 2630 2026; x_wconf 87' lang='lat' dir='ltr'><strong>amicus,</strong></span> <span class='ocrx_word' id='word_1_271' title='bbox 2662 1973 2768 2016; x_wconf 87' lang='lat' dir='ltr'><strong>non</strong></span> <span class='ocrx_word' id='word_1_272' title='bbox 2800 1958 3118 2029; x_wconf 78' lang='lat' dir='ltr'><strong>jucundior,</strong></span> <span class='ocrx_word' id='word_1_273' title='bbox 3144 1957 3238 2012; x_wconf 86' lang='lat' dir='ltr'><strong>sed</strong></span> <span class='ocrx_word' id='word_1_274' title='bbox 3265 1955 3453 2011; x_wconf 78' lang='lat' dir='ltr'><strong>utilior</strong></span> 
     </span>
    </p>
   </div>
   <div class='ocr_carea' id='block_1_49' title="bbox 1877 2051 2291 2122">
    <p class='ocr_par' dir='ltr' id='par_1_49' title="bbox 1877 2051 2291 2122">
     <span class='ocr_line' id='line_1_49' title="bbox 1877 2051 2291 2122; baseline 0.01 -17"><span class='ocrx_word' id='word_1_275' title='bbox 1877 2051 2158 2122; x_wconf 75' lang='lat' dir='ltr'><strong>eligendus</strong></span> <span class='ocrx_word' id='word_1_276' title='bbox 2188 2062 2291 2109; x_wconf 85' lang='lat' dir='ltr'><strong>est.</strong></span> 
     </span>
    </p>
   </div>
   <div class='ocr_carea' id='block_1_50' title="bbox 1943 2137 3451 2216">
    <p class='ocr_par' dir='ltr' id='par_1_50' title="bbox 1943 2137 3451 2216">
     <span class='ocr_line' id='line_1_50' title="bbox 1943 2137 3451 2216; baseline -0.002 -17"><span class='ocrx_word' id='word_1_277' title='bbox 1943 2143 2176 2214; x_wconf 84' lang='lat' dir='ltr'><strong>Sapiens</strong></span> <span class='ocrx_word' id='word_1_278' title='bbox 2225 2147 2473 2216; x_wconf 86' lang='lat' dir='ltr'><strong>quidam,</strong></span> <span class='ocrx_word' id='word_1_279' title='bbox 2535 2162 2660 2202; x_wconf 91' lang='lat' dir='ltr'><strong>cum</strong></span> <span class='ocrx_word' id='word_1_280' title='bbox 2730 2144 3016 2214; x_wconf 81' lang='lat' dir='ltr'><strong>imperitus</strong></span> <span class='ocrx_word' id='word_1_281' title='bbox 3076 2141 3324 2198; x_wconf 83' lang='lat' dir='ltr'><strong>medicus</strong></span> <span class='ocrx_word' id='word_1_282' title='bbox 3362 2137 3451 2196; x_wconf 71' lang='grc' dir='ltr'><strong>ὀἱ</strong></span> 
     </span>
    </p>
   </div>
   <div class='ocr_carea' id='block_1_51' title="bbox 1868 2221 3449 2306">
    <p class='ocr_par' dir='ltr' id='par_1_51' title="bbox 1868 2221 3449 2306">
     <span class='ocr_line' id='line_1_51' title="bbox 1868 2221 3449 2306; baseline -0.002 -15"><span class='ocrx_word' id='word_1_283' title='bbox 1868 2237 2121 2304; x_wconf 81' lang='lat' dir='ltr'><strong>dixisset,</strong></span> <span class='ocrx_word' id='word_1_284' title='bbox 2155 2237 2336 2293; x_wconf 83' lang='lat' dir='ltr'><strong>Senex</strong></span> <span class='ocrx_word' id='word_1_285' title='bbox 2392 2237 2567 2294; x_wconf 81' lang='lat' dir='ltr'><strong>factus</strong></span> <span class='ocrx_word' id='word_1_286' title='bbox 2633 2252 2718 2305; x_wconf 86' lang='lat' dir='ltr'><strong>es,</strong></span> <span class='ocrx_word' id='word_1_287' title='bbox 2773 2221 3101 2306; x_wconf 82' lang='lat' dir='ltr'><strong>respondit:</strong></span> <span class='ocrx_word' id='word_1_288' title='bbox 3151 2235 3289 2300; x_wconf 84' lang='lat' dir='ltr'><strong>Quia</strong></span> <span class='ocrx_word' id='word_1_289' title='bbox 3339 2247 3449 2288; x_wconf 87' lang='lat' dir='ltr'><strong>non</strong></span> 
     </span>
    </p>
   </div>
   <div class='ocr_carea' id='block_1_52' title="bbox 1869 2329 2428 2385">
    <p class='ocr_par' dir='ltr' id='par_1_52' title="bbox 1869 2329 2428 2385">
     <span class='ocr_line' id='line_1_52' title="bbox 1869 2329 2428 2385; baseline 0.002 -2"><span class='ocrx_word' id='word_1_290' title='bbox 1869 2344 2002 2385; x_wconf 87' lang='lat' dir='ltr'><strong>usus</strong></span> <span class='ocrx_word' id='word_1_291' title='bbox 2033 2343 2156 2384; x_wconf 87' lang='lat' dir='ltr'><strong>sum</strong></span> <span class='ocrx_word' id='word_1_292' title='bbox 2194 2329 2428 2385; x_wconf 88' lang='lat' dir='ltr'><strong>medico.</strong></span> 
     </span>
    </p>
   </div>
   <div class='ocr_carea' id='block_1_53' title="bbox 2248 2417 3068 2492">
    <p class='ocr_par' dir='ltr' id='par_1_53' title="bbox 2248 2417 3068 2492">
     <span class='ocr_line' id='line_1_53' title="bbox 2248 2417 3068 2492; baseline -0.004 -16"><span class='ocrx_word' id='word_1_293' title='bbox 2248 2418 2484 2476; x_wconf 79' lang='lat' dir='ltr'><strong>SERMO</strong></span> <span class='ocrx_word' id='word_1_294' title='bbox 2514 2417 2701 2490; x_wconf 61' lang='lat' dir='ltr'><strong>LVI”</strong></span> <span class='ocrx_word' id='word_1_295' title='bbox 2729 2420 2805 2474; x_wconf 83' lang='lat' dir='ltr'><strong>al.</strong></span> <span class='ocrx_word' id='word_1_296' title='bbox 2835 2417 3068 2492; x_wconf 76' lang='lat' dir='ltr'><strong>CXLV].</strong></span> 
     </span>
    </p>
   </div>
   <div class='ocr_carea' id='block_1_54' title="bbox 2391 2513 2915 2584">
    <p class='ocr_par' dir='ltr' id='par_1_54' title="bbox 2391 2513 2915 2584">
     <span class='ocr_line' id='line_1_54' title="bbox 2391 2513 2915 2584; baseline -0.006 -15"><span class='ocrx_word' id='word_1_297' title='bbox 2391 2513 2470 2569; x_wconf 83' lang='lat' dir='ltr'><strong>De</strong></span> <span class='ocrx_word' id='word_1_298' title='bbox 2509 2513 2915 2584; x_wconf 61' lang='lat' dir='ltr'><strong>aegrotantibus.</strong></span> 
     </span>
    </p>
   </div>
   <div class='ocr_carea' id='block_1_55' title="bbox 1937 2605 3131 2676">
    <p class='ocr_par' dir='ltr' id='par_1_55' title="bbox 1937 2605 3131 2676">
     <span class='ocr_line' id='line_1_55' title="bbox 1937 2605 3131 2676; baseline 0.001 -16"><span class='ocrx_word' id='word_1_299' title='bbox 1937 2605 2135 2666; x_wconf 72' lang='lat' dir='ltr'><strong>Matth.</strong></span> <span class='ocrx_word' id='word_1_300' title='bbox 2167 2623 2290 2664; x_wconf 78' lang='lat' dir='ltr'><strong>xxv.</strong></span> <span class='ocrx_word' id='word_1_301' title='bbox 2321 2605 2622 2676; x_wconf 70' lang='grc' dir='ltr'><strong>Ᾱσζειιοιιινί,</strong></span> <span class='ocrx_word' id='word_1_302' title='bbox 2649 2615 2704 2660; x_wconf 92' lang='lat' dir='ltr'><strong>et</strong></span> <span class='ocrx_word' id='word_1_303' title='bbox 2731 2605 3000 2661; x_wconf 85' lang='lat' dir='ltr'><strong>visitastis</strong></span> <span class='ocrx_word' id='word_1_304' title='bbox 3025 2619 3131 2661; x_wconf 90' lang='lat' dir='ltr'><strong>me.</strong></span> 
     </span>
    </p>
   </div>
   <div class='ocr_carea' id='block_1_56' title="bbox 1945 2696 3447 2764">
    <p class='ocr_par' dir='ltr' id='par_1_56' title="bbox 1945 2696 3447 2764">
     <span class='ocr_line' id='line_1_56' title="bbox 1945 2696 3447 2764; baseline -0.001 -14"><span class='ocrx_word' id='word_1_305' title='bbox 1945 2696 2111 2752; x_wconf 73' lang='lat' dir='ltr'><strong>Hebr.</strong></span> <span class='ocrx_word' id='word_1_306' title='bbox 2152 2713 2274 2752; x_wconf 80' lang='lat' dir='ltr'><strong>xm.</strong></span> <span class='ocrx_word' id='word_1_307' title='bbox 2311 2696 2579 2752; x_wconf 72' lang='lat' dir='ltr'><strong>Memores</strong></span> <span class='ocrx_word' id='word_1_308' title='bbox 2624 2705 2802 2752; x_wconf 78' lang='lat' dir='ltr'><strong>estote</strong></span> <span class='ocrx_word' id='word_1_309' title='bbox 2847 2696 3154 2750; x_wconf 82' lang='lat' dir='ltr'><strong>vinctorum</strong></span> <span class='ocrx_word' id='word_1_310' title='bbox 3188 2705 3447 2764; x_wconf 86' lang='lat' dir='ltr'><strong>tanquam</strong></span> 
     </span>
    </p>
   </div>
   <div class='ocr_carea' id='block_1_57' title="bbox 1868 2789 3448 2860">
    <p class='ocr_par' dir='ltr' id='par_1_57' title="bbox 1868 2789 3448 2860">
     <span class='ocr_line' id='line_1_57' title="bbox 1868 2789 3448 2860; baseline -0.002 -15"><span class='ocrx_word' id='word_1_311' title='bbox 1868 2805 1974 2845; x_wconf 91' lang='lat' dir='ltr'><strong>una</strong></span> <span class='ocrx_word' id='word_1_312' title='bbox 2024 2807 2146 2845; x_wconf 88' lang='lat' dir='ltr'><strong>cum</strong></span> <span class='ocrx_word' id='word_1_313' title='bbox 2195 2791 2304 2846; x_wconf 85' lang='lat' dir='ltr'><strong>illis</strong></span> <span class='ocrx_word' id='word_1_314' title='bbox 2340 2790 2554 2848; x_wconf 79' lang='lat' dir='ltr'><strong>vincti:</strong></span> <span class='ocrx_word' id='word_1_315' title='bbox 2595 2804 2786 2845; x_wconf 90' lang='lat' dir='ltr'><strong>eorum</strong></span> <span class='ocrx_word' id='word_1_316' title='bbox 2827 2791 2920 2860; x_wconf 90' lang='lat' dir='ltr'><strong>qui</strong></span> <span class='ocrx_word' id='word_1_317' title='bbox 2959 2789 3296 2859; x_wconf 68' lang='lat' dir='ltr'><strong>afﬂiguntur,</strong></span> <span class='ocrx_word' id='word_1_318' title='bbox 3328 2799 3448 2842; x_wconf 64' lang='lat' dir='ltr'><strong>Iano</strong></span> 
     </span>
    </p>
   </div>
   <div class='ocr_carea' id='block_1_58' title="bbox 1865 2883 3072 2954">
    <p class='ocr_par' dir='ltr' id='par_1_58' title="bbox 1865 2883 3072 2954">
     <span class='ocr_line' id='line_1_58' title="bbox 1865 2883 3072 2954; baseline -0.001 -18"><span class='ocrx_word' id='word_1_319' title='bbox 1865 2898 2027 2953; x_wconf 86' lang='lat' dir='ltr'><strong>quam</strong></span> <span class='ocrx_word' id='word_1_320' title='bbox 2063 2885 2163 2954; x_wconf 83' lang='lat' dir='ltr'><strong>ipsi</strong></span> <span class='ocrx_word' id='word_1_321' title='bbox 2193 2899 2412 2954; x_wconf 83' lang='lat' dir='ltr'><strong>quoque</strong></span> <span class='ocrx_word' id='word_1_322' title='bbox 2431 2893 2711 2940; x_wconf 83' lang='lat' dir='ltr'><strong>versantes</strong></span> <span class='ocrx_word' id='word_1_323' title='bbox 2743 2883 2797 2937; x_wconf 92' lang='lat' dir='ltr'><strong>in</strong></span> <span class='ocrx_word' id='word_1_324' title='bbox 2825 2898 3072 2952; x_wconf 82' lang='lat' dir='ltr'><strong>corpore.</strong></span> 
     </span>
    </p>
   </div>
   <div class='ocr_carea' id='block_1_59' title="bbox 1938 2973 3449 3046">
    <p class='ocr_par' dir='ltr' id='par_1_59' title="bbox 1938 2973 3449 3046">
     <span class='ocr_line' id='line_1_59' title="bbox 1938 2973 3449 3046; baseline 0.001 -18"><span class='ocrx_word' id='word_1_325' title='bbox 1938 2973 2042 3041; x_wconf 92' lang='lat' dir='ltr'><strong>Qui</strong></span> <span class='ocrx_word' id='word_1_326' title='bbox 2075 2977 2300 3031; x_wconf 87' lang='lat' dir='ltr'><strong>obturat</strong></span> <span class='ocrx_word' id='word_1_327' title='bbox 2328 2991 2489 3031; x_wconf 87' lang='lat' dir='ltr'><strong>aures</strong></span> <span class='ocrx_word' id='word_1_328' title='bbox 2519 2990 2646 3031; x_wconf 84' lang='lat' dir='ltr'><strong>suas</strong></span> <span class='ocrx_word' id='word_1_329' title='bbox 2687 2990 2753 3031; x_wconf 88' lang='lat' dir='ltr'><strong>ne</strong></span> <span class='ocrx_word' id='word_1_330' title='bbox 2783 2975 2969 3030; x_wconf 82' lang='lat' dir='ltr'><strong>audiat</strong></span> <span class='ocrx_word' id='word_1_331' title='bbox 3007 2974 3304 3044; x_wconf 80' lang='lat' dir='ltr'><strong>infirmum,</strong></span> <span class='ocrx_word' id='word_1_332' title='bbox 3332 2974 3449 3046; x_wconf 81' lang='lat' dir='ltr'><strong>ipse</strong></span> 
     </span>
    </p>
   </div>
   <div class='ocr_carea' id='block_1_60' title="bbox 1866 3065 3112 3138">
    <p class='ocr_par' dir='ltr' id='par_1_60' title="bbox 1866 3065 3112 3138">
     <span class='ocr_line' id='line_1_60' title="bbox 1866 3065 3112 3138; baseline 0.001 -19"><span class='ocrx_word' id='word_1_333' title='bbox 1866 3082 2086 3138; x_wconf 81' lang='lat' dir='ltr'><strong>quoque</strong></span> <span class='ocrx_word' id='word_1_334' title='bbox 2117 3067 2412 3133; x_wconf 80' lang='lat' dir='ltr'><strong>invocabit,</strong></span> <span class='ocrx_word' id='word_1_335' title='bbox 2441 3077 2494 3122; x_wconf 86' lang='lat' dir='ltr'><strong>et</strong></span> <span class='ocrx_word' id='word_1_336' title='bbox 2523 3083 2554 3122; x_wconf 93' lang='lat' dir='ltr'><strong>a</strong></span> <span class='ocrx_word' id='word_1_337' title='bbox 2590 3066 2806 3122; x_wconf 87' lang='lat' dir='ltr'><strong>nemine</strong></span> <span class='ocrx_word' id='word_1_338' title='bbox 2838 3065 3112 3121; x_wconf 86' lang='lat' dir='ltr'><strong>audietur.</strong></span> 
     </span>
    </p>
   </div>
   <div class='ocr_carea' id='block_1_61' title="bbox 1943 3155 3218 3213">
    <p class='ocr_par' dir='ltr' id='par_1_61' title="bbox 1943 3155 3218 3213">
     <span class='ocr_line' id='line_1_61' title="bbox 1943 3155 3218 3213; baseline 0 -2"><span class='ocrx_word' id='word_1_339' title='bbox 1943 3155 2112 3213; x_wconf 78' lang='lat' dir='ltr'><strong>Ecrli.</strong></span> <span class='ocrx_word' id='word_1_340' title='bbox 2141 3174 2240 3212; x_wconf 86' lang='lat' dir='ltr'><strong>vn.</strong></span> <span class='ocrx_word' id='word_1_341' title='bbox 2274 3156 2352 3212; x_wconf 90' lang='lat' dir='ltr'><strong>Ne</strong></span> <span class='ocrx_word' id='word_1_342' title='bbox 2377 3158 2653 3213; x_wconf 86' lang='lat' dir='ltr'><strong>cunctcris</strong></span> <span class='ocrx_word' id='word_1_343' title='bbox 2680 3157 2917 3213; x_wconf 87' lang='lat' dir='ltr'><strong>invisere</strong></span> <span class='ocrx_word' id='word_1_344' title='bbox 2945 3157 3218 3212; x_wconf 72' lang='lat' dir='ltr'><strong>inlirmos.</strong></span> 
     </span>
    </p>
   </div>
   <div class='ocr_carea' id='block_1_62' title="bbox 247 3201 1789 3320">
    <p class='ocr_par' dir='ltr' id='par_1_62' title="bbox 247 3201 1762 3312">
     <span class='ocr_line' id='line_1_62' title="bbox 247 3201 1762 3312; baseline 0.003 -20"><span class='ocrx_word' id='word_1_345' title='bbox 247 3201 476 3304; x_wconf 68' lang='grc' dir='ltr'>τέέινον,</span> <span class='ocrx_word' id='word_1_346' title='bbox 514 3201 576 3293; x_wconf 50' lang='grc' dir='ltr'><strong>ει</strong></span> <span class='ocrx_word' id='word_1_347' title='bbox 607 3201 1134 3312; x_wconf 61' lang='grc' dir='ltr'><strong>ἀρρωστήμμλσεὲοὶι</strong></span> <span class='ocrx_word' id='word_1_348' title='bbox 1165 3201 1612 3312; x_wconf 45' lang='lat' dir='ltr'><strong>Menam.</strong></span> <span class='ocrx_word' id='word_1_349' title='bbox 1644 3243 1762 3299; x_wconf 76' lang='grc' dir='ltr'>ἀλλ’</span> 
     </span>
    </p>
   </div>
   <div class='ocr_carea' id='block_1_63' title="bbox 1896 3201 3446 3320">
    <p class='ocr_par' dir='ltr' id='par_1_63' title="bbox 1938 3247 3446 3320">
     <span class='ocr_line' id='line_1_63' title="bbox 1938 3247 3446 3320; baseline -0.002 -15"><span class='ocrx_word' id='word_1_350' title='bbox 1938 3250 2077 3306; x_wconf 83' lang='lat' dir='ltr'><strong>Ibid.</strong></span> <span class='ocrx_word' id='word_1_351' title='bbox 2094 3265 2325 3304; x_wconf 71' lang='lat' dir='ltr'><strong>xxxviii.</strong></span> <span class='ocrx_word' id='word_1_352' title='bbox 2357 3247 2483 3315; x_wconf 87' lang='lat' dir='ltr'><strong>Fili,</strong></span> <span class='ocrx_word' id='word_1_353' title='bbox 2508 3249 2562 3303; x_wconf 93' lang='lat' dir='ltr'><strong>in</strong></span> <span class='ocrx_word' id='word_1_354' title='bbox 2593 3249 2800 3304; x_wconf 76' lang='lat' dir='ltr'><strong>morbis</strong></span> <span class='ocrx_word' id='word_1_355' title='bbox 2816 3251 2924 3305; x_wconf 88' lang='lat' dir='ltr'><strong>tuis</strong></span> <span class='ocrx_word' id='word_1_356' title='bbox 2948 3265 3016 3303; x_wconf 92' lang='lat' dir='ltr'><strong>ne</strong></span> <span class='ocrx_word' id='word_1_357' title='bbox 3042 3249 3120 3304; x_wconf 87' lang='lat' dir='ltr'><strong>sis</strong></span> <span class='ocrx_word' id='word_1_358' title='bbox 3142 3247 3446 3320; x_wconf 70' lang='lat' dir='ltr'><strong>negligens,</strong></span> 
     </span>
    </p>
   </div>
   <div class='ocr_carea' id='block_1_64' title="bbox 173 3335 1762 3406">
    <p class='ocr_par' dir='ltr' id='par_1_64' title="bbox 173 3335 1762 3406">
     <span class='ocr_line' id='line_1_64' title="bbox 173 3335 1762 3406; baseline 0.002 -18"><span class='ocrx_word' id='word_1_359' title='bbox 173 3336 330 3402; x_wconf 77' lang='grc' dir='ltr'><strong>εὖξαι</strong></span> <span class='ocrx_word' id='word_1_360' title='bbox 385 3335 593 3405; x_wconf 75' lang='grc' dir='ltr'>Κυρίῳ,</span> <span class='ocrx_word' id='word_1_361' title='bbox 657 3335 754 3390; x_wconf 72' lang='grc' dir='ltr'><strong>καὶ</strong></span> <span class='ocrx_word' id='word_1_362' title='bbox 794 3335 955 3398; x_wconf 76' lang='grc' dir='ltr'><strong>αὐτὸς</strong></span> <span class='ocrx_word' id='word_1_363' title='bbox 1017 3335 1230 3389; x_wconf 76' lang='grc' dir='ltr'>ἰάσεταί</span> <span class='ocrx_word' id='word_1_364' title='bbox 1291 3353 1372 3389; x_wconf 84' lang='grc' dir='ltr'><strong>σε.</strong></span> <span class='ocrx_word' id='word_1_365' title='bbox 1422 3335 1762 3406; x_wconf 67' lang='grc' dir='ltr'><strong>’Ᾱπᾶστησον</strong></span> 
     </span>
    </p>
   </div>
   <div class='ocr_carea' id='block_1_65' title="bbox 174 3424 1762 3498">
    <p class='ocr_par' dir='ltr' id='par_1_65' title="bbox 174 3424 1762 3498">
     <span class='ocr_line' id='line_1_65' title="bbox 174 3424 1762 3498; baseline 0 -18"><span class='ocrx_word' id='word_1_366' title='bbox 174 3427 592 3496; x_wconf 58' lang='grc' dir='ltr'>πλημμέλειαν,</span> <span class='ocrx_word' id='word_1_367' title='bbox 627 3428 723 3479; x_wconf 80' lang='grc' dir='ltr'>καὶ</span> <span class='ocrx_word' id='word_1_368' title='bbox 783 3424 1008 3480; x_wconf 71' lang='grc' dir='ltr'><strong>εὔθυνον</strong></span> <span class='ocrx_word' id='word_1_369' title='bbox 1059 3429 1272 3498; x_wconf 82' lang='grc' dir='ltr'>χεῖρας,</span> <span class='ocrx_word' id='word_1_370' title='bbox 1305 3431 1398 3480; x_wconf 69' lang='grc' dir='ltr'>καὶ</span> <span class='ocrx_word' id='word_1_371' title='bbox 1429 3429 1538 3480; x_wconf 68' lang='grc' dir='ltr'><strong>ἀπὸ</strong></span> <span class='ocrx_word' id='word_1_372' title='bbox 1581 3429 1762 3494; x_wconf 82' lang='grc' dir='ltr'>πάσης</span> 
     </span>
    </p>
   </div>
   <div class='ocr_carea' id='block_1_66' title="bbox 174 3519 1763 3590">
    <p class='ocr_par' dir='ltr' id='par_1_66' title="bbox 174 3519 1763 3590">
     <span class='ocr_line' id='line_1_66' title="bbox 174 3519 1763 3590; baseline -0.002 -15"><span class='ocrx_word' id='word_1_373' title='bbox 174 3520 459 3590; x_wconf 57' lang='grc' dir='ltr'>ἁμαρτίας</span> <span class='ocrx_word' id='word_1_374' title='bbox 523 3519 825 3589; x_wconf 84' lang='grc' dir='ltr'><strong>καθάρισον</strong></span> <span class='ocrx_word' id='word_1_375' title='bbox 887 3519 1134 3589; x_wconf 75' lang='grc' dir='ltr'><strong>καρδίαν.</strong></span> <span class='ocrx_word' id='word_1_376' title='bbox 1208 3521 1318 3575; x_wconf 71' lang='grc' dir='ltr'><strong>Καὶ</strong></span> <span class='ocrx_word' id='word_1_377' title='bbox 1385 3521 1763 3590; x_wconf 79' lang='grc' dir='ltr'><strong>μνημόνευσον</strong></span> 
     </span>
    </p>
   </div>
   <div class='ocr_carea' id='block_1_67' title="bbox 175 3609 1764 3682">
    <p class='ocr_par' dir='ltr' id='par_1_67' title="bbox 175 3609 1764 3682">
     <span class='ocr_line' id='line_1_67' title="bbox 175 3609 1764 3682; baseline 0.001 -20"><span class='ocrx_word' id='word_1_378' title='bbox 175 3609 536 3679; x_wconf 75' lang='grc' dir='ltr'>σεμιδάλεως,</span> <span class='ocrx_word' id='word_1_379' title='bbox 588 3613 682 3664; x_wconf 69' lang='grc' dir='ltr'>καὶ</span> <span class='ocrx_word' id='word_1_380' title='bbox 715 3609 887 3680; x_wconf 84' lang='grc' dir='ltr'>ἰατρῷ</span> <span class='ocrx_word' id='word_1_381' title='bbox 918 3609 1006 3672; x_wconf 82' lang='grc' dir='ltr'>δὸς</span> <span class='ocrx_word' id='word_1_382' title='bbox 1054 3609 1243 3675; x_wconf 85' lang='grc' dir='ltr'>τόπον,</span> <span class='ocrx_word' id='word_1_383' title='bbox 1299 3612 1396 3664; x_wconf 78' lang='grc' dir='ltr'><strong>καὶ</strong></span> <span class='ocrx_word' id='word_1_384' title='bbox 1447 3613 1559 3682; x_wconf 67' lang='grc' dir='ltr'><strong>γάρ</strong></span> <span class='ocrx_word' id='word_1_385' title='bbox 1595 3609 1764 3664; x_wconf 80' lang='grc' dir='ltr'>αὐτοῦ</span> 
     </span>
    </p>
   </div>
   <div class='ocr_carea' id='block_1_68' title="bbox 175 3683 1765 3774">
    <p class='ocr_par' dir='ltr' id='par_1_68' title="bbox 175 3683 1765 3774">
     <span class='ocr_line' id='line_1_68' title="bbox 175 3683 1765 3774; baseline 0 -19"><span class='ocrx_word' id='word_1_386' title='bbox 175 3703 362 3774; x_wconf 81' lang='grc' dir='ltr'>χρεία.</span> <span class='ocrx_word' id='word_1_387' title='bbox 391 3702 504 3756; x_wconf 73' lang='grc' dir='ltr'><strong>Καὶ</strong></span> <span class='ocrx_word' id='word_1_388' title='bbox 541 3701 618 3771; x_wconf 81' lang='grc' dir='ltr'><strong>μὴ</strong></span> <span class='ocrx_word' id='word_1_389' title='bbox 644 3683 939 3771; x_wconf 83' lang='grc' dir='ltr'><strong>ἀποστήτω</strong></span> <span class='ocrx_word' id='word_1_390' title='bbox 971 3718 1065 3755; x_wconf 90' lang='grc' dir='ltr'><strong>σου</strong></span> <span class='ocrx_word' id='word_1_391' title='bbox 1088 3718 1104 3734; x_wconf 89' lang='grc'><strong>·</strong></span> <span class='ocrx_word' id='word_1_392' title='bbox 1141 3704 1238 3756; x_wconf 76' lang='grc' dir='ltr'><strong>καὶ</strong></span> <span class='ocrx_word' id='word_1_393' title='bbox 1265 3703 1374 3772; x_wconf 83' lang='grc' dir='ltr'><strong>γάρ</strong></span> <span class='ocrx_word' id='word_1_394' title='bbox 1407 3703 1575 3757; x_wconf 74' lang='grc' dir='ltr'><strong>αὐτὸν</strong></span> <span class='ocrx_word' id='word_1_395' title='bbox 1615 3702 1765 3757; x_wconf 75' lang='grc' dir='ltr'><strong>ἔκτι-</strong></span> 
     </span>
    </p>
   </div>
   <div class='ocr_carea' id='block_1_69' title="bbox 175 3792 1766 3864">
    <p class='ocr_par' dir='ltr' id='par_1_69' title="bbox 175 3792 1766 3864">
     <span class='ocr_line' id='line_1_69' title="bbox 175 3792 1766 3864; baseline -0.003 -16"><span class='ocrx_word' id='word_1_396' title='bbox 175 3811 270 3848; x_wconf 81' lang='grc' dir='ltr'>σεν</span> <span class='ocrx_word' id='word_1_397' title='bbox 298 3796 328 3847; x_wconf 74' lang='grc' dir='ltr'><strong>ὁ</strong></span> <span class='ocrx_word' id='word_1_398' title='bbox 374 3792 595 3862; x_wconf 82' lang='grc' dir='ltr'><strong>Κύριος.</strong></span> <span class='ocrx_word' id='word_1_399' title='bbox 634 3793 791 3844; x_wconf 80' lang='grc' dir='ltr'><strong>Ἔστι</strong></span> <span class='ocrx_word' id='word_1_400' title='bbox 815 3793 1006 3863; x_wconf 78' lang='grc' dir='ltr'>καιρὸς</span> <span class='ocrx_word' id='word_1_401' title='bbox 1032 3795 1120 3846; x_wconf 80' lang='grc' dir='ltr'><strong>ὅτε</strong></span> <span class='ocrx_word' id='word_1_402' title='bbox 1166 3793 1260 3845; x_wconf 73' lang='grc' dir='ltr'><strong>καὶ</strong></span> <span class='ocrx_word' id='word_1_403' title='bbox 1288 3795 1344 3846; x_wconf 82' lang='grc' dir='ltr'>ὲν</span> <span class='ocrx_word' id='word_1_404' title='bbox 1371 3794 1562 3864; x_wconf 74' lang='grc' dir='ltr'>χερσὶν</span> <span class='ocrx_word' id='word_1_405' title='bbox 1588 3794 1766 3844; x_wconf 82' lang='grc' dir='ltr'>αὐτῶν</span> 
     </span>
    </p>
   </div>
   <div class='ocr_carea' id='block_1_70' title="bbox 174 3882 1767 3956">
    <p class='ocr_par' dir='ltr' id='par_1_70' title="bbox 174 3882 1767 3956">
     <span class='ocr_line' id='line_1_70' title="bbox 174 3882 1767 3956; baseline -0.003 -17"><span class='ocrx_word' id='word_1_406' title='bbox 174 3887 382 3940; x_wconf 76' lang='grc' dir='ltr'><strong>εὐοδὶα.</strong></span> <span class='ocrx_word' id='word_1_407' title='bbox 409 3886 522 3938; x_wconf 78' lang='grc' dir='ltr'><strong>Καὶ</strong></span> <span class='ocrx_word' id='word_1_408' title='bbox 559 3884 670 3956; x_wconf 71' lang='grc' dir='ltr'><strong>γάρ</strong></span> <span class='ocrx_word' id='word_1_409' title='bbox 718 3884 873 3936; x_wconf 67' lang='grc' dir='ltr'><strong>αὐτοὶ</strong></span> <span class='ocrx_word' id='word_1_410' title='bbox 907 3885 1116 3954; x_wconf 77' lang='grc' dir='ltr'><strong>Κυρίου</strong></span> <span class='ocrx_word' id='word_1_411' title='bbox 1155 3884 1531 3955; x_wconf 77' lang='grc' dir='ltr'>δεηθήσονται,</span> <span class='ocrx_word' id='word_1_412' title='bbox 1561 3884 1648 3936; x_wconf 80' lang='grc' dir='ltr'><strong>ἵνα</strong></span> <span class='ocrx_word' id='word_1_413' title='bbox 1691 3882 1767 3952; x_wconf 84' lang='grc' dir='ltr'><strong>δῷ</strong></span> 
     </span>
    </p>
   </div>
   <div class='ocr_carea' id='block_1_71' title="bbox 174 3973 1766 4046">
    <p class='ocr_par' dir='ltr' id='par_1_71' title="bbox 174 3973 1766 4046">
     <span class='ocr_line' id='line_1_71' title="bbox 174 3973 1766 4046; baseline -0.001 -16"><span class='ocrx_word' id='word_1_414' title='bbox 174 3977 365 4039; x_wconf 78' lang='grc' dir='ltr'><strong>αὐτοῖς</strong></span> <span class='ocrx_word' id='word_1_415' title='bbox 411 3976 718 4029; x_wconf 81' lang='grc' dir='ltr'>ἀνάπαυσιν</span> <span class='ocrx_word' id='word_1_416' title='bbox 760 3975 854 4028; x_wconf 78' lang='grc' dir='ltr'>καὶ</span> <span class='ocrx_word' id='word_1_417' title='bbox 907 3976 1053 4028; x_wconf 72' lang='grc' dir='ltr'><strong>ἴασιν</strong></span> <span class='ocrx_word' id='word_1_418' title='bbox 1104 3976 1267 4046; x_wconf 81' lang='grc' dir='ltr'>χάριν</span> <span class='ocrx_word' id='word_1_419' title='bbox 1319 3975 1660 4044; x_wconf 77' lang='grc' dir='ltr'><strong>ἐμϐιώσεως.</strong></span> <span class='ocrx_word' id='word_1_420' title='bbox 1705 3973 1766 4028; x_wconf 88' lang='lat'><strong>&#39;0</strong></span> 
     </span>
    </p>
   </div>
   <div class='ocr_carea' id='block_1_72' title="bbox 173 4067 1766 4140">
    <p class='ocr_par' dir='ltr' id='par_1_72' title="bbox 173 4067 1766 4140">
     <span class='ocr_line' id='line_1_72' title="bbox 173 4067 1766 4140; baseline -0.003 -16"><span class='ocrx_word' id='word_1_421' title='bbox 173 4069 514 4139; x_wconf 67' lang='grc' dir='ltr'>ἁμαρτάνων</span> <span class='ocrx_word' id='word_1_422' title='bbox 547 4067 726 4120; x_wconf 76' lang='grc' dir='ltr'><strong>ἔναντι</strong></span> <span class='ocrx_word' id='word_1_423' title='bbox 746 4067 841 4119; x_wconf 82' lang='grc' dir='ltr'><strong>τοῦ</strong></span> <span class='ocrx_word' id='word_1_424' title='bbox 875 4069 1200 4140; x_wconf 76' lang='grc' dir='ltr'>ποιήσαντος</span> <span class='ocrx_word' id='word_1_425' title='bbox 1248 4069 1413 4122; x_wconf 81' lang='grc' dir='ltr'><strong>αὐτὸν</strong></span> <span class='ocrx_word' id='word_1_426' title='bbox 1442 4068 1766 4137; x_wconf 79' lang='grc' dir='ltr'><strong>ἐμπεσεῖται</strong></span> 
     </span>
    </p>
   </div>
   <div class='ocr_carea' id='block_1_73' title="bbox 172 4157 716 4229">
    <p class='ocr_par' dir='ltr' id='par_1_73' title="bbox 172 4157 716 4229">
     <span class='ocr_line' id='line_1_73' title="bbox 172 4157 716 4229; baseline 0 -16"><span class='ocrx_word' id='word_1_427' title='bbox 172 4167 256 4222; x_wconf 70' lang='grc' dir='ltr'><strong>εἰς</strong></span> <span class='ocrx_word' id='word_1_428' title='bbox 282 4161 472 4229; x_wconf 75' lang='grc' dir='ltr'>χεῖρας</span> <span class='ocrx_word' id='word_1_429' title='bbox 503 4157 716 4228; x_wconf 72' lang='grc' dir='ltr'><strong>ἰατροῦ.</strong></span> 
     </span>
    </p>
   </div>
   <div class='ocr_carea' id='block_1_74' title="bbox 247 4235 1337 4322">
    <p class='ocr_par' dir='ltr' id='par_1_74' title="bbox 247 4235 1337 4322">
     <span class='ocr_line' id='line_1_74' title="bbox 247 4235 1337 4322; baseline -0.001 -19"><span class='ocrx_word' id='word_1_430' title='bbox 247 4249 426 4318; x_wconf 72' lang='grc' dir='ltr'><strong>Τιην</strong></span> <span class='ocrx_word' id='word_1_431' title='bbox 451 4251 654 4320; x_wconf 79' lang='grc' dir='ltr'>ἀρετῆς</span> <span class='ocrx_word' id='word_1_432' title='bbox 688 4249 844 4305; x_wconf 77' lang='grc' dir='ltr'>ποιοῦ</span> <span class='ocrx_word' id='word_1_433' title='bbox 878 4255 975 4322; x_wconf 81' lang='grc' dir='ltr'><strong>τὴν</strong></span> <span class='ocrx_word' id='word_1_434' title='bbox 1006 4235 1337 4302; x_wconf 72' lang='grc' dir='ltr'><strong>ἀσθένειαν.¹</strong></span> 
     </span>
    </p>
   </div>
   <div class='ocr_carea' id='block_1_75' title="bbox 251 4338 1768 4412">
    <p class='ocr_par' dir='ltr' id='par_1_75' title="bbox 251 4338 1768 4412">
     <span class='ocr_line' id='line_1_75' title="bbox 251 4338 1768 4412; baseline -0.003 -16"><span class='ocrx_word' id='word_1_435' title='bbox 251 4341 523 4406; x_wconf 84' lang='grc' dir='ltr'>Πολλάκις</span> <span class='ocrx_word' id='word_1_436' title='bbox 556 4343 650 4395; x_wconf 86' lang='grc' dir='ltr'>καὶ</span> <span class='ocrx_word' id='word_1_437' title='bbox 689 4344 953 4412; x_wconf 86' lang='grc' dir='ltr'><strong>μάστιγες</strong></span> <span class='ocrx_word' id='word_1_438' title='bbox 981 4342 1404 4411; x_wconf 76' lang='grc' dir='ltr'><strong>ἁμαρτημάτων</strong></span> <span class='ocrx_word' id='word_1_439' title='bbox 1438 4339 1548 4393; x_wconf 73' lang='grc' dir='ltr'>εἰσὶ</span> <span class='ocrx_word' id='word_1_440' title='bbox 1570 4338 1640 4394; x_wconf 74' lang='grc' dir='ltr'>τά</span> <span class='ocrx_word' id='word_1_441' title='bbox 1669 4339 1768 4410; x_wconf 66' lang='lat' dir='ltr'><strong>ap-</strong></span> 
     </span>
    </p>
   </div>
   <div class='ocr_carea' id='block_1_76' title="bbox 173 4429 1584 4503">
    <p class='ocr_par' dir='ltr' id='par_1_76' title="bbox 173 4429 1584 4503">
     <span class='ocr_line' id='line_1_76' title="bbox 173 4429 1584 4503; baseline 0 -19"><span class='ocrx_word' id='word_1_442' title='bbox 173 4433 537 4503; x_wconf 78' lang='grc' dir='ltr'><strong>ρωστήματα.</strong></span> <span class='ocrx_word' id='word_1_443' title='bbox 571 4431 667 4484; x_wconf 85' lang='lat' dir='ltr'><strong>‘Ov</strong></span> <span class='ocrx_word' id='word_1_444' title='bbox 693 4433 803 4501; x_wconf 70' lang='grc' dir='ltr'><strong>γὰρ</strong></span> <span class='ocrx_word' id='word_1_445' title='bbox 834 4433 1026 4502; x_wconf 79' lang='grc' dir='ltr'>ἀγαπᾷ</span> <span class='ocrx_word' id='word_1_446' title='bbox 1060 4432 1282 4502; x_wconf 81' lang='grc' dir='ltr'>Κύριος,</span> <span class='ocrx_word' id='word_1_447' title='bbox 1309 4429 1584 4485; x_wconf 85' lang='grc' dir='ltr'><strong>παιδεύει.</strong></span> 
     </span>
    </p>
   </div>
   <div class='ocr_carea' id='block_1_77' title="bbox 1865 3341 3447 3412">
    <p class='ocr_par' dir='ltr' id='par_1_77' title="bbox 1865 3341 3447 3412">
     <span class='ocr_line' id='line_1_77' title="bbox 1865 3341 3447 3412; baseline -0.003 -9"><span class='ocrx_word' id='word_1_448' title='bbox 1865 3346 1958 3403; x_wconf 85' lang='lat' dir='ltr'><strong>sed</strong></span> <span class='ocrx_word' id='word_1_449' title='bbox 2003 3359 2103 3400; x_wconf 87' lang='lat' dir='ltr'><strong>ora</strong></span> <span class='ocrx_word' id='word_1_450' title='bbox 2138 3342 2454 3407; x_wconf 86' lang='lat' dir='ltr'><strong>Dominum,</strong></span> <span class='ocrx_word' id='word_1_451' title='bbox 2483 3350 2538 3396; x_wconf 92' lang='lat' dir='ltr'><strong>et</strong></span> <span class='ocrx_word' id='word_1_452' title='bbox 2577 3341 2696 3412; x_wconf 89' lang='lat' dir='ltr'><strong>ipse</strong></span> <span class='ocrx_word' id='word_1_453' title='bbox 2736 3342 2955 3396; x_wconf 85' lang='lat' dir='ltr'><strong>sanabit</strong></span> <span class='ocrx_word' id='word_1_454' title='bbox 2987 3351 3060 3396; x_wconf 92' lang='lat' dir='ltr'><strong>te.</strong></span> <span class='ocrx_word' id='word_1_455' title='bbox 3101 3341 3324 3398; x_wconf 78' lang='lat' dir='ltr'><strong>Missum</strong></span> <span class='ocrx_word' id='word_1_456' title='bbox 3361 3343 3447 3398; x_wconf 79' lang='lat' dir='ltr'><strong>lac</strong></span> 
     </span>
    </p>
   </div>
   <div class='ocr_carea' id='block_1_78' title="bbox 1865 3433 3444 3512">
    <p class='ocr_par' dir='ltr' id='par_1_78' title="bbox 1865 3433 3444 3512">
     <span class='ocr_line' id='line_1_78' title="bbox 1865 3433 3444 3512; baseline -0.003 -21"><span class='ocrx_word' id='word_1_457' title='bbox 1865 3437 2147 3512; x_wconf 83' lang='lat' dir='ltr'><strong>delictum,</strong></span> <span class='ocrx_word' id='word_1_458' title='bbox 2193 3449 2500 3503; x_wconf 83' lang='lat' dir='ltr'><strong>manusque</strong></span> <span class='ocrx_word' id='word_1_459' title='bbox 2553 3443 2733 3488; x_wconf 86' lang='lat' dir='ltr'><strong>rectas</strong></span> <span class='ocrx_word' id='word_1_460' title='bbox 2781 3433 2999 3498; x_wconf 81' lang='lat' dir='ltr'><strong>exhibe,</strong></span> <span class='ocrx_word' id='word_1_461' title='bbox 3067 3441 3233 3502; x_wconf 86' lang='lat' dir='ltr'><strong>atque</strong></span> <span class='ocrx_word' id='word_1_462' title='bbox 3297 3433 3444 3487; x_wconf 90' lang='lat' dir='ltr'><strong>omni</strong></span> 
     </span>
    </p>
   </div>
   <div class='ocr_carea' id='block_1_79' title="bbox 1863 3524 3445 3600">
    <p class='ocr_par' dir='ltr' id='par_1_79' title="bbox 1863 3524 3445 3600">
     <span class='ocr_line' id='line_1_79' title="bbox 1863 3524 3445 3600; baseline -0.003 -18"><span class='ocrx_word' id='word_1_463' title='bbox 1863 3536 2090 3600; x_wconf 80' lang='lat' dir='ltr'><strong>peccato</strong></span> <span class='ocrx_word' id='word_1_464' title='bbox 2153 3539 2252 3581; x_wconf 87' lang='lat' dir='ltr'><strong>cor</strong></span> <span class='ocrx_word' id='word_1_465' title='bbox 2319 3533 2470 3579; x_wconf 90' lang='lat' dir='ltr'><strong>tuum</strong></span> <span class='ocrx_word' id='word_1_466' title='bbox 2527 3525 2796 3592; x_wconf 87' lang='lat' dir='ltr'><strong>emunda,</strong></span> <span class='ocrx_word' id='word_1_467' title='bbox 2834 3533 3018 3580; x_wconf 86' lang='lat' dir='ltr'><strong>tamen</strong></span> <span class='ocrx_word' id='word_1_468' title='bbox 3076 3524 3445 3580; x_wconf 80' lang='lat' dir='ltr'><strong>summentum</strong></span> 
     </span>
    </p>
   </div>
   <div class='ocr_carea' id='block_1_80' title="bbox 1869 3613 3449 3686">
    <p class='ocr_par' dir='ltr' id='par_1_80' title="bbox 1869 3613 3449 3686">
     <span class='ocr_line' id='line_1_80' title="bbox 1869 3613 3449 3686; baseline -0.004 -12"><span class='ocrx_word' id='word_1_469' title='bbox 1869 3619 2065 3685; x_wconf 87' lang='lat' dir='ltr'><strong>adole,</strong></span> <span class='ocrx_word' id='word_1_470' title='bbox 2122 3615 2736 3686; x_wconf 82' lang='lat' dir='ltr'><strong>commendatitiamque</strong></span> <span class='ocrx_word' id='word_1_471' title='bbox 2784 3614 3202 3686; x_wconf 76' lang='lat' dir='ltr'><strong>similaginem:</strong></span> <span class='ocrx_word' id='word_1_472' title='bbox 3253 3613 3449 3668; x_wconf 84' lang='lat' dir='ltr'><strong>deinde</strong></span> 
     </span>
    </p>
   </div>
   <div class='ocr_carea' id='block_1_81' title="bbox 1866 3706 3449 3778">
    <p class='ocr_par' dir='ltr' id='par_1_81' title="bbox 1866 3706 3449 3778">
     <span class='ocr_line' id='line_1_81' title="bbox 1866 3706 3449 3778; baseline -0.005 -12"><span class='ocrx_word' id='word_1_473' title='bbox 1866 3711 2046 3766; x_wconf 75' lang='lat' dir='ltr'><strong>locum</strong></span> <span class='ocrx_word' id='word_1_474' title='bbox 2075 3710 2171 3766; x_wconf 86' lang='lat' dir='ltr'><strong>des</strong></span> <span class='ocrx_word' id='word_1_475' title='bbox 2194 3709 2428 3776; x_wconf 89' lang='lat' dir='ltr'><strong>medico,</strong></span> <span class='ocrx_word' id='word_1_476' title='bbox 2453 3718 2512 3764; x_wconf 94' lang='lat' dir='ltr'><strong>ut</strong></span> <span class='ocrx_word' id='word_1_477' title='bbox 2538 3708 2696 3778; x_wconf 88' lang='lat' dir='ltr'><strong>cujus</strong></span> <span class='ocrx_word' id='word_1_478' title='bbox 2721 3706 2984 3762; x_wconf 88' lang='lat' dir='ltr'><strong>Dominus</strong></span> <span class='ocrx_word' id='word_1_479' title='bbox 3011 3716 3205 3760; x_wconf 82' lang='lat' dir='ltr'><strong>auctor</strong></span> <span class='ocrx_word' id='word_1_480' title='bbox 3233 3709 3324 3770; x_wconf 87' lang='lat' dir='ltr'><strong>sit,</strong></span> <span class='ocrx_word' id='word_1_481' title='bbox 3347 3719 3449 3759; x_wconf 89' lang='lat' dir='ltr'><strong>nee</strong></span> 
     </span>
    </p>
   </div>
   <div class='ocr_carea' id='block_1_82' title="bbox 1865 3797 3450 3870">
    <p class='ocr_par' dir='ltr' id='par_1_82' title="bbox 1865 3797 3450 3870">
     <span class='ocr_line' id='line_1_82' title="bbox 1865 3797 3450 3870; baseline -0.005 -12"><span class='ocrx_word' id='word_1_482' title='bbox 1865 3802 2108 3858; x_wconf 87' lang='lat' dir='ltr'><strong>discedat</strong></span> <span class='ocrx_word' id='word_1_483' title='bbox 2135 3801 2234 3857; x_wconf 88' lang='lat' dir='ltr'><strong>abs</strong></span> <span class='ocrx_word' id='word_1_484' title='bbox 2259 3811 2334 3868; x_wconf 89' lang='lat' dir='ltr'><strong>te,</strong></span> <span class='ocrx_word' id='word_1_485' title='bbox 2349 3800 2476 3870; x_wconf 87' lang='lat' dir='ltr'><strong>quia</strong></span> <span class='ocrx_word' id='word_1_486' title='bbox 2501 3801 2674 3869; x_wconf 82' lang='lat' dir='ltr'><strong>ipsius</strong></span> <span class='ocrx_word' id='word_1_487' title='bbox 2695 3797 2926 3867; x_wconf 74' lang='lat' dir='ltr'><strong>indiges.</strong></span> <span class='ocrx_word' id='word_1_488' title='bbox 2952 3798 3046 3851; x_wconf 88' lang='lat' dir='ltr'><strong>Est</strong></span> <span class='ocrx_word' id='word_1_489' title='bbox 3067 3813 3191 3852; x_wconf 86' lang='lat' dir='ltr'><strong>cum</strong></span> <span class='ocrx_word' id='word_1_490' title='bbox 3217 3797 3450 3851; x_wconf 79' lang='lat' dir='ltr'><strong>medico-</strong></span> 
     </span>
    </p>
   </div>
   <div class='ocr_carea' id='block_1_83' title="bbox 1868 3895 3450 3964">
    <p class='ocr_par' dir='ltr' id='par_1_83' title="bbox 1868 3895 3450 3964">
     <span class='ocr_line' id='line_1_83' title="bbox 1868 3895 3450 3964; baseline -0.005 -15"><span class='ocrx_word' id='word_1_491' title='bbox 1868 3910 1988 3949; x_wconf 85' lang='lat' dir='ltr'><strong>rum</strong></span> <span class='ocrx_word' id='word_1_492' title='bbox 2011 3907 2232 3964; x_wconf 90' lang='lat' dir='ltr'><strong>quoque</strong></span> <span class='ocrx_word' id='word_1_493' title='bbox 2251 3907 2448 3946; x_wconf 89' lang='lat' dir='ltr'><strong>manus</strong></span> <span class='ocrx_word' id='word_1_494' title='bbox 2471 3904 2788 3946; x_wconf 82' lang='lat' dir='ltr'><strong>successum</strong></span> <span class='ocrx_word' id='word_1_495' title='bbox 2807 3897 3237 3958; x_wconf 84' lang='lat' dir='ltr'><strong>consequantur;</strong></span> <span class='ocrx_word' id='word_1_496' title='bbox 3257 3902 3376 3941; x_wconf 86' lang='lat' dir='ltr'><strong>nam</strong></span> <span class='ocrx_word' id='word_1_497' title='bbox 3395 3895 3450 3941; x_wconf 75' lang='grc' dir='ltr'><strong>ει</strong></span> 
     </span>
    </p>
   </div>
   <div class='ocr_carea' id='block_1_84' title="bbox 1867 3979 3446 4055">
    <p class='ocr_par' dir='ltr' id='par_1_84' title="bbox 1867 3979 3446 4055">
     <span class='ocr_line' id='line_1_84' title="bbox 1867 3979 3446 4055; baseline -0.006 -14"><span class='ocrx_word' id='word_1_498' title='bbox 1867 3985 1969 4055; x_wconf 90' lang='lat' dir='ltr'><strong>ipsi</strong></span> <span class='ocrx_word' id='word_1_499' title='bbox 1995 3984 2284 4040; x_wconf 88' lang='lat' dir='ltr'><strong>Dominum</strong></span> <span class='ocrx_word' id='word_1_500' title='bbox 2309 3991 2490 4048; x_wconf 84' lang='lat' dir='ltr'><strong>orant,</strong></span> <span class='ocrx_word' id='word_1_501' title='bbox 2523 3991 2584 4036; x_wconf 91' lang='lat' dir='ltr'><strong>ut</strong></span> <span class='ocrx_word' id='word_1_502' title='bbox 2613 3981 2968 4036; x_wconf 86' lang='lat' dir='ltr'><strong>lenimentum</strong></span> <span class='ocrx_word' id='word_1_503' title='bbox 3023 3981 3286 4034; x_wconf 75' lang='lat' dir='ltr'><strong>secundet</strong></span> <span class='ocrx_word' id='word_1_504' title='bbox 3317 3979 3446 4044; x_wconf 79' lang='lat' dir='ltr'><strong>sibi,</strong></span> 
     </span>
    </p>
   </div>
   <div class='ocr_carea' id='block_1_85' title="bbox 1870 4074 3447 4146">
    <p class='ocr_par' dir='ltr' id='par_1_85' title="bbox 1870 4074 3447 4146">
     <span class='ocr_line' id='line_1_85' title="bbox 1870 4074 3447 4146; baseline 0 -16"><span class='ocrx_word' id='word_1_505' title='bbox 1870 4077 2106 4146; x_wconf 74' lang='lat' dir='ltr'><strong>vitaeque</strong></span> <span class='ocrx_word' id='word_1_506' title='bbox 2150 4091 2317 4131; x_wconf 85' lang='lat' dir='ltr'><strong>causa</strong></span> <span class='ocrx_word' id='word_1_507' title='bbox 2350 4075 2712 4130; x_wconf 83' lang='lat' dir='ltr'><strong>curationem.</strong></span> <span class='ocrx_word' id='word_1_508' title='bbox 2739 4074 2842 4141; x_wconf 89' lang='lat' dir='ltr'><strong>Qui</strong></span> <span class='ocrx_word' id='word_1_509' title='bbox 2875 4077 2928 4129; x_wconf 92' lang='lat' dir='ltr'><strong>in</strong></span> <span class='ocrx_word' id='word_1_510' title='bbox 2959 4085 3258 4130; x_wconf 86' lang='lat' dir='ltr'><strong>creatorem</strong></span> <span class='ocrx_word' id='word_1_511' title='bbox 3287 4089 3447 4130; x_wconf 84' lang='lat' dir='ltr'><strong>suum</strong></span> 
     </span>
    </p>
   </div>
   <div class='ocr_carea' id='block_1_86' title="bbox 1869 4165 3207 4241">
    <p class='ocr_par' dir='ltr' id='par_1_86' title="bbox 1869 4165 3207 4241">
     <span class='ocr_line' id='line_1_86' title="bbox 1869 4165 3207 4241; baseline -0.001 -18"><span class='ocrx_word' id='word_1_512' title='bbox 1869 4167 2200 4241; x_wconf 85' lang='lat' dir='ltr'><strong>peccaverit,</strong></span> <span class='ocrx_word' id='word_1_513' title='bbox 2226 4167 2281 4220; x_wconf 93' lang='lat' dir='ltr'><strong>in</strong></span> <span class='ocrx_word' id='word_1_514' title='bbox 2314 4182 2510 4221; x_wconf 89' lang='lat' dir='ltr'><strong>manus</strong></span> <span class='ocrx_word' id='word_1_515' title='bbox 2541 4167 2733 4220; x_wconf 87' lang='lat' dir='ltr'><strong>medici</strong></span> <span class='ocrx_word' id='word_1_516' title='bbox 2771 4165 2909 4222; x_wconf 81' lang='lat' dir='ltr'><strong>solet</strong></span> <span class='ocrx_word' id='word_1_517' title='bbox 2940 4167 3207 4222; x_wconf 81' lang='lat' dir='ltr'><strong>incidere.</strong></span> 
     </span>
    </p>
   </div>
   <div class='ocr_carea' id='block_1_87' title="bbox 1937 4258 3449 4318">
    <p class='ocr_par' dir='ltr' id='par_1_87' title="bbox 1937 4258 3449 4318">
     <span class='ocr_line' id='line_1_87' title="bbox 1937 4258 3449 4318; baseline -0.001 -2"><span class='ocrx_word' id='word_1_518' title='bbox 1937 4259 1994 4316; x_wconf 85' lang='lat' dir='ltr'><strong>S.</strong></span> <span class='ocrx_word' id='word_1_519' title='bbox 2037 4258 2255 4318; x_wconf 78' lang='lat' dir='ltr'><strong>Basilii.</strong></span> <span class='ocrx_word' id='word_1_520' title='bbox 2287 4259 2667 4314; x_wconf 77' lang='lat' dir='ltr'><strong>Inﬁrmitatem</strong></span> <span class='ocrx_word' id='word_1_521' title='bbox 2702 4259 2871 4314; x_wconf 74' lang='lat' dir='ltr'><strong>facito</strong></span> <span class='ocrx_word' id='word_1_522' title='bbox 2897 4259 3111 4316; x_wconf 89' lang='lat' dir='ltr'><strong>virtutis</strong></span> <span class='ocrx_word' id='word_1_523' title='bbox 3142 4260 3449 4314; x_wconf 88' lang='lat' dir='ltr'><strong>materiam.</strong></span> 
     </span>
    </p>
   </div>
   <div class='ocr_carea' id='block_1_88' title="bbox 1936 4349 3452 4423">
    <p class='ocr_par' dir='ltr' id='par_1_88' title="bbox 1936 4349 3452 4423">
     <span class='ocr_line' id='line_1_88' title="bbox 1936 4349 3452 4423; baseline 0.001 -19"><span class='ocrx_word' id='word_1_524' title='bbox 1936 4350 2114 4406; x_wconf 84' lang='lat' dir='ltr'><strong>Morbi</strong></span> <span class='ocrx_word' id='word_1_525' title='bbox 2145 4366 2290 4419; x_wconf 57' lang='lat' dir='ltr'><strong>saepe</strong></span> <span class='ocrx_word' id='word_1_526' title='bbox 2335 4349 2547 4423; x_wconf 74' lang='lat' dir='ltr'><strong>ﬂagella</strong></span> <span class='ocrx_word' id='word_1_527' title='bbox 2591 4361 2723 4406; x_wconf 84' lang='lat' dir='ltr'><strong>sunt</strong></span> <span class='ocrx_word' id='word_1_528' title='bbox 2758 4360 3136 4422; x_wconf 87' lang='lat' dir='ltr'><strong>peccatorum.</strong></span> <span class='ocrx_word' id='word_1_529' title='bbox 3184 4350 3452 4406; x_wconf 87' lang='lat' dir='ltr'><strong>Dominus</strong></span> 
     </span>
    </p>
   </div>
   <div class='ocr_carea' id='block_1_89' title="bbox 1751 4443 2707 4514">
    <p class='ocr_par' dir='ltr' id='par_1_89' title="bbox 1751 4443 2707 4514">
     <span class='ocr_line' id='line_1_89' title="bbox 1751 4443 2707 4514; baseline 0 -15"><span class='ocrx_word' id='word_1_530' title='bbox 1751 4469 1754 4472; x_wconf 56' lang='grc' dir='ltr'><strong><em>η</em></strong></span> <span class='ocrx_word' id='word_1_531' title='bbox 1866 4444 2014 4499; x_wconf 88' lang='lat' dir='ltr'><strong>enim</strong></span> <span class='ocrx_word' id='word_1_532' title='bbox 2045 4444 2460 4514; x_wconf 72' lang='lat' dir='ltr'><strong>castigatquem</strong></span> <span class='ocrx_word' id='word_1_533' title='bbox 2505 4443 2707 4514; x_wconf 76' lang='lat' dir='ltr'><strong>diligit.</strong></span> 
     </span>
    </p>
   </div>
   <div class='ocr_carea' id='block_1_90' title="bbox 255 4521 1789 4619">
    <p class='ocr_par' dir='ltr' id='par_1_90' title="bbox 255 4521 1764 4594">
     <span class='ocr_line' id='line_1_90' title="bbox 255 4521 1764 4594; baseline 0 -20"><span class='ocrx_word' id='word_1_534' title='bbox 255 4522 539 4592; x_wconf 83' lang='grc' dir='ltr'>Ἔπρεπεν</span> <span class='ocrx_word' id='word_1_535' title='bbox 573 4523 704 4592; x_wconf 79' lang='grc' dir='ltr'><strong>ἡμῖν</strong></span> <span class='ocrx_word' id='word_1_536' title='bbox 758 4522 832 4594; x_wconf 77' lang='grc' dir='ltr'><strong>μὴ</strong></span> <span class='ocrx_word' id='word_1_537' title='bbox 861 4521 1284 4592; x_wconf 75' lang='grc' dir='ltr'>μακαρίζεσθαι,</span> <span class='ocrx_word' id='word_1_538' title='bbox 1338 4523 1473 4593; x_wconf 74' lang='grc' dir='ltr'><strong>μηδὲ</strong></span> <span class='ocrx_word' id='word_1_539' title='bbox 1509 4523 1764 4592; x_wconf 85' lang='grc' dir='ltr'>κάμπτε-</span> 
     </span>
    </p>
   </div>
   <div class='ocr_carea' id='block_1_91' title="bbox 1896 4521 3450 4619">
    <p class='ocr_par' dir='ltr' id='par_1_91' title="bbox 1948 4534 3450 4605">
     <span class='ocr_line' id='line_1_91' title="bbox 1948 4534 3450 4605; baseline -0.003 -13"><span class='ocrx_word' id='word_1_540' title='bbox 1948 4536 2224 4605; x_wconf 81' lang='lat' dir='ltr'><strong>Theologi.</strong></span> <span class='ocrx_word' id='word_1_541' title='bbox 2288 4535 2524 4591; x_wconf 87' lang='lat' dir='ltr'><strong>Decebat</strong></span> <span class='ocrx_word' id='word_1_542' title='bbox 2567 4550 2668 4590; x_wconf 88' lang='lat' dir='ltr'><strong>nos</strong></span> <span class='ocrx_word' id='word_1_543' title='bbox 2714 4549 2816 4590; x_wconf 90' lang='lat' dir='ltr'><strong>nec</strong></span> <span class='ocrx_word' id='word_1_544' title='bbox 2864 4534 3214 4604; x_wconf 87' lang='lat' dir='ltr'><strong>applaudere,</strong></span> <span class='ocrx_word' id='word_1_545' title='bbox 3274 4548 3450 4603; x_wconf 81' lang='lat' dir='ltr'><strong>neque</strong></span> 
     </span>
    </p>
   </div>
   <div class='ocr_carea' id='block_1_92' title="bbox 177 4612 1762 4683">
    <p class='ocr_par' dir='ltr' id='par_1_92' title="bbox 177 4612 1762 4683">
     <span class='ocr_line' id='line_1_92' title="bbox 177 4612 1762 4683; baseline -0.002 -16"><span class='ocrx_word' id='word_1_546' title='bbox 177 4613 303 4667; x_wconf 63' lang='grc' dir='ltr'>σθαι</span> <span class='ocrx_word' id='word_1_547' title='bbox 340 4613 477 4682; x_wconf 82' lang='grc' dir='ltr'>πρὸς</span> <span class='ocrx_word' id='word_1_548' title='bbox 505 4615 572 4665; x_wconf 72' lang='grc' dir='ltr'><strong>τὰ</strong></span> <span class='ocrx_word' id='word_1_549' title='bbox 620 4613 789 4682; x_wconf 85' lang='grc' dir='ltr'>πάθη,</span> <span class='ocrx_word' id='word_1_550' title='bbox 848 4613 985 4665; x_wconf 78' lang='grc' dir='ltr'>ἀλλὰ</span> <span class='ocrx_word' id='word_1_551' title='bbox 1036 4615 1388 4682; x_wconf 70' lang='grc' dir='ltr'>περιφρονεῖν</span> <span class='ocrx_word' id='word_1_552' title='bbox 1448 4612 1762 4683; x_wconf 64' lang='grc' dir='ltr'><strong>τὸνῖπηλόν·</strong></span> 
     </span>
    </p>
   </div>
   <div class='ocr_carea' id='block_1_93' title="bbox 175 4705 1761 4775">
    <p class='ocr_par' dir='ltr' id='par_1_93' title="bbox 175 4705 1761 4775">
     <span class='ocr_line' id='line_1_93' title="bbox 175 4705 1761 4775; baseline -0.002 -16"><span class='ocrx_word' id='word_1_553' title='bbox 175 4709 273 4759; x_wconf 85' lang='grc' dir='ltr'>κα).</span> <span class='ocrx_word' id='word_1_554' title='bbox 300 4705 362 4758; x_wconf 82' lang='grc' dir='ltr'><strong>τὸ</strong></span> <span class='ocrx_word' id='word_1_555' title='bbox 385 4705 484 4774; x_wconf 82' lang='grc' dir='ltr'><strong>μὲν</strong></span> <span class='ocrx_word' id='word_1_556' title='bbox 511 4705 672 4775; x_wconf 81' lang='grc' dir='ltr'>σῶμα</span> <span class='ocrx_word' id='word_1_557' title='bbox 700 4707 796 4774; x_wconf 60' lang='lat' dir='ltr'><strong>sev</strong></span> <span class='ocrx_word' id='word_1_558' title='bbox 833 4705 1067 4775; x_wconf 79' lang='grc' dir='ltr'>πάσχειν</span> <span class='ocrx_word' id='word_1_559' title='bbox 1099 4706 1160 4757; x_wconf 80' lang='grc' dir='ltr'><strong>τὸ</strong></span> <span class='ocrx_word' id='word_1_560' title='bbox 1187 4706 1408 4769; x_wconf 76' lang='grc' dir='ltr'><strong>ἑαυτοῦ,</strong></span> <span class='ocrx_word' id='word_1_561' title='bbox 1459 4709 1680 4770; x_wconf 83' lang='grc' dir='ltr'>πάντως</span> <span class='ocrx_word' id='word_1_562' title='bbox 1729 4706 1761 4775; x_wconf 80' lang='grc' dir='ltr'><strong>ἢ</strong></span> 
     </span>
    </p>
   </div>
   <div class='ocr_carea' id='block_1_94' title="bbox 174 4795 1766 4867">
    <p class='ocr_par' dir='ltr' id='par_1_94' title="bbox 174 4795 1766 4867">
     <span class='ocr_line' id='line_1_94' title="bbox 174 4795 1766 4867; baseline 0.001 -19"><span class='ocrx_word' id='word_1_563' title='bbox 174 4796 414 4864; x_wconf 81' lang='grc' dir='ltr'>ὕστερον</span> <span class='ocrx_word' id='word_1_564' title='bbox 435 4795 470 4864; x_wconf 83' lang='grc' dir='ltr'>ἦ</span> <span class='ocrx_word' id='word_1_565' title='bbox 505 4795 600 4848; x_wconf 79' lang='grc' dir='ltr'>νῦν</span> <span class='ocrx_word' id='word_1_566' title='bbox 629 4795 1000 4866; x_wconf 78' lang='grc' dir='ltr'><strong>λυθησόμενον</strong></span> <span class='ocrx_word' id='word_1_567' title='bbox 1024 4797 1175 4867; x_wconf 82' lang='grc' dir='ltr'><strong>νόμῳ</strong></span> <span class='ocrx_word' id='word_1_568' title='bbox 1214 4798 1431 4864; x_wconf 75' lang='grc' dir='ltr'>φύσεως</span> <span class='ocrx_word' id='word_1_569' title='bbox 1459 4797 1766 4866; x_wconf 80' lang='grc' dir='ltr'>(οἰχήσεται</span> 
     </span>
    </p>
   </div>
   <div class='ocr_carea' id='block_1_95' title="bbox 171 4887 1766 4960">
    <p class='ocr_par' dir='ltr' id='par_1_95' title="bbox 171 4887 1766 4960">
     <span class='ocr_line' id='line_1_95' title="bbox 171 4887 1766 4960; baseline 0.001 -20"><span class='ocrx_word' id='word_1_570' title='bbox 171 4887 350 4957; x_wconf 72' lang='grc' dir='ltr'><strong>γὰρῆ</strong></span> <span class='ocrx_word' id='word_1_571' title='bbox 381 4888 521 4957; x_wconf 67' lang='grc' dir='ltr'>νάσῳ</span> <span class='ocrx_word' id='word_1_572' title='bbox 568 4889 800 4958; x_wconf 86' lang='grc' dir='ltr'>κάμνον,</span> <span class='ocrx_word' id='word_1_573' title='bbox 835 4891 866 4960; x_wconf 80' lang='grc' dir='ltr'>ἦ</span> <span class='ocrx_word' id='word_1_574' title='bbox 912 4890 1135 4960; x_wconf 67' lang='grc' dir='ltr'>χρόνῳ),</span> <span class='ocrx_word' id='word_1_575' title='bbox 1173 4891 1321 4959; x_wconf 81' lang='grc' dir='ltr'><strong>ἡμᾶς</strong></span> <span class='ocrx_word' id='word_1_576' title='bbox 1375 4889 1432 4939; x_wconf 82' lang='grc' dir='ltr'>δὲ</span> <span class='ocrx_word' id='word_1_577' title='bbox 1487 4887 1623 4956; x_wconf 68' lang='grc' dir='ltr'>ὑψοῦ</span> <span class='ocrx_word' id='word_1_578' title='bbox 1667 4889 1766 4957; x_wconf 84' lang='grc' dir='ltr'><strong>τὴν</strong></span> 
     </span>
    </p>
   </div>
   <div class='ocr_carea' id='block_1_96' title="bbox 172 4978 1771 5051">
    <p class='ocr_par' dir='ltr' id='par_1_96' title="bbox 172 4978 1771 5051">
     <span class='ocr_line' id='line_1_96' title="bbox 172 4978 1771 5051; baseline 0 -20"><span class='ocrx_word' id='word_1_579' title='bbox 172 4978 362 5049; x_wconf 74' lang='grc' dir='ltr'><strong>ψυχὴν</strong></span> <span class='ocrx_word' id='word_1_580' title='bbox 392 4979 558 5049; x_wconf 80' lang='grc' dir='ltr'>ἔχειν,</span> <span class='ocrx_word' id='word_1_581' title='bbox 595 4984 688 5032; x_wconf 71' lang='grc' dir='ltr'>καὶ</span> <span class='ocrx_word' id='word_1_582' title='bbox 737 4983 878 5051; x_wconf 77' lang='grc' dir='ltr'><strong>μετὰ</strong></span> <span class='ocrx_word' id='word_1_583' title='bbox 924 4980 1019 5034; x_wconf 77' lang='grc' dir='ltr'><strong>τοῦ</strong></span> <span class='ocrx_word' id='word_1_584' title='bbox 1050 4982 1186 5034; x_wconf 83' lang='grc' dir='ltr'><strong>Θεοῦ</strong></span> <span class='ocrx_word' id='word_1_585' title='bbox 1216 4980 1513 5036; x_wconf 84' lang='grc' dir='ltr'><strong>τάττεσθαι</strong></span> <span class='ocrx_word' id='word_1_586' title='bbox 1539 4984 1651 5043; x_wconf 82' lang='grc' dir='ltr'>τοῖς</span> <span class='ocrx_word' id='word_1_587' title='bbox 1683 4981 1771 5032; x_wconf 68' lang='grc' dir='ltr'>λοι</span> 
     </span>
    </p>
   </div>
   <div class='ocr_carea' id='block_1_97' title="bbox 173 5062 1168 5141">
    <p class='ocr_par' dir='ltr' id='par_1_97' title="bbox 173 5062 1168 5141">
     <span class='ocr_line' id='line_1_97' title="bbox 173 5062 1168 5141; baseline 0.002 -18"><span class='ocrx_word' id='word_1_588' title='bbox 173 5089 276 5141; x_wconf 87' lang='grc' dir='ltr'>γισ</span> <span class='ocrx_word' id='word_1_589' title='bbox 284 5073 436 5140; x_wconf 81' lang='grc' dir='ltr'><strong>μοῖς.</strong></span> <span class='ocrx_word' id='word_1_590' title='bbox 1161 5062 1168 5066; x_wconf 53' lang='grc'><em>’</em></span> 
     </span>
    </p>
   </div>
   <div class='ocr_carea' id='block_1_98' title="bbox 251 5165 1768 5238">
    <p class='ocr_par' dir='ltr' id='par_1_98' title="bbox 251 5165 1768 5238">
     <span class='ocr_line' id='line_1_98' title="bbox 251 5165 1768 5238; baseline 0.001 -21"><span class='ocrx_word' id='word_1_591' title='bbox 251 5165 382 5218; x_wconf 78' lang='grc' dir='ltr'>Ἐάν</span> <span class='ocrx_word' id='word_1_592' title='bbox 409 5165 578 5234; x_wconf 79' lang='grc' dir='ltr'><strong>μηδὲν</strong></span> <span class='ocrx_word' id='word_1_593' title='bbox 610 5166 738 5238; x_wconf 75' lang='grc' dir='ltr'><strong>ἔχῃς</strong></span> <span class='ocrx_word' id='word_1_594' title='bbox 781 5167 1027 5235; x_wconf 76' lang='grc' dir='ltr'><strong>ἐνεγκεῖν</strong></span> <span class='ocrx_word' id='word_1_595' title='bbox 1065 5165 1143 5238; x_wconf 82' lang='grc' dir='ltr'><strong>τῷ</strong></span> <span class='ocrx_word' id='word_1_596' title='bbox 1192 5165 1513 5221; x_wconf 81' lang='grc' dir='ltr'>ἀσθενοῦντι</span> <span class='ocrx_word' id='word_1_597' title='bbox 1538 5165 1627 5218; x_wconf 85' lang='grc' dir='ltr'><strong>διά</strong></span> <span class='ocrx_word' id='word_1_598' title='bbox 1667 5165 1768 5235; x_wconf 81' lang='grc' dir='ltr'><strong>τὴν</strong></span> 
     </span>
    </p>
   </div>
   <div class='ocr_carea' id='block_1_99' title="bbox 173 5257 1770 5330">
    <p class='ocr_par' dir='ltr' id='par_1_99' title="bbox 173 5257 1770 5330">
     <span class='ocr_line' id='line_1_99' title="bbox 173 5257 1770 5330; baseline 0.001 -20"><span class='ocrx_word' id='word_1_599' title='bbox 173 5257 401 5325; x_wconf 77' lang='grc' dir='ltr'>πενίαν,</span> <span class='ocrx_word' id='word_1_600' title='bbox 432 5258 629 5310; x_wconf 84' lang='grc' dir='ltr'>σαυτὸν</span> <span class='ocrx_word' id='word_1_601' title='bbox 657 5260 940 5328; x_wconf 79' lang='grc' dir='ltr'>εἰσάγαγε,</span> <span class='ocrx_word' id='word_1_602' title='bbox 973 5259 1070 5311; x_wconf 71' lang='grc' dir='ltr'><strong>καὶ</strong></span> <span class='ocrx_word' id='word_1_603' title='bbox 1098 5259 1195 5330; x_wconf 76' lang='grc' dir='ltr'><strong>τὴν</strong></span> <span class='ocrx_word' id='word_1_604' title='bbox 1227 5259 1334 5312; x_wconf 83' lang='grc' dir='ltr'><strong>ἀπὸ</strong></span> <span class='ocrx_word' id='word_1_605' title='bbox 1357 5259 1469 5312; x_wconf 87' lang='grc' dir='ltr'><strong>τῶν</strong></span> <span class='ocrx_word' id='word_1_606' title='bbox 1504 5257 1770 5330; x_wconf 77' lang='grc' dir='ltr'><strong>ῥημάτων</strong></span> 
     </span>
    </p>
   </div>
   <div class='ocr_carea' id='block_1_100' title="bbox 174 5349 1771 5421">
    <p class='ocr_par' dir='ltr' id='par_1_100' title="bbox 174 5349 1771 5421">
     <span class='ocr_line' id='line_1_100' title="bbox 174 5349 1771 5421; baseline -0.001 -18"><span class='ocrx_word' id='word_1_607' title='bbox 174 5350 368 5403; x_wconf 74' lang='grc' dir='ltr'><strong>αὐτῶν</strong></span> <span class='ocrx_word' id='word_1_608' title='bbox 421 5349 782 5420; x_wconf 83' lang='grc' dir='ltr'>παραμυθίαν</span> <span class='ocrx_word' id='word_1_609' title='bbox 839 5352 1216 5421; x_wconf 74' lang='grc' dir='ltr'>προσένεγκε·</span> <span class='ocrx_word' id='word_1_610' title='bbox 1283 5349 1456 5414; x_wconf 74' lang='grc' dir='ltr'><strong>οὕτως</strong></span> <span class='ocrx_word' id='word_1_611' title='bbox 1507 5352 1616 5419; x_wconf 80' lang='grc' dir='ltr'><strong>γάρ</strong></span> <span class='ocrx_word' id='word_1_612' title='bbox 1676 5350 1771 5403; x_wconf 77' lang='grc' dir='ltr'>καὶ</span> 
     </span>
    </p>
   </div>
   <div class='ocr_carea' id='block_1_101' title="bbox 172 5441 1771 5516">
    <p class='ocr_par' dir='ltr' id='par_1_101' title="bbox 172 5441 1771 5516">
     <span class='ocr_line' id='line_1_101' title="bbox 172 5441 1771 5516; baseline 0.001 -21"><span class='ocrx_word' id='word_1_613' title='bbox 172 5441 306 5495; x_wconf 78' lang='grc' dir='ltr'><strong>κατ’</strong></span> <span class='ocrx_word' id='word_1_614' title='bbox 325 5441 540 5512; x_wconf 71' lang='grc' dir='ltr'>εκείνην</span> <span class='ocrx_word' id='word_1_615' title='bbox 560 5441 768 5514; x_wconf 77' lang='grc' dir='ltr'>ἀκούσῃ</span> <span class='ocrx_word' id='word_1_616' title='bbox 791 5443 889 5514; x_wconf 80' lang='grc' dir='ltr'><strong>τὴν</strong></span> <span class='ocrx_word' id='word_1_617' title='bbox 907 5443 1142 5514; x_wconf 77' lang='grc' dir='ltr'>ἡμέραν,</span> <span class='ocrx_word' id='word_1_618' title='bbox 1170 5444 1452 5515; x_wconf 74' lang='grc' dir='ltr'><strong>«Ἀσθενὴς</strong></span> <span class='ocrx_word' id='word_1_619' title='bbox 1478 5446 1649 5516; x_wconf 72' lang='grc' dir='ltr'>ήμην,</span> <span class='ocrx_word' id='word_1_620' title='bbox 1675 5445 1771 5497; x_wconf 71' lang='grc' dir='ltr'><strong>καὶ</strong></span> 
     </span>
    </p>
   </div>
   <div class='ocr_carea' id='block_1_102' title="bbox 176 5531 744 5602">
    <p class='ocr_par' dir='ltr' id='par_1_102' title="bbox 176 5531 744 5602">
     <span class='ocr_line' id='line_1_102' title="bbox 176 5531 744 5602; baseline 0 -17"><span class='ocrx_word' id='word_1_621' title='bbox 176 5531 567 5602; x_wconf 76' lang='grc' dir='ltr'>ἐπεσκέψασθέ</span> <span class='ocrx_word' id='word_1_622' title='bbox 605 5550 694 5602; x_wconf 81' lang='grc' dir='ltr'><strong>με.</strong></span> <span class='ocrx_word' id='word_1_623' title='bbox 723 5550 744 5585; x_wconf 78' lang='grc' dir='ltr'>ι</span> 
     </span>
    </p>
   </div>
   <div class='ocr_carea' id='block_1_103' title="bbox 263 5624 1772 5700">
    <p class='ocr_par' dir='ltr' id='par_1_103' title="bbox 263 5624 1772 5700">
     <span class='ocr_line' id='line_1_103' title="bbox 263 5624 1772 5700; baseline 0.002 -21"><span class='ocrx_word' id='word_1_624' title='bbox 263 5624 534 5688; x_wconf 81' lang='grc' dir='ltr'>Πολλάκις</span> <span class='ocrx_word' id='word_1_625' title='bbox 572 5628 666 5680; x_wconf 75' lang='grc' dir='ltr'>καὶ</span> <span class='ocrx_word' id='word_1_626' title='bbox 691 5627 851 5696; x_wconf 80' lang='grc' dir='ltr'>φύσις</span> <span class='ocrx_word' id='word_1_627' title='bbox 885 5627 1063 5699; x_wconf 83' lang='grc' dir='ltr'>άὲρων</span> <span class='ocrx_word' id='word_1_628' title='bbox 1093 5628 1297 5700; x_wconf 72' lang='grc' dir='ltr'>ἤρκεσε</span> <span class='ocrx_word' id='word_1_629' title='bbox 1341 5629 1478 5698; x_wconf 79' lang='grc' dir='ltr'>μόνη</span> <span class='ocrx_word' id='word_1_630' title='bbox 1508 5629 1648 5700; x_wconf 79' lang='grc' dir='ltr'>πρὸς</span> <span class='ocrx_word' id='word_1_631' title='bbox 1673 5628 1772 5700; x_wconf 83' lang='grc' dir='ltr'><strong>τὴν</strong></span> 
     </span>
    </p>
   </div>
   <div class='ocr_carea' id='block_1_104' title="bbox 174 5715 1773 5791">
    <p class='ocr_par' dir='ltr' id='par_1_104' title="bbox 174 5715 1773 5791">
     <span class='ocr_line' id='line_1_104' title="bbox 174 5715 1773 5791; baseline 0.003 -22"><span class='ocrx_word' id='word_1_632' title='bbox 174 5715 281 5769; x_wconf 74' lang='grc' dir='ltr'><strong>τοῦ</strong></span> <span class='ocrx_word' id='word_1_633' title='bbox 307 5718 609 5788; x_wconf 75' lang='grc' dir='ltr'>κάμνοντος</span> <span class='ocrx_word' id='word_1_634' title='bbox 637 5719 828 5786; x_wconf 79' lang='grc' dir='ltr'>ὑγείαν</span> <span class='ocrx_word' id='word_1_635' title='bbox 847 5735 862 5749; x_wconf 80' lang='grc'><strong>’</strong></span> <span class='ocrx_word' id='word_1_636' title='bbox 881 5719 998 5773; x_wconf 77' lang='grc' dir='ltr'><strong>ἐστι</strong></span> <span class='ocrx_word' id='word_1_637' title='bbox 1027 5720 1084 5772; x_wconf 75' lang='grc' dir='ltr'>δὲ</span> <span class='ocrx_word' id='word_1_638' title='bbox 1104 5721 1238 5773; x_wconf 86' lang='grc' dir='ltr'><strong>ὃπου</strong></span> <span class='ocrx_word' id='word_1_639' title='bbox 1259 5720 1354 5773; x_wconf 79' lang='grc' dir='ltr'>καὶ</span> <span class='ocrx_word' id='word_1_640' title='bbox 1379 5718 1569 5788; x_wconf 44' lang='grc' dir='ltr'>ὕπνος,</span> <span class='ocrx_word' id='word_1_641' title='bbox 1597 5737 1773 5791; x_wconf 81' lang='grc' dir='ltr'>προσ-</span> 
     </span>
    </p>
   </div>
   <div class='ocr_carea' id='block_1_105' title="bbox 178 5809 1771 5882">
    <p class='ocr_par' dir='ltr' id='par_1_105' title="bbox 178 5809 1771 5882">
     <span class='ocr_line' id='line_1_105' title="bbox 178 5809 1771 5882; baseline 0.003 -21"><span class='ocrx_word' id='word_1_642' title='bbox 178 5809 376 5862; x_wconf 79' lang='grc' dir='ltr'>πεσὼν</span> <span class='ocrx_word' id='word_1_643' title='bbox 419 5812 554 5881; x_wconf 65' lang='grc' dir='ltr'>πρδς</span> <span class='ocrx_word' id='word_1_644' title='bbox 605 5813 837 5882; x_wconf 72' lang='grc' dir='ltr'>καιρὸν,</span> <span class='ocrx_word' id='word_1_645' title='bbox 888 5812 1092 5877; x_wconf 75' lang='grc' dir='ltr'>παντὸς</span> <span class='ocrx_word' id='word_1_646' title='bbox 1152 5811 1434 5882; x_wconf 80' lang='grc' dir='ltr'>ἀπήλλαξε</span> <span class='ocrx_word' id='word_1_647' title='bbox 1489 5813 1653 5866; x_wconf 72' lang='grc' dir='ltr'><strong>πόνου</strong></span> <span class='ocrx_word' id='word_1_648' title='bbox 1683 5813 1771 5867; x_wconf 74' lang='grc' dir='ltr'><strong>τὸν</strong></span> 
     </span>
    </p>
   </div>
   <div class='ocr_carea' id='block_1_106' title="bbox 187 5902 396 5973">
    <p class='ocr_par' dir='ltr' id='par_1_106' title="bbox 187 5902 396 5973">
     <span class='ocr_line' id='line_1_106' title="bbox 187 5902 396 5973; baseline 0.005 -17"><span class='ocrx_word' id='word_1_649' title='bbox 187 5902 396 5973; x_wconf 74' lang='grc' dir='ltr'>ἰατρόν.</span> 
     </span>
    </p>
   </div>
   <div class='ocr_carea' id='block_1_107' title="bbox 1868 4627 3447 4699">
    <p class='ocr_par' dir='ltr' id='par_1_107' title="bbox 1868 4627 3447 4699">
     <span class='ocr_line' id='line_1_107' title="bbox 1868 4627 3447 4699; baseline -0.004 -14"><span class='ocrx_word' id='word_1_650' title='bbox 1868 4629 2008 4686; x_wconf 81' lang='lat' dir='ltr'><strong>ﬂecti</strong></span> <span class='ocrx_word' id='word_1_651' title='bbox 2034 4629 2406 4699; x_wconf 86' lang='lat' dir='ltr'><strong>passionibus,</strong></span> <span class='ocrx_word' id='word_1_652' title='bbox 2441 4630 2533 4682; x_wconf 87' lang='lat' dir='ltr'><strong>sed</strong></span> <span class='ocrx_word' id='word_1_653' title='bbox 2557 4635 2913 4682; x_wconf 89' lang='lat' dir='ltr'><strong>contemnere</strong></span> <span class='ocrx_word' id='word_1_654' title='bbox 2933 4627 3104 4678; x_wconf 88' lang='lat' dir='ltr'><strong>lutum</strong></span> <span class='ocrx_word' id='word_1_655' title='bbox 3128 4641 3142 4677; x_wconf 91' lang='lat'><strong>:</strong></span> <span class='ocrx_word' id='word_1_656' title='bbox 3164 4633 3217 4678; x_wconf 91' lang='lat' dir='ltr'><strong>et</strong></span> <span class='ocrx_word' id='word_1_657' title='bbox 3247 4638 3447 4692; x_wconf 88' lang='lat' dir='ltr'><strong>corpus</strong></span> 
     </span>
    </p>
   </div>
   <div class='ocr_carea' id='block_1_108' title="bbox 1869 4717 3447 4794">
    <p class='ocr_par' dir='ltr' id='par_1_108' title="bbox 1869 4717 3447 4794">
     <span class='ocr_line' id='line_1_108' title="bbox 1869 4717 3447 4794; baseline -0.003 -21"><span class='ocrx_word' id='word_1_658' title='bbox 1869 4723 2087 4794; x_wconf 87' lang='lat' dir='ltr'><strong>quidem</strong></span> <span class='ocrx_word' id='word_1_659' title='bbox 2111 4731 2356 4777; x_wconf 86' lang='lat' dir='ltr'><strong>nostrum</strong></span> <span class='ocrx_word' id='word_1_660' title='bbox 2379 4720 2490 4790; x_wconf 88' lang='lat' dir='ltr'><strong>pati</strong></span> <span class='ocrx_word' id='word_1_661' title='bbox 2518 4720 2671 4788; x_wconf 76' lang='lat'><strong>101</strong></span> <span class='ocrx_word' id='word_1_662' title='bbox 2688 4721 2886 4778; x_wconf 87' lang='lat' dir='ltr'><strong>sinere,</strong></span> <span class='ocrx_word' id='word_1_663' title='bbox 2910 4726 3094 4786; x_wconf 88' lang='lat' dir='ltr'><strong>utpote</strong></span> <span class='ocrx_word' id='word_1_664' title='bbox 3113 4717 3447 4779; x_wconf 86' lang='lat' dir='ltr'><strong>necessario,</strong></span> 
     </span>
    </p>
   </div>
   <div class='ocr_carea' id='block_1_109' title="bbox 1870 4807 3453 4878">
    <p class='ocr_par' dir='ltr' id='par_1_109' title="bbox 1870 4807 3453 4878">
     <span class='ocr_line' id='line_1_109' title="bbox 1870 4807 3453 4878; baseline -0.004 -9"><span class='ocrx_word' id='word_1_665' title='bbox 1870 4817 1986 4870; x_wconf 87' lang='lat' dir='ltr'><strong>sive</strong></span> <span class='ocrx_word' id='word_1_666' title='bbox 2015 4829 2184 4878; x_wconf 89' lang='lat' dir='ltr'><strong>nunc,</strong></span> <span class='ocrx_word' id='word_1_667' title='bbox 2214 4813 2329 4867; x_wconf 84' lang='lat' dir='ltr'><strong>sive</strong></span> <span class='ocrx_word' id='word_1_668' title='bbox 2351 4827 2457 4865; x_wconf 90' lang='lat' dir='ltr'><strong>non</strong></span> <span class='ocrx_word' id='word_1_669' title='bbox 2487 4812 2657 4864; x_wconf 91' lang='lat' dir='ltr'><strong>multo</strong></span> <span class='ocrx_word' id='word_1_670' title='bbox 2681 4817 2826 4878; x_wconf 89' lang='lat' dir='ltr'><strong>post,</strong></span> <span class='ocrx_word' id='word_1_671' title='bbox 2858 4823 2954 4878; x_wconf 91' lang='lat' dir='ltr'><strong>pro</strong></span> <span class='ocrx_word' id='word_1_672' title='bbox 2971 4809 3088 4876; x_wconf 74' lang='lat' dir='ltr'><strong>lege</strong></span> <span class='ocrx_word' id='word_1_673' title='bbox 3107 4817 3315 4861; x_wconf 71' lang='lat' dir='ltr'><strong>naturae</strong></span> <span class='ocrx_word' id='word_1_674' title='bbox 3345 4807 3453 4862; x_wconf 79' lang='lat' dir='ltr'><strong>dis-</strong></span> 
     </span>
    </p>
   </div>
   <div class='ocr_carea' id='block_1_110' title="bbox 1872 4900 3450 4975">
    <p class='ocr_par' dir='ltr' id='par_1_110' title="bbox 1872 4900 3450 4975">
     <span class='ocr_line' id='line_1_110' title="bbox 1872 4900 3450 4975; baseline -0.006 -13"><span class='ocrx_word' id='word_1_675' title='bbox 1872 4907 2191 4962; x_wconf 84' lang='lat' dir='ltr'><strong>solvendum</strong></span> <span class='ocrx_word' id='word_1_676' title='bbox 2217 4904 2438 4975; x_wconf 90' lang='lat' dir='ltr'><strong>(peribit</strong></span> <span class='ocrx_word' id='word_1_677' title='bbox 2464 4904 2612 4957; x_wconf 91' lang='lat' dir='ltr'><strong>enim</strong></span> <span class='ocrx_word' id='word_1_678' title='bbox 2644 4908 2740 4957; x_wconf 87' lang='lat' dir='ltr'><strong>aut</strong></span> <span class='ocrx_word' id='word_1_679' title='bbox 2771 4903 2965 4956; x_wconf 86' lang='lat' dir='ltr'><strong>morbo</strong></span> <span class='ocrx_word' id='word_1_680' title='bbox 2995 4911 3092 4954; x_wconf 90' lang='lat' dir='ltr'><strong>aut</strong></span> <span class='ocrx_word' id='word_1_681' title='bbox 3120 4900 3284 4970; x_wconf 75' lang='lat' dir='ltr'><strong>longo</strong></span> <span class='ocrx_word' id='word_1_682' title='bbox 3312 4908 3450 4954; x_wconf 87' lang='lat' dir='ltr'><strong>tem-</strong></span> 
     </span>
    </p>
   </div>
   <div class='ocr_carea' id='block_1_111' title="bbox 1871 4992 3452 5068">
    <p class='ocr_par' dir='ltr' id='par_1_111' title="bbox 1871 4992 3452 5068">
     <span class='ocr_line' id='line_1_111' title="bbox 1871 4992 3452 5068; baseline -0.005 -16"><span class='ocrx_word' id='word_1_683' title='bbox 1871 5014 2001 5068; x_wconf 86' lang='lat' dir='ltr'><strong>pore</strong></span> <span class='ocrx_word' id='word_1_684' title='bbox 2033 4995 2390 5064; x_wconf 82' lang='lat' dir='ltr'><strong>confectum),</strong></span> <span class='ocrx_word' id='word_1_685' title='bbox 2426 5011 2525 5050; x_wconf 90' lang='lat' dir='ltr'><strong>nos</strong></span> <span class='ocrx_word' id='word_1_686' title='bbox 2553 5009 2680 5049; x_wconf 90' lang='lat' dir='ltr'><strong>vero</strong></span> <span class='ocrx_word' id='word_1_687' title='bbox 2719 4994 2955 5048; x_wconf 87' lang='lat' dir='ltr'><strong>animam</strong></span> <span class='ocrx_word' id='word_1_688' title='bbox 2986 4993 3040 5046; x_wconf 89' lang='lat' dir='ltr'><strong>in</strong></span> <span class='ocrx_word' id='word_1_689' title='bbox 3075 4993 3305 5048; x_wconf 88' lang='lat' dir='ltr'><strong>sublime</strong></span> <span class='ocrx_word' id='word_1_690' title='bbox 3346 4992 3452 5045; x_wconf 67' lang='lat' dir='ltr'><strong>tolo</strong></span> 
     </span>
    </p>
   </div>
   <div class='ocr_carea' id='block_1_112' title="bbox 1876 5088 3047 5159">
    <p class='ocr_par' dir='ltr' id='par_1_112' title="bbox 1876 5088 3047 5159">
     <span class='ocr_line' id='line_1_112' title="bbox 1876 5088 3047 5159; baseline -0.003 -15"><span class='ocrx_word' id='word_1_691' title='bbox 1876 5091 1993 5144; x_wconf 90' lang='lat' dir='ltr'><strong>lere</strong></span> <span class='ocrx_word' id='word_1_692' title='bbox 2023 5099 2080 5144; x_wconf 91' lang='lat' dir='ltr'><strong>et</strong></span> <span class='ocrx_word' id='word_1_693' title='bbox 2111 5089 2534 5159; x_wconf 80' lang='lat' dir='ltr'><strong>cogitationibus</strong></span> <span class='ocrx_word' id='word_1_694' title='bbox 2567 5089 2876 5142; x_wconf 71' lang='lat' dir='ltr'><strong>conversari</strong></span> <span class='ocrx_word' id='word_1_695' title='bbox 2916 5088 3047 5143; x_wconf 91' lang='lat' dir='ltr'><strong>Deo.</strong></span> 
     </span>
    </p>
   </div>
   <div class='ocr_carea' id='block_1_113' title="bbox 1942 5179 3454 5252">
    <p class='ocr_par' dir='ltr' id='par_1_113' title="bbox 1942 5179 3454 5252">
     <span class='ocr_line' id='line_1_113' title="bbox 1942 5179 3454 5252; baseline -0.001 -16"><span class='ocrx_word' id='word_1_696' title='bbox 1942 5179 2000 5236; x_wconf 91' lang='lat' dir='ltr'><strong>S.</strong></span> <span class='ocrx_word' id='word_1_697' title='bbox 2035 5181 2305 5252; x_wconf 73' lang='lat' dir='ltr'><strong>Chrysou.</strong></span> <span class='ocrx_word' id='word_1_698' title='bbox 2348 5180 2403 5234; x_wconf 89' lang='lat' dir='ltr'><strong>Si</strong></span> <span class='ocrx_word' id='word_1_699' title='bbox 2457 5195 2551 5248; x_wconf 91' lang='lat' dir='ltr'><strong>per</strong></span> <span class='ocrx_word' id='word_1_700' title='bbox 2593 5179 2832 5250; x_wconf 87' lang='lat' dir='ltr'><strong>inopiam</strong></span> <span class='ocrx_word' id='word_1_701' title='bbox 2879 5179 3010 5234; x_wconf 88' lang='lat' dir='ltr'><strong>nihil</strong></span> <span class='ocrx_word' id='word_1_702' title='bbox 3058 5179 3153 5236; x_wconf 90' lang='lat' dir='ltr'><strong>tibi</strong></span> <span class='ocrx_word' id='word_1_703' title='bbox 3199 5179 3274 5235; x_wconf 90' lang='lat' dir='ltr'><strong>sit</strong></span> <span class='ocrx_word' id='word_1_704' title='bbox 3311 5179 3454 5250; x_wconf 85' lang='lat' dir='ltr'><strong>quod</strong></span> 
     </span>
    </p>
   </div>
   <div class='ocr_carea' id='block_1_114' title="bbox 1873 5271 3453 5342">
    <p class='ocr_par' dir='ltr' id='par_1_114' title="bbox 1873 5271 3453 5342">
     <span class='ocr_line' id='line_1_114' title="bbox 1873 5271 3453 5342; baseline -0.003 -14"><span class='ocrx_word' id='word_1_705' title='bbox 1873 5273 2068 5328; x_wconf 70' lang='lat' dir='ltr'><strong>afferas</strong></span> <span class='ocrx_word' id='word_1_706' title='bbox 2117 5283 2343 5342; x_wconf 66' lang='lat' dir='ltr'><strong>aegroto,</strong></span> <span class='ocrx_word' id='word_1_707' title='bbox 2404 5273 2636 5342; x_wconf 85' lang='lat' dir='ltr'><strong>teipsum</strong></span> <span class='ocrx_word' id='word_1_708' title='bbox 2690 5272 2740 5325; x_wconf 89' lang='lat' dir='ltr'><strong>ei</strong></span> <span class='ocrx_word' id='word_1_709' title='bbox 2791 5271 3011 5337; x_wconf 80' lang='lat' dir='ltr'><strong>exhibe,</strong></span> <span class='ocrx_word' id='word_1_710' title='bbox 3060 5282 3114 5328; x_wconf 89' lang='lat' dir='ltr'><strong>et</strong></span> <span class='ocrx_word' id='word_1_711' title='bbox 3165 5274 3453 5328; x_wconf 86' lang='lat' dir='ltr'><strong>verborum</strong></span> 
     </span>
    </p>
   </div>
   <div class='ocr_carea' id='block_1_115' title="bbox 1873 5363 3454 5422">
    <p class='ocr_par' dir='ltr' id='par_1_115' title="bbox 1873 5363 3454 5422">
     <span class='ocr_line' id='line_1_115' title="bbox 1873 5363 3454 5422; baseline -0.001 0"><span class='ocrx_word' id='word_1_712' title='bbox 1873 5365 2303 5422; x_wconf 87' lang='lat' dir='ltr'><strong>consolationem</strong></span> <span class='ocrx_word' id='word_1_713' title='bbox 2334 5363 2484 5420; x_wconf 66' lang='lat' dir='ltr'><strong>oder.</strong></span> <span class='ocrx_word' id='word_1_714' title='bbox 2521 5364 2612 5419; x_wconf 90' lang='lat' dir='ltr'><strong>Sic</strong></span> <span class='ocrx_word' id='word_1_715' title='bbox 2643 5366 2788 5420; x_wconf 91' lang='lat' dir='ltr'><strong>enim</strong></span> <span class='ocrx_word' id='word_1_716' title='bbox 2837 5367 3001 5419; x_wconf 86' lang='lat' dir='ltr'><strong>etiam</strong></span> <span class='ocrx_word' id='word_1_717' title='bbox 3058 5363 3247 5420; x_wconf 88' lang='lat' dir='ltr'><strong>audies</strong></span> <span class='ocrx_word' id='word_1_718' title='bbox 3275 5363 3403 5418; x_wconf 87' lang='lat' dir='ltr'><strong>olim</strong></span> <span class='ocrx_word' id='word_1_719' title='bbox 3435 5378 3454 5420; x_wconf 71' lang='grc' dir='ltr'>ε</span> 
     </span>
    </p>
   </div>
   <div class='ocr_carea' id='block_1_116' title="bbox 1878 5456 2934 5520">
    <p class='ocr_par' dir='ltr' id='par_1_116' title="bbox 1878 5456 2934 5520">
     <span class='ocr_line' id='line_1_116' title="bbox 1878 5456 2934 5520; baseline -0.001 -10"><span class='ocrx_word' id='word_1_720' title='bbox 1878 5477 1898 5510; x_wconf 79' lang='grc' dir='ltr'>ι</span> <span class='ocrx_word' id='word_1_721' title='bbox 1936 5459 2186 5513; x_wconf 90' lang='lat' dir='ltr'><strong>lulirmus</strong></span> <span class='ocrx_word' id='word_1_722' title='bbox 2221 5472 2394 5520; x_wconf 89' lang='lat' dir='ltr'><strong>eram,</strong></span> <span class='ocrx_word' id='word_1_723' title='bbox 2417 5465 2472 5512; x_wconf 87' lang='lat' dir='ltr'><strong>et</strong></span> <span class='ocrx_word' id='word_1_724' title='bbox 2499 5456 2762 5512; x_wconf 82' lang='lat' dir='ltr'><strong>visitastis</strong></span> <span class='ocrx_word' id='word_1_725' title='bbox 2791 5472 2934 5512; x_wconf 62' lang='lat' dir='ltr'><strong>me.»</strong></span> 
     </span>
    </p>
   </div>
   <div class='ocr_carea' id='block_1_117' title="bbox 1945 5629 3450 5705">
    <p class='ocr_par' dir='ltr' id='par_1_117' title="bbox 1945 5629 3450 5705">
     <span class='ocr_line' id='line_1_117' title="bbox 1945 5629 3450 5705; baseline -0.007 -14"><span class='ocrx_word' id='word_1_726' title='bbox 1945 5639 2098 5705; x_wconf 60' lang='grc' dir='ltr'>δαέρα</span> <span class='ocrx_word' id='word_1_727' title='bbox 2129 5637 2210 5690; x_wconf 85' lang='lat' dir='ltr'><strong>vel</strong></span> <span class='ocrx_word' id='word_1_728' title='bbox 2235 5637 2352 5692; x_wconf 85' lang='lat' dir='ltr'><strong>sola</strong></span> <span class='ocrx_word' id='word_1_729' title='bbox 2381 5647 2574 5693; x_wconf 89' lang='lat' dir='ltr'><strong>natura</strong></span> <span class='ocrx_word' id='word_1_730' title='bbox 2606 5637 2748 5691; x_wconf 86' lang='lat' dir='ltr'><strong>aeris</strong></span> <span class='ocrx_word' id='word_1_731' title='bbox 2779 5635 2920 5694; x_wconf 78' lang='lat' dir='ltr'><strong>satis</strong></span> <span class='ocrx_word' id='word_1_732' title='bbox 2937 5635 3041 5692; x_wconf 86' lang='lat' dir='ltr'><strong>fuit</strong></span> <span class='ocrx_word' id='word_1_733' title='bbox 3064 5631 3132 5688; x_wconf 84' lang='lat' dir='ltr'><strong>ad</strong></span> <span class='ocrx_word' id='word_1_734' title='bbox 3159 5629 3450 5687; x_wconf 86' lang='lat' dir='ltr'><strong>sanitatem</strong></span> 
     </span>
    </p>
   </div>
   <div class='ocr_carea' id='block_1_118' title="bbox 1877 5721 3454 5799">
    <p class='ocr_par' dir='ltr' id='par_1_118' title="bbox 1877 5721 3454 5799">
     <span class='ocr_line' id='line_1_118' title="bbox 1877 5721 3454 5799; baseline 0.001 -18"><span class='ocrx_word' id='word_1_735' title='bbox 1877 5728 2066 5799; x_wconf 61' lang='grc' dir='ltr'><strong>πετοιί</strong></span> <span class='ocrx_word' id='word_1_736' title='bbox 2097 5750 2110 5784; x_wconf 91' lang='lat'>:</span> <span class='ocrx_word' id='word_1_737' title='bbox 2145 5729 2418 5785; x_wconf 88' lang='lat' dir='ltr'><strong>interdum</strong></span> <span class='ocrx_word' id='word_1_738' title='bbox 2445 5741 2501 5785; x_wconf 90' lang='lat' dir='ltr'><strong>et</strong></span> <span class='ocrx_word' id='word_1_739' title='bbox 2533 5745 2760 5785; x_wconf 86' lang='lat' dir='ltr'><strong>somnus</strong></span> <span class='ocrx_word' id='word_1_740' title='bbox 2786 5728 3081 5783; x_wconf 88' lang='lat' dir='ltr'><strong>obveuiens</strong></span> <span class='ocrx_word' id='word_1_741' title='bbox 3133 5721 3454 5792; x_wconf 71' lang='lat' dir='ltr'><strong>tempesti&#39;e</strong></span> 
     </span>
    </p>
   </div>
   <div class='ocr_carea' id='block_1_119' title="bbox 1876 5823 2829 5882">
    <p class='ocr_par' dir='ltr' id='par_1_119' title="bbox 1876 5823 2829 5882">
     <span class='ocr_line' id='line_1_119' title="bbox 1876 5823 2829 5882; baseline 0.002 -6"><span class='ocrx_word' id='word_1_742' title='bbox 1876 5824 2021 5878; x_wconf 89' lang='lat' dir='ltr'><strong>omni</strong></span> <span class='ocrx_word' id='word_1_743' title='bbox 2054 5823 2241 5881; x_wconf 87' lang='lat' dir='ltr'><strong>iabore</strong></span> <span class='ocrx_word' id='word_1_744' title='bbox 2269 5825 2538 5882; x_wconf 86' lang='lat' dir='ltr'><strong>medicum</strong></span> <span class='ocrx_word' id='word_1_745' title='bbox 2563 5823 2829 5880; x_wconf 82' lang='lat' dir='ltr'><strong>liberavit.</strong></span> 
     </span>
    </p>
   </div>
  </div>
