3992 6252
571 302 687 385 '959

1841 307 2166 371 ANTONlI
2204 302 2555 366 MELISSAi
3684 265 3766 366 no

659 435 714 491 Si
749 433 931 490 nullus
971 422 1605 494 morereturﬁimpunita
1647 427 1889 474 maneret
1913 421 2145 474 malitia.

2318 417 2380 469 Et
2413 414 2598 485 μηδεὶς
2643 413 3007 482 ἀπέθνησκεν,
3045 407 3390 480 ἀτιμώρητος
3423 407 3486 462 ἂν
3515 401 3576 478 ἦν
3618 407 3646 480 ἦ
3685 431 3763 468 κα.

656 612 912 668 Causiani
939 611 1128 680 lugent
1177 610 1229 662 in
1282 608 1452 662 lucem
1501 606 1700 664 editos.
1737 601 2024 655 defunctos
2058 616 2153 652 au-

588 719 694 764 tem
726 707 913 760 beatos
947 705 1273 772 praedicam.

973 819 1203 874 SEBMO
1242 816 1356 870 LIX
1402 815 1500 887 [ιιί.
1527 810 1766 883 LXXX].

975 937 1051 991 De
1094 931 1446 1005 cognoscendo
1485 929 1739 997 “ipsum.

660 1035 846 1090 Matth.
881 1047 973 1084 vtt.
1007 1027 1149 1094 Quid
1185 1025 1336 1079 vides
1379 1021 1642 1076 festucam
1673 1021 1726 1073 in
1779 1019 1941 1074 oculo
1971 1016 2160 1070 fratris

2261 509 2376 563 κίοι.

2333 599 2634 654 Καυσιανοὶ
2666 600 2788 662 τοὺς
2842 599 2941 668 μὲν
2979 592 3352 666 γεννωμένους
3387 594 3644 665 θρηνοῦσι,
3670 599 3768 660 τοὺς

2258 693 2316 746 δὲ
2344 693 2773 761 τελευτήσαντας
2806 690 3197 760 μακαρίζουσι.

2857 803 3077 860 ΛΟΓΟΣ
3115 805 3236 861 ΝΘ.

2636 921 2773 988 Περί
2810 920 2938 984 τοῦ,
2970 920 3165 974 Γνῶθι
3197 921 3449 974 σαυτόν.

2333 1014 2397 1065 Τί
2451 1013 2673 1083 βλέπεις
2721 1013 2781 1065 τὸ
2832 1011 3043 1080 κάρφος
3091 1009 3151 1061 τὸ
3183 1010 3239 1062 ὲν
3286 1009 3367 1077 τῷ
3423 1009 3662 1079 ὀφθαλμῷ
3696 1012 3769 1066 τοῦ

590 1129 692 1190 tui,
735 1127 938 1180 trabem
972 1132 1150 1174 autem
1181 1119 1232 1171 in
1268 1126 1360 1169 tuo
1393 1114 1552 1168 oculo
1579 1128 1688 1166 non
1721 1109 2162 1166 animadvertis?

2270 1105 2493 1172 ἀδελφοῦ
2548 1123 2665 1171 σου,
2714 1103 2812 1175 τὴν
2849 1103 2906 1156 δὲ
2954 1103 3012 1154 ἐν
3061 1101 3138 1170 τῷ
3171 1101 3250 1170 σῷ
3285 1099 3540 1170 ὀφθαλμῷ
3571 1103 3698 1156 δοκὸν
3725 1107 3768 1158 οὐ

669 1301 816 1354 Rom.
848 1315 921 1352 tv.
955 1296 1036 1348 'l‘u
1086 1293 1209 1364 quis
1247 1307 1303 1345 es
1339 1290 1430 1359 qui
1473 1286 1687 1357 judicas
1747 1285 1986 1338 alienum
2043 1299 2164 1338 ser-

2266 1200 2546 1260 κατανοεῖς
2564 1215 2580 1265 ;

2335 1289 2408 1343 Σὺ
2437 1291 2520 1351 τίς
2569 1285 2620 1341 εἳ
2655 1291 2684 1340 ὁ
2731 1287 2931 1358 κρίνων
2980 1285 3261 1353 ἀλλότριον
3316 1283 3554 1354 οίκέτηνς
3588 1286 3652 1352 τῷ
3685 1286 3768 1352 ἰδίῳ

592 1392 750 1443 vum?
773 1388 993 1458 proprio
1035 1384 1257 1438 domino
1289 1391 1397 1434 stat
1419 1388 1513 1430 aut
1535 1377 1683 1430 cadit
1710 1394 1725 1439 ;
1754 1376 1863 1428 imo
1896 1374 2165 1430 l‘ulcietur

2270 1382 2441 1452 κυρίῳ
2472 1382 2661 1450 στήκει
2691 1381 2724 1449 ἢ
2755 1379 2969 1430 πίπτει.
3000 1377 3341 1445 Σταθήσεται
3371 1366 3769 1446 δέέΔυνατὸςγάρ

595 1492 656 1534 ut
693 1491 832 1543 stet;
879 1487 1074 1545 potens
1109 1475 1254 1527 enim
1291 1481 1376 1524 cst
1402 1470 1546 1523 Deus
1582 1467 1803 1522 efﬁcere
1837 1477 1898 1520 ut
1927 1473 2057 1520 stet.

672 1571 932 1624 Eccle.x1.
961 1566 1254 1619 Atnbulato
1283 1563 1335 1615 in
1387 1561 1488 1614 viis
1515 1560 1701 1613 cordis
1726 1558 1798 1610 tui
1833 1559 2165 1627 incnlpatus,

2268 1477 2416 1527 ἐστιν
2441 1475 2468 1524 ὁ
2493 1472 2623 1536 Θεὸς
2651 1471 2846 1540 στῆσαι
2879 1471 3065 1524 αὐτόν.

2341 1565 2639 1637 Περιπάτει
2663 1567 2720 1616 ὲν
2741 1563 3134 1631 ὀδοίςικαρδίας
3157 1577 3254 1614 σου
3282 1561 3522 1631 ἄμωμος,
3551 1566 3625 1616 καῖ
3647 1565 3774 1630 γνῶθι

597 1675 652 1718 et
688 1675 850 1716 nosce
887 1661 1140 1727 teipsnm.
1169 1655 1303 1709 Nam
1333 1653 1400 1707 de
1427 1651 1686 1706 omnibus
1709 1650 1830 1704 istis
1875 1649 2018 1704 Deus
2053 1665 2082 1703 a
2117 1659 2170 1704 te

2271 1659 2491 1712 σαυτόν·
2528 1659 2610 1711 ὅτι
2659 1659 2718 1710 ἐν
2771 1658 2906 1711 πᾶσι
2953 1655 3164 1717 τούτοις
3216 1653 3337 1719 ἄξει
3399 1670 3455 1706 σε
3499 1659 3524 1708 ὁ
3561 1655 3671 1715 Θεὸς
3716 1659 3772 1718 εἰς

597 1755 862 1808 rationem
896 1747 1221 1818 postulabit.

2271 1750 2474 1820 κρίσιν.

666 1847 875 1901 Sit-ach.
910 1843 1012 1908 Qui
1056 1843 1267 1908 seipsos
1303 1845 1668 1906 cognoscunt,
1707 1834 1983 1904 sapientes
2012 1841 2162 1888 sunt.

2314 1811 2405 1895 ’οί
2435 1843 2646 1896 ἑαυτῶν
2671 1841 3042 1911 ἐπιγνώμονες
3081 1843 3262 1913 σοφοί.

671 1938 834 1991 Εεείὶ.
877 1952 1001 1989 χιιι.
1055 1930 1294 1986 Observa
1347 1937 1400 1983 et
1435 1929 1812 1981 animadverte
1854 1925 2166 1996 diligenter,

595 2031 856 2102 quoniam
892 2041 1018 2080 cum
1048 2024 1204 2078 ruina
1245 2031 1336 2074 tua
1369 2019 1644 2074 ambulas.

671 2121 726 2177 S.
751 2121 963 2176 Basilii.
1016 2119 1280 2171 Accurata
1331 2113 1572 2183 cognitio
1624 2113 1702 2167 tui
1782 2111 1955 2180 ipsius
2023 2109 2174 2166 suffi-

599 2215 809 2266 cienter
866 2221 917 2264 te
964 2207 1131 2262 veluti
1173 2221 1337 2258 manu
1389 2202 1623 2259 deducet
1680 2203 1746 2258 ad
1797 2206 2077 2257 notionem
2118 2209 2174 2256 et

602 2300 1118 2368 contemplationem
1155 2295 1272 2350 Dei.

674 2391 879 2446 Memor
915 2398 1142 2451 naturae,
1172 2400 1452 2453 nunquam
1493 2382 1801 2452 supérbies.
1843 2382 2047 2437 Memor
2073 2390 2171 2437 au-

599 2493 713 2539 tem
747 2485 860 2535 eris
887 2481 1080 2549 ipsius,
1119 2479 1164 2532 si
1193 2477 1433 2546 teipsum
1469 2475 1752 2528 observes.

677 2572 794 2627 Hoc
829 2580 942 2624 tute
972 2569 1180 2640 pateris
1208 2569 1356 2638 quod
1385 2580 1635 2630 accusas,
1665 2577 1720 2620 et
1761 2565 1998 2620 alienum
2050 2567 2174 2633 qui-

603 2668 725 2721 dem
759 2664 962 2718 malum
1002 2671 1162 2716 acute
1203 2660 1376 2726 vides,
1408 2667 1560 2713 tuum
1589 2673 1716 2713 vero
1742 2657 1984 2713 dedecus
2015 2659 2172 2713 nihili

605 2759 763 2814 facis.

671 2855 734 2910 S.
767 2854 1040 2924 Chrysost.
1081 2851 1181 2904 Hic
1210 2849 1450 2903 maxime
1488 2847 1725 2918 seipsum
1760 2847 2050 2919 cOgnoscit
2080 2847 2176 2918 qui

603 2947 845 3015 scipsum
879 2958 980 3012 pro
1020 2939 1196 2994 nihilo
1226 2945 1464 3006 reputat.

676 3034 980 3088 Clementis.
1040 3030 1094 3083 Si
1149 3029 1231 3082 vis
1269 3027 1438 3080 Deum
1486 3039 1843 3096 cognoscere.
1886 3025 1972 3081 fac
2007 3034 2168 3082 antca

606 3126 785 3194 teipsu
795 3141 844 3177 ιιι
887 3134 1209 3190 cognoscas.

686 3214 1021 3285 Antiphanis.
1063 3211 1123 3266 Si
1180 3209 1429 3265 mortalis
1463 3223 1547 3274 es,
1591 3208 1735 3264 bone
1785 3207 1890 3276 vir,
1927 3209 2175 3265 mortalia

611 3323 832 3379 quoque
859 3305 1066 3376 sapias.

685 3397 1070 3453 Demosthenis.
1113 3395 1316 3449 Futura
1367 3393 1584 3446 cunctis
1620 3391 1937 3447 hominibus
1990 3391 2178 3462 ignota

608 3492 844 3545 arbitror
901 3503 1042 3552 esse,
1098 3494 1154 3540 et
1207 3499 1388 3554 parva:
1435 3481 1754 3537 occasiones
1816 3481 2176 3537 maximarum

608 3575 971 3637 tiunt‘rerum
1021 3592 1222 3634 caussa.
1273 3575 1617 3645 Quapropter
1667 3575 1722 3627 in
1768 3573 1914 3628 tona
1957 3571 2176 3628 fortuna

607 3677 919 3729 moderatos
951 3685 1074 3726 esse
1114 3667 1394 3734 convenit,
1437 3675 1494 3720 et
1539 3667 1720 3720 futura
1762 3663 1920 3736 105
1966 3665 2181 3735 prospi-

606 3781 728 3819 cere
761 3763 964 3819 videri."

693 3858 1022 3911 Heraclitus.
1080 3852 1385 3907 Heraclitus
1425 3851 1606 3905 adhuc
1661 3850 1882 3919 juvenis
1931 3849 2180 3904 omnium

609 3947 1054 4018 sapientissimus
1077 3943 1200 4009 fuit,
1225 3943 1354 4013 quia
1385 3942 1596 3998 sciebat
1630 3956 1690 3995 se
1719 3940 1857 3993 nihil
1893 3954 2037 3995 esse.

681 4040 943 4094 Socratis.
995 4039 1255 4091 Socrates
1310 4033 1661 4089 existimabat
1712 4032 1851 4085 nihil
1917 4046 1976 4086 se
2039 4031 2183 4088 scire

610 4142 809 4202 printer
843 4131 947 4184 hoc
984 4144 1154 4182 unum
1194 4127 1341 4196 quod
1375 4126 1514 4180 nihil
1547 4125 1760 4179 sciret:
1787 4124 2027 4192 reliquos
2055 4137 2184 4179 vero

615 4237 684 4275 ne
713 4221 815 4272 hoc
843 4218 1062 4287 quidem
1091 4215 1258 4270 scire.

683 4309 784 4375 Qui
809 4309 964 4361 valde
986 4304 1320 4367 febricitant,
1349 4303 1653 4372 appetitum
1707 4310 1764 4355 et
1817 4303 1989 4357 robur
2021 4299 2185 4355 amit-

616 4407 775 4451 tunt:
812 4395 908 4465 qui
943 4409 1075 4448 vero
1103 4393 1413 4463 principum
1464 4391 1614 4445 aulas
1667 4391 1998 4455 inhabitant,
2033 4406 2186 4445 men-

2344 1933 2693 2004 Συντήρησον
2727 1935 2824 1990 καὶ
2859 1934 3096 2005 πρόσεχε
3129 1935 3398 2004 σφοδρῶς,
3428 1936 3506 1988 ὅτι
3550 1935 3668 2004 μετὰ
3702 1938 3772 2005 τῆς

2275 2024 2536 2089 πτώσεώς
2569 2043 2663 2078 σου
2696 2029 3042 2098 περιπατεῖς.

2358 2117 2422 2169 Ἦ
2446 2117 2680 2188 ἀκριϐὴς
2702 2118 2933 2172 σεαυτοῦ
2957 2122 3290 2192 κατανόησις
3314 2122 3550 2189 αὐτάρκη
3581 2138 3650 2172 σοι
3671 2136 3774 2187 πειρ-

2274 2209 2389 2280 ἐχει
2424 2208 2522 2262 καὶ
2573 2209 2944 2280 χειραγωγίαν
2993 2213 3129 2282 πρὸς
3181 2215 3284 2282 τὴν
3321 2213 3520 2266 ἔννοιαν
3551 2211 3630 2264 τοῦ
3657 2209 3771 2262 Θεοῦ.

2345 2391 2712 2460 Μεμνημένος
2758 2391 2857 2456 τῆς
2905 2391 3140 2457 φύσεως,
3199 2391 3304 2443 οὐκ
3352 2390 3618 2460 ὲπαρθήσῃ
3663 2388 3772 2441 ποτέ.

2274 2482 2546 2552 Μεμνήσῃ
2574 2481 2630 2534 δὲ
2661 2481 2824 2535 αὑτοῦ
2868 2481 3108 2555 [αὖτῆς],
3140 2482 3238 2536 ἐὰν
3290 2483 3551 2554 προσέχῃς
3607 2481 3772 2534 σαυτόν.

2259 2623 2270 2636 ,
2352 2573 2617 2639 Ἐπαθες,
2652 2572 2930 2643 ἄνθρωπε,
2959 2573 2988 2626 ὃ
3017 2574 3299 2642 ἐγκαλεῖς·
3348 2575 3440 2626 καὶ
3469 2577 3523 2626 τδ
3553 2574 3639 2642 μὲν
3662 2571 3773 2625 ἀλλό-

2276 2683 2428 2735 τριον
2458 2665 2627 2719 κακὸν
2652 2664 2928 2735 ἐπιμελῶς
2957 2664 3200 2735 βλέπεις,
3225 2666 3289 2718 τὸ
3319 2665 3375 2728 δὲ
3404 2664 3584 2718 σαυτοῦ
3607 2663 3773 2732 αίσχρὸν

2276 2757 2515 2826 οὐδαμοῦ
2546 2756 2740 2819 τιθεῖς.

2351 2849 2522 2912 Οὗτος
2561 2849 2798 2920 μάλιστά
2833 2851 2984 2904 ἐστιν
3040 2851 3069 2903 ὁ
3115 2851 3315 2904 ἑαυτὸν
3369 2848 3538 2913 εἰδὼς,
3582 2849 3607 2900 ὁ
3652 2844 3773 2916 μηδὲν

2279 2942 2474 2996 ἑαυτὸν
2503 2937 2650 2995 εἶναι
2680 2940 2942 3010 νομίζων.

2349 3035 2414 3087 Ei
2451 3033 2633 3104 βούλει
2660 3033 2863 3102 γνῶναι
2893 3034 3048 3100 Θεὸν,
3087 3036 3379 3107 προλαϐὼν
3415 3035 3567 3106 γνῶθι
3611 3027 3770 3084 σαυτόν.

2350 3211 2414 3264 Ei
2448 3209 2644 3282 θνητὸς
2669 3205 2741 3277 εἴ,
2777 3210 3045 3280 βέλτιστε,
3075 3211 3249 3282 θνητὰ
3283 3213 3374 3268 καὶ
3406 3211 3594 3282 φρόνει.

2349 3385 2523 3457 Οῐμαι
2563 3388 2625 3441 τὸ
2671 3389 2866 3458 μέλλον
2897 3390 3104 3444 ἅπασιν
3135 3389 3447 3459 ἀνθρώποις
3487 3387 3681 3456 ἄδηλον,
3708 3386 3772 3437 καί

2283 3482 2476 3550 μικροὶ
2502 3481 2686 3550 καιροὶ
2731 3481 2982 3550 μεγάλων
3015 3483 3364 3552 πραγμάτων
3396 3480 3546 3532 αῐτιοι
3573 3478 3772 3545 γίνονται.

2281 3570 2373 3623 Διὸ
2398 3570 2480 3622 δεῖ
2507 3569 2825 3640 μετριάζειν
2858 3574 2916 3624 ὲν
2945 3573 3065 3635 ταῖς
3095 3572 3445 3643 εὐπραξίαις,
3477 3569 3561 3623 καὶ
3586 3581 3771 3637 προορω-

2282 3662 2479 3732 μένους
2499 3661 2561 3714 τδ
2585 3661 2782 3732 μέλλον
2810 3663 3126 3731 φαίνεσθαι.

2365 3843 2722 3913 Ἡράκλειτος
2757 3847 2878 3911 νέος
2921 3849 3000 3903 ὢν
3047 3849 3270 3904 πάντων
3303 3850 3487 3920 γέγονε
3518 3837 3770 3916 σοφώτερός.

2280 3935 2363 3989 ὅτι
2390 3935 2507 4005 ᾔδει
2546 3936 2741 3990 ἑαυτὸν
2768 3939 2938 4008 μηδὲν
2961 3940 3114 3994 ὄντα.

2352 4027 2652 4096 Σωκράτης
2681 4028 2822 4099 ᾤετο
2855 4030 3022 4100 μηδὲν
3070 4031 3297 4098 εἰδέναι,
3329 4031 3464 4098 πλὴν
3503 4028 3615 4081 αὐτὸ
3640 4024 3770 4084 τοῦτο,

2281 4117 2366 4171 ὅτι
2401 4119 2568 4188 μηδὲν
2612 4115 2772 4174 οῐδινο
2805 4121 2933 4184 τοὺς
2967 4121 3025 4174 δὲ
3073 4121 3302 4186 λοιποὺς
3349 4121 3477 4190 μηδὲ
3508 4117 3644 4172 τοῦτο
3674 4112 3770 4166 εἰδέ-

2284 4225 2391 4262 ναι.

2354 4299 2419 4352 Οί
2446 4298 2549 4369 μιν
2581 4301 2828 4372 σφοδρῶς
2869 4303 3230 4374 πυρέττοντες
3271 4303 3368 4375 τὴν
3407 4301 3576 4373 ὕρεξιν
3605 4296 3680 4351 καὶ
3705 4292 3772 4361 τὴν

2288 4387 2503 4459 ῥώμην.
2539 4390 2590 4442 οῑ
2629 4389 2677 4442 δ’
2707 4391 2767 4445 ἐν
2795 4393 2909 4455 τοῖς
2947 4392 3243 4461 βασιλείοις
3296 4388 3671 4462 παροικοῦντες,
3707 4382 3772 4433 τὸν

613 4501 721 4544 tem
756 4498 814 4543 et
845 4489 1019 4541 benos
1051 4499 1234 4539 mores
1273 4483 1502 4553 perdere
1551 4482 1748 4549 solent,
1788 4482 1892 4536 nisi
1931 4483 2177 4552 frequen-

2288 4481 2410 4535 νοῦν
2438 4486 2532 4536 καὶ
2573 4484 2644 4538 τά
2671 4483 2777 4555 ἤθη
2814 4485 3094 4553 πεφύκασι
3125 4483 3542 4556 διαφθείρεσθαι,
3567 4481 3607 4534 εί
3636 4475 3697 4548 μὴ
3715 4473 3770 4536 τὸ,

615 4591 696 4634 ter
739 4579 926 4632 animo
965 4584 1213 4644 repetant
1267 4573 1372 4628 hoc
1407 4573 1615 4627 dictum
1650 4590 1666 4627 :
1698 4571 1879 4628 No‘sce
1925 4571 2186 4640 teipsum.

1057 4683 1290 4740 SERMO
1325 4682 1417 4737 LX
1451 4682 1550 4754 [αι.
1584 4680 1721 4752 CX].

1138 4797 1214 4850 De
1243 4795 1656 4865 pulchritudine.

699 4892 898 4944 Matth.
939 4905 1014 4943 \‘l.
1042 4888 1372 4957 Cognoscite
1415 4887 1524 4940 lilia
1557 4888 1672 4957 agri
1734 4888 2011 4958 quomodo
2063 4902 2184 4942 cre-

621 4991 774 5035 seant
825 4994 986 5032 :non
1038 4978 1286 5031 laborant
1346 4991 1523 5044 neque
1575 4985 1723 5030 nent.
1753 4979 2007 5030 Attamen
2060 4977 2186 5030 dico

619 5071 800 5131 vobis,
835 5085 901 5122 ne
947 5069 1298 5123 Salomoncm
1362 5067 1580 5135 quidem
1627 5068 1680 5119 in
1715 5066 1971 5122 universa
2011 5067 2184 5136 gloria

625 5174 720 5212 sua
745 5159 824 5208 sic
853 5159 1116 5211 amictum
1153 5156 1343 5220 fuisse,
1375 5166 1433 5210 ut
1466 5171 1636 5209 unum
1671 5172 1737 5211 cx
1764 5156 1871 5210 bis.

692 5250 717 5303 1
747 5249 885 5304 Tim.
926 5266 984 5303 ιι.
1013 5249 1146 5306 Volo
1176 5249 1430 5304 mulieres
1461 5251 1512 5302 in
1545 5251 1748 5304 amictu
1783 5251 2031 5304 modesto
2054 5265 2180 5303 cum

619 5341 947 5396 verecundia
991 5351 1048 5394 et
1101 5341 1356 5395 castitate
1425 5356 1622 5395 ornare
1661 5341 2007 5410 semetipsas,
2069 5356 2179 5394 non

620 5436 780 5490 tortis
812 5433 1056 5488 crinibus
1087 5443 1180 5487 aut
1208 5449 1344 5488 auro
1377 5443 1472 5486 aut
1499 5433 1833 5504 margaritis,
1864 5442 1958 5487 aut
1987 5434 2185 5489 vestitu

621 5535 964 5594 sumptuoso.

698 5617 947 5672 Proverb.
975 5632 1046 5671 vr.
1079 5614 1158 5670 Ne
1212 5625 1264 5671 te
1291 5618 1474 5671 vincat
1506 5616 1839 5672 desiderium
1887 5617 2188 5686 pulchritu-

619 5707 784 5772 diuis,
817 5723 992 5779 neque
1021 5706 1292 5778 palpebris
1336 5702 1444 5764 tuis
1476 5715 1625 5761 utere
1668 5706 1733 5764 ad
1767 5707 2017 5763 illiciunt.

2288 4571 2464 4626 Γνῶθι
2500 4573 2718 4639 σαυτὸν,
2755 4575 2965 4644 συχνῶς
2997 4576 3210 4640 ἑαυτοῖς
3235 4575 3577 4642 ἐπιλέγουσιν.

2891 4685 3108 4740 ΛΟΓΟΣ
3156 4685 3231 4741 Ξ’.

2863 4801 3003 4871 Περὶ
3035 4801 3326 4868 κάλλους.

2358 4889 2719 4955 Καταμάθετε
2761 4893 2830 4946 τὰ
2861 4894 3021 4963 κρίνα
3067 4893 3162 4946 τοῦ
3205 4892 3392 4964 ἀγροῦ,
3436 4891 3542 4953 πῶς
3569 4884 3769 4950 αὖξάνεν

2292 4977 2352 5028 οὐ
2384 4980 2571 5048 κοπιᾷ,
2600 4981 2721 5032 οὐδὲ
2750 4981 2924 5051 νήθει.
2970 4982 3128 5050 Λέγω
3155 4980 3260 5050 γὰρ
3309 4983 3452 5050 ὑμῖν,
3477 4981 3551 5032 ὃτι
3578 4975 3676 5030 οὐδὲ
3700 4973 3770 5024 Σο·

2289 5065 2471 5136 λομὼν
2509 5070 2570 5122 ἐν
2601 5071 2751 5144 πάσῃ
2801 5075 2867 5142 τῇ
2914 5072 3040 5144 δόξῃ
3089 5072 3256 5127 αὑτοῦ
3307 5070 3629 5141 περιεϐάλετο
3652 5063 3710 5127 ὡς
3728 5060 3771 5113 ἓν

2288 5157 2514 5215 τούτων.

2364 5249 2635 5328 Βούλομαι
2655 5252 2756 5316 τὰς
2779 5257 3044 5320 γυναῖκας
3072 5256 3132 5309 ἐν
3158 5257 3452 5326 καταστολῇ
3475 5251 3651 5319 magis
3669 5239 3772 5315 μετὶ

2287 5343 2469 5408 αἰδοῦς
2497 5347 2592 5398 καὶ
2623 5347 2976 5418 σωφροσύνης
2999 5352 3224 5418 κοσμεῖν
3253 5348 3461 5410 ἑαυτὰς,
3492 5345 3558 5413 μὴ
3580 5344 3628 5391 ἐν
3649 5335 3773 5394 πλέῖ·

2291 5451 2484 5503 ius”!
2518 5436 2551 5505 ἢ
2583 5437 2792 5509 χρυσῷ.
2822 5439 2855 5508 ἢ
2885 5439 3274 5510 μαργαρίταις,
3307 5439 3339 5511 ἢ
3371 5429 3622 5508 ίματισμῷ
3652 5421 3772 5476 solu-

2289 5526 2452 5580 τελεῖ.

2359 5617 2450 5687 Μή
2487 5634 2543 5670 σε
2572 5621 2770 5693 νικήσῃ
2803 5621 3034 5686 κάλλους
3079 5621 3362 5692 ἐπιθυμία,
3403 5615 3526 5690 μηδὲ
3550 5600 3766 5680 ἀγρευθίς

2290 5713 2401 5774 σοῖς
2435 5711 2724 5784 βλεφάροις
2738 5764 2740 5767 .
