3992 6252
204 308 308 374 901

284 418 499 482 καλλος
539 413 839 488 προσώπου
867 415 961 469 ἐπὶ
987 415 1168 486 ἡλικίᾳ
1201 414 1464 485 στασξμῃ.

271 596 366 668 Μὴ
399 595 630 666 βδελύεῃ
663 595 834 663 ἄνδρα
858 597 917 646 ἐν
945 594 1136 665 ὁράσει
1165 593 1357 658 αὑτοῦ,
1394 593 1530 662 μηδὲ
1562 591 1786 660 αἰνέσῃς

201 689 372 759 ἄνδρα
395 691 455 742 ὲν
488 688 679 742 κάλλει
709 687 898 740 αὐτοῦ.

277 781 494 844 Κάλλας
531 781 652 833 ἐστὶ
681 780 740 831 τὸ
781 781 839 832 ὲν
886 781 952 849 τῇ
991 777 1242 834 συνθέσει
1265 779 1374 832 τῶν
1408 779 1586 848 μελῶν
1617 777 1786 848 εὐάρ-

203 887 426 944 μοστον,
457 871 801 925 ἐπανθοῦσαν
828 871 978 942 αὐτῷ
1001 871 1099 941 τὴν
1128 872 1290 942 χάριν
1320 871 1466 942 ἕχον.

269 1051 483 1115 Κάλλος
511 1051 703 1120 νόμιζε
730 1049 831 1118 τὴν
863 1049 1078 1119 φρενῶν
1105 1049 1430 1118 εὐκοσμίαν.

274 1228 388 1281 Οὐκ
421 1227 534 1280 ἀπὸ
561 1227 660 1298 τῆς
707 1225 1074 1289 διαπλάσεως,
1107 1227 1226 1279 ἀλλ’
1256 1227 1381 1295 ζάπὸ
1423 1226 1533 1280 τῶν
1562 1227 1787 1297 τρόπων

200 1321 293 1372 καὶ
322 1320 422 1388 τῆς
452 1320 821 1389 κοσμιότητος
848 1319 909 1370 τὸ
940 1319 1137 1382 κάλλος
1168 1317 1662 1390 χαρακτηρίζεται.

266 1414 360 1475 Εἰς
393 1414 702 1483 κάτοπτρον
744 1410 946 1478 κύψας,
981 1410 1178 1488 θεώρει
1201 1425 1216 1440 ·
1261 1413 1357 1463 καὶ
1386 1411 1436 1464 εί
1470 1410 1573 1480 μὲν
1618 1409 1786 1473 καλὸς

198 1507 399 1574 φαίνει,
438 1505 564 1569 ἄξια
591 1504 786 1558 τούτου
838 1504 1044 1574 πρᾶττε
1069 1519 1082 1533 ·
1120 1505 1168 1556 εί
1209 1503 1267 1556 δὲ
1313 1503 1562 1572 αίσχρὸς,
1594 1501 1656 1555 τὸ
1683 1501 1784 1571 τῆς

196 1599 376 1668 ὅψεως
407 1598 656 1662 ὲλλειπὲς
687 1597 890 1670 ὡράῖζε
923 1595 1326 1666 καλοκάγαθίᾳ.

1010 301 1181 363 LOCl
1217 293 1778 366 COMMUNES.'.—
1811 299 2098 367 PARSOI.
2141 298 2403 362 SERMO
2444 299 2596 363 LXI.

3353 304 3464 370 962

1811 415 1867 476 Α
1965 411 2134 466 Eccli.
2181 428 2326 468 xxvi.
2390 401 2662 468 Venustas
2708 411 2868 468 faciei
2928 411 2984 470 in
3044 413 3223 469 artatis
3278 415 3464 486 vigore

1891 504 2026 576 (vel,
2049 505 2104 558 in
2131 513 2291 558 aetate
2319 503 2644 574 constanti).

1961 594 2103 650 Ibid.
2132 611 2207 650 ιι.
2234 595 2311 650 Ne
2337 597 2670 652 abomineris
2701 611 3032 666 quemquam
3065 596 3119 650 in
3145 596 3291 650 vultu
3319 595 3463 666 ejus,

1888 701 2071 756 neque
2103 687 2418 742 laudaveris
2439 688 2614 741 virum
2653 688 2706 742 iu
2735 688 3147 757 pulchritudine
3175 688 3319 755 ejus.

1959 777 2318 837 Pulchritudo
2347 788 2433 834 est
2454 779 2600 833 bona
2625 780 2715 833 illa
2745 779 3086 833 concinnitas
3121 778 3175 832 in
3235 792 3462 844 compo-

1889 870 2092 925 sitione
2149 871 2543 936 membrorum,
2588 869 2738 925 ﬂoris
2777 871 2953 925 instar
3016 868 3463 938 superinductarn

1889 962 1993 1016 sibi
2026 963 2256 1032 gratiam
2285 962 2513 1017 habens.

1962 1053 2233 1124 Theologi.
2306 1051 2783 1108 Pulchritudinem
2854 1051 3105 1106 existima
3193 1059 3449 1105 ornatqu

1893 1143 2089 1198 animi.

1963 1234 2022 1290 S.
2058 1234 2330 1306 Chrysost.
2363 1233 2479 1289 Non
2509 1236 2567 1290 iu
2610 1233 2865 1302 corporis
2903 1233 3101 1299 forma,
3131 1233 3225 1290 sed
3261 1234 3313 1288 in
3344 1249 3462 1289 mo-

1889 1328 2048 1382 ribus
2078 1337 2133 1382 et
2165 1329 2430 1382 modestia
2457 1327 2815 1396 pulchritudo
2844 1326 2948 1380 sita
2971 1334 3077 1380 est.
3471 1393 3478 1404 .

1959 1416 2258 1471 Plutarchi.
2292 1418 2353 1472 ln
2400 1418 2623 1487 speculo
2654 1426 2706 1470 te
2735 1415 3126 1486 contemplare,
3158 1427 3212 1470 et
3237 1414 3284 1470 si
3335 1414 3454 1483 pul-

1888 1509 2020 1563 cher
2049 1524 2333 1578 appareas,
2374 1523 2439 1562 ea
2490 1507 2576 1562 fac
2615 1522 2734 1576 quae
2779 1508 2975 1561 decent
3020 1507 3346 1576 pulchrum;
3378 1506 3468 1560 sin

1889 1600 2176 1668 deformis,
2232 1603 2287 1656 id
2325 1604 2470 1672 quod
2516 1599 2674 1655 faciei
2728 1599 2886 1656 deest
2922 1600 3206 1653 honestate
3243 1610 3463 1652 morum

1893 1695 2108 1764 supple.

271 1776 522 1838 Αἴσωπος
555 1773 953 1843 ὀνειδιζόμενος
983 1773 1065 1826 ὅτι
1092 1773 1336 1844 χαλεπὴν
1363 1773 1478 1843 ἔχει
1503 1772 1602 1844 τὴν
1628 1772 1777 1844 δψιν,
1818 1748 1821 1806 ί

1931 1747 2202 1855 ήίέῐεοριιε
2233 1787 2303 1841 ob
2353 1785 2757 1841 deformitatem
2805 1785 3078 1854 culpatus,
3134 1781 3316 1852 dixit:
3379 1777 3456 1834 Ne

197 1867 304 1938 ἔφη
329 1884 347 1900 ’
381 1869 474 1936 Μή
509 1885 611 1937 μου
643 1867 703 1920 τὸ
733 1863 895 1933 εἶδος,
939 1865 1056 1919 ἀλλ’
1087 1868 1168 1929 είς
1202 1865 1293 1918 τὸν
1327 1864 1451 1918 νοῦν
1481 1866 1743 1936 πρόσεχε.

272 1960 445 2014 Ὅταν
479 1959 641 2028 φύσει
675 1959 735 2011 τὸ
765 1957 962 2020 κάλλος
995 1959 1270 2028 ὲπικοσμῇ
1306 1957 1508 2028 τρόπος

272 2050 546 2120 Χρηστὸς,
582 2049 881 2111 διπλασίως
917 2049 946 2100 ὁ
985 2045 1227 2119 προσιὼν
1259 2049 1568 2104 ἁλίσκεται.

272 2226 354 2280 Τὰ
385 2227 494 2279 τῶν
529 2224 711 2280 καλῶν
757 2223 1037 2294 φιλήματα
1071 2222 1439 2292 φυλάττεσθαι
1463 2223 1566 2290 δεῖ,
1605 2225 1680 2287 ὡς
1714 2223 1784 2278 τὰ

199 2317 311 2371 τῶν
348 2316 570 2369 ίοδόλων
597 2316 874 2384 δήγματα.

279 2409 560 2476 Διογένης,
577 2407 914 2475 θεασάμενος
946 2405 1229 2475 μειράκιον
1254 2403 1551 2476 εὔμορφον,
1578 2405 1674 2458 καὶ
1698 2404 1786 2458 διὰ
1845 2436 1851 2442 -

203 2497 365 2552 τοῦτο
386 2497 732 2567 φιλούμενον,
762 2497 870 2565 ἔφη
891 2511 906 2526 ·
953 2495 1284 2564 Σπούδασον,
1319 2497 1627 2568 μειράκιον,
1657 2497 1786 2562 τοὺς

194 2591 301 2646 τοῦ
331 2590 584 2662 σώματος
623 2592 858 2659 ἐραστὰς
895 2590 974 2653 είς
1012 2589 1112 2662 τὴν
1137 2589 1314 2661 ψυχὴν
1351 2593 1708 2661 μεταγαγεῖν.

299 2775 362 2828 '0
392 2773 576 2841 αὐτὸς,
610 2772 946 2843 θεασάμενος
975 2773 1257 2828 νεανίσκον
1284 2770 1787 2840 καλλωπιζόμενον,

203 2867 347 2940 ’ἔφη’
381 2871 444 2922 ΕΞ
492 2869 592 2939 μὲν
622 2869 757 2937 πρὸς
788 2868 1011 2939 ἄνδρας,
1051 2868 1270 2939 ἀτυχεῖς
1297 2881 1311 2897 ·
1355 2867 1404 2918 εί
1433 2865 1490 2919 δὲ
1521 2865 1656 2933 πρὸς
1684 2881 1786 2933 γυ-

208 2964 425 3029 ναῖκας,
457 2962 682 3026 ἀδικεῖς.

296 3053 703 3121 ’Δριστοτὲλης,
729 3053 1059 3123 θεασάμενος
1089 3053 1373 3124 μειράκιον
1398 3049 1788 3122 ὡραῖζόμενον,

211 3143 324 3215 ἔφη
349 3163 364 3177 ³
394 3147 509 3199 Οὐκ
556 3147 811 3217 αἰσχύνῃ,
843 3150 948 3211 ὅτι,
973 3148 1072 3215 τῆς
1101 3145 1316 3215 φύσεως
1349 3145 1519 3215 ἀνδρα
1568 3161 1630 3196 σε
1673 3160 1792 3195 ποι-

205 3237 445 3308 ησάσης,
471 3239 660 3292 ἑαυτὸν
681 3239 1024 3309 τεθὴλυκας;

295 3329 358 3382 '0
390 3331 552 3392 αὐτὸς
577 3331 700 3384 νέου
731 3330 873 3392 τινὸς
914 3329 1156 3393 εὐειδοῦς
1183 3329 1283 3399 μὲν
1325 3330 1424 3398 τὴν
1451 3325 1599 3396 δψιν,
1633 3325 1792 3378 ἀσελ-

209 3421 343 3491 γοῦς
377 3421 435 3475 δὲ
469 3423 560 3476 τὸν
589 3423 812 3494 τρόπον,
842 3422 1255 3492 λοιδορουμένου
1287 3419 1454 3474 αὐτοῦ
1474 3419 1570 3471 καὶ
1599 3417 1790 3484 λέγον-

209 3531 323 3580 τος,
376 3515 425 3568 εί
457 3517 672 3586 ίὲπίσης
719 3515 869 3585 αὑτῷ
931 3515 1174 3584 ἐμισεῖτο
1228 3513 1334 3566 ὑπὸ
1377 3512 1486 3566 τῶν
1532 3509 1790 3576 πολιτῶν,

208 3604 500 3676 ἀπήγξατο
527 3607 616 3672 ἂν,
649 3607 784 3675 ἔφη·
829 3605 972 3674 Ἐγὼ
995 3605 1051 3658 δὲ
1083 3604 1423 3676 ἀπηγξάμην
1451 3603 1540 3668 ἂν,
1577 3602 1626 3655 εί
1669 3600 1792 3654 ἐπί-

213 3715 316 3769 σης
347 3714 432 3751 σοι
465 3697 572 3750 τῶν
603 3698 836 3752 πολιτῶν
869 3697 1194 3768 ὲφιλοὺμην.

301 3790 430 3843 Ἐὰν
463 3790 622 3845 κα-λὸν
655 3790 789 3863 ῑχῃς,
817 3791 978 3861 σῶμα
1019 3790 1116 3844 καὶ
1157 3788 1338 3861 ψυχὴν
1367 3788 1570 3859 κακὴν,
1621 3783 1794 3856 καλὴν

210 3886 358 3954 εχεις
390 3882 524 3936 ναῦν
558 3883 653 3936 καὶ
676 3883 846 3935 κακὸν
877 3883 1243 3952 κυϐερνήτην.

287 3977 478 4046 Καλὴν
497 3974 718 4044 γυναῖκ’
760 3975 854 4028 ἐὰν
881 3975 1018 4046 ἴδῃς,
1050 3976 1126 4045 μὴ
1154 3973 1445 4044 θαυμάσῃς
1466 3987 1482 4003 ⁶

286 4069 364 4123 Τὸ
385 4069 494 4138 γὰρ
533 4065 668 4120 πολὺ
697 4065 891 4128 κάλλος
923 4067 1018 4118 καὶ
1041 4065 1226 4134 ψόγων
1251 4062 1468 4116 πολλῶν
1499 4060 1687 4132 γέμει.

289 4245 598 4318 Σιμοκάτου
653 4244 754 4314 τήν
796 4261 856 4297 τε
904 4243 1031 4298 θέαν
1066 4241 1191 4296 οὕτε
1244 4241 1400 4312 λόγος
1447 4241 1796 4313 ἑκφράσειεν,

219 4331 348 4390 οὔτε
391 4333 684 4402 ζωγράφου
733 4335 914 4402 χεῖρες
945 4334 1303 4403 μιμήσαιντο.
1338 4331 1444 4384 Ἦν
1473 4331 1580 4402 γὰρ
1610 4332 1637 4384 ὁ
1677 4345 1800 4384 νεα-

219 4427 344 4488 νίας
392 4423 675 4494 εὖσθενὴς,
718 4423 922 4494 ὄρθιος,
959 4423 1020 4476 τὸ
1070 4423 1444 4493 περιστέρνιον
1493 4422 1717 4486 λάσιος⁹
1748 4421 1800 4476 οι

221 4516 281 4572 δὲ
313 4515 583 4585 ὀφθαλμοὶ
616 4516 874 4585 δορκάδος
917 4514 1089 4585 αὐτῷ,
1122 4514 1182 4567 τὸ
1210 4513 1268 4568 δὲ
1299 4513 1522 4584 βλέμμα
1552 4513 1676 4567 οὔτε
1708 4513 1801 4567 θυι

226 4612 316 4683 μῷ
349 4589 783 4679 φοινισσόμενον,
815 4606 942 4659 οὔτε
991 4604 1382 4675 μαλακώτερον
1413 4607 1480 4676 τῇ
1517 4605 1800 4674 ὑγρότητι,

223 4702 343 4759 ἀλλ’
372 4703 618 4772 ἀνδρεῖον
647 4702 746 4753 καὶ
777 4699 952 4775 πρᾶον
1004 4695 1176 4765 δμοῦ’
1232 4698 1267 4766 ἡ
1315 4695 1375 4749 δὲ
1420 4696 1580 4767 χροιά
1626 4697 1660 4767 ἠ
1709 4693 1804 4750 τοῦ

227 4795 487 4864 σώματος
523 4793 650 4846 οὔτε
696 4794 834 4863 πρὸς
866 4792 927 4844 τὸ
963 4787 1342 4860 μελανὼτερον
1379 4789 1802 4858 μετεσκεύαστο.

235 4888 308 4943 Ἦ
335 4887 397 4942 δὲ
425 4887 549 4957 θρὶξ
577 4886 762 4956 ἠρέμα
791 4901 908 4946 πως
935 4881 1328 4950 ἑπεκὸμαινεν,
1362 4881 1420 4932 ἐν
1448 4881 1516 4949 τῇ
1555 4879 1807 4950 οὐλότητι

229 4979 588 5044 κυανίζουσα.
631 4977 696 5030 Αἱ
726 4975 784 5027 δὲ
814 4973 1041 5044 παρειαὶ
1100 4970 1225 5026 οὔτε
1259 4971 1498 5043 κατὲρῤυ
1551 4967 1810 5041 [κατέρυ.

227 5071 407 5145 θραιι,
438 5067 772 5138 γυναικῶδες
814 5065 946 5136 γὰρ,
987 5063 1112 5119 οὕτε
1163 5064 1325 5118 πάλιν
1389 5061 1662 5145 ῶχρότητι
1709 5061 1809 5130 τὴν

227 5139 570 5236 {inretitam
599 5151 1017 5226 ὲπεστύγναζον.
1071 5221 1074 5224 γ
1393 5139 1438 5149 κ

304 5199 1120 5320 ἒῖλλδζόξύτερονᾳτιτρῶσκει
1174 5247 1382 5317 βέλους,
1443 5256 1538 5300 και
1584 5243 1675 5300 διὰ
1700 5213 1814 5313 τῶν
1848 5199 1862 5213 .

226 5342 528 5416 ὀφθαλμῶν
553 5342 635 5405 εις
665 5340 763 5411 τὴν
789 5339 967 5412 ψυχὴν
997 5339 1287 5409 καταρρεῖ.

837 5431 1056 5494 ΛΟΓΟΣ
1089 5430 1212 5484 ΞΝ.

820 5521 960 5591 Περὶ
998 5520 1212 5590 δόξης.

306 5621 534 5693 Ζητεῖτε
567 5622 782 5687 πρῶτον
823 5616 922 5687 τὴν
958 5614 1234 5684 βασιλείαν
1256 5613 1353 5668 τοῦ
1396 5612 1530 5667 Θεοῦ
1591 5615 1686 5668 καὶ
1713 5612 1812 5683 τὴν

229 5711 588 5791 δικαιοσύνην
620 5707 811 5777 αὑτοῦ,
839 5707 944 5770 καὶ
962 5704 1138 5772 ταῦτα
1166 5706 1346 5769 πάντα
1372 5704 1809 5770 ,προστεθήσεται

233 5809 269 5862 ὑ
276 5808 366 5880 μῖύ
375 5843 396 5864 ο

1889 1878 2020 1931 mihi
2059 1881 2308 1943 formam,
2340 1878 2433 1933 sed
2466 1887 2702 1932 mentem
2737 1876 2945 1945 aspice.

1957 1971 2091 2026 Cum
2124 1984 2332 2026 natura}
2362 1979 2700 2025 νειιυειιιιθιιι
2732 1967 3118 2024 exornavcriut
3157 1980 3342 2020 mures

1960 2062 2146 2128 Probi,
2187 2063 2473 2134 dupliciter
2501 2063 2696 2134 aliquis
2742 2064 3007 2118 accedens
3059 2061 3294 2128 capitur.

2935 2151 3238 2222 (Menandri
3252 2150 3290 2219 .)

1963 2247 2222 2301 Socratis.
2253 2245 2448 2302 Oscula
2484 2246 2852 2302 formosorum
2903 2245 3143 2300 cavenda
3179 2254 3327 2308 sunt,
3359 2242 3468 2299 sie-

1891 2349 1954 2394 ttt
1977 2353 2191 2394 morsus
2221 2347 2608 2394 venenatorum
2649 2337 2989 2392 animalium.

1967 2429 2245 2500 Diogenes.
2279 2427 2547 2497 Diogenes
2577 2443 2702 2482 cum
2736 2426 2962 2480 vidisset
3000 2424 3298 2478 formosum
3331 2424 3466 2479 ado-

1892 2522 2186 2579 lescentem
2218 2521 2408 2577 formae
2437 2535 2602 2576 causa
2629 2520 2825 2583 amari,
2857 2518 3034 2575 dixit:
3073 2517 3215 2584 Quin
3241 2533 3464 2586 operam

1895 2617 2013 2678 des,
2044 2615 2390 2676 adolescens,
2439 2618 2499 2666 ut
2541 2611 2793 2680 corporis
2823 2621 3099 2666 amatores
3129 2610 3197 2664 ad
3227 2610 3468 2664 animam

1895 2702 2217 2758 transferas.

1967 2792 2111 2846 Idem
2161 2802 2458 2861 conspecto
2508 2789 2855 2844 adolescente
2926 2789 3019 2858 qui
3079 2803 3140 2842 se
3204 2787 3457 2854 ornabat,

1895 2884 2069 2940 dixit:
2105 2883 2163 2938 Si
2194 2883 2325 2938 viris
2377 2883 2598 2952 quidem
2651 2893 2704 2936 te
2763 2897 2950 2948 ornas,
2994 2882 3183 2938 infelix
3217 2897 3316 2946 es;
3371 2884 3462 2938 sin

1900 2977 2245 3042 mulieribus,
2283 2975 2546 3045 iujustus.

1964 3067 2284 3124 Aristoteles
2303 3082 2428 3122 cum
2468 3067 2867 3124 adolescentem
2891 3083 2950 3124 se
2973 3084 3172 3124 ornare
3205 3069 3452 3132 vidisset,

1898 3158 2064 3217 dixit:
2095 3155 2215 3232 Non
2263 3157 2561 3224 erubescis,
2599 3157 2742 3227 quod
2791 3173 2918 3214 cum
2952 3169 3149 3216 natura
3181 3171 3232 3214 te
3281 3160 3464 3232 virum

1897 3246 2108 3312 fecerit,
2146 3230 2303 3318 105
2331 3256 2390 3306 tu
2423 3248 2656 3318 teipsum
2693 3247 3029 3304 efleminaris
3057 3248 3081 3302 ἳ
3295 3230 3313 3239 ”

1967 3339 2112 3393 ldem
2150 3353 2277 3393 cuin
2304 3340 2522 3407 juveuis
2577 3341 2802 3410 quidam
2856 3341 2996 3396 facie
3043 3339 3340 3404 formosus,
3371 3340 3468 3394 sed

1897 3431 2147 3487 moribus
2179 3435 2454 3502 petulans,
2509 3433 2651 3488 inter
2679 3433 2786 3488 alia
2835 3433 3086 3488 convicia
3121 3432 3170 3486 ei
3210 3433 3418 3486 diceret
3449 3447 3465 3484 :

1899 3521 1958 3578 Si
1989 3533 2099 3579 tam
2127 3539 2326 3580 exosus
2352 3539 2526 3582 essem
2574 3525 2808 3590 civibus,
2839 3535 2900 3578 ut
2937 3533 2996 3578 tu
3027 3538 3108 3588 es,
3140 3523 3335 3592 laqueo
3379 3523 3466 3576 vi-

1901 3625 2012 3670 tam
2069 3615 2321 3692 (inirem;
2349 3617 2674 3686 respondit:
2704 3616 2819 3686 Ego
2859 3631 2988 3670 vero
3023 3615 3281 3684 laqueum
3329 3616 3466 3670 mihi

1901 3705 2187 3769 inferrem,
2211 3708 2257 3762 si
2284 3707 2358 3761 ita
2382 3721 2470 3760 me
2503 3706 2652 3762 cives
2682 3715 2930 3761 amarent
2960 3714 3020 3760 ut
3047 3713 3122 3760 te.

1969 3799 2248 3854 Isocratis.
2274 3795 2332 3851 Si
2365 3797 2653 3866 pulchrum
2687 3795 2784 3849 tibi
2817 3809 3016 3864 corpus
3062 3807 3168 3861 cat,
3197 3807 3250 3850 ct
3290 3796 3471 3852 anima

1900 3890 2067 3951 mala,
2094 3889 2294 3944 bertam
2315 3887 2496 3940 navim
2519 3885 2691 3940 habes
2720 3895 2776 3940 et
2791 3886 2994 3940 malum
3021 3887 3470 3954 gubernatorem.

1902 3981 2198 4036 Pulchram
2227 3979 2506 4034 mulierem
2538 3978 2586 4033 si
2616 3975 2785 4041 vides,
2823 3993 2892 4032 ne
2924 3976 3175 4042 mireris;

1905 4068 2128 4125 Eximia
2145 4068 2293 4122 enim
2324 4066 2500 4122 forma
2526 4066 2712 4123 multis
2732 4067 2894 4121 etiam
2927 4067 3253 4122 criminibus
3273 4077 3472 4123 scatet.

3057 4154 3285 4222 (Incerti
3293 4160 3330 4222 .)

1973 4243 2298 4300 Simocatus.
2334 4245 2601 4308 Simocati
2626 4245 2860 4310 formam
2894 4262 2996 4301 nec
3026 4247 3336 4315 exprimere
3361 4262 3478 4302 ser—

1906 4351 2017 4402 mo,
2050 4352 2228 4409 neque
2272 4352 2472 4392 manus
2512 4337 2730 4407 pictoris
2787 4341 2980 4394 imitari
3043 4349 3310 4408 poterant.
3344 4341 3480 4396 Erat

1835 4450 1882 4510 ι)
1907 4427 2056 4480 enim
2102 4427 2326 4496 juvenis
2369 4431 2655 4494 robustus,
2682 4441 2921 4496 erectus,
2978 4430 3195 4485 hirsuto
3236 4442 3476 4501 pectore,

1909 4519 2089 4573 oculis
2123 4520 2386 4588 capreoli,
2436 4521 2558 4576 visu
2584 4533 2766 4575 autem
2801 4536 2978 4590 neque
3021 4522 3215 4576 minaci
3244 4533 3298 4576 et
3329 4525 3481 4576 rubi-

1909 4608 2112 4675 cundo,
2154 4624 2333 4678 neque
2366 4609 2591 4664 humido
2637 4621 2691 4664 et
2727 4611 2895 4675 molli,
2921 4611 3015 4666 sed
3048 4613 3191 4664 virili
3238 4615 3398 4666 simul
3425 4625 3478 4668 et

1907 4697 2068 4751 miti:
2098 4699 2346 4767 corporis
2383 4697 2588 4761 colore.
2627 4714 2726 4752 nec
2753 4699 2972 4752 albebat
3015 4699 3265 4761 nimium,
3305 4715 3480 4768 neque

1909 4787 2241 4854 nigricabat.
2268 4788 2534 4844 Caesaries
2559 4802 2687 4843 vero
2709 4788 2924 4857 placide
2949 4789 3273 4857 ﬂuctuabat,
3300 4792 3479 4862 cripsa

1910 4889 1966 4934 et
1992 4878 2325 4935 subcaerulei
2379 4877 2602 4933 coloris.
2632 4877 2882 4954 Denique
2903 4893 3076 4950 gena.
3099 4895 3276 4949 neque
3316 4883 3478 4938 rubeo

1907 4971 2061 5046 bant,
2091 4969 2234 5038 quod
2257 4967 2522 5025 muliebre
2548 4976 2654 5037 est,
2689 4984 2866 5040 neque
2891 4970 3458 5040 pallore'venustatem

1909 5063 2296 5120 obfuscabant.

1981 5245 2288 5315 Leucippes.
2341 5244 2703 5301 Pulchritudo
2758 5246 2980 5302 acutius
3035 5247 3146 5304 telo
3201 5249 3477 5316 vulnerat,

1911 5347 1965 5395 et
1987 5353 2085 5407 per
2107 5337 2301 5394 oculos
2333 5337 2392 5391 in
2419 5337 2671 5392 animam.
2694 5337 2910 5393 defluit.
3029 5391 3032 5394 .

2333 5425 2568 5486 SERMO
2600 5427 2715 5483 LXI
2763 5427 2860 5499 [ιιι.
2889 5427 3061 5501 cxi].

2549 5519 2624 5574 De
2653 5518 2849 5590 gloria.
2983 5500 2993 5508 ’

1982 5610 2178 5665 Matth.
2206 5625 2284 5664 vt.
2311 5609 2550 5675 Quaarite
2584 5608 2820 5679 primum
2870 5622 3096 5679 regnum
3146 5607 3240 5662 Del
3287 5618 3342 5664 et
3393 5609 3478 5678 iu-

1915 5702 2118 5760 stitiam
2141 5701 2286 5774 eius,
2308 5711 2362 5758 et
2389 5703 2503 5757 haec
2533 5700 2729 5774 ouiuia.
2764 5699 3092 5768 adjiciantur
3123 5697 3300 5752 vobis.
