3992 6252
489 281 597 350 εει

1720 277 1969 341 ANTUN
1983 277 2039 338 [Ι
2082 277 2429 340 MELISSE

559 391 716 447 Rom.
741 404 854 447 vni.
888 390 1006 447 Non
1033 388 1414 460 comparanda:
1436 399 1562 446 sunt
1582 389 1903 444 amictiones
1931 403 2071 456 prae-

2245 391 2362 443 Ούκ
2405 388 2529 454 ἄξια
2560 386 2627 440 τὰ
2657 385 2956 454 παθήματα
2992 382 3082 436 τοῦ
3114 379 3211 433 νῦν
3245 376 3442 446 καιροῦ
3475 373 3617 445 πρὸς
3648 376 3755 443 τὴν

493 483 670 542 sentis
700 484 959 554 temporis
990 497 1115 539 cum
1146 482 1320 554 gloria
1368 481 1549 540 iutura
1578 497 1700 552 qua:
1739 480 2066 534 revelabitur

494 575 671 631 nobis.

565 669 726 725 Prov.
746 683 804 722 tn
832 665 1116 736 Sapientes
1136 663 1363 734 gloriam
1386 662 1759 734 possidebunt,
1787 661 1939 732 impii
1970 673 2067 713 au-

498 772 606 814 tent
631 761 758 814 dum
801 759 1115 814 evehuntur
1145 757 1502 826 ignominiam
1537 755 1852 826 acquirunt.
1894 782 1908 794 -

565 849 727 904 Prov.
763 864 875 903 xxi.
925 846 1021 902 Via
1059 847 1285 918 iustitiae
1328 853 1386 902 et
1410 845 1798 901 misericordia:
1829 843 2068 899 inveniet

496 943 664 996 vitam
699 950 754 996 et
795 942 1046 1012 gloriam.

537 1032 926 1103 ‘Sapientibus
975 1031 1133 1087 adest
1184 1031 1356 1086 timor
1403 1029 1622 1086 Domini
1665 1039 1722 1085 et
1774 1027 1977 1084 divitiae
2014 1038 2069 1082 ct

497 1126 671 1198 gloria
695 1133 752 1179 et
785 1125 917 1178 vita.

569 1216 736 1270 Eccli.
767 1231 867 1271 vti.
889 1213 968 1271 Ne
996 1214 1258 1270 ridiculus
1285 1214 1384 1269 tias
1411 1213 1466 1268 in
1507 1211 1678 1283 gloria
1706 1219 1821 1277 tua,
1851 1220 1907 1266 et
1936 1220 2070 1265 tem-

497 1324 633 1379 pore
657 1308 842 1380 gloriae
869 1325 936 1363 ne
963 1307 1263 1364 extollaris.

571 1399 650 1455 Ne
705 1410 856 1469 petas
904 1399 1269 1470 principatum
1327 1411 1360 1450 a
1415 1395 1668 1457 domino.
1707 1407 1806 1448 nec
1864 1406 1896 1446 a
1947 1407 2072 1462 rege

499 1490 697 1546 s‘olium
731 1490 938 1561 gloriae.

570 1580 726 1635 Multi
781 1588 1033 1650 potentes
1071 1593 1268 1650 magna
1327 1579 1628 1650 ignominia
1685 1576 1867 1634 affecti
1916 1581 2068 1639 sunt,

501 1681 555 1722 et
577 1669 802 1736 gloriosi
838 1669 891 1722 in
929 1684 1120 1724 manus
1143 1669 1376 1724 aliorum
1410 1669 1594 1723 traditi
1623 1678 1774 1724 sunt.

576 1757 722 1814 Ibid.
757 1776 832 1815 nt.
863 1759 944 1815 Ne
969 1759 1245 1814 :emuleris
1277 1756 1509 1828 gloriam
1553 1767 1931 1828 peccatorum.

575 1851 724 1906 Ibid.
748 1869 821 1907 iv.
858 1852 1093 1920 Magnati
1122 1851 1351 1906 humilia
1382 1859 1546 1921 caput
1575 1861 1752 1906 tuum.

582 1943 728 1997 Ibid.
765 1959 887 1999 vui.
919 1941 999 1998 Nc
1044 1940 1347 1997 contendas
1393 1955 1520 1996 cuin
1570 1941 1800 1999 homine
1828 1951 2068 2014 potente,

505 2052 576 2094 ne
606 2037 822 2108 quando
857 2035 1066 2091 incidas
1102 2038 1158 2089 in
1185 2049 1380 2089 manus
1402 2033 1546 2104 ejus.

578 2130 719 2184 Cum
765 2135 1043 2196 tepotens
1073 2125 1272 2193 aliquis
1307 2125 1376 2179 ad
1419 2139 1481 2180 se
1529 2133 1711 2192 vocat,
1755 2123 1959 2190 cedite,
2019 2137 2076 2182 et

507 2231 641 2276 tunc
681 2217 919 2273 maxime
950 2227 1003 2273 te
1029 2216 1266 2273 vocabit.

576 2308 701 2364 Noli
730 2315 785 2364 te
815 2321 1000 2378 parem
1022 2305 1206 2362 facere
1235 2304 1588 2376 magnatibus
1621 2307 1674 2360 in
1704 2304 1884 2361 medio
1921 2303 2077 2375 ipson

507 2417 654 2458 rum.

586 2497 647 2553 S.
681 2495 893 2552 Basilii.
933 2495 992 2550 Si
1025 2495 1255 2564 gloriam
1279 2499 1506 2563 quaeris,
1552 2502 1605 2550 et
1643 2496 1797 2563 cupis
1831 2494 2082 2564 superior

507 2589 697 2644 multis
727 2587 922 2652 videri,
950 2597 1005 2642 et
1033 2588 1088 2641 in
1115 2586 1281 2642 rebus
1308 2583 1605 2640 mundanis
1625 2584 1811 2641 clarus
1835 2585 1976 2652 ﬁeri,
2005 2587 2083 2643 sis

504 2682 710 2751 justus,
762 2689 1092 2748 temperans,
1134 2675 1395 2747 prudens,
1441 2675 1624 2742 fortis,
1660 2685 1718 2732 et
1763 2677 1978 2748 patiens
2026 2678 2084 2733 in

509 2771 675 2841 106
694 2769 941 2824 adversis
969 2781 1067 2838 pro
1094 2766 1360 2837 religione
1383 2766 1772 2836 suscipiendis.
1812 2767 1906 2824 Sic
1930 2769 2078 2824 enim

500 2870 564 2918 et
592 2864 826 2931 teipsnm
872 2857 1143 2923 servabis,
1165 2864 1222 2912 et
1254 2869 1352 2926 per
1385 2854 1594 2926 majora
1643 2856 1784 2913 hora
1824 2858 2085 2928 majorem

507 2951 737 3021 adeptus
762 2949 871 3004 eris
895 2948 1266 3018 splendorem.

580 3039 878 3096 Praesident
903 3037 1237 3094 conditionis
1251 3051 1366 3094 sua
1384 3039 1623 3109 dignitas
1648 3051 1718 3093 ne
1745 3036 1990 3098 extollat,
2017 3051 2084 3094 ne

504 3132 728 3189 excidat
773 3131 1128 3187 beatitudinis
1157 3130 1430 3200 praeconio
1457 3127 1746 3185 humilitati
1778 3127 2083 3199 proposito.

585 3223 862 3292 Ejusdem.
923 3221 1164 3277 Debebat
1206 3219 1374 3276 homo
1426 3219 1486 3276 in
1534 3219 1705 3290 gloria
1751 3233 1873 3289 qua:
1916 3232 2089 3289 penes

511 3311 686 3368 Deum
717 3321 804 3368 est
833 3325 1074 3380 manere,
1107 3320 1162 3366 et
1188 3311 1270 3367 sic
1316 3325 1428 3368 non
1468 3310 1650 3367 ﬁctam
1681 3310 2083 3377 celsitudinem,

511 3405 610 3461 sed
639 3418 847 3468 veram,
888 3402 983 3458 Dei
1011 3401 1254 3473 petentia
1278 3410 1588 3473 promotus,
1623 3402 1908 3460 habuisset
1937 3417 1951 3456 :
1991 3403 2090 3458 sed

514 3497 782 3568 quoniam
811 3495 1012 3550 divinae
1034 3493 1222 3566 gloriae
1250 3493 1587 3550 desidet-iu
1609 3493 1882 3567 deposuit,
1916 3494 2092 3565 maje-

517 3604 634 3643 rem
671 3596 1019 3657 exspectans,
1052 3594 1109 3642 et
1135 3586 1285 3656 quod
1315 3586 1540 3657 assequi
1565 3601 1676 3643 non
1703 3595 1920 3659 poterat
1943 3586 2090 3644 desi-

514 3679 739 3742 derans,
770 3678 824 3733 id
851 3677 1020 3733 etiam
1056 3677 1298 3747 perdidit
1324 3677 1468 3748 quod
1503 3677 1708 3735 habere
1731 3685 1966 3749 poterat.

589 3763 868 3835 Ejusdem.
892 3763 1044 3820 'Volo
1071 3764 1172 3818 tibi
1217 3764 1598 3822 vehementius
1643 3765 1811 3822 inseri
1851 3767 2091 3822 admira-

517 3857 722 3911 tionem
765 3855 1084 3911 creationis.
1120 3851 1368 3911 Primum
1416 3857 1584 3928 igitur
1615 3871 1742 3914 cum
1782 3857 1934 3915 vides
1967 3859 2092 3914 her-

515 3950 642 4003 bam
677 3947 939 4019 graminis
967 3955 1024 4004 et
1053 3946 1274 4015 ﬂorem,
1300 3947 1370 4004 ad
1402 3949 1654 4004 humanm
1678 3957 1886 4006 naturae
1914 3951 2092 4006 consi-

519 4039 862 4095 derationem
913 4049 964 4096 te
1019 4051 1314 4097 convertas
1335 4083 1352 4108 ,
1402 4055 1616 4097 memor
1659 4043 2091 4113 camparationis

517 4131 664 4202 apud
709 4131 1012 4201 sapientem
1054 4131 1282 4199 Isaiam,
1312 4133 1460 4201 quod
1508 4133 1690 4189 omnis
1733 4148 1864 4188 caro
1904 4133 2090 4190 fenum

516 4224 616 4290 sit,
661 4233 718 4279 et
757 4223 937 4278 omnis
991 4222 1162 4294 gloria
1202 4223 1442 4278 hominis
1493 4233 1755 4294 tanquam
1807 4225 1909 4280 tios
1957 4224 2089 4282 feni.

521 4313 660 4370 Nam
713 4316 877 4384 hujus
929 4312 1055 4368 vitae
1103 4313 1364 4378 brevitas,
1417 4321 1474 4368 et
1519 4321 1630 4368 tam
1661 4314 1813 4371 brevi
1848 4328 2092 4385 tempore

2175 481 2480 550 μέλλουσαν
2513 479 2668 544 δόξαν
2699 474 3155 544 ἀποκαλυφθῆναι
3178 475 3258 535 εἰς
3286 471 3460 541 ἡμᾶς.

2245 657 2415 723 Δόξαν
2451 657 2603 724 σοφοὶ
2631 655 3128 724 κληρονομήσουσι,
3173 652 3223 706 oi
3266 651 3324 704 δὲ
3353 649 3576 712 ἀσεϐείς
3608 644 3764 718 ὑψώ-

2176 765 2364 802 σουσιν
2393 748 2660 818 ἀτιμίαν(

2264 841 2418 908 Ὁδὸς
2443 841 2797 910 δικαιοσύνης
2829 842 2925 896 καὶ
2953 837 3328 910 ὲλεημοσύνης
3351 837 3590 906 εῧρῆσει,
3611 832 3766 902 ζωὴν

2176 937 2269 992 καὶ
2293 936 2472 1002 δόξαν.

2245 1029 2415 1098 Γενεᾷ
2446 1028 2586 1098 σοφῇ
2621 1024 2789 1097 φόϐος
2827 1025 3054 1097 Κυρίου,
3085 1025 3176 1078 καὶ
3210 1023 3464 1089 πλοῦτος,
3488 1023 3588 1077 καὶ
3611 1023 3764 1090 δόξα,

2175 1121 2270 1174 καὶ
2307 1118 2443 1188 ζωή.

2245 1212 2339 1281 Μὴ
2366 1212 2455 1274 δὸς
2484 1209 2675 1280 μῶμον
2719 1211 2778 1266 ὲν
2811 1212 2880 1281 τῇ
2907 1209 3036 1282 δόξῃ
3067 1225 3184 1274 σου,
3219 1207 3312 1263 καὶ
3355 1208 3415 1260 ὲν
3443 1207 3633 1278 ἡμέρᾳ
3678 1207 3767 1260 διό-

2177 1303 2275 1370 ξης
2310 1301 2386 1372 μὴ
2419 1299 2670 1372 ὲπαίρου.

2246 1393 2342 1464 Μὴ
2397 1393 2548 1463 ζήτει
2587 1393 2738 1464 παρὰ
2794 1394 2984 1464 κυρίου
3040 1392 3361 1462 ἡγεμονίαν,
3416 1389 3555 1460 μηδὲ
3608 1390 3766 1458 παρὰ

2143 1545 2145 1548 ς
2179 1483 2444 1556 βασιλέως
2469 1485 2738 1554 καθέδραν
2766 1482 2948 1554 δόξης.

2254 1575 2447 1630 Πολλοὶ
2478 1577 2736 1630 δυνάσται
2781 1577 3167 1647 ὴτιμάσθησαν
3211 1575 3445 1646 σφόδρα,
3491 1575 3591 1630 καὶ
3621 1573 3765 1627 ἔνδο-

2180 1665 2262 1733 ξοι
2293 1668 2666 1738 παρεδόθησαν
2698 1670 2782 1732 είς
2817 1671 3006 1740 χεῖρας
3031 1671 3258 1739 ἑτέρων.

2109 1743 2150 1798 Β
2248 1759 2340 1829 Μὴ
2369 1757 2637 1829 ζηλώσεις
2665 1759 2826 1827 δόξαν
2853 1760 3220 1831 ἁμαρτωλῶν.

2249 1852 2554 1920 Μεγιστᾶνι
2581 1852 2840 1906 ταπείνου
2875 1852 2977 1921 τὴν
3008 1851 3254 1922 κεφαλήν
3284 1869 3401 1907 σου.

2256 1943 2350 2014 Μὴ
2392 1943 2663 2013 διαμάχου
2699 1943 2841 2014 μετὰ
2877 1942 3167 2013 ἀνθρώπου
3198 1943 3488 2010 δυνάστου,
3523 1945 3598 2016 μή
3629 1961 3768 2000 ποτε

2178 2038 2428 2108 ἑμπέσῃς
2461 2037 2541 2098 είς
2569 2035 2671 2100 τὰς
2703 2039 2894 2106 χεῖρας
2924 2035 3114 2090 αὑτοῦ.

2251 2127 2743 2200 Προσκαλουμένου
2792 2145 2854 2180 σε
2905 2128 3167 2182 δυνάστου
3219 2129 3533 2200 ὑποχωρῶν
3585 2130 3767 2199 γίνου,

2181 2220 2278 2273 καὶΙ
2303 2218 2424 2272 τότε
2457 2218 2695 2288 μάλιστα
2727 2218 3191 2288 προσκαλέσεται.

2263 2310 2354 2363 Ἐν
2382 2309 2533 2379 μέσῳ
2571 2308 2915 2379 μεγιστάνων
2952 2307 3030 2378 μὴ
3057 2309 3332 2373 ὲξισάζου.

2253 2485 2318 2538 Ei
2344 2483 2502 2555 δόξης
2529 2482 2839 2552 ἐπιθυμεῖς,
2868 2481 2965 2535 καὶ
2993 2479 3175 2549 βοῢλει
3204 2481 3313 2534 τῶν
3341 2481 3560 2534 πολλῶν
3597 2483 3772 2552 ὑπερ-

2184 2577 2494 2640 ϐαίνεσθαι,
2519 2576 2612 2632 καὶ
2638 2575 2928 2644 εὐδόκιμος
2959 2576 3016 2627 ὲν
3042 2577 3156 2636 τοῖς
3187 2575 3472 2643 κοσμικοτς
3506 2576 3770 2644 πράγμα-

2189 2689 2242 2724 σι
2288 2670 2564 2737 γίνεσθαι,
2616 2669 2708 2722 ἔσο
2759 2667 2984 2728 δίκαιος,
3035 2665 3290 2735 σώφρων,
3336 2667 3635 2736 φρόνιμος,
3673 2669 3768 2718 ἀν.

2186 2757 2382 2828 δρεῖος,
2409 2755 2816 2827 ὑπομονητικὸς
2846 2755 2906 2806 ὲν
2935 2755 3050 2818 τοῖς
3088 2755 3231 2827 ὑπὲρ
3261 2756 3550 2818 εὐσεϐείας
3586 2755 3770 2823 παθή-

2193 2868 2379 2920 μασιν.
2435 2849 2596 2903 Οὖτω
2648 2848 2760 2919 γὰρ
2817 2849 2914 2902 καὶ
2970 2849 3196 2902 σεαυτὸν
3253 2852 3471 2917 σώσεις,
3527 2855 3621 2906 καὶ
3672 2856 3771 2907 ἐπὶ

2193 2941 2437 3012 μείζοσιν
2462 2941 2686 3008 ἀγαθοῖς
2723 2940 2943 3008 μείζονα
2973 2939 3114 3006 ἔξεις
3155 2939 3254 3010 τὴν
3286 2943 3666 3012 περιφάνειαν.

2265 3032 2371 3086 Τὸν
2399 3031 2722 3101 προεστῶτα
2753 3032 2830 3102 μὴ
2873 3032 3150 3100 ὲπαιρέτω
3187 3031 3250 3084 τὸ
3295 3033 3536 3103 ἀξίωμα,
3573 3035 3657 3088 ἵνα
3688 3036 3772 3106 μὴ

2191 3123 2403 3196 ἐκπέσῃ
2431 3122 2527 3176 τοῦ
2558 3121 2914 3192 μακαρισμοῦ
2945 3121 3046 3191 τῆς
3072 3127 3603 3195 ταπεινοφροσύνης.

2267 3215 2520 3283 Ὅφειλεν
2552 3213 2840 3282 ἄνθρωπος
2863 3215 2922 3266 ἔν
2947 3216 3013 3284 τῇ
3045 3213 3194 3283 παρὰ
3217 3213 3336 3282 Θεῷ
3361 3213 3490 3284 δόξῃ
3526 3232 3594 3284 με
3603 3231 3769 3284 μενη-

2189 3307 2366 3371 κέναι,
2406 3306 2506 3359 καὶ
2529 3303 2674 3375 εἶχεν
2701 3306 2769 3362 ἂν
2797 3305 2936 3375 ὕψος
2959 3306 3059 3359 οὐκ
3090 3305 3442 3371 ἐπίπλαστον,
3485 3305 3607 3360 ἀλλ’
3636 3307 3769 3378 ﬂvi-

2189 3397 2361 3462 θινδν,
2389 3397 2620 3465 δυνάμει
2649 3395 2787 3450 Θεοῦ
2815 3397 3271 3467 μεγαλυνόμενος.
3312 3397 3535 3466 Ἐπειδὴ
3576 3401 3636 3453 δὲ
3667 3400 3771 3470 τήν

2189 3490 2292 3560 τῆς
2333 3488 2485 3554 Θείας
2533 3489 2695 3561 δόξης
2733 3492 3030 3562 ἐπιθυμίαν
3082 3493 3350 3563 μετέθηκε
3397 3491 3492 3547 καὶ
3542 3493 3770 3564 μείζονα

2189 3583 2570 3656 προσδοκήσας
2596 3624 2614 3653 ,
2673 3584 2920 3648 σπεύσας
2950 3586 3090 3656 ὅπερ
3137 3587 3242 3641 οὐκ
3272 3586 3506 3658 ἠδύνατο
3557 3587 3764 3652 λαϐεῖν,

2083 3715 2088 3717 -
2190 3674 2476 3731 ἀπώλεσεν
2506 3676 2645 3742 ὅπερ
2678 3678 2822 3748 ἔχειν
2853 3677 3129 3747 ὴδύνατο.⁹

2263 3768 2538 3838 Βούλομαι
2582 3783 2666 3824 σοι
2714 3771 3074 3841 σφοδρότερον
3103 3771 3210 3841 τῆς.
3255 3773 3485 3835 κτίσεως
3517 3773 3764 3843 ὲνιδρυν·

2192 3857 2353 3927 θῆναι
2385 3858 2446 3912 τὸ
2475 3858 2682 3929 θαῦμα.
2715 3860 2943 3931 Πρῶτον
2974 3863 3074 3931 μὲν
3099 3859 3194 3917 οὖν
3229 3864 3356 3917 ὅταν
3390 3864 3518 3936 ίδῃς
3537 3863 3768 3934 βοτάνην

2191 3949 2386 4018 χόρτου
2419 3950 2526 4004 καῖ
2545 3950 2725 4016 ἄνθος,
2753 3953 2834 4017 είς
2865 3953 3077 4006 ἔννοιαν
3100 3954 3261 4024 ἔρχου
3293 3955 3390 4022 τῆς
3413 3955 3766 4026 ἀνθρωπίνης

2193 4039 2432 4108 φύσεως,
2462 4042 2814 4111 μεμνημένος
2833 4044 2936 4112 τῆς
2962 4044 3170 4108 εἰκόνος
3194 4043 3288 4098 τοῦ
3317 4045 3482 4114 σοφοῦ
3520 4048 3763 4112 Ἡσαΐου,

2191 4130 2275 4183 ὅτι
2307 4150 2325 4182 ι
2369 4131 2524 4186 Πᾶσα
2561 4132 2701 4202 σὰρξ
2738 4134 2952 4204 χόρτος,
2985 4135 3082 4188 καὶ
3123 4138 3275 4189 πᾶσα
3316 4137 3446 4202 δόξα
3474 4138 3764 4208 ἀνθρώπου

2192 4219 2270 4284 ὡς
2301 4219 2464 4283 ἄνθος
2507 4223 2727 4291 χόρτου.
2767 4242 2786 4275 i
2815 4223 2893 4276 ’Τδ
2919 4225 3028 4296 γὰρ
3060 4224 3431 4296 ὀλιγοχρόνιον
3461 4230 3562 4297 τῆς
3595 4231 3761 4297 ζωῆς,

2197 4311 2292 4364 καὶ
2332 4311 2397 4364 τὸ
2425 4312 2484 4366 ἐν
2515 4311 2684 4384 ὀλίγῳ
2711 4315 3010 4385 περιχαρὲς
3043 4317 3138 4370 καὶ
3185 4319 3372 4389 ίλαρδν
3414 4322 3517 4390 τῆς
3555 4323 3766 4388 ἀνθρω-

521 4405 738 4460 durans
791 4405 1044 4458 humana:
1101 4403 1382 4459 felicitatis
1436 4402 1624 4458 laetitia
1689 4413 1746 4460 et
1804 4405 2086 4474 hilaritas,

2211 4407 2361 4474 πίνης
2399 4405 2726 4477 εὐημερίας,
2767 4408 3140 4480 καιριωτάτης
3187 4411 3340 4480 παρὰ
3385 4410 3467 4481 τῷ
3512 4413 3764 4484 προφήτῃ

519 4495 808 4566 aptissime
829 4509 861 4550 a
880 4496 1145 4564 propheta
1165 4493 1221 4550 in
1243 4495 1383 4550 hanc
1404 4494 2088 4553 similitudinemtrahitur.

523 4587 608 4643 Eu
661 4587 863 4658 aliquis
911 4583 1090 4641 tloridi
1133 4585 1382 4655 corporis
1433 4584 1624 4654 hodie,
1666 4595 1722 4641 et
1751 4600 1862 4657 prae
1883 4587 2092 4643 deliciis

519 4690 836 4745 carnosus,
894 4675 1126 4746 pulchro
1173 4667 1358 4732 coloie
1410 4675 1636 4744 nitidus,
1681 4679 1858 4732 aetatis
1910 4680 2093 4750 vigore

519 4777 764 4838 vegetus,
806 4779 1074 4821 nervosus
1113 4774 1168 4818 et
1211 4764 1579 4834 pra-.validus,
1637 4764 1728 4821 hic
1780 4765 1922 4821 idem
1973 4782 2096 4825 cras

523 4855 853 4914 miserabilis
883 4865 988 4923 est,
1023 4856 1108 4912 vel
1150 4863 1394 4926 tempore
1424 4856 1757 4924 labefactus,
1778 4857 1863 4913 vel
1903 4859 2094 4914 morbo

523 4949 845 5004 dissolutus.
877 4949 1035 5004 Alius
1065 4947 1363 5018 praeclarus
1400 4957 1488 5003 est
1510 4948 1761 5019 pecuniis
1788 4959 1844 5004 et
1871 4950 2090 5020 opibus,

523 5041 696 5094 ambit
732 5056 860 5096 eum
895 5040 1246 5097 adulatorum
1313 5040 1470 5094 turba
1497 5079 1514 5105 ,
1560 5042 1895 5096 comitantur
1930 5045 2093 5099 amici

527 5129 638 5184 ﬁcti
665 5139 720 5187 et
762 5133 850 5189 sui
910 5132 1152 5202 ipsorum
1190 5131 1363 5204 gratia
1392 5133 1636 5188 colentes
1664 5133 1864 5202 ipsum.
1894 5137 2095 5190 adsunt
2142 5163 2154 5173 -

527 5222 744 5290 cognati
773 5223 994 5292 plurimi
1021 5232 1078 5278 et
1101 5223 1157 5279 hi
1184 5236 1406 5294 quoque
1445 5223 1972 5295 simulati,-deuique
2007 5227 2094 5280 in-

527 5309 676 5363 unita
714 5317 800 5364 est
841 5319 1057 5364 caterva
1095 5316 1214 5367 sive
1243 5315 1420 5368 victus
1443 5313 1562 5368 sive
1587 5313 1817 5368 alterius
1848 5314 2096 5371 utilitatis

522 5398 694 5471 gratia
733 5399 783 5454 ei
817 5399 1213 5456 adhareutiutu
1241 5442 1256 5468 ,
1284 5418 1425 5473 quos
1451 5403 1544 5460 ille
1577 5414 1632 5460 et
1665 5405 2007 5474 procedendo
2041 5406 2093 5461 in

523 5491 804 5562 publicum
834 5499 890 5545 et
936 5491 1214 5549 redeundo
1253 5509 1440 5550 secum
1501 5496 1751 5563 trahens,
1787 5495 2096 5554 invidiosus

525 5591 611 5638 est
638 5582 837 5638 obviis.
873 5580 1030 5636 Vides
1055 5594 1314 5651 praeterea
1341 5584 1554 5640 divitiis
1580 5589 1843 5642 accedere
1872 5588 2092 5644 civilem

526 5673 814 5736 quemdam
845 5674 1169 5745 potentiam,
1197 5686 1293 5730 aut
1327 5675 1491 5731 etiam
1521 5678 1773 5748 'ltonorcs
1805 5693 1836 5734 a
1874 5679 2094 5747 regibus

2194 4494 2462 4563 τετύχηκε
2496 4493 2594 4564 τῆς
2622 4495 2855 4560 είκόνος.
2883 4498 3134 4569 Σήμερον
3159 4499 3396 4573 εὐθαλὴς
3426 4503 3506 4572 τῷ
3528 4504 3763 4567 σώματι,

2197 4589 2768 4658 κατασεσαρκωμὲνος
2815 4589 2922 4642 ὑπὸ
2948 4592 3186 4662 τρυφῆς,
3239 4592 3585 4647 ἐπανθοῦσαν
3627 4596 3767 4664 ἔχων

2195 4677 2295 4748 τὴν
2343 4675 2623 4748 εὔχροιαν,
2674 4678 2783 4733 ύπδ
2833 4680 2931 4750 τῆς
2977 4683 3120 4736 κατὰ
3166 4683 3265 4754 τὴν
3314 4683 3535 4754 ἠλικίαν
3583 4685 3768 4754 ἀκμῆς

2197 4768 2450 4839 σφριγῶν
2483 4771 2574 4824 καὶ
2600 4771 2873 4839 σύντονος,
2905 4773 3000 4826 καὶ
3027 4777 3401 4840 ἀνυπόστατος
3426 4775 3532 4848 τὴν
3552 4778 3731 4848 ὁρμήν
3748 4791 3766 4810 ο

2195 4859 2385 4929 αὔριον
2431 4862 2459 4914 δ
2505 4861 2668 4926 αὐτὸς
2715 4855 2871 4927 οὗτος
2932 4865 3189 4932 ἐλεεινὸς,
3217 4867 3295 4937 τῷ
3333 4868 3513 4938 χρόνῳ
3565 4886 3768 4940 μαραν-

2193 4951 2333 5015 θεὶς,
2366 4951 2401 5022 ἢ
2437 4952 2577 5022 νόσῳ
2631 4953 2923 5018 διαλυθείς.
2964 4956 3023 5008 ⁸0
3070 4957 3217 5011 δεῖνα
3262 4961 3630 5029 περίῶεπτος
3677 4966 3765 5015 ἐπὶ

2197 5042 2497 5111 χρημάτων
2529 5044 2819 5116 περιουσία
2869 5047 2962 5098 καὶ
3011 5047 3216 5118 πλῆθος
3246 5051 3375 5120 περὶ
3410 5052 3574 5105 αὑτὸν
3609 5055 3765 5106 κολά-

2198 5149 2331 5198 κων,
2365 5134 2666 5204 δορυφορὶα
2699 5134 2870 5203 φίλων
2917 5140 3314 5211 προσποιητῶν
3354 5145 3453 5213 τὴν
3487 5147 3576 5197 ἐπ’
3605 5145 3763 5196 αὑτοῦ

2190 5226 2357 5296 χάριν
2385 5225 2819 5294 θεραπευόντων,
2852 5226 3057 5296 πλῆθος
3089 5234 3412 5300 συγγενείας
3445 5245 3538 5287 καί
3561 5240 3762 5303 ταύτης

2197 5314 3001 5388 κατεσχηματισμὲνης,.ὲσμδς
3033 5320 3144 5374 τῶν
3183 5325 3538 5394 ὲφεπομένων
3571 5331 3758 5398 μυρίος

2196 5406 2306 5459 τῶν
2338 5423 2397 5459 τε
2433 5406 2731 5473 ἐπισιτίων,
2782 5410 2876 5461 καὶ
2907 5412 3016 5464 τῶν
3044 5414 3185 5466 κατὰ
3226 5416 3326 5478 τὰς
3359 5416 3528 5482 ἄλλας
3576 5421 3758 5489 χρείας

2199 5497 2348 5566 αὐτῷ
2382 5497 2879 5566 προσεδρεύοντων,
2913 5501 3009 5565 οὓς
3053 5505 3148 5557 καὶ
3193 5509 3424 5575 προῖὼν,
3473 5511 3566 5563 καὶ
3602 5512 3757 5564 πάλιν

2199 5586 2442 5641 ἐπανιὼν
2469 5577 2860 5658 ἐπισυρόμενος
2890 5592 3179 5662 ἐπίφθονός
3221 5599 3371 5651 ἐστιν
3419 5601 3530 5662 τοῖς
3577 5602 3757 5667 ἐντυγυ

2199 5679 2475 5749 χάνουσιν.
2504 5678 2748 5744 apag-as
2777 5680 2855 5750 τῷ
2883 5683 3098 5756 π)ωύτῳ
3131 5687 3309 5757 εὕροις
3355 5691 3450 5743 καὶ
3481 5689 3754 5756 πολιτικήν

3637 253 3850 327 οιι·
