3992 6252
190 302 307 367 σοι

1011 302 1186 363 ιοοι·
1230 300 1673 367 COMMUNES.
1707 330 1779 344 -·
1820 306 2017 368 PARS
2056 307 2107 368 Ι.
2143 298 2399 367 SERMO
2426 306 2582 368 LXI.

3336 302 3442 369 966

185 432 311 469 τινα
341 413 685 475 δυναστείαν.
719 414 753 482 ἢ
776 412 873 466 καὶ
900 412 1001 477 τάς
1025 414 1085 467 ὲκ
1111 412 1375 481 βασιλέων
1396 418 1558 485 τιμὰς
1586 415 1758 471 ἐθνῶν
1787 430 1835 485 Α

1917 416 2125 483 inferri,
2175 418 2579 489 provinciarum
2606 431 2817 484 curam,
2852 417 3141 488 imperium
3183 417 3442 477 militare,

190 507 514 575 ἐπιμέλειαν
572 506 606 577 ἢ
677 506 773 559 καὶ
837 504 1217 575 στρατοπέδων
1268 507 1568 575 ἡγεμονίαν
1592 548 1610 569 ,
1670 507 1768 561 καὶ

1917 525 2169 566 raeconem
2195 512 2304 565 alta
2350 526 2482 594 voce
2523 510 2954 578 antecedentem,
2980 510 3238 566 satellites
3270 512 3440 563 utrin-

189 600 285 652 τὸν
306 601 532 669 κήρυκα
573 601 719 668 μέγα
748 598 962 669 βοῶντα
1007 597 1267 669 προϊόντα
1295 599 1403 668 πρὸ
1426 600 1612 667 αὑτοῦ,
1640 599 1769 664 τοὺς

1871 617 1979 672 que
2036 602 2420 671 gravissimum
2481 612 2743 657 terrorem
2825 602 3152 657 incutientes
3189 601 3445 661 subditis,

195 692 562 761 ῥαϐδοφόρους
589 691 743 744 ἐνθεν
768 692 863 744 καὶ
904 689 1057 747 ἔνθεν
1086 689 1400 760 βαρυτάτην
1428 690 1771 760 κατάπληξιν

1917 691 2124 755 erbera,
2149 689 2391 755 vincula,
2420 690 2798 757 abductiones,
2823 704 3093 755 carceres,
3118 690 3261 743 unde
3285 692 3449 743 timor

192 784 307 845 τοῖς
339 780 667 852 ἀρχομένοις
711 779 1107 847 ἐμϐάλλοντας,
1142 780 1243 842 τὰς
1286 780 1525 849 πληγὰς,
1556 781 1655 845 τάς
1689 782 1775 835 6s—

197 873 483 943 σμεύσεις,
519 872 840 940 ἐπαγωγὰς,
871 873 941 925 τά
976 871 1346 942 δεσμωτήρια,
1374 872 1433 936 ἐξ
1456 864 1534 927 ὧν
1562 872 1774 944 ἀφόρη-

197 981 292 1027 τος
340 965 373 1017 δ
410 964 559 1033 παρά
608 962 717 1014 τῶν
767 960 1099 1031 ὑποχειρίων
1146 960 1563 1030 συναθροίζεται
1588 962 1779 1031 φόϐος.

200 1054 314 1109 Καὶ
340 1054 394 1108 τί
430 1054 568 1123 μετᾶ
595 1053 796 1118 route;
832 1051 949 1108 Μία
979 1052 1097 1119 νὺξ,
1129 1053 1163 1123 ἢ
1200 1053 1436 1123 πυρετὸς
1474 1053 1508 1123 ἢ
1559 1054 1784 1125 πλευρῖ-

1875 782 2216 837 subditornm
2250 783 2607 838 intolerabilis
2640 785 2719 837 iit.
2754 784 2857 839 Sed
2887 784 3016 853 quid
3066 783 3291 852 postea?
3330 780 3449 835 U..a

1883 889 1992 928 nox
2040 883 2097 929 et
2151 873 2339 941 febris,
2375 882 2468 928 aut
2515 882 2795 931 costarum
2847 884 2941 928 aut
2990 873 3261 944 pulmonis
3295 884 3450 926 acuta

1884 967 2176 1037 agritudo,
2226 981 2293 1021 ex
2342 967 2483 1022 vivis
2527 976 2746 1035 raptum
2794 966 3070 1020 hominem
3114 966 3314 1018 aufert.
3360 961 3454 1016 Sic

1889 1065 1999 1110 tota
2051 1056 2198 1112 illius
2242 1072 2406 1112 scena
2447 1056 2632 1112 subito
2674 1057 3012 1123 denudatur,
3052 1067 3110 1111 et
3158 1056 3328 1123 gloria
3364 1056 3455 1110 illa

200 1164 308 1210 τις,
352 1146 387 1216 ἢ
442 1147 911 1215 περιπνευμονία,
968 1146 1319 1216 ἀνάρπαστον
1365 1146 1426 1211 ἐξ
1478 1145 1781 1217 ἀνθρώπων

1917 1164 2148 1218 anquam
2182 1150 2454 1211 somnium
2507 1150 2807 1204 evanescit.
2843 1149 3139 1203 Commode
3190 1149 3357 1216 igitur
3401 1162 3457 1201 ιιι

204 1238 498 1305 ἀπάγουσα
527 1237 621 1289 τὸν
668 1236 981 1305 ἄνθρωπον,
1012 1236 1250 1306 οἴχεται,
1298 1238 1481 1290 πᾶσαν
1508 1236 1608 1306 τὴν
1659 1237 1779 1290 κατ’

1883 1255 2011 1295 vere
2062 1239 2439 1295 infirmissimo
2468 1237 2595 1294 ﬂori
2628 1240 2921 1293 humanam
2970 1238 3197 1306 gloriam
3231 1253 3459 1305 compa-

204 1331 380 1397 αὐτὴν
411 1332 613 1397 σκευὴν
642 1330 899 1400 ἐξαπίνης
930 1328 1404 1398 ἀπογυμνώσασα,
1425 1330 1518 1383 καὶ
1567 1332 1600 1399 ἠ
1651 1325 1778 1393 δόξα

1917 1332 2025 1384 avit
2053 1332 2340 1398 propheta.

204 1424 413 1492 ἐκείνὴ,
450 1423 640 1493 ὥσπερ
670 1422 943 1487 ἐνύπνιον,
975 1423 1281 1494 ἀπηνέχθη.
1309 1424 1476 1476 Ὥστε
1509 1425 1892 1479 ὲπιτέτευκται
1952 1423 2033 1495 τῷ
2090 1424 2349 1494 προφήτῃ
2412 1425 2447 1493 ὴ
2520 1421 2658 1493 πρὸς
2705 1423 2770 1475 τὸ
2840 1422 3236 1490 ἀδρανεστατον
3301 1419 3461 1476 ἄνθος

205 1514 466 1586 ὁμοίωσις
498 1516 596 1585 τῆς
624 1512 973 1584 ἀνθρωπίνης
1004 1513 1186 1582 δόξης.

315 1651 487 1721 Δόξης
517 1652 603 1703 ἀεὶ
627 1649 882 1720 φρόντιζε
916 1650 1016 1719 τῆς
1041 1650 1289 1705 αίωνίου’

326 1746 393 1798 Ἦ
423 1744 534 1813 γὰρ
563 1743 819 1814 παροῦσα
853 1741 1114 1812 ψεύδεται
1142 1743 1265 1798 καθ’
1295 1743 1538 1815 ἡμέραν.

319 1837 490 1901 Δόξαν
513 1836 698 1901 δίωκε,
733 1837 871 1906 μήτε
900 1836 1103 1903 πᾶσαν,
1140 1834 1270 1905 μήτ’
1307 1835 1489 1903 ἄγανο

321 1927 364 1978 Κ
374 1928 589 1995 ρεῐσσον
617 1926 725 1997 γὰρ
758 1922 899 1981 εἶναι
927 1924 1025 1980 τοῦ
1055 1927 1268 1981 δοκετνο
1302 1928 1351 1981 εί
1371 1926 1419 1981 δ’
1447 1926 1687 2000 ἄμετρος
1717 1924 1792 1994 εἰ,

320 2105 415 2176 Μὴ
444 2105 544 2174 τὴν
570 2106 734 2177 κενὴν
763 2106 987 2177 θήρευε.
1021 2105 1157 2177 μηδὲ
1184 2107 1286 2177 τὴν
1312 2105 1461 2162 νέαν.

1780 1666 1794 1685 ι
1888 1648 2047 1705 (Iura:
2085 1649 2181 1704 tibi
2209 1658 2410 1704 acterna
2441 1662 2657 1719 semper
2687 1649 2758 1704 sit
2789 1648 2960 1721 gloria
2987 1665 3002 1701 :

1820 1722 1868 1785 Β
1894 1739 2139 1797 Prmsens
2171 1742 2317 1795 enim
2344 1741 2585 1811 quotidie
2616 1739 2773 1796 fallit.

1892 1830 2135 1886 Gloriam
2165 1832 2414 1903 sequitor
2435 1847 2535 1888 nec
2566 1847 2788 1888 omnem
2821 1848 2997 1902 neque
3019 1834 3274 1891 nimium.

1895 1923 2127 1979 Praestat
2156 1925 2304 1980 enim
2335 1938 2457 1984 esse
2486 1940 2648 1997 quam
2676 1927 2883 1982 videri:
2920 1928 3003 1983 sin
3029 1934 3335 1998 temperare
3366 1925 3463 1983 tibi

3187 2017 3427 2090 [nequis,

1906 2108 2064 2180 107
2085 2108 2305 2166 inanem
2336 2104 2563 2181 gloriam
2596 2120 2691 2167 aut
2716 2126 2913 2167 novam
2944 2113 3133 2167 saltem
3163 2126 3229 2165 ne
3259 2118 3465 2179 captes.

3006 2199 3325 2270 (Theologi.)

289 2309 570 2380 Ejusdem.
602 2307 975 2378 Subjiciamur
1002 2318 1057 2364 et
1102 2307 1237 2378 Deo,
1270 2317 1327 2366 et
1358 2307 1516 2365 nobis
1545 2307 1775 2363 invicem
1810 2318 1865 2365 et
1916 2311 2253 2382 principibus
2280 2314 2336 2369 in
2369 2324 2535 2381 terra,
2566 2315 2729 2385 idque
2777 2329 2843 2370 eo
2899 2316 3095 2385 magis,
3131 2330 3240 2385 quo
3295 2314 3468 2367 lenio-

217 2406 407 2473 res-{et
457 2401 809 2473 benigniores
858 2402 938 2459 illi
1002 2402 1226 2458 fuerint.
1278 2402 1501 2474 (Malum
1545 2402 1691 2456 enim
1759 2410 1846 2458 est
1896 2403 2284 2472 benignitatem
2332 2407 2640 2488 principum
2706 2409 2960 2477 frangere
3024 2408 3327 2478 pervicacia
3356 2448 3370 2471 ,
3421 2414 3473 2460 ct

217 2497 545 2568 cavendum)
575 2512 646 2552 ne
673 2497 726 2551 in
757 2496 1014 2566 nosipsos
1040 2496 1354 2565 asperitatis
1384 2496 1601 2552 illorum
1627 2497 1792 2565 culpa
1842 2499 2070 2565 recidat,
2110 2500 2155 2555 si
2197 2501 2649 2574 tranquillitatem
2708 2501 2955 2559 immisso
3022 2513 3186 2556 vento
3246 2500 3477 2555 solveri-

218 2606 366 2657 mus,
410 2592 516 2646 luci
555 2590 807 2647 tenebras
832 2589 1245 2653 immiserimus,
1275 2598 1333 2645 et
1365 2589 1700 2645 absinthium
1733 2588 1880 2645 melli
1909 2592 2315 2650 miscuerimus.
3106 2578 3111 2581 ’

302 2711 371 2765 Ἥ
402 2711 503 2781 μὶν
526 2711 637 2780 γάρ
663 2712 816 2781 παρὰ
844 2710 954 2765 τῶν
988 2709 1295 2780 ἀνθρώπων
1324 2710 1453 2777 δόξα
1494 2709 1605 2765 τῶν
1637 2708 1793 2774 δοξαο
1819 2712 1837 2771 1

1964 2711 2237 2783 Chrysost.
2279 2713 2486 2768 Etenim
2539 2728 2661 2783 qua:
2713 2714 2783 2769 ab
2842 2705 3157 2768 hominibus
3199 2710 3478 2767 confertur

222 2804 431 2869 ζόντων
460 2803 710 2873 μιμεῖται
732 2802 835 2873 τὴν
864 2802 1165 2866 εὐτέλειαν,
1191 2801 1315 2856 ὅθεν
1343 2802 1438 2855 καὶ
1470 2802 1803 2872 μεταπίπτει

224 2892 424 2965 ῥαδίως
452 2910 467 2926 ·
491 2894 525 2964 ἠ
576 2892 636 2946 δὲ
672 2891 767 2946 τοῦ
800 2891 936 2947 Θεοῦ
978 2892 1080 2962 οὐχ
1131 2891 1327 2956 οὕτως,
1375 2890 1495 2946 ἀλλ’
1544 2892 1801 2963 ἀκίνητος

228 2986 384 3055 μένει
410 2984 695 3055 διηνεκῶς.
724 2983 836 3037 Καὶ
861 2981 1015 3039 ταῦτ’
1051 2982 1346 3054 ἀμφότερα
1391 2982 1570 3055 δηλῶν
1595 2986 1623 3038 ό
1666 3000 1805 3055 προ-

228 3078 433 3148 φήτης,
462 3077 728 3147 κάκείνης
770 3077 833 3132 τὸ
861 3074 1318 3146 δμμετάπτωτον,
1364 3077 1460 3129 καὶ
1506 3075 1714 3146 ταύτης
1746 3075 1807 3129 τδ

232 3170 491 3241 μόνιμον,
539 3168 715 3231 οὕτως
767 3168 991 3236 ἔλεγενο
1031 3186 1064 3225 ,ι
1096 3168 1259 3223 Πᾶσα
1298 3165 1439 3236 σάρξ
1471 3167 1685 3238 χόρτος,
1712 3166 1808 3220 καὶ

233 3258 387 3313 πᾶσα
416 3257 542 3323 δόξα
572 3257 865 3327 ἀνθρώπου
911 3256 987 3321 ὡς
1031 3256 1195 3321 ἄνθος
1226 3255 1443 3327 χόρτου.
1481 3275 1502 3309 s
1553 3257 1809 3311 ’Δπασαν

230 3353 336 3424 τὴν
364 3351 710 3426 ἀνθρωπίνην
744 3349 1050 3422 εὐημερίαν
1089 3350 1212 3405 οὐδὲ
1258 3351 1395 3420 πρὸς
1424 3349 1641 3421 χόρτον,
1692 3348 1807 3403 ἀλλ’

234 3444 432 3511 ἑτέραν
462 3443 596 3513 ὕλην
650 3441 1037 3512 εὐτελεστέραν
1074 3440 1105 3495 ό
1138 3441 1423 3513 προφήτης
1475 3440 1810 3511 παρέϐαλεν,

236 3536 401 3599 ἄνθος
432 3536 600 3606 αὐτὴν
649 3532 923 3605 ὀνομάσας
955 3531 1152 3604 χόρτου
1203 3532 1386 3587 πᾶσαν
1440 3530 1597 3598 ὁμοῦ.
1645 3532 1812 3585 Οὐδὲν

242 3629 354 3699 γὰρ
386 3627 549 3696 μέρος
579 3627 761 3682 αὐτῶν
810 3625 1140 3697 προέθηκαν,
1170 3619 1283 3679 οἷον
1314 3622 1565 3691 πλοῦτον,
1604 3623 1637 3692 ἢ
1684 3640 1815 3693 τρυ-

240 3722 377 3790 φὴν,
408 3720 443 3791 ἢ
478 3720 823 3788 δυναστείαν,
872 3719 907 3790 ἢ
937 3718 1128 3790 τιμὴν,
1176 3717 1213 3788 ἧ
1255 3734 1310 3771 τι
1353 3715 1630 3771 τοιοῦτον·
1659 3715 1817 3786 una

244 3812 427 3867 πάντα
467 3812 536 3865 τὰ
566 3812 624 3864 ὲν
650 3809 961 3881 ἀνθρώποις
992 3808 1227 3881 λαμπρὰ
1256 3808 1357 3880 μιᾷ
1404 3807 1713 3880 προηγορία
1745 3809 1815 3879 τῇ

245 3906 348 3975 τῆς
401 3902 560 3974 δόξης
612 3902 947 3973 περισαλὼν,
993 3900 1168 3965 οὕτως
1202 3902 1449 3973 ίπήγαγε
1501 3900 1601 3972 τὴν
1632 3902 1819 3954 εἰκόνα

244 3996 343 4051 τοῦ
374 3997 593 4067 χόρτου,
628 3994 835 4051 εἰπών’
879 4012 901 4048 ε
948 3997 1106 4052 Πᾶσα
1142 3992 1274 4061 δόξα
1300 3990 1594 4065 ἀνθρώπου
1621 3991 1698 4056 ὡς
1727 3993 1819 4048 ἄν-

244 4049 340 4154 θος
367 4049 593 4162 χόρτου,
625 4049 901 4161 ιξηράνθη
949 4049 1165 4160 χόρτος,
1215 4049 1312 4143 παὶ
1355 4049 1422 4141 τό
1442 4084 1605 4149 ἄνθος
1630 4049 1824 4151 ἐξέπε·
1852 4049 1897 4107 D

248 4198 366 4237 σεν.
406 4201 427 4235 ο

318 4296 485 4349 Φύσει
516 4296 618 4364 μὲν
649 4294 761 4364 γὰρ
795 4294 986 4365 χόρτου
1023 4293 1235 4367 (φησιν)
1280 4293 1426 4349 ἔοικε
1466 4294 1578 4349 τῶν
1609 4293 1823 4366 ἀνθρώ·-

249 4405 369 4444 πων
402 4388 464 4442 τδ
491 4389 668 4457 γένος,
718 4386 855 4459 ἄνθη
899 4387 957 4441 δὲ
991 4388 1188 4460 χόρτου
1237 4388 1273 4460 η
1313 4387 1667 4459 ἐπιγινομένη
1700 4389 1827 4456 δόξα

250 4483 348 4538 καὶ
374 4481 687 4537 δυναστεία.
732 4480 845 4536 Καὶ
882 4462 1136 4550 καθάπερ
1186 4477 1283 4533 τοῦ
1329 4479 1525 4550 χόρτου
1572 4478 1828 4552 ξηραινο-

254 4576 419 4645 μένου
452 4573 514 4628 τὸ
556 4570 720 4635 ἄνθος
766 4570 1045 4638 ἐκπίπτει,
1089 4570 1234 4625 οὕτω
1278 4569 1376 4626 τοῦ
1429 4570 1662 4627 θανάτου
1716 4574 1829 4636 τοῖς

254 4663 563 4735 ἀνθρώποις
597 4662 843 4725 ιπιόντος
868 4662 903 4732 ἠ
935 4657 1232 4715 δυναστεία
1260 4657 1356 4713 καὶ
1382 4658 1419 4730 η
1447 4658 1829 4729 ὐπερηφάνεια

256 4756 562 4810 σδίννυται.

326 4848 411 4901 Τὰ
450 4846 555 4917 μὶν
577 4845 720 4915 φυτά
745 4845 855 4900 ἀπὸ
885 4843 988 4913 τῆς
1031 4841 1213 4915 ῥίζης,
1248 4843 1283 4913 ἡ
1332 4840 1391 4897 δὲ
1415 4840 1547 4909 δόξα
1596 4842 1706 4897 ἀπὺ
1731 4842 1832 4911 τῆς

258 4940 483 5012 πρώτης
505 4938 722 5010 λήψεως
752 4936 855 5010 [ιιι⁹
890 4932 1110 5008 nam]
1142 4933 1321 5001 αὔξει.

332 5054 526 5119 Οὐδεὶς
554 5051 856 5125 φροντίζων
896 5052 1055 5122 δόξης
1094 5050 1307 5123 ἀγαθῆς
1348 5047 1549 5119 γένοιτ’
1596 5047 1663 5103 ἂν
1695 5045 1834 5118 ἀνὴρ

259 5146 490 5218 φαῦλος.
521 5145 703 5203 Καλὸν
726 5144 784 5199 δι
814 5143 939 5198 ἀντὶ
973 5141 1074 5216 [αι.
1123 5141 1238 5215 ἄρ’]
1282 5140 1544 5214 βραχείας
1594 5137 1834 5193 ἀπολαύ-

264 5252 406 5301 σεως
436 5233 767 5301 ἀλλάξασθαι
797 5232 959 5301 δόξαν
988 5231 1228 5286 αίώνιον.

348 5350 593 5420 ’Δξίωμα
624 5347 884 5420 μέγιστόν
929 5348 1079 5401 ἔστιν
1110 5346 1173 5401 οὐ
1215 5345 1279 5400 τὸ
1316 5342 1620 5417 κεχρῆσθαι
1652 5341 1838 5411 τιμαῖς

262 5441 367 5518 [aL
398 5438 611 5513 τιμῆς],
642 5440 780 5496 ἀλλὰ
797 5440 858 5494 τὸ
890 5437 1043 5505 ἄξιον
1072 5438 1264 5493 ἑαυτὸν
1306 5436 1438 5509 [fon
1470 5431 1673 5506 αὐτῶν]
1699 5429 1838 5487 εἶναι

262 5534 604 5607 νομίζεσθαι.

337 5623 443 5687 Ὧν
470 5632 572 5696 τὰς
604 5631 765 5698 δόξας
794 5628 1001 5700 ζηλοῖς,
1038 5626 1245 5683 τούων
1276 5624 1373 5680 καὶ
1395 5623 1466 5680 τὰ
1492 5622 1672 5693 ἀγαθά
1704 5619 1845 5693 πρά·

264 5722 385 5793 Enr.

1903 2804 2115 2873 gloria,
2164 2804 2567 2861 conferentium
2628 2805 2891 2859 vilitatem
2961 2804 3247 2871 sequitur,
3302 2818 3480 2871 quare

1907 2896 2073 2949 etiam
2128 2894 2283 2950 facile
2316 2894 2575 2949 dilabitur
2621 2912 2637 2949 :
2678 2894 2862 2949 divina
2894 2908 3021 2948 vero
3062 2908 3170 2947 non
3217 2892 3291 2946 ita
3336 2891 3502 2966 ﬂuxa.

1904 2996 2010 3053 est,
2030 2986 2126 3042 sed
2146 2996 2408 3056 perpetuo
2431 2986 2646 3042 stabilis
2666 2984 3074 3041 manem-Ithace
3089 2985 3252 3038 ambo
3273 2983 3481 3038 docens

1908 3077 2195 3148 propheta,
2260 3078 2430 3144 illius,
2483 3078 2723 3147 inquam.
2782 3076 3148 3131 lubricitatem
3211 3084 3267 3130 et
3315 3074 3480 3141 hujus
3527 3057 3536 3065 ’

1908 3170 2285 3236 stabilitatem,
2305 3170 2393 3226 his
2417 3169 2599 3225 verbis
2626 3168 2830 3223 utitur:
2855 3185 2875 3219 ι
2903 3165 3100 3222 Omnis
3129 3180 3258 3221 earo
3292 3164 3478 3219 fenum

1908 3267 2013 3327 est,
2047 3269 2103 3317 et
2132 3262 2312 3316 omnis
2339 3260 2507 3329 gloria
2537 3258 2777 3317 hominis
2797 3274 2899 3314 ceu
2930 3258 3030 3315 llos
3056 3257 3196 3314 feni:
3234 3276 3252 3309 ι
3280 3256 3482 3325 quibus

1910 3366 2129 3408 omnem
2149 3352 2439 3407 humanam
2458 3349 2773 3407 felicitatem
2791 3365 2861 3405 ne
2880 3348 3006 3405 feno
3023 3349 3262 3418 quidem,
3281 3348 3376 3402 sed
3402 3348 3483 3398 vi-

1910 3444 2032 3499 iiori
2078 3447 2315 3501 materia
2334 3443 2917 3514 comparando,ilorem
2941 3442 3048 3497 feni
3070 3450 3239 3495 totam
3263 3454 3385 3494 eam
3410 3441 3484 3493 si-

1911 3535 2025 3591 mul
2044 3535 2365 3591 nominavit.
2380 3533 2596 3590 Nullam
2612 3534 2759 3589 enim
2778 3541 2987 3605 partem
3006 3530 3125 3600 ejus
3154 3530 3399 3601 praefert,
3427 3540 3485 3583 ut

1914 3626 2152 3694 divitias,
2182 3636 2277 3682 aut
2310 3626 2663 3696 voluptatem,
2686 3633 2781 3679 aut
2832 3625 3154 3694 potentiam,
3184 3632 3282 3677 aut
3314 3624 3488 3678 hono-

1916 3734 2055 3785 nam,
2072 3728 2169 3774 aut
2184 3716 2389 3787 aliquid
2409 3716 2744 3783 huiusmodi,
2763 3716 2857 3771 sed
2882 3714 3067 3771 omnia
3085 3718 3224 3770 inter
3243 3714 3488 3771 homines

1918 3810 2200 3880 splendida
2228 3806 2697 3879 comprehendens
2739 3821 2846 3861 una
2885 3804 3245 3875 appellatione
3276 3804 3486 3873 glorias.

1922 3900 2034 3957 feni
2083 3900 2497 3957 similitudinem
2539 3896 2845 3968 subiungit,
2886 3897 3141 3967 inquiens
3174 3910 3190 3947 :
3249 3913 3269 3947 ε
3299 3894 3487 3950 Omnis

1923 3993 2096 4065 gloria
2126 3990 2366 4047 hominis
2394 3998 2477 4045 est
2506 3998 2763 4058 tanquam
2817 3985 2920 4044 tios
2950 3984 3238 4060 graminis,
3263 3996 3488 4056 gramen

1923 4083 2213 4141 exaruitet
2271 4079 2374 4139 flos
2403 4078 2617 4136 cecidit.
2649 4095 2669 4131 ι

2001 4284 2063 4345 S.
2097 4283 2304 4356 Cyrilli.
2345 4280 2639 4338 Hominum
2687 4294 2861 4351 genus
2910 4279 3088 4335 simile
3135 4287 3221 4333 est
3288 4284 3497 4333 natura

1926 4375 2215 4448 graminis,
2241 4374 2404 4430 tiores
2435 4382 2615 4428 autem
2633 4370 2893 4444 graminis
2920 4380 3050 4428 sunt
3077 4386 3200 4439 qua:
3230 4371 3498 4426 accrescit

1928 4470 2101 4541 gloria
2137 4476 2192 4524 et
2221 4467 2469 4539 potentia
2495 4480 2512 4522 :
2546 4475 2599 4522 et
2626 4466 2772 4520 sicut
2796 4472 3079 4520 arescente
3126 4466 3374 4534 gramine
3399 4463 3501 4519 flos

1927 4559 2154 4625 excidit,
2184 4559 2267 4614 sic
2296 4564 2473 4612 morte
2499 4555 2815 4612 hominibus
2847 4554 3133 4623 ingruente
3174 4554 3414 4623 potentia
3444 4561 3503 4610 et

1929 4652 2181 4722 superbia
2207 4651 2648 4719 exstinguuntur.

2009 4829 2302 4887 Plutarchi.
2342 4827 2551 4883 Plantat
2591 4826 2809 4898 quidem
2850 4842 2880 4881 a
2925 4826 3131 4894 radice,
3166 4823 3337 4897 gloria
3375 4838 3504 4879 vero

1934 4925 1990 4994 (a
2014 4925 2161 4979 bono
2196 4919 2382 4991 opere)
2407 4920 2628 4976 crescit.

2005 5034 2199 5092 Nullus
2226 5035 2512 5091 honestam
2552 5033 2778 5105 gloriam
2815 5047 3035 5099 curans,
3065 5032 3148 5088 vir
3178 5031 3355 5089 malus
3384 5046 3507 5088 esse

1936 5138 2140 5201 potest.
2202 5127 2500 5184 Pulchrum
2545 5132 2630 5182 est
2680 5125 2828 5181 enim
2889 5140 2991 5197 pro
3032 5124 3184 5179 brevi
3232 5122 3509 5194 voluptate

1939 5232 2200 5280 aeternam
2243 5220 2467 5294 gloriam
2495 5219 2857 5292 permutando
2893 5219 3155 5274 nancisci.

2011 5335 2234 5392 Aristot.
2267 5330 2505 5392 Maxima
2538 5332 2777 5402 dignitas
2808 5342 2914 5397 est,
2959 5345 3071 5386 non
3099 5329 3319 5402 quidem
3351 5344 3513 5389 usur-

1945 5444 2074 5502 pare
2102 5430 2391 5495 honorem,
2428 5425 2525 5484 sed
2555 5426 2765 5482 honore
2790 5424 3015 5496 dignum
3043 5422 3367 5481 existimari.

2016 5610 2291 5667 Isocratis.
2341 5606 2587 5677 Quorum
2617 5604 2845 5677 gloriam
2866 5602 3164 5671 aemularis,
3196 5593 3513 5656 earumdem

1943 5706 2085 5765 bona
2113 5703 2298 5761 facito.
