3992 6252
528 291 643 358 ῐΓὸ
1780 288 2097 351 ΑΝΤΟΝῙῙ

2237 289 2476 353 1.ῐὲὃῶ
3681 290 3806 351 πτῆ

601 404 659 459 S.
687 400 896 460 Basilii.
916 401 1164 459 Timores
1194 414 1300 456 non
1328 399 1549 459 inutiles
1574 411 1703 459 sunt
1725 403 2082 474 prudentibus
2104 447 2107 457 .

2298 412 2360 467 Οί
2391 412 2548 482 φόϐοι
2576 412 2688 476 τοῖς
2731 405 2791 465 εὖ
2846 408 3137 479 φρονοῦσιν
3176 408 3276 462 οῦκ
3329 407 3637 480 ἄχρηστοι,
3670 408 3811 459 ἀλλὰ

535 499 629 553 sed
655 498 813 553 valde
850 497 979 552 boni
1012 504 1066 550 et
1094 492 1364 551 salubres.
1396 494 1661 561 Quamvis
1690 497 1835 551 enim
1869 513 1963 553 eos
1997 498 2107 554 ﬁeri

2235 508 2337 560 tiav
2363 507 2524 560 καλοὶ
2561 505 2654 558 καὶ
2689 504 2977 575 σωτήριοι.
3025 503 3087 555 El
3121 501 3229 574 γὰρ
3264 502 3362 554 καὶ
3412 498 3669 566 τίνεσθαι
3710 501 3811 554 αῦ-

539 591 920 661 ιιερτεοαηιιιν,
944 587 997 656 ἰ
1012 587 1113 656 12
1145 586 1302 642 factis
1320 594 1509 643 tamen
1535 587 1883 657 castigamur.
1906 589 2107 646 Alllicta

2235 602 2341 661 τοὺς
2374 598 2726 667 ἀπευχὸμεθα
2750 637 2765 659 .
2797 595 3115 665 γενομένοις
3163 611 3226 660 γε
3261 590 3659 660 παιδευόμεθα.
3694 589 3811 643 Κά-

538 683 681 737 etaim
732 682 912 736 anima
956 679 1409 751 approquinquat
1456 681 1587 747 Deo,
1641 691 1701 737 ut
1744 682 2107 753 pulcherrime

2235 682 2425 745 ινουσα
2456 691 2563 759 γάρ
2588 690 2734 760 ψυχὴ
2763 689 2972 758 ἐγγίζει
3003 686 3143 757 Θεῷ,
3180 685 3318 756 φησί
3345 701 3452 767 πρυ
3483 682 3813 753 θαυμασιώ-

537 772 733 828 a'icubi
764 773 897 827 dicit
923 771 1135 827 Prtrus.

571 870 575 876 ’
608 864 868 933 Theobgi.
905 863 1024 920 Non
1054 874 1267 937 oportet
1293 864 1451 920 initio
1486 882 1515 921 a
1543 867 2004 938 contemplatione
2033 868 2115 923 l'a-

536 967 623 1011 rto
675 959 727 1012 in
784 961 1037 1013 timorem
1102 959 1468 1025 descendere;
1519 961 1909 1030 contemplatio
1965 963 2110 1016 enim

536 1051 689 1105 t‘rcno
713 1051 991 1115 destituta,
1026 1051 1134 1106 cito
1164 1050 1229 1105 ad
1258 1050 1484 1118 abrupta
1516 1067 1616 1108 nos
1650 1054 1864 1108 trahere
1896 1062 2111 1121 potest;

535 1144 626 1197 sed
689 1142 882 1196 timore
941 1141 1157 1204 eruditi,
1188 1141 1398 1211 purgati
1435 1150 1489 1197 et
1543 1145 1699 1213 quasi
1748 1146 2021 1202 extenuati
2058 1146 2110 1199 in

534 1237 701 1290 altum
735 1236 1042 1291 efferamur.

602 1325 1013 1394 Crepitantibus
1048 1329 1193 1385 foliis
1221 1338 1495 1385 terrentur
1525 1331 1760 1401 lepores,

607 1414 719 1472 Viri
757 1431 933 1473 autent
963 1420 1134 1475 timidi
1163 1436 1342 1476 rerum
1365 1422 1595 1477 umbris.
2074 1470 2078 1474 Α

604 1511 662 1565 S.
688 1510 958 1581 Chrysost.
992 1511 1111 1568 Non
1138 1522 1349 1569 tantum
1381 1513 1562 1570 verbis
1587 1514 1724 1572 ellici
1748 1523 1919 1584 potest
1948 1531 2109 1585 quam

535 1597 749 1654 timore.
800 1597 932 1653 Nam
971 1599 1132 1656 timor
1160 1602 1423 1671 gehennae
1456 1602 1627 1672 regni.
1660 1617 1915 1658 coronam
1950 1605 2114 1661 nobis

533 1690 735 1747 all'eret.
864 1700 865 1705 ‘

601 1782 891 1838 Mnlto’rum
937 1783 1094 1839 nobis
1117 1782 1408 1848 bonorum,
1461 1786 1506 1841 si
1542 1785 1794 1854 velimus,
1826 1802 1989 1845 causa
2040 1788 2145 1844 sit.

527 1875 779 1933 diabolus
807 1892 823 1931 :
850 1885 1157 1933 metuentes
1190 1879 1335 1934 enim
1365 1878 1594 1935 insidias
1620 1880 1765 1950 ejus,
1810 1879 1985 1936 sobrii
2017 1896 2109 1936 su-

531 1984 651 2023 mus
680 1977 736 2025 et
768 1983 1039 2025 memores
1087 1967 1205 2025 Dei.
1266 1968 1400 2026 Nam
1458 1972 1551 2042 qui
1611 1973 1760 2028 videt
1817 1972 2110 2029 instantem

532 2060 770 2124 hostem,
834 2062 899 2115 ad
932 2062 1085 2117 illum
1119 2060 1366 2134 confugit
1404 2065 1497 2134 qui
1530 2074 1707 2134 potest
1747 2081 1906 2136 opem
1941 2066 2107 2123 ferre.

588 2152 876 2210 '"Climacis.
921 2155 1389 2223 Quemadmodum
1438 2158 1569 2214 solis
1599 2160 1789 2215 ralius
1832 2175 1926 2229 per
1965 2158 2110 2216 fora-

520 2260 656 2300 ‘men
703 2247 950 2315 illapsus,
994 2244 1266 2317 quidquid
1326 2245 1381 2300 in
1416 2244 1581 2301 domo
1613 2241 1694 2302 est
1733 2247 2002 2313 illustrat,
2034 2248 2109 2304 ita

531 2346 588 2392 ut
611 2337 696 2393 vel
728 2338 954 2393 minima
986 2340 1294 2405 videantur,
1351 2350 1404 2395 et
1455 2339 1630 2407 pulvis
1662 2341 1782 2410 ipse
1815 2341 2052 2399 volitans
2091 2362 2106 2399 :

531 2429 611 2485 sic
636 2430 796 2485 etiam
831 2431 922 2486 Dei
947 2432 1130 2500 timor,
1153 2451 1273 2491 cum
1304 2436 1638 2493 discretione
1661 2443 1822 2490 natus
1852 2438 1903 2490 in
1924 2436 2108 2500 corde,

531 2525 712 2580 omnia
738 2525 857 2595 ejus
887 2537 1106 2596 peccata
1139 2530 1342 2601 prodit.

576 2614 886 2672 'Set-eriani.
905 2618 998 2674 Dei
1031 2619 1194 2676 timor
1222 2622 1437 2677 initium
1468 2631 1551 2678 est
1572 2620 1767 2678 salutis
1796 2621 2107 2685 hominum,

530 2716 583 2759 et
626 2706 710 2760 lex
754 2708 935 2764 divina
983 2710 1139 2767 radix
1191 2721 1274 2769 est
1304 2714 1462 2771 nobis
1513 2713 1756 2769 omnium
1812 2713 2105 2768 bonorum.

602 2797 753 2855 Bias.
788 2800 910 2858 Bias
938 2803 1308 2876 interrogatus
1330 2807 1593 2876 quidnam
1622 2808 1678 2862 in
1701 2806 1809 2862 vita
1840 2814 1983 2861 metu
2017 2821 2109 2860 va-

532 2902 708 2958 caret,
741 2893 878 2950 dixit
910 2912 925 2951 :
967 2895 1132 2952 Recta
1165 2901 1527 2960 conscientia.

955 2987 1189 3045 SERMO
1235 2990 1424 3048 LXVII
1449 2991 1547 3065 [aL
1565 2992 1676 3067 Cl].

1176 3080 1268 3136 "De
1309 3083 1437 3153 lege.

598 3162 762 3222 Joan.
797 3167 1209 3225 vm.Jmlicium
1246 3188 1426 3229 meum
1454 3174 1660 3245 justum
1705 3189 1808 3247 est,
1848 3182 2110 3252 quianon

532 3273 651 3312 sum
686 3261 859 3327 solus,
907 3260 1001 3317 sed
1031 3276 1130 3335 ego
1160 3276 1217 3319 et
1245 3265 1338 3335 qui
1373 3267 1521 3322 misit
1551 3284 1666 3335 me;
1700 3280 1754 3326 et
1783 3273 1836 3327 in
1867 3276 1981 3348 lege
2011 3293 2109 3335 ve-

531 3359 645 3404 stra
703 3351 967 3421 scriptum
1008 3364 1111 3424 est,
1170 3356 1318 3426 quod
1362 3356 1595 3414 duorum
1633 3362 1913 3422 hominum
1951 3371 2105 3427 testi-

530 3442 771 3519 monium
796 3459 983 3500 verum
1014 3446 1107 3503 sit.

610 3533 759 3591 Rom.
796 3552 833 3592 ι.
862 3535 966 3604 Qui
1003 3538 1121 3594 sine
1144 3539 1273 3610 lege
1301 3555 1619 3612 pcccarunt,
1654 3550 1912 3618 peribunt
1940 3556 2103 3611 etiam

532 3625 648 3681 sine
702 3627 852 3697 lege;
886 3636 942 3684 ct
998 3628 1092 3700 qui
1142 3629 1193 3685 in
1235 3631 1356 3705 lege
1417 3650 1731 3710 peccarunt,
1770 3658 1890 3714 ,ροι-
1936 3644 2104 3718 legem

502 3717 930 3785 'judicahuntur.

600 3809 877 3868 Salomon.
909 3813 1102 3887 Legem
1142 3832 1475 3891 cognoscere
1515 3833 1598 3880 est
1629 3825 1786 3885 bonae
1808 3829 2026 3888 mentis.

590 3904 910 3964 ‘Eccli.xxt.
947 3909 1051 3976 Qui
1112 3911 1283 3980 legem
1334 3910 1553 3971 Domini
1610 3929 1817 3986 servat,
1874 3922 2107 3994 imperat

529 3997 953 4065 cogitationibus
981 4002 1096 4056 suis
1122 4003 1228 4075 (vel
1257 4016 1440 4062 servat
1466 4009 1798 4067 voluntatem
1831 4014 1998 4084 ejus).

604 4086 664 4141 S.
701 4088 914 4145 Basilii.
949 4089 1066 4147 Non
1123 4094 1242 4150 lieri
1285 4108 1460 4166 potest
1492 4110 1550 4155 ut
1594 4113 1839 4160 servetur
1869 4107 1961 4176 qui
1995 4123 2102 4164 non

530 4173 659 4229 facit
693 4190 857 4246 Opera
895 4181 1195 4239 secundum
1232 4199 1499 4255 praecepta
1548 4189 1784 4259 Domini,
1815 4173 1991 4266 neque
2024 4199 2104 4252 ul-

534 4268 643 4318 tum
696 4281 762 4322 ex
795 4272 1114 4343 praeceptis
1147 4274 1540 4346 sineperieulo
1597 4283 1911 4356 negligitur.
1965 4288 2100 4345 Nam

2220 802 2350 840 τατα
2387 784 2562 854 λέγων
2590 786 2618 838 ὁ
2647 785 2876 855 Πέτρος.

2289 877 2404 931 Οὐκ
2435 878 2541 931 ἀπὸ
2576 875 2806 947 Θεωρίας
2847 874 3191 945 ἀρξαμένους
3226 873 3308 937 εἰς
3359 871 3528 941 φόϐον
3566 871 3676 939 χρὴ
3711 887 3803 925 κα·

2217 968 2491 1038 ταῖήγειν.
2520 968 2735 1037 Θεωρία
2760 969 2869 1037 γὰρ
2899 967 3232 1037 ἀχαλίνωτος
3261 966 3404 1035 τάχα
3434 963 3503 1017 ἄν
3533 965 3633 1015 καὶ
3664 963 3805 1014 κατά

2216 1060 2477 1130 κρημνῶν
2523 1061 2754 1115 ὤσειενο
2793 1061 2928 1113 ἀλλὰ
2986 1059 3140 1129 φόϐῳ
3164 1056 3666 1129 στοιχειουμένους,
3707 1054 3806 1108 καὶ

2215 1140 2669 1223 καθαιρομένους,
2697 1155 2793 1209 καὶ
2820 1156 2909 1207 ἵνα
2933 1152 3108 1217 οὕτως
3139 1153 3301 1216 εἴπω,
3331 1149 3801 1219 λεπτυνομένους,

2216 1249 2292 1309 είς
2321 1245 2455 1315 ὕψος
2490 1245 2610 1316 οιῐρε
2620 1246 2766 1301 σθαι.

2280 1339 2497 1392 Ψύλλων
2527 1339 2773 1407 λαγωοὺς
2796 1336 3122 1409 ἐκφοϐοῦσιν
3149 1338 3197 1391 οἱ
3230 1337 3457 1400 κτύποι,

2291 1435 2526 1505 Ἀνδρας
2555 1435 2599 1489 δ’
2633 1434 2931 1504 ἀνάνδρους
2960 1434 3017 1485 αἱ
3048 1434 3198 1487 σκιαὶ
3229 1432 3339 1484 τῶν
3359 1430 3742 1500 πραγμάτων.

2240 1528 2246 1533 ’
2287 1526 2363 1580 Οὐ
2400 1525 2654 1580 τοσοῦτον
2707 1524 3052 1596 ἐργάσασθαι
3104 1524 3394 1593 δυνήσεται
3445 1521 3632 1589 λόγος,
3675 1520 3803 1574 ὅσον

2218 1619 2511 1690 ἐργάζεται
2541 1617 2726 1685 φόϐος.
2774 1617 2832 1671 Ὀ
2864 1618 2974 1688 γὰρ
3003 1616 3103 1684 τῆς
3133 1617 3357 1685 γεέννης
3385 1613 3552 1683 φόϐος
3577 1613 3670 1665 τὸν
3699 1612 3802 1680 τῆς

2147 1751 2186 1807 Β
2220 1711 2498 1782 βασιλείας
2536 1713 2670 1779 ἡμῖν
2731 1712 3005 1779 κομιεῖται
3051 1709 3332 1776 στέφανον.

2289 1803 2476 1867 Αἴτιος
2514 1804 2649 1873 ἡμῖν
2707 1800 2922 1856 πολλῶν
2978 1799 3224 1868 ἀγαθῶν,
3279 1799 3330 1852 εί
3383 1796 3801 1867 βουλοίμεθα,ὃ

2212 1896 2500 1959 διάϐολοςο
2561 1895 2865 1959 δεδοικότες
2914 1892 3024 1963 γάρ
3074 1890 3241 1945 αὐτοῦ
3311 1889 3414 1953 «te;
3472 1887 3803 1947 ἐπιϐουλὰς,

2212 1990 2456 2059 νήφομεν
2481 1988 2576 2041 καὶ
2607 1983 2936 2057 μεμνήμεθα
2959 1983 3052 2064 τοῦ
3075 1980 3233 2036 Θεοῦ.
3286 1980 3347 2034 Ὀ
3379 1975 3805 2049 γάρὶἒνρεστῶτα

2210 2082 2305 2137 τὸν
2344 2081 2539 2152 ἐχθρὸν
2574 2079 2718 2152 ὀρῶν
2757 2077 2837 2148 τῷ
2867 2075 3155 2146 δυναμένῳ
3186 2073 3515 2145 προστρέχει
3553 2070 3801 2157 βοηθεῖν.

2285 2173 2497 2243 Ὥσπερ
2536 2171 2693 2241 ἀκτὶς
2739 2170 2891 2241 ἡλίου
2919 2168 2989 2222 δι’
3019 2167 3160 2235 ὀπῆς
3196 2163 3520 2218 εἰσελθοῦσα
3571 2164 3629 2215 ὲν
3660 2162 3805 2232 οἴκῳ

2212 2267 2390 2320 πάντα
2424 2264 2669 2333 φωτίζει,
2692 2264 2766 2327 ὡς
2805 2263 2902 2318 καὶ
2937 2262 3000 2316 τδ
3037 2259 3364 2314 λεπτότατον
3416 2259 3574 2329 ὀρᾷν,
3609 2256 3714 2309 τόν
3743 2271 3804 2309 τε

2210 2358 2489 2430 κονιορτὸν
2534 2357 2838 2428 πετόμενον
2865 2369 2880 2385 ⁸
2913 2354 3090 2418 οὕτως
3137 2354 3233 2408 καὶ
3276 2352 3442 2423 φὸὁος
3480 2349 3622 2405 Θεοῦ
3654 2351 3803 2420 μετά

2208 2451 2535 2522 διακρίσεως
2565 2453 2623 2505 ἐν
2645 2451 2844 2523 καρδία
2871 2450 3188 2525 γενόμενος,
3221 2446 3402 2500 πάντα
3430 2444 3570 2516 αὐτῇ
3602 2443 3676 2498 τὰ
3702 2445 3802 2498 αὔ-

2209 2546 2308 2615 τῆς
2339 2544 2717 2616 ἁμαρτήματα
2755 2542 3159 2597 ὑποδείκνυσιν.

2292 2636 2461 2706 Ἀρχὴ
2505 2636 2783 2708 σωτηρίας
2837 2633 3145 2704 ἀνθρώπων
3196 2633 3224 2685 ὁ
3265 2630 3360 2684 τοῦ
3400 2629 3535 2684 Θεοῦ
3600 2628 3799 2698 φόϐος,

2212 2731 2305 2785 καὶ
2333 2728 2460 2801 ῥίζα
2489 2729 2706 2784 πάντων
2730 2731 2788 2782 ὲν
2821 2730 2954 2799 ἡμῖν
2983 2726 3205 2795 ἀγαθῶν
3260 2727 3288 2780 ὁ
3311 2723 3404 2780 τοῦ
3430 2723 3567 2778 Θεοῦ
3600 2723 3799 2792 νόμος.

2280 2820 2414 2887 Βίας
2447 2822 2746 2893 ἐρωτηθεὶς
2771 2823 2823 2876 τί
2857 2820 2923 2876 ἂν
2955 2822 3040 2892 εἴη
3074 2820 3183 2874 τῶν
3217 2818 3360 2873 κατά
3393 2816 3486 2870 τὸν
3517 2815 3634 2887 βίον
3663 2815 3801 2885 ἄφο-

2208 2913 2324 2981 60v,
2363 2909 2538 2982 εἶπεν,
2587 2914 2754 2986 Ὀρθὴ
2794 2915 3122 2982 συνείδησις.
3726 2914 3727 2917 “

2814 3006 3036 3062 ΛΟΓΟΣ
3072 3005 3192 3059 ΞΖν.

2808 3099 2946 3168 Περὶ
2972 3099 3185 3167 νόμω).

2294 3195 2356 3247 Ἦ
2393 3192 2573 3264 κρίσις
2622 3193 2653 3263 ή
2708 3193 2815 3264 ἐμὴ
2871 3192 3056 3247 δικαία
3107 3193 3278 3259 ἐστὶν,
3314 3193 3399 3247 ὅτι
3462 3193 3627 3263 μόνος
3690 3194 3796 3247 οὐκ

2210 3284 2345 3354 είμὶ,
2376 3284 2491 3337 ἀλλ’
2518 3276 2630 3351 ἐγὼ
2651 3285 2748 3336 καὶ
2767 3285 2797 3337 ὁ
2824 3283 3049 3352 πέμψας
3077 3298 3145 3353 με
3165 3298 3183 3318 ο
3220 3285 3318 3338 καὶ
3350 3285 3410 3338 ἒν
3430 3284 3513 3353 τῷ
3542 3285 3698 3354 νόμῳ
3720 3286 3799 3354 τῷ

2210 3377 2461 3449 ὑμετέρῳ
2493 3373 2825 3448 γέγραπται,
2855 3378 2939 3432 ὅτι
2970 3377 3065 3431 δύο
3101 3377 3409 3450 ἀνθρώπων
3440 3380 3477 3450 ή
3510 3384 3797 3451 μαρτυρία

2210 3469 2418 3539 ἀληθής
2452 3471 2622 3524 ἐστιν.

2283 3562 2440 3616 Ὅσοι
2466 3563 2684 3634 ἀνόμως
2719 3564 2985 3636 ἦμαρτον,
3018 3565 3238 3636 ἀνόμως
3282 3568 3381 3621 καὶ
3407 3568 3755 3624 ἀπολοῦνται
3779 3588 3794 3604 ·

2209 3654 2303 3709 καὶ
2326 3654 2440 3710 ὅσοι
2486 3656 2545 3709 ὲν
2581 3656 2731 3727 νόμῳ
2758 3648 3030 3728 ἥμαρτον,
3062 3657 3150 3713 διὰ
3198 3658 3367 3731 νόμου
3410 3661 3793 3732 κριθήσονται.

2278 3837 2352 3892 Τὸ
2379 3837 2542 3907 νόμον
2570 3839 2774 3906 γνῶναι
2805 3839 3046 3904 διανοίας
3076 3840 3228 3895 εστὶν
3260 3842 3502 3912 ἀγαθῆς.

2288 3929 2347 3983 Ὀ
2380 3930 2674 4000 φυλάσσων
2707 3932 2873 4000 νόμον
2900 3932 3108 4004 Κυρίου
3148 3941 3347 4007 κρατεῖ
3382 3935 3479 3990 τοῦ
3523 3938 3794 4008 ἐννοήμα-

2208 4039 2294 4087 τος
2319 4021 2509 4079 αὑτοῦ.
2754 4070 2763 4081 .

2279 4110 2355 4165 Οὐ
2391 4111 2615 4168 δυνατὸν
2645 4114 2886 4184 σωθῆναι
2922 4116 2996 4189 μὴ
3024 4116 3281 4172 ποιοῦντα
3317 4121 3387 4174 τά
3410 4120 3536 4175 κατ’
3566 4122 3791 4190 ἐντολὴν

2205 4202 2300 4257 τοῦ
2352 4203 2487 4258 Θεοῦ
2520 4203 2693 4276 ἔργα,
2747 4206 2873 4261 οῦτε
2918 4208 2981 4262 τδ
3026 4210 3276 4279 παριδεῖν
3304 4228 3358 4265 τι
3399 4212 3513 4265 τῶν
3558 4231 3793 4284 προστε-

2204 4296 2492 4365 ταγμένων
2542 4298 2848 4356 ἀκίνδυνον.
2883 4302 3039 4371 Δεινὴ
3076 4303 3186 4373 γάρ
3234 4305 3268 4375 ἡ
3302 4305 3536 4375 ἔπαρσις
3590 4308 3790 4376 κριτὰς

533 4358 772 4414 inaudita
806 4377 891 4417 res
922 4374 1004 4418 est
1035 4367 1727 4442 eonstituerenosjudices
1749 4378 2099 4453 legislatoris,

533 4464 577 4483 nl
615 4451 792 4483 ‘n.volm
829 4454 948 4483 ηερ-η.
989 4457 1126 4483 Αιε--
1189 4460 1471 4483 -.ι...ε..Α--
1568 4466 1653 4483 -u,
1800 4471 1834 4483 ..
2047 4476 2097 4483 _-

2235 4358 2355 4455 ιμές
2379 4385 2471 4440 τοῦ
2496 4387 2787 4457 νομοθέτου
2813 4358 3167 4457 καθέζεσθαί
3196 4358 3290 4447 κὲι
3318 4358 3445 4469 τοῦς
3470 4358 3574 4464 μὲν

529 4464 583 4506 et
615 4451 793 4522 legum
828 4454 949 4526 eius
988 4457 1128 4514 alias
1188 4460 1512 4529 admittere,
1556 4466 1697 4523 alias
1732 4471 1986 4542 rejicere.
2043 4451 2098 4533 Si

2235 4451 2318 4530 iw
2362 4476 2472 4532 τῶν
2505 4451 2708 4550 νόμων,
2743 4481 2870 4545 τοὺς
2921 4451 2979 4536 δέ
3016 4451 3511 4555 παραπέμπεσθαι.
3568 4451 3651 4542 Ei.
3674 4451 3790 4557 γὰρ

529 4545 671 4598 enim
723 4544 1022 4614 perfectum
1069 4561 1191 4605 esse
1221 4560 1434 4621 oportet
1487 4551 1580 4610 Dei
1634 4555 1937 4626 hominem,
1987 4578 2101 4617 om-

531 4633 660 4688 uino
709 4636 1080 4692 necessarium
1135 4648 1222 4696 est
1276 4650 1335 4696 ut
1401 4643 1453 4698 in
1492 4634 1762 4705 omnibus
1816 4654 2102 4725 praeceptis

528 4726 811 4784 absolutus
842 4730 935 4797 sit,
968 4731 1035 4786 ad
1073 4732 1293 4789 modum
1328 4745 1381 4792 et
1409 4751 1679 4794 summam
1716 4743 2101 4812 perfectionem

527 4817 754 4874 Christi.
822 4818 973 4889 lmo,
1026 4838 1094 4880 ex
1162 4826 1280 4896 lege
1339 4827 1569 4896 divina,
1618 4843 2103 4909 quantumcunque

527 4922 725 4975 purum
756 4910 829 4966 sit
859 4915 1210 4982 sarriﬂciam,
1241 4918 1519 4991 indignum
1556 4933 1641 4978 est
1678 4923 1828 4980 cultu
1859 4925 1975 4983 Dei.

528 4999 722 5071 Legem
752 5006 1073 5074 observans,
1109 5008 1294 5078 eiicies
1319 5010 1592 5070 timorem.

529 5088 696 5184 Vacat
727 5094 871 5149 enim
893 5097 1090 5152 timore
1119 5101 1348 5169 quilibet
1382 5117 1567 5160 custos
1605 5106 1759 5176 legis.
1780 5106 2100 5184 (Theologi.)

583 5182 717 5237 ‘Duo
753 5196 880 5241 sunt
909 5186 1110 5258 quibus
1135 5191 1393 5262 regimur,
1433 5205 1624 5252 natura
1652 5207 1706 5253 et
1740 5199 1847 5254 lex.
1882 5182 2101 5261 Fortior

529 5284 706 5331 autem
734 5289 815 5331 est
847 5292 1040 5338 natura
1067 5300 1232 5357 quam
1266 5287 1373 5342 lex.

600 5365 656 5423 S.
690 5366 961 5440 Chrysost.
1000 5373 1250 5435 Peccatis
1284 5394 1350 5435 ex
1400 5382 1723 5439 necessitate
1784 5389 2093 5449 commissis

529 5463 673 5532 leges
699 5459 863 5516 etiam
898 5464 1208 5533 ignoscunt.

599 5549 799 5621 Legum
853 5568 1051 5622 genera
1107 5559 1211 5615 tria
1247 5573 1391 5639 sunt,
1428 5565 1512 5635 lex
1563 5566 1794 5639 naturae,
1837 5573 1921 5631 lex
1952 5577 2091 5632 scri-

527 5654 614 5710 pta
650 5657 769 5712 qua:
798 5641 964 5715 Moysi
1000 5644 1122 5703 data
1153 5650 1237 5731 est
1300 5647 1385 5727 te;
1410 5652 1627 5745 gratiae.

2206 4567 2288 4620 δεῖ
2316 4567 2520 4623 τέλειον
2575 4564 2714 4625 εἶναι
2762 4574 2854 4626 τδν
2882 4573 2976 4627 τοῦ
3022 4573 3159 4629 Θεοῦ
3204 4576 3520 4647 ἄνθρωπον,
3566 4580 3788 4649 ἀνάγκη

2209 4661 2361 4715 πᾶσα
2388 4661 2476 4717 διά
2511 4663 2692 4733 πάσης
2723 4664 2940 4736 ἐντολῆς
2981 4670 3434 4740 καταρτισθῆναι,
3464 4675 3546 4737 είς
3579 4675 3789 4745 μέτρον

2207 4751 2425 4823 ἡλικίας
2466 4752 2563 4806 τοῦ
2619 4753 2989 4825 πληρώματος
3020 4757 3115 4811 τοῦ
3150 4759 3392 4830 Χριστοῦ
3415 4777 3432 4793 ·
3466 4762 3592 4817 ἐπεὶ
3636 4768 3789 4819 κατὰ

2204 4845 2297 4899 τὸν
2356 4846 2497 4900 θεῖον
2550 4847 2737 4917 νόμον,
2791 4848 2895 4903 κᾶν
2944 4851 3180 4924 καθαρὸν
3319 4855 3382 4909 τὸ
3433 4856 3785 4926 τελούμενον.

2207 4937 2578 5007 ἀπρὸσδεκτον
2616 4941 2695 5003 είς
2722 4940 2912 4996 θυσίαν
2934 4942 3011 5012 τῷ
3035 4944 3177 5015 Θεῷ.

2343 5029 2562 5099 Νόμους
2595 5031 2903 5100 φυλάττων,
2937 5034 3065 5099 τοὺς
3091 5038 3291 5105 φόϐους
3321 5039 3427 5105 ἔξω
3457 5040 3658 5112 βαλεῖς.

2338 5123 2525 5177 Φόϐων
2551 5124 2663 5196 γὰρ
2700 5125 2807 5192 ἔξω
2841 5129 2949 5192 πᾶς
2990 5130 3018 5181 ὁ
3044 5128 3139 5182 τοῦ
3165 5130 3333 5201 νόμου
3368 5135 3566 5201 φύλαξ.

2272 5215 2372 5267 Δύο
2408 5217 2508 5285 μὲν
2551 5218 2659 5289 γὰρ
2706 5219 2775 5270 τὰ
2806 5220 3061 5290 διάγοντα
3109 5224 3257 5292 ἡμᾶς
3294 5226 3435 5293 ἐστι,
3466 5227 3629 5296 φύσις
3682 5230 3790 5283 καὶ

2199 5290 2387 5383 νόμος..
2421 5308 2629 5379 Κρατεῖ
2657 5308 2712 5362 δὲ
2751 5310 2846 5363 τοῦ
2876 5312 3041 5381 νόμου
3069 5314 3102 5384 ὴ
3129 5290 3328 5381 etiam.

2278 5384 2458 5479 Ἵσάξιι
2486 5402 2579 5452 καὶ
2624 5400 2674 5451 οἱ
2711 5401 2959 5471 νόμοιτά
2991 5403 3049 5469 ἐξ
3095 5406 3344 5474 ἀνάγκης
3386 5409 3790 5479 συγγινώσκειν

2200 5464 2601 5558 ἀμαρῖτῆματα.

2251 5571 2400 5649 ,Εἵδη
2427 5581 2535 5635 τῶν
2564 5583 2745 5654 νόμων
2771 5587 2921 5656 τρία,
2958 5589 3119 5658 νόμος
3145 5593 3175 5643 ὁ
3204 5594 3305 5663 τῆς
3337 5593 3575 5662 φύσεως,
3606 5593 3785 5663 νόμος

2196 5669 2225 5721 ὁ
2250 5667 2343 5721 τοῦ
2372 5671 2702 5744 γράμματος
2733 5679 2761 5731 ὀ
2804 5678 2882 5749 τῷ
2910 5680 3136 5741 Μωῦοτῖ
3166 5682 3377 5752 ⁸δοθεὶς,
3420 5686 3583 5756 νόμος
3609 5687 3638 5738 ὁ
3665 5688 3780 5756 τῆς

2202 5758 2444 5828 χάριτος.
