3992 6252
218 376 287 437 77
968 378 1140 442 LOCI
1179 382 1329 444 COM
1346 385 1634 450 MUNES.
1670 413 1738 424 --
1766 392 1964 455 PARS
1998 400 2051 462 1-.
2076 404 2335 468 SERMO
2366 409 2640 474 LXVIII.

247 493 521 559 Ζίλευκος
553 495 583 550 δ
628 496 737 549 τῶν
768 497 995 572 Λοκρῶν
1027 501 1328 572 νομοθέτης

177 587 623 667 τᾶς-ἀραχνίοις
676 568 834 641 εἶπεν
871 568 1103 659 ὁμοίους
1148 568 1311 648 εἶναι.
1360 596 1478 651 Καὶ
1523 568 1633 669 γὰρ
1680 568 1762 665 είς

177 678 364 730 ἐκεῖνά
401 679 496 730 ἐὰν
526 680 746 754 ἐμπέσῃ
779 684 913 749 μυῖα
957 682 990 752 ἦ
1030 683 1257 755 κώνωψ,
1296 688 1619 760 κατέχεταιο
1665 692 1762 746 ἐὰν

174 770 228 822 δὲ
264 770 470 842 σφὴξῆ
504 773 755 842 μέλισσα,
800 775 1143 847 διαρῤήξασα
1167 779 1482 848 ἀφίσταται.
1530 784 1618 838 Ἐν
1645 788 1759 849 τοῖς

182 868 362 932 νόμοις
414 866 512 917 ἐὰν
540 865 761 937 ἐμπέσῃ
794 866 986 936 πένης,
1009 869 1293 937 συνέχεται
1321 889 1334 903 ·
1367 874 1458 925 ἐὰν
1501 873 1556 927 δὲ
1595 876 1759 929 πλού-

179 970 207 1005 σ
233 971 313 1017 ος,
343 954 376 1025 ἦ
405 954 633 1017 δυνατὸς
658 955 861 1024 λέγειν,
897 956 1198 1031 διαρρήξας
1224 962 1540 1035 ἀποτρέχει.

246 1046 428 1099 Σίλων
487 1047 782 1117 ἐρωτηθεὶς
833 1049 940 1104 ὐπό
968 1068 1131 1116 τινος,
1186 1054 1305 1118 πῶς
1347 1056 1544 1126 ἄριστα
1572 1060 1630 1112 at
1664 1060 1760 1114 πό-

176 1137 291 1201 λεις
332 1137 634 1204 οἰκοῦνται,
688 1139 792 1209 ἔφη
821 1155 836 1173 ·
881 1140 1006 1194 Ἐὰν
1036 1141 1136 1211 μὲν
1166 1145 1217 1197 οί
1262 1147 1476 1200 πολῖται
1501 1152 1613 1212 τοῖς
1661 1150 1759 1222 ἄρ·

178 1249 335 1300 χουσι
365 1233 684 1295 πείθωνται,
715 1233 765 1286 oi
788 1234 844 1288 δὲ
871 1234 1132 1305 ἄρχοντες
1160 1239 1273 1302 τοῖς
1297 1240 1506 1310 νόμοις.

249 1325 378 1385 Τοῖς
413 1325 512 1392 μὲν
543 1324 750 1388 δούλοις
782 1327 815 1395 ἡ
845 1327 1059 1399 ἀνάγκη
1088 1329 1272 1399 νόμος,
1315 1333 1429 1397 τοῖς
1460 1333 1519 1387 δὲ
1545 1334 1758 1389 ἐλευθέ-

182 1431 293 1483 ροις
324 1415 353 1468 δ
379 1417 543 1485 νὸμος
570 1418 805 1488 ἀνάγκη.

249 1507 437 1577 Νόμος
472 1510 723 1580 βούλεται
758 1511 862 1579 μὲν
907 1512 1217 1583 εὐεργετεῖν
1264 1515 1378 1585 βίον
1407 1496 1713 1588 ἀνθρώπων
1739 1537 1752 1551 ·

178 1601 238 1651 οὗ
275 1600 503 1654 δῦναται
551 1601 607 1654 δὲ
658 1602 785 1656 ὅταν
837 1604 994 1658 αὐτοὶ
1046 1603 1350 1674 βούλωνται
1381 1609 1645 1681 πάσχεινο
1698 1613 1758 1666 ἐν

180 1694 289 1764 γὰρ
318 1693 811 1765 τοῖς,πειθομένοις
852 1696 1191 1751 ἐνδείκνυται
1218 1698 1316 1769 τὴν
1369 1701 1505 1755 ἰδίαν
1532 1704 1756 1775 ἀρετήν.

255 1870 471 1942 Ὠσπερ
513 1873 627 1935 τοῖς
672 1873 925 1927 νοσοῦσιν
971 1875 1144 1947 ίατροὶ
1194 1878 1457 1948 σωτῆρες,

180 1965 298 2027 τοῖς
328 1964 705 2034 ἀδικουμένοις
737 1968 789 2019 oi
817 1967 991 2038 νόμοι.

253 2055 430 2126 Νόμοι
487 2057 844 2129 ἀληθέστατοι
889 2061 939 2113 οἱ
994 2061 1347 2116 δικαιότατοι.

252 2148 424 2219 Νόμῳ
452 2149 546 2203 καῖ
594 2148 817 2222 ἄρχοντι
849 2152 946 2206 καὶ
991 2151 1068 2224 τῷ
1116 2154 1413 2227 σοφωτὲρῳ
1467 2155 1638 2214 είκειν
1669 2160 1762 2212 κό-

183 2255 365 2294 σιιισν.

265 2257 365 2294 ιον.

220 2257 342 2388 “Td
369 2335 523 2405 παρὰ
551 2326 718 2406 νόμον
753 2335 1017 2408 γινόμενα
1044 2339 1166 2393 ἀντὶ
1200 2341 1279 2412 μὴ
1300 2341 1603 2412 γινομένων
1627 2343 1760 2396 είσί.

771 2473 994 2528 ΛΟΓυΣ
1046 2476 1191 2531 ΞΗ’..

250 2610 394 2680 Περὶ
424 2604 642 2664 τοΰὸτι
670 2607 771 2663 δεῖ
792 2607 990 2695 τιμᾷν.
1010 2612 1253 2682 ἀρετὴν,
1284 2615 1394 2669 καί
1415 2615 1692 2678 κολάζειν

242 2708 249 2711 ·
847 2698 1092 2738 tamur.

263 2795 725 2866 Ἐκπορευσονται
749 2793 800 2847 οἱ
825 2795 894 2847 τὰ
927 2794 1109 2863 ἀγαθά
1142 2798 1469 2869 ποιήσαντες
1513 2801 1595 2865 είς
1631 2800 1760 2857 ἀνά-

184 2905 377 2942 στασιν
411 2888 576 2955 ζωῖς,
607 2888 656 2942 οί
703 2887 760 2940 δὲ
810 2887 881 2941 τά
941 2887 1125 2958 φαῦλα
1159 2888 1468 2961 πράξαντες
1499 2893 1580 2956 είς
1616 2893 1755 2948 ἀνά-

183 3000 282 3036 στα
293 2999 376 3034 σιν
417 2983 678 3049 κρίσεως.

255 3069 382 3127 Οἵδε
434 3073 640 3141 Κύριος
690 3069 936 3141 εὐσεβεῖς
989 3073 1055 3124 ὲκ
1108 3075 1422 3145 πειρασμοῦ
1481 3076 1753 3145 ῥύεσθαι,

1379 504 1506 567 τοὺς
1557 507 1754 578 νόμους

1929 516 2215 580 Ζαιειισιεε.
2257 525 2525 587 Zaleucns
2576 531 2934 592 Locrensium
2986 537 3266 608 legistator
3297 541 3442 612 leges

1865 625 2189 672 aranearum
2230 620 2350 676 telis
2410 627 2787 696 comparabat.
2847 628 2955 685 illis
2980 631 3124 686 enim
3187 634 3344 704 113
3397 635 3443 705 si

1865 720 2053 763 musca
2077 712 2159 766 vel
2193 714 2352 769 culex
2379 715 2652 787 inciderit,
2691 720 3005 779 detinetur:
3032 725 3119 779 sin
3159 740 3322 796 vespa
3353 736 3446 781 aut

1863 799 2000 887 apis.
2021 799 2219 857 lacerat
2264 805 2425 860 telam
2454 816 2508 861 et
2541 809 2740 866 avolat.
2772 810 2835 866 Et
2872 812 2930 866 in
2978 813 3122 885 leges
3160 816 3206 871 si
3238 831 3447 887 pauper

1864 886 2135 957 inciderit,
2196 892 2462 950 retinetur
2496 894 2620 954 :‘sin
2657 899 2854 970 aliquis
2879 901 3030 959 dives
3057 913 3152 961 aut
3180 886 3447 975 disertius,

1863 993 2224 1051 perrumpens
2252 986 2452 1043 evadit.

1935 1070 2121 1129 Solon.
2155 1075 2321 1132 Solon
2359 1089 2582 1149 rogatus
2610 1096 2641 1138 a
2666 1083 2900 1152 quodam
2932 1087 3211 1161 quomodo
3234 1090 3442 1161 optime

1862 1162 2114 1221 civitates
2155 1168 2559 1237 habitarentur,
2599 1172 2738 1229 dixit
2773 1192 2787 1230 :
2819 1173 2878 1229 Si
2906 1169 3055 1234 cives
3081 1180 3443 1253 principibus,

1861 1253 2137 1324 principes
2164 1255 2374 1328 legibus
2403 1262 2681 1318 obediant.

1933 1345 2208 1402 D‘emadis.
2242 1348 2427 1408 Servis
2461 1354 2678 1423 quidem
2715 1357 3011 1415 necessitas
3042 1359 3127 1417 lex
3155 1372 3278 1427 est,
3308 1364 3443 1419 lihe-

1863 1437 1937 1491 ris
1967 1449 2147 1495 autem
2188 1440 2272 1498 lex
2301 1452 2384 1498 est
2414 1447 2733 1503 necessitas.

1949 1531 2224 1603 Epictecti.
2247 1535 2406 1608 Legis
2433 1554 2628 1610 seopus
2647 1543 2885 1599 estbene
2909 1544 3105 1600 mereri
3132 1544 3197 1600 de
3219 1542 3326 1600 vita
3350 1545 3447 1601 ho-

1863 1626 2108 1693 minum;
2162 1644 2270 1684 non
2324 1641 2505 1700 potest
2531 1642 2710 1690 autem
2743 1651 2871 1708 erga
2915 1638 3171 1694 hominns
3203 1638 3439 1694 benetica

1861 1733 2004 1785 esse,
2044 1722 2266 1791 quando
2296 1723 2401 1793 ipsi
2439 1726 2545 1795 pati
2573 1727 2797 1795 volunt;
2837 1729 3147 1785 solisenim
3182 1732 3446 1786 obedien-

1864 1809 2007 1862 tibus
2037 1824 2190 1865 suam
2221 1814 2474 1868 virtutem
2507 1817 2767 1872 declarat.

1498 1878 1642 1935 οῦτω
1671 1882 1760 1935 καὶ

1941 1897 2095 1971 ΛΕμί
2142 1911 2391 1959 servator
2415 1914 2497 1962 est
2533 1907 2817 1974 medicus;
2842 1907 3305 1981 injuriantpassi,
3337 1909 3443 1965 lex.

1941 2085 2111 2156 Leges
2137 2088 2437 2143 verissimae
2462 2099 2590 2145 sunt
2618 2105 2738 2161 qna:
2759 2091 3102 2160 justissima.

1940 2176 2069 2247 Legi
2098 2186 2153 2234 et
2194 2176 2422 2251 princip}
2459 2194 2514 2237 et
2571 2182 2890 2252 sapientiori
2945 2184 3139 2241 cedere
3177 2186 3441 2243 decorum

1865 2278 1966 2323 est.

1937 2360 2067 2428 Quae
2096 2373 2290 2433 praeter
2317 2365 2487 2436 legem
2520 2366 2678 2435 fiunt,
2698 2384 2799 2439 pro
2829 2384 2935 2425 non
2956 2370 3442 2430 factisbabentur.

2290 2498 2526 2556 SEBMO
2547 2499 2761 2556 nxvut
2794 2502 2894 2575 [αι.
2928 2503 3022 2575 ιιι.

1875 2631 2131 2689 Virtutem
2179 2635 2546 2693 honorandum
2593 2648 2640 2693 et
2697 2639 2880 2694 vilium
2939 2639 3263 2706 puniendum
3313 2657 3444 2696 esse.

1929 2810 2092 2867 Joan.
2127 2829 2179 2868 v.
2212 2812 2570 2884 Egredientur
2611 2814 2707 2882 qui
2762 2816 2901 2870 bona
2946 2816 3309 2881 fecerunt,ad
3357 2832 3443 2871 re-

1860 2907 2255 2960 surrectionem
2332 2906 2482 2971 vitze,
2516 2907 2609 2975 qui
2658 2921 2788 2962 vero
2839 2907 2982 2961 mala
3041 2916 3446 2979 perpetrarent,

1859 2995 1926 3049 ad
1959 2996 2410 3053 resurrectionem
2433 2996 2649 3066 judicii.

1938 3086 1999 3143 II
2037 3088 2182 3145 Petr.
2235 3105 2292 3145 ιι.
2332 3088 2493 3146 Novit
2558 3091 2818 3147 Dominus
2864 3091 2983 3161 pios
3038 3106 3066 3146 a
3129 3093 3441 3147 tentationc

181 3165 402 3229 ἀδίκους
444 3163 503 3217 δὲ
546 3164 628 3225 είς
659 3160 887 3233 ἡμέραν
910 3162 1154 3232 κρίσεως
1207 3166 1612 3238 κολαζομένους
1660 3186 1754 3242 τηε

1906 3181 2116 3249 Iterare,
2142 3180 2380 3249 iniustos
2407 3192 2590 3239 autem
2626 3182 2693 3238 ad
2726 3160 2877 3239 diem
2921 3184 3116 3255 judicii
3131 3184 3448 3256 puniendos

185 3260 321 3326 ρείν.

257 3349 649 3419 Ζημιουμὲνου
682 3347 983 3402 ἀκολάστου
1007 3388 1025 3415 ,
1067 3352 1509 3424 πανουργότερος
1553 3353 1761 3423 γίνεται

180 3447 410 3507 ἄκακος.

254 3541 591 3609 Πανοῦργος,
617 3542 743 3595 tam
759 3559 895 3615 πονη
905 3541 997 3614 ρὺν
1016 3542 1451 3614 τιμωρούμενον,
1478 3543 1763 3612 κραταιῶς

182 3632 347 3695 αῦτδς
380 3633 721 3687 παιδεύεται.

240 3726 329 3779 ’οὐ
360 3724 569 3779 δίκαιον
601 3725 867 3795 omnem
926 3724 1145 3797 πτῳχὸν
1176 3725 1420 3790 συνετὸν,
1447 3723 1543 3777 καὶ
1567 3722 1626 3777 οὐ
1659 3741 1763 3777 κα-

182 3818 355 3887 θῆκον
383 3817 606 3884 δοξάσαι
655 3819 824 3889 ἄνδρα
856 3818 1204 3889 ἀμαρτωλόν.

257 3909 358 3972 Δὸς
397 3908 478 3979 τῷ
501 3908 762 3979 δεομένῳ,
790 3910 886 3963 καὶ
920 3911 996 3979 μὴ
1032 3908 1138 3978 δῷς
1189 3906 1267 3977 τῷ
1301 3905 1638 3976 ὀρχουμὲνῳ,
1676 3906 1765 3959 ἵνα

154 4008 159 4012 ’
191 4001 265 4070 μὴ
297 3999 436 4070 μετὰ
478 4000 584 4053 τῶν
620 3998 729 4052 σῶν
763 4002 1070 4071 χρημάτων
1108 4001 1204 4055 καὶ
1235 4000 1334 4070 τὴν
1356 3999 1538 4067 ψυχὴν
1563 3996 1765 4049 ἀπολέ-

188 4108 290 4162 σῃς
321 4091 418 4161 τὴν
451 4091 663 4143 ἐκείνου
685 4107 700 4123 ο
734 4091 800 4144 σὺ
823 4093 932 4160 γὰρ
959 4091 1130 4155 αἴτιος
1168 4086 1220 4145 εἴ
1249 4091 1351 4165 τῆς
1381 4089 1598 4142 ἐκείνου
1616 4090 1768 4142 ἀπω-

187 4183 339 4244 λείας
390 4182 479 4235 διὰ
516 4182 615 4252 τῆς
651 4182 884 4254 ἀκαίρου
938 4182 1275 4253 φιλοτιμίας.
1318 4182 1381 4234 El
1430 4179 1541 4251 γὰρ
1580 4182 1630 4232 0i
1673 4182 1768 4234 ἐπὶ

186 4273 286 4340 τῆς
331 4273 645 4343 ὀρχήστρας
694 4273 912 4343 ¹ᾔδεσαν,
952 4275 1034 4327 ὅτι
1082 4276 1142 4326 τὸ
1187 4274 1531 4342 ἐπιτήδευμα
1583 4272 1767 4335 αὐτοῖς

187 4364 417 4435 ἀκερδὲς
442 4364 668 4434 ἔμελλεν
692 4364 934 4431 ἔσεσθαι,
966 4365 1136 4420 πάλαι
1166 4363 1234 4420 ἂν
1263 4364 1572 4419 ἐπαύσαντο
1593 4362 1766 4419 ταῦτα

188 4455 627 4523 ἐπιτηδεύοντες.

1864 3288 2161 3329 reservare.

1933 3365 2202 3422 Solomon.
2248 3365 2386 3422 Cum
2441 3367 2665 3437 punitur
2722 3368 3073 3434 luxuriosus,
3122 3366 3458 3437 prudentior-

1865 3456 2049 3511 evadit
2079 3456 2371 3511 innocens.

1935 3549 2182 3625 Prudens
2237 3548 2409 3604 multo
2466 3549 2768 3607 iitdbctior
2809 3564 2934 3606 cum
2964 3548 3110 3605 videt
3137 3549 3446 3620 improbum

1863 3620 2103 3713 puniri.“

1937 3733 2107 3790 Eccli.
2140 3751 2195 3790 ι.
2228 3732 2528 3805 Pauperem
2583 3734 2910 3805 prudentem
2950 3743 3302 3791 contemnere
3331 3750 3448 3790 non

1859 3829 2066 3898 justum
2092 3840 2196 3894 est,
2224 3843 2399 3898 neque
2430 3837 2772 3897 peecatorem
2830 3828 3038 3882 honore
3087 3827 3224 3882 allici
3270 3828 3443 3882 decet.

1938 3918 1999 3973 S.
2026 3918 2299 3991 Chrysosl.
2333 3917 2526 3989 Egettti
2579 3919 2731 3983 dato,
2766 3928 2820 3973 ct
2851 3919 3069 3973 saltanti
3105 3933 3175 3972 ne
3207 3918 3446 3981 dederis,

1866 4020 1935 4057 ne
1964 4020 2086 4060 cum
2124 4007 2229 4062 tuis
2261 4007 2506 4076 pecuniis
2540 4008 2781 4062 animam
2809 4022 3023 4076 quoque
3052 4007 3196 4061 illius
3226 4007 3447 4078 perdas.

1867 4093 1948 4150 Tu
1979 4097 2124 4151 ettim
2161 4098 2541 4168 intempestiva
2575 4098 2910 4154 liberalitate
2925 4112 3092 4152 causa
3111 4112 3170 4153 es
3195 4098 3451 4168 perditio-

1869 4184 1954 4242 nis
2005 4186 2143 4258 ejus.
2194 4187 2352 4254 Nam,
2394 4190 2441 4244 si
2474 4191 2683 4246 scirent
2720 4191 2814 4260 qui
2854 4187 3205 4259 frequentant
3252 4190 3449 4244 orclte~

1869 4287 2063 4349 stram,
2124 4281 2316 4339 inutile
2360 4283 2464 4339 sibi
2518 4285 2624 4339 hoc
2649 4279 2889 4340 studium
2938 4282 3202 4348 futurum,
3235 4283 3444 4354 pridem

1871 4387 2003 4430 sane
2025 4372 2113 4429 his
2144 4374 2308 4431 rebus
2343 4391 2539 4448 vacare
2568 4377 2884 4433 desiissent.

270 4547 479 4601 Ἀδικεῖ
505 4548 632 4611 τοὺς
683 4546 924 4616 ἀγαθοὺς
968 4548 997 4600 ὁ
1045 4544 1364 4615 φειδόμενος
1398 4544 1506 4599 τῶν
1554 4544 1763 4598 κακῶν.

1946 4551 2064 4608 Isa.
2099 4554 2340 4626 lnjurius
2365 4563 2449 4611 est
2480 4554 2643 4611 bonis
2677 4556 2768 4625 qui
2800 4554 2977 4625 parcit
3015 4553 3198 4611 malis.

263 4639 421 4691 Ὅσοι
448 4639 576 4702 τοὺς
609 4637 931 4699 ἀδικοῦντας
962 4636 1310 4702 κολάζουσιν,
1338 4635 1486 4690 οῦτοι
1522 4636 1648 4699 τοὺς
1678 4636 1768 4688 ἄλ-

188 4731 319 4793 λους
344 4730 653 4784 ἀδικεῖσθαι
683 4730 1010 4784 κωλύουσιν.

275 4823 338 4877 Ὀ
369 4822 574 4892 ἀρετὴν
591 4822 769 4891 τιμῶν
797 4821 1026 4892 πρώτην
1054 4819 1313 4889 ἀλήθειαν
1342 4819 1502 4889 τιμᾷ,
1538 4817 1633 4872 καὶ
1670 4817 1772 4885 μά-

188 4915 353 4971 λιστσ.
375 4915 451 4978 ὡς
481 4913 689 4983 ἀγαθοῦ
719 4914 920 4976 παντὸς
941 4911 1412 4984 ἡγεμονεύουσαν.

260 5022 443 5077 Σόλων
474 5024 502 5075 ὁ
533 5023 696 5091 σοφὸς
727 5022 948 5090 ἐκείνην
974 5019 1129 5076 εἶπεν
1160 5022 1360 5093 ἄριστα
1383 5019 1652 5075 οἰκεῖσθαι
1673 5022 1775 5089 τὴν

188 5109 386 5180 πόλιν,
408 5115 469 5166 ὲν
565 5115 694 5179 τοὺς
722 5113 963 5183 ἀγαθοὺς
1002 5113 1294 5184 συμϐαίνει
1324 5111 1622 5184 τιμᾶσθαι,
1663 5112 1770 5166 κά-

190 5223 369 5261 metu
398 5207 457 5261 δὶ
486 5207 780 5273 οἰκεῖσθαι,
813 5209 875 5262 ἐν
901 5203 935 5280 ᾖ
962 5209 1092 5273 τοὺς
1121 5208 1347 5272 κακούς.

263 5318 373 5373 Δύο
405 5320 656 5389 ἀφορμαὶ
693 5318 938 5375 κινοῦσιν
971 5319 1260 5391 ἄνθρωπον
1283 5320 1364 5383 είς
1397 5317 1534 5373 Θεοῦ
1577 5318 1772 5383 ἐπιμέ-

193 5411 375 5477 λειαν,
428 5412 671 5481 τιμωρία
715 5410 1060 5475 δυσσεϐείας,
1107 5412 1204 5464 καὶ
1241 5411 1472 5482 γνώμης
1515 5409 1774 5472 εὐσεϐοῦς

186 5503 448 5574 ἁμοιόαί.

282 5619 588 5689 ’Λφόρητος
613 5620 826 5687 γίνεται
855 5619 1031 5674 κακία
1057 5619 1457 5691 ἐπαινουμένη.

264 5732 363 5802 Μὴ
424 5731 747 5804 τιμωμένης
790 5734 996 5806 ἀρετῆς
1054 5733 1089 5805 ἡ
1133 5734 1316 5805 ,κακία
1403 5730 1773 5803 παρρησιάζε-

186 5845 311 5884 ται.

1944 4644 2048 4711 Qui
2084 4646 2320 4716 puniunt
2356 4646 2611 4716 injurios,
2643 4660 2710 4702 ne
2744 4647 2867 4701 aliis
2893 4645 3093 4718 injuria
3139 4645 3234 4700 ttat
3265 4645 3455 4715 probi-

1877 4740 2029 4790 bent.

1944 4829 2046 4895 Qui
2106 4830 2362 4886 virtutem
2411 4829 2563 4893 colit,
2591 4828 2770 4899 primo
2792 4841 2849 4884 et
2894 4830 3132 4887 maxime
3165 4832 3452 4887 veritatem

1875 4922 2005 4976 colit
2035 4963 2048 4984 ,
2085 4930 2274 4990 utpote
2304 4922 2498 4977 ducem
2532 4920 2800 4977 bonorum
2834 4920 3107 4977 omnium.

1951 5035 2138 5091 Solon.
2170 5034 2337 5089 Solon
2370 5033 2458 5088 ille
2513 5034 2735 5105 sapiens
2794 5034 3001 5103 optime
3043 5034 3183 5089 dixit
3223 5035 3453 5092 habitari

1879 5127 2152 5183 civitatem
2183 5128 2357 5190 illam,
2387 5129 2440 5183 in
2476 5143 2585 5197 qua
2628 5126 2756 5183 boni
2815 5128 3181 5195 honorantur,
3221 5130 3459 5199 pessime

1877 5224 2057 5270 autem
2093 5216 2268 5280 illam,
2304 5216 2360 5269 in
2386 5230 2493 5286 qua
2525 5215 2680 5270 mali.
3338 5218 3341 5221 ’

1952 5329 2122 5384 Sexti.
2161 5328 2292 5383 Dure
2319 5343 2496 5385 causze
2536 5341 2755 5388 movent
2792 5329 3069 5386 hominem
3126 5329 3193 5385 ad
3245 5331 3455 5386 cultum

1881 5423 1999 5487 Dei,
2034 5423 2331 5493 impietatis
2364 5438 2561 5493 poma,
2607 5431 2664 5480 et
2699 5422 2905 5480 mentis
2930 5420 3033 5493 piae
3060 5420 3452 5477 remuneratio.

1950 5623 2273 5694 improbitas
2301 5623 2346 5679 si
2377 5622 2647 5689 laudetur,
2682 5622 3044 5679 intolerabilis
3074 5622 3157 5676 tit.

1949 5736 2198 5806 Procopii
2240 5736 2484 5790 rhetoris.
2534 5733 2637 5791 Ubi
2670 5734 2845 5791 virtus
2889 5749 2997 5789 non
3030 5733 3350 5799 honoratur,
3377 5729 3452 5787 ibi

1881 5827 2086 5882 n‘alitia
2111 5827 2358 5881 libertate
2386 5823 2605 5880 fruitur.
