3992 6252
410 314 524 381 993

1156 318 1330 380 LOCi
1364 317 1814 380 COMMUNES.
1849 341 1920 354 -
1946 317 2148 381 PARS
2190 320 2243 383 Ῑ.
2273 318 2533 383 SERMO
2564 321 2822 385 LXXIV.

3550 329 3661 394 991

478 422 580 481 ὀν
606 427 901 498 ἄκοσμοςὸ
951 426 1086 499 βίος,
1130 429 1340 492 τούτοις
1389 429 1421 499 η
1484 428 1664 501 σιωπὴ
1727 428 1971 499 μέγιστος

2163 432 2407 498 Quorum
2451 434 2702 489 indecora
2730 434 2843 488 vita
2866 440 2973 500 est,
3010 432 3118 490 illis
3143 434 3443 492 maximum
3483 441 3652 496 decus

404 521 629 589 κόσμος.

478 608 850 680 Δημοσθένης,
888 611 1175 681 μειρακίου
1203 625 1274 664 πο
1287 611 1355 681 ρά
1378 611 1541 665 πότον
1564 609 1733 664 πολλά
1757 610 1985 681 ληροῦν-

404 718 494 764 τος
552 704 647 755 atati.
683 701 758 772 μὴ
790 701 1117 773 βουλομένου
1151 704 1447 774 σιωπῆσαι,
1484 703 1809 774 Μειράκιον,
1836 698 1982 769 εἷπε,

407 792 523 855 πῶς
546 792 677 864 παρ’
699 789 759 848 οὗ
794 792 997 863 ἔμαθες
1019 795 1223 859 λαλεῖν,
1261 796 1391 866 παρ’
1424 796 1590 849 αὑτοῦ
1622 797 1837 866 σιωπᾷν
1884 796 1983 848 οὐκ

406 885 607 953 ἔμαθες
639 903 653 950 ;
1223 886 1227 888 ⁷

490 976 868 1041 Ὀνειδίζοντος
900 977 1049 1048 αὖτῷ
1083 996 1196 1031 suo
1257 979 1339 1030 ὅτι
1363 978 1541 1049 στόμα
1569 978 1804 1041 δυσῶδες
1831 976 1943 1048 εἶχε
1965 996 1979 1010 °

404 1067 583 1121 Πολλά
602 1070 731 1139 γὰρ,
756 1067 931 1137 εἶπεν,
954 1070 1103 1140 αὐτῷ
1121 1072 1226 1124 τῶν
1247 1073 1575 1144 ἀπορρήτων
1600 1074 1980 1144 ἐγκατεσάπη.

1000 1229 1219 1283 ΛΟΓΟΣ
1258 1232 1375 1286 OA'.

397 1345 539 1414 Περὶ
573 1345 935 1420 πολυλόγων
964 1347 1062 1420 καὶ
1095 1348 1473 1420 ταχυλόγῳν,
1508 1348 1605 1402 καὶ
1646 1348 1980 1420 ἐκφερομυ-

880 1416 1148 1470 θούγτων
1174 1418 1498 1486 μυστήρια.

479 1527 542 1580 Ὀ
574 1528 644 1580 τὰ
679 1527 849 1582 πολλὰ
885 1528 1064 1596 λέγων
1096 1531 1189 1581 καὶ
1226 1530 1640 1585 ἀντακούσεται.
1679 1534 1769 1606 Μὴ
1810 1533 1976 1597 πολὺς

398 1620 457 1671 ὲν
490 1620 705 1690 ῥήμασι
745 1622 917 1691 γίνου.
954 1622 1134 1693 Μέχρι
1169 1623 1313 1686 τίνος
1355 1625 1415 1677 οὐ
1458 1626 1788 1695 memque“;
1828 1626 1970 1679 Ἐπί-

400 1729 547 1782 σχες,
576 1713 662 1767 ἵνα
688 1717 782 1768 καὶ
811 1715 962 1768 αὐτοὶ
991 1716 1337 1785 λαλήσωμεν.
1366 1718 1464 1770 Διά
1491 1721 1545 1770 τί
1568 1716 1756 1786 ὥσπερ
1783 1719 1978 1788 τετρά-

400 1805 536 1858 ποδα
567 1807 957 1877 ἐσιωπήσαμεν
989 1808 1225 1862 ἐναντίον
1258 1824 1391 1875 σου;

483 1899 645 1970 ’Δνὴρ
667 1892 993 1970 γλωσσῶδης
1015 1901 1076 1953 οὐ
1102 1900 1596 1971 κατευθυνθήσεται
1620 1901 1714 1954 ἐπὶ
1733 1903 1829 1971 τῆς
1850 1903 1972 1970 γῆς.

472 1993 750 2054 Ἤκουσας
781 1991 958 2061 λόγον,
995 1993 1416 2048 συναποθανὲτω
1449 2011 1550 2048 σοι.

465 2081 558 2152 Μὴ
594 2081 701 2134 ῐσοι
737 2082 906 2152 ταχὺς
941 2082 998 2135 ιν
1030 2081 1245 2150 λόγοις,
1282 2084 1376 2135 καὶ
1416 2083 1490 2153 μὴ
1529 2080 1975 2153 συμπαρεκτείνῃ

396 2175 566 2243 πένης
598 2172 673 2226 ὣν
706 2173 980 2245 πλουσίῳ,
1016 2174 1152 2245 μηδὲ
1184 2173 1339 2245 ζήτει
1370 2174 1476 2228 τῶν
1508 2174 1689 2243 σοφῶν
1721 2168 1871 2227 εἶναι·
1892 2190 1977 2226 σο-

395 2266 539 2336 φώτε
549 2283 661 2336 ρος.

478 2358 576 2412 Ἐκ
607 2357 932 2426 πολυλογίας
962 2360 1063 2412 οὐκ
1090 2357 1330 2430 ἐκφεύξῃ
1360 2358 1659 2428 ἁμαρτίαν.

481 2449 609 2503 Ἐὰν
644 2448 943 2523 ὲξελκύσῃς
982 2450 1177 2516 λόγον,
1213 2449 1596 2515 ὲξελκύσονται
1637 2452 1846 2523 κρίσεις
1885 2454 1980 2507 καὶ

399 2544 595 2613 μάχαι.

470 2639 656 2692 Ἔστιν
691 2637 944 2709 ἐλεγχος,
982 2636 1080 2689 καὶ
1116 2637 1219 2690 οὐκ
1259 2636 1406 2692 ἐστιν
1440 2636 1641 2707 ὡραῖος
1666 2653 1681 2668 ’
1719 2640 1814 2691 καὶ
1859 2637 1976 2691 ἔστι

394 2748 479 2792 τις
512 2731 699 2798 σιγῶν,
728 2731 823 2784 x21
852 2732 1242 2801 εὑρισκόμενος
1276 2733 1460 2798 σοφός.

471 2823 567 2884 ’ος
612 2822 965 2891 ἀποκρίνεται
1008 2821 1135 2890 πρὶν
1180 2821 1440 2882 ἀκούσαι,
1491 2817 1774 2890 ἀφρονύνη
1828 2819 1979 2889 αὐτῷ

388 2916 513 2967 ἐστι
545 2915 638 2965 καὶ
669 2911 755 2965 live
766 2913 892 2976 ιδος.

469 3007 533 3058 Ol
561 3006 877 3058 ἀπαίδευτοι
909 3003 1170 3074 ἀκρατεῖς
1205 3000 1444 3072 γλώσσῃ.

478 3097 606 3153 Ἐὰν
638 3100 753 3169 ira;
780 3097 950 3167 ἄνδρα
976 3100 1145 3168 ταχὺν
1175 3098 1232 3148 ἐν
1262 3095 1440 3162 λόγοις
1461 3133 1476 3159 ,
1509 3091 1742 3162 γίνωσκε
1773 3093 1857 3148 ὅτι
1889 3094 1975 3148 ὲλ-

393 3189 525 3242 πίδα
552 3191 663 3259 ἔχει
695 3189 892 3258 μᾶλλον
920 3189 948 3241 ὁ
977 3186 1167 3258 ἄφρων
1194 3186 1383 3242 αὐτοῦ.
1866 3194 1895 3215 ν

470 3280 534 3334 ὐ
568 3284 756 3350 ἄφρων
789 3279 1050 3351 πληθύνει
1082 3278 1296 3346 λόγους
1330 3280 1361 3332 ὁ
1392 3278 1706 3345 πλεονάζων
1735 3281 1793 3332 ἐν
1825 3279 1970 3351 λόγῳ

393 3373 783 3445 μισηθήσεται.

465 3466 621 3537 Φωνὴ
648 3466 883 3537 ἄφρονος
912 3466 969 3517 ὲν
1001 3463 1199 3536 πλήθει
1225 3464 1421 3532 λόγων.

462 3650 556 3721 Μὴ
584 3650 737 3718 γίνου
774 3649 943 3719 ταχὺς
974 3649 1033 3701 ἑν
1083 3647 1230 3717 λόγῳ
1276 3660 1395 3712 σου,
1427 3643 1561 3715 μηδὲ
1614 3639 1819 3714 νωθρὸς
1870 3640 1964 3695 καὶ

391 3743 721 3812 παρειμένος
752 3743 810 3793 ὲν
836 3740 1018 3807 λόγοις
1052 3754 1169 3793 σου.

464 3836 631 3905 Χείλη
662 3833 977 3887 πολυλάλων
1005 3831 1075 3885 τὰ
1100 3828 1201 3884 οὒκ
1230 3827 1410 3884 αὐτῶν
1437 3826 1811 3898 διηγήσονται.

475 4021 536 4073 '0
569 4020 739 4074 Θέλων
773 4016 916 4087 ζωὴν
950 4015 1045 4069 καὶ
1079 4011 1311 4083 ἀγαπῶν
1345 4008 1557 4080 ἡμέρας
1595 4008 1724 4062 [δεῖν
1757 4006 1965 4076 ἀγαοάς

395 4111 701 4168 παυσάσθω
733 4109 832 4179 τὴν
865 4106 1114 4177 γλῶσσαν
1146 4105 1255 4158 ἀπὸ
1297 4100 1471 4156 κακοῦ
1492 4141 1507 4165 ,
1542 4102 1634 4153 καὶ
1676 4100 1830 4169 χείλη
1866 4097 1965 4151 τοῦ

396 4206 474 4275 μὴ
501 4204 729 4273 λαλῆσαι
755 4201 904 4254 δόλον
924 4240 939 4266 ,
972 4196 1275 4252 ἐκκλινάτω
1304 4194 1411 4248 ἀπὸ
1440 4191 1613 4246 κακοῦ
1633 4231 1650 4257 ,
1682 4191 1773 4249 καὶ
1803 4205 1965 4259 ποιη-

395 4297 545 4351 σάτω
601 4293 843 4362 ἀγαθὸν,
899 4289 1193 4361 ζητησάτω
1248 4289 1508 4359 εἰρήνην,
1569 4284 1664 4336 καὶ
1721 4281 1967 4347 διωξάτω

390 4389 588 4459 αὐτήν.

465 4480 641 4551 Κόρος
675 4478 840 4545 λόγου
879 4473 1140 4544 πολέμιος
1179 4471 1392 4533 ἀκοαῖς.
1425 4468 1500 4533 ὡς

387 4571 566 4642 τροφὴ
598 4568 874 4639 σώμασιν.

464 4661 720 4726 Ὀλισθος
762 4655 1070 4732 ἀνθρώποις
1112 4654 1334 4726 γλῶσσα
1382 4653 1458 4725 μὴ
1500 4650 1644 4723 λόγῳ
1692 4649 1964 4721 κυὸιρνω·

392 4759 808 4920 ρΑΣΞινομένιιιν
836 4845 1014 4917 ἔργων
1039 4840 1296 4914 περιττόν
1324 4838 1442 4891 ἑστι
1473 4834 1837 4908 μακρολογία.

463 5028 635 5097 Λόγος
685 5023 871 5087 ἀπλῶς
921 5017 1269 5093 προενεχθεὶς
1321 5011 1651 5084 ὁλοκλήρους
1702 5009 1963 5072 πολλάκις
2024 5030 2045 5039 -

388 5123 573 5184 οἴκους
602 5116 899 5190 ἀνέτρεψε,
930 5113 1026 5168 καὶ
1055 5112 1234 5182 ψυχὰς
1264 5106 1514 5163 ἀπώλεσε
1550 5104 1644 5159 καὶ
1675 5100 1959 5156 κατέδυσε.

395 5217 503 5269 Καὶ
537 5213 645 5266 τῶν
685 5210 782 5281 μὲν
823 5205 1121 5279 χρημάτων
1154 5203 1253 5274 τὴν
1297 5197 1502 5269 ζημίαν
1545 5196 1708 5250 πάλιν
1744 5192 1822 5250 ἐνι
1868 5192 1965 5245 λα-

382 5280 545 5363 χΐίϊψ
588 5280 745 5373 λόγον
786 5303 843 5357 δὲ
897 5298 1278 5370 ὲκπηδήσαντα
1336 5291 1484 5357 ἀπαξ
1555 5284 1961 5356 ἀνακτήσασθαι

392 5401 555 5452 πάλιν
584 5398 684 5450 οὐκ
714 5395 811 5449 ἔνι.

463 5492 546 5544 Τὰ
572 5489 733 5542 λοιπά
759 5486 864 5540 τῶν
892 5480 1302 5553 ἁμαρτημάτων
1350 5479 1440 5529 καὶ
1465 5464 1624 5539 λόγου
1660 5467 1753 5523 καὶ
1785 5481 1961 5536 πραγ-

394 5584 582 5654 μάτων
625 5581 720 5632 καὶ
760 5577 856 5643 τῆς
906 5573 1103 5641 ἔξωθεν
1152 5566 1468 5637 συνεργείας
1519 5561 1657 5633 πρὸς
1705 5558 1766 5654 το
1810 5556 1960 5654 γενέ-

392 5646 519 5726 σθαι
564 5671 786 5723 δέονται.
822 5668 890 5720 Ἡ
937 5667 993 5718 δὲ
1038 5661 1132 5717 τοῦ
1173 5661 1335 5729 λόγου
1384 5657 1546 5724 φύσις
1596 5646 1956 5717 κατεξουσίαν

391 5767 505 5835 ἕλει
531 5763 591 5815 τὸ
624 5759 980 5831 πλημμελεῖν.

2084 531 2168 577 est
2196 525 2494 580 silentium.

2166 617 2557 674 Demosthenis.
2594 618 3006 687 Demosthenes,
3030 635 3153 677 cum
3183 619 3500 676 adolescens
3536 623 3660 692 qui-

2083 716 2208 771 dam
2247 717 2391 769 inter
2425 713 2622 783 pocula
2657 713 2858 769 multas
2907 728 3081 783 nugas
3112 712 3368 780 cﬁ‘ntiret,
3393 723 3447 768 et
3475 722 3661 769 tacere

2084 810 2289 863 nollet:
2331 807 2685 873 Alolescens,
2712 807 2871 871 dixit,
2922 807 3200 876 quomodo
3250 822 3359 861 non
3413 807 3655 862 didicisti

2080 908 2266 954 tacere
2297 899 2365 953 ab
2397 898 2510 963 illo,
2544 914 2575 953 a
2611 915 2720 968 quo
2751 898 2991 952 didicisti
3029 898 3222 969 loqui?

2152 990 2288 1044 Cum
2334 990 2599 1060 obiiceret
2654 995 2699 1044 ei
2749 993 2968 1058 qutdam
3028 992 3143 1046 oris
3194 991 3453 1045 ictorem:
3493 990 3657 1045 Multa

2080 1080 2261 1147 enim,
2289 1080 2448 1144 dixit,
2491 1089 2698 1134 secreta
2733 1080 2787 1134 in
2815 1097 2879 1136 eo
2913 1090 3390 1150 computruerunt.

2399 1237 2635 1292 SERMO
2673 1238 2883 1293 LXXIV
2943 1238 3047 1310 [aL
3083 1240 3308 1313 XCVI

2084 1350 2156 1404 De
2199 1350 2529 1421 tltnjtiloqttis
2576 1362 2625 1409 et
2669 1356 2909 1424 festinate
2975 1355 3325 1425 loquentibus,
3359 1365 3407 1409 et
3452 1371 3653 1409 arcana

2684 1425 3045 1493 e/I'erentibus.

2149 1530 2251 1584 Job
2291 1548 2365 1585 xl.
2390 1532 2495 1598 Qui
2532 1533 2698 1587 multa
2736 1534 2888 1599 dicit,
2916 1535 3005 1590 ille
3062 1535 3302 1590 vicissim
3353 1536 3552 1589 audiet.
3581 1533 3657 1589 Ne

2079 1621 2154 1675 sis
2185 1624 2385 1675 multus
2417 1625 2469 1677 in
2504 1624 2701 1677 verbis.
2746 1625 3043 1712 Qnopsque
3074 1642 3181 1679 non
3224 1624 3475 1680 tacebis?
3513 1621 3656 1678 Τιιρυ

2082 1720 2143 1765 ut
2174 1726 2223 1766 et
2247 1713 2349 1784 ipsi
2381 1716 2687 1783 loquamur.
2718 1716 2827 1771 Cur
2856 1718 3016 1771 veluti
3048 1716 3426 1787 quadrupedes
3458 1718 3659 1770 tacebi—

2004 1798 2051 1857 B
2082 1819 2200 1857 IllllS
2224 1820 2406 1859 coram
2442 1817 2492 1861 te
2518 1806 2540 1861 ?

2152 1891 2343 1949 David.
2385 1896 2475 1950 Vir
2509 1898 2727 1966 linguax
2774 1914 2879 1951 non
2908 1897 3214 1954 fortunatus
3248 1900 3352 1955 erit
3382 1899 3432 1954 in
3483 1908 3649 1953 terra.

2150 1984 2422 2043 Solomon.
2457 1992 2722 2047 Andivisti
2747 2007 3079 2056 sermonem,
3107 1994 3504 2049 commoriatur
3530 1991 3647 2045 tibi.

2159 2080 2237 2134 Ne
2268 2084 2342 2136 sis
2359 2084 2501 2138 celer
2533 2087 2585 2137 in
2618 2086 2813 2152 verbis,
2835 2094 2884 2139 el
2908 2101 2993 2151 ne,
3016 2101 3219 2154 pauper
3245 2101 3366 2139 cum
3394 2086 3493 2150 sis,
3515 2099 3653 2138 con-

2081 2177 2273 2231 tendas
2338 2193 2460 2232 cum
2516 2178 2704 2243 divite,
2735 2192 2912 2247 neque
2951 2179 3251 2247 sapientior
3307 2177 3650 2247 sapientibus

2079 2286 2201 2327 esse
2230 2285 2465 2341 quaeras.

2153 2361 2257 2415 Per
2286 2361 2691 2428 multiloquium
2716 2377 2823 2416 non
2861 2360 3084 2431 ell'ugies
3106 2372 3411 2428 peccatum.

2153 2451 2207 2506 Si
2247 2454 2581 2523 protraxeris
2610 2468 2943 2519 sermonem,
2981 2455 3355 2509 contentiones
3382 2463 3432 2507 et
3460 2468 3653 2524 pugnat

2084 2545 2489 2615 protrnlteulur.

2154 2635 2320 2689 Eccli.
2353 2651 2442 2689 xx.
2479 2635 2573 2690 Est
2603 2651 2728 2690 cum
2780 2633 2999 2688 minime
3044 2634 3117 2687 sit
3171 2636 3413 2702 speciosa
3464 2650 3650 2704 repre-

2084 2728 2295 2788 beusio,
2325 2734 2480 2781 etest
2510 2742 2635 2779 cum
2671 2727 2796 2795 quis
2825 2727 3099 2794 sapienter
3132 2737 3325 2780 taceat.
3524 2790 3539 2801 ε

2154 2813 2311 2870 Prov.
2348 2830 2504 2869 xvm.
2533 2814 2635 2881 Qui
2674 2814 2962 2882 reSpundet
3013 2815 3327 2884 priusquam
3382 2816 3646 2883 audierit,

2081 2907 2392 2977 insipientia
2424 2917 2475 2959 et
2504 2908 2765 2961 dedecore
2797 2915 3038 2961 notatur.

2152 2996 2395 3068 imperiti
2428 2996 2666 3067 linguam
2698 2998 2980 3054 continere
3015 3001 3290 3055 nesciunt.

2155 3090 2312 3160 122
2364 3088 2420 3145 Si
2482 3090 2676 3145 videris
2736 3091 3011 3145 hominem
3062 3092 3331 3162 loquendo
3385 3093 3646 3167 Velocem,

2075 3183 2217 3237 scias
2248 3182 2366 3251 plus
2396 3184 2509 3253 spei
2540 3198 2661 3238 esse
2689 3184 2858 3238 stulto
2885 3198 3048 3253 quam
3081 3186 3207 3254 ipsi.

2131 3273 2400 3343 insipiens
2442 3274 2764 3345 multiplicat
2806 3276 3011 3345 verba;
3053 3279 3145 3349 qui
3195 3279 3436 3336 abundat
3468 3284 3647 3340 verbis

2071 3364 2358 3422 habebitur
2380 3367 2526 3422 odio.

2143 3458 2313 3582 Eccli.
2358 3459 2553 3515 Sermo
2587 3460 2896 3532 insipientis
2944 3464 2999 3516 in
3051 3462 3400 3518 multitudine
3444 3463 3643 3517 verbo-

2143 3543 2273 3582 mes
2302 3566 2317 3582 .

2071 3543 2190 3582 l'lllll
2214 3543 2317 3583 εει.

2140 3615 2218 3672 Ne
2248 3619 2324 3673 sis
2365 3632 2609 3690 praeceps
2639 3620 2692 3676 in
2724 3636 2979 3678 sermone
3020 3630 3134 3691 tuo,
3187 3637 3364 3691 neque
3409 3623 3560 3695 piger
3588 3632 3646 3679 et

2070 3708 2338 3763 remissus
2369 3710 2422 3763 in
2450 3712 2630 3768 verbis
2662 3712 2793 3769 tuis.

2144 3798 2308 3854 Labia
2338 3800 2648 3871 loquacium
2689 3803 2829 3859 nihil
2857 3804 2925 3860 ad
2952 3818 3012 3861 se
3031 3784 3375 3875 [pertinentia
3408 3806 3643 3877 loquen-

2071 3899 2178 3945 tur.

2146 3984 2176 4039 Ι
2201 3984 2351 4040 Patr.
2380 4002 2461 4041 m.
2496 3983 2603 4052 Qui
2649 3986 2925 4042 desiderat
2969 3986 3157 4052 vitam,
3208 3994 3266 4042 et
3310 3987 3482 4042 bonos
3524 3986 3644 4040 dies

2069 4084 2251 4137 videre
2275 4079 2445 4151 cupit.
2475 4079 2761 4150 prohibeat
2789 4078 3027 4150 linguam
3051 4094 3081 4133 a
3108 4081 3271 4144 malo,
3293 4088 3347 4132 et
3372 4078 3513 4131 labia
3541 4092 3642 4131 sua

2070 4190 2137 4229 ne
2185 4175 2479 4244 loquantur
2513 4172 2797 4239 fraudem;
2829 4171 3067 4228 declinet
3108 4186 3138 4225 a
3189 4170 3350 4239 malo,
3382 4177 3438 4225 et
3478 4167 3640 4225 faciat

2072 4267 2271 4322 bonum
2297 4284 2312 4335 ;
2346 4275 2553 4338 quaerat
2583 4280 2772 4338 pacem
2807 4275 2862 4321 et
2897 4271 3133 4321 sectetur
3165 4277 3309 4318 eam.

1543 4466 1964 4538 ὑπερϐάλλουσα

2143 4444 2414 4516 Theologi.
2451 4444 2686 4500 Satietas
2725 4443 2995 4523 sermonis
3025 4442 3246 4495 inimica
3276 4451 3362 4496 est
3392 4442 3638 4508 auribus,

2074 4544 2132 4591 ut
2163 4537 2391 4591 nimium
2416 4535 2731 4590 alimentum
2764 4533 3109 4603 corporibus.

2142 4620 2354 4699 Lingua
2401 4639 2510 4680 non
2553 4625 2851 4695 gubernata
2896 4620 3107 4675 ratione
3150 4617 3414 4674 subvertit
3465 4618 3641 4672 homi-

2071 4743 2187 4782 nes.

2140 4817 2277 4872 Cum
2309 4829 2398 4870 res
2421 4813 2553 4882 ipsa:
2582 4812 2864 4879 apparent,
2899 4802 3173 4875 superﬂua
3220 4809 3305 4859 est
3361 4801 3639 4858 sermonis

2111 4907 2379 4961 rnlixilas.

2139 4924 2379 4959 tlllelaS.

2072 4924 2196 5055 prs.
2256 4997 2523 5066 (Ἅγνωσι.
2595 4990 2789 5047 Sermo
2830 4985 3150 5057 simpliciter
3198 4989 3456 5037 narratus
3496 4979 3640 5035 inte—

2076 5106 2203 5162 gras
2261 5101 2404 5158 saepe
2452 5083 2686 5140 familias
2708 5079 2925 5145 evertit,
2954 5086 3008 5132 et
3033 5075 3258 5147 lanimas
3310 5070 3541 5145 perdidit
3570 5085 3633 5125 ae.

2072 5181 2387 5238 submersit.
2414 5177 2480 5230 Et
2515 5174 2760 5247 pecunia
2804 5171 3025 5241 quidem
3066 5167 3337 5235 jacturam
3369 5163 3638 5219 resarcire

2072 5275 2219 5333 licet,
2267 5282 2576 5325 sermonem
2630 5273 2810 5320 autem
2856 5259 3026 5318 semel
3084 5258 3329 5328 elapsum
3381 5266 3636 5310 revocare

2070 5381 2178 5419 non
2205 5363 2349 5415 licet.

2141 5455 2362 5526 Cregar.
2396 5450 2557 5523 Nysa.
2589 5446 2815 5519 Reliqua
2845 5453 3069 5516 peccata
3099 5442 3285 5502 Verbis
3307 5448 3361 5494 et
3386 5437 3549 5492 rebus
3579 5443 3633 5487 et

2068 5561 2290 5608 externa
2320 5562 2423 5618 0pc
2458 5545 2701 5614 indigent
2725 5549 2781 5596 ut
2807 5540 3156 5610 perficiantur
3184 5553 3200 5590 :
3235 5529 3504 5589 sermonis
3528 5542 3628 5584 ειυς

2071 5655 2176 5699 tem
2213 5649 2406 5696 natura
2441 5646 2632 5709 sponte
2666 5642 2843 5707 potest
2872 5630 3204 5698 delinquere.
