3992 6252
432 298 538 363 999

1697 292 2017 356 ANTONII
2063 291 2408 354 MELISSE

3556 276 3688 342 1600

509 412 753 467 Observa
784 410 929 482 regis
951 427 1037 478 os,
1065 410 1192 479 quia
1228 407 1488 478 quidquid
1523 406 1776 472 voluerit,
1798 406 2016 461 elliciet:

2184 408 2367 476 Στόμα
2423 403 2689 476 βασιλέως
2740 399 2996 473 φύλαξον,
3041 400 3123 454 ὅτι
3170 396 3281 452 πᾶν
3337 395 3366 448 ὃ
3412 394 3509 447 ἐὰν
3560 394 3687 460 θέλῃ

434 518 644 558 summa
682 505 943 573 prteditus
965 501 1294 557 auctoritate
1317 499 1581 571 loquitur,
1609 510 1663 554 et
1691 499 1812 567 quis
1844 500 1893 553 ei
1923 498 2004 553 di-

441 604 548 660 cet,
584 594 723 661 Quid
760 595 919 664 agis?
1094 594 1105 601 ’

508 684 686 741 Eccle.
713 702 761 739 x.
791 684 923 755 Regi
954 701 1018 739 ne
1050 685 1103 739 in
1125 686 1458 741 conscientia
1481 686 1699 757 quidem
1726 695 1816 741 tua
1838 688 2008 742 male-

436 775 625 837 dicito,
651 792 752 829 nec
775 776 829 829 in
858 775 1095 831 cubiculi
1132 768 1206 832 tui
1235 786 1385 847 parte
1421 779 1715 833 secretiore
1750 778 2009 847 opulento

439 865 751 929 maledicas,
786 866 907 934 quia
944 867 1183 924 volucris
1206 885 1363 924 aerea
1397 870 1600 924 deleret
1620 884 1804 925 vocem
1837 879 2010 935 tuam,

437 965 493 1008 et
513 957 602 1025 qui
629 957 885 1026 praeditus
916 971 999 1014 est
1023 961 1236 1027 pennis,
1274 977 1581 1017 sermonem
1618 973 1770 1017 tuum
1805 964 2014 1017 denun-

444 1051 621 1104 tiabit.

510 1163 642 1216 lsai.
672 1180 841 1218 xxxii.
877 1167 952 1220 En
1010 1183 1101 1222 rex
1152 1169 1335 1238 justus
1371 1169 1637 1239 regnabit,
1667 1179 1719 1223 ει
1742 1169 2015 1239 principes

442 1269 565 1305 cum
597 1255 812 1322 jnstitia
848 1258 1208 1325 imperabunt.

515 1345 759 1414 Populus
799 1364 1006 1416 pauper
1061 1363 1115 1404 et
1171 1351 1421 1406 civitates
1483 1353 1760 1406 hominum
1814 1352 2019 1423 injuria

443 1438 763 1494 aﬂ‘ectorum
815 1443 1071 1497 laudibus
1106 1453 1159 1499 te
1190 1444 1444 1511 allicient,
1474 1446 1618 1514 quod
1656 1446 1824 1501 fueris
1865 1448 2022 1500 auxi-

446 1530 518 1584 lio
548 1532 752 1587 civitati
791 1533 1021 1598 amictae,
1055 1545 1106 1590 et
1137 1536 1382 1591 animum
1429 1538 1828 1605 despondentes
1855 1552 2020 1607 prop-

445 1633 528 1677 ter
556 1624 792 1695 inopiam
824 1631 1143 1696 protexeris.

515 1716 731 1788 Diligite
758 1719 1025 1788 justitiam
1062 1726 1154 1792 qui
1184 1724 1446 1794 judicatis
1477 1734 1701 1780 terram.
1742 1714 1743 1725 ‘

520 1828 652 1900 Sap.
687 1848 761 1887 vt.
800 1832 914 1889 Rex
948 1836 1190 1902 prudens
1235 1839 1418 1908 populi
1454 1838 1745 1895 stabilitas.

521 1922 740 1977 Sirae/1.
786 1926 938 1993 Apud
974 1944 1153 1997 regem
1188 1931 1465 2000 captiosus
1500 1945 1565 1985 ne
1599 1941 1741 1986 esto.

527 2016 735 2069 Tobias.
770 2017 935 2087 Regis
966 2034 1226 2075 arcanum
1260 2022 1548 2079 honestum
1597 2031 1681 2079 est
1727 2023 1904 2080 celare
1929 2063 1944 2088 ,
1978 2032 2035 2078 at

449 2105 541 2161 Dei
566 2122 728 2177 opera
760 2113 1075 2167 renuntiare
1106 2113 1428 2183 gloriosum.

525 2198 654 2251 Luc.
686 2216 767 2254 ιιι.
800 2201 1285 2274 luterrogaverunt
1317 2215 1500 2263 autem
1533 2223 1657 2263 eum
1682 2215 1737 2262 et
1766 2207 1860 2277 qui
1892 2206 2035 2260 mili-

451 2290 637 2344 tabant
663 2290 749 2346 bis
772 2294 983 2352 verbis:
1019 2296 1086 2351 Et
1120 2312 1242 2361 nos,
1271 2297 1548 2368 inquiunt,
1571 2298 1701 2366 quid
1733 2297 2036 2353 faciemus?

460 2383 520 2435 Et
546 2384 634 2438 ille
657 2403 670 2439 :
694 2383 736 2437 N
778 2387 1002 2450 minem,
1035 2388 1236 2457 inquit,
1263 2390 1597 2446 coneutiatis
1626 2399 1720 2444 aut
1741 2388 2034 2445 calumniis

457 2480 737 2544 pretuatis.
775 2477 842 2532 Et
864 2488 1040 2535 estote
1069 2482 1303 2536 contenti
1336 2478 1620 2549 stipendiis
1652 2482 1871 2538 vestris.

526 2564 556 2618 1
594 2564 743 2623 Petr.
779 2584 839 2625 tl.
874 2567 1220 2639 Subjicimiui
1285 2572 1432 2625 omni
1480 2572 1733 2625 humana:
1771 2578 2037 2625 creaturae

456 2666 674 2725 propter
702 2656 1016 2724 Dominum,
1058 2662 1174 2717 sive
1217 2663 1331 2731 regi
1368 2671 1627 2732 tauquam
1678 2662 2030 2733 praecellenti.

453 2749 568 2803 sive
606 2748 879 2819 praefectis
907 2793 923 2819 ,
964 2760 1021 2805 ut
1053 2755 1145 2823 qui
1195 2755 1460 2823 perillum
1496 2753 1785 2808 mittttntur
1815 2756 1879 2807 ad
1914 2768 2037 2809 sce—

460 2839 765 2896 lerosorutn
815 2839 1037 2911 quidem
1068 2842 1391 2905 vindictam,
1433 2841 1729 2913 proborum
1769 2854 1898 2895 vero
1924 2840 2040 2893 lau-

455 2932 600 2991 dem.

533 3047 691 3117 125
727 3048 880 3103 Rom.
932 3063 1051 3103 λιιι.
1102 3045 1307 3102 Omnes
1358 3046 1610 3103 homines
1673 3045 2037 3115 porestatibus

455 3139 888 3208 prmcellentibus
920 3137 1301 3207 subjiciantur.

529 3250 672 3305 Ibid.
702 3250 964 3321 Quisquis
1001 3252 1255 3321 potestati
1295 3252 1524 3317 resistit,
1559 3251 1650 3307 Dei
1679 3254 1899 3308 decreto
1953 3267 2038 3308 re-

457 3343 644 3396 si5tit:
680 3343 848 3412 atqui
885 3343 1214 3406 restiterim,
1247 3343 1352 3398 sibi
1401 3345 1811 3399 damnationem
1850 3345 2038 3414 acqui-

460 3447 601 3488 rent.
635 3432 921 3504 Principes
944 3435 1088 3489 enim
1113 3450 1221 3489 non
1247 3444 1375 3491 sunt
1403 3445 1582 3489 terror
1610 3435 1880 3490 bonorum
1913 3449 2041 3503 ope—

458 3542 577 3581 rum
604 3567 620 3592 ,
652 3527 744 3582 sed
777 3527 1073 3583 malorum.
1107 3528 1162 3582 Si
1218 3528 1299 3583 vis
1326 3544 1434 3582 non
1468 3528 1660 3583 timere
1692 3535 2036 3597 potestatem,

456 3618 600 3687 quod
642 3618 847 3673 bonum
895 3629 980 3673 est
1016 3619 1200 3685 facito,
1238 3629 1290 3674 et
1338 3621 1410 3674 ab
1448 3621 1535 3673 illa
1582 3619 1794 3674 laudem
1841 3633 2063 3674 conseot

458 3709 664 3779 queris.
705 3708 801 3763 Sin
845 3719 1024 3764 autem
1076 3710 1277 3763 malum
1314 3708 1533 3772 feceris,
1572 3709 1720 3763 time.
1900 3765 1907 3771 ,

536 3797 708 3855 Eccli.
737 3815 794 3854 x.
831 3798 1023 3866 Qualis
1049 3799 1217 3870 judex
1249 3801 1461 3869 populi,
1489 3800 1622 3854 tales
1657 3799 2043 3857 suntministri

461 3887 582 3957 ejus
609 3908 624 3944 :
652 3899 705 3945 et
737 3890 914 3960 qualis
944 3890 1285 3960 gubernator
1313 3891 1586 3957 civitatis,
1620 3889 1753 3946 tales
1780 3890 1926 3947 cives
1948 3892 2040 3962 qui

462 3982 516 4035 in
551 3996 612 4036 ea
644 3982 914 4040 habitant.
1080 3988 1081 3991 “

533 4074 706 4129 Eccle.
743 4091 839 4128 vn.
865 4073 943 4128 Ne
973 4089 1158 4142 quaare
1187 4073 1570 4144 praefecturam
1594 4088 1624 4127 a
1663 4073 1915 4143 Domino,
1943 4089 2044 4132 nec

464 4182 492 4216 ιι
526 4179 650 4232 rege
677 4163 876 4218 solium
908 4164 1111 4233 gloriae.

535 4254 594 4309 S.
632 4255 837 4311 Basilii.
872 4254 1121 4325 Regnum
1151 4264 1235 4311 est
1270 4256 1507 4327 legitima
1543 4259 1895 4328 praefectura.

539 4369 682 4438 Ergo
715 4378 981 4438 praecepta
1005 4385 1067 4423 ea
1096 4385 1217 4439 quae
1244 4387 1273 4424 a
1305 4386 1431 4441 rege
1464 4373 1773 4438 traduntur,
1803 4377 1895 4445 qui
1918 4378 2045 4442 qui-

2120 499 2357 567 ποιήσει.
2397 494 2758 562 Ἐξουσιάζων
2800 491 2973 559 λαλεῖ,
3002 491 3098 544 καὶ
3145 488 3230 552 τίς
3278 487 3395 555 ἐρεῖ
3426 482 3598 552 αὐτῷ,
3630 482 3693 536 Τί

2121 592 2294 653 ποιεῖς
2320 605 2337 656 ;

2214 682 2304 734 Ἐν
2337 680 2645 749 συνειδήσει
2674 695 2767 731 σου
2803 675 3027 747 βασιλέα
3058 673 3131 743 μὴ
3163 669 3455 741 καταράσῃ
3482 708 3499 731 ,
3529 666 3620 721 καὶ
3644 669 3696 722 ἐν

2128 775 2376 844 ταμείοις
2416 771 2678 833 κοιτῶνός
2709 788 2803 824 σου
2843 767 2919 838 μὴ
2966 764 3257 834 καταρὰσῃ
3290 761 3571 825 πλούσιον,
3620 759 3698 813 ὅτι

2124 867 2372 920 πετείνδν
2406 866 2502 918 τοῦ
2552 861 2788 934 οὐρανοῦ
2829 860 3045 915 ἀποίσει
3074 858 3173 918 τὴν
3219 857 3403 927 φωνήν
3456 871 3575 919 σου,
3612 851 3700 906 καὶ

2126 959 2158 1013 ό
2184 957 2324 1027 ἔχων
2356 957 2633 1026 πτέρυγας
2672 952 2966 1021 ἀναγγελεῖ
2992 951 3149 1018 λόγον
3177 965 3291 1003 σου.

2208 1160 2340 1213 Ἰδοὺ
2374 1157 2629 1229 βασιλεὺς
2680 1155 2889 1219 δίκαιος
2925 1151 3260 1224 βασιλεύσει,
3306 1152 3402 1204 καὶ
3450 1148 3703 1220 ἄρχοντες

2130 1252 2269 1324 μετὰ
2304 1253 2538 1323 κρίσεως
2577 1250 2855 1320 ἄρξουσιν.

2205 1346 2511 1415 Εὑλογήσει
2544 1361 2603 1397 σε
2639 1346 2665 1396 ὁ
2689 1343 2816 1405 λαὸς
2843 1344 2871 1396 ό
2899 1340 3137 1412 πτωχὸς,
3169 1342 3263 1394 καὶ
3291 1338 3478 1398 πόλεις
3507 1335 3709 1407 ἀνθρώ-

2133 1456 2252 1493 πων
2315 1438 2691 1506 ἀδικουμένων
2753 1433 3113 1504 εὐλογήσουσί
3176 1449 3255 1485 σε.
3333 1431 3554 1498 Ἑγένου
3604 1430 3707 1499 γὰρ

2138 1533 2307 1605 πάσῃί
2322 1532 2475 1584 πόλει
2507 1531 2737 1598 ταπεινῇ
2771 1527 2987 1598 βοηθὸς,
3017 1526 3114 1579 καὶ
3153 1527 3267 1587 τοῖς
3295 1511 3614 1593 ἀθυμήσασι
3647 1522 3707 1575 δι’

2134 1623 2342 1677 ἔνδειαν
2375 1621 2576 1691 σκέπη.
2746 1672 2751 1677 .

2218 1715 2568 1783 ’Δγαπήσατε
2606 1711 2977 1782 δικαιοσύνην,
3031 1710 3083 1762 οἱ
3127 1708 3410 1779 κρίνοντες
3443 1705 3545 1778 τὴν
3589 1707 3707 1775 γῆν.

2207 1824 2474 1887 Βασιλεὺς
2505 1823 2770 1893 φρόνιμος
2803 1821 3096 1875 εὐστάθεια
3126 1821 3327 1889 δήμου.

2205 1919 2366 1988 Παρὰ
2404 1918 2616 1986 βασιλεῖ
2651 1915 2724 1985 μὴ
2760 1914 3008 1984 σοφίζου.

2205 2012 2525 2084 Μυστήριον
2588 2008 2854 2080 βασιλέως
2896 2008 3062 2060 καλὸν
3122 2005 3392 2075 κρύπτειν
3420 2024 3436 2040 ·
3479 2005 3617 2078 ἔργα
3659 2005 3715 2061 δὲ

2134 2104 2273 2159 Θεοῦ
2307 2102 2666 2172 ἀναγγέλλειν
2699 2101 2929 2166 ἔνδοξον.

2229 2192 2631 2262 Ἐπηρώτησαν
2663 2191 2721 2245 δὲ
2751 2189 2914 2243 αὑτὸν
2943 2191 3038 2244 καὶ
3063 2189 3507 2259 στρατευόμενοι,
3538 2188 3719 2254 λέγον-

2134 2303 2228 2349 τες
2255 2300 2271 2318 ·
2305 2283 2419 2340 Καὶ
2451 2286 2614 2355 ἡμεῖς
2661 2283 2716 2337 τί
2745 2283 3048 2353 ποιήσομεν
3073 2298 3089 2349 ;
3134 2282 3239 2336 Καὶ
3284 2279 3407 2334 εἷπε
3440 2281 3576 2349 πρὸς
3624 2281 3717 2335 αὑ-

2135 2377 2263 2440 τούς
2282 2393 2300 2409 ο
2335 2373 2559 2444 Μηδένα
2589 2374 2921 2444 διασείσητε,
2955 2373 3088 2443 μηδὲ
3117 2375 3598 2444 συκοφαντήσητε,
3623 2371 3721 2427 καὶ

2138 2469 2399 2540 ἀρκεῖσθε
2435 2470 2549 2532 τοῖς
2578 2468 2832 2535 ὀψωνίοις
2863 2466 3043 2537 ὑμῶν.

2226 2562 2572 2630 Ὑποτάγητε
2608 2561 2757 2632 πάσῃ
2786 2559 3108 2631 ἀνθρωπίνῃ
3138 2558 3319 2612 κτίσει
3352 2559 3442 2612 διὰ
3474 2557 3568 2611 τὸν
3607 2558 3723 2610 Κὺο

2143 2673 2280 2727 ριον,
2319 2655 2430 2708 εἴτε
2468 2653 2682 2724 βασιλεῖ
2704 2654 2780 2717 ὠς
2815 2654 3159 2725 ὑπερέχοντι,
3212 2655 3323 2706 εἴτε
3351 2652 3618 2722 ἡγεμόσιν
3647 2651 3723 2714 ὡς

2140 2745 2208 2799 δι’
2234 2745 2401 2799 αὑτοῦ
2427 2744 2805 2815 πεμπομένοις
2831 2746 2912 2808 είς
2957 2745 3238 2815 ἐκδίκησιν
3286 2742 3600 2797 κακοποιῶν
3630 2741 3724 2801 καὶ

2139 2839 2360 2892 ἔπαινον
2387 2837 2753 2905 ἀγαθοποιῶν.

2220 3039 2380 3093 Πᾶσα
2407 3038 2554 3109 ψυχὴ
2582 3039 2856 3104 ἐξουσίαις
2883 3038 3282 3112 ὑπερεχούσαις
3312 3038 3723 3093 ὑποτασσέσθω.

2217 3246 2336 3310 Πᾶς
2399 3247 2426 3299 ό
2460 3246 2925 3316 ἀντιτασσόμενος
2959 3249 3024 3317 τῇ
3076 3245 3296 3310 ἐξουσία
3341 3247 3408 3315 τῇ
3448 3244 3545 3298 τοῦ
3592 3241 3725 3297 Θεοῦ

2140 3338 2370 3409 διαταγῇ
2426 3340 2797 3412 ἀνθέστηκεν·
2861 3328 2910 3393 οἱ
2966 3338 3023 3390 δὲ
3072 3338 3470 3407 ἀνθεστηκότες
3518 3339 3728 3400 ἑαυτοῖς

2142 3435 2320 3500 κρῖμα
2365 3431 2653 3502 λήψονται.
2705 3435 2769 3487 0i
2803 3432 2912 3500 γὰρ
2960 3432 3223 3503 ἄρχοντες
3276 3430 3375 3484 οὑκ
3420 3430 3533 3484 εἱσι
3567 3429 3729 3498 φόϐος

2143 3524 2253 3578 τῶν
2277 3525 2499 3591 ἀγαθῶν
2523 3523 2727 3594 ἔργων.
2760 3524 2896 3577 ἀλλά
2931 3524 3038 3577 τῶν
3067 3523 3281 3578 κακῶν.
3311 3522 3503 3585 Θέλεις
3535 3522 3610 3593 μὴ
3638 3540 3728 3591 φορ

2146 3619 2360 3671 δεῖσθαι
2389 3618 2490 3688 τὴν
2544 3617 2841 3685 ὲξουσίαν;
2890 3616 2952 3670 τὸ
2982 3616 3190 3682 ἀγαθὸν
3250 3616 3414 3678 ποίει,
3457 3615 3551 3669 καὶ
3590 3617 3728 3682 ἕξεις

2144 3709 2372 3763 ἔπαινον
2404 3711 2462 3777 ἐξ
2514 3709 2706 3779 αὑτῆς.
2756 3708 2884 3762 Ἐὰν
2931 3707 2985 3761 δὲ
3026 3708 3086 3761 τὸ
3116 3708 3289 3760 κακδν
3321 3707 3506 3777 ποιῇς,
3540 3706 3725 3775 φοϐοῦ.

2225 3803 2382 3856 Κατὰ
2413 3802 2507 3855 τὸν
2536 3801 2732 3872 κριτὴν
2762 3799 2855 3853 τοῦ
2892 3798 3048 3863 λαοῦ,
3082 3798 3255 3861 οὕτως
3282 3799 3376 3851 καὶ
3408 3800 3458 3851 oi
3491 3797 3733 3866 λειτουρο

2147 3896 2236 3961 γοὶ
2268 3892 2461 3958 αὑτοῦ,
2491 3894 2585 3947 καὶ
2615 3892 2760 3947 κατὰ
2780 3892 2872 3947 τὸν
2894 3892 3202 3961 ἡγούμενον
3230 3890 3331 3961 τῆς
3362 3890 3574 3952 πόλεως
3600 3889 3732 3942 πᾶν⁹

2148 4004 2240 4049 τες
2274 3986 2323 4038 οἱ
2359 3985 2748 4048 κατοικοῦντες
2778 3985 2836 4039 ὲν
2862 3983 3029 4055 αὐτῇ.

2224 4077 2316 4147 Μὴ
2356 4078 2509 4148 ζήτει
2563 4078 2717 4147 παρά
2768 4075 2977 4148 Κυρίου
3027 4073 3353 4146 ἡγεμονίαν,
3414 4074 3551 4147 μηδὲ
3581 4074 3733 4145 παρά

2152 4171 2419 4241 βασιλέως
2445 4170 2715 4240 καθέδραν
2741 4168 2921 4240 δόξης.

2226 4261 2484 4316 Βασιλεία
2514 4261 2666 4315 ἐστὶν
2692 4260 2917 4329 ἔννομος
2960 4259 3273 4313 ἐπιστασία.

2122 4430 2129 4433 ,
2217 4379 2282 4431 Δί
2317 4373 2411 4430 οὖν
2465 4376 2618 4446 παρὰ
2653 4375 2921 4448 βασιλέως
2969 4376 3244 4445 διδόμεναι
3292 4375 3591 4443 ὑποθῆκαι,
3641 4372 3731 4428 τοῦ

466 4459 588 4514 dem
625 4461 732 4515 hoc
786 4458 1052 4514 vocabulo
1102 4459 1300 4531 dignus
1357 4462 1546 4529 fuerit,
1606 4464 1842 4533 legitima
1893 4477 2035 4535 sunt,

2163 4486 2217 4537 γε
2253 4468 2470 4539 ἀληθῶς
2513 4470 2613 4538 τῆς
2661 4468 3034 4538 προσηγορίας
3063 4467 3269 4537 ταύτης
3306 4467 3484 4532 ἀξίου.
3512 4467 3648 4521 πολὺ
3675 4468 3733 4516 τὸ

468 4565 819 4605 communem
855 4551 1146 4604 utilitatem
1175 4554 1503 4621 spectantia,
1535 4570 1634 4610 nec
1677 4556 1902 4625 privatae
1932 4561 2043 4612 nti-

467 4641 634 4696 litatis
655 4657 820 4697 causa
842 4655 1179 4714 comparata.
1203 4644 1262 4699 In
1292 4647 1396 4702 hoc
1421 4649 1568 4702 enim
1592 4648 1769 4704 diilert
1785 4662 2048 4721 tyrannus

467 4749 497 4787 a
528 4749 669 4805 rege.
694 4735 840 4803 quod
874 4734 964 4788 ille
992 4748 1092 4790 sua
1125 4738 1488 4808 undecunque
1511 4748 1721 4809 SpeCtat
1741 4745 2045 4809 commoda,

478 4826 567 4881 bic
595 4840 785 4880 eorum
816 4826 1016 4896 quibus
1046 4839 1240 4897 pueest
1272 4831 1556 4887 utilitatem
1591 4835 1808 4903 quaerit.

549 5027 836 5099 PrOprium
869 5044 951 5087 est
981 5032 1123 5103 regis
1162 5034 1231 5089 iis
1263 5035 1461 5104 quibus
1496 5039 1681 5107 praesit
1717 5041 2046 5108 proSpicerc.

550 5139 707 5197 Prov.
745 5160 861 5198 xxi.
914 5146 970 5201 Si
1010 5163 1102 5203 cor
1160 5148 1304 5219 regis
1348 5149 1404 5204 in
1463 5165 1626 5206 manu
1665 5151 1755 5206 Dei
1803 5161 1907 5215 est,
1944 5168 2049 5208 non

476 5243 728 5288 servatur
757 5251 1035 5293 armorum
1073 5241 1292 5306 robore.
1341 5243 1434 5298 sed
1487 5244 1671 5299 divino
1719 5245 2052 5303 adminiculo

477 5344 543 5411 ac
570 5326 758 5381 ductu.
791 5327 888 5383 Est
922 5340 1103 5387 autem
1151 5334 1203 5389 in
1237 5333 1333 5390 Dei
1386 5352 1551 5391 manu
1586 5353 1695 5392 non
1724 5339 1925 5409 quivis,
1956 5342 2049 5397 sed

477 5422 626 5492 rrgis
656 5421 879 5478 nomine
902 5423 1124 5495 dignus.

546 5538 699 5593 Rom.
752 5556 880 5599 xui.
934 5541 1193 5599 l‘ominus
1243 5559 1398 5615 reges
1448 5545 1752 5613 constituit,
1797 5557 1850 5603 et
1909 5548 2049 5604 idem

482 5628 704 5698 deponit
756 5655 771 5693 :
838 5651 938 5693 nec
998 5645 1082 5692 est
1136 5646 1400 5708 potestas,
1467 5637 1569 5693 nisi
1632 5655 1661 5694 a
1727 5640 1838 5703 Deo
1899 5643 2051 5699 Ordi-

477 5729 621 5775 natu.

2150 4565 2385 4632 νόμιμον
2418 4559 2607 4633 ἔχουσι
2646 4561 2710 4614 τὸ
2743 4562 2896 4632 κοινῇ
2910 4561 3072 4613 ’πᾶσι
3102 4559 3381 4622 λυσιτελὲς
3413 4559 3732 4621 σκοποῦσαι,

2153 4656 2248 4709 καὶ
2283 4655 2406 4725 οὑχὶ
2440 4654 2579 4725 πρὸς
2602 4653 2696 4707 τὸν
2733 4652 2939 4707 σκοπὸν
2973 4653 3073 4719 τῆς
3117 4652 3256 4711 ἰδίας
3294 4651 3571 4719 ὠφελείας
3617 4666 3734 4701 συν-

2149 4747 2512 4816 τεταγμέναι.
2554 4746 2730 4803 Τοῦτο
2747 4747 2857 4816 γὰρ
2883 4746 3128 4817 διαφέρει
3149 4743 3419 4814 τύραννος
3447 4744 3731 4813 βασιλέωτ,

2150 4842 2234 4893 ὅτι
2263 4842 2291 4893 ό
2329 4839 2428 4910 μὲν
2458 4840 2522 4894 τὸ
2551 4839 2751 4896 ἑαυτοῦ
2778 4840 3117 4909 πανταχόθεν
3149 4839 3366 4904 σκοπεῖ,
3399 4839 3429 4890 ό
3456 4836 3515 4890 δὲ
3542 4836 3602 4888 τὸ
3628 4836 3732 4897 τοῖς

2155 4932 2486 5003 ἀρχομένοις
2514 4933 2796 5003 ὠφέλιμον
2827 4931 3132 5001 ὲκπορίζει.

2235 5049 2398 5102 Ἰδιον
2455 5047 2724 5121 βασιλέως
2787 5044 3196 5117 προμηθεῖσθαι
3250 5042 3360 5098 τῶν
3394 5042 3730 5113 ἀρχομένων.

2230 5166 2289 5217 Ei
2331 5164 2528 5235 καρδία
2578 5162 2846 5235 βασιλέως
2881 5164 2939 5215 ὲν
2986 5159 3131 5232 χειρὶ
3183 5158 3344 5225 Θεοῦ,
3396 5157 3461 5212 οὑ
3504 5155 3730 5233 σώζεται

2154 5256 2244 5321 διᾲ
2276 5256 2571 5327 ὁπλιτικὴν
2627 5255 2881 5325 δύναμιν,
2914 5253 3051 5307 ἁ).λά
3095 5253 3186 5306 διά
3214 5251 3313 5322 τὴν
3347 5251 3502 5303 θείαν
3551 5265 3733 5318 χειρι-

2154 5350 2402 5418 γωγιανο
2436 5350 2493 5402 ἐν
2523 5349 2668 5420 χειρι
2698 5349 2754 5401 δὲ
2796 5347 2932 5401 Θεοῦ
2974 5328 3120 5401 ἐστιν
3144 5346 3242 5416 οὐχ
3273 5346 3301 5398 ό
3331 5342 3529 5415 τυχὼν,
3561 5340 3671 5395 ἀλλ’
3700 5340 3732 5401 ο

2140 5444 2312 5510 ιάξιος
2340 5443 2442 5513 τῆς
2471 5441 2565 5495 τοῦ
2607 5440 2873 5512 βασιλέως
2910 5439 3308 5510 προσηγορίας.

2235 5555 2439 5625 Κύριος
2492 5555 2727 5625 καθιστᾷ
2778 5553 3019 5623 βασιλεῖς
3052 5553 3143 5606 καί⁵
3193 5551 3426 5622 μεθιστᾷ
3451 5566 3466 5581 ·
3500 5550 3594 5605 καὶ
3631 5547 3733 5613 οὐκ

2160 5647 2308 5699 ἔστιν
2338 5644 2558 5712 ἐξουσία
2589 5648 2637 5699 εὶ
2671 5646 2746 5716 μὴ
2782 5645 2887 5698 ὑπὸ
2909 5643 3043 5697 Θεοῦ
3075 5642 3413 5716 τεταγμένη.
