3992 6252
449 287 588 372 10:3

1723 291 2045 354 ΑΝΤΟΝΙΙ
2089 293 2437 374 ΜΕΙΛΒΞᾸΞ

3567 297 3700 365 ιοοι

443 399 528 452 rio
550 385 582 463 ;’
613 409 736 449 nam
768 399 921 465 pater
964 407 1071 449 non
1104 393 1282 449 solum
1325 393 1685 464 procreando,
1727 399 1821 453 sed
1851 400 2013 462 etiam

2157 403 2256 476 έρα
2284 405 2342 457 οὐ
2379 405 2440 458 τὸ
2465 405 2722 476 γεννῆσαι
2755 405 2917 479 μόνον
2942 408 3104 474 ποιεῖ,
3135 405 3276 463 ἀλλά
3308 410 3407 466 καὶ
3437 409 3502 464 τὸ
3529 413 3696 482 φιλεῖν

440 484 717 556 diligendo
747 493 868 552 post
899 483 1337 553 procreationem
1360 483 1617 540 efﬁcitur.
1657 485 1811 553 Quod
1845 489 1892 544 si
1927 491 2016 546 ubi

443 585 634 628 natura
677 580 779 640 est,
831 571 1097 627 charitato
1148 580 1230 627 est
1271 587 1430 644 opus,
1479 575 1649 630 multo
1707 579 1879 648 magis
1928 580 2019 636 ubi

444 666 641 734 gratia.

511 754 629 808 Non
659 754 712 807 in
746 760 896 806 veste
928 761 982 807 et
1009 767 1170 820 zona,
1202 767 1299 808 nec
1329 753 1385 807 in
1423 755 1694 823 praeconis
1725 771 1859 813 voce
1902 773 2021 814 cer-

446 847 593 899 nitur
613 845 888 916 princeps,
913 847 1008 900 sed
1031 847 1086 900 in
1113 845 1405 901 reﬁciendo
1431 848 1598 901 fracta
1616 858 1668 903 et
1690 849 2020 920 iatiscentia,

439 948 492 990 et
517 954 637 1006 qua:
665 937 803 994 male
835 939 1132 998 constituta
1167 948 1294 994 sunt
1326 940 1672 1010 corrigendo,
1723 959 1786 999 ac
1818 946 2022 1014 impro-

444 1032 538 1085 bos
588 1031 883 1103 puniendo,
942 1048 1042 1089 nec
1094 1033 1454 1104 permittendo
1503 1041 1562 1089 ut
1616 1035 1879 1096 violenter
1935 1038 2024 1109 jus

441 1123 695 1192 cuiquam
724 1124 992 1192 eripiatur
1020 1132 1073 1178 et
1094 1123 1394 1179 auferatur.

513 1214 616 1268 Ars
647 1223 732 1266 est
762 1213 1053 1284 imperare,
1082 1227 1192 1268 non
1229 1213 1406 1267 solum
1434 1212 1690 1283 dignitas,
1721 1221 1772 1269 et
1799 1215 2020 1286 quidem

439 1326 532 1365 ars
560 1311 804 1365 omiiium
839 1311 1073 1366 maxime
1108 1304 1594 1366 excellentissima.

513 1401 617 1468 Qui
651 1405 884 1458 maxime
915 1418 981 1457 ex
1018 1403 1314 1458 humilibus
1361 1410 1510 1470 sunt,
1562 1419 1686 1460 cum
1729 1405 2021 1476 dignitates

439 1493 583 1547 nacti
640 1493 863 1559 fuerint,
915 1492 1133 1551 facilius
1203 1495 1258 1548 in
1305 1496 1676 1566 arrogantiam
1733 1497 2019 1563 tolluntur,

445 1586 646 1656 quippe
674 1586 769 1656 qui
809 1585 873 1641 ad
902 1586 1214 1655 repentinos
1246 1586 1482 1644 honores
1516 1587 1682 1656 inepli
1714 1588 1842 1644 sint.

515 1675 764 1748 Regnum
799 1687 1142 1736 terrenarum
1179 1694 1358 1737 rerum
1395 1683 1716 1752 asperitates
1751 1693 2018 1755 exaequat.

513 1857 674 1928 127
725 1857 784 1913 S.
827 1855 974 1914 Iron.
1017 1859 1130 1917 Rex
1168 1861 1348 1917 omnis
1385 1861 1569 1933 justus
1617 1862 2014 1918 sacerdotalem

440 1947 656 2004 obtinet
682 1948 951 2005 ordinem.
1969 1977 1972 1980 ’

511 2039 674 2096 Joan.
707 2037 958 2094 Damasc.
995 2040 1269 2112 Optimum
1299 2042 1598 2114 principem
1633 2044 1787 2100 decet
1816 2044 1870 2102 in
1903 2043 2018 2098 suis

441 2131 662 2200 quidem
696 2135 936 2202 peccatis
985 2149 1106 2191 esse
1151 2135 1411 2190 acerbum
1441 2135 1678 2202 Iudicem
1711 2147 1765 2190 et
1794 2135 2021 2190 minime

441 2221 835 2292 ignoscentem,
868 2233 924 2280 at
973 2224 1029 2285 in
1075 2227 1272 2283 erratis
1325 2226 1696 2297 subiectorum
1747 2227 2019 2298 placidum

441 2319 496 2364 et
522 2312 588 2365 ad
622 2313 1014 2380 ignoscendum
1049 2314 1288 2370 facilem.

512 2401 780 2459 Philonis.
832 2405 974 2460 Deus
1021 2406 1226 2463 nullius
1276 2407 1501 2477 indiget,
1539 2421 1636 2461 rex
1687 2408 1859 2463 sol-ius
1905 2407 2020 2463 Dei.

442 2494 662 2558 Imitare
709 2497 877 2568 igitur
929 2512 1054 2552 eum
1102 2499 1194 2568 qui
1251 2498 1454 2558 nullius
1503 2507 1648 2570 eget,
1673 2513 1734 2554 ac
1793 2500 2022 2571 largiter

443 2586 726 2658 impertire
779 2590 1088 2660 petentibus
1150 2590 1611 2660 misericordiam,
1648 2607 1758 2647 non
1800 2607 2019 2649 summo

438 2681 564 2751 jure
591 2697 691 2738 nec
718 2684 967 2740 restricte
993 2698 1117 2740 cum
1151 2685 1490 2755 supplicibus
1517 2699 1702 2755 agens,
1727 2686 1822 2741 sed
1847 2687 2026 2746 omni-

443 2777 544 2830 bus
577 2792 699 2846 quae
730 2779 794 2832 ad
847 2778 1015 2843 vitam
1063 2777 1362 2850 degendam
1397 2778 1669 2850 pertinent
1711 2780 2021 2850 petentibus

441 2869 708 2941 praebens.
1015 2877 1034 2894 '

515 2961 812 3031 Tyrannus
877 2972 963 3019 est
1013 2964 1267 3035 princeps
1323 2964 1474 3035 belli,
1535 2979 1632 3021 rex
1685 2979 1816 3021 vero
1866 2965 2022 3036 pacis

443 3064 665 3117 praeses.

517 3137 632 3194 Rex
665 3138 995 3208 iustissime,
1052 3153 1180 3196 cum
1237 3141 1440 3197 missus
1489 3140 1566 3197 sis

448 3245 762 3300 supremam
812 3233 1012 3303 puppis
1073 3241 1282 3302 partem
1337 3235 1733 3305 occupandam,
1787 3248 2024 3304 cumque

446 3329 817 3398 gubernacula
855 3337 1064 3397 teneas,
1095 3332 1333 3401 guberna
1363 3347 1712 3388 communem
1740 3332 2021 3387 hominum

448 3425 709 3494 scapham
776 3423 1010 3480 feliciter
1055 3439 1178 3481 eum
1217 3424 1390 3480 salute
1439 3426 1685 3482 omnium
1723 3441 1739 3480 :
1778 3425 1925 3480 nulla
1964 3439 2026 3480 re

449 3517 626 3587 magis
657 3518 896 3584 gaudeas
943 3531 1007 3573 ac
1031 3517 1222 3573 laetitia
1265 3517 1524 3584 afﬁciare,
1565 3534 1732 3590 quam
1769 3528 1860 3574 tua
1898 3531 2024 3589 erga

450 3609 726 3681 subjectos
766 3610 1147 3670 beneﬁce-lilia.

523 3700 662 3766 Quid
703 3701 848 3756 enim
893 3703 1038 3771 regis
1087 3701 1462 3759 benevolentia
1509 3704 1764 3776 subjectis
1807 3704 2052 3776 populis

452 3788 747 3866 optabilius
777 3807 872 3851 aut
905 3795 1101 3852 melius
1139 3813 1261 3853 esse
1291 3799 1501 3868 possit?

522 3888 906 3960 Xenophontis.
941 3890 1243 3959 Principem
1300 3891 1555 3947 omnibus
1591 3891 1793 3961 quibus
1848 3892 2050 3961 praesit’

451 3984 618 4039 simul
658 3997 1006 4048 succensere,
1045 3993 1303 4054 magnum
1349 3991 1632 4054 peccatum
1679 3985 1782 4041 hoc
1809 3985 2027 4054 quidem

454 4078 588 4132 mihi
623 4077 834 4133 videtur
883 4092 1026 4133 esse.
1075 4075 1310 4134 Necesse
1350 4087 1434 4134 est
1475 4078 1622 4132 enim
1653 4079 1793 4147 quia
1845 4077 2027 4132 multis

455 4173 650 4227 terrori
675 4173 767 4240 sit,
799 4173 1002 4228 multos
1037 4171 1246 4228 habere
1271 4173 1458 4228 hostes
1488 4189 1503 4227 :
1532 4179 1586 4226 et
1617 4171 1743 4241 quia
1772 4173 2028 4228 omnibus

456 4263 622 4318 simul
667 4271 1011 4328 succenseat,
1042 4265 1266 4320 eosdem
1316 4277 1509 4319 omnes
1561 4264 1628 4318 ad
1677 4264 2027 4326 coiicordiam

457 4370 826 4413 commovere.

528 4447 832 4504 Plutarchi.
859 4447 939 4502 Ne
972 4460 1142 4518 puero
1172 4445 1432 4517 gladium,
1486 4446 1776 4516 proverbio
1803 4445 2027 4502 dicitur.

461 4543 572 4614 Ego
616 4557 748 4599 vero
790 4541 1021 4598 dixerim
1059 4557 1073 4595 :
1128 4540 1210 4596 Ne
1259 4555 1428 4610 puero
1467 4539 1712 4605 divitias,
1773 4553 1870 4595 nec
1917 4539 2038 4594 viro

458 4635 725 4694 doctrinae
747 4629 958 4706 experti
977 4633 1297 4704 potentiam.

533 4728 756 4785 Nullum
791 4727 1004 4784 ﬁrmius
1056 4726 1319 4798 principis
1369 4724 1682 4796 praesidium
1715 4737 1878 4794 quam
1907 4737 2040 4783 vera

467 4834 515 4880 ..ι
541 4831 802 4880 constans
833 4819 1231 4876 benevolentia.
1279 4816 1381 4876 Ubi
1425 4817 1571 4874 enim
1605 4816 1804 4887 vulgus
1833 4824 1886 4872 et
1910 4823 2044 4887 proa'

380 4931 389 4939 ·
463 4927 614 4970 ceres
638 4912 932 4970 assuefacti
959 4911 1163 4967 fuerint
1190 4911 1296 4967 non
1321 4909 1646 4981 principem,
1673 4907 1769 4964 sed
1803 4905 2036 4978 principi

464 5004 680 5070 timere,
731 5015 844 5061 tum
897 5003 1084 5060 multis
1129 5003 1302 5058 oculis
1351 5001 1516 5067 videt,
1569 5000 1757 5055 multis
1805 4998 2034 5055 auribus

465 5097 638 5162 audit,
671 5111 734 5152 ac
763 5113 884 5168 quae
921 5105 1189 5167 geruntur
1219 5093 1606 5165 prasentiseit.
1657 5103 1668 5125 '

541 5276 868 5341 Potentiam,
931 5276 1167 5340 divitias,
1229 5275 1607 5345 magistratum
1664 5272 1935 5343 accipere,
1983 5281 2038 5328 et

467 5370 625 5443 quasi
673 5369 728 5422 in
777 5370 1029 5424 humeros
1073 5358 1416 5434 tollercfvel
1462 5369 1715 5422 mulieres
1772 5375 1827 5421 et
1881 5365 2036 5435 pueri

466 5472 695 5535 possunt
725 5477 742 5529 ;
777 5472 832 5516 at
876 5477 1125 5532 magnam
1164 5464 1452 5530 potestatis
1500 5460 1834 5530 provinciam
1869 5460 2040 5514 susci-

465 5572 596 5625 pere
622 5564 676 5612 et
698 5553 1108 5617 administrare,
1139 5567 1238 5608 nec
1267 5553 1649 5617 succumbere,
1677 5567 1775 5607 nec
1803 5550 2040 5620 opprimi

463 5651 703 5713 pondere
729 5657 783 5703 et
826 5646 1194 5718 magnitudine
1233 5661 1438 5712 rerum,
1473 5646 1525 5701 id
1578 5646 1677 5698 viri
1707 5646 1924 5700 demum
1955 5652 2044 5700 est

467 5739 688 5806 virtute,
720 5741 1007 5810 prudentia
1036 5750 1089 5796 et
1123 5740 1482 5810 intelligentia
1515 5737 1750 5808 praediti.

2127 496 2266 566 μετά
2290 498 2348 552 τὸ
2376 500 2657 568 γεννῆσαι.
2689 501 2751 554 El
2781 501 2838 554 δὲ
2863 481 2991 556 ἔνθα
3018 501 3201 571 φύσις,
3233 503 3458 574 ἀγάπης
3489 481 3645 576 χρεία
3668 547 3722 573 ,-

2124 587 2306 660 πολλῷ
2338 590 2538 662 μαλλον
2563 591 2692 670 ἔνθα
2719 595 2750 664 ἡ
2780 594 2963 666 χάρις.

2193 774 2306 829 Οὐκ
2340 776 2396 828 ἐν
2422 777 2487 848 τῇ
2521 775 2727 846 χλανίδι
2757 777 2850 830 καὶ
2896 780 2960 848 τῇ
2994 775 3164 853 ζώνῃ,
3197 780 3318 835 οὐδὲ
3363 782 3423 836 ἐν
3448 786 3516 855 τῇ
3545 789 3690 858 φωνῇ

2124 867 2218 921 τοῦ
2277 868 2518 938 κήρυκος
2573 869 2780 940 ἄρχων,
2831 871 2946 922 ἀλλ’
3002 873 3057 924 έν
3101 871 3178 942 τῷ
3229 874 3298 926 τά
3349 881 3694 946 πεπονηκότα

2123 961 2486 1028 ἀνακτᾶσθαι,
2516 963 2609 1016 καὶ
2634 963 2704 1016 τὰ
2735 963 2922 1030 κακῶς
2957 963 3153 1036 ἔχοντα
3179 965 3452 1036 διορθοῦν,
3489 972 3585 1024 καὶ
3608 990 3694 1026 κο-

2125 1051 2310 1116 λάζειν
2336 1053 2436 1124 μιν
2468 1053 2706 1117 ἀδικίαν,
2742 1055 2817 1126 μὴ
2844 1059 3150 1128 συγχωρεῖν
3172 1058 3228 1112 δὲ
3257 1059 3362 1112 ὑπὸ
3378 1059 3696 1127 δυναστείας

2125 1142 2186 1196 τὸ
2213 1141 2425 1198 δίκαιον
2456 1143 2884 1202 ἀπελαύνεσθαι.

2195 1231 2371 1304 Τέχνη
2418 1233 2478 1288 τὸ
2516 1235 2707 1306 ἄρχειν
2756 1234 2926 1302 ἐστὶν,
2963 1237 3063 1290 οὐκ
3116 1235 3332 1307 ἀξίωμα
3364 1239 3548 1309 μόνον,
3603 1238 3694 1293 καὶ

2123 1324 2285 1398 τέχνη
2321 1324 2513 1380 πασῶν
2539 1327 2810 1397 ἀνωτέρα.
2843 1391 2860 1400 ι

2195 1417 2258 1470 Ol
2291 1416 2528 1486 μάλιστα
2573 1417 2636 1472 ἐκ
2673 1419 2945 1474 ταπεινῶν
2987 1419 3161 1487 ὄντες,
3203 1421 3334 1477 ὅταν
3367 1422 3691 1490 ἀξιωμάτων

2124 1506 2508 1576 ἐπιλάϐωνται,
2545 1509 2914 1583 εὐκολώτερον
2946 1512 3194 1584 αἴρονται
3224 1513 3362 1582 πρὸς
3407 1515 3688 1584 ἀπόνοιαν,

2125 1599 2220 1662 ἀτε
2251 1603 2631 1676 ἀπειροκάλως
2664 1604 2882 1676 ἔχοντες
2924 1605 3061 1678 πρὸς
3088 1607 3189 1676 τὴν
3218 1606 3477 1680 ἰξαίφνης
3508 1610 3692 1680 τιμήν.

2193 1694 2450 1751 Βασιλεία
2474 1695 2586 1750 τῶν
2612 1698 2703 1751 ἐπὶ
2727 1697 2832 1768 γῆς
2861 1700 3203 1770 πραγμάτων
3226 1701 3325 1764 τάς
3346 1701 3692 1774 τραχύτητας

2051 1769 2091 1826 Β
2121 1785 2396 1856 ὀμαλίζει.

2202 1878 2314 1942 Πᾶς
2347 1877 2601 1949 βασιλεὺς
2631 1881 2836 1947 δίκαιος
2872 1882 3152 1955 ἱερατικὴν
3185 1883 3296 1956 ἔχει
3329 1884 3506 1950 τάξιν.

2203 2061 2306 2116 Τὸν
2361 2061 2582 2134 ἄριστον
2639 2063 2875 2134 ἄρχοντα
2930 2064 2987 2117 έν
3033 2065 3146 2127 τοῖς
3205 2064 3303 2134 μὲν
3328 2065 3452 2120 καθ’
3507 2067 3697 2124 ἑαυτὸν

2131 2153 2515 2223 ἀσύγγνωστον
2536 2150 2676 2208 εἶναι
2709 2155 2814 2226 χρὴ
2871 2156 2968 2209 καὶ
3003 2155 3196 2226 πικρὸν
3240 2158 3520 2228 δικαστὴν,
3566 2161 3621 2212 ὲν
3647 2162 3704 2214 δὲ

2130 2246 2243 2306 τοῖς
2276 2245 2386 2298 τῶν
2433 2245 2752 2320 ἀρχομένων
2781 2247 3088 2320 πταίσμασι
3136 2250 3582 2319 συγγνωμονικὸν
3613 2254 3707 2305 καὶ

2133 2336 2359 2406 ἥμερον.

2214 2427 2274 2482 Ὀ
2303 2429 2401 2499 μὲν
2433 2430 2565 2495 Θεὸς
2597 2429 2807 2493 οὐδενὸς
2848 2432 3039 2496 δεῖται,
3071 2431 3100 2486 ὁ
3131 2430 3383 2499 βασιλεὺς
3429 2433 3486 2485 δὲ
3545 2433 3706 2502 μόνου

2131 2517 2290 2575 Θεοῦ.
2323 2522 2511 2591 Μιμοῦ
2565 2523 2748 2576 τοίνυν
2779 2522 2870 2576 τὸν
2920 2522 3132 2587 οὐδενὸς
3165 2523 3440 2594 δεόμενον,
3493 2526 3587 2578 καὶ
3619 2525 3709 2579 δα-

2130 2613 2351 2685 ψιλεύου
2387 2617 2498 2678 τοῖς
2547 2614 2759 2671 αἰτοῦσι
2789 2614 2880 2668 τὸν
2918 2615 3086 2681 ἔλεον,
3121 2614 3196 2686 μὴ
3246 2615 3710 2686 ἀκριϐολογούμε-

2133 2727 2222 2773 νος
2260 2709 2384 2779 περῖ
2409 2709 2536 2774 τοὺς
2572 2710 2696 2774 σοὺς
2731 2710 2936 2776 ἱκέτας,
2981 2708 3118 2762 ἀλλά
3151 2711 3286 2774 πᾶσι
3328 2710 3586 2780 παρέχων
3609 2711 3704 2774 τάς

2133 2800 2270 2872 πρὸς
2295 2800 2355 2853 τὸ
2385 2801 2481 2872 ζῇν
2510 2802 2773 2872 αἰτήσεις.

2203 2983 2478 3056 Τύραννός
2513 2982 2661 3036 ἐστιν
2697 2981 2880 3053 ἄρχων
2908 2980 3167 3052 πολέμου,
3193 2979 3444 3054 βασιλεὺς
3478 2982 3702 3053 ἡγεμὼν

2133 3073 2378 3146 εἰρήνης.

1617 3155 1648 3196 a
1707 3149 1900 3196 natura
1957 3141 2024 3198 ad

2190 3131 2428 3222 ¹Βασίλεῦ
2471 3167 2797 3234 δικαιότατε,
2843 3165 3264 3238 παραπεμφθεὶς
3315 3167 3422 3220 ὑπὸ
3461 3166 3560 3238 τῆς
3607 3164 3711 3234 9'5-

2131 3278 2268 3324 σεως
2306 3263 2398 3314 ἐπὶ
2425 3260 2681 3332 πρύμναν
2719 3261 2996 3325 ἀνωτάτω,
3032 3261 3126 3313 καὶ
3158 3262 3282 3322 τοὺς
3308 3261 3502 3322 οἴακας
3537 3261 3710 3328 ἐγχει-

2132 3353 2356 3426 ρισθεὶς,
2411 3352 2760 3424 πηδαλιούχει
2800 3353 2857 3405 τδ
2907 3352 3084 3408 κοινὸν
3133 3351 3436 3423 ἀνθρώπων
3496 3352 3704 3418 σκάφος

2133 3446 2435 3514 σωτηρίως,
2473 3446 2567 3498 ἐπὶ
2608 3445 2796 3516 μηδενὶ
2825 3444 3025 3515 μᾶλλον
3070 3445 3274 3516 χαίρων
3302 3445 3395 3498 καὶ
3425 3443 3700 3512 τερπόμεο

2132 3555 2220 3602 νος
2249 3537 2284 3606 ἢ
2316 3537 2372 3591 ἐν
2396 3535 2474 3607 τῷ
2503 3535 2628 3600 τοὺς
2663 3536 2934 3608 ὑπηκόους
2961 3537 3290 3607 εὐεργετεῖν.

2205 3715 2270 3768 Ti
2347 3714 2413 3768 ἂν
2473 3713 2686 3782 γένοιτο
2745 3713 3036 3784 εὐμενείας
3104 3709 3367 3783 βασιλέως
3445 3708 3709 3780 eamaior;

2134 3807 2357 3877 ἄμεινον
2383 3823 2398 3876 ;

2207 3881 2414 3965 ’Δνδρά
2438 3895 2671 3966 ἄρχοντα
2701 3896 2869 3949 πᾶσιν
2893 3893 3009 3964 ἃμα
3033 3891 3382 3964 χαλεπαίνειν
3401 3893 3516 3954 τοῖς
3543 3891 3706 3960 ἀρχοο

2139 3987 2341 4058 μένοις,
2375 3987 2535 4052 τοῦτο
2583 3987 2772 4059 ἔμοιγε
2811 3987 2960 4043 δοκεῖ
3007 3986 3153 4056 μέγα
3196 3985 3504 4054 ἁμάρτημα
3541 3981 3701 4036 εἶναι.

2149 4080 2390 4152 Ἀνάγκη
2445 4080 2552 4150 γὰρ
2605 4081 2694 4134 διὰ
2742 4080 2867 4143 τοὺς
2918 4077 3147 4142 πολλοὺς
3199 4075 3416 4145 φοβεῖν,
3476 4073 3705 4146 πολλοὺς

2136 4173 2364 4246 ὲχθροὺς
2385 4169 2656 4225 ποιεῖσθαι
2682 4187 2697 4204 ο
2725 4171 2813 4224 δια
2841 4171 2897 4223 δὲ
2933 4169 2994 4222 τὸ
3020 4170 3133 4238 ἅμα
3160 4169 3298 4224 πᾶσι
3329 4165 3705 4238 χαλεπαίνειν,

2139 4266 2307 4317 πᾶσιν
2341 4263 2525 4329 αὐτοῖς
2553 4263 2808 4332 ὁμόνοιαν
2841 4261 3121 4331 ἐμϐαλεῖν.

2207 4448 2300 4518 Μὴ
2335 4445 2486 4501 παιδὶ
2523 4445 2876 4516 μάχαιραν,ἡ
2921 4444 3190 4516 παροιμία
3239 4444 3426 4518 φησίν.
3473 4444 3616 4516 Ἐγὼ
3654 4446 3709 4499 δὲ

2141 4540 2328 4610 φαίην,
2371 4538 2446 4610 μὴ
2487 4537 2639 4595 παιδὶ
2695 4536 2948 4601 πλοῦτον,
3002 4537 3140 4610 μηδδ
3192 4537 3346 4608 ἀνδρὶ
3398 4537 3708 4606 ἀπαιδεύτῳ

2138 4630 2476 4686 δυναστείαν.

2209 4723 2378 4777 οὐδὲν
2431 4718 2554 4777 οἷον
2593 4722 2821 4794 ἀληθινὴ
2882 4721 2974 4780 καὶ
3027 4719 3246 4792 βέϐαιος
3293 4722 3481 4778 εὔνοια
3544 4723 3712 4794 φυλα-

2141 4816 2366 4882 κτήριον
2400 4814 2591 4882 ἀνδρὸς
2621 4815 2880 4886 ἄρχοντος
2908 4829 2924 4846 ο
2946 4814 3074 4866 ὃταν
3112 4813 3222 4885 γὰρ
3252 4815 3543 4871 ἐθισθῶσιν
3569 4818 3626 4870 οῖ
3652 4833 3710 4870 τε

2141 4899 2450 4961 πολλοὶκαὶ
2480 4907 2697 4960 δυνατοὶ
2731 4905 2804 4976 μὴ
2834 4904 2925 4958 τὸν
2954 4905 3276 4974 ἡγούμενον,
3307 4906 3425 4961 ἀλλ’
3448 4910 3588 4979 ὑπὲρ
3616 4910 3710 4962 τοῦ

2139 4999 2448 5069 ἡγουμένου
2493 4999 2742 5061 δεδιέναι,
2781 4998 2994 5060 πολλοῖς
3047 4999 3144 5068 μὲν
3170 4998 3419 5069 ὄμμασιν
3469 5003 3590 5072 ὁρᾷ,
3622 5001 3710 5055 διά

2143 5091 2356 5148 πολλῶν
2387 5091 2445 5149 δὲ
2487 5091 2642 5148 ὢτων
2687 5089 2894 5158 ἀκούει,
2923 5091 3021 5144 καὶ
3065 5092 3490 5162 προαισθάνεται
3534 5096 3602 5148 τά
3627 5113 3710 5162 γι-

2139 5187 2358 5256 νόμενα.

2213 5277 2287 5333 Τὸ
2319 5277 2503 5331 λαϐεῖν
2556 5277 2650 5330 καὶ
2701 5276 2996 5331 ἀναθέσθαι
3050 5277 3281 5346 δύναμιν
3330 5275 3429 5330 καὶ
3483 5275 3712 5331 πλοῦτον

2143 5370 2238 5425 καὶ
2269 5369 2444 5440 ἀρχὴν
2476 5364 2570 5421 καὶ
2617 5369 2886 5436 γυναικός
2906 5370 3021 5422 εστι
3069 5369 3162 5421 καὶ
3191 5369 3415 5432 παιδός·
3444 5369 3510 5422 τδ
3529 5370 3588 5423 δὲ
3620 5387 3714 5437 μευ

2145 5463 2319 5533 γάλην
2363 5460 2612 5525 ἐξουσίαν
2662 5460 2908 5528 ἐνεγκεῖν
2956 5463 3050 5513 καὶ
3086 5461 3584 5530 μεταχειρίσασθαι,
3619 5461 3714 5512 aut

2144 5554 2218 5624 μὴ
2257 5551 2632 5622 συντριϐῆναι,
2690 5551 2826 5620 μηδὲ
2871 5551 3267 5620 διαστραφῆναι
3311 5551 3389 5620 τῷ
3431 5550 3584 5622 βάρει
3615 5551 3710 5600 καὶ

2141 5645 2366 5714 μεγέθει
2401 5644 2511 5703 τῶν
2549 5643 2916 5713 πραγμάτων,
2962 5643 3156 5713 ἀνδρός
3203 5645 3352 5696 ἐστιν
3389 5644 3588 5714 ἀρετὴν
3614 5644 3714 5694 καὶ

2142 5739 2396 5809 φρόνημα
2427 5735 2519 5791 καὶ
2542 5734 2667 5790 νοῦν
2698 5733 2932 5803 ἔχοντος.
