3992 6252
460 358 604 425 1007

1719 355 2050 420 ANTONII
2093 359 2438 423 MELISSE

3580 360 3714 426 1(‘08

454 480 642 535 vivere
671 474 869 533 debeat
903 474 1008 532 sub
1056 483 1324 546 potestate
1359 517 1375 544 ,
1416 475 1882 549 quemadmodum
1931 475 2041 547 igni

2196 484 2391 555 iwofql.
2423 481 2528 556 ἔφη
2554 498 2569 515 '
2596 480 2864 555 Καθάπερ
2911 479 3070 553 πυρὶ.
3102 481 3240 552 μήτε
3283 478 3407 534 λίαν
3445 478 3613 548 inii;
3640 477 3715 533 εῖ-

459 567 725 624 ntendum
760 580 883 623 esse
923 565 1084 637 129
1118 568 1422 639 respondit,
1463 585 1638 642 neque
1672 570 1836 625 nimis
1872 583 2041 641 prope

458 657 853 735 accedendum,
877 672 946 715 ne
964 658 1440 732 exuraris,'neque
1471 662 1703 718 nimium
1732 661 1946 733 procul,
1975 673 2045 717 ne

458 754 661 822 rigeas.

529 842 719 913 Cyrus.
754 842 1051 915 imperium
1099 860 1210 901 non
1250 846 1512 902 convenit
1540 846 1590 901 ei
1620 847 1714 918 qui
1757 845 1932 903 nihilo
1979 845 2047 901 iis

457 948 548 1004 qm
586 943 713 989 sunt
744 935 848 992 sub
879 935 1111 1006 imperio
1135 944 1219 993 εει
1240 938 1607 1009 ρταξειοιιῑῑοιο.

528 1023 714 1082 Solon.
763 1027 1003 1097 Impera,
1056 1026 1099 1083 si
1137 1027 1290 1099 prius
1333 1043 1530 1098 parere
1573 1027 1868 1098 didiceris;
1920 1040 2046 1083 nam

460 1130 655 1189 parere
680 1119 771 1188 qui
800 1117 1015 1181 didicit,
1052 1118 1358 1188 imperan‘di
1382 1119 1499 1174 erit
1530 1120 1761 1190 peritus.

535 1210 637 1275 Qui
668 1210 852 1264 multis
874 1210 1200 1266 metuendus
1229 1220 1333 1277 est,
1363 1212 1566 1267 multos
1600 1212 1813 1267 metuit.

543 1299 872 1356 Aristotelis.
902 1301 1006 1367 Qui
1057 1311 1380 1373 potestatem
1433 1313 1645 1375 gerunt,
1675 1305 1721 1362 si
1775 1304 2049 1377 sapientes

461 1402 610 1460 sunt,
650 1393 851 1450 debent
887 1411 995 1450 non
1026 1405 1248 1469 propter
1277 1395 1653 1467 magistratus,
1696 1398 1789 1453 sed
1826 1407 2051 1468 propter

463 1489 694 1543 virtutes
727 1502 851 1542 cum
892 1488 1265 1545 admiratione
1304 1489 1542 1555 laudari,
1571 1488 1887 1547 ut'fortuna
1924 1504 2050 1545 mu-

466 1588 575 1634 tata
610 1578 803 1636 iisdem
829 1568 1081 1635 laudibus
1109 1580 1259 1650 digni
1285 1580 1624 1651 jndicentur.

539 1669 820 1726 Isocratis.
850 1667 1135 1728 Emulare
1166 1686 1272 1727 non
1308 1686 1403 1729 eos
1429 1673 1521 1744 qui
1558 1673 1854 1728 maximum
1886 1673 2053 1746 impe-

2143 598 2255 647 ναι,
2282 580 2367 634 ἵνα
2400 578 2476 650 μὴ
2516 579 2793 658 κατακαῇ,
2837 576 2975 648 μήτε
3010 574 3219 649 πόρρω,
3256 573 3346 628 ῖνα
3380 572 3458 645 μὴ
3485 573 3711 644 ῥιγὼσῃ.

2158 846 2167 853 “
2217 847 2446 920 Ἀρχειν
2493 845 2683 918 μηδενὶ
2718 844 3009 918 προσήκει,
3042 843 3103 910 ὃς
3144 842 3266 898 οὐδε
3308 840 3575 913 κρείττων
3603 839 3713 919 ἐστὶ

2145 941 2256 995 τῶν
2292 940 2630 1011 ἀρχομένων.

2223 1031 2391 1103 Ἀρχε
2449 1033 2664 1104 πρῶτον
2713 1029 2901 1102 μαθὼν
2948 1016 3251 1102 άρχεσθαιῗ
3295 1027 3567 1100 ἄρχεσθαι
3612 1025 3715 1097 γάρ

2153 1124 2367 1197 μαθὼν,
2399 1125 2588 1195 ἄρχειν
2620 1120 2914 1197 ἐπιστήσῃ.
2940 1160 2954 1179 ι

2233 1216 2292 1272 Ὀ
2322 1217 2538 1281 πολλοῖς
2569 1215 2798 1288 φοϐερὸς
2834 1215 2911 1273 ὣν
2937 1214 3165 1280 πολλοὺς
3197 1214 3467 1285 φοϐεῖται.

2221 1311 2315 1365 Δεῖ
2340 1311 2461 1374 τοὺς
2495 1307 2621 1364 νοῦν
2663 1309 2885 1380 ἔχοντας
2924 1308 3033 1362 τῶν
3050 1308 3486 1363 δυναστευόντων
3514 1306 3591 1378 μὴ
3633 1307 3719 1362 διὰ

2150 1401 2249 1466 τὰς
2277 1403 2474 1474 ἀρχὰς,
2511 1400 2651 1455 ἀλλὰ
2673 1400 2763 1455 διά
2807 1401 2907 1464 τὰς
2953 1401 3155 1468 ἀρετάς
3185 1398 3587 1469 θαυμάζεσθαι,
3634 1400 3719 1453 ῖνα

2151 1494 2251 1564 τῆς
2309 1493 2481 1564 τύχης
2537 1492 2959 1565 μεταπεσούσης
3011 1491 3122 1547 τῶν
3177 1491 3360 1551 αὐτῶν
3431 1492 3720 1562 ἐγκωμίων

2152 1586 2436 1652 ἀξιῶνται.

2224 1677 2399 1750 Ζήλου
2422 1676 2501 1750 μὴ
2526 1679 2652 1742 τοὺς
2680 1678 2945 1751 μεγίστην
2965 1676 3141 1750 ἀρχὴν
3162 1676 3572 1747 κτησαμένους,
3593 1674 3727 1729 ἀλλὰ

464 1766 606 1822 rium
636 1769 1017 1838 acquisierint,
1054 1770 1152 1826 sed
1182 1784 1278 1827 eos
1318 1770 1412 1844 qui
1448 1771 1653 1843 optime
1690 1770 2052 1842 praesentibus

2196 1771 2283 1836 οὺς
2313 1771 2513 1845 ἄριστα
2549 1773 2662 1838 τοῖς
2693 1769 2930 1845 παροῦσι
2971 1769 3387 1843 χρησαμένους.

467 1860 549 1914 usi
577 1859 800 1918 fuerint.
891 1930 899 1939 '

536 1952 683 2006 idem
730 1954 1030 2022 pessimum
1062 1954 1453 2025 imperatorem
1505 1971 1629 2014 esse
1669 1956 1906 2028 dicebat,
1955 1956 2049 2031 qui

465 2042 571 2099 sibi
603 2043 719 2112 ipse
751 2045 1022 2112 imperare
1058 2062 1168 2101 non
1205 2057 1414 2116 posset.

542 2132 772 2215 Suscipe
798 2149 987 2191 curam
1030 2137 1428 2204 multitudinis,
1458 2147 1511 2194 et
1537 2138 1844 2209 jucundum
1875 2138 2052 2210 impe-

2230 1924 2303 2043 ’01
2330 1956 2494 2023 αὐτὸς
2529 1955 2795 2015 κάκιστον
2842 1954 3030 2023 ἔλεγεν
3058 1952 3300 2025 ἄρχοντα
3346 1946 3491 2005 εἶναι
3515 1947 3610 2003 τὸν
3636 1946 3730 2019 ἂρ-

2150 2067 2271 2121 χειν
2302 2047 2502 2104 ἑαυτοῦ
2537 2046 2613 2119 μὴ
2645 2046 2967 2116 δυνάμενον.

2223 2142 2448 2200 Μελέτω
2492 2157 2577 2195 σοι
2608 2139 2704 2196 τοῦ
2741 2138 3002 2208 πλήθους,
3036 2135 3134 2191 καὶ
3170 2135 3298 2208 περὶ
3329 2132 3532 2196 παντὸς
3579 2128 3731 2187 ποιοῦ

470 2226 611 2281 rium
642 2228 902 2285 omnibus
948 2230 1114 2286 rebus
1144 2239 1439 2302 antepone,
1473 2230 1783 2303 intelligens
1835 2239 1891 2287 et
1930 2245 2052 2286 eam

2196 2233 2569 2306 εχαρισμένως
2601 2231 2785 2296 αὐτοῖς
2816 2229 3032 2302 ἄρχειν,
3075 2228 3367 2298 γινώσκων
3395 2226 3482 2280 ὅτι
3506 2221 3734 2279 καὶτῶν

472 2318 705 2375 fortnam
749 2321 1067 2394 reipublicae
1101 2322 1155 2378 in
1186 2338 1292 2392 qua
1323 2324 1481 2395 pauci
1515 2324 1809 2394 imperant,
1842 2335 1895 2380 et
1924 2321 2055 2378 alia-

473 2414 1155 2484 rum'rerumpubliearum
1184 2414 1307 2470 illas
1358 2414 1669 2471 diutissime
1715 2416 2053 2483 conservari,

2151 2324 2484 2398 ὀλιγαρχιῶν
2516 2324 2616 2379 καὶ
2671 2322 2780 2378 τῶν
2829 2321 3007 2378 ἄλλων
3058 2317 3345 2375 πολιτειῶν
3373 2310 3538 2372 αὗται
3589 2315 3734 2370 πλεῖ-

2156 2434 2283 2472 στον
2339 2416 2534 2491 χρόνον
2589 2415 3024 2486 παραμένωσιν,
3073 2412 3280 2475 αἵτινες
3320 2408 3390 2466 ἂν
3441 2409 3646 2479 ἄριστα
3674 2404 3737 2459 τδ

472 2520 591 2575 quae
616 2505 1023 2563 multitudinem
1082 2516 1277 2562 curant
1308 2515 1362 2563 et
1393 2508 1581 2562 colunt
1611 2506 1837 2578 Optime.
1873 2504 2056 2562 Bonus

2196 2502 2362 2580 λῆθος
2400 2508 2811 2585 θεραπεύσωσι.
2840 2505 3037 2569 Καλῶς
3077 2504 3131 2559 δὲ
3183 2502 3644 2574 δημαγωγήσεις.
3668 2497 3739 2552 ἂν

473 2611 654 2653 autem
689 2599 800 2656 eris
830 2599 1018 2671 populi
1051 2599 1245 2655 ductor
1272 2609 1328 2658 et
1371 2609 1617 2667 curator,
1670 2600 1714 2655 si
1763 2600 1865 2655 nec
1909 2598 2057 2654 afﬁci

474 2691 675 2762 injuria
707 2692 920 2750 turbam
962 2693 1195 2763 patiere,
1225 2709 1326 2751 nec
1363 2692 1562 2765 injuria
1598 2691 1847 2749 allectam
1883 2691 2059 2762 negli-

474 2796 587 2854 ges.
620 2783 712 2841 sed
736 2784 787 2838 id
821 2784 1062 2849 curabis,
1101 2792 1160 2839 ut
1183 2784 1370 2858 optimi
1406 2784 1608 2857 quique
1640 2785 1879 2842 honores
1916 2781 2061 2843 acci-

477 2874 649 2947 piant,
679 2876 860 2931 eteteri
898 2875 1044 2931 nulla
1094 2874 1400 2932 afﬁciantur
1429 2875 1647 2946 injuria.

548 2967 808 3037 Corporis
840 2969 915 3023 tui
938 2966 1248 3024 custodiam
1278 2969 1610 3024 tutissimam
1639 2967 1894 3025 existima
1930 2981 2058 3025 esse

2160 2605 2300 2676 μήτε
2331 2602 2422 2661 τὸν
2446 2602 2606 2674 ὄχλον
2637 2602 2883 2675 ὑϐρίζειν
2919 2601 3036 2672 ἐᾷς,
3070 2599 3206 2671 μήτε
3243 2594 3603 2669 ὕὸριζᾷμενον
3643 2605 3740 2644 πι-

2161 2697 2368 2768 ριορᾷς.
2403 2695 2541 2752 ἀλλὰ
2595 2695 2818 2759 σκοπεῖς
2872 2694 3021 2755 ὅπως
3072 2692 3124 2746 oi
3176 2688 3444 2762 βέλτιστοι
3496 2685 3600 2756 μὲν
3639 2683 3739 2746 τάς

2158 2788 2328 2860 τιμὰς
2356 2788 2593 2857 ἕξουσιν,
2617 2787 2668 2842 οί
2698 2785 2756 2841 δὲ
2783 2784 2935 2841 ἄλλοι
2968 2781 3138 2856 μηδὲν
3165 2779 3619 2852 άδικηθήσονται.

2233 2965 2488 3039 Φυλακήν
2540 2964 2960 3036 ἀσφαλεστάτην
2991 2959 3128 3035 ήγοῦ
3171 2957 3268 3015 τοῦ
3296 2957 3554 3027 σώματος
3600 2945 3742 3010 εἶναι

481 3057 779 3114 amicorum
830 3059 1106 3123 virtutem,
1157 3067 1213 3115 et
1252 3058 1483 3116 aliarum
1530 3059 2060 3131 rerumpublicarum

2197 3062 2263 3133 ήν
2293 3076 2352 3117 τε
2378 3059 2487 3117 τῶν
2525 3057 2691 3127 φίλων
2726 3053 2950 3127 ἀρετήν,
3008 3051 3105 3109 καὶ
3135 3051 3235 3122 τὴν
3272 3048 3385 3104 τῶν
3431 3045 3612 3102 ἄλλων
3639 3062 3741 3097 πο-

480 3150 956 3219 benevolentiam,
1018 3162 1279 3224 tuamque
1330 3154 1500 3223 ipsius
1551 3153 1929 3224 prudentiam;
1977 3150 2088 3229 his

2166 3152 2385 3208 λιτειῶν
2415 3149 2652 3218 εὔνοιαν,
2682 3147 2778 3205 καλ⁸
2797 3147 2897 3221 τήν
2932 3144 3158 3201 σεαυτοῦ
3186 3143 3475 3216 φρόνησιν.
3505 3137 3609 3194 Διὰ
3636 3137 3745 3207 γὰρ

479 3245 622 3299 enim
663 3244 823 3302 rebus
864 3254 920 3302 et
941 3246 1262 3303 conservari
1301 3254 1356 3304 et
1398 3247 1578 3319 parari
1623 3261 1789 3318 regna
1828 3245 2064 3302 maxime

2196 3250 2379 3304 τούτων
2404 3249 2499 3304 καὶ
2533 3246 2728 3312 σώζειν
2755 3246 2853 3301 καὶ
2898 3241 3131 3299 κτᾶσθαι
3160 3241 3260 3305 τὰς
3287 3235 3613 3309 τυραννίδας
3642 3232 3747 3305 μά-

481 3345 728 3409 possunt.

555 3429 751 3487 Gravis
796 3438 851 3491 et
896 3433 1219 3490 metuendus
1261 3431 1350 3493 [ac
1392 3432 1649 3501 videare;
1702 3432 1837 3488 nihil
1875 3447 2064 3488 eorum

483 3531 605 3588 quae
662 3517 820 3584 ﬁunt,
873 3519 1275 3591 inexploratum
1335 3521 1700 3594 relinquendo
1755 3540 1771 3577 :
1825 3520 2066 3579 clemens

485 3621 690 3678 autem,
722 3614 927 3671 leviora
950 3615 1168 3674 delictis
1190 3617 1455 3690 supplicia
1477 3618 1792 3678 statuendo.

561 3703 671 3762 Fac
717 3706 855 3762 velis
907 3706 1139 3779 imperio
1190 3708 1393 3780 dignus
1424 3724 1548 3767 esse
1599 3725 1708 3765 non
1744 3709 2063 3780 acerbitate,

487 3813 666 3870 neque
704 3801 942 3869 graviter
987 3801 1286 3871 puniendo,
1324 3802 1421 3860 sed
1455 3801 1743 3859 efﬁciendo
1775 3812 1837 3858 ut
1877 3818 2068 3860 omnes

490 3900 819 3964 superentur
861 3902 953 3951 tua
1018 3901 1205 3950 mente
1247 3902 1304 3950 et
1356 3894 1743 3968 intelligentia,
1792 3894 2067 3950 arbitren-

491 3992 692 4055 turque
753 3991 809 4040 te
846 3984 1046 4043 melius
1090 4000 1254 4058 quam
1284 3986 1433 4059 ipsos
1466 4002 1568 4060 pro
1600 4002 1700 4044 sua
1739 3987 1914 4043 salute
1937 4001 2069 4043 con-

492 4076 717 4133 sultare.

561 4167 802 4225 DiodOri.
848 4169 1020 4228 Nemo
1071 4186 1264 4228 eorum
1314 4172 1409 4244 qui
1465 4171 1703 4245 aliquam
1747 4172 2066 4245 dignitatem

2171 3343 2329 3399 λιστα
2360 3341 2426 3397 ἄν
2452 3358 2537 3406 τις
2563 3340 2809 3395 δύναται.

2242 3433 2427 3496 Δεινδς
2464 3430 2565 3502 μὲν
2620 3431 2835 3500 φαίνου,
2867 3426 2947 3498 τῷ
2990 3424 3159 3498 μηδέν
3214 3439 3275 3480 σε
3321 3418 3612 3476 λανθάνειν
3638 3415 3747 3469 τῶν

2172 3527 2497 3597 γινομένων,
2548 3524 2721 3593 πρᾶος
2767 3522 2846 3586 δὲ,
2898 3518 2978 3590 τῷ
3024 3517 3126 3581 τὰς
3166 3513 3441 3588 τιμωρίας
3492 3509 3748 3573 ἐλάττους

2174 3613 2447 3669 ποιεῖσθαι
2476 3611 2587 3666 τῶν
2625 3610 3111 3681 ἁμαρτανομένων.

2258 3706 2511 3777 Ἀρχικδς
2561 3700 2703 3758 εῖναι
2759 3700 2949 3772 βούλου
2990 3702 3066 3772 μὴ
3117 3698 3450 3772 χαλεπότητι
3505 3693 3638 3766 μηδὲ
3668 3689 3748 3757 τῷ

2177 3798 2383 3869 σφόδρα
2412 3793 2685 3862 κολάζειν,
2723 3797 2855 3853 ἀλλὰ
2876 3794 2955 3865 τῷ
2987 3794 3198 3856 πάντας
3226 3790 3494 3862 ἡττᾶσθαι
3524 3788 3622 3857 τῆς
3648 3784 3750 3852 σῆς

2173 3889 2434 3955 διανοίας,
2488 3889 2583 3945 καὶ
2633 3887 2875 3960 νομίζειν
2911 3886 3053 3960 ὑπὲρ
3098 3884 3198 3957 τῆς
3243 3881 3425 3938 αὐτῶν
3475 3878 3749 3951 σωτηρίας

2175 3982 2399 4055 ἄμεινόν
2427 3999 2487 4036 σε
2523 3980 2900 4054 βουλεύεσθαι.

2248 4163 2457 4235 Μηδεὶς
2504 4160 2773 4231 ἐλπιζέτω
2806 4159 2916 4215 τῶν
2959 4160 3232 4233 τυχὸντων
3262 4093 3546 4229 ὐπέροχῆς
3585 4170 3749 4220 τινος,

495 4263 731 4316 assecuti
768 4270 918 4330 sunt,
956 4263 1002 4318 si
1036 4263 1382 4320 vehementer
1406 4266 1680 4337 peccarit,
1709 4274 1889 4335 speret
1915 4280 1974 4321 se
2001 4266 2065 4321 ad

2196 4259 2246 4313 ιν
2277 4258 2632 4331 ἐξαμαρτάνῃ
2662 4254 2895 4327 μεγάλα,
2923 4253 3188 4326 λήσεσθαι
3231 4251 3320 4306 διά
3349 4250 3539 4314 τέλους
3565 4250 3752 4305 ἀνεπι-

496 4360 805 4411 extremum
837 4355 955 4410 sine
987 4356 1416 4425 reprehensione
1444 4356 1617 4416 latere
1639 4372 1823 4428 posse.
1856 4356 2065 4413 Etenim

2196 4352 2429 4424 ιίμητος.
2460 4351 2572 4406 Καὶ
2590 4348 2701 4421 γάρ
2729 4347 2796 4403 ἂν
2820 4351 2877 4405 ὲν
2904 4348 2983 4416 τῷ
3013 4346 3135 4402 καθ’
3164 4345 3354 4402 ἑαυτὸν
3378 4343 3482 4415 βίῳ
3512 4341 3754 4412 διαφύγῃ

496 4447 544 4505 si
570 4448 624 4501 in
648 4447 881 4503 vita.sua
913 4444 1168 4516 effugerit
1197 4446 1676 4520 reprehensionem
1696 4447 2068 4515 etiniamiam,

2176 4443 2269 4498 τδν
2301 4445 2408 4498 ἀπὸ
2435 4443 2534 4513 τῆς
2584 4443 2957 4514 ἐπιτιμήσεως
2995 4440 3172 4510 λόγον,
3220 4438 3447 4508 ⁸ἴδοι-ερον
3479 4436 3631 4509 ἥξειν
3658 4433 3751 4490 ἐπ’

498 4543 624 4605 post
647 4544 827 4592 tamen
852 4536 1215 4605 exspectanda
1240 4538 1289 4593 ei
1313 4547 1396 4593 est
1422 4538 1624 4593 veritas
1646 4550 1772 4593 cum
1798 4538 2065 4608 libertate,

2196 4538 2341 4591 ιύτδν
2371 4535 2762 4607 προσδέχεσθαι
2811 4533 2910 4606 τὴν
2944 4532 3206 4606 ἀλήθειαν
3242 4531 3384 4603 μετὰ
3435 4527 3751 4602 παρρησίας

499 4643 625 4700 quae
651 4627 870 4686 occulta
900 4628 1029 4684 olim
1064 4627 1287 4685 silentio
1319 4629 1658 4701 praedicabit.

570 4721 770 4790 Regem
794 4721 930 4775 bene
962 4717 1272 4790 fungentem
1301 4733 1403 4776 suo
1434 4735 1661 4776 munere
1690 4721 1845 4778 decet
1868 4719 2077 4791 justum

502 4819 561 4869 et
581 4810 1088 4883 magnanimum‘et
1142 4811 1420 4868 sincerum
1460 4804 1839 4869 et'iiberalem
1885 4810 1941 4867 in
1975 4809 2083 4869 lar-

506 4903 705 4975 giendo
730 4918 875 4969 esse,
907 4919 971 4961 ac
999 4903 1192 4975 quavis
1218 4903 1515 4975 cupiditate
1546 4904 1845 4974 majorem;
1877 4901 2084 4976 sup'pli-

508 4996 592 5051 cia
626 4995 832 5052 leviora
864 4996 1088 5062 delicto,
1120 4982 1351 5066 gratiam
1398 5004 1578 5052 autem
1618 4996 1885 5052 beneﬁcio
1913 4990 2086 5065 majoJ

509 5101 625 5143 rent
657 5088 881 5154 referre,
920 5087 1080 5161 130
1112 5096 1222 5144 tum
1262 5089 1528 5161 subjectis
1556 5097 1669 5144 tum
1702 5089 1915 5145 amicis.

520 5180 527 5185 “
582 5174 775 5235 Nullus
804 5176 1054 5250 princep’s
1088 5176 1303 5253 longius
1331 5181 1398 5247 ,ιιι
1443 5181 1571 5237 vitia
1601 5180 1936 5253 provehitur,
1977 5179 2082 5237 nisi

513 5269 870 5343 cupiditatum
906 5262 1193 5329 ministros
1231 5273 1448 5329 habent.

522 5366 529 5369 '
586 5358 1063 5435 Agathonis'."l'ria
1098 5365 1413 5422 meminisse
1457 5365 1613 5422 decet
1669 5365 2083 5438 magistratum:

2181 4631 2556 4704 κηρύττουσαν
2584 4627 2653 4682 τὰ
2697 4628 2865 4683 πάλαι
2896 4627 3250 4697 σιωπώμενα.

2256 4723 2348 4776 Δεῖ
2384 4721 2475 4776 τδν
2506 4719 2689 4784 καλῶς
2743 4719 3095 4792 βασιλεύοντα
3143 4716 3353 4771 δίκαιον
3400 4715 3496 4772 καὶ
3528 4713 3760 4786 μεγαλό-

2181 4816 2374 4892 ψυχον,
2410 4817 2509 4873 καὶ
2544 4815 2721 4886 ἁληθῆ
2757 4815 2851 4869 καὶ
2885 4811 3238 4884 μεταδοτικὺν
3263 4806 3425 4873 εἶναι.
3454 4811 3550 4866 καὶ
3580 4809 3761 4876 πάσης

2185 4908 2484 4979 ἐπιθυμίας
2510 4906 2797 4979 κρείττονα
2819 4922 2835 4941 ο
2857 4905 3071 4970 καὶτὰς
3100 4905 3196 4974 μὲν
3214 4905 3484 4975 τιμωρίας
3510 4903 3763 4965 ἐλάττους

2188 5002 2290 5066 τῆς
2320 5000 2501 5066 ἀξίας,
2533 4999 2631 5065 τὰς
2658 5000 2715 5057 δὲ
2757 5000 2987 5071 χάριτας
3048 4999 3267 5071 μείζους
3293 4997 3396 5067 τῆς
3438 4995 3764 5068 εὐεργεσίας

2188 5094 2499 5151 ἀποδιδόναι
2531 5096 2642 5154 τοῖς
2688 5090 2952 5166 ὑπηκόοις
2979 5095 3078 5151 καὶ
3109 5093 3306 5162 φίλοις.

2261 5184 2450 5250 Οὐδεὶς
2502 5184 2595 5238 ἐπὶ
2650 5182 2837 5237 πλεῖον
2885 5182 3084 5246 κακίας
3135 5180 3421 5252 προϐαίνει
3472 5179 3766 5250 δυνάστης,

2188 5275 2286 5333 εὰν
2319 5275 2393 5348 μὴ
2424 5274 2548 5342 τοὺς
2580 5275 3028 5348 ὑπηρετήσοντας
3054 5275 3157 5349 ἔχῃ
3184 5275 3306 5340 ταῖς
3335 5272 3675 5346 ἐπιθυμίαις.

2268 5366 2374 5424 Τδν
2403 5368 2640 5440 ἄρχοντα
2685 5367 2856 5441 τριῶν
2884 5368 2968 5423 δεῖ
3021 5368 3356 5439 μεμνῆσθαι,
3387 5366 3605 5439 πρῶτον
3635 5367 3769 5436 μιν,

2188 5457 2272 5532 ὅτι
2322 5457 2626 5530 ἀνθρώπων
2674 5458 2870 5531 ἄρχει·
2914 5460 3188 5529 δεύτερον,
3246 5458 3329 5513 ὅτι
3360 5459 3507 5513 κατὰ
3566 5458 3783 5531 νόμους

2192 5549 2388 5625 ἄρχει·
2419 5551 2621 5643 τρίτον,
2654 5552 2737 5607 ὅτι
2771 5551 2872 5608 οὐκ
2903 5553 2990 5606 ἀεὶ
3030 5552 3209 5623 ἄρχει.

516 5457 751 5527 primum
781 5470 841 5510 se
876 5455 1192 5535 hominibus
1237 5457 1552 5529 imperare;
1584 5456 1810 5512 alterum
1857 5473 1924 5512 ex
1953 5444 2090 5528 legi2

519 5551 618 5604 bus
654 5536 968 5620 imperare;
1000 5546 1245 5616 tertium,
1292 5563 1351 5606 se
1384 5565 1491 5607 non
1533 5562 1750 5621 semper
1794 5550 2089 5621 imperatu-

522 5654 640 5695 rum
672 5642 816 5698 esse.
908 5648 927 5653 "

593 5731 861 5803 Antigoni.
890 5734 1196 5806 Antigonus
1238 5750 1331 5790 rex
1384 5732 1602 5791 cuidam
1627 5733 1756 5789 anui
1785 5749 1845 5791 se
1871 5733 2090 5791 beatum

2272 5733 2577 5803 Ἀντίγονος
2616 5732 2646 5787 ὁ
2679 5732 2937 5804 βασιλεὺς
2986 5732 3121 5804 πρός
3168 5748 3294 5787 τινα
3352 5730 3789 5812 μακαρίζουσιν(⁵

525 5812 953 5897 ρτωύὶρεηιὶίέί
989 5826 1182 5893 scires,
1231 5825 1428 5897 inquit,
1461 5840 1493 5882 ο
1524 5836 1719 5892 mater,
1754 5840 1915 5896 quam
1954 5826 2091 5882 mul-

2194 5826 2356 5884 αὐτον
2380 5794 2579 5897 γραῦνς
2614 5794 2878 5899 Είῇδεις,
2915 5794 3054 5897 ἐφηξ
3175 5794 3371 5894 pisse;
3413 5794 3558 5881 ὅσων
