3992 6252
464 335 609 414 1015

1751 336 2076 410 ΑΝΤΟΝΠ
2112 349 2460 411 MELISS/E

3581 337 3714 404 1010

459 442 723 519 Dominus
783 458 1005 536 familia
1069 474 1203 526 suae,
1244 466 1303 514 ut
1339 465 1440 515 suo
1487 451 1736 528 tempore
1787 458 1878 516 det
1932 459 2030 515 illis

2145 460 2444 533 θεραπείας
2489 458 2683 526 αὑτοῦ,
2715 457 2811 514 τοῦ
2839 457 3023 512 δοῦναι
3073 454 3134 508 εν
3175 449 3356 524 καιρῷ
3388 451 3452 505 τὸ
3495 451 3712 522 σιτομέ-

455 553 774 610 demeusum
809 553 833 608 τ
868 551 1067 608 Beatus
1093 554 1288 606 servus
1317 548 1428 619 lile’,
1462 556 1624 622 quem
1669 554 1794 608 cum
1826 553 2035 608 venerit

452 645 719 701 Dominus
750 645 892 716 ejus,
924 643 1192 698 invenerit
1253 643 1334 700 sic
1385 640 1695 701 facientem.
1743 642 1882 700 Vere
1907 644 2034 700 dico

451 737 631 802 vobis,
673 750 795 790 eum
833 734 1092 789 omnibus
1119 734 1280 790 bonis
1319 739 1437 791 suis
1463 734 1745 804 praeﬁciet.

519 826 682 906 doan.
707 840 829 906 και..
843 824 986 882 Dixit
1005 825 1263 882 Dominus
1287 825 1490 906 Petro:
1515 815 1728 906 Simon,
1756 827 1829 884 ﬁli
1859 826 2033 894 lente,

452 903 631 987 diligis
663 933 748 973 me
775 897 896 988 plus
929 934 1090 988 (luam
1134 918 1234 972 hi?
1270 902 1471 986 Etiam,
1535 904 1732 992 inquit,
1778 920 2025 975 Domine.

449 995 591 1064 Tum
633 1010 754 1066 ille:
791 1009 979 1076 Pasce,
1023 1009 1222 1079 inquit,
1276 1025 1449 1082 agnos
1506 1028 1680 1068 meos.
1715 1001 1863 1068 Dixit
1897 999 2030 1068 illud

451 1095 645 1158 iicrum
674 1118 687 1155 :
729 1093 942 1169 Simon,
977 1093 1052 1156 fili
1084 1101 1256 1169 lunae,
1292 1119 1448 1159 amas
1473 1120 1556 1160 me
1586 1107 1610 1160 ?

508 1195 691 1248 Actor.
711 1210 802 1249 xx.
840 1193 1128 1248 Testiiicor
1149 1195 1305 1249 vobis
1331 1197 1558 1265 posthac
1580 1211 1667 1252 me
1691 1195 1810 1252 fore
1833 1211 2030 1267 purum

450 1285 733 1354 sanguinis
768 1292 821 1338 et
856 1284 1064 1353 peccati
1098 1285 1348 1338 omnium
1397 1295 1660 1352 vestrum,
1720 1303 1826 1342 non
1885 1287 2030 1342 enim

461 1377 762 1446 quidquam
814 1375 1006 1452 celari,
1031 1376 1163 1446 quin
1194 1376 1352 1432 vobis
1389 1383 1560 1431 totum
1590 1376 1690 1434 Dei
1737 1378 2028 1434 consilium

449 1466 830 1520 enuntiarem.
877 1465 1181 1535 Prospicite
1211 1466 1372 1537 igitur
1403 1467 1555 1524 vobis
1585 1477 1641 1524 et
1691 1470 1794 1524 toti
1853 1469 2028 1544 gregi,

451 1558 606 1626 cuius
630 1573 727 1613 vos
790 1557 1030 1627 Spiritus
1079 1568 1304 1616 sanctus
1349 1547 1530 1616 eli'ecit
1589 1561 1900 1634 episcopos,
1973 1573 2032 1617 ut

450 1634 754 1704 Ecclesiam
789 1651 1278 1720 Dominipascatis,
1311 1660 1475 1724 quam
1511 1668 1612 1709 suo
1639 1655 1743 1710 sibi
1764 1655 2033 1728 sanguine

454 1744 773 1814 acquisivit.

2135 570 2323 623 τριον;
2354 552 2641 624 Μακάριος
2660 553 2690 606 ό
2710 536 2895 614 δοῦλος
2923 549 3151 614 ἐκεῖνος,
3177 545 3237 602 δν
3265 544 3438 601 ἐλθὼν
3460 545 3490 600 ό
3510 545 3710 617 Κύριος

2135 647 2301 702 αὐτοῦ
2336 646 2564 718 εὑρήσει
2585 644 2844 698 ποιοῦντα
2870 641 3062 706 οὕτως.
3113 638 3359 710 Ἀληθῶς
3382 637 3531 708 λέγω
3561 639 3708 709 ὑμῖν,

2133 737 2214 792 ὅτι
2238 738 2328 792 ἐπὶ
2348 738 2482 791 πᾶσι
2499 737 2612 800 τοῖς
2629 735 2965 806 ὑπάρχουσιν
2989 731 3151 788 αὐτοῦ
3172 729 3504 799 καταστήσει
3527 729 3706 784 αὖτόν.

2205 824 2425 884 Εἷπενό
2454 828 2656 900 Κύριος
2713 825 2791 898 τῷ
2847 826 3073 898 Πέτρῳο
3124 823 3306 893 Σίμων
3343 820 3526 884 Ἴωνα,
3579 819 3708 888 ἀγα-

2133 922 2246 990 πᾷς
2305 937 2376 992 με
2411 919 2576 973 πλέον
2636 918 2882 985 τούτων;
2942 917 3106 986 Λέγει
3135 915 3304 985 αὐτῷ,
3340 913 3488 982 Ναὶ,
3517 913 3706 984 Κύριε.

2132 1015 2298 1084 Λέγει
2331 1013 2504 1083 αύτῷ,
2533 1011 2704 1066 Βόσκε
2729 1011 2797 1066 τά
2830 1011 2992 1082 ἀρνία
3021 1026 3143 1081 μου.
3177 997 3338 1078 Λέγει
3366 1007 3518 1077 αὐτῷ
3551 1002 3708 1058 πάλιν

2131 1109 2192 1162 τὸ
2220 1107 2470 1178 δεύτερον
2489 1122 2505 1137 ο
2533 1105 2718 1176 Σίμων
2757 1097 2930 1168 Ἰωνᾶ,
2967 1101 3144 1170 φιλεῖς
3173 1103 3278 1169 μεξ

2201 1198 2292 1251 Διὸ
2323 1194 2675 1267 μαρτύρομαι
2730 1189 2860 1264 ὑμῖν
2908 1194 2966 1247 ἐν
2998 1193 3066 1262 τῇ
3115 1191 3356 1260 σήμερον
3385 1187 3597 1260 ἡμέρᾳ,
3627 1186 3705 1242 ὅτι

2133 1290 2371 1361 καθαρός
2396 1292 2515 1359 εἰμι
2573 1289 2682 1343 ἀπὸ
2737 1285 2834 1340 τοῦ
2867 1286 3101 1356 αἵματος
3157 1284 3378 1337 πάντων
3408 1281 3586 1350 ὑμῶν.
3635 1279 3706 1335 Οὐ

2133 1383 2241 1453 γάρ
2275 1379 2679 1452 ὑπεστειλάμην
2728 1378 2825 1432 τοῦ
2879 1377 2956 1449 μὴ
2985 1375 3310 1446 ἀναγγεῖλαι
3359 1375 3494 1444 ὑμῖν
3527 1373 3704 1426 πᾶσαν

2133 1478 2231 1550 τὴν
2263 1477 2458 1548 βουλὴν
2506 1475 2601 1530 τοῦ
2634 1473 2794 1530 Θεοῦ.
2859 1474 3164 1544 Προσέχετε
3214 1466 3308 1525 οὖν
3357 1470 3572 1531 ἑαυτοῖς
3618 1467 3704 1519 καὶ

2135 1569 2304 1622 παντὶ
2332 1567 2409 1639 τῷ
2448 1567 2710 1636 ποιμνίῳ,
2759 1565 2819 1618 ὲν
2857 1557 2900 1632 ᾧ
2933 1564 3076 1633 ὑμᾶς
3112 1563 3173 1614 τὸ
3202 1558 3430 1630 Πνεῦμα
3466 1560 3528 1611 τὸ
3558 1559 3705 1626 ἅγιόν

2135 1659 2291 1714 ἔθετο
2339 1659 2670 1720 ἐπισκόπους
2721 1657 3032 1727 ποιμαίνειν
3083 1654 3183 1724 τὴν
3217 1651 3552 1723 Ἐκκλησίαν
3615 1649 3706 1704 τοῦ

2132 1753 2363 1822 Κυρίου,
2399 1751 2470 1822 ἦν
2502 1751 2930 1821 περιεποιήσατο
2959 1745 3049 1801 διὰ
3076 1747 3170 1800 τοῦ
3204 1746 3337 1800 ἰδίου
3366 1745 3626 1813 αἵματος.

525 1835 574 1889 Ι.
610 1837 741 1891 Tim.
770 1852 852 1890 ιιι.
886 1837 940 1891 Si
998 1837 1122 1907 quis
1177 1837 1420 1909 episcopi
1471 1838 1711 1896 ofﬁcium
1781 1840 2012 1910 appetit,

2151 1874 2154 1877 -
2206 1814 2276 1897 liii
2297 1814 2378 1906 τις
2414 1814 2721 1910 ἐπισκοπῆς
2746 1814 3020 1910 ὀρέγεται,
3047 1835 3213 1891 καλοῦ
3239 1835 3403 1908 ἔργου
3427 1831 3703 1902 ἐπιθυμεῖ.

447 1928 738 1982 honestum
773 1942 972 1983 munus
1003 1929 1364 1999 concupiscit.
1393 1928 1618 2000 Oportet
1639 1931 1804 2002 igitur
1821 1933 2036 2001 episco-

445 2017 576 2090 pum
608 2020 770 2072 talem
798 2020 1046 2088 esse,qni
1073 2020 1392 2090 reprehendi
1426 2037 1534 2076 non
1570 2023 1760 2092 possit,
1793 2024 2031 2080 sobrium

448 2121 507 2164 et
541 2111 878 2179 vigilantem,
912 2112 1280 2186 moderatum,
1315 2112 1591 2184 hospitum
1621 2114 1946 2177 studiosum,
1967 2115 2034 2169 ad

450 2191 758 2257 docendum
792 2211 1000 2272 aptum,
1024 2217 1134 2257 non
1157 2204 1524 2271 vinolentum,
1558 2217 1666 2260 non
1736 2205 2032 2260 violentum

450 2303 504 2349 et
535 2293 884 2364 iniuriosum.
913 2295 1006 2349 sed
1053 2285 1376 2352 clementem
1409 2304 1462 2352 et
1516 2298 1583 2353 de
1646 2313 1750 2354 suo
1783 2298 1906 2367 jure
1947 2313 2034 2354 cc-

450 2387 696 2454 dentcm,
732 2401 840 2440 non
872 2398 1199 2458 pugnacem,
1235 2402 1264 2441 a
1298 2389 1483 2445 studio
1509 2391 1755 2460 pecunia:
1772 2388 2032 2456 alienum,

449 2475 652 2548 quique
675 2477 860 2533 domui
901 2493 1017 2534 sua:
1059 2477 1218 2549 135
1264 2479 1400 2535 bene
1425 2481 1630 2551 praesit.
1663 2479 1720 2536 Si
1751 2481 1870 2552 quis
1886 2481 2033 2536 enim

448 2569 632 2622 domui
656 2582 767 2622 suae
819 2582 1052 2638 praeesse
1086 2571 1280 2635 nescit,
1324 2584 1434 2640 quo
1467 2569 1684 2625 tandem
1715 2570 1876 2625 modo
1928 2570 2030 2624 Ec-

448 2660 629 2715 etesiae
672 2659 766 2714 Dei
799 2673 984 2714 curam
1029 2659 1220 2730 geret?
1245 2675 1352 2715 non
1389 2661 1682 2728 novitium,
1709 2677 1777 2716 ne
1811 2658 2035 2716 inﬂatus

449 2759 505 2813 in
539 2753 946 2808 damnationem
977 2751 1200 2808 incidat.
1257 2752 1432 2807 Etiam
1461 2761 1677 2824 oportet
1716 2767 1839 2808 eum
1867 2751 2037 2808 hone-

447 2855 590 2900 stunt
649 2845 1022 2900 testimonium
1069 2845 1136 2900 ab
1188 2847 1432 2901 externis
1478 2845 1701 2910 habere,
1733 2855 1792 2900 ut
1847 2858 1918 2902 ne
1950 2844 2027 2915 .in

446 2939 643 3008 probra
676 2947 730 2990 et
767 2936 1022 3005 laqueum
1053 2936 1463 2990 calumniatoris
1492 2935 1718 2992 incidat.

520 3027 548 3081 1
584 3027 723 3080 Tim.
753 3042 804 3079 v.
843 3024 1035 3080 Manus
1077 3027 1184 3080 cito
1216 3025 1420 3081 nemini
1453 3024 1736 3095 imponito,
1774 3039 1873 3082 nec
1902 3025 2035 3083 alie-

2135 1943 2228 1994 Δεῖ
2243 1933 2335 1994 οὖν
2364 1938 2456 1992 τδν
2487 1937 2789 1990 ἐπίσκοπον
2821 1933 3191 2004 ἀνεπίληπτον
3243 1926 3409 1996 εἷναι,
3450 1928 3580 1999 μιᾶς
3609 1940 3704 1994 γυ-

2135 2033 2320 2096 ναικὸς
2359 2031 2551 2103 ἀνδρα,
2575 2029 2858 2101 νηφάλιον,
2894 2027 3174 2096 σώφρονα,
3212 2023 3465 2093 κόσμιον,
3496 2017 3706 2090 φιλόξε-

2137 2143 2248 2191 νον,
2280 2124 2612 2187 διδακτικὸν,
2645 2122 2721 2192 μὴ
2769 2121 3050 2190 πάροινον,
3087 2119 3162 2187 μὴ
3199 2115 3472 2185 πλήκτην,
3507 2112 3582 2182 μὴ
3628 2109 3708 2163 al-

2138 2217 2460 2290 σχροκερδῆ,
2483 2210 2596 2270 ἀλλ’
2634 2213 2884 2283 ἐπιεικῆ,
2914 2213 3152 2283 ἄμαχον,
3183 2207 3585 2278 ἀφιλάργυρον,
3615 2201 3706 2256 τοῦ

2139 2310 2270 2362 ἰδίου
2322 2303 2474 2362 ιτκου
2530 2305 2710 2369 καλῶς
2762 2304 3186 2376 προϊστάμενον,
3215 2301 3376 2354 τέκνα
3411 2297 3606 2367 ἔχοντα
3652 2294 3707 2349 έν

2137 2403 2388 2473 ὑποταγῇ
2432 2400 2572 2470 μετά
2617 2399 2801 2468 πάσης
2841 2395 3194 2466 σεμνότητος.
3252 2391 3314 2445 Εἰ
3360 2391 3473 2462 γάρ
3495 2404 3581 2452 τις
3614 2383 3705 2440 τοῦ

2140 2496 2271 2550 ἰδίου
2301 2495 2450 2548 οῐκου
2472 2493 2778 2563 προστῆναι
2800 2489 2900 2543 οὐκ
2918 2473 3050 2554 οἶδε,
3074 2486 3190 2548 πῶς
3223 2482 3550 2552 Ἐκκλησία,
3575 2477 3705 2533 Θεοῦ

2137 2587 2575 2658 επιμελήσεταις
2626 2584 2702 2655 μὴ
2737 2582 3021 2652 νεόφυτον,
3071 2581 3162 2634 ἵνα
3192 2579 3270 2649 μὴ
3305 2574 3586 2645 τυφωθεὶς
3633 2573 3707 2636 είς

2138 2681 2314 2748 κρῖμα
2343 2679 2577 2748 ἐμπέσῃ.
2616 2679 2708 2730 Δεῖ
2745 2675 2801 2729 δὲ
2851 2675 3020 2757 αὐτὸν
3045 2670 3141 2726 καὶ
3177 2668 3490 2741 μαρτυρίαν
3543 2665 3709 2735 καλὴν

2138 2769 2282 2840 ἔχειν
2323 2769 2433 2824 ἀπὸ
2467 2768 2578 2822 τῶν
2616 2766 2840 2833 ἔξωθεν,
2878 2766 2964 2821 ἵνα
2998 2765 3074 2836 μὴ
3118 2764 3200 2828 εἰς
3233 2758 3579 2832 ὀνειδισμοὺς
3614 2759 3706 2828 ὲμδ

2141 2863 2285 2932 πέσῃ
2314 2862 2411 2916 καλ⁸
2442 2858 2648 2930 παγίδα
2669 2857 2765 2913 τοῦ
2800 2857 3074 2912 διαϐόλου.

2207 3010 2414 3089 Χεῖρας
2459 3019 2673 3088 ταχέως
2719 3016 2910 3088 μηδενί
2966 3014 3220 3080 ὶπιτίθει,
3271 3011 3409 3084 μηδὲ
3463 3008 3704 3066 κοινώνει

447 3122 642 3171 norum
677 3119 1024 3184 peccatorum
1058 3114 1333 3184 particeps
1360 3120 1522 3182 esto;
1559 3114 1790 3183 teipsum
1823 3125 2030 3171 castum

2145 3110 2448 3184 ἀλλοτρίαις
2483 3110 2800 3184 ἁμαρτίαις.
2831 3109 3068 3164 Σεαυτδν
3099 3108 3262 3178 ἁγνὸν
3296 3105 3478 3177 τήρει.

447 3214 684 3262 servato.

519 3296 628 3352 Tit.
654 3313 692 3352 ι.
731 3278 973 3368 Ορονιεί
999 3296 1314 3366 cpisc0puin
1350 3295 1512 3350 talem
1539 3309 1686 3361 esse,
1726 3298 1822 3366 qui
1855 3313 2030 3368 neque

445 3389 722 3459 redargui,
748 3401 924 3456 neque
953 3385 1205 3440 convinci
1247 3390 1444 3450 possit,
1513 3396 1773 3456 tanquam
1823 3384 2028 3442 Christi

446 3482 903 3549 dispensatorem,
963 3491 1073 3532 non
1123 3477 1481 3547 pertinacem,
1533 3492 1640 3530 non
1675 3477 2026 3545 iracundum,

450 3587 563 3626 non
600 3572 952 3640 iniuriosum,
985 3583 1093 3624 non
1123 3570 1300 3638 turpis
1369 3567 1508 3622 lucri
1572 3569 1854 3638 cupidum,
1921 3570 2018 3625 sed

451 3664 736 3733 hospitum
765 3672 819 3717 et
849 3662 1269 3732 peregrinorum
1300 3659 1633 3728 studiosum,
1685 3660 1946 3716 bonitatis
1978 3669 2033 3717 ct

447 3752 1056 3826 probitatisamantem,
1076 3758 1488 3820 temperantem,
1501 3750 1732 3820 justum,
1754 3762 2030 3820 sanctum,

448 3845 835 3910 tontincntem,
862 3843 1230 3899 adhaerentem
1261 3840 1432 3922 ‘ﬁdeli
1464 3843 1728 3899 doctrina:
1764 3846 2028 3912 sermoni,

449 3947 511 3991 ut
539 3947 591 3992 et
625 3937 798 4007 possit
822 3951 956 3992 sana
984 3936 1236 3990 doetrina
1274 3933 1580 4005 exhortari,
1635 3944 1691 3992 et
1743 3937 2029 3993 contradi-

451 4037 643 4082 centes
677 4026 1101 4094 reprehendere.
1767 4044 1776 4050 '

523 4113 553 4169 1
574 4114 722 4169 Patr.
741 4132 792 4171 ν.
811 4115 1022 4171 Pascite
1043 4131 1167 4171 eum
1186 4117 1548 4189 cui:praeestis
1563 4118 1768 4175 Christi
1785 4132 2030 4192 gregem,

446 4223 555 4263 non
586 4208 781 4271 coacti,
811 4209 910 4263 sed
939 4209 1201 4273 volentes,
1241 4226 1352 4266 non
1377 4215 1570 4279 aVare,
1599 4216 1693 4270 sed
1723 4217 1982 4272 alacriter
2007 4258 2024 4286 ,

445 4304 626 4367 neque
661 4308 918 4368 tanquam
944 4300 1287 4356 dominantes
1321 4303 1376 4356 in
1404 4315 1630 4367 sortem,
1687 4306 1782 4360 sed
1848 4317 2029 4365 estote

445 4390 724 4459 exemplar
745 4388 944 4459 gregis,
1005 4398 1217 4446 etcum
1273 4395 1512 4462 prodibit
1563 4407 1844 4465 pastorum
1875 4401 2029 4469 prin-

2207 3290 2298 3344 Δεῖ
2322 3293 2415 3345 τὸν
2444 3291 2744 3346 ἐπίσκοπον
2783 3291 3125 3361 ἀνέγκλητον
3155 3283 3320 3358 εἶναι,
3357 3289 3434 3354 ὡς
3466 3288 3707 3358 Χριστοῦ

2135 3384 2441 3453 οἰκονόμον,
2502 3384 2580 3453 μὴ
2625 3383 2857 3454 αὐθάδη.
2895 3385 2972 3454 μὴ
3009 3381 3251 3452 ὀργίλον,
3289 3382 3368 3453 μὴ
3423 3384 3705 3454 πάροινον,

2140 3479 2216 3545 μὴ
2235 3477 2506 3547 πλήκτην,
2539 3477 2614 3547 μὴ
2646 3476 3034 3546 αἰσχροκερδῆ,
3067 3475 3207 3528 ἀλλὰ
3231 3474 3535 3546 φιλόξενον,
3560 3473 3709 3543 φῖλαι

2137 3568 2328 3636 γαθον,
2381 3567 2660 3637 σώφρονα,
2694 3567 2931 3632 δίκαιον,
2978 3567 3151 3631 ὅσιον,
3181 3565 3454 3636 ἐγκρατῆ,
3488 3565 3709 3636 ἀντεχό-

2142 3675 2307 3731 μενον
2338 3658 2433 3712 τοῦ
2461 3657 2606 3713 κατά
2629 3657 2850 3729 διδαχὴν
2873 3657 3072 3711 πιστοῦ
3099 3658 3284 3727 λόγου,
3314 3658 3403 3710 ἵνα
3431 3659 3528 3712 καὶ
3553 3657 3711 3711 δυνα-

2135 3753 2226 3816 τὸς
2326 3751 2668 3822 παρακαλεῖν
2695 3753 2753 3804 ὲν
2783 3752 2852 3820 τῇ
2891 3751 3215 3822 ὑγιαινούσῃ
3241 3749 3586 3821 διδασκαλίᾳ,
3620 3751 3709 3805 καὶ

2135 3844 2262 3909 τοὺς
2296 3844 2679 3914 ἀντιλέγοντας
2703 3842 2969 3915 ἐλέγχεινι

2207 4114 2534 4186 Ποιμαίνετε
2560 4113 2622 4169 τδ
2647 4115 2706 4170 ὲν
2736 4107 2868 4186 ὑμῖν
2894 4114 3151 4187 ποίμνιον
3189 4113 3285 4170 τοῦ
3325 4112 3595 4188 Χριστοῦ,
3632 4115 3707 4188 μὴ

2135 4207 2516 4275 ἀναγκαστῶς,
2551 4206 2667 4259 ἀλλ’
2695 4206 2984 4272 ἑκουσίως,
3007 4208 3083 4278 μὴ
3109 4208 3544 4279 αἰσχροκερδῶς,
3571 4211 3708 4265 ἀλλά

2135 4301 2454 4372 προθύμως,
2491 4298 2630 4370 μηδὲ
2679 4300 2754 4364 ὡς
2797 4300 3294 4372 κατακυριεύοντες
3324 4303 3435 4355 τῶν
3459 4303 3701 4374 κλήρων,

2135 4394 2251 4448 ἀλλ’
2276 4394 2352 4458 ὡς
2382 4396 2544 4448 τύποι
2572 4394 2855 4464 γενόμενοι
2884 4393 2978 4448 τοῦ
3007 4396 3262 4466 ποιμνίου
3283 4410 3297 4425 °
3331 4395 3428 4449 καὶ
3454 4398 3705 4465 φανέντος

445 4493 598 4550 ceps,
636 4480 913 4551 recipietis
963 4481 1149 4554 gloria:
1207 4499 1490 4557 coronam,
1555 4500 1678 4560 quae
1742 4501 2023 4564 nunquam

2145 4485 2229 4539 τοῦ
2262 4485 2681 4557 ἀρχιποιμὲνος,
2711 4486 3004 4558 κομίσεσθε
3034 4486 3127 4541 τὸν
3179 4489 3558 4559 ἀμαράντινον
3589 4489 3705 4543 στέ-

451 4580 781 4628 ιιιαῖερεδθιιι.

518 4662 743 4734 Ignatii.
773 4663 906 4721 Date
923 4679 1157 4728 operam
1196 4682 1266 4724 ne
1317 4668 1591 4727 resistatis
1633 4672 1917 4746 episcOpo,
1971 4687 2032 4734 ut

447 4755 560 4812 Deo
590 4757 984 4826 subﬁciamini,
1018 4769 1210 4830 etquo
1271 4762 1444 4833 magis
1496 4764 1722 4819 tacitum
1784 4767 2032 4826 videritis

444 4850 780 4918 episcopum,
807 4857 958 4903 tanto
990 4851 1163 4920 magis
1196 4865 1322 4906 eum
1350 4853 1598 4908 metuite.
1622 4854 2032 4930 Quemcunque

446 4945 591 4996 enim
624 4942 790 4996 mittit
823 4942 1218 5012 paterfamilias
1241 4945 1332 5014 qui
1362 4946 1438 5000 rei
1475 4946 1790 5005 domesticae
1823 4955 2031 5022 prwsit,

449 5033 531 5087 sic
562 5031 717 5087 decet
777 5034 1046 5104 excipere;
1080 5044 1138 5090 ut
1163 5049 1286 5090 eum
1346 5037 1522 5107 ipsum
1557 5043 1651 5111 qui
1682 5043 1848 5098 mittit
1885 5059 1898 5098 :
1933 5045 2031 5100 ita-

369 5195 381 5200 -
447 5123 551 5192 Que
580 5125 756 5190 decet,
793 5135 853 5180 ut
871 5128 1187 5197 episcopum
1215 5137 1478 5200 tanquam
1517 5129 1809 5188 Dominum
1839 5135 2021 5206 ipsum

449 5227 791 5286 suspiciaus.

520 5305 582 5364 S.
611 5307 822 5361 Basilii.
871 5310 1184 5366 Auctoritas
1228 5311 1478 5368 docentis
1521 5314 1828 5370 orationem
1869 5317 2031 5374 efﬁcit

454 5401 742 5468 acceptam
775 5411 839 5451 ac
863 5399 1158 5468 discipulos
1193 5401 1370 5456 reddit
1401 5405 1740 5460 attentiores.

520 5578 624 5647 Qui
653 5583 846 5649 praeest
877 5577 996 5633 aliis
1019 5584 1086 5633 ne
1110 5577 1366 5636 eﬂ‘eratur
1399 5581 1685 5653 dignitate,
1714 5599 1782 5640 ne
1814 5586 2026 5642 amittat

452 5663 672 5725 humilis
695 5671 1311 5737 animibeatitudinem,
1377 5684 1473 5728 aut
1517 5675 1632 5746 ipse
1692 5675 1912 5734 inﬂatus
1972 5681 2024 5734 in

451 5757 955 5818 tetidemnationem
992 5763 1193 5820 incidat
1225 5765 1449 5820 diaboli.

1661 5889 1672 5902 ,
1711 5873 1820 5894 *μου

2135 4593 2304 4647 φανον
2335 4577 2433 4647 τῆς
2464 4575 2644 4648 δόξης.

2205 4667 2559 4721 Σπουδάσατε
2597 4667 2674 4739 μὴ
2709 4667 3130 4723 ἀντιτάσσεσθαι
3159 4669 3240 4740 τῷ
3281 4670 3705 4741 ἐπισκόπῳίικια

2131 4753 2231 4828 ἦτε
2261 4758 2381 4829 Θεῷ
2404 4760 2860 4829 ὑποτασσόμενοιι
2893 4756 3002 4815 Καὶ
3032 4762 3158 4814 ὅσον
3193 4761 3424 4832 βλέπετε
3471 4764 3705 4830 σιγῶντα

2133 4851 2224 4905 τὸν
2274 4853 2600 4920 ἐπίσκοπον,
2635 4854 2798 4908 πλέον
2840 4854 3004 4908 αὐτὸν
3031 4853 3310 4924 φοΰεῐσθε.
3363 4854 3555 4910 Πάντα
3603 4855 3706 4927 γὰρ

2133 4942 2194 4998 δν
2225 4945 2483 5016 πέμπειδ
2521 4947 2912 5017 οίκοδεσπότης
2964 4948 3044 5011 εἰς
3079 4948 3218 5002 ἰδίαν
3247 4948 3591 5020 οἰκονομίαν,
3623 4948 3708 5000 οὔ·

2132 5054 2238 5097 τως
2268 5036 2352 5091 δεῖ
2403 5039 2554 5108 ἡμᾶς
2587 5039 2752 5092 αὑτὸν
2810 5039 3086 5110 δέχεσθαι,
3117 5039 3191 5102 ὡς
3226 5040 3394 5095 αὐτὸν
3445 5042 3542 5093 τὸν
3571 5041 3707 5108 πέμ-

2133 5146 2328 5184 ποντα.
2357 5131 2461 5184 Τδν
2487 5128 2582 5185 οὖν
2610 5133 2910 5189 ἐπίσκοπον
2956 5132 3032 5199 ὡς
3055 5133 3219 5188 αὑτὸν
3261 5133 3356 5188 τὸν
3385 5132 3594 5206 Κύριον
3629 5132 3707 5186 δεῖ

2133 5222 2479 5294 προδλέπειν.

2217 5317 2559 5383 Ἀξιοπιστία
2606 5318 2704 5372 τοῦ
2751 5317 3094 5383 διδάσκοντος
3142 5319 3553 5390 εὐπαράδεκτον
3611 5319 3706 5391 μιν

2131 5407 2226 5462 τὸν
2257 5408 2412 5478 λόγον
2443 5409 2758 5480 καθίστησι,
2788 5413 3255 5484 προσεχεστέρους
3286 5413 3344 5468 δὲ
3373 5414 3502 5478 τοὺς
3529 5415 3703 5486 μαθηδ

2129 5501 2458 5569 τευομένσυς
2479 5505 2913 5572 παρασκευάζει.

2207 5591 2312 5642 Τὸν
2381 5594 2701 5660 προεστῶτα
2758 5595 2835 5665 μὴ
2883 5597 3163 5667 ὲπαιρέτω
3215 5597 3276 5650 τδ
3328 5597 3568 5668 ἀξίωμα,
3621 5598 3702 5651 ἵνα

2136 5683 2212 5752 μὴ
2245 5682 2460 5758 ἐκπέσῃ
2485 5683 2579 5738 τοῦ
2611 5689 2964 5761 μακαρισμοῦ
2993 5691 3093 5758 τῆς
3117 5692 3636 5762 ταπεινοφροσύνης,
3668 5687 3698 5758 ἢ

2135 5775 2229 5829 καὶ
2262 5775 2422 5841 αὐτὸς
2452 5777 2723 5850 τυφωθεὶς
2751 5781 2830 5849 εἰς
2863 5782 3035 5856 κρίμα
3065 5783 3284 5856 ἐμπέσῃ
3303 5781 3397 5837 τοῦ
3433 5782 3700 5839 διασόλου.
