3992 6252
158 1201 173 1233 ι

268 305 409 395 ton

1092 326 1258 402 ιοᾰι
1300 332 1746 408 COMMUNES.
1894 340 2091 408 PARS
2121 348 2490 415 II.SERMO
2532 352 2648 417 IlI.

3384 363 3523 431 1018

338 433 401 501 ⁵0
428 463 530 517 την
585 461 773 533 κοινην
803 451 1061 522 φροντίδα
1095 456 1553 525 πεπιστευμένος,
1576 456 1650 522 ὡς
1688 456 1839 527 ὀφεί-

2012 458 2111 515 Cni
2152 477 2282 519 cura
2318 468 2623 525 communis
2671 470 2875 527 credita
2914 478 3019 539 est,
3081 472 3127 531 Is
3149 477 3304 546 quasi
3337 480 3524 537 debeat

253 538 366 593 λων
394 538 552 609 λόγον
581 528 763 597 δοῦναι
800 543 929 616 περὶ
954 536 1185 601 ἑκάστου
1215 548 1324 603 τῶν
1350 550 1823 621 πεπιστευμένων,

253 628 427 692 οὕτως
453 630 769 701 διακείσθω.

322 721 516 785 Οὐδεῖς
576 724 634 777 ὲν
674 724 943 797 ἐπισκοπῇ
984 718 1061 779 ὢν
1112 726 1453 798 ἐγκαλεῖται,
1518 730 1575 786 εί
1600 749 1651 786 τι
1686 735 1830 787 κατά

252 810 581 884 ἀδιαφορίαν
606 815 664 867 ὲν
689 812 767 884 τῷ
791 813 965 885 λαῖκῷ
987 817 1434 892 ἀπαρατηρήτως
1458 820 1719 893 ἔγραψεν.

316 992 468 1064 Δῦτη
502 1011 595 1064 μοι
626 998 881 1065 φαίνεται
910 998 989 1070 τῷ
1012 1000 1126 1054 ὄντι
1150 999 1311 1072 τέχνη
1346 1019 1431 1065 τις
1454 997 1596 1057 εἶναι
1620 1004 1828 1074 τεχνῶν

244 1084 342 1137 καὶ
369 1087 647 1157 ἐπιστήμη
674 1091 1018 1160 ἐπιστημῶν,
1055 1092 1344 1163 ἄνθρωπον
1381 1094 1538 1164 άγὲιν
1566 1096 1628 1149 τὸ
1656 1098 1826 1152 πολυ-

245 1178 598 1248 τροπὼτατον
625 1182 764 1247 ζῶον
795 1186 886 1237 καὶ
917 1186 1336 1241 ποικιλώτατον.

319 1272 535 1344 Ὠσπερ
563 1278 676 1339 τοῖς
719 1277 968 1348 σώμασιν
1014 1280 1075 1332 οὗ
1106 1280 1206 1346 τὴν
1245 1281 1420 1353 αὐτὴν
1472 1282 1827 1353 φαρμακείαν

241 1364 650 1434 προσφέρονται
685 1367 943 1433 ἅπαντες,
971 1370 1122 1425 ἄλλοι
1153 1372 1210 1425 δὲ
1238 1373 1430 1442 ἀλλην,
1466 1370 1500 1447 ἢ
1538 1376 1825 1433 εὐεκτοῦν·

238 1468 334 1519 τες
387 1456 420 1527 ἢ
473 1458 802 1526 κάμνοντες,
866 1458 1010 1516 οὕτω
1059 1460 1152 1518 καὶ
1205 1463 1304 1529 τάς
1351 1467 1530 1538 ψυχὰς
1580 1468 1824 1542 διαφόρῳ

239 1547 388 1619 λόγῳ
438 1550 535 1602 καὶ
590 1552 783 1622 ἀγωγῇ
841 1554 1226 1623 θεραπευτέον.
1285 1557 1579 1630 Μάρτυρες
1610 1561 1668 1615 δὲ
1725 1563 1825 1631 τῆς

241 1638 564 1710 θεραπείας,
600 1636 676 1696 ὧν
706 1646 800 1697 καὶ
827 1647 895 1698 τὰ.
918 1646 1089 1716 πάθη.
1119 1647 1257 1712 Τοὺς
1289 1650 1391 1720 μὲν
1421 1652 1528 1724 γάρ
1556 1652 1712 1721 άγειν
1734 1644 1821 1707 λό-

237 1737 361 1800 γος,
392 1734 441 1787 οἱ
473 1734 529 1787 δὲ
566 1736 922 1806 ρυθμίζονται
972 1741 1438 1810 παραδείγμασιν.
1472 1744 1536 1796 Οἱ
1568 1744 1665 1815 μὲν
1682 1739 1826 1800 δέον-

1942 552 2208 609 rationem
2245 557 2473 614 reddere
2523 559 2593 615 de
2638 552 2866 632 singulis
2915 566 3163 636 creditis,
3192 569 3265 625 ita
3304 570 3526 629 affectus

1952 652 2091 701 esto.

2010 730 2283 810 Theologi.
2333 732 2530 801 Nullus
2572 747 2815 820 episcopi
2873 760 3103 808 munere
3154 752 3384 826 fungens
3434 771 3523 813 re-

1934 831 2309 900 prehenditur,
2351 828 2397 921 si
2439 837 2568 921 quid
2619 841 2671 894 in
2723 843 2887 898 rebits
2939 838 3373 906 immerentibus
3441 850 3520 921 (in

1939 923 2187 1008 oratione
2221 920 2490 1001 p0pulari)
2550 916 2951 989 inconsiderate
3006 939 3305 1008 scripsEt-it.

2014 1001 2141 1072 Hac
2184 1008 2324 1082 mihi
2350 1019 2564 1076 videtur
2606 1038 2728 1079 esse
2781 1042 2870 1080 ars
2920 1001 3176 1097 quaedam
3217 1031 3411 1086 artium
3468 1039 3522 1088 et

1934 1106 2163 1163 scientia
2191 1111 2569 1178 scienti-trum,
2599 1114 2881 1172 hominem
2918 1120 3367 1177 versutissimum
3393 1138 3519 1178 om-

1932 1196 2083 1250 nium
2114 1192 2430 1255 animalium
2457 1208 2519 1257 ac
2542 1194 2776 1262 maxime
2830 1210 3045 1264 varium
3090 1228 3296 1279 regere.

2004 1284 2075 1341 Ut
2110 1292 2434 1358 corporibus
2458 1309 2564 1348 non
2601 1296 2742 1352 idem
2773 1300 3230 1359 medicamentum
3256 1307 3519 1365 adhibent

1932 1390 2145 1447 omnes,
2175 1381 2266 1435 sed
2307 1383 2398 1438 alii
2422 1385 2589 1454 aliud,
2615 1388 2728 1443 sive
2748 1391 2989 1450 Valentvs
3013 1394 3126 1448 sive
3169 1404 3514 1469 mgtotantes,

1932 1471 2011 1525 sic
2041 1481 2094 1526 et
2122 1475 2333 1529 animas
2367 1475 2583 1534 diversa
2614 1482 2828 1536 ratione
2886 1495 2938 1540 et
2965 1485 3311 1545 institutione
3347 1507 3515 1546 cura-

1932 1561 2135 1631 bimus,
2172 1574 2338 1636 atque
2361 1569 2523 1640 huius
2555 1574 2858 1629 curationis
2923 1585 3092 1633 testes
3128 1590 3257 1635 sunt
3308 1584 3399 1652 qui
3460 1594 3516 1640 et

1932 1660 2438 1726 perturbationibus
2480 1665 2644 1739 animi
2697 1666 3038 1723 aﬂiciuntur.
3066 1671 3217 1727 Alios
3243 1676 3388 1728 enim
3414 1674 3515 1729 du-

1932 1747 2009 1803 cit
2046 1752 2245 1819 oratio,
2283 1754 2372 1807 alii
2401 1757 2665 1827 exemplis
2698 1759 2973 1815 ducuntur
3005 1762 3161 1833 135
3221 1774 3276 1818 et
3333 1765 3511 1821 corri-

236 1826 331 1877 ται
357 1824 611 1897 κέντρου,
646 1828 698 1879 oi
739 1827 794 1880 δὲ
822 1828 1065 1898 χαλινοῦ.
1093 1831 1157 1884 οι
1209 1830 1309 1900 μὲν
1352 1831 1459 1902 γάρ
1491 1833 1597 1886 ιίσι
1626 1824 1821 1898 νωθείς

1957 1849 2134 1898 untur
2158 1860 2174 1911 ;
2202 1846 2290 1900 alii
2329 1848 2553 1914 calcari,
2576 1851 2667 1904 alii
2694 1851 2846 1906 freno
2879 1865 3037 1921 egent
3061 1870 3077 1919 ;
3098 1855 3191 1909 alii
3214 1857 3359 1910 enim
3385 1868 3513 1913 sunt

240 1918 336 1970 καὶ
362 1912 678 1987 δυσκίνητοι
706 1920 842 1991 πρὸς
869 1921 929 1973 τὸ
974 1922 1159 1983 καλὸν,
1198 1923 1246 1975 oi
1276 1922 1331 1975 δὲ
1368 1923 1690 1993 θερμότεροι
1722 1923 1817 1978 τοῦ

242 2007 448 2078 μέτρου
476 2008 570 2061 καὶ
598 2007 956 2065 δυσκάθεκτοι
979 2014 1101 2075 ταῖς
1129 2014 1348 2085 ὁρμαῖς,
1375 2016 1628 2085 καθάπερ
1650 2014 1821 2078 πῷλοι

236 2102 480 2167 γενναῖοι
516 2100 705 2170 nepam
761 2101 859 2169 τῆς
913 2102 1117 2171 νύσσης
1166 2104 1401 2168 θέοντες,
1436 2105 1529 2166 οὓς
1579 2107 1822 2176 βελτίους

238 2189 309 2243 ἄν
335 2190 617 2261 ποιήσειεν
649 2191 892 2262 ἐλέγχων
924 2194 1020 2247 καὶ
1045 2196 1369 2252 ἀνακόπτων
1399 2200 1426 2251 ὁ
1458 2199 1641 2268 λόγος.

310 2357 483 2431 Οὗτος
506 2368 633 2439 ὅρος
665 2369 848 2439 πάσης
876 2371 1262 2443 πνευματικῆς
1304 2375 1646 2446 προστασίας
1685 2389 1823 2433 παν-

234 2459 406 2529 ταχοῦ
435 2459 494 2512 τὸ
536 2459 660 2514 καθ’
705 2461 898 2516 ἑαυτὸν
929 2465 1181 2535 παρορᾷν
1211 2468 1349 2537 πρὸς
1400 2470 1461 2520 τὸ
1490 2468 1599 2522 τῶν
1640 2470 1822 2525 άλλων

241 2552 549 2621 συμφέρον.

314 2643 532 2697 Παξδων
566 2644 850 2715 φείδεσθαι
885 2645 1156 2718 πατρικὸς
1188 2648 1377 2716 νόμος.

311 2732 468 2802 Mirr:
501 2734 598 2803 τῆς
620 2735 680 2786 οὐ
714 2733 1009 2805 διδομένης
1034 2736 1286 2804 ιφίεσθαι
1317 2738 1424 2810 χρὴ
1459 2741 1818 2812 προστασίας,

241 2824 385 2894 μήτε
432 2825 769 2880 ἀπωθεῖσθαι
814 2827 913 2898 τὴν
949 2827 1256 2901 διδομένην.
1288 2828 1363 2885 Τὸ
1406 2831 1508 2902 μιν
1536 2833 1645 2905 γάρ
1672 2836 1821 2890 ἐστιν

239 2936 513 3006 θρασέων,
558 2939 620 2991 τὸ
666 2938 722 2992 δὲ
776 2939 1043 3008 ἀπειθῶν,
1099 2941 1194 2997 καὶ
1251 2941 1596 2998 ἀπαιδεύτων
1640 2937 1822 3016 ἀμφό·

237 3042 410 3186 τεεί
428 3121 497 3175 τὰ
534 3120 766 3191 μέγιστα
794 3124 851 3176 ιν
879 3123 1059 3194 χερσὶ,
1087 3126 1183 3178 καὶ
1209 3126 1268 3178 ὲν
1290 3122 1370 3190 οἷς
1396 3126 1458 3180 τὸ
1488 3127 1597 3181 πᾶν
1621 3128 1820 3184 ταλαν-

1928 1940 2128 2003 segnes
2160 1939 2211 1991 et
2238 1936 2535 1995 dimcilitcr
2566 1942 2629 1997 ad
2654 1944 2881 2000 honesta
2938 1946 3259 2015 incitantur,
3293 1948 3383 2002 alii
3413 1964 3512 2005 sua-

1929 2040 2023 2096 pra
2057 2029 2278 2085 modum
2324 2032 2520 2100 calent,
2558 2036 2718 2091 etiam
2758 2038 3180 2106 appetitionibus
3208 2039 3509 2109 effrenatis,

1928 2119 2388 2189 quemadmodum
2423 2128 2674 2196 generosi
2714 2130 2841 2199 equi
2872 2130 3014 2185 ultra
3045 2141 3245 2186 metam
3280 2147 3510 2188 curren-

1928 2216 2033 2274 tes,
2057 2218 2196 2282 quas
2232 2210 2483 2275 meliores
2514 2218 2735 2289 eiiicias,
2765 2221 2810 2278 si
2838 2222 3020 2278 verbis
3048 2225 3411 2295 reprehendas
3445 2240 3511 2283 ac

1928 2306 2077 2359 retro
2106 2305 2372 2364 inhibens.

2002 2394 2100 2453 Hic
2138 2409 2223 2456 est
2251 2404 2517 2459 terminus
2557 2404 2803 2476 cujusvis
2841 2407 3107 2477 spiritalis
3146 2410 3505 2481 praefecturae,

1928 2484 2133 2558 ubique
2164 2503 2263 2545 sua
2300 2492 2570 2563 negligere
2592 2497 2657 2549 ad
2689 2495 2921 2552 aliorum
2951 2500 3263 2557 utilitatem.

2000 2664 2216 2726 Liberis
2247 2686 2470 2740 parcere
2497 2685 2710 2744 patrum
2744 2685 2828 2734 est
2849 2677 2933 2733 lex
2960 2688 3013 2736 et
3038 2682 3402 2740 consuetudo.

1998 2759 2185 2832 Neque
2211 2778 2330 2819 eam
2363 2781 2484 2836 qua:
2517 2782 2623 2822 non
2653 2768 2814 2824 datur
2847 2770 3167 2839 prtel'cctura
3227 2788 3504 2844 appetere,

1936 2868 2109 2924 neque
2128 2868 2246 2910 eam
2277 2871 2397 2926 quae
2445 2858 2604 2914 datur
2654 2861 2943 2930 repudiare
2999 2853 3262 2920 debemus
3294 2906 3309 2921 .
3361 2865 3497 2921 illud

1928 2954 2012 3001 est
2037 2946 2182 3001 enim
2220 2950 2534 3017 audacium,
2569 2950 2675 3007 hoc
2703 2966 2834 3009 vero
2874 2953 3161 3011 rebellium
3206 2966 3262 3011 et
3312 2967 3504 3014 contus

1929 3034 2191 3099 macium,
2222 3045 2515 3110 utrumque
2547 3038 2928 3097 indoctorum.

2003 3129 2106 3196 Qui
2139 3145 2226 3185 res
2252 3131 2517 3187 maximas
2549 3141 2804 3203 tractant,
2823 3137 3026 3208 quique
3044 3152 3223 3195 rerum
3239 3154 3504 3196 summam

235 3212 481 3280 τεύεται,
512 3188 726 3278 τούτοις
749 3188 986 3285 μάλιστα
1019 3188 1370 3288 φροντιστέον
1397 3219 1558 3287 Θεοῦ,
1590 3221 1684 3275 καὶ
1718 3223 1816 3291 τῆς

1957 3230 2115 3275 enent
2175 3231 2229 3277 et
2281 3232 2549 3293 tanquam
2613 3228 2853 3295 pondere
2901 3228 3121 3296 librant,
3175 3232 3210 3285 ii
3270 3231 3507 3288 maxime

234 3303 495 3358 ιντεῦθεν
524 3307 717 3359 ὲπικου
726 3308 776 3376 ρί
783 3324 870 3372 ας.

310 3392 481 3449 Οὐδὲν
536 3396 680 3450 οὕτω
712 3398 889 3453 πείθει
934 3399 1063 3465 τοὺς
1119 3399 1370 3469 πολλοὺς,
1416 3404 1494 3468 ὡς
1544 3403 1746 3476 πρᾶξις
1783 3407 1818 3479 ἠ

238 3485 511 3539 σιωπῶσα
535 3486 884 3557 παραίνεσιν.

311 3579 503 3648 Τροφὴ
540 3583 633 3634 καὶ
656 3578 752 3634 τοῦ
788 3584 1084 3654 τρέφοντός
1114 3586 1263 3640 ἐστιν
1292 3587 1326 3657 ἡ
1358 3583 1579 3655 δίδαξις.

313 3672 572 3743 Τοσούτῳ
616 3673 891 3747 ἀνώτερον
928 3670 1204 3748 βασιλείας
1239 3673 1473 3749 ἕστηκεν
1520 3674 1813 3753 ίὲρωσῦνη,

235 3754 366 3818 ἴσον
405 3765 718 3837 πνεύματος
743 3770 838 3823 καὶ
868 3769 1073 3842 σαρκὸς
1106 3773 1168 3825 τὸ
1196 3772 1384 3843 μέσον.

310 3937 525 4014 Πολλὴν
557 3946 659 4016 μὲν
688 3948 787 4018 τὴν
828 3949 1065 4014 σύνεσιν,
1100 3950 1301 4023 πολλὴν
1327 3948 1385 4005 δὲ
1417 3952 1522 4023 πρὸ
1551 3951 1648 4023 τῆς
1693 3966 1819 4008 owe

233 4033 412 4102 ἐσεως
434 4039 529 4108 τὴν
565 4042 716 4110 παρά
745 4040 837 4095 τοῦ
868 4043 1005 4097 Θεοῦ
1044 4045 1229 4114 χάριν,
1275 4045 1372 4099 καὶ
1398 4046 1615 4115 τρόπων
1664 4044 1820 4117 ὀρθό-

231 4146 400 4195 τητα,
443 4133 534 4184 καὶ
558 4135 909 4207 καθαρότητα
939 4136 1078 4208 βίου,
1102 4137 1198 4191 καὶ
1228 4139 1454 4208 μείζονα
1486 4138 1520 4209 ἢ
1554 4139 1693 4193 κατά
1725 4138 1820 4194 άνὲ

232 4221 461 4294 θρωπον
511 4225 657 4296 ἔχειν
703 4228 785 4281 δεῖ
828 4229 926 4300 τὴν
973 4232 1196 4302 ἀρετὴν,
1223 4230 1317 4286 τὸν
1369 4231 1469 4304 τῆς
1517 4230 1818 4304 ἱερωσύνης

231 4312 641 4384 ἀναδεχόμενον
670 4319 771 4388 τήν
797 4319 1078 4387 φροντίδα.

311 4399 437 4461 Τῶν
466 4408 703 4461 ἀκτίνων
737 4408 918 4465 αὐτῶν
942 4411 1336 4484 καθαρωτέραν
1365 4414 1462 4469 τοῦ
1493 4412 1685 4485 ίερέως
1717 4411 1816 4483 τὴν

228 4494 421 4568 ψυχὴν
458 4491 597 4552 εἰναι
632 4498 732 4552 δεῖ.

308 4589 492 4653 Mica;
539 4589 637 4643 τοῦ
666 4590 805 4645 Θεοῦ
838 4594 932 4647 καὶ
978 4594 1078 4664 τῆς
1106 4590 1216 4648 τῶν
1249 4596 1555 4668 ἀνθρώπων
1598 4599 1817 4671 φύσεως

227 4682 471 4751 ἓὸτηκεν
495 4678 523 4734 ὁ
577 4684 775 4754 ἱερεὺς,
802 4685 898 4748 τάς
941 4686 1151 4738 ἐκεῖθεν
1178 4687 1343 4752 τιμὰς
1373 4689 1631 4759 κατάγων
1679 4691 1817 4764 πρὸς

226 4776 408 4847 ἡμᾶς,
448 4768 542 4828 καὶ
575 4775 672 4837 τὰς
705 4768 842 4847 παρ’
876 4777 1036 4848 ἡμῶν
1089 4779 1373 4849 ἱκετηρίας
1417 4782 1641 4850 ἀνάγων
1673 4783 1813 4839 hcet.

314 4865 525 4935 Πολλῆς
556 4868 655 4935 τῆς
701 4868 757 4921 ὲν
798 4868 878 4939 τῷ
911 4868 1093 4937 λέγειν
1128 4868 1413 4940 δυνάμεως
1441 4873 1599 4942 χρεία
1634 4873 1709 4942 τῷ
1740 4875 1817 4927 ίε-

231 4957 346 5028 ρεϊ.
390 4956 554 5010 Ἀλλά
588 4955 683 5010 καὶ
716 4954 922 5031 σφόδρα
962 4959 1229 5032 ἔμπειρον
1269 4953 1412 5015 εἶναι
1443 4961 1528 5015 δεῖ
1557 4962 1661 5034 τῆς
1703 4963 1821 5018 δια-

228 5045 525 5117 λεκτικῆς.

311 5137 405 5207 Mi)
431 5136 589 5208 ζήτει
639 5138 893 5208 γενέσθαι
919 5140 1134 5213 κριτὴς,
1168 5140 1218 5194 εί
1260 5141 1338 5213 μὴ
1371 5139 1582 5212 ίσχῦεις
1623 5141 1817 5213 ίξᾶραι

228 5226 492 5287 ἀδικίαν.
1392 5295 1401 5313 1

312 5322 408 5392 Μὴ
443 5321 599 5391 ζήτει
631 5321 893 5391 γενέσθαι
918 5321 1262 5387 διδάσκαλος,
1293 5323 1343 5376 εί
1366 5323 1466 5394 τῆς
1512 5326 1606 5379 τοῦ
1636 5324 1820 5396 πρᾶγ.

234 5430 418 5488 ματος
469 5414 673 5487 ἀρετῆς
722 5416 971 5486 ἀπέχεις,
1005 5415 1143 5470 ἀλλά
1193 5417 1484 5488 ἑλκόμενος
1538 5417 1817 5488 ἀποπήδα.

331 5507 713 5561 Ἑπικίνδυνον
735 5507 845 5578 γὰρ
867 5509 959 5562 τὸν
998 5508 1073 5579 μὴ
1099 5508 1187 5563 διά
1220 5510 1315 5564 τοῦ
1355 5508 1661 5581 πρακτικοῦ
1694 5509 1814 5582 βίου

234 5596 554 5667 ἀναχθέντα
582 5597 857 5652 διδάσκειν
898 5598 1228 5669 ἐπιχειρεῖν.

314 5691 381 5745 οἱ
412 5689 514 5759 μὲν
543 5690 648 5759 γάρ
707 5690 855 5744 ἄλλοι
898 5691 1165 5760 μυριάκις
1217 5689 1526 5755 πίπτοντες,
1567 5688 1819 5747 δύνανται

236 5785 434 5855 τυχεῖν
463 5779 823 5855 συγγνώμηςο
859 5783 888 5837 δ
915 5782 970 5837 δὲ
992 5782 1309 5848 διδάσκαλος
1338 5783 1435 5841 ἐὰν
1458 5782 1614 5840 τοῦτο
1648 5785 1817 5857 πάθῃ,

1920 3312 2091 3370 Deum
2111 3328 2307 3369 curare
2335 3323 2390 3370 et
2431 3317 2500 3372 ab
2543 3318 2634 3374 illo
2671 3318 2933 3374 auxilium
2965 3331 3149 3390 petere
3177 3323 3393 3377 debent.

1991 3401 2137 3458 Nihil
2170 3414 2279 3459 tam
2316 3416 2497 3463 movet
2518 3408 2734 3480 vulgus,
2776 3417 2938 3481 atque
2968 3412 3112 3466 actio
3168 3427 3290 3482 quae
3311 3420 3397 3467 est
3418 3421 3504 3468 tae

1920 3496 2027 3549 cita
2070 3495 2399 3555 admonitio.

1994 3587 2326 3643 Alimentum
2362 3589 2527 3645 etiam
2554 3591 2753 3649 alentis
2793 3602 2877 3650 est
2907 3594 3178 3652 doctrina.

1988 3674 2338 3751 S.Cht*ysost.
2380 3672 2558 3737 Tanto
2602 3692 2683 3738 est
2734 3686 2987 3757 superius
3031 3701 3199 3757 regno
3248 3690 3503 3748 sacerdo-

1922 3769 2081 3838 tium,
2110 3780 2368 3842 quantum
2406 3782 2490 3831 est
2540 3773 2683 3831 inter
2714 3776 2968 3845 spiritum
2999 3788 3052 3835 et
3088 3794 3305 3836 carnem
3329 3781 3501 3841 inter-a

1919 3860 2147 3916 vallum.

1989 3951 2108 4007 Non
2144 3953 2322 4009 solum
2346 3953 2721 4024 sagacitatem,
2759 3958 2850 4014 sed
2866 3957 3027 4015 etiam
3052 3970 3211 4016 antea
3236 3978 3493 4034 magnam

1919 4062 1949 4102 a
1974 4044 2087 4101 Deo
2111 4048 2339 4117 gratiam
2381 4048 2611 4119 vitaeque
2643 4066 2825 4106 mores
2869 4063 3047 4109 rectos
3083 4065 3139 4111 et
3171 4072 3363 4126 puros,
3433 4068 3499 4115 ad

1918 4137 2175 4194 virtutem
2210 4138 2504 4194 humanam
2553 4143 2813 4214 majorem
2871 4144 3068 4202 habere
3128 4149 3285 4205 decet
3337 4164 3486 4217 cum,

1918 4228 2015 4300 qui
2046 4230 2337 4286 sacerdotii
2371 4246 2559 4287 curam
2606 4235 2861 4307 suscipit.

1988 4404 2175 4465 Radils
2199 4407 2334 4479 ipsis
2360 4410 2550 4482 purior
2583 4424 2706 4470 esse
2754 4414 2912 4472 debet
2979 4417 3165 4473 anima
3232 4420 3495 4478 sacerdoa
3603 4472 3611 4483 .

1806 4558 1816 4567 ,
1850 4521 1893 4578 D
1922 4496 2015 4555 tis.

1990 4590 2199 4648 Medius
2234 4593 2374 4650 inter
2406 4594 2575 4650 Deum
2607 4605 2662 4652 et
2691 4596 2972 4653 hominum
2994 4609 3246 4656 naturam
3275 4612 3382 4659 stat
3407 4618 3497 4659 sa-

1920 4683 2139 4748 cerdos,
2166 4682 2430 4739 beneﬁcia
2462 4685 2610 4740 illinc
2657 4688 2722 4742 ad
2794 4700 2896 4742 nos
2926 4688 3221 4759 deducens,
3281 4704 3335 4748 ct
3366 4709 3496 4766 sup-

1919 4774 2090 4846 plices
2122 4782 2340 4829 nostras
2382 4775 2779 4844 postulationes
2816 4777 2945 4833 illuc
2982 4780 3316 4839 subduceris.

1994 4865 2184 4937 Magna
2202 4866 2415 4922 dicendi
2450 4869 2706 4925 facultate
2739 4873 3007 4928 sacerdoti
3038 4884 3121 4930 est
3146 4891 3305 4945 opus,
3333 4871 3497 4951 quin-

1919 4956 2081 5012 etiam
2144 4957 2456 5015 dialectices
2481 4960 2635 5016 valde
2668 4963 2904 5033 peritum
2929 4979 3051 5020 esse
3079 4976 3314 5036 oportet.

1989 5135 2159 5193 Ereti.
2195 5152 2290 5194 vtt.
2327 5137 2445 5197 Noli
2477 5142 2590 5199 lieri
2619 5136 2813 5216 iudex,
2848 5146 2894 5202 si
2939 5146 3262 5218 injustitiam
3306 5151 3497 5210 tollere
3576 5188 3585 5192 -

1920 5240 2030 5285 non
2064 5238 2239 5300 potes.

1991 5322 2113 5379 Noli
2149 5339 2269 5381 esse
2288 5325 2501 5395 doctor,
2525 5328 2570 5384 si
2599 5343 2629 5385 a
2666 5329 2744 5386 rei
2784 5330 2984 5389 virtute
3011 5334 3164 5405 abes,
3197 5337 3296 5394 sed
3323 5341 3486 5395 etiam

1921 5415 1970 5473 si
1997 5416 2233 5472 traharis
2265 5419 2496 5474 resilito.

1992 5506 2371 5565 Periculosum
2397 5518 2481 5567 est
2509 5519 2633 5567 ettm
2674 5513 2766 5584 qui
2792 5530 2900 5571 non
2942 5517 3014 5572 sit
3073 5518 3125 5573 in
3154 5532 3339 5574 rerum
3398 5528 3490 5574 at:8

1922 5596 2070 5655 tione
2109 5608 2385 5665 versatus,
2419 5602 2651 5658 docendi
2688 5618 2889 5662 munus
2931 5606 3232 5676 suscipere.

1995 5692 2111 5748 Etsi
2151 5694 2296 5748 enim
2322 5694 2414 5750 alii
2456 5697 2654 5752 millies
2706 5698 2977 5764 labantur,
3049 5704 3278 5767 possunt
3308 5704 3490 5753 tamen

1922 5786 2137 5867 veniam
2177 5789 2471 5860 impetrare
2502 5808 2514 5846 :
2551 5797 2608 5847 at
2640 5790 2832 5849 doctor
2862 5791 2909 5849 si
2938 5791 3079 5847 istud
3135 5789 3184 5847 ci
3209 5790 3491 5864 acciderit,
