1996 3126
253 182 322 215 1019

871 187 1035 221 ANTONII
1056 189 1228 220 MELISSE

1812 194 1823 225 l
1828 194 1881 225 ezu

248 243 321 270 omni
336 243 513 271 excusatione
524 244 658 279 privatur,
676 249 702 272 et
718 249 840 273 extremo
851 244 968 273 adicitur
978 253 1037 281 sup-

1098 248 1183 283 πάσης
1201 249 1387 286 ἀπεστέρηται
1403 249 1562 284 ἀπολογίας,
1579 250 1626 277 καὶ
1641 249 1691 285 τὴν
1705 250 1823 286 ἐσχάτην
1837 251 1879 278 δί-

247 287 343 322 plicio.

283 333 333 367 Qui
343 334 576 362 adversusomnes
584 340 702 371 pugnam
716 339 895 371 suscepturus
911 335 956 369 sit,
973 343 1036 364 eum

248 386 329 407 nosse
339 384 411 406 artes
431 388 526 408 omnes
553 386 670 415 oportet.
797 405 802 410 .

283 425 423 460 Sagacitas
438 432 464 454 et
479 427 658 461 intelligentia
670 432 724 455 non
742 435 773 455 ex
793 433 873 456 aetate
888 428 1036 464 judicanda

246 476 300 504 est,
322 480 372 500 nec
389 474 530 510 presbyter
543 481 558 501 ε
568 474 669 501 canitie
679 475 846 509 probandus,
864 479 913 503 nec
927 475 1036 512 juvenis

246 523 286 545 est
298 520 409 547 omnino
428 521 589 549 arcendusa
607 522 652 549 tali
671 522 835 555 ministerio;
850 523 896 550 sed
914 524 1038 558 neoplty—

248 570 293 594 tus
316 576 323 599 ;
341 575 471 603 magnum
490 573 532 596 est
547 575 636 597 autem
651 570 721 605 quod
738 574 779 598 cst
806 569 876 597 inter
893 575 1038 605 utrumque

246 614 380 641 medium.

283 661 363 696 136
379 661 436 689 Non
451 662 527 690 novit
541 661 629 689 aetatis
645 661 827 689 diﬂ‘erentiam
844 662 1036 690 universorum

244 707 327 740 Deus,
339 709 385 736 sed
401 708 529 743 pietatem
544 708 630 736 solam
643 712 670 735 ct
685 715 774 735 rerum
789 708 943 736 divinarum
963 716 1039 736 amo-

245 761 303 781 rem
319 758 346 782 et
360 754 479 781 studium
498 754 628 788 requirit;
647 758 674 781 at
692 753 715 781 si
734 753 790 781 hazc
818 754 845 781 in
864 753 965 789 juvene
995 761 1038 782 re-

246 800 355 835 pererit,
375 801 447 827 hunc
467 800 560 827 multis
572 800 728 828 senioribus
743 800 895 834 anteponit.

283 846 360 874 Tunc
372 848 489 874 maxime
503 847 658 874 sacerdotes
668 846 771 873 honore
780 845 886 873 allicere
894 846 1035 880 debemus,

245 900 307 920 cum
323 894 404 920 etiam
425 893 583 928 reipublicae
597 893 766 920 venerabiles
782 892 893 921 fuerint.
915 893 943 921 Si
959 893 1031 920 enim

244 939 357 973 quosvis
373 943 484 988 propter
498 944 606 966 natalem
621 939 792 968 venerabiles
826 939 1032 973 existimamus,
1052 928 1072 955 Β

245 987 329 1014 multo
344 987 431 1022 magis
450 991 542 1022 patres
572 987 740 1022 spirituales.

285 1075 437 1102 Sacerdotii
454 1075 585 1109 dignitate
597 1076 724 1110 praeditos
737 1075 781 1103 lex
798 1075 865 1103 deos
892 1075 1016 1102 nominat
1030 1083 1037 1102 :

250 1130 258 1147 ι
278 1121 347 1153 Diis,
368 1121 465 1156 inquit,
485 1130 538 1150 non
556 1121 714 1154 maledicas,
729 1129 779 1151 nec
802 1121 917 1158 principi
945 1121 1037 1157 pepuli

245 1167 297 1193 tui.
312 1176 321 1192 ι

285 1212 378 1239 llonor
394 1213 439 1247 qui
455 1213 573 1240 habetur
585 1213 779 1241 sacerdotibus
798 1213 825 1240 in
842 1214 1035 1241 universorum

245 1258 390 1285 Dominum
407 1260 556 1286 redundat.

279 1304 431 1339 Episcopus
446 1305 546 1332 dicitur
560 1305 593 1332 ab
610 1305 786 1336 ἐπισκοπεῖν,
799 1305 825 1333 id
840 1309 892 1337 est,
908 1313 922 1331 a
939 1312 1037 1340 specu--

243 1350 325 1377 laudo
336 1355 362 1377 et
377 1351 535 1385 spectando,
550 1350 621 1386 quod
638 1352 779 1379 universos
796 1350 963 1385 speculetur.

279 1395 389 1429 Quanto
411 1396 500 1432 major
519 1402 560 1425 εει
574 1397 705 1431 dignitas,
738 1400 812 1424 tanto
841 1397 945 1432 majora
972 1402 1034 1425 sunt

243 1443 378 1478 pericula.

281 1489 408 1523 Episcopi
425 1495 537 1515 munere
549 1488 672 1524 iungenti
686 1496 770 1516 unum
790 1493 895 1515 rectum
914 1489 1035 1517 ofﬁcium

244 1535 286 1562 sui
299 1535 418 1561 muneris
429 1535 496 1561 satis
512 1538 563 1566 est,
581 1540 610 1561 ut
626 1534 653 1561 in
683 1535 782 1561 malum
809 1534 990 1573 subducatur,
1009 1539 1071 1584 etc

245 1587 329 1606 unum
349 1584 489 1614 peceatum
511 1580 576 1607 utin
593 1583 745 1615 gehennam
779 1579 869 1615 ipsum
902 1580 1036 1608 detruda-

245 1629 300 1652 ῑιιι·.

280 1671 309 1698 Si
327 1671 466 1706 contingat
478 1671 635 1706 quempiam
647 1670 690 1697 vel
711 1678 759 1706 per
773 1670 922 1698 amicitiam
935 1671 976 1698 vel
989 1676 1037 1706 pct-

245 1717 329 1745 aliam
346 1724 458 1744 causam
471 1718 505 1745 ab
526 1717 622 1751 aliquo
653 1716 688 1744 ad
722 1717 845 1753 episcopi
876 1718 1036 1752 dignitatem

244 1764 321 1790 evehi
342 1762 496 1798 indignum,
509 1763 631 1790 omnium
648 1770 708 1793 qua
732 1763 766 1790 ab
785 1763 830 1790 illo
852 1767 912 1790 acta
925 1762 1035 1794 fuerint,

245 1811 305 1845 ipse
323 1809 415 1836 reddet
432 1809 565 1836 rationem
579 1818 586 1843 ;
601 1814 664 1836 nam
679 1809 725 1844 qui
742 1808 767 1835 in
789 1815 903 1837 numero
915 1809 1036 1842 privato-

247 1864 307 1883 rum
324 1859 368 1883 est
386 1855 523 1888 incautus,
544 1855 630 1883 multo
644 1856 730 1890 magis
750 1863 812 1883 cum
845 1855 1036 1890 magistratqu

245 1902 373 1936 capessit.
390 1900 496 1929 Etenim
525 1902 615 1930 inanis
641 1902 728 1937 gloria
755 1906 814 1929 tum
848 1901 1037 1929 vehementius

246 1947 361 1980 invadit,
375 1952 403 1976 et
417 1948 592 1983 pecuniarum
606 1949 706 1983 cupido
726 1952 753 1976 et.
769 1948 930 1983 pertinacia,
950 1947 1036 1982 magi-

247 1999 334 2022 stratu
350 1998 511 2030 potestatem
529 1994 668 2029 praebente
683 1998 710 2022 et
732 1993 901 2022 oﬂ‘ensiones
917 1998 945 2021 et
959 1993 1035 2029 inju-

245 2041 301 2067 rias
311 2046 338 2068 et
353 2040 486 2068 convicia.

281 2086 295 2113 1
313 2085 384 2114 Tim.
408 2095 437 2114 ν.
465 2085 571 2119 Manus,
595 2086 681 2121 inquit
700 2086 780 2115 diVus
798 2086 959 2122 Apostolus,
983 2088 1038 2116 cito

248 2132 379 2166 imponito
400 2132 567 2164 neniini,nec
583 2137 758 2167 peccatorum
772 2134 863 2161 socius
877 2138 948 2161 esto.
962 2133 1037 2166 Quid

248 2177 311 2204 ais?
328 2177 399 2205 alius
414 2179 548 2213 peccavit,
563 2182 590 2205 et
608 2186 658 2214 ego
672 2186 733 2206 sum
746 2179 883 2214 particeps
906 2180 1037 2207 crimina.

1089 293 1153 320 δωσι
1167 295 1314 330 τιμωρίαν.

1124 341 1168 366 ΔΞῖ
1180 340 1224 367 τὸν
1242 341 1373 375 μέλλοντα
1396 343 1444 376 τὴν
1475 343 1543 378 πρὸς
1568 343 1673 374 πάντας
1697 343 1880 378 ἀναδέχισῢαι

1090 387 1181 421 μάχην
1196 387 1243 418 τὰς
1262 388 1368 415 πάντων
1386 389 1485 416 εἰδέναι
1502 389 1610 424 τέχνας.

1124 434 1161 459 Οὐ
1175 435 1226 469 χρὴ
1242 435 1291 469 τὴν
1314 435 1421 462 σύνεσιν
1436 437 1531 472 ἡλικίᾳ
1546 438 1659 471 κρίνειν,
1675 437 1737 464 οὐδὲ
1753 437 1798 463 τὸν
1812 445 1882 472 πρε·

1089 479 1220 515 σσύτερον
1239 480 1293 507 ἀπὸ
1308 481 1358 516 τῆς
1376 481 1471 513 πολιᾶς
1487 482 1659 517 δοκιμάζειν,
1675 483 1735 510 οὺδὶ
1750 483 1795 509 τὴν
1818 484 1882 509 νέον

1088 525 1196 557 πάντως
1211 525 1357 561 ἀπείργειν
1370 527 1421 562 τῆς
1437 527 1565 563 τοιαύτης
1577 527 1727 561 διακονίας,
1742 528 1811 555 ἀλλὰ
1832 529 1882 555 τὸν

1088 573 1216 607 νεόφυτον
1226 581 1232 589 ο
1248 574 1316 600 πολὺ
1331 574 1360 601 δι
1376 575 1539 610 ἀμφοτέρων
1558 576 1590 603 τὸ
1604 577 1699 611 μέσον.

1124 661 1180 687 Οὐκ
1196 653 1266 687 οἶδεν
1295 661 1403 697 ἡλικίας
1420 662 1553 697 διαφορὰν
1576 662 1590 688 ὸ
1617 662 1673 689 τῶν
1704 662 1774 690 ὅλων
1800 663 1880 694 Θεὸς,

1087 706 1147 734 ἀλλ’
1173 706 1314 734 εὑτὲὗειαν
1343 708 1427 743 μόνην
1458 709 1506 735 καὶ
1538 709 1677 744 φιλοθεῖαν
1702 709 1799 745 ζητεί-
1827 710 1882 736 κᾶν

1088 751 1156 787 εὕρῃ
1168 752 1269 787 ταύτην
1287 753 1315 779 ἐν
1338 753 1401 788 νέῳ,
1426 753 1531 780 πολλῶν
1543 754 1638 781 τοῦτον
1653 754 1744 789 τίθησι
1760 753 1882 788 πρεσϐυ-

1088 798 1185 833 τέρων.

1125 844 1192 876 Τοὺς
1208 844 1298 879 ίερέας
1312 844 1372 871 τότε
1396 844 1514 879 μάλιστα
1530 845 1662 880 τιμᾶσθαι
1679 845 1731 878 δεῖ,
1751 845 1818 872 ὅταν
1832 845 1884 872 καὶ

1090 890 1147 917 ἀπὸ
1160 890 1208 924 τῆς
1226 889 1363 921 πολιτείας
1384 889 1452 916 ὦσιν
1465 890 1611 925 αίδέσιμοι.
1631 890 1661 916 Εἰ
1679 891 1732 926 γὰρ
1752 891 1815 921 τοὺς
1831 898 1880 916 τυ-

1088 936 1183 972 χόντας
1199 936 1241 963 διὰ
1266 936 1316 971 τὴν
1344 936 1454 971 ἡλικίαν
1484 937 1641 971 αίδεσίμους
1671 934 1743 963 εἶναι
1772 937 1882 971 νομίζο-

1089 991 1150 1017 μεν,
1169 983 1259 1018 πολλῷ
1278 983 1379 1018 μᾶλλον
1405 983 1469 1016 τοὺς
1493 984 1616 1019 πατέρας
1637 983 1700 1015 τοὺς
1720 992 1881 1018 πνευματι-

1090 1037 1165 1060 κους.

1124 1075 1193 1107 Τοὺς
1220 1076 1252 1110 τῇ
1280 1075 1415 1111 ίερωσύνῃ
1433 1076 1632 1111 τετιμημένους
1660 1077 1739 1107 θεοὺς
1766 1077 1780 1103 ὁ
1798 1077 1882 1109 νόμος

1088 1123 1181 1149 καλεῖ·
1198 1130 1208 1148 ε
1228 1123 1312 1154 Θεοὺς
1326 1123 1355 1149 οὐ
1381 1122 1587 1157 κακολογὴσεις,
1612 1123 1658 1149 καὶ
1687 1124 1807 1158 ᾶρχοντι
1831 1122 1881 1149 τοῦ

1087 1168 1150 1195 λαοῦ
1170 1177 1216 1195 σου
1231 1169 1281 1195 οὐκ
1297 1169 1369 1204 ἐρεῖς
1385 1168 1490 1200 κακῶς.
1511 1178 1521 1194 ι

1129 1215 1161 1240 'H
1178 1215 1215 1245 εἰς
1236 1214 1299 1245 τοὺς
1317 1214 1407 1249 ἱερέας
1421 1213 1490 1248 τιμὴ
1507 1213 1548 1246 εις
1562 1213 1607 1241 τὸν
1619 1212 1674 1240 τῶν
1688 1213 1759 1240 ὅλων
1774 1213 1882 1243 Δεσπόε

1087 1267 1137 1296 την
1151 1261 1299 1288 διαϐαίνει.

1127 1307 1293 1339 Ἐπίσκοπος
1310 1308 1388 1343 παρὰ
1405 1308 1434 1334 τὸ
1448 1308 1612 1335 ἐπισκοπεῖν
1626 1307 1768 1339 ἅπαντας.

1126 1398 1201 1433 Ὅσῳ
1216 1398 1269 1433 γὰρ
1286 1398 1358 1433 μέγα
1375 1399 1407 1425 το
1425 1398 1545 1433 ἀξίωμα,
1559 1398 1680 1433 τοσούτῳ
1700 1397 1812 1433 μείζους
1833 1397 1881 1424 καὶ

1086 1445 1112 1471 οί
1126 1445 1244 1470 κίνδυνοι
1255 1444 1294 1479 τῷ
1313 1445 1363 1478 τὴν
1377 1444 1531 1479 ἐπισκοπὴν
1547 1444 1645 1479 ἔχοντι.

1130 1491 1223 1525 Ἀρκεῖ
1241 1490 1270 1517 ἓν
1286 1490 1451 1526 κατόρθωμα
1470 1490 1624 1525 ἐπισκοπῆς
1653 1490 1814 1522 ἀνενεγκεῖν
1838 1488 1880 1521 el;

1088 1536 1133 1563 τὸν
1148 1537 1273 1571 οὐρανὸν,
1291 1537 1337 1564 καὶ
1359 1536 1387 1564 ἐν
1400 1537 1553 1575 ἁμάρτημα
1570 1536 1610 1567 είς
1635 1535 1720 1570 αὐτὴν
1746 1533 1880 1570 ἐμϐαλεῖν

1087 1582 1136 1617 τὴν
1149 1583 1273 1617 γέενναν.

1125 1675 1174 1701 “Av
1186 1673 1254 1709 τύχῃ
1278 1674 1343 1700 ποτέ
1357 1681 1416 1700 τινα
1433 1672 1448 1707 ἢ
1464 1671 1507 1699 διὰ
1524 1670 1616 1705 φιλίαν
1635 1670 1651 1706 ἢ
1665 1670 1699 1697 δι’
1714 1669 1799 1705 ἄλλην
1817 1667 1879 1695 τινὰ

1088 1720 1176 1748 αἰτίαν
1191 1719 1299 1753 ἀνάξιον
1318 1719 1358 1751 είς
1384 1717 1538 1753 ἐπισκοπὴν
1555 1716 1741 1751 παραγαγεῖν,
1766 1715 1878 1741 πάντων

1087 1767 1141 1794 τῶν
1157 1766 1203 1792 ὑπ’
1218 1765 1323 1792 ἐκείνου
1347 1764 1544 1800 πραττομένων
1563 1763 1642 1793 αὐτὸς
1659 1761 1740 1788 δώσει
1764 1760 1813 1791 τὰς
1834 1761 1878 1786 εὑ-

1089 1813 1182 1845 ούνας.
1204 1809 1233 1839 Ὀ
1265 1812 1318 1846 γὰρ
1347 1811 1377 1837 ἐν
1406 1810 1482 1842 τάξει
1512 1809 1619 1836 ἰδιώτου
1645 1807 1682 1835 ὢν
1711 1807 1877 1841 ἁνευλαεὴς,

1089 1858 1179 1894 πολλῷ
1197 1858 1297 1893 μᾶλλον
1312 1857 1376 1884 ὅταν
1390 1855 1553 1890 ἐπιλάθηται
1569 1855 1618 1889 τῆς
1633 1855 1732 1889 ἀρχῆς.
1751 1852 1806 1879 Καὶ
1823 1852 1878 1887 γὰρ

1089 1904 1227 1936 κενοδοξία
1251 1903 1312 1930 τότε
1338 1902 1519 1937 σφοδρότερον
1544 1900 1708 1930 ἐπιτίθεται,
1734 1898 1781 1925 καὶ
1810 1906 1878 1933 χρη-

1090 1951 1184 1986 μάτων
1199 1950 1269 1985 ῑρως
1292 1950 1340 1976 καὶ
1356 1948 1499 1980 αὐθάδεια,
1518 1948 1567 1982 τῆς
1582 1947 1669 1982 ἀρχῆς
1685 1945 1735 1981 τὴν
1751 1944 1875 1978 ἐξουσίαν

1089 1996 1276 2032 παρεχούσης,
1306 1995 1353 2022 καὶ
1376 1994 1621 2030 προσκρούσματα,
1635 1993 1682 2020 καὶ
1705 1992 1811 2027 ὕϐρεις,
1828 1989 1876 2016 καὶ

1088 2043 1232 2078 λοιδορίας.

1125 2091 1238 2125 Χεῖρας,
1249 2087 1333 2124 φησὶν
1346 2088 1360 2115 ὁ
1377 2087 1448 2118 θεῖος
1468 2084 1642 2119 Ἀπόστολος,
1659 2084 1763 2120 ταχέως
1780 2082 1874 2118 μηδενὶ

1090 2135 1216 2167 ἐπιτίθει,
1234 2134 1302 2169 μηδέ
1329 2133 1453 2161 κοινώνει
1476 2132 1626 2168 ἁμαρτίας.
1645 2131 1678 2158 Τί
1703 2130 1813 2165 Mysi“
1830 2130 1876 2156 ἄλει

1090 2181 1135 2213 λος
1159 2180 1278 2216 ἥμαρτε,
1302 2178 1379 2214 κάγὼ
1399 2179 1521 2205 κοινωνῶ
1546 2178 1601 2204 τῶν
1621 2176 1803 2212 ἐγκλημάτων
1830 2170 1876 2202 καὶ

247 2224 351 2251 ιὶοιιιιιιι
373 2228 400 2251 et
416 2223 564 2259 supplicii?
580 2223 670 2257 Certe,
685 2224 783 2260 inquit,
795 2224 858 2259 quia
875 2225 1037 2260 improbitati

1098 2227 1140 2261 τῆς
1159 2225 1312 2261 τιμωρίας;
1328 2224 1393 2258 Ναὶ,
1412 2225 1505 2259 φησὶν,
1526 2224 1567 2250 ὄτι
1593 2224 1713 2258 πονηρίᾳ
1733 2224 1783 2257 τὴν
1804 2221 1876 2254 ἐξου-

247 2274 408 2304 potestatem
423 2270 521 2298 dedisti
535 2279 542 2297 :
560 2275 588 2298 et
601 2271 661 2298 utsi
676 2271 738 2306 quis
754 2270 856 2298 furenti
886 2276 914 2299 et
941 2271 1038 2300 insano

244 2316 363 2350 gladium
376 2316 402 2343 in
417 2323 515 2344 manus
531 2316 689 2348 tradiderit,
705 2324 784 2352 quem
808 2317 835 2344 in
846 2324 896 2345 sua
921 2318 1038 2346 habebat

244 2360 387 2394 potestate,
407 2363 488 2389 credis
501 2370 582 2397 quam
598 2362 694 2390 iecerit
709 2370 756 2397 per
769 2362 888 2391 furorem
911 2363 955 2391 ille
966 2365 1039 2392 insa-

245 2413 308 2437 nus,
326 2407 432 2441 culpam
449 2408 576 2440 sustinet,
596 2407 633 2435 sic
649 2411 676 2435 et
700 2408 745 2443 qui
765 2412 928 2443 potestatem
954 2409 1039 2440 masti-

245 2456 347 2479 stratus
355 2452 459 2480 dederit
470 2452 573 2480 homini
584 2453 720 2487 improbo,
735 2454 927 2482 uniVersorum
939 2462 1037 2489 pecca-

247 2502 336 2524 torum
348 2497 420 2524 illius
431 2504 457 2525 et
471 2498 601 2525 audacter
626 2503 781 2534 temereque
794 2499 931 2526 factorum
948 2499 1037 2534 ignem

246 2542 273 2569 in
289 2547 371 2578 caput
385 2543 498 2570 attrahit
516 2551 594 2571 suum
608 2552 616 2577 ;
634 2552 695 2571 nam
710 2545 757 2580 qui
784 2545 902 2573 radicem
920 2545 1038 2573 tradide-

247 2588 294 2618 rit.
314 2588 470 2624 ubicunque
484 2590 508 2617 is
521 2598 616 2617 eorum
629 2597 688 2625 qua:
702 2598 735 2618 ex
747 2598 779 2618 ea
795 2596 945 2618 nascuntur
953 2598 1037 2619 causa

246 2639 273 2661 ει
285 2640 383 2661 RllClOl‘
399 2640 450 2661 65L

285 2678 318 2707 Ut
334 2686 359 2707 te
374 2680 516 2714 Dominus,
526 2682 566 2709 sic
578 2686 606 2709 tu
626 2690 719 2710 omnes
731 2682 818 2716 ferto;
831 2690 925 2710 omnes
934 2683 1039 2711 sustine

248 2734 310 2753 cum
326 2726 470 2758 cbaritate,
485 2728 592 2761 postulo
608 2728 780 2763 prudentium
801 2728 932 2763 majorem
954 2737 1036 2765 quam

248 2771 353 2804 habes;
375 2771 498 2799 omnium
524 2770 635 2801 morbos
653 2779 760 2809 portato
779 2785 784 2802 :
805 2775 850 2802 ubi
868 2776 939 2803 enim
954 2776 1035 2811 pluri-

249 2822 323 2845 mum
342 2818 453 2850 laboris,
469 2819 625 2855 ibiquoque
642 2820 708 2848 lucri
727 2821 888 2856 plurimum.

285 2862 313 2889 Si
327 2864 388 2898 quis
403 2872 418 2890 a
437 2864 552 2892 Domino
564 2865 677 2901 gloriam
694 2867 824 2901 consequi
862 2868 944 2902 volet,
971 2876 1036 2896 oves

249 2904 362 2937 rationis
377 2911 524 2947 participes
538 2917 645 2945 curato,
657 2911 772 2940 fratrum
800 2919 912 2941 suorum
941 2922 1035 2942 curam

1090 2273 1151 2300 σίαν
1180 2272 1329 2307 παρέσχες.
1353 2271 1410 2298 Καὶ
1439 2270 1565 2305 καθάπερ
1586 2278 1627 2301 τις
1653 2270 1811 2304 μαινομένῳ
1831 2268 1876 2294 καὶ

1089 2317 1276 2353 παραπαίοντι
1303 2316 1379 2351 ξίφος
1406 2315 1564 2351 ἐγχειρίσας
1589 2313 1772 2348 ἠκονημένον,
1789 2312 1819 2339 ὃν
1843 2312 1876 2339 ἂν

1088 2364 1241 2400 ἐργάσηται
1257 2364 1338 2399 φόνον
1353 2364 1367 2389 ὁ
1386 2361 1529 2397 μεμηνὼς,
1545 2361 1650 2392 ἐκεῖνος
1665 2360 1813 2394 ὑφίσταται
1827 2359 1874 2392 τὴν

1088 2411 1179 2440 αἰτίαν
1191 2419 1197 2426 ·
1210 2409 1282 2436 οὕτω
1293 2409 1338 2437 καὶ
1353 2407 1489 2444 ἀνθρώπῳ
1502 2416 1544 2438 τις
1559 2406 1680 2442 πονηρίᾳ
1695 2405 1815 2438 συζῶν-τι
1828 2404 1875 2438 τὴν

1088 2456 1144 2483 ἀπὸ
1155 2456 1205 2491 τῆς
1220 2457 1308 2491 ἀρχῆς
1331 2456 1435 2491 ταύτης
1454 2453 1579 2487 ἐξουσίαν
1595 2452 1759 2488 παρασχὼν,
1774 2452 1804 2478 τὸ
1822 2450 1875 2486 ιιῦρ

1089 2503 1220 2530 ἁπάντων
1235 2501 1445 2537 ἁμαρτημάτων
1469 2500 1575 2526 ἐκείνου
1594 2499 1640 2525 καὶ
1664 2498 1720 2524 τῶν
1736 2496 1874 2532 τολμημά-

1089 2557 1144 2576 των
1159 2549 1207 2575 ἐπὶ
1221 2548 1270 2584 τὴν
1291 2548 1395 2573 οἰκείαν
1412 2546 1487 2573 ἕλκει
1502 2545 1635 2581 κεφαλὴν.
1656 2544 1685 2571 '0
1702 2544 1757 2579 γὰρ
1774 2545 1821 2578 τὴν
1835 2543 1874 2578 ῥί-

1090 2594 1138 2626 ζαν
1156 2592 1306 2628 παρασχὼν
1324 2591 1475 2627 πανταχοῦ,
1489 2588 1565 2622 οὗτος
1582 2591 1635 2617 τῶν
1657 2588 1687 2622 ἐξ
1708 2589 1796 2624 αὐτῆς
1815 2595 1873 2622 συο-

1090 2640 1179 2676 μὲνων
1191 2641 1264 2666 ἐστὶν
1279 2639 1378 2669 αἴτιος.

1127 2687 1234 2717 Πάντας
1255 2685 1374 2721 βάσταζε
1391 2684 1428 2715 ὡς
1445 2684 1475 2710 σέ
1490 2684 1503 2710 ὁ
1520 2682 1622 2718 Κύριος
1640 2681 1767 2709 πάντων·
1780 2682 1872 2715 ἀνέχου

1089 2733 1117 2759 ἐν
1132 2732 1229 2767 ἀγάπῃ
1240 2739 1246 2746 ·
1263 2731 1340 2758 αίτοῦ
1357 2731 1464 2758 σύνεσιν
1480 2730 1591 2756 πλείονα
1614 2727 1647 2766 ἧς
1663 2729 1747 2763 ἔχεις.
1768 2729 1872 2754 Πάντων

1088 2779 1138 2810 τὰς
1155 2778 1248 2809 νόσους
1261 2777 1380 2812 βάσταζε
1395 2785 1401 2792 ·
1416 2777 1483 2804 ὃπου
1507 2777 1561 2811 γὰρ
1584 2776 1685 2802 πλείων
1699 2775 1793 2807 κοῖτος,
1810 2772 1871 2800 πολὺ

1088 2824 1118 2851 τὸ
1140 2824 1245 2859 κέρδος.

1127 2870 1210 2900 Ern;
1235 2869 1389 2904 εὐδοκιμεῖν
1405 2867 1528 2904 βούλοιτο
1551 2868 1626 2902 παρὰ
1644 2866 1716 2901 Θεῷ,
1735 2867 1789 2894 τῶν
1804 2867 1870 2899 λογι-

1091 2916 1147 2943 κῶν
1163 2915 1345 2948 ἐπιμελείσθω
1372 2915 1525 2949 προϐάτων,
1546 2913 1601 2941 τῶν
1617 2914 1740 2949 ἀδελφῶν
1756 2912 1871 2949 κηδέσῦω
