  <div class='ocr_page' id='page_1' title='image "/cluster/home/n/w/nwhite01/storage/ocr_20150623/136/mdp.39015038093210/520.png"; bbox 0 0 3992 6252; ppageno 0'>
   <div class='ocr_carea' id='block_1_1' title="bbox 275 340 421 410">
    <p class='ocr_par' dir='ltr' id='par_1_1' title="bbox 275 340 421 410">
     <span class='ocr_line' id='line_1_1' title="bbox 275 340 421 410; baseline -0.021 0"><span class='ocrx_word' id='word_1_1' title='bbox 275 340 421 410; x_wconf 77' lang='lat'><strong>1025</strong></span> 
     </span>
    </p>
   </div>
   <div class='ocr_carea' id='block_1_2' title="bbox 1065 341 2650 410">
    <p class='ocr_par' dir='ltr' id='par_1_2' title="bbox 1065 341 2650 410">
     <span class='ocr_line' id='line_1_2' title="bbox 1065 341 2650 410; baseline -0.002 -2"><span class='ocrx_word' id='word_1_2' title='bbox 1065 346 1239 409; x_wconf 87' lang='lat' dir='ltr'><strong>LOCI</strong></span> <span class='ocrx_word' id='word_1_3' title='bbox 1278 344 1818 410; x_wconf 76' lang='lat' dir='ltr'><strong>COMMUNES.—</strong></span> <span class='ocrx_word' id='word_1_4' title='bbox 1857 341 2081 409; x_wconf 84' lang='lat' dir='ltr'><strong>PARS.</strong></span> <span class='ocrx_word' id='word_1_5' title='bbox 2126 344 2208 410; x_wconf 74' lang='lat' dir='ltr'><strong>il.</strong></span> <span class='ocrx_word' id='word_1_6' title='bbox 2251 343 2510 407; x_wconf 81' lang='lat' dir='ltr'><strong>SERMO</strong></span> <span class='ocrx_word' id='word_1_7' title='bbox 2545 344 2650 406; x_wconf 82' lang='grc' dir='ltr'><strong>ιν.</strong></span> 
     </span>
    </p>
   </div>
   <div class='ocr_carea' id='block_1_3' title="bbox 3379 339 3514 402">
    <p class='ocr_par' dir='ltr' id='par_1_3' title="bbox 3379 339 3514 402">
     <span class='ocr_line' id='line_1_3' title="bbox 3379 339 3514 402; baseline -0.015 0"><span class='ocrx_word' id='word_1_8' title='bbox 3379 339 3514 402; x_wconf 70' lang='lat'><strong>1026</strong></span> 
     </span>
    </p>
   </div>
   <div class='ocr_carea' id='block_1_4' title="bbox 336 445 1878 529">
    <p class='ocr_par' dir='ltr' id='par_1_4' title="bbox 336 454 1878 529">
     <span class='ocr_line' id='line_1_4' title="bbox 336 454 1878 529; baseline 0.001 -20"><span class='ocrx_word' id='word_1_9' title='bbox 336 454 480 510; x_wconf 70' lang='grc' dir='ltr'>Οὐαὶ</span> <span class='ocrx_word' id='word_1_10' title='bbox 508 454 662 525; x_wconf 80' lang='grc' dir='ltr'>ὑμῖν,</span> <span class='ocrx_word' id='word_1_11' title='bbox 697 456 1054 528; x_wconf 76' lang='grc' dir='ltr'>Γραμματεῐς</span> <span class='ocrx_word' id='word_1_12' title='bbox 1089 459 1184 514; x_wconf 76' lang='grc' dir='ltr'>καὶ</span> <span class='ocrx_word' id='word_1_13' title='bbox 1207 458 1498 529; x_wconf 64' lang='grc' dir='ltr'><strong>⁴ιαρισαῐοι</strong></span> <span class='ocrx_word' id='word_1_14' title='bbox 1531 455 1846 526; x_wconf 74' lang='grc' dir='ltr'>ὑποκριταὶ,</span> <span class='ocrx_word' id='word_1_15' title='bbox 1873 510 1878 524; x_wconf 37' lang='grc' dir='ltr'><strong><em>ε</em></strong></span> 
     </span>
    </p>
   </div>
   <div class='ocr_carea' id='block_1_5' title="bbox 1976 445 3522 529">
    <p class='ocr_par' dir='ltr' id='par_1_5' title="bbox 2021 445 3522 520">
     <span class='ocr_line' id='line_1_5' title="bbox 2021 445 3522 520; baseline -0.007 -10"><span class='ocrx_word' id='word_1_16' title='bbox 2021 455 2166 510; x_wconf 79' lang='lat' dir='ltr'><strong>Ibid.</strong></span> <span class='ocrx_word' id='word_1_17' title='bbox 2227 454 2319 512; x_wconf 62' lang='lat' dir='ltr'><strong>Va</strong></span> <span class='ocrx_word' id='word_1_18' title='bbox 2368 454 2542 520; x_wconf 82' lang='lat' dir='ltr'><strong>vobis,</strong></span> <span class='ocrx_word' id='word_1_19' title='bbox 2604 452 2809 509; x_wconf 73' lang='lat' dir='ltr'><strong>Scribzn</strong></span> <span class='ocrx_word' id='word_1_20' title='bbox 2841 458 2897 508; x_wconf 88' lang='lat' dir='ltr'><strong>et</strong></span> <span class='ocrx_word' id='word_1_21' title='bbox 2945 446 3200 505; x_wconf 68' lang='lat' dir='ltr'><strong>Pharisaei</strong></span> <span class='ocrx_word' id='word_1_22' title='bbox 3263 445 3522 510; x_wconf 78' lang='lat' dir='ltr'><strong>simulati,</strong></span> 
     </span>
    </p>
   </div>
   <div class='ocr_carea' id='block_1_6' title="bbox 264 547 1842 618">
    <p class='ocr_par' dir='ltr' id='par_1_6' title="bbox 264 547 1842 618">
     <span class='ocr_line' id='line_1_6' title="bbox 264 547 1842 618; baseline 0.001 -17"><span class='ocrx_word' id='word_1_23' title='bbox 264 547 350 601; x_wconf 77' lang='grc' dir='ltr'><strong>δτι</strong></span> <span class='ocrx_word' id='word_1_24' title='bbox 415 547 824 617; x_wconf 75' lang='grc' dir='ltr'><strong>παρομοιάζετε</strong></span> <span class='ocrx_word' id='word_1_25' title='bbox 881 549 1071 618; x_wconf 82' lang='grc' dir='ltr'><strong>τάφοις</strong></span> <span class='ocrx_word' id='word_1_26' title='bbox 1127 549 1542 618; x_wconf 76' lang='grc' dir='ltr'><strong>κεκονιαμένοις</strong></span> <span class='ocrx_word' id='word_1_27' title='bbox 1572 563 1588 581; x_wconf 75' lang='grc' dir='ltr'>ο</span> <span class='ocrx_word' id='word_1_28' title='bbox 1644 549 1842 611; x_wconf 79' lang='grc' dir='ltr'>οἵτινες</span> 
     </span>
    </p>
   </div>
   <div class='ocr_carea' id='block_1_7' title="bbox 265 636 1844 710">
    <p class='ocr_par' dir='ltr' id='par_1_7' title="bbox 265 636 1844 710">
     <span class='ocr_line' id='line_1_7' title="bbox 265 636 1844 710; baseline 0.001 -19"><span class='ocrx_word' id='word_1_29' title='bbox 265 636 466 702; x_wconf 68' lang='grc' dir='ltr'>ἔξωθεν</span> <span class='ocrx_word' id='word_1_30' title='bbox 499 638 598 707; x_wconf 64' lang='grc' dir='ltr'><strong>μὲν</strong></span> <span class='ocrx_word' id='word_1_31' title='bbox 627 639 914 707; x_wconf 68' lang='grc' dir='ltr'>φαίνονται</span> <span class='ocrx_word' id='word_1_32' title='bbox 949 639 1166 710; x_wconf 76' lang='grc' dir='ltr'>ὡραῖοι,</span> <span class='ocrx_word' id='word_1_33' title='bbox 1213 638 1420 693; x_wconf 72' lang='grc' dir='ltr'>ἔσωθεν</span> <span class='ocrx_word' id='word_1_34' title='bbox 1471 637 1530 692; x_wconf 71' lang='grc' dir='ltr'>δὲ</span> <span class='ocrx_word' id='word_1_35' title='bbox 1575 637 1844 708; x_wconf 76' lang='grc' dir='ltr'><strong>γέμουσιν</strong></span> 
     </span>
    </p>
   </div>
   <div class='ocr_carea' id='block_1_8' title="bbox 262 728 1843 800">
    <p class='ocr_par' dir='ltr' id='par_1_8' title="bbox 262 728 1843 800">
     <span class='ocr_line' id='line_1_8' title="bbox 262 728 1843 800; baseline 0 -18"><span class='ocrx_word' id='word_1_36' title='bbox 262 728 476 782; x_wconf 73' lang='grc' dir='ltr'>ὀστέων</span> <span class='ocrx_word' id='word_1_37' title='bbox 529 729 744 798; x_wconf 81' lang='grc' dir='ltr'>νεκρῶν</span> <span class='ocrx_word' id='word_1_38' title='bbox 776 732 869 784; x_wconf 85' lang='grc' dir='ltr'>καὶ</span> <span class='ocrx_word' id='word_1_39' title='bbox 903 731 1084 800; x_wconf 75' lang='grc' dir='ltr'>πάσης</span> <span class='ocrx_word' id='word_1_40' title='bbox 1119 729 1506 800; x_wconf 77' lang='grc' dir='ltr'>ἀκαθαρσίας·</span> <span class='ocrx_word' id='word_1_41' title='bbox 1545 728 1721 793; x_wconf 76' lang='grc' dir='ltr'>οὕτως</span> <span class='ocrx_word' id='word_1_42' title='bbox 1750 728 1843 783; x_wconf 78' lang='grc' dir='ltr'>καὶ</span> 
     </span>
    </p>
   </div>
   <div class='ocr_carea' id='block_1_9' title="bbox 271 819 1842 894">
    <p class='ocr_par' dir='ltr' id='par_1_9' title="bbox 271 819 1842 894">
     <span class='ocr_line' id='line_1_9' title="bbox 271 819 1842 894; baseline 0.003 -22"><span class='ocrx_word' id='word_1_43' title='bbox 271 819 456 890; x_wconf 79' lang='grc' dir='ltr'>ὑμεῖς,</span> <span class='ocrx_word' id='word_1_44' title='bbox 485 820 688 888; x_wconf 74' lang='grc' dir='ltr'>ἔξωθεν</span> <span class='ocrx_word' id='word_1_45' title='bbox 722 821 822 891; x_wconf 89' lang='grc' dir='ltr'>μὲν</span> <span class='ocrx_word' id='word_1_46' title='bbox 852 822 1112 890; x_wconf 75' lang='grc' dir='ltr'><strong>φαίνεσθε</strong></span> <span class='ocrx_word' id='word_1_47' title='bbox 1145 825 1260 885; x_wconf 79' lang='grc' dir='ltr'>τοϊς</span> <span class='ocrx_word' id='word_1_48' title='bbox 1287 820 1597 894; x_wconf 75' lang='grc' dir='ltr'>ἀνθρώποις</span> <span class='ocrx_word' id='word_1_49' title='bbox 1621 822 1842 886; x_wconf 78' lang='grc' dir='ltr'>δίκαιοι,</span> 
     </span>
    </p>
   </div>
   <div class='ocr_carea' id='block_1_10' title="bbox 269 909 1844 985">
    <p class='ocr_par' dir='ltr' id='par_1_10' title="bbox 269 909 1844 985">
     <span class='ocr_line' id='line_1_10' title="bbox 269 909 1844 985; baseline 0.003 -22"><span class='ocrx_word' id='word_1_50' title='bbox 269 909 478 964; x_wconf 77' lang='grc' dir='ltr'>εσωθεν</span> <span class='ocrx_word' id='word_1_51' title='bbox 541 913 598 967; x_wconf 81' lang='grc' dir='ltr'>δὲ</span> <span class='ocrx_word' id='word_1_52' title='bbox 659 916 849 985; x_wconf 82' lang='grc' dir='ltr'>μεστοί</span> <span class='ocrx_word' id='word_1_53' title='bbox 913 917 1037 969; x_wconf 82' lang='grc' dir='ltr'>ὲστε</span> <span class='ocrx_word' id='word_1_54' title='bbox 1097 915 1444 985; x_wconf 78' lang='grc' dir='ltr'><strong>ὑποκρίσεως</strong></span> <span class='ocrx_word' id='word_1_55' title='bbox 1505 915 1602 970; x_wconf 76' lang='grc' dir='ltr'>καὶ</span> <span class='ocrx_word' id='word_1_56' title='bbox 1661 915 1844 982; x_wconf 82' lang='grc' dir='ltr'>πάσης</span> 
     </span>
    </p>
   </div>
   <div class='ocr_carea' id='block_1_11' title="bbox 269 1006 526 1072">
    <p class='ocr_par' dir='ltr' id='par_1_11' title="bbox 269 1006 526 1072">
     <span class='ocr_line' id='line_1_11' title="bbox 269 1006 526 1072; baseline 0.012 -15"><span class='ocrx_word' id='word_1_57' title='bbox 269 1006 526 1072; x_wconf 77' lang='grc' dir='ltr'>ἀνομίας.</span> 
     </span>
    </p>
   </div>
   <div class='ocr_carea' id='block_1_12' title="bbox 352 1097 1844 1170">
    <p class='ocr_par' dir='ltr' id='par_1_12' title="bbox 352 1097 1844 1170">
     <span class='ocr_line' id='line_1_12' title="bbox 352 1097 1844 1170; baseline 0 -20"><span class='ocrx_word' id='word_1_58' title='bbox 352 1097 498 1150; x_wconf 80' lang='grc' dir='ltr'>’ἰδὼν</span> <span class='ocrx_word' id='word_1_59' title='bbox 535 1097 591 1150; x_wconf 83' lang='grc' dir='ltr'>δὲ</span> <span class='ocrx_word' id='word_1_60' title='bbox 631 1097 816 1168; x_wconf 85' lang='grc' dir='ltr'>Σίμων</span> <span class='ocrx_word' id='word_1_61' title='bbox 865 1098 948 1152; x_wconf 88' lang='grc' dir='ltr'>ὅτι</span> <span class='ocrx_word' id='word_1_62' title='bbox 992 1098 1084 1153; x_wconf 76' lang='grc' dir='ltr'><strong>διὰ</strong></span> <span class='ocrx_word' id='word_1_63' title='bbox 1131 1101 1228 1170; x_wconf 78' lang='grc' dir='ltr'>τῆς</span> <span class='ocrx_word' id='word_1_64' title='bbox 1260 1098 1560 1163; x_wconf 75' lang='grc' dir='ltr'>ἐπιθέσεως</span> <span class='ocrx_word' id='word_1_65' title='bbox 1590 1099 1700 1153; x_wconf 85' lang='grc' dir='ltr'>τῶν</span> <span class='ocrx_word' id='word_1_66' title='bbox 1731 1115 1844 1170; x_wconf 65' lang='grc' dir='ltr'>χειρ</span> 
     </span>
    </p>
   </div>
   <div class='ocr_carea' id='block_1_13' title="bbox 269 1189 1840 1261">
    <p class='ocr_par' dir='ltr' id='par_1_13' title="bbox 269 1189 1840 1261">
     <span class='ocr_line' id='line_1_13' title="bbox 269 1189 1840 1261; baseline 0.004 -21"><span class='ocrx_word' id='word_1_67' title='bbox 269 1190 381 1260; x_wconf 82' lang='grc' dir='ltr'>ρῶν</span> <span class='ocrx_word' id='word_1_68' title='bbox 430 1190 540 1242; x_wconf 83' lang='grc' dir='ltr'>τῶν</span> <span class='ocrx_word' id='word_1_69' title='bbox 581 1189 898 1243; x_wconf 66' lang='grc' dir='ltr'>ἀποστόλων</span> <span class='ocrx_word' id='word_1_70' title='bbox 929 1191 1132 1245; x_wconf 79' lang='grc' dir='ltr'>δίδοται</span> <span class='ocrx_word' id='word_1_71' title='bbox 1183 1193 1244 1245; x_wconf 85' lang='grc' dir='ltr'>τὸ</span> <span class='ocrx_word' id='word_1_72' title='bbox 1293 1191 1518 1260; x_wconf 83' lang='grc' dir='ltr'>Πνεῦμα</span> <span class='ocrx_word' id='word_1_73' title='bbox 1560 1193 1616 1246; x_wconf 79' lang='grc' dir='ltr'>τὸ</span> <span class='ocrx_word' id='word_1_74' title='bbox 1663 1193 1840 1261; x_wconf 71' lang='grc' dir='ltr'>ᾰγιον,</span> 
     </span>
    </p>
   </div>
   <div class='ocr_carea' id='block_1_14' title="bbox 268 1282 1844 1355">
    <p class='ocr_par' dir='ltr' id='par_1_14' title="bbox 268 1282 1844 1355">
     <span class='ocr_line' id='line_1_14' title="bbox 268 1282 1844 1355; baseline 0.003 -22"><span class='ocrx_word' id='word_1_75' title='bbox 268 1282 652 1351; x_wconf 72' lang='grc' dir='ltr'>προσήνεγκεν</span> <span class='ocrx_word' id='word_1_76' title='bbox 703 1284 889 1346; x_wconf 80' lang='grc' dir='ltr'>αὐτοῖς</span> <span class='ocrx_word' id='word_1_77' title='bbox 938 1285 1218 1355; x_wconf 71' lang='grc' dir='ltr'>χρήματα,</span> <span class='ocrx_word' id='word_1_78' title='bbox 1251 1283 1460 1353; x_wconf 73' lang='grc' dir='ltr'>λέγων’</span> <span class='ocrx_word' id='word_1_79' title='bbox 1495 1284 1623 1336; x_wconf 79' lang='grc' dir='ltr'>Δότε</span> <span class='ocrx_word' id='word_1_80' title='bbox 1674 1286 1844 1355; x_wconf 73' lang='grc' dir='ltr'>κάμοὶ</span> 
     </span>
    </p>
   </div>
   <div class='ocr_carea' id='block_1_15' title="bbox 265 1369 1843 1447">
    <p class='ocr_par' dir='ltr' id='par_1_15' title="bbox 265 1369 1843 1447">
     <span class='ocr_line' id='line_1_15' title="bbox 265 1369 1843 1447; baseline 0.004 -24"><span class='ocrx_word' id='word_1_81' title='bbox 265 1369 367 1440; x_wconf 70' lang='grc' dir='ltr'>τὴν</span> <span class='ocrx_word' id='word_1_82' title='bbox 411 1370 664 1436; x_wconf 71' lang='grc' dir='ltr'>ἐξουσίαν</span> <span class='ocrx_word' id='word_1_83' title='bbox 710 1375 942 1444; x_wconf 81' lang='grc' dir='ltr'>ταύτην,</span> <span class='ocrx_word' id='word_1_84' title='bbox 984 1375 1070 1427; x_wconf 84' lang='grc' dir='ltr'>ἵνα</span> <span class='ocrx_word' id='word_1_85' title='bbox 1100 1369 1144 1442; x_wconf 82' lang='grc' dir='ltr'>ᾧ</span> <span class='ocrx_word' id='word_1_86' title='bbox 1175 1377 1272 1428; x_wconf 75' lang='grc' dir='ltr'><strong>ἐὰν</strong></span> <span class='ocrx_word' id='word_1_87' title='bbox 1316 1375 1490 1429; x_wconf 76' lang='grc' dir='ltr'><strong>ἑπιθῶ</strong></span> <span class='ocrx_word' id='word_1_88' title='bbox 1526 1375 1626 1438; x_wconf 75' lang='grc' dir='ltr'>τὰς</span> <span class='ocrx_word' id='word_1_89' title='bbox 1655 1378 1843 1447; x_wconf 75' lang='grc' dir='ltr'>χεῖράς</span> 
     </span>
    </p>
   </div>
   <div class='ocr_carea' id='block_1_16' title="bbox 269 1461 1845 1538">
    <p class='ocr_par' dir='ltr' id='par_1_16' title="bbox 269 1461 1845 1538">
     <span class='ocr_line' id='line_1_16' title="bbox 269 1461 1845 1538; baseline 0.006 -25"><span class='ocrx_word' id='word_1_90' title='bbox 269 1477 399 1526; x_wconf 68' lang='grc' dir='ltr'>μου,</span> <span class='ocrx_word' id='word_1_91' title='bbox 441 1463 691 1534; x_wconf 73' lang='grc' dir='ltr'>λαμϐάνῃ</span> <span class='ocrx_word' id='word_1_92' title='bbox 723 1463 947 1533; x_wconf 82' lang='grc' dir='ltr'>Πνεῦμα</span> <span class='ocrx_word' id='word_1_93' title='bbox 999 1465 1174 1534; x_wconf 75' lang='grc' dir='ltr'>ἅγιον.</span> <span class='ocrx_word' id='word_1_94' title='bbox 1222 1467 1426 1538; x_wconf 73' lang='grc' dir='ltr'>Πὲτρος</span> <span class='ocrx_word' id='word_1_95' title='bbox 1461 1467 1519 1520; x_wconf 71' lang='grc' dir='ltr'>δὲ</span> <span class='ocrx_word' id='word_1_96' title='bbox 1549 1461 1674 1522; x_wconf 80' lang='grc' dir='ltr'>εἶπε</span> <span class='ocrx_word' id='word_1_97' title='bbox 1708 1469 1845 1538; x_wconf 72' lang='grc' dir='ltr'>πρὸς</span> 
     </span>
    </p>
   </div>
   <div class='ocr_carea' id='block_1_17' title="bbox 268 1554 1842 1628">
    <p class='ocr_par' dir='ltr' id='par_1_17' title="bbox 268 1554 1842 1628">
     <span class='ocr_line' id='line_1_17' title="bbox 268 1554 1842 1628; baseline 0.004 -23"><span class='ocrx_word' id='word_1_98' title='bbox 268 1554 455 1619; x_wconf 79' lang='grc' dir='ltr'>αὑτὸν,</span> <span class='ocrx_word' id='word_1_99' title='bbox 487 1556 560 1608; x_wconf 82' lang='grc' dir='ltr'><strong>Τὸ</strong></span> <span class='ocrx_word' id='word_1_100' title='bbox 591 1557 855 1628; x_wconf 81' lang='grc' dir='ltr'>ἀργύριόν</span> <span class='ocrx_word' id='word_1_101' title='bbox 889 1561 997 1623; x_wconf 66' lang='grc' dir='ltr'>ισου</span> <span class='ocrx_word' id='word_1_102' title='bbox 1044 1559 1144 1612; x_wconf 71' lang='grc' dir='ltr'><strong>σὺν</strong></span> <span class='ocrx_word' id='word_1_103' title='bbox 1174 1560 1256 1612; x_wconf 72' lang='grc' dir='ltr'><strong>σοὶ</strong></span> <span class='ocrx_word' id='word_1_104' title='bbox 1289 1559 1374 1627; x_wconf 82' lang='grc' dir='ltr'>είη</span> <span class='ocrx_word' id='word_1_105' title='bbox 1419 1561 1500 1623; x_wconf 81' lang='grc' dir='ltr'><strong>είς</strong></span> <span class='ocrx_word' id='word_1_106' title='bbox 1541 1559 1842 1625; x_wconf 82' lang='grc' dir='ltr'>ἀπώλειαν,</span> 
     </span>
    </p>
   </div>
   <div class='ocr_carea' id='block_1_18' title="bbox 269 1645 1845 1722">
    <p class='ocr_par' dir='ltr' id='par_1_18' title="bbox 269 1645 1845 1722">
     <span class='ocr_line' id='line_1_18' title="bbox 269 1645 1845 1722; baseline 0.001 -19"><span class='ocrx_word' id='word_1_107' title='bbox 269 1646 353 1703; x_wconf 80' lang='grc' dir='ltr'>ὅτι</span> <span class='ocrx_word' id='word_1_108' title='bbox 392 1645 491 1717; x_wconf 82' lang='grc' dir='ltr'>τὴν</span> <span class='ocrx_word' id='word_1_109' title='bbox 519 1647 732 1718; x_wconf 77' lang='grc' dir='ltr'>δωρεὰν</span> <span class='ocrx_word' id='word_1_110' title='bbox 780 1647 875 1701; x_wconf 87' lang='grc' dir='ltr'><strong>τοῦ</strong></span> <span class='ocrx_word' id='word_1_111' title='bbox 921 1647 1056 1702; x_wconf 84' lang='grc' dir='ltr'>Θεοῦ</span> <span class='ocrx_word' id='word_1_112' title='bbox 1104 1650 1361 1720; x_wconf 76' lang='grc' dir='ltr'>ἐνόμισας</span> <span class='ocrx_word' id='word_1_113' title='bbox 1405 1650 1496 1708; x_wconf 83' lang='grc' dir='ltr'>διὰ</span> <span class='ocrx_word' id='word_1_114' title='bbox 1542 1650 1845 1722; x_wconf 78' lang='grc' dir='ltr'>χρημάτων</span> 
     </span>
    </p>
   </div>
   <div class='ocr_carea' id='block_1_19' title="bbox 271 1740 1846 1815">
    <p class='ocr_par' dir='ltr' id='par_1_19' title="bbox 271 1740 1846 1815">
     <span class='ocr_line' id='line_1_19' title="bbox 271 1740 1846 1815; baseline 0.001 -21"><span class='ocrx_word' id='word_1_115' title='bbox 271 1741 510 1794; x_wconf 80' lang='grc' dir='ltr'>κτᾶσθαι</span> <span class='ocrx_word' id='word_1_116' title='bbox 529 1757 544 1771; x_wconf 86' lang='grc'><strong>·</strong></span> <span class='ocrx_word' id='word_1_117' title='bbox 571 1744 669 1794; x_wconf 68' lang='grc' dir='ltr'><strong>οὑκ</strong></span> <span class='ocrx_word' id='word_1_118' title='bbox 696 1740 809 1795; x_wconf 74' lang='grc' dir='ltr'>ἐστι</span> <span class='ocrx_word' id='word_1_119' title='bbox 841 1758 925 1796; x_wconf 91' lang='grc' dir='ltr'>σοι</span> <span class='ocrx_word' id='word_1_120' title='bbox 957 1745 1114 1814; x_wconf 72' lang='grc' dir='ltr'>μερὶς</span> <span class='ocrx_word' id='word_1_121' title='bbox 1143 1742 1264 1798; x_wconf 76' lang='grc' dir='ltr'>οὐδὲ</span> <span class='ocrx_word' id='word_1_122' title='bbox 1296 1743 1493 1814; x_wconf 80' lang='grc' dir='ltr'>κλῆρος</span> <span class='ocrx_word' id='word_1_123' title='bbox 1519 1745 1576 1796; x_wconf 79' lang='grc' dir='ltr'>ὲν</span> <span class='ocrx_word' id='word_1_124' title='bbox 1601 1744 1679 1814; x_wconf 81' lang='grc' dir='ltr'>τῷ</span> <span class='ocrx_word' id='word_1_125' title='bbox 1699 1744 1846 1815; x_wconf 70' lang='grc' dir='ltr'>λόγῳ</span> 
     </span>
    </p>
   </div>
   <div class='ocr_carea' id='block_1_20' title="bbox 275 1833 982 1900">
    <p class='ocr_par' dir='ltr' id='par_1_20' title="bbox 275 1833 982 1900">
     <span class='ocr_line' id='line_1_20' title="bbox 275 1833 982 1900; baseline -0.003 -15"><span class='ocrx_word' id='word_1_126' title='bbox 275 1833 470 1900; x_wconf 70' lang='grc' dir='ltr'>τούτῳ,</span> <span class='ocrx_word' id='word_1_127' title='bbox 979 1891 982 1895; x_wconf 90' lang='lat'><strong>_</strong></span> 
     </span>
    </p>
   </div>
   <div class='ocr_carea' id='block_1_21' title="bbox 347 1926 1852 1999">
    <p class='ocr_par' dir='ltr' id='par_1_21' title="bbox 347 1926 1852 1999">
     <span class='ocr_line' id='line_1_21' title="bbox 347 1926 1852 1999; baseline 0.002 -19"><span class='ocrx_word' id='word_1_128' title='bbox 347 1926 514 1981; x_wconf 80' lang='grc' dir='ltr'>Ὅσον</span> <span class='ocrx_word' id='word_1_129' title='bbox 563 1926 682 1983; x_wconf 71' lang='grc' dir='ltr'>ἐστὶ</span> <span class='ocrx_word' id='word_1_130' title='bbox 728 1928 924 1993; x_wconf 74' lang='grc' dir='ltr'>κακὸν,</span> <span class='ocrx_word' id='word_1_131' title='bbox 971 1928 1094 1983; x_wconf 75' lang='grc' dir='ltr'>ἀντὶ</span> <span class='ocrx_word' id='word_1_132' title='bbox 1140 1929 1386 1998; x_wconf 80' lang='grc' dir='ltr'>ὁδηγίας.</span> <span class='ocrx_word' id='word_1_133' title='bbox 1424 1927 1637 1999; x_wconf 78' lang='grc' dir='ltr'>πλάνης</span> <span class='ocrx_word' id='word_1_134' title='bbox 1679 1927 1852 1983; x_wconf 72' lang='grc' dir='ltr'>αἴτιον</span> 
     </span>
    </p>
   </div>
   <div class='ocr_carea' id='block_1_22' title="bbox 273 2017 1856 2092">
    <p class='ocr_par' dir='ltr' id='par_1_22' title="bbox 273 2017 1856 2092">
     <span class='ocr_line' id='line_1_22' title="bbox 273 2017 1856 2092; baseline 0.004 -24"><span class='ocrx_word' id='word_1_135' title='bbox 273 2017 530 2085; x_wconf 72' lang='grc' dir='ltr'>γενέσθαι</span> <span class='ocrx_word' id='word_1_136' title='bbox 567 2020 678 2082; x_wconf 89' lang='grc' dir='ltr'>τοῖς</span> <span class='ocrx_word' id='word_1_137' title='bbox 712 2020 1070 2091; x_wconf 77' lang='grc' dir='ltr'>ὑποχειρίοις,</span> <span class='ocrx_word' id='word_1_138' title='bbox 1128 2023 1362 2092; x_wconf 75' lang='grc' dir='ltr'>συνορᾷν</span> <span class='ocrx_word' id='word_1_139' title='bbox 1409 2021 1621 2088; x_wconf 77' lang='grc' dir='ltr'>ἔξεστιν</span> <span class='ocrx_word' id='word_1_140' title='bbox 1653 2021 1716 2074; x_wconf 75' lang='grc' dir='ltr'>ὲκ</span> <span class='ocrx_word' id='word_1_141' title='bbox 1743 2019 1856 2074; x_wconf 79' lang='grc' dir='ltr'><strong>τῶν</strong></span> 
     </span>
    </p>
   </div>
   <div class='ocr_carea' id='block_1_23' title="bbox 272 2110 1857 2185">
    <p class='ocr_par' dir='ltr' id='par_1_23' title="bbox 272 2110 1857 2185">
     <span class='ocr_line' id='line_1_23' title="bbox 272 2110 1857 2185; baseline 0.004 -23"><span class='ocrx_word' id='word_1_142' title='bbox 272 2110 652 2167; x_wconf 76' lang='grc' dir='ltr'>ἀποστολικῶν</span> <span class='ocrx_word' id='word_1_143' title='bbox 703 2113 1053 2184; x_wconf 79' lang='grc' dir='ltr'>διδαγμάτων</span> <span class='ocrx_word' id='word_1_144' title='bbox 1079 2132 1094 2148; x_wconf 89' lang='grc'><strong>·</strong></span> <span class='ocrx_word' id='word_1_145' title='bbox 1154 2117 1381 2185; x_wconf 85' lang='grc' dir='ltr'>σημεῖον</span> <span class='ocrx_word' id='word_1_146' title='bbox 1430 2116 1488 2168; x_wconf 82' lang='grc' dir='ltr'>δέ</span> <span class='ocrx_word' id='word_1_147' title='bbox 1536 2117 1654 2168; x_wconf 69' lang='grc' dir='ltr'>ἐστι</span> <span class='ocrx_word' id='word_1_148' title='bbox 1695 2114 1857 2168; x_wconf 83' lang='grc' dir='ltr'>τοῦτο</span> 
     </span>
    </p>
   </div>
   <div class='ocr_carea' id='block_1_24' title="bbox 273 2203 1857 2282">
    <p class='ocr_par' dir='ltr' id='par_1_24' title="bbox 273 2203 1857 2282">
     <span class='ocr_line' id='line_1_24' title="bbox 273 2203 1857 2282; baseline 0.006 -26"><span class='ocrx_word' id='word_1_149' title='bbox 273 2203 374 2258; x_wconf 80' lang='grc' dir='ltr'><strong>τοῦ</strong></span> <span class='ocrx_word' id='word_1_150' title='bbox 423 2207 517 2258; x_wconf 83' lang='grc' dir='ltr'>καὶ</span> <span class='ocrx_word' id='word_1_151' title='bbox 549 2207 650 2277; x_wconf 81' lang='grc' dir='ltr'>τὴν</span> <span class='ocrx_word' id='word_1_152' title='bbox 683 2209 905 2278; x_wconf 78' lang='grc' dir='ltr'>ἐντολὴν</span> <span class='ocrx_word' id='word_1_153' title='bbox 942 2210 1044 2279; x_wconf 81' lang='grc' dir='ltr'>τῆς</span> <span class='ocrx_word' id='word_1_154' title='bbox 1093 2209 1320 2281; x_wconf 79' lang='grc' dir='ltr'><strong>ἀγάπης</strong></span> <span class='ocrx_word' id='word_1_155' title='bbox 1351 2209 1740 2282; x_wconf 83' lang='grc' dir='ltr'>ἀκατόρθωτον</span> <span class='ocrx_word' id='word_1_156' title='bbox 1779 2206 1857 2266; x_wconf 73' lang='grc' dir='ltr'><strong>εἴ·</strong></span> 
     </span>
    </p>
   </div>
   <div class='ocr_carea' id='block_1_25' title="bbox 274 2297 1858 2373">
    <p class='ocr_par' dir='ltr' id='par_1_25' title="bbox 274 2297 1858 2373">
     <span class='ocr_line' id='line_1_25' title="bbox 274 2297 1858 2373; baseline 0.004 -25"><span class='ocrx_word' id='word_1_157' title='bbox 274 2312 386 2349; x_wconf 87' lang='grc' dir='ltr'>ναι.</span> <span class='ocrx_word' id='word_1_158' title='bbox 432 2297 621 2362; x_wconf 68' lang='grc' dir='ltr'>Οὐδεὶς</span> <span class='ocrx_word' id='word_1_159' title='bbox 656 2299 989 2372; x_wconf 75' lang='grc' dir='ltr'>γὰρ’πατὴρ</span> <span class='ocrx_word' id='word_1_160' title='bbox 1041 2303 1274 2373; x_wconf 72' lang='grc' dir='ltr'>περιορᾷ</span> <span class='ocrx_word' id='word_1_161' title='bbox 1323 2301 1385 2356; x_wconf 89' lang='grc' dir='ltr'><strong>τδ</strong></span> <span class='ocrx_word' id='word_1_162' title='bbox 1418 2302 1614 2356; x_wconf 65' lang='grc' dir='ltr'>ἑαυτοῦ</span> <span class='ocrx_word' id='word_1_163' title='bbox 1668 2303 1858 2355; x_wconf 78' lang='grc' dir='ltr'>τέκνον</span> 
     </span>
    </p>
   </div>
   <div class='ocr_carea' id='block_1_26' title="bbox 269 2387 1861 2463">
    <p class='ocr_par' dir='ltr' id='par_1_26' title="bbox 269 2387 1861 2463">
     <span class='ocr_line' id='line_1_26' title="bbox 269 2387 1861 2463; baseline -0.001 -18"><span class='ocrx_word' id='word_1_164' title='bbox 269 2387 474 2457; x_wconf 74' lang='grc' dir='ltr'>,μέλλον</span> <span class='ocrx_word' id='word_1_165' title='bbox 527 2390 894 2445; x_wconf 77' lang='grc' dir='ltr'><strong>καταπίπτειν</strong></span> <span class='ocrx_word' id='word_1_166' title='bbox 948 2393 1030 2455; x_wconf 86' lang='grc' dir='ltr'><strong>είς</strong></span> <span class='ocrx_word' id='word_1_167' title='bbox 1080 2393 1327 2462; x_wconf 78' lang='grc' dir='ltr'>βόθυνον,</span> <span class='ocrx_word' id='word_1_168' title='bbox 1387 2392 1422 2462; x_wconf 72' lang='grc' dir='ltr'>ἢ</span> <span class='ocrx_word' id='word_1_169' title='bbox 1479 2395 1720 2463; x_wconf 73' lang='grc' dir='ltr'>ἐμπεσὸν</span> <span class='ocrx_word' id='word_1_170' title='bbox 1775 2394 1861 2446; x_wconf 66' lang='grc' dir='ltr'><strong>ιν-</strong></span> 
     </span>
    </p>
   </div>
   <div class='ocr_carea' id='block_1_27' title="bbox 277 2481 1858 2556">
    <p class='ocr_par' dir='ltr' id='par_1_27' title="bbox 277 2481 1858 2556">
     <span class='ocr_line' id='line_1_27' title="bbox 277 2481 1858 2556; baseline 0.005 -24"><span class='ocrx_word' id='word_1_171' title='bbox 277 2481 472 2549; x_wconf 66' lang='grc' dir='ltr'>αφίησι</span> <span class='ocrx_word' id='word_1_172' title='bbox 518 2481 594 2551; x_wconf 79' lang='grc' dir='ltr'><strong>τῷ</strong></span> <span class='ocrx_word' id='word_1_173' title='bbox 643 2486 922 2552; x_wconf 77' lang='grc' dir='ltr'>πτώματι.</span> <span class='ocrx_word' id='word_1_174' title='bbox 972 2485 1142 2538; x_wconf 80' lang='grc' dir='ltr'>Πόσον</span> <span class='ocrx_word' id='word_1_175' title='bbox 1190 2485 1497 2556; x_wconf 84' lang='grc' dir='ltr'>δεινότερον</span> <span class='ocrx_word' id='word_1_176' title='bbox 1541 2486 1720 2556; x_wconf 77' lang='grc' dir='ltr'>ψυχὴν</span> <span class='ocrx_word' id='word_1_177' title='bbox 1777 2487 1858 2550; x_wconf 84' lang='grc' dir='ltr'><strong>είς</strong></span> 
     </span>
    </p>
   </div>
   <div class='ocr_carea' id='block_1_28' title="bbox 274 2569 1746 2648">
    <p class='ocr_par' dir='ltr' id='par_1_28' title="bbox 274 2569 1746 2648">
     <span class='ocr_line' id='line_1_28' title="bbox 274 2569 1746 2648; baseline 0.002 -25"><span class='ocrx_word' id='word_1_178' title='bbox 274 2569 444 2642; x_wconf 74' lang='grc' dir='ltr'>βάθος</span> <span class='ocrx_word' id='word_1_179' title='bbox 473 2571 659 2628; x_wconf 81' lang='grc' dir='ltr'>κακῶν</span> <span class='ocrx_word' id='word_1_180' title='bbox 692 2573 1042 2644; x_wconf 76' lang='grc' dir='ltr'>ίμπεσοῦσαν</span> <span class='ocrx_word' id='word_1_181' title='bbox 1075 2577 1362 2646; x_wconf 69' lang='grc' dir='ltr'>ἐναφειναι</span> <span class='ocrx_word' id='word_1_182' title='bbox 1395 2577 1462 2648; x_wconf 82' lang='grc' dir='ltr'><strong>τῇ</strong></span> <span class='ocrx_word' id='word_1_183' title='bbox 1498 2576 1746 2648; x_wconf 61' lang='grc' dir='ltr'>ἀπωλείᾳ.</span> 
     </span>
    </p>
   </div>
   <div class='ocr_carea' id='block_1_29' title="bbox 358 2752 1862 2827">
    <p class='ocr_par' dir='ltr' id='par_1_29' title="bbox 358 2752 1862 2827">
     <span class='ocr_line' id='line_1_29' title="bbox 358 2752 1862 2827; baseline 0 -19"><span class='ocrx_word' id='word_1_184' title='bbox 358 2752 581 2825; x_wconf 82' lang='grc' dir='ltr'>Οίχεται</span> <span class='ocrx_word' id='word_1_185' title='bbox 615 2754 884 2825; x_wconf 83' lang='grc' dir='ltr'>σεμνότης</span> <span class='ocrx_word' id='word_1_186' title='bbox 923 2753 1200 2827; x_wconf 72' lang='grc' dir='ltr'>ίερατικὴ,</span> <span class='ocrx_word' id='word_1_187' title='bbox 1253 2753 1666 2810; x_wconf 80' lang='grc' dir='ltr'>ὲπιλελοίπασιν</span> <span class='ocrx_word' id='word_1_188' title='bbox 1713 2757 1862 2809; x_wconf 77' lang='grc' dir='ltr'>οἰκο-</span> 
     </span>
    </p>
   </div>
   <div class='ocr_carea' id='block_1_30' title="bbox 283 2848 1859 2918">
    <p class='ocr_par' dir='ltr' id='par_1_30' title="bbox 283 2848 1859 2918">
     <span class='ocr_line' id='line_1_30' title="bbox 283 2848 1859 2918; baseline -0.001 -14"><span class='ocrx_word' id='word_1_189' title='bbox 283 2851 470 2918; x_wconf 81' lang='grc' dir='ltr'>νομίαι</span> <span class='ocrx_word' id='word_1_190' title='bbox 511 2849 787 2918; x_wconf 77' lang='grc' dir='ltr'>πτωχῶν,</span> <span class='ocrx_word' id='word_1_191' title='bbox 835 2850 915 2912; x_wconf 84' lang='grc' dir='ltr'><strong>είς</strong></span> <span class='ocrx_word' id='word_1_192' title='bbox 967 2848 1104 2912; x_wconf 87' lang='grc' dir='ltr'>ίδίας</span> <span class='ocrx_word' id='word_1_193' title='bbox 1153 2848 1486 2910; x_wconf 83' lang='grc' dir='ltr'>ἀπολαύσεις</span> <span class='ocrx_word' id='word_1_194' title='bbox 1533 2850 1628 2901; x_wconf 77' lang='grc' dir='ltr'>καὶ</span> <span class='ocrx_word' id='word_1_195' title='bbox 1669 2849 1859 2917; x_wconf 85' lang='grc' dir='ltr'>δώρων</span> 
     </span>
    </p>
   </div>
   <div class='ocr_carea' id='block_1_31' title="bbox 279 2940 1858 3012">
    <p class='ocr_par' dir='ltr' id='par_1_31' title="bbox 279 2940 1858 3012">
     <span class='ocr_line' id='line_1_31' title="bbox 279 2940 1858 3012; baseline -0.001 -18"><span class='ocrx_word' id='word_1_196' title='bbox 279 2941 547 3011; x_wconf 77' lang='grc' dir='ltr'>διανομὰς</span> <span class='ocrx_word' id='word_1_197' title='bbox 588 2941 1106 3012; x_wconf 86' lang='grc' dir='ltr'>παραναλισκόντων</span> <span class='ocrx_word' id='word_1_198' title='bbox 1160 2940 1339 2996; x_wconf 81' lang='grc' dir='ltr'>πάντα</span> <span class='ocrx_word' id='word_1_199' title='bbox 1369 2940 1479 2994; x_wconf 84' lang='grc' dir='ltr'><strong>τῶν</strong></span> <span class='ocrx_word' id='word_1_200' title='bbox 1530 2940 1858 3010; x_wconf 73' lang='grc' dir='ltr'>φιλαρχούνο</span> 
     </span>
    </p>
   </div>
   <div class='ocr_carea' id='block_1_32' title="bbox 280 3048 420 3087">
    <p class='ocr_par' dir='ltr' id='par_1_32' title="bbox 280 3048 420 3087">
     <span class='ocr_line' id='line_1_32' title="bbox 280 3048 420 3087; baseline -0.007 -1"><span class='ocrx_word' id='word_1_201' title='bbox 280 3048 364 3087; x_wconf 70' lang='grc' dir='ltr'><strong>τω</strong></span> <span class='ocrx_word' id='word_1_202' title='bbox 371 3049 420 3087; x_wconf 86' lang='grc' dir='ltr'><strong>ν.</strong></span> 
     </span>
    </p>
   </div>
   <div class='ocr_carea' id='block_1_33' title="bbox 367 3119 1859 3195">
    <p class='ocr_par' dir='ltr' id='par_1_33' title="bbox 367 3119 1859 3195">
     <span class='ocr_line' id='line_1_33' title="bbox 367 3119 1859 3195; baseline -0.001 -19"><span class='ocrx_word' id='word_1_203' title='bbox 367 3119 638 3176; x_wconf 81' lang='grc' dir='ltr'>’Δπόλωλε</span> <span class='ocrx_word' id='word_1_204' title='bbox 681 3124 858 3193; x_wconf 86' lang='grc' dir='ltr'>κρῖμα</span> <span class='ocrx_word' id='word_1_205' title='bbox 901 3122 1131 3180; x_wconf 83' lang='grc' dir='ltr'>δίκαιον.</span> <span class='ocrx_word' id='word_1_206' title='bbox 1181 3124 1298 3187; x_wconf 74' lang='grc' dir='ltr'><strong>Πᾶς</strong></span> <span class='ocrx_word' id='word_1_207' title='bbox 1341 3140 1424 3185; x_wconf 85' lang='grc' dir='ltr'><strong>τις</strong></span> <span class='ocrx_word' id='word_1_208' title='bbox 1463 3122 1544 3194; x_wconf 83' lang='grc' dir='ltr'>τῷ</span> <span class='ocrx_word' id='word_1_209' title='bbox 1586 3122 1859 3195; x_wconf 79' lang='grc' dir='ltr'>θελήματι</span> 
     </span>
    </p>
   </div>
   <div class='ocr_carea' id='block_1_34' title="bbox 1953 536 3526 615">
    <p class='ocr_par' dir='ltr' id='par_1_34' title="bbox 1953 536 3526 615">
     <span class='ocr_line' id='line_1_34' title="bbox 1953 536 3526 615; baseline -0.006 -16"><span class='ocrx_word' id='word_1_210' title='bbox 1953 555 2238 615; x_wconf 75' lang='lat' dir='ltr'><strong>propterea</strong></span> <span class='ocrx_word' id='word_1_211' title='bbox 2291 545 2434 614; x_wconf 91' lang='lat' dir='ltr'><strong>quod</strong></span> <span class='ocrx_word' id='word_1_212' title='bbox 2511 543 2718 599; x_wconf 83' lang='lat' dir='ltr'><strong>similes</strong></span> <span class='ocrx_word' id='word_1_213' title='bbox 2773 541 2904 597; x_wconf 87' lang='lat' dir='ltr'><strong>estis</strong></span> <span class='ocrx_word' id='word_1_214' title='bbox 2961 539 3225 610; x_wconf 75' lang='lat' dir='ltr'><strong>sepulcris</strong></span> <span class='ocrx_word' id='word_1_215' title='bbox 3296 536 3526 592; x_wconf 86' lang='lat' dir='ltr'><strong>tectorio</strong></span> 
     </span>
    </p>
   </div>
   <div class='ocr_carea' id='block_1_35' title="bbox 1953 629 3527 708">
    <p class='ocr_par' dir='ltr' id='par_1_35' title="bbox 1953 629 3527 708">
     <span class='ocr_line' id='line_1_35' title="bbox 1953 629 3527 708; baseline -0.01 -15"><span class='ocrx_word' id='word_1_216' title='bbox 1953 638 2229 699; x_wconf 84' lang='lat' dir='ltr'><strong>inductis,</strong></span> <span class='ocrx_word' id='word_1_217' title='bbox 2260 652 2384 708; x_wconf 77' lang='lat' dir='ltr'><strong>qua:</strong></span> <span class='ocrx_word' id='word_1_218' title='bbox 2406 635 2542 692; x_wconf 82' lang='lat' dir='ltr'><strong>foris</strong></span> <span class='ocrx_word' id='word_1_219' title='bbox 2571 635 2818 705; x_wconf 85' lang='lat' dir='ltr'><strong>speciosa</strong></span> <span class='ocrx_word' id='word_1_220' title='bbox 2885 631 3162 695; x_wconf 85' lang='lat' dir='ltr'><strong>videntur,</strong></span> <span class='ocrx_word' id='word_1_221' title='bbox 3215 629 3363 683; x_wconf 89' lang='lat' dir='ltr'><strong>intus</strong></span> <span class='ocrx_word' id='word_1_222' title='bbox 3423 642 3527 680; x_wconf 84' lang='lat' dir='ltr'><strong>au-</strong></span> 
     </span>
    </p>
   </div>
   <div class='ocr_carea' id='block_1_36' title="bbox 1951 717 3528 799">
    <p class='ocr_par' dir='ltr' id='par_1_36' title="bbox 1951 717 3528 799">
     <span class='ocr_line' id='line_1_36' title="bbox 1951 717 3528 799; baseline -0.01 -14"><span class='ocrx_word' id='word_1_223' title='bbox 1951 741 2060 785; x_wconf 83' lang='lat' dir='ltr'><strong>tem</strong></span> <span class='ocrx_word' id='word_1_224' title='bbox 2091 730 2246 799; x_wconf 88' lang='lat' dir='ltr'><strong>plena</strong></span> <span class='ocrx_word' id='word_1_225' title='bbox 2279 737 2410 783; x_wconf 87' lang='lat' dir='ltr'><strong>sunt</strong></span> <span class='ocrx_word' id='word_1_226' title='bbox 2429 727 2649 783; x_wconf 83' lang='lat' dir='ltr'><strong>ossibus</strong></span> <span class='ocrx_word' id='word_1_227' title='bbox 2703 726 3048 780; x_wconf 79' lang='lat' dir='ltr'><strong>cadaverum</strong></span> <span class='ocrx_word' id='word_1_228' title='bbox 3090 730 3145 776; x_wconf 84' lang='lat' dir='ltr'><strong>et</strong></span> <span class='ocrx_word' id='word_1_229' title='bbox 3178 719 3369 791; x_wconf 85' lang='lat' dir='ltr'><strong>quavis</strong></span> <span class='ocrx_word' id='word_1_230' title='bbox 3422 717 3528 772; x_wconf 88' lang='lat' dir='ltr'><strong>im-</strong></span> 
     </span>
    </p>
   </div>
   <div class='ocr_carea' id='block_1_37' title="bbox 1951 812 3526 877">
    <p class='ocr_par' dir='ltr' id='par_1_37' title="bbox 1951 812 3526 877">
     <span class='ocr_line' id='line_1_37' title="bbox 1951 812 3526 877; baseline -0.006 -2"><span class='ocrx_word' id='word_1_231' title='bbox 1951 821 2220 877; x_wconf 87' lang='lat' dir='ltr'><strong>unditie</strong></span> <span class='ocrx_word' id='word_1_232' title='bbox 2251 821 2360 877; x_wconf 81' lang='lat' dir='ltr'><strong>:ad</strong></span> <span class='ocrx_word' id='word_1_233' title='bbox 2393 819 2644 876; x_wconf 80' lang='lat' dir='ltr'><strong>eumdem</strong></span> <span class='ocrx_word' id='word_1_234' title='bbox 2679 818 2900 874; x_wconf 89' lang='lat' dir='ltr'><strong>modum</strong></span> <span class='ocrx_word' id='word_1_235' title='bbox 2940 824 2997 872; x_wconf 88' lang='lat' dir='ltr'><strong>et</strong></span> <span class='ocrx_word' id='word_1_236' title='bbox 3043 828 3141 870; x_wconf 84' lang='lat' dir='ltr'><strong>vos</strong></span> <span class='ocrx_word' id='word_1_237' title='bbox 3183 812 3526 867; x_wconf 76' lang='lat' dir='ltr'><strong>extrinsecus</strong></span> 
     </span>
    </p>
   </div>
   <div class='ocr_carea' id='block_1_38' title="bbox 1951 903 3526 982">
    <p class='ocr_par' dir='ltr' id='par_1_38' title="bbox 1951 903 3526 982">
     <span class='ocr_line' id='line_1_38' title="bbox 1951 903 3526 982; baseline -0.006 -14"><span class='ocrx_word' id='word_1_238' title='bbox 1951 913 2265 969; x_wconf 76' lang='lat' dir='ltr'><strong>horninibus</strong></span> <span class='ocrx_word' id='word_1_239' title='bbox 2308 912 2570 969; x_wconf 82' lang='lat' dir='ltr'><strong>videmini</strong></span> <span class='ocrx_word' id='word_1_240' title='bbox 2599 910 2750 982; x_wconf 82' lang='lat' dir='ltr'><strong>justi,</strong></span> <span class='ocrx_word' id='word_1_241' title='bbox 2789 909 3122 964; x_wconf 70' lang='lat' dir='ltr'><strong>intrinsecus</strong></span> <span class='ocrx_word' id='word_1_242' title='bbox 3169 915 3350 960; x_wconf 87' lang='lat' dir='ltr'><strong>autem</strong></span> <span class='ocrx_word' id='word_1_243' title='bbox 3383 903 3526 973; x_wconf 80' lang='lat' dir='ltr'><strong>pleni</strong></span> 
     </span>
    </p>
   </div>
   <div class='ocr_carea' id='block_1_39' title="bbox 1949 996 3351 1072">
    <p class='ocr_par' dir='ltr' id='par_1_39' title="bbox 1949 996 3351 1072">
     <span class='ocr_line' id='line_1_39' title="bbox 1949 996 3351 1072; baseline -0.006 -13"><span class='ocrx_word' id='word_1_244' title='bbox 1949 1005 2082 1061; x_wconf 85' lang='lat' dir='ltr'><strong>estis</strong></span> <span class='ocrx_word' id='word_1_245' title='bbox 2117 1005 2466 1060; x_wconf 81' lang='lat' dir='ltr'><strong>simulatione</strong></span> <span class='ocrx_word' id='word_1_246' title='bbox 2495 1013 2548 1058; x_wconf 90' lang='lat' dir='ltr'><strong>et</strong></span> <span class='ocrx_word' id='word_1_247' title='bbox 2573 1002 2723 1056; x_wconf 87' lang='lat' dir='ltr'><strong>omni</strong></span> <span class='ocrx_word' id='word_1_248' title='bbox 2791 1015 2990 1072; x_wconf 77' lang='lat' dir='ltr'><strong>genere</strong></span> <span class='ocrx_word' id='word_1_249' title='bbox 3025 996 3351 1069; x_wconf 77' lang='lat' dir='ltr'><strong>iniquitatis.</strong></span> 
     </span>
    </p>
   </div>
   <div class='ocr_carea' id='block_1_40' title="bbox 2020 1079 3529 1166">
    <p class='ocr_par' dir='ltr' id='par_1_40' title="bbox 2020 1079 3529 1166">
     <span class='ocr_line' id='line_1_40' title="bbox 2020 1079 3529 1166; baseline -0.008 -14"><span class='ocrx_word' id='word_1_250' title='bbox 2020 1098 2142 1153; x_wconf 81' lang='lat' dir='ltr'><strong>Act.</strong></span> <span class='ocrx_word' id='word_1_251' title='bbox 2189 1113 2305 1153; x_wconf 86' lang='lat' dir='ltr'><strong>vm.</strong></span> <span class='ocrx_word' id='word_1_252' title='bbox 2343 1095 2591 1166; x_wconf 84' lang='lat' dir='ltr'><strong>Cumque</strong></span> <span class='ocrx_word' id='word_1_253' title='bbox 2656 1093 2845 1150; x_wconf 88' lang='lat' dir='ltr'><strong>Simon</strong></span> <span class='ocrx_word' id='word_1_254' title='bbox 2913 1079 3384 1147; x_wconf 65' lang='lat' dir='ltr'><strong>animadvertisset</strong></span> <span class='ocrx_word' id='word_1_255' title='bbox 3432 1101 3529 1156; x_wconf 82' lang='lat' dir='ltr'><strong>per</strong></span> 
     </span>
    </p>
   </div>
   <div class='ocr_carea' id='block_1_41' title="bbox 1951 1179 3530 1258">
    <p class='ocr_par' dir='ltr' id='par_1_41' title="bbox 1951 1179 3530 1258">
     <span class='ocr_line' id='line_1_41' title="bbox 1951 1179 3530 1258; baseline -0.007 -14"><span class='ocrx_word' id='word_1_256' title='bbox 1951 1188 2356 1258; x_wconf 88' lang='lat' dir='ltr'><strong>impositionem</strong></span> <span class='ocrx_word' id='word_1_257' title='bbox 2400 1200 2662 1240; x_wconf 92' lang='lat' dir='ltr'><strong>manuum</strong></span> <span class='ocrx_word' id='word_1_258' title='bbox 2705 1185 2820 1238; x_wconf 88' lang='lat' dir='ltr'><strong>dari</strong></span> <span class='ocrx_word' id='word_1_259' title='bbox 2853 1181 3118 1252; x_wconf 83' lang='lat' dir='ltr'><strong>Spiritum</strong></span> <span class='ocrx_word' id='word_1_260' title='bbox 3148 1190 3398 1237; x_wconf 88' lang='lat' dir='ltr'><strong>sanctum</strong></span> <span class='ocrx_word' id='word_1_261' title='bbox 3460 1179 3530 1234; x_wconf 85' lang='lat' dir='ltr'><strong>ab</strong></span> 
     </span>
    </p>
   </div>
   <div class='ocr_carea' id='block_1_42' title="bbox 1949 1271 3525 1353">
    <p class='ocr_par' dir='ltr' id='par_1_42' title="bbox 1949 1271 3525 1353">
     <span class='ocr_line' id='line_1_42' title="bbox 1949 1271 3525 1353; baseline -0.008 -17"><span class='ocrx_word' id='word_1_262' title='bbox 1949 1282 2250 1353; x_wconf 76' lang='lat' dir='ltr'><strong>apostolis,</strong></span> <span class='ocrx_word' id='word_1_263' title='bbox 2309 1279 2504 1336; x_wconf 85' lang='lat' dir='ltr'><strong>obtulit</strong></span> <span class='ocrx_word' id='word_1_264' title='bbox 2565 1278 2647 1333; x_wconf 89' lang='lat' dir='ltr'><strong>eis</strong></span> <span class='ocrx_word' id='word_1_265' title='bbox 2717 1276 2998 1347; x_wconf 75' lang='lat' dir='ltr'><strong>pecunias.</strong></span> <span class='ocrx_word' id='word_1_266' title='bbox 3054 1275 3120 1332; x_wconf 82' lang='lat' dir='ltr'><strong>Et</strong></span> <span class='ocrx_word' id='word_1_267' title='bbox 3170 1273 3301 1328; x_wconf 86' lang='lat' dir='ltr'><strong>mibi</strong></span> <span class='ocrx_word' id='word_1_268' title='bbox 3356 1271 3525 1326; x_wconf 89' lang='lat' dir='ltr'><strong>etiam</strong></span> 
     </span>
    </p>
   </div>
   <div class='ocr_carea' id='block_1_43' title="bbox 1949 1366 3530 1444">
    <p class='ocr_par' dir='ltr' id='par_1_43' title="bbox 1949 1366 3530 1444">
     <span class='ocr_line' id='line_1_43' title="bbox 1949 1366 3530 1444; baseline -0.006 -14"><span class='ocrx_word' id='word_1_269' title='bbox 1949 1376 2099 1443; x_wconf 63' lang='lat' dir='ltr'><strong>date,</strong></span> <span class='ocrx_word' id='word_1_270' title='bbox 2131 1375 2336 1444; x_wconf 81' lang='lat' dir='ltr'><strong>inquit,</strong></span> <span class='ocrx_word' id='word_1_271' title='bbox 2368 1375 2508 1430; x_wconf 77' lang='lat' dir='ltr'><strong>hanc</strong></span> <span class='ocrx_word' id='word_1_272' title='bbox 2537 1379 2884 1443; x_wconf 83' lang='lat' dir='ltr'><strong>petestatem,</strong></span> <span class='ocrx_word' id='word_1_273' title='bbox 2923 1378 2984 1422; x_wconf 89' lang='lat' dir='ltr'><strong>ut</strong></span> <span class='ocrx_word' id='word_1_274' title='bbox 3013 1366 3318 1434; x_wconf 84' lang='lat' dir='ltr'><strong>cuicunque</strong></span> <span class='ocrx_word' id='word_1_275' title='bbox 3336 1377 3530 1420; x_wconf 79' lang='lat' dir='ltr'><strong>manus</strong></span> 
     </span>
    </p>
   </div>
   <div class='ocr_carea' id='block_1_44' title="bbox 1951 1456 3528 1536">
    <p class='ocr_par' dir='ltr' id='par_1_44' title="bbox 1951 1456 3528 1536">
     <span class='ocr_line' id='line_1_44' title="bbox 1951 1456 3528 1536; baseline -0.008 -14"><span class='ocrx_word' id='word_1_276' title='bbox 1951 1470 2292 1536; x_wconf 68' lang='lat' dir='ltr'><strong>impos-iero,</strong></span> <span class='ocrx_word' id='word_1_277' title='bbox 2323 1466 2371 1519; x_wconf 89' lang='lat' dir='ltr'><strong>is</strong></span> <span class='ocrx_word' id='word_1_278' title='bbox 2400 1465 2632 1534; x_wconf 85' lang='lat' dir='ltr'><strong>accipiat</strong></span> <span class='ocrx_word' id='word_1_279' title='bbox 2669 1462 2930 1532; x_wconf 85' lang='lat' dir='ltr'><strong>Spiritum</strong></span> <span class='ocrx_word' id='word_1_280' title='bbox 2949 1469 3224 1516; x_wconf 81' lang='lat' dir='ltr'><strong>sanctum.</strong></span> <span class='ocrx_word' id='word_1_281' title='bbox 3255 1456 3390 1512; x_wconf 87' lang='lat' dir='ltr'><strong>Tum</strong></span> <span class='ocrx_word' id='word_1_282' title='bbox 3428 1456 3528 1510; x_wconf 74' lang='lat' dir='ltr'><strong>Pe-</strong></span> 
     </span>
    </p>
   </div>
   <div class='ocr_carea' id='block_1_45' title="bbox 1949 1546 3531 1626">
    <p class='ocr_par' dir='ltr' id='par_1_45' title="bbox 1949 1546 3531 1626">
     <span class='ocr_line' id='line_1_45' title="bbox 1949 1546 3531 1626; baseline -0.008 -14"><span class='ocrx_word' id='word_1_283' title='bbox 1949 1567 2109 1613; x_wconf 87' lang='lat' dir='ltr'><strong>trus:</strong></span> <span class='ocrx_word' id='word_1_284' title='bbox 2155 1557 2305 1614; x_wconf 78' lang='lat' dir='ltr'><strong>Habe</strong></span> <span class='ocrx_word' id='word_1_285' title='bbox 2355 1555 2474 1621; x_wconf 83' lang='lat' dir='ltr'><strong>tibi,</strong></span> <span class='ocrx_word' id='word_1_286' title='bbox 2518 1556 2719 1626; x_wconf 82' lang='lat' dir='ltr'><strong>inquit,</strong></span> <span class='ocrx_word' id='word_1_287' title='bbox 2754 1564 2900 1609; x_wconf 84' lang='lat' dir='ltr'><strong>tuam</strong></span> <span class='ocrx_word' id='word_1_288' title='bbox 2944 1551 3230 1621; x_wconf 85' lang='lat' dir='ltr'><strong>pecuniam</strong></span> <span class='ocrx_word' id='word_1_289' title='bbox 3258 1548 3312 1602; x_wconf 91' lang='lat' dir='ltr'><strong>in</strong></span> <span class='ocrx_word' id='word_1_290' title='bbox 3347 1546 3531 1626; x_wconf 62' lang='lat' dir='ltr'><strong>perdi:</strong></span> 
     </span>
    </p>
   </div>
   <div class='ocr_carea' id='block_1_46' title="bbox 1950 1615 3531 1720">
    <p class='ocr_par' dir='ltr' id='par_1_46' title="bbox 1950 1615 3531 1720">
     <span class='ocr_line' id='line_1_46' title="bbox 1950 1615 3531 1720; baseline -0.007 -16"><span class='ocrx_word' id='word_1_291' title='bbox 1950 1651 2174 1716; x_wconf 87' lang='lat' dir='ltr'><strong>tionem,</strong></span> <span class='ocrx_word' id='word_1_292' title='bbox 2209 1650 2355 1720; x_wconf 90' lang='lat' dir='ltr'><strong>quod</strong></span> <span class='ocrx_word' id='word_1_293' title='bbox 2402 1615 2735 1706; x_wconf 77' lang='lat' dir='ltr'><strong>existimaris</strong></span> <span class='ocrx_word' id='word_1_294' title='bbox 2793 1647 3000 1702; x_wconf 88' lang='lat' dir='ltr'><strong>donum</strong></span> <span class='ocrx_word' id='word_1_295' title='bbox 3047 1643 3284 1714; x_wconf 86' lang='lat' dir='ltr'><strong>Spiritus</strong></span> <span class='ocrx_word' id='word_1_296' title='bbox 3352 1615 3531 1699; x_wconf 81' lang='lat' dir='ltr'><strong>sanetl</strong></span> 
     </span>
    </p>
   </div>
   <div class='ocr_carea' id='block_1_47' title="bbox 1953 1734 3531 1812">
    <p class='ocr_par' dir='ltr' id='par_1_47' title="bbox 1953 1734 3531 1812">
     <span class='ocr_line' id='line_1_47' title="bbox 1953 1734 3531 1812; baseline -0.008 -14"><span class='ocrx_word' id='word_1_297' title='bbox 1953 1743 2178 1812; x_wconf 87' lang='lat' dir='ltr'><strong>pecunia</strong></span> <span class='ocrx_word' id='word_1_298' title='bbox 2215 1741 2419 1812; x_wconf 87' lang='lat' dir='ltr'><strong>parari,</strong></span> <span class='ocrx_word' id='word_1_299' title='bbox 2467 1756 2572 1795; x_wconf 90' lang='lat' dir='ltr'><strong>non</strong></span> <span class='ocrx_word' id='word_1_300' title='bbox 2616 1750 2702 1796; x_wconf 81' lang='lat' dir='ltr'><strong>est</strong></span> <span class='ocrx_word' id='word_1_301' title='bbox 2733 1740 2828 1794; x_wconf 87' lang='lat' dir='ltr'><strong>tibi</strong></span> <span class='ocrx_word' id='word_1_302' title='bbox 2883 1739 2991 1796; x_wconf 85' lang='lat' dir='ltr'><strong>ulla</strong></span> <span class='ocrx_word' id='word_1_303' title='bbox 3034 1739 3269 1794; x_wconf 82' lang='lat' dir='ltr'><strong>societas</strong></span> <span class='ocrx_word' id='word_1_304' title='bbox 3310 1744 3407 1789; x_wconf 89' lang='lat' dir='ltr'><strong>aut</strong></span> <span class='ocrx_word' id='word_1_305' title='bbox 3449 1734 3531 1787; x_wconf 90' lang='lat' dir='ltr'><strong>ul-</strong></span> 
     </span>
    </p>
   </div>
   <div class='ocr_carea' id='block_1_48' title="bbox 1881 1835 2738 1906">
    <p class='ocr_par' dir='ltr' id='par_1_48' title="bbox 1881 1835 2738 1906">
     <span class='ocr_line' id='line_1_48' title="bbox 1881 1835 2738 1906; baseline -0.002 -16"><span class='ocrx_word' id='word_1_306' title='bbox 1881 1851 1922 1906; x_wconf 77' lang='lat' dir='ltr'><strong>B</strong></span> <span class='ocrx_word' id='word_1_307' title='bbox 1950 1838 2061 1893; x_wconf 88' lang='lat' dir='ltr'><strong>lum</strong></span> <span class='ocrx_word' id='word_1_308' title='bbox 2087 1839 2420 1892; x_wconf 81' lang='lat' dir='ltr'><strong>consortium</strong></span> <span class='ocrx_word' id='word_1_309' title='bbox 2448 1835 2502 1890; x_wconf 90' lang='lat' dir='ltr'><strong>in</strong></span> <span class='ocrx_word' id='word_1_310' title='bbox 2535 1837 2635 1890; x_wconf 88' lang='lat' dir='ltr'><strong>hac</strong></span> <span class='ocrx_word' id='word_1_311' title='bbox 2662 1849 2738 1890; x_wconf 93' lang='lat' dir='ltr'><strong>re.</strong></span> 
     </span>
    </p>
   </div>
   <div class='ocr_carea' id='block_1_49' title="bbox 2029 1921 3531 1994">
    <p class='ocr_par' dir='ltr' id='par_1_49' title="bbox 2029 1921 3531 1994">
     <span class='ocr_line' id='line_1_49' title="bbox 2029 1921 3531 1994; baseline -0.009 -8"><span class='ocrx_word' id='word_1_312' title='bbox 2029 1927 2092 1986; x_wconf 87' lang='lat' dir='ltr'><strong>S.</strong></span> <span class='ocrx_word' id='word_1_313' title='bbox 2129 1926 2342 1987; x_wconf 76' lang='lat' dir='ltr'><strong>Basilii.</strong></span> <span class='ocrx_word' id='word_1_314' title='bbox 2365 1927 2639 1994; x_wconf 69' lang='lat' dir='ltr'><strong>Quantum</strong></span> <span class='ocrx_word' id='word_1_315' title='bbox 2679 1927 2803 1984; x_wconf 59' lang='lat' dir='ltr'><strong>ntali</strong></span> <span class='ocrx_word' id='word_1_316' title='bbox 2828 1927 3048 1982; x_wconf 84' lang='lat' dir='ltr'><strong>sitcum</strong></span> <span class='ocrx_word' id='word_1_317' title='bbox 3091 1933 3142 1980; x_wconf 87' lang='lat' dir='ltr'><strong>te</strong></span> <span class='ocrx_word' id='word_1_318' title='bbox 3166 1921 3358 1978; x_wconf 85' lang='lat' dir='ltr'><strong>ducem</strong></span> <span class='ocrx_word' id='word_1_319' title='bbox 3409 1928 3531 1972; x_wconf 84' lang='lat' dir='ltr'><strong>esse</strong></span> 
     </span>
    </p>
   </div>
   <div class='ocr_carea' id='block_1_50' title="bbox 1959 2013 3529 2090">
    <p class='ocr_par' dir='ltr' id='par_1_50' title="bbox 1959 2013 3529 2090">
     <span class='ocr_line' id='line_1_50' title="bbox 1959 2013 3529 2090; baseline -0.004 -16"><span class='ocrx_word' id='word_1_320' title='bbox 1959 2029 2227 2090; x_wconf 87' lang='lat' dir='ltr'><strong>oporteat,</strong></span> <span class='ocrx_word' id='word_1_321' title='bbox 2265 2021 2468 2077; x_wconf 90' lang='lat' dir='ltr'><strong>erroris</strong></span> <span class='ocrx_word' id='word_1_322' title='bbox 2498 2031 2779 2076; x_wconf 83' lang='lat' dir='ltr'><strong>auctorem</strong></span> <span class='ocrx_word' id='word_1_323' title='bbox 2810 2034 2934 2074; x_wconf 81' lang='lat' dir='ltr'><strong>esse</strong></span> <span class='ocrx_word' id='word_1_324' title='bbox 2963 2019 3092 2081; x_wconf 84' lang='lat' dir='ltr'><strong>tuis,</strong></span> <span class='ocrx_word' id='word_1_325' title='bbox 3117 2032 3180 2070; x_wconf 74' lang='lat' dir='ltr'><strong>ex</strong></span> <span class='ocrx_word' id='word_1_326' title='bbox 3208 2013 3529 2086; x_wconf 80' lang='lat' dir='ltr'><strong>apostolicis</strong></span> 
     </span>
    </p>
   </div>
   <div class='ocr_carea' id='block_1_51' title="bbox 1959 2112 3530 2184">
    <p class='ocr_par' dir='ltr' id='par_1_51' title="bbox 1959 2112 3530 2184">
     <span class='ocr_line' id='line_1_51' title="bbox 1959 2112 3530 2184; baseline -0.006 -16"><span class='ocrx_word' id='word_1_327' title='bbox 1959 2115 2300 2169; x_wconf 76' lang='lat' dir='ltr'><strong>documentis</strong></span> <span class='ocrx_word' id='word_1_328' title='bbox 2336 2114 2654 2184; x_wconf 78' lang='lat' dir='ltr'><strong>perspicere</strong></span> <span class='ocrx_word' id='word_1_329' title='bbox 2708 2114 2854 2176; x_wconf 85' lang='lat' dir='ltr'><strong>licet,</strong></span> <span class='ocrx_word' id='word_1_330' title='bbox 2890 2123 3054 2182; x_wconf 85' lang='lat' dir='ltr'><strong>atque</strong></span> <span class='ocrx_word' id='word_1_331' title='bbox 3103 2112 3207 2166; x_wconf 82' lang='lat' dir='ltr'><strong>hoc</strong></span> <span class='ocrx_word' id='word_1_332' title='bbox 3241 2120 3530 2178; x_wconf 73' lang='lat' dir='ltr'><strong>argumen-</strong></span> 
     </span>
    </p>
   </div>
   <div class='ocr_carea' id='block_1_52' title="bbox 1959 2202 3531 2278">
    <p class='ocr_par' dir='ltr' id='par_1_52' title="bbox 1959 2202 3531 2278">
     <span class='ocr_line' id='line_1_52' title="bbox 1959 2202 3531 2278; baseline -0.003 -20"><span class='ocrx_word' id='word_1_333' title='bbox 1959 2213 2076 2260; x_wconf 85' lang='lat' dir='ltr'><strong>tum</strong></span> <span class='ocrx_word' id='word_1_334' title='bbox 2126 2213 2210 2260; x_wconf 89' lang='lat' dir='ltr'><strong>est</strong></span> <span class='ocrx_word' id='word_1_335' title='bbox 2241 2220 2308 2260; x_wconf 91' lang='lat' dir='ltr'><strong>ne</strong></span> <span class='ocrx_word' id='word_1_336' title='bbox 2340 2215 2670 2275; x_wconf 73' lang='lat' dir='ltr'><strong>praeceptum</strong></span> <span class='ocrx_word' id='word_1_337' title='bbox 2723 2204 2946 2278; x_wconf 84' lang='lat' dir='ltr'><strong>quidem</strong></span> <span class='ocrx_word' id='word_1_338' title='bbox 2974 2202 3043 2258; x_wconf 91' lang='lat' dir='ltr'><strong>de</strong></span> <span class='ocrx_word' id='word_1_339' title='bbox 3073 2203 3341 2257; x_wconf 86' lang='lat' dir='ltr'><strong>eharitate</strong></span> <span class='ocrx_word' id='word_1_340' title='bbox 3383 2208 3531 2254; x_wconf 86' lang='lat' dir='ltr'><strong>recte</strong></span> 
     </span>
    </p>
   </div>
   <div class='ocr_carea' id='block_1_53' title="bbox 1957 2291 3533 2366">
    <p class='ocr_par' dir='ltr' id='par_1_53' title="bbox 1957 2291 3533 2366">
     <span class='ocr_line' id='line_1_53' title="bbox 1957 2291 3533 2366; baseline -0.005 -16"><span class='ocrx_word' id='word_1_341' title='bbox 1957 2310 2084 2352; x_wconf 83' lang='lat' dir='ltr'><strong>esse</strong></span> <span class='ocrx_word' id='word_1_342' title='bbox 2131 2296 2458 2366; x_wconf 81' lang='lat' dir='ltr'><strong>perfectum.</strong></span> <span class='ocrx_word' id='word_1_343' title='bbox 2491 2296 2662 2352; x_wconf 78' lang='lat' dir='ltr'><strong>Nemo</strong></span> <span class='ocrx_word' id='word_1_344' title='bbox 2695 2298 2839 2351; x_wconf 88' lang='lat' dir='ltr'><strong>enim</strong></span> <span class='ocrx_word' id='word_1_345' title='bbox 2887 2305 3041 2364; x_wconf 87' lang='lat' dir='ltr'><strong>pater</strong></span> <span class='ocrx_word' id='word_1_346' title='bbox 3073 2293 3296 2365; x_wconf 73' lang='lat' dir='ltr'><strong>uegligit</strong></span> <span class='ocrx_word' id='word_1_347' title='bbox 3358 2291 3533 2345; x_wconf 77' lang='lat' dir='ltr'><strong>lilium</strong></span> 
     </span>
    </p>
   </div>
   <div class='ocr_carea' id='block_1_54' title="bbox 1960 2385 3531 2459">
    <p class='ocr_par' dir='ltr' id='par_1_54' title="bbox 1960 2385 3531 2459">
     <span class='ocr_line' id='line_1_54' title="bbox 1960 2385 3531 2459; baseline -0.005 -15"><span class='ocrx_word' id='word_1_348' title='bbox 1960 2404 2145 2456; x_wconf 85' lang='lat' dir='ltr'><strong>suum,</strong></span> <span class='ocrx_word' id='word_1_349' title='bbox 2193 2405 2354 2459; x_wconf 83' lang='lat' dir='ltr'><strong>quem</strong></span> <span class='ocrx_word' id='word_1_350' title='bbox 2404 2389 2550 2444; x_wconf 84' lang='lat' dir='ltr'><strong>videt</strong></span> <span class='ocrx_word' id='word_1_351' title='bbox 2599 2404 2854 2446; x_wconf 83' lang='lat' dir='ltr'><strong>casurum</strong></span> <span class='ocrx_word' id='word_1_352' title='bbox 2892 2392 2944 2442; x_wconf 92' lang='lat' dir='ltr'><strong>in</strong></span> <span class='ocrx_word' id='word_1_353' title='bbox 2978 2387 3213 2451; x_wconf 78' lang='lat' dir='ltr'><strong>foveam,</strong></span> <span class='ocrx_word' id='word_1_354' title='bbox 3265 2394 3363 2440; x_wconf 82' lang='lat' dir='ltr'><strong>aut</strong></span> <span class='ocrx_word' id='word_1_355' title='bbox 3413 2385 3531 2451; x_wconf 78' lang='lat' dir='ltr'><strong>jam</strong></span> 
     </span>
    </p>
   </div>
   <div class='ocr_carea' id='block_1_55' title="bbox 1959 2475 3533 2551">
    <p class='ocr_par' dir='ltr' id='par_1_55' title="bbox 1959 2475 3533 2551">
     <span class='ocr_line' id='line_1_55' title="bbox 1959 2475 3533 2551; baseline -0.004 -16"><span class='ocrx_word' id='word_1_356' title='bbox 1959 2481 2244 2550; x_wconf 84' lang='lat' dir='ltr'><strong>delapsqu</strong></span> <span class='ocrx_word' id='word_1_357' title='bbox 2287 2481 2547 2551; x_wconf 83' lang='lat' dir='ltr'><strong>relinquit</strong></span> <span class='ocrx_word' id='word_1_358' title='bbox 2577 2480 2633 2535; x_wconf 91' lang='lat' dir='ltr'><strong>in</strong></span> <span class='ocrx_word' id='word_1_359' title='bbox 2691 2480 2784 2536; x_wconf 85' lang='lat' dir='ltr'><strong>illa</strong></span> <span class='ocrx_word' id='word_1_360' title='bbox 2813 2478 3054 2534; x_wconf 85' lang='lat' dir='ltr'><strong>miseria.</strong></span> <span class='ocrx_word' id='word_1_361' title='bbox 3113 2477 3330 2542; x_wconf 82' lang='lat' dir='ltr'><strong>Quanto</strong></span> <span class='ocrx_word' id='word_1_362' title='bbox 3390 2475 3533 2530; x_wconf 82' lang='lat' dir='ltr'><strong>indi-</strong></span> 
     </span>
    </p>
   </div>
   <div class='ocr_carea' id='block_1_56' title="bbox 1966 2569 3533 2643">
    <p class='ocr_par' dir='ltr' id='par_1_56' title="bbox 1966 2569 3533 2643">
     <span class='ocr_line' id='line_1_56' title="bbox 1966 2569 3533 2643; baseline -0.007 -12"><span class='ocrx_word' id='word_1_363' title='bbox 1966 2573 2121 2643; x_wconf 59' lang='lat' dir='ltr'><strong>gnius</strong></span> <span class='ocrx_word' id='word_1_364' title='bbox 2201 2584 2285 2627; x_wconf 78' lang='grc' dir='ltr'><strong>εει</strong></span> <span class='ocrx_word' id='word_1_365' title='bbox 2337 2573 2578 2627; x_wconf 81' lang='lat' dir='ltr'><strong>animam</strong></span> <span class='ocrx_word' id='word_1_366' title='bbox 2647 2573 2701 2626; x_wconf 93' lang='lat' dir='ltr'><strong>in</strong></span> <span class='ocrx_word' id='word_1_367' title='bbox 2773 2573 3041 2626; x_wconf 88' lang='lat' dir='ltr'><strong>malorum</strong></span> <span class='ocrx_word' id='word_1_368' title='bbox 3105 2569 3533 2640; x_wconf 85' lang='lat' dir='ltr'><strong>profunditatem</strong></span> 
     </span>
    </p>
   </div>
   <div class='ocr_carea' id='block_1_57' title="bbox 1963 2664 3128 2734">
    <p class='ocr_par' dir='ltr' id='par_1_57' title="bbox 1963 2664 3128 2734">
     <span class='ocr_line' id='line_1_57' title="bbox 1963 2664 3128 2734; baseline -0.003 -14"><span class='ocrx_word' id='word_1_369' title='bbox 1963 2678 2085 2720; x_wconf 65' lang='lat' dir='ltr'><strong>sum</strong></span> <span class='ocrx_word' id='word_1_370' title='bbox 2139 2664 2425 2731; x_wconf 85' lang='lat' dir='ltr'><strong>deciderit,</strong></span> <span class='ocrx_word' id='word_1_371' title='bbox 2452 2666 2506 2719; x_wconf 89' lang='lat' dir='ltr'><strong>in</strong></span> <span class='ocrx_word' id='word_1_372' title='bbox 2533 2666 2700 2721; x_wconf 75' lang='lat' dir='ltr'><strong>exitio</strong></span> <span class='ocrx_word' id='word_1_373' title='bbox 2729 2664 3078 2734; x_wconf 82' lang='lat' dir='ltr'><strong>relinquere?</strong></span> <span class='ocrx_word' id='word_1_374' title='bbox 3125 2675 3128 2677; x_wconf 71' lang='lat'><strong>‘</strong></span> 
     </span>
    </p>
   </div>
   <div class='ocr_carea' id='block_1_58' title="bbox 2033 2753 3536 2826">
    <p class='ocr_par' dir='ltr' id='par_1_58' title="bbox 2033 2753 3536 2826">
     <span class='ocr_line' id='line_1_58' title="bbox 2033 2753 3536 2826; baseline -0.004 -16"><span class='ocrx_word' id='word_1_375' title='bbox 2033 2756 2227 2810; x_wconf 79' lang='lat' dir='ltr'><strong>Actum</strong></span> <span class='ocrx_word' id='word_1_376' title='bbox 2287 2767 2372 2811; x_wconf 88' lang='lat' dir='ltr'><strong>est</strong></span> <span class='ocrx_word' id='word_1_377' title='bbox 2403 2759 2468 2811; x_wconf 80' lang='lat' dir='ltr'><strong>de</strong></span> <span class='ocrx_word' id='word_1_378' title='bbox 2504 2757 2770 2826; x_wconf 74' lang='lat' dir='ltr'><strong>gravitate</strong></span> <span class='ocrx_word' id='word_1_379' title='bbox 2815 2753 3162 2817; x_wconf 77' lang='lat' dir='ltr'><strong>sacerdotali,</strong></span> <span class='ocrx_word' id='word_1_380' title='bbox 3215 2753 3536 2809; x_wconf 80' lang='lat' dir='ltr'><strong>defecerunt</strong></span> 
     </span>
    </p>
   </div>
   <div class='ocr_carea' id='block_1_59' title="bbox 1960 2845 3535 2919">
    <p class='ocr_par' dir='ltr' id='par_1_59' title="bbox 1960 2845 3535 2919">
     <span class='ocr_line' id='line_1_59' title="bbox 1960 2845 3535 2919; baseline -0.003 -16"><span class='ocrx_word' id='word_1_381' title='bbox 1960 2848 2308 2904; x_wconf 82' lang='lat' dir='ltr'><strong>ministrandi</strong></span> <span class='ocrx_word' id='word_1_382' title='bbox 2350 2851 2674 2919; x_wconf 81' lang='lat' dir='ltr'><strong>pauperibus</strong></span> <span class='ocrx_word' id='word_1_383' title='bbox 2707 2847 2968 2910; x_wconf 79' lang='lat' dir='ltr'><strong>rationes,</strong></span> <span class='ocrx_word' id='word_1_384' title='bbox 3000 2845 3068 2900; x_wconf 89' lang='lat' dir='ltr'><strong>ad</strong></span> <span class='ocrx_word' id='word_1_385' title='bbox 3106 2845 3344 2915; x_wconf 85' lang='lat' dir='ltr'><strong>privatos</strong></span> <span class='ocrx_word' id='word_1_386' title='bbox 3380 2859 3535 2912; x_wconf 82' lang='lat' dir='ltr'><strong>usus,</strong></span> 
     </span>
    </p>
   </div>
   <div class='ocr_carea' id='block_1_60' title="bbox 1961 2937 3538 3008">
    <p class='ocr_par' dir='ltr' id='par_1_60' title="bbox 1961 2937 3538 3008">
     <span class='ocr_line' id='line_1_60' title="bbox 1961 2937 3538 3008; baseline -0.001 -17"><span class='ocrx_word' id='word_1_387' title='bbox 1961 2947 2016 2992; x_wconf 89' lang='lat' dir='ltr'><strong>et</strong></span> <span class='ocrx_word' id='word_1_388' title='bbox 2044 2953 2355 2992; x_wconf 89' lang='lat' dir='ltr'><strong>.munerum</strong></span> <span class='ocrx_word' id='word_1_389' title='bbox 2382 2939 2697 3008; x_wconf 61' lang='lat' dir='ltr'><strong>largitiones</strong></span> <span class='ocrx_word' id='word_1_390' title='bbox 2725 2940 2910 2993; x_wconf 90' lang='lat' dir='ltr'><strong>omnia</strong></span> <span class='ocrx_word' id='word_1_391' title='bbox 2943 2937 3399 2993; x_wconf 87' lang='lat' dir='ltr'><strong>consumentibus</strong></span> <span class='ocrx_word' id='word_1_392' title='bbox 3440 2937 3538 2991; x_wconf 80' lang='lat' dir='ltr'><strong>tri-</strong></span> 
     </span>
    </p>
   </div>
   <div class='ocr_carea' id='block_1_61' title="bbox 1963 3029 2574 3100">
    <p class='ocr_par' dir='ltr' id='par_1_61' title="bbox 1963 3029 2574 3100">
     <span class='ocr_line' id='line_1_61' title="bbox 1963 3029 2574 3100; baseline -0.002 -14"><span class='ocrx_word' id='word_1_393' title='bbox 1963 3029 2129 3086; x_wconf 81' lang='lat' dir='ltr'><strong>buum</strong></span> <span class='ocrx_word' id='word_1_394' title='bbox 2174 3029 2444 3099; x_wconf 55' lang='lat' dir='ltr'><strong>praefectis</strong></span> <span class='ocrx_word' id='word_1_395' title='bbox 2475 3029 2574 3100; x_wconf 85' lang='lat' dir='ltr'><strong>(l).</strong></span> 
     </span>
    </p>
   </div>
   <div class='ocr_carea' id='block_1_62' title="bbox 2033 3121 3539 3193">
    <p class='ocr_par' dir='ltr' id='par_1_62' title="bbox 2033 3121 3539 3193">
     <span class='ocr_line' id='line_1_62' title="bbox 2033 3121 3539 3193; baseline 0.001 -17"><span class='ocrx_word' id='word_1_396' title='bbox 2033 3121 2199 3178; x_wconf 81' lang='lat' dir='ltr'><strong>Periit</strong></span> <span class='ocrx_word' id='word_1_397' title='bbox 2249 3139 2464 3193; x_wconf 60' lang='lat' dir='ltr'><strong>aequum</strong></span> <span class='ocrx_word' id='word_1_398' title='bbox 2539 3123 2826 3192; x_wconf 85' lang='lat' dir='ltr'><strong>judicium.</strong></span> <span class='ocrx_word' id='word_1_399' title='bbox 2892 3121 3060 3178; x_wconf 84' lang='lat' dir='ltr'><strong>Nemo</strong></span> <span class='ocrx_word' id='word_1_400' title='bbox 3113 3138 3218 3177; x_wconf 92' lang='lat' dir='ltr'><strong>non</strong></span> <span class='ocrx_word' id='word_1_401' title='bbox 3303 3123 3539 3184; x_wconf 79' lang='lat' dir='ltr'><strong>Instituit</strong></span> 
     </span>
    </p>
   </div>
   <div class='ocr_carea' id='block_1_63' title="bbox 280 3190 1878 3290">
    <p class='ocr_par' dir='ltr' id='par_1_63' title="bbox 280 3213 1856 3288">
     <span class='ocr_line' id='line_1_63' title="bbox 280 3213 1856 3288; baseline 0.003 -22"><span class='ocrx_word' id='word_1_402' title='bbox 280 3213 382 3284; x_wconf 80' lang='grc' dir='ltr'>τῆς</span> <span class='ocrx_word' id='word_1_403' title='bbox 415 3214 642 3284; x_wconf 80' lang='grc' dir='ltr'>καρδίας</span> <span class='ocrx_word' id='word_1_404' title='bbox 685 3215 852 3268; x_wconf 85' lang='grc' dir='ltr'>αὐτοῦ</span> <span class='ocrx_word' id='word_1_405' title='bbox 886 3217 1220 3287; x_wconf 85' lang='grc' dir='ltr'>πορεύεται·</span> <span class='ocrx_word' id='word_1_406' title='bbox 1251 3218 1284 3288; x_wconf 78' lang='grc' dir='ltr'>ἡ</span> <span class='ocrx_word' id='word_1_407' title='bbox 1322 3216 1556 3287; x_wconf 69' lang='grc' dir='ltr'>πονηρία</span> <span class='ocrx_word' id='word_1_408' title='bbox 1595 3217 1856 3288; x_wconf 72' lang='grc' dir='ltr'>ἄμετρος,</span> 
     </span>
    </p>
   </div>
   <div class='ocr_carea' id='block_1_64' title="bbox 1976 3190 3539 3290">
    <p class='ocr_par' dir='ltr' id='par_1_64' title="bbox 1976 3215 3539 3290">
     <span class='ocr_line' id='line_1_64' title="bbox 1976 3215 3539 3290; baseline 0.001 -21"><span class='ocrx_word' id='word_1_409' title='bbox 1976 3217 2125 3270; x_wconf 72' lang='lat' dir='ltr'><strong>vitam</strong></span> <span class='ocrx_word' id='word_1_410' title='bbox 2164 3217 2228 3270; x_wconf 81' lang='lat' dir='ltr'><strong>ad</strong></span> <span class='ocrx_word' id='word_1_411' title='bbox 2257 3215 2540 3290; x_wconf 55' lang='lat' dir='ltr'><strong>arbitrium</strong></span> <span class='ocrx_word' id='word_1_412' title='bbox 2569 3216 2750 3271; x_wconf 83' lang='lat' dir='ltr'><strong>cordis</strong></span> <span class='ocrx_word' id='word_1_413' title='bbox 2781 3217 2888 3283; x_wconf 85' lang='lat' dir='ltr'><strong>sui,</strong></span> <span class='ocrx_word' id='word_1_414' title='bbox 2923 3217 3125 3271; x_wconf 88' lang='lat' dir='ltr'><strong>malitia</strong></span> <span class='ocrx_word' id='word_1_415' title='bbox 3171 3224 3256 3271; x_wconf 87' lang='lat' dir='ltr'><strong>est</strong></span> <span class='ocrx_word' id='word_1_416' title='bbox 3306 3217 3539 3271; x_wconf 89' lang='lat' dir='ltr'><strong>immen-</strong></span> 
     </span>
    </p>
   </div>
   <div class='ocr_carea' id='block_1_65' title="bbox 282 3307 1857 3386">
    <p class='ocr_par' dir='ltr' id='par_1_65' title="bbox 282 3307 1857 3386">
     <span class='ocr_line' id='line_1_65' title="bbox 282 3307 1857 3386; baseline 0.002 -25"><span class='ocrx_word' id='word_1_417' title='bbox 282 3309 336 3361; x_wconf 88' lang='grc' dir='ltr'>οί</span> <span class='ocrx_word' id='word_1_418' title='bbox 368 3307 489 3386; x_wconf 81' lang='grc' dir='ltr'><strong>λαοί</strong></span> <span class='ocrx_word' id='word_1_419' title='bbox 519 3308 892 3378; x_wconf 78' lang='grc' dir='ltr'>ἅνουθέτητοι,</span> <span class='ocrx_word' id='word_1_420' title='bbox 924 3310 974 3362; x_wconf 80' lang='lat' dir='ltr'><strong>oi</strong></span> <span class='ocrx_word' id='word_1_421' title='bbox 1009 3310 1356 3380; x_wconf 83' lang='grc' dir='ltr'>προεστῶτες</span> <span class='ocrx_word' id='word_1_422' title='bbox 1387 3309 1857 3382; x_wconf 79' lang='grc' dir='ltr'>ἁπαῤῥησίαστοι.</span> 
     </span>
    </p>
   </div>
   <div class='ocr_carea' id='block_1_66' title="bbox 283 3399 1862 3473">
    <p class='ocr_par' dir='ltr' id='par_1_66' title="bbox 283 3399 1862 3473">
     <span class='ocr_line' id='line_1_66' title="bbox 283 3399 1862 3473; baseline -0.002 -16"><span class='ocrx_word' id='word_1_423' title='bbox 283 3399 475 3457; x_wconf 82' lang='grc' dir='ltr'><strong>Δοῦλοι</strong></span> <span class='ocrx_word' id='word_1_424' title='bbox 512 3400 621 3470; x_wconf 75' lang='grc' dir='ltr'><strong>γὰρ</strong></span> <span class='ocrx_word' id='word_1_425' title='bbox 652 3400 760 3454; x_wconf 84' lang='grc' dir='ltr'>τῶν</span> <span class='ocrx_word' id='word_1_426' title='bbox 792 3401 1104 3459; x_wconf 80' lang='grc' dir='ltr'>δεδωκότων</span> <span class='ocrx_word' id='word_1_427' title='bbox 1133 3400 1234 3473; x_wconf 76' lang='grc' dir='ltr'>τὴν</span> <span class='ocrx_word' id='word_1_428' title='bbox 1286 3403 1450 3473; x_wconf 80' lang='grc' dir='ltr'>χάριν</span> <span class='ocrx_word' id='word_1_429' title='bbox 1477 3402 1528 3455; x_wconf 87' lang='grc' dir='ltr'><strong>οῑ</strong></span> <span class='ocrx_word' id='word_1_430' title='bbox 1558 3402 1624 3456; x_wconf 87' lang='grc' dir='ltr'>δι’</span> <span class='ocrx_word' id='word_1_431' title='bbox 1652 3401 1862 3473; x_wconf 76' lang='grc' dir='ltr'>ἀνθρώι-</span> 
     </span>
    </p>
   </div>
   <div class='ocr_carea' id='block_1_67' title="bbox 285 3494 1666 3568">
    <p class='ocr_par' dir='ltr' id='par_1_67' title="bbox 285 3494 1666 3568">
     <span class='ocr_line' id='line_1_67' title="bbox 285 3494 1666 3568; baseline 0.003 -20"><span class='ocrx_word' id='word_1_432' title='bbox 285 3511 405 3549; x_wconf 83' lang='grc' dir='ltr'><strong>πων</strong></span> <span class='ocrx_word' id='word_1_433' title='bbox 436 3494 648 3559; x_wconf 82' lang='grc' dir='ltr'>ἑαυτοῖς</span> <span class='ocrx_word' id='word_1_434' title='bbox 678 3495 780 3566; x_wconf 77' lang='grc' dir='ltr'>τὴν</span> <span class='ocrx_word' id='word_1_435' title='bbox 805 3494 1130 3552; x_wconf 77' lang='grc' dir='ltr'>δυναστείαν</span> <span class='ocrx_word' id='word_1_436' title='bbox 1158 3494 1666 3568; x_wconf 74' lang='grc' dir='ltr'>κατακτησάμενοι.</span> 
     </span>
    </p>
   </div>
   <div class='ocr_carea' id='block_1_68' title="bbox 361 3675 1864 3748">
    <p class='ocr_par' dir='ltr' id='par_1_68' title="bbox 361 3675 1864 3748">
     <span class='ocr_line' id='line_1_68' title="bbox 361 3675 1864 3748; baseline -0.001 -16"><span class='ocrx_word' id='word_1_437' title='bbox 361 3676 440 3732; x_wconf 81' lang='grc' dir='ltr'>Τὸ</span> <span class='ocrx_word' id='word_1_438' title='bbox 477 3675 755 3730; x_wconf 80' lang='grc' dir='ltr'>παιδεύειν</span> <span class='ocrx_word' id='word_1_439' title='bbox 800 3675 992 3739; x_wconf 77' lang='grc' dir='ltr'>ἄλλους</span> <span class='ocrx_word' id='word_1_440' title='bbox 1019 3675 1320 3748; x_wconf 68' lang='grc' dir='ltr'>ἐπιχειρεῖν</span> <span class='ocrx_word' id='word_1_441' title='bbox 1351 3676 1484 3748; x_wconf 75' lang='grc' dir='ltr'>πρὶν</span> <span class='ocrx_word' id='word_1_442' title='bbox 1514 3676 1713 3741; x_wconf 81' lang='grc' dir='ltr'>αὐτοὺς</span> <span class='ocrx_word' id='word_1_443' title='bbox 1743 3677 1864 3732; x_wconf 75' lang='grc' dir='ltr'>ίκαι-</span> 
     </span>
    </p>
   </div>
   <div class='ocr_carea' id='block_1_69' title="bbox 290 3769 1866 3841">
    <p class='ocr_par' dir='ltr' id='par_1_69' title="bbox 290 3769 1866 3841">
     <span class='ocr_line' id='line_1_69' title="bbox 290 3769 1866 3841; baseline -0.001 -15"><span class='ocrx_word' id='word_1_444' title='bbox 290 3771 397 3835; x_wconf 85' lang='grc' dir='ltr'><strong>νῶς</strong></span> <span class='ocrx_word' id='word_1_445' title='bbox 439 3769 816 3841; x_wconf 79' lang='grc' dir='ltr'>παιδευθῆναι,</span> <span class='ocrx_word' id='word_1_446' title='bbox 860 3771 956 3823; x_wconf 77' lang='grc' dir='ltr'>καὶ</span> <span class='ocrx_word' id='word_1_447' title='bbox 985 3771 1040 3822; x_wconf 77' lang='grc' dir='ltr'>ὲν</span> <span class='ocrx_word' id='word_1_448' title='bbox 1071 3770 1216 3840; x_wconf 82' lang='grc' dir='ltr'>πίθῳ</span> <span class='ocrx_word' id='word_1_449' title='bbox 1261 3769 1360 3840; x_wconf 84' lang='grc' dir='ltr'>τὴν</span> <span class='ocrx_word' id='word_1_450' title='bbox 1399 3769 1703 3840; x_wconf 84' lang='grc' dir='ltr'>κεραμείαν</span> <span class='ocrx_word' id='word_1_451' title='bbox 1731 3787 1866 3840; x_wconf 84' lang='grc' dir='ltr'>μαν-</span> 
     </span>
    </p>
   </div>
   <div class='ocr_carea' id='block_1_70' title="bbox 287 3862 1864 3934">
    <p class='ocr_par' dir='ltr' id='par_1_70' title="bbox 287 3862 1864 3934">
     <span class='ocr_line' id='line_1_70' title="bbox 287 3862 1864 3934; baseline -0.004 -13"><span class='ocrx_word' id='word_1_452' title='bbox 287 3864 498 3929; x_wconf 77' lang='grc' dir='ltr'>θάνειν,</span> <span class='ocrx_word' id='word_1_453' title='bbox 531 3864 590 3918; x_wconf 78' lang='grc' dir='ltr'>τὸ</span> <span class='ocrx_word' id='word_1_454' title='bbox 616 3865 678 3934; x_wconf 78' lang='grc' dir='ltr'>δὴ</span> <span class='ocrx_word' id='word_1_455' title='bbox 721 3863 1038 3932; x_wconf 78' lang='grc' dir='ltr'>λεγόμενον,</span> <span class='ocrx_word' id='word_1_456' title='bbox 1072 3864 1130 3916; x_wconf 66' lang='grc' dir='ltr'>ἐν</span> <span class='ocrx_word' id='word_1_457' title='bbox 1157 3864 1279 3927; x_wconf 76' lang='grc' dir='ltr'>ταῖς</span> <span class='ocrx_word' id='word_1_458' title='bbox 1309 3863 1418 3916; x_wconf 85' lang='grc' dir='ltr'><strong>τῶν</strong></span> <span class='ocrx_word' id='word_1_459' title='bbox 1456 3862 1635 3917; x_wconf 78' lang='grc' dir='ltr'>ἄλλων</span> <span class='ocrx_word' id='word_1_460' title='bbox 1663 3862 1864 3933; x_wconf 76' lang='grc' dir='ltr'>ψυχαῖς</span> 
     </span>
    </p>
   </div>
   <div class='ocr_carea' id='block_1_71' title="bbox 293 3953 1867 4026">
    <p class='ocr_par' dir='ltr' id='par_1_71' title="bbox 293 3953 1867 4026">
     <span class='ocr_line' id='line_1_71' title="bbox 293 3953 1867 4026; baseline 0.001 -19"><span class='ocrx_word' id='word_1_461' title='bbox 293 3955 594 4026; x_wconf 77' lang='grc' dir='ltr'>ἑκμελετᾷν</span> <span class='ocrx_word' id='word_1_462' title='bbox 623 3955 722 4024; x_wconf 84' lang='grc' dir='ltr'>τὴν</span> <span class='ocrx_word' id='word_1_463' title='bbox 771 3953 1056 4012; x_wconf 75' lang='grc' dir='ltr'>εὐσέϐειαν</span> <span class='ocrx_word' id='word_1_464' title='bbox 1082 3992 1098 4018; x_wconf 91' lang='grc'><strong>,</strong></span> <span class='ocrx_word' id='word_1_465' title='bbox 1144 3953 1268 4011; x_wconf 80' lang='grc' dir='ltr'>λίαν</span> <span class='ocrx_word' id='word_1_466' title='bbox 1306 3971 1399 4025; x_wconf 72' lang='grc' dir='ltr'><strong>μοι</strong></span> <span class='ocrx_word' id='word_1_467' title='bbox 1431 3954 1684 4023; x_wconf 83' lang='grc' dir='ltr'>φαίνεται</span> <span class='ocrx_word' id='word_1_468' title='bbox 1707 3955 1867 4024; x_wconf 82' lang='grc' dir='ltr'><strong>ἀνοή-</strong></span> 
     </span>
    </p>
   </div>
   <div class='ocr_carea' id='block_1_72' title="bbox 291 4043 1865 4118">
    <p class='ocr_par' dir='ltr' id='par_1_72' title="bbox 291 4043 1865 4118">
     <span class='ocr_line' id='line_1_72' title="bbox 291 4043 1865 4118; baseline 0 -18"><span class='ocrx_word' id='word_1_469' title='bbox 291 4064 403 4101; x_wconf 88' lang='grc' dir='ltr'><strong>των</strong></span> <span class='ocrx_word' id='word_1_470' title='bbox 429 4046 462 4118; x_wconf 80' lang='grc' dir='ltr'>ἢ</span> <span class='ocrx_word' id='word_1_471' title='bbox 489 4045 814 4117; x_wconf 68' lang='grc' dir='ltr'><strong>τολμισιρῶν⁹</strong></span> <span class='ocrx_word' id='word_1_472' title='bbox 862 4046 1138 4100; x_wconf 73' lang='grc' dir='ltr'>ἀσυνέτων</span> <span class='ocrx_word' id='word_1_473' title='bbox 1170 4046 1289 4116; x_wconf 81' lang='grc' dir='ltr'>μὲν,</span> <span class='ocrx_word' id='word_1_474' title='bbox 1322 4047 1372 4098; x_wconf 83' lang='grc' dir='ltr'><strong>εί</strong></span> <span class='ocrx_word' id='word_1_475' title='bbox 1404 4045 1539 4116; x_wconf 76' lang='grc' dir='ltr'>μηδὲ</span> <span class='ocrx_word' id='word_1_476' title='bbox 1576 4043 1865 4100; x_wconf 72' lang='grc' dir='ltr'>αἰσθάνον-</span> 
     </span>
    </p>
   </div>
   <div class='ocr_carea' id='block_1_73' title="bbox 296 4136 1866 4210">
    <p class='ocr_par' dir='ltr' id='par_1_73' title="bbox 296 4136 1866 4210">
     <span class='ocr_line' id='line_1_73' title="bbox 296 4136 1866 4210; baseline 0.001 -18"><span class='ocrx_word' id='word_1_477' title='bbox 296 4157 384 4198; x_wconf 79' lang='grc' dir='ltr'><strong>ται</strong></span> <span class='ocrx_word' id='word_1_478' title='bbox 415 4140 515 4210; x_wconf 78' lang='grc' dir='ltr'>τῆς</span> <span class='ocrx_word' id='word_1_479' title='bbox 557 4137 768 4196; x_wconf 76' lang='grc' dir='ltr'>ἑαυτῶν</span> <span class='ocrx_word' id='word_1_480' title='bbox 808 4136 1049 4209; x_wconf 81' lang='grc' dir='ltr'>ἀμαθίας</span> <span class='ocrx_word' id='word_1_481' title='bbox 1075 4153 1090 4171; x_wconf 78' lang='grc'><strong>’</strong></span> <span class='ocrx_word' id='word_1_482' title='bbox 1123 4137 1372 4208; x_wconf 83' lang='grc' dir='ltr'>θρασέων</span> <span class='ocrx_word' id='word_1_483' title='bbox 1394 4137 1472 4206; x_wconf 79' lang='grc' dir='ltr'>δὲ,</span> <span class='ocrx_word' id='word_1_484' title='bbox 1512 4139 1561 4193; x_wconf 80' lang='grc' dir='ltr'><strong>εί</strong></span> <span class='ocrx_word' id='word_1_485' title='bbox 1592 4138 1866 4200; x_wconf 74' lang='grc' dir='ltr'>συνιέντες</span> 
     </span>
    </p>
   </div>
   <div class='ocr_carea' id='block_1_74' title="bbox 295 4229 1197 4302">
    <p class='ocr_par' dir='ltr' id='par_1_74' title="bbox 295 4229 1197 4302">
     <span class='ocr_line' id='line_1_74' title="bbox 295 4229 1197 4302; baseline 0.004 -20"><span class='ocrx_word' id='word_1_486' title='bbox 295 4229 683 4302; x_wconf 76' lang='grc' dir='ltr'>κατατολμῶσι</span> <span class='ocrx_word' id='word_1_487' title='bbox 717 4230 814 4284; x_wconf 86' lang='grc' dir='ltr'><strong>τοῦ</strong></span> <span class='ocrx_word' id='word_1_488' title='bbox 844 4230 1197 4300; x_wconf 83' lang='grc' dir='ltr'>πράγματος.</span> 
     </span>
    </p>
   </div>
   <div class='ocr_carea' id='block_1_75' title="bbox 368 4410 1872 4487">
    <p class='ocr_par' dir='ltr' id='par_1_75' title="bbox 368 4410 1872 4487">
     <span class='ocr_line' id='line_1_75' title="bbox 368 4410 1872 4487; baseline -0.004 -15"><span class='ocrx_word' id='word_1_489' title='bbox 368 4413 534 4480; x_wconf 58' lang='lat' dir='ltr'><strong>Tagi;</strong></span> <span class='ocrx_word' id='word_1_490' title='bbox 577 4415 678 4471; x_wconf 83' lang='grc' dir='ltr'><strong>οὐκ</strong></span> <span class='ocrx_word' id='word_1_491' title='bbox 720 4415 920 4487; x_wconf 77' lang='grc' dir='ltr'>ἀρίστη</span> <span class='ocrx_word' id='word_1_492' title='bbox 957 4414 1234 4471; x_wconf 82' lang='grc' dir='ltr'>διδάσκειν</span> <span class='ocrx_word' id='word_1_493' title='bbox 1259 4414 1546 4486; x_wconf 84' lang='grc' dir='ltr'>πρότερον,</span> <span class='ocrx_word' id='word_1_494' title='bbox 1579 4410 1699 4468; x_wconf 80' lang='grc' dir='ltr'>εἶτα</span> <span class='ocrx_word' id='word_1_495' title='bbox 1736 4429 1872 4484; x_wconf 76' lang='grc' dir='ltr'>μανι-</span> 
     </span>
    </p>
   </div>
   <div class='ocr_carea' id='block_1_76' title="bbox 1959 3307 3538 3378">
    <p class='ocr_par' dir='ltr' id='par_1_76' title="bbox 1959 3307 3538 3378">
     <span class='ocr_line' id='line_1_76' title="bbox 1959 3307 3538 3378; baseline 0.002 -16"><span class='ocrx_word' id='word_1_496' title='bbox 1959 3321 2042 3373; x_wconf 74' lang='lat' dir='ltr'><strong>sa,</strong></span> <span class='ocrx_word' id='word_1_497' title='bbox 2072 3309 2302 3377; x_wconf 81' lang='lat' dir='ltr'><strong>populus</strong></span> <span class='ocrx_word' id='word_1_498' title='bbox 2332 3307 2734 3362; x_wconf 85' lang='lat' dir='ltr'><strong>admonitiones</strong></span> <span class='ocrx_word' id='word_1_499' title='bbox 2789 3323 2895 3361; x_wconf 87' lang='lat' dir='ltr'><strong>non</strong></span> <span class='ocrx_word' id='word_1_500' title='bbox 2960 3309 3138 3372; x_wconf 87' lang='lat' dir='ltr'><strong>audit,</strong></span> <span class='ocrx_word' id='word_1_501' title='bbox 3184 3308 3430 3378; x_wconf 65' lang='lat' dir='ltr'><strong>praefecti</strong></span> <span class='ocrx_word' id='word_1_502' title='bbox 3457 3309 3538 3365; x_wconf 50' lang='lat' dir='ltr'><strong>loc</strong></span> 
     </span>
    </p>
   </div>
   <div class='ocr_carea' id='block_1_77' title="bbox 1961 3398 3540 3468">
    <p class='ocr_par' dir='ltr' id='par_1_77' title="bbox 1961 3398 3540 3468">
     <span class='ocr_line' id='line_1_77' title="bbox 1961 3398 3540 3468; baseline 0.001 -19"><span class='ocrx_word' id='word_1_503' title='bbox 1961 3400 2053 3468; x_wconf 91' lang='lat' dir='ltr'><strong>qui</strong></span> <span class='ocrx_word' id='word_1_504' title='bbox 2095 3399 2266 3453; x_wconf 87' lang='lat' dir='ltr'><strong>libere</strong></span> <span class='ocrx_word' id='word_1_505' title='bbox 2290 3414 2392 3452; x_wconf 87' lang='lat' dir='ltr'><strong>non</strong></span> <span class='ocrx_word' id='word_1_506' title='bbox 2425 3400 2649 3454; x_wconf 83' lang='lat' dir='ltr'><strong>audent.</strong></span> <span class='ocrx_word' id='word_1_507' title='bbox 2707 3399 2858 3454; x_wconf 84' lang='lat' dir='ltr'><strong>Servi</strong></span> <span class='ocrx_word' id='word_1_508' title='bbox 2897 3398 3040 3452; x_wconf 89' lang='lat' dir='ltr'><strong>enim</strong></span> <span class='ocrx_word' id='word_1_509' title='bbox 3084 3409 3214 3454; x_wconf 85' lang='lat' dir='ltr'><strong>sunt</strong></span> <span class='ocrx_word' id='word_1_510' title='bbox 3265 3413 3477 3465; x_wconf 88' lang='lat' dir='ltr'><strong>eorum,</strong></span> <span class='ocrx_word' id='word_1_511' title='bbox 3507 3414 3540 3460; x_wconf 66' lang='grc' dir='ltr'><strong>α</strong></span> 
     </span>
    </p>
   </div>
   <div class='ocr_carea' id='block_1_78' title="bbox 1961 3491 3537 3571">
    <p class='ocr_par' dir='ltr' id='par_1_78' title="bbox 1961 3491 3537 3571">
     <span class='ocr_line' id='line_1_78' title="bbox 1961 3491 3537 3571; baseline 0.004 -26"><span class='ocrx_word' id='word_1_512' title='bbox 1961 3493 2160 3560; x_wconf 77' lang='lat' dir='ltr'><strong>quibus</strong></span> <span class='ocrx_word' id='word_1_513' title='bbox 2192 3491 2510 3546; x_wconf 82' lang='lat' dir='ltr'><strong>beneﬁcium</strong></span> <span class='ocrx_word' id='word_1_514' title='bbox 2558 3506 2838 3571; x_wconf 82' lang='lat' dir='ltr'><strong>accepere,</strong></span> <span class='ocrx_word' id='word_1_515' title='bbox 2870 3493 2963 3560; x_wconf 89' lang='lat' dir='ltr'><strong>qui</strong></span> <span class='ocrx_word' id='word_1_516' title='bbox 3020 3507 3116 3561; x_wconf 89' lang='lat' dir='ltr'><strong>per</strong></span> <span class='ocrx_word' id='word_1_517' title='bbox 3147 3493 3396 3548; x_wconf 84' lang='lat' dir='ltr'><strong>homines</strong></span> <span class='ocrx_word' id='word_1_518' title='bbox 3431 3493 3537 3551; x_wconf 85' lang='lat' dir='ltr'><strong>sibi</strong></span> 
     </span>
    </p>
   </div>
   <div class='ocr_carea' id='block_1_79' title="bbox 1962 3583 3184 3657">
    <p class='ocr_par' dir='ltr' id='par_1_79' title="bbox 1962 3583 3184 3657">
     <span class='ocr_line' id='line_1_79' title="bbox 1962 3583 3184 3657; baseline 0.002 -20"><span class='ocrx_word' id='word_1_519' title='bbox 1962 3583 2338 3656; x_wconf 63' lang='lat' dir='ltr'><strong>pra-tecturam</strong></span> <span class='ocrx_word' id='word_1_520' title='bbox 2367 3594 2420 3638; x_wconf 92' lang='lat' dir='ltr'><strong>et</strong></span> <span class='ocrx_word' id='word_1_521' title='bbox 2449 3587 2737 3652; x_wconf 83' lang='lat' dir='ltr'><strong>potentiam</strong></span> <span class='ocrx_word' id='word_1_522' title='bbox 2769 3595 3184 3657; x_wconf 84' lang='lat' dir='ltr'><strong>compararunt.</strong></span> 
     </span>
    </p>
   </div>
   <div class='ocr_carea' id='block_1_80' title="bbox 2041 3677 3540 3752">
    <p class='ocr_par' dir='ltr' id='par_1_80' title="bbox 2041 3677 3540 3752">
     <span class='ocr_line' id='line_1_80' title="bbox 2041 3677 3540 3752; baseline 0.002 -20"><span class='ocrx_word' id='word_1_523' title='bbox 2041 3677 2304 3750; x_wconf 82' lang='lat' dir='ltr'><strong>Tlteologi.</strong></span> <span class='ocrx_word' id='word_1_524' title='bbox 2333 3679 2433 3745; x_wconf 84' lang='lat' dir='ltr'><strong>Qui</strong></span> <span class='ocrx_word' id='word_1_525' title='bbox 2478 3681 2612 3734; x_wconf 83' lang='lat' dir='ltr'><strong>aiios</strong></span> <span class='ocrx_word' id='word_1_526' title='bbox 2638 3681 2856 3735; x_wconf 84' lang='lat' dir='ltr'><strong>erudire</strong></span> <span class='ocrx_word' id='word_1_527' title='bbox 2889 3690 3182 3747; x_wconf 86' lang='lat' dir='ltr'><strong>conantur,</strong></span> <span class='ocrx_word' id='word_1_528' title='bbox 3221 3681 3540 3752; x_wconf 84' lang='lat' dir='ltr'><strong>priusquam</strong></span> 
     </span>
    </p>
   </div>
   <div class='ocr_carea' id='block_1_81' title="bbox 1966 3773 3544 3844">
    <p class='ocr_par' dir='ltr' id='par_1_81' title="bbox 1966 3773 3544 3844">
     <span class='ocr_line' id='line_1_81' title="bbox 1966 3773 3544 3844; baseline 0.003 -19"><span class='ocrx_word' id='word_1_529' title='bbox 1966 3773 2070 3842; x_wconf 85' lang='lat' dir='ltr'><strong>ipsi</strong></span> <span class='ocrx_word' id='word_1_530' title='bbox 2107 3774 2242 3830; x_wconf 88' lang='lat' dir='ltr'><strong>satis</strong></span> <span class='ocrx_word' id='word_1_531' title='bbox 2271 3773 2471 3828; x_wconf 86' lang='lat' dir='ltr'><strong>eruditi</strong></span> <span class='ocrx_word' id='word_1_532' title='bbox 2503 3775 2632 3839; x_wconf 89' lang='lat' dir='ltr'><strong>sint,</strong></span> <span class='ocrx_word' id='word_1_533' title='bbox 2675 3773 2818 3829; x_wconf 89' lang='lat' dir='ltr'><strong>aein</strong></span> <span class='ocrx_word' id='word_1_534' title='bbox 2853 3774 2999 3828; x_wconf 91' lang='lat' dir='ltr'><strong>dolio</strong></span> <span class='ocrx_word' id='word_1_535' title='bbox 3055 3785 3226 3828; x_wconf 86' lang='lat' dir='ltr'><strong>artem</strong></span> <span class='ocrx_word' id='word_1_536' title='bbox 3260 3775 3409 3844; x_wconf 77' lang='lat' dir='ltr'><strong>ﬁguli</strong></span> <span class='ocrx_word' id='word_1_537' title='bbox 3434 3775 3544 3829; x_wconf 75' lang='lat' dir='ltr'><strong>dis-</strong></span> 
     </span>
    </p>
   </div>
   <div class='ocr_carea' id='block_1_82' title="bbox 1965 3865 3546 3937">
    <p class='ocr_par' dir='ltr' id='par_1_82' title="bbox 1965 3865 3546 3937">
     <span class='ocr_line' id='line_1_82' title="bbox 1965 3865 3546 3937; baseline 0.001 -18"><span class='ocrx_word' id='word_1_538' title='bbox 1965 3873 2099 3920; x_wconf 89' lang='lat' dir='ltr'><strong>cunt</strong></span> <span class='ocrx_word' id='word_1_539' title='bbox 2143 3868 2225 3933; x_wconf 84' lang='lat' dir='ltr'><strong>(ut</strong></span> <span class='ocrx_word' id='word_1_540' title='bbox 2253 3867 2424 3921; x_wconf 89' lang='lat' dir='ltr'><strong>estin</strong></span> <span class='ocrx_word' id='word_1_541' title='bbox 2475 3865 2785 3937; x_wconf 83' lang='lat' dir='ltr'><strong>proverbio)</strong></span> <span class='ocrx_word' id='word_1_542' title='bbox 2821 3875 2984 3935; x_wconf 89' lang='lat' dir='ltr'><strong>atque</strong></span> <span class='ocrx_word' id='word_1_543' title='bbox 3037 3867 3093 3920; x_wconf 89' lang='lat' dir='ltr'><strong>in</strong></span> <span class='ocrx_word' id='word_1_544' title='bbox 3153 3865 3352 3921; x_wconf 85' lang='lat' dir='ltr'><strong>animis</strong></span> <span class='ocrx_word' id='word_1_545' title='bbox 3407 3868 3546 3923; x_wconf 86' lang='lat' dir='ltr'><strong>alio-</strong></span> 
     </span>
    </p>
   </div>
   <div class='ocr_carea' id='block_1_83' title="bbox 1967 3957 3545 4027">
    <p class='ocr_par' dir='ltr' id='par_1_83' title="bbox 1967 3957 3545 4027">
     <span class='ocr_line' id='line_1_83' title="bbox 1967 3957 3545 4027; baseline -0.001 -17"><span class='ocrx_word' id='word_1_546' title='bbox 1967 3971 2086 4010; x_wconf 90' lang='lat' dir='ltr'><strong>rum</strong></span> <span class='ocrx_word' id='word_1_547' title='bbox 2139 3958 2390 4027; x_wconf 85' lang='lat' dir='ltr'><strong>pietatem</strong></span> <span class='ocrx_word' id='word_1_548' title='bbox 2423 3957 2672 4012; x_wconf 89' lang='lat' dir='ltr'><strong>ediscunt</strong></span> <span class='ocrx_word' id='word_1_549' title='bbox 2698 3957 3161 4024; x_wconf 84' lang='lat' dir='ltr'><strong>ac&#39;meditantnr,</strong></span> <span class='ocrx_word' id='word_1_550' title='bbox 3220 3959 3383 4011; x_wconf 88' lang='lat' dir='ltr'><strong>nimis</strong></span> <span class='ocrx_word' id='word_1_551' title='bbox 3409 3959 3545 4020; x_wconf 81' lang='lat' dir='ltr'><strong>stul-</strong></span> 
     </span>
    </p>
   </div>
   <div class='ocr_carea' id='block_1_84' title="bbox 1971 4047 3543 4113">
    <p class='ocr_par' dir='ltr' id='par_1_84' title="bbox 1971 4047 3543 4113">
     <span class='ocr_line' id='line_1_84' title="bbox 1971 4047 3543 4113; baseline 0 -11"><span class='ocrx_word' id='word_1_552' title='bbox 1971 4055 2149 4102; x_wconf 87' lang='lat' dir='ltr'><strong>torum</strong></span> <span class='ocrx_word' id='word_1_553' title='bbox 2183 4048 2285 4103; x_wconf 88' lang='lat' dir='ltr'><strong>hoc</strong></span> <span class='ocrx_word' id='word_1_554' title='bbox 2317 4047 2449 4102; x_wconf 86' lang='lat' dir='ltr'><strong>mibi</strong></span> <span class='ocrx_word' id='word_1_555' title='bbox 2477 4062 2599 4103; x_wconf 86' lang='lat' dir='ltr'><strong>esse</strong></span> <span class='ocrx_word' id='word_1_556' title='bbox 2628 4047 2865 4113; x_wconf 85' lang='lat' dir='ltr'><strong>videtur,</strong></span> <span class='ocrx_word' id='word_1_557' title='bbox 2899 4047 2983 4101; x_wconf 91' lang='lat' dir='ltr'><strong>vel</strong></span> <span class='ocrx_word' id='word_1_558' title='bbox 3021 4048 3337 4108; x_wconf 86' lang='lat' dir='ltr'><strong>audacium.</strong></span> <span class='ocrx_word' id='word_1_559' title='bbox 3365 4047 3543 4110; x_wconf 59' lang='lat' dir='ltr'><strong>Hebe.</strong></span> 
     </span>
    </p>
   </div>
   <div class='ocr_carea' id='block_1_85' title="bbox 1970 4139 3547 4212">
    <p class='ocr_par' dir='ltr' id='par_1_85' title="bbox 1970 4139 3547 4212">
     <span class='ocr_line' id='line_1_85' title="bbox 1970 4139 3547 4212; baseline -0.001 -13"><span class='ocrx_word' id='word_1_560' title='bbox 1970 4150 2052 4200; x_wconf 85' lang='lat' dir='ltr'><strong>tes</strong></span> <span class='ocrx_word' id='word_1_561' title='bbox 2099 4141 2320 4212; x_wconf 87' lang='lat' dir='ltr'><strong>quidem</strong></span> <span class='ocrx_word' id='word_1_562' title='bbox 2372 4151 2518 4196; x_wconf 86' lang='lat' dir='ltr'><strong>certe</strong></span> <span class='ocrx_word' id='word_1_563' title='bbox 2586 4149 2737 4205; x_wconf 87' lang='lat' dir='ltr'><strong>sunt,</strong></span> <span class='ocrx_word' id='word_1_564' title='bbox 2775 4139 2823 4195; x_wconf 89' lang='lat' dir='ltr'><strong>si</strong></span> <span class='ocrx_word' id='word_1_565' title='bbox 2867 4154 2975 4195; x_wconf 90' lang='lat' dir='ltr'><strong>non</strong></span> <span class='ocrx_word' id='word_1_566' title='bbox 3042 4140 3284 4196; x_wconf 85' lang='lat' dir='ltr'><strong>sentiunt</strong></span> <span class='ocrx_word' id='word_1_567' title='bbox 3315 4155 3374 4196; x_wconf 89' lang='lat' dir='ltr'><strong>se</strong></span> <span class='ocrx_word' id='word_1_568' title='bbox 3424 4155 3456 4204; x_wconf 78' lang='grc' dir='ltr'><strong>ε</strong></span> <span class='ocrx_word' id='word_1_569' title='bbox 3489 4156 3547 4199; x_wconf 80' lang='grc' dir='ltr'><strong>σε</strong></span> 
     </span>
    </p>
   </div>
   <div class='ocr_carea' id='block_1_86' title="bbox 1972 4233 3548 4306">
    <p class='ocr_par' dir='ltr' id='par_1_86' title="bbox 1972 4233 3548 4306">
     <span class='ocr_line' id='line_1_86' title="bbox 1972 4233 3548 4306; baseline 0.001 -17"><span class='ocrx_word' id='word_1_570' title='bbox 1972 4234 2222 4290; x_wconf 86' lang='lat' dir='ltr'><strong>indoctos</strong></span> <span class='ocrx_word' id='word_1_571' title='bbox 2251 4251 2266 4288; x_wconf 90' lang='lat'><strong>:</strong></span> <span class='ocrx_word' id='word_1_572' title='bbox 2298 4233 2536 4291; x_wconf 83' lang='lat' dir='ltr'><strong>audaces</strong></span> <span class='ocrx_word' id='word_1_573' title='bbox 2557 4242 2762 4300; x_wconf 89' lang='lat' dir='ltr'><strong>autem,</strong></span> <span class='ocrx_word' id='word_1_574' title='bbox 2790 4235 2837 4290; x_wconf 89' lang='lat' dir='ltr'><strong>si</strong></span> <span class='ocrx_word' id='word_1_575' title='bbox 2860 4248 2986 4290; x_wconf 92' lang='lat' dir='ltr'><strong>cum</strong></span> <span class='ocrx_word' id='word_1_576' title='bbox 3013 4234 3344 4306; x_wconf 74' lang='lat' dir='ltr'><strong>intelligant,</strong></span> <span class='ocrx_word' id='word_1_577' title='bbox 3365 4246 3548 4292; x_wconf 66' lang='lat' dir='ltr'><strong>tamen</strong></span> 
     </span>
    </p>
   </div>
   <div class='ocr_carea' id='block_1_87' title="bbox 1970 4327 2465 4398">
    <p class='ocr_par' dir='ltr' id='par_1_87' title="bbox 1970 4327 2465 4398">
     <span class='ocr_line' id='line_1_87' title="bbox 1970 4327 2465 4398; baseline 0.008 -18"><span class='ocrx_word' id='word_1_578' title='bbox 1970 4327 2190 4398; x_wconf 74' lang='lat' dir='ltr'><strong>aggredi</strong></span> <span class='ocrx_word' id='word_1_579' title='bbox 2244 4328 2465 4384; x_wconf 88' lang='lat' dir='ltr'><strong>audent.</strong></span> 
     </span>
    </p>
   </div>
   <div class='ocr_carea' id='block_1_88' title="bbox 2045 4417 3553 4495">
    <p class='ocr_par' dir='ltr' id='par_1_88' title="bbox 2045 4417 3553 4495">
     <span class='ocr_line' id='line_1_88' title="bbox 2045 4417 3553 4495; baseline -0.003 -15"><span class='ocrx_word' id='word_1_580' title='bbox 2045 4417 2204 4495; x_wconf 64' lang='grc'><strong>140</strong></span> <span class='ocrx_word' id='word_1_581' title='bbox 2253 4418 2401 4476; x_wconf 87' lang='lat' dir='ltr'><strong>Ordo</strong></span> <span class='ocrx_word' id='word_1_582' title='bbox 2433 4433 2543 4475; x_wconf 89' lang='lat' dir='ltr'><strong>non</strong></span> <span class='ocrx_word' id='word_1_583' title='bbox 2583 4419 2822 4490; x_wconf 89' lang='lat' dir='ltr'><strong>optimus</strong></span> <span class='ocrx_word' id='word_1_584' title='bbox 2854 4428 2938 4475; x_wconf 83' lang='lat' dir='ltr'><strong>est</strong></span> <span class='ocrx_word' id='word_1_585' title='bbox 2969 4419 3164 4477; x_wconf 88' lang='lat' dir='ltr'><strong>docere</strong></span> <span class='ocrx_word' id='word_1_586' title='bbox 3191 4421 3366 4490; x_wconf 79' lang='lat' dir='ltr'><strong>prius,</strong></span> <span class='ocrx_word' id='word_1_587' title='bbox 3396 4419 3553 4476; x_wconf 57' lang='lat' dir='ltr'><strong>dein.</strong></span> 
     </span>
    </p>
   </div>
   <div class='ocr_carea' id='block_1_89' title="bbox 299 4506 1878 4584">
    <p class='ocr_par' dir='ltr' id='par_1_89' title="bbox 299 4506 1874 4580">
     <span class='ocr_line' id='line_1_89' title="bbox 299 4506 1874 4580; baseline -0.001 -18"><span class='ocrx_word' id='word_1_588' title='bbox 299 4507 508 4572; x_wconf 82' lang='grc' dir='ltr'>θάνειν,</span> <span class='ocrx_word' id='word_1_589' title='bbox 545 4507 620 4578; x_wconf 74' lang='grc' dir='ltr'>μὴ</span> <span class='ocrx_word' id='word_1_590' title='bbox 645 4507 728 4564; x_wconf 84' lang='grc' dir='ltr'>ὅτι</span> <span class='ocrx_word' id='word_1_591' title='bbox 769 4508 837 4562; x_wconf 81' lang='grc' dir='ltr'><strong>τὰ</strong></span> <span class='ocrx_word' id='word_1_592' title='bbox 864 4507 978 4563; x_wconf 81' lang='grc' dir='ltr'>θεία</span> <span class='ocrx_word' id='word_1_593' title='bbox 1007 4508 1102 4562; x_wconf 78' lang='grc' dir='ltr'>καὶ</span> <span class='ocrx_word' id='word_1_594' title='bbox 1125 4506 1495 4578; x_wconf 85' lang='grc' dir='ltr'>τηλικαῦτα...</span> <span class='ocrx_word' id='word_1_595' title='bbox 1517 4507 1698 4580; x_wconf 71' lang='grc' dir='ltr'>(ἔοικε</span> <span class='ocrx_word' id='word_1_596' title='bbox 1747 4507 1874 4560; x_wconf 68' lang='grc' dir='ltr'>λεί-</span> 
     </span>
    </p>
   </div>
   <div class='ocr_carea' id='block_1_90' title="bbox 1976 4506 3550 4584">
    <p class='ocr_par' dir='ltr' id='par_1_90' title="bbox 1981 4506 3550 4573">
     <span class='ocr_line' id='line_1_90' title="bbox 1981 4506 3550 4573; baseline 0.004 -11"><span class='ocrx_word' id='word_1_597' title='bbox 1981 4506 2047 4563; x_wconf 84' lang='lat' dir='ltr'><strong>de</strong></span> <span class='ocrx_word' id='word_1_598' title='bbox 2072 4511 2296 4573; x_wconf 72' lang='lat' dir='ltr'><strong>discere,</strong></span> <span class='ocrx_word' id='word_1_599' title='bbox 2322 4525 2429 4563; x_wconf 88' lang='lat' dir='ltr'><strong>non</strong></span> <span class='ocrx_word' id='word_1_600' title='bbox 2464 4509 2638 4564; x_wconf 83' lang='lat' dir='ltr'><strong>solum</strong></span> <span class='ocrx_word' id='word_1_601' title='bbox 2686 4511 2739 4564; x_wconf 87' lang='lat' dir='ltr'><strong>in</strong></span> <span class='ocrx_word' id='word_1_602' title='bbox 2769 4509 2972 4565; x_wconf 82' lang='lat' dir='ltr'><strong>divinis</strong></span> <span class='ocrx_word' id='word_1_603' title='bbox 3001 4524 3066 4565; x_wconf 87' lang='lat' dir='ltr'><strong>ac</strong></span> <span class='ocrx_word' id='word_1_604' title='bbox 3095 4513 3260 4566; x_wconf 84' lang='lat' dir='ltr'><strong>tantis</strong></span> <span class='ocrx_word' id='word_1_605' title='bbox 3288 4513 3476 4568; x_wconf 79' lang='lat' dir='ltr'><strong>rebus.</strong></span> <span class='ocrx_word' id='word_1_606' title='bbox 3501 4549 3550 4568; x_wconf 90' lang='lat'><strong>..</strong></span> 
     </span>
    </p>
   </div>
   <div class='ocr_carea' id='block_1_91' title="bbox 298 4598 654 4670">
    <p class='ocr_par' dir='ltr' id='par_1_91' title="bbox 298 4598 654 4670">
     <span class='ocr_line' id='line_1_91' title="bbox 298 4598 654 4670; baseline -0.003 -16"><span class='ocrx_word' id='word_1_607' title='bbox 298 4615 440 4654; x_wconf 70' lang='lat' dir='ltr'><strong>zstr</strong></span> <span class='ocrx_word' id='word_1_608' title='bbox 474 4598 654 4670; x_wconf 82' lang='grc' dir='ltr'><strong>τινά.)</strong></span> 
     </span>
    </p>
   </div>
   <div class='ocr_carea' id='block_1_92' title="bbox 373 4687 1875 4762">
    <p class='ocr_par' dir='ltr' id='par_1_92' title="bbox 373 4687 1875 4762">
     <span class='ocr_line' id='line_1_92' title="bbox 373 4687 1875 4762; baseline 0 -19"><span class='ocrx_word' id='word_1_609' title='bbox 373 4691 690 4762; x_wconf 83' lang='grc' dir='ltr'>Χειροτονεῖ</span> <span class='ocrx_word' id='word_1_610' title='bbox 713 4689 768 4744; x_wconf 85' lang='grc' dir='ltr'>δὲ</span> <span class='ocrx_word' id='word_1_611' title='bbox 798 4690 994 4761; x_wconf 74' lang='grc' dir='ltr'>ῥᾳδίως</span> <span class='ocrx_word' id='word_1_612' title='bbox 1023 4687 1254 4752; x_wconf 80' lang='grc' dir='ltr'>πολλοὺς</span> <span class='ocrx_word' id='word_1_613' title='bbox 1278 4688 1378 4760; x_wconf 72' lang='grc' dir='ltr'>μὲν</span> <span class='ocrx_word' id='word_1_614' title='bbox 1407 4687 1618 4762; x_wconf 70' lang='grc' dir='ltr'>αγίους,</span> <span class='ocrx_word' id='word_1_615' title='bbox 1643 4687 1875 4753; x_wconf 75' lang='grc' dir='ltr'>πολλοὺς</span> 
     </span>
    </p>
   </div>
   <div class='ocr_carea' id='block_1_93' title="bbox 297 4757 1874 4852">
    <p class='ocr_par' dir='ltr' id='par_1_93' title="bbox 297 4757 1874 4852">
     <span class='ocr_line' id='line_1_93' title="bbox 297 4757 1874 4852; baseline -0.004 -15"><span class='ocrx_word' id='word_1_616' title='bbox 297 4785 355 4837; x_wconf 79' lang='grc' dir='ltr'>δὲ</span> <span class='ocrx_word' id='word_1_617' title='bbox 389 4757 583 4846; x_wconf 69' lang='grc' dir='ltr'>ἀθέους</span> <span class='ocrx_word' id='word_1_618' title='bbox 618 4780 763 4852; x_wconf 74' lang='grc' dir='ltr'>παρὰ</span> <span class='ocrx_word' id='word_1_619' title='bbox 789 4757 1016 4844; x_wconf 49' lang='lat' dir='ltr'><strong>metu;</strong></span> <span class='ocrx_word' id='word_1_620' title='bbox 1038 4780 1067 4835; x_wconf 85' lang='grc' dir='ltr'><strong>ό</strong></span> <span class='ocrx_word' id='word_1_621' title='bbox 1097 4757 1315 4850; x_wconf 72' lang='grc' dir='ltr'>καιρὸς,</span> <span class='ocrx_word' id='word_1_622' title='bbox 1347 4757 1550 4849; x_wconf 76' lang='grc' dir='ltr'>μᾶλλον</span> <span class='ocrx_word' id='word_1_623' title='bbox 1575 4778 1632 4832; x_wconf 78' lang='grc' dir='ltr'>δὲ</span> <span class='ocrx_word' id='word_1_624' title='bbox 1663 4780 1874 4841; x_wconf 75' lang='grc' dir='ltr'>πάντας</span> 
     </span>
    </p>
   </div>
   <div class='ocr_carea' id='block_1_94' title="bbox 241 4875 550 4946">
    <p class='ocr_par' dir='ltr' id='par_1_94' title="bbox 241 4875 550 4946">
     <span class='ocr_line' id='line_1_94' title="bbox 241 4875 550 4946; baseline -0.003 -16"><span class='ocrx_word' id='word_1_625' title='bbox 241 4942 248 4946; x_wconf 92' lang='lat'><em>_</em></span> <span class='ocrx_word' id='word_1_626' title='bbox 301 4875 550 4938; x_wconf 79' lang='grc' dir='ltr'>ἀθλίους.</span> 
     </span>
    </p>
   </div>
   <div class='ocr_carea' id='block_1_95' title="bbox 373 4958 1873 5032">
    <p class='ocr_par' dir='ltr' id='par_1_95' title="bbox 373 4958 1873 5032">
     <span class='ocr_line' id='line_1_95' title="bbox 373 4958 1873 5032; baseline -0.003 -17"><span class='ocrx_word' id='word_1_627' title='bbox 373 4961 560 5016; x_wconf 79' lang='grc' dir='ltr'>Ταῦτα</span> <span class='ocrx_word' id='word_1_628' title='bbox 600 4959 710 5032; x_wconf 76' lang='grc' dir='ltr'><strong>γὰρ</strong></span> <span class='ocrx_word' id='word_1_629' title='bbox 738 4960 847 5016; x_wconf 86' lang='grc' dir='ltr'><strong>τῶν</strong></span> <span class='ocrx_word' id='word_1_630' title='bbox 877 4959 1050 5016; x_wconf 88' lang='grc' dir='ltr'>νόθων</span> <span class='ocrx_word' id='word_1_631' title='bbox 1075 4962 1171 5019; x_wconf 82' lang='grc' dir='ltr'>καὶ</span> <span class='ocrx_word' id='word_1_632' title='bbox 1200 4958 1646 5029; x_wconf 74' lang='grc' dir='ltr'>παρεγγράπτων</span> <span class='ocrx_word' id='word_1_633' title='bbox 1681 4960 1873 5030; x_wconf 83' lang='grc' dir='ltr'>ίερέων</span> 
     </span>
    </p>
   </div>
   <div class='ocr_carea' id='block_1_96' title="bbox 300 5049 1873 5126">
    <p class='ocr_par' dir='ltr' id='par_1_96' title="bbox 300 5049 1873 5126">
     <span class='ocr_line' id='line_1_96' title="bbox 300 5049 1873 5126; baseline -0.001 -19"><span class='ocrx_word' id='word_1_634' title='bbox 300 5055 445 5119; x_wconf 71' lang='grc' dir='ltr'>ἐστὶ,</span> <span class='ocrx_word' id='word_1_635' title='bbox 489 5052 708 5110; x_wconf 77' lang='grc' dir='ltr'>καὶτοῦ</span> <span class='ocrx_word' id='word_1_636' title='bbox 756 5053 1175 5123; x_wconf 75' lang='grc' dir='ltr'>ἐπαγγέλματος</span> <span class='ocrx_word' id='word_1_637' title='bbox 1217 5049 1474 5119; x_wconf 73' lang='grc' dir='ltr'>ἀναξίων,</span> <span class='ocrx_word' id='word_1_638' title='bbox 1507 5051 1558 5107; x_wconf 82' lang='grc' dir='ltr'><strong>οἳ</strong></span> <span class='ocrx_word' id='word_1_639' title='bbox 1595 5052 1762 5126; x_wconf 74' lang='grc' dir='ltr'>μηδὲν</span> <span class='ocrx_word' id='word_1_640' title='bbox 1805 5055 1873 5124; x_wconf 77' lang='grc' dir='ltr'>τῇ</span> 
     </span>
    </p>
   </div>
   <div class='ocr_carea' id='block_1_97' title="bbox 305 5141 1878 5218">
    <p class='ocr_par' dir='ltr' id='par_1_97' title="bbox 305 5141 1878 5218">
     <span class='ocr_line' id='line_1_97' title="bbox 305 5141 1878 5218; baseline 0 -18"><span class='ocrx_word' id='word_1_641' title='bbox 305 5146 582 5218; x_wconf 73' lang='grc' dir='ltr'>ἱερωσύνῃ</span> <span class='ocrx_word' id='word_1_642' title='bbox 630 5145 1113 5218; x_wconf 84' lang='grc' dir='ltr'>προσενεγκόντες,</span> <span class='ocrx_word' id='word_1_643' title='bbox 1149 5143 1285 5214; x_wconf 70' lang='grc' dir='ltr'><strong>μηδέ</strong></span> <span class='ocrx_word' id='word_1_644' title='bbox 1330 5143 1426 5197; x_wconf 91' lang='grc' dir='ltr'><strong>τοῦ</strong></span> <span class='ocrx_word' id='word_1_645' title='bbox 1460 5141 1628 5198; x_wconf 80' lang='grc' dir='ltr'>καλοῦ</span> <span class='ocrx_word' id='word_1_646' title='bbox 1674 5159 1878 5215; x_wconf 66' lang='grc' dir='ltr'>πρυτα-</span> 
     </span>
    </p>
   </div>
   <div class='ocr_carea' id='block_1_98' title="bbox 302 5237 1879 5314">
    <p class='ocr_par' dir='ltr' id='par_1_98' title="bbox 302 5237 1879 5314">
     <span class='ocr_line' id='line_1_98' title="bbox 302 5237 1879 5314; baseline -0.001 -20"><span class='ocrx_word' id='word_1_647' title='bbox 302 5242 789 5314; x_wconf 77' lang='grc' dir='ltr'>λαιπωρήσαντες,</span> <span class='ocrx_word' id='word_1_648' title='bbox 835 5239 972 5312; x_wconf 84' lang='grc' dir='ltr'>ὁμοῦ</span> <span class='ocrx_word' id='word_1_649' title='bbox 1029 5240 1270 5312; x_wconf 81' lang='grc' dir='ltr'>μαθηταὶ</span> <span class='ocrx_word' id='word_1_650' title='bbox 1303 5239 1397 5298; x_wconf 75' lang='grc' dir='ltr'>καὶ</span> <span class='ocrx_word' id='word_1_651' title='bbox 1435 5237 1746 5295; x_wconf 82' lang='grc' dir='ltr'>διδάσκαλοι</span> <span class='ocrx_word' id='word_1_652' title='bbox 1778 5239 1879 5308; x_wconf 84' lang='grc' dir='ltr'>τῆς</span> 
     </span>
    </p>
   </div>
   <div class='ocr_carea' id='block_1_99' title="bbox 303 5331 1879 5402">
    <p class='ocr_par' dir='ltr' id='par_1_99' title="bbox 303 5331 1879 5402">
     <span class='ocr_line' id='line_1_99' title="bbox 303 5331 1879 5402; baseline -0.002 -15"><span class='ocrx_word' id='word_1_653' title='bbox 303 5331 588 5394; x_wconf 77' lang='grc' dir='ltr'>εὐσεϐείας</span> <span class='ocrx_word' id='word_1_654' title='bbox 617 5331 1051 5399; x_wconf 77' lang='grc' dir='ltr'>ἀναδείκνυνται,</span> <span class='ocrx_word' id='word_1_655' title='bbox 1083 5333 1180 5386; x_wconf 75' lang='grc' dir='ltr'><strong>καὶ</strong></span> <span class='ocrx_word' id='word_1_656' title='bbox 1209 5333 1340 5402; x_wconf 80' lang='grc' dir='ltr'>πρὶν</span> <span class='ocrx_word' id='word_1_657' title='bbox 1371 5331 1713 5402; x_wconf 80' lang='grc' dir='ltr'>καθαρθῆναι</span> <span class='ocrx_word' id='word_1_658' title='bbox 1743 5332 1879 5384; x_wconf 82' lang='grc' dir='ltr'>καθ-</span> 
     </span>
    </p>
   </div>
   <div class='ocr_carea' id='block_1_100' title="bbox 304 5423 1876 5496">
    <p class='ocr_par' dir='ltr' id='par_1_100' title="bbox 304 5423 1876 5496">
     <span class='ocr_line' id='line_1_100' title="bbox 304 5423 1876 5496; baseline -0.001 -18"><span class='ocrx_word' id='word_1_659' title='bbox 304 5430 557 5490; x_wconf 74' lang='grc' dir='ltr'>αἰρουσιο</span> <span class='ocrx_word' id='word_1_660' title='bbox 590 5423 716 5494; x_wconf 78' lang='grc' dir='ltr'>χθὲς</span> <span class='ocrx_word' id='word_1_661' title='bbox 748 5425 1035 5495; x_wconf 78' lang='grc' dir='ltr'>ἱερόσυλοι,</span> <span class='ocrx_word' id='word_1_662' title='bbox 1067 5425 1160 5479; x_wconf 84' lang='grc' dir='ltr'>καὶ</span> <span class='ocrx_word' id='word_1_663' title='bbox 1211 5425 1452 5496; x_wconf 81' lang='grc' dir='ltr'>σήμερον</span> <span class='ocrx_word' id='word_1_664' title='bbox 1503 5426 1670 5496; x_wconf 86' lang='grc' dir='ltr'>ίερεῖς</span> <span class='ocrx_word' id='word_1_665' title='bbox 1691 5438 1706 5456; x_wconf 88' lang='grc'>⁶</span> <span class='ocrx_word' id='word_1_666' title='bbox 1749 5423 1876 5494; x_wconf 73' lang='grc' dir='ltr'>χθὲς</span> 
     </span>
    </p>
   </div>
   <div class='ocr_carea' id='block_1_101' title="bbox 303 5515 1879 5591">
    <p class='ocr_par' dir='ltr' id='par_1_101' title="bbox 303 5515 1879 5591">
     <span class='ocr_line' id='line_1_101' title="bbox 303 5515 1879 5591; baseline -0.004 -18"><span class='ocrx_word' id='word_1_667' title='bbox 303 5526 417 5582; x_wconf 76' lang='grc' dir='ltr'><strong>τῶν</strong></span> <span class='ocrx_word' id='word_1_668' title='bbox 449 5515 622 5590; x_wconf 77' lang='grc' dir='ltr'>ἁγίων</span> <span class='ocrx_word' id='word_1_669' title='bbox 650 5518 775 5585; x_wconf 74' lang='grc' dir='ltr'>ἔξω,</span> <span class='ocrx_word' id='word_1_670' title='bbox 800 5521 898 5572; x_wconf 77' lang='grc' dir='ltr'>καὶ</span> <span class='ocrx_word' id='word_1_671' title='bbox 947 5517 1300 5591; x_wconf 73' lang='grc' dir='ltr'>μυστιγωγοὶ</span> <span class='ocrx_word' id='word_1_672' title='bbox 1345 5520 1614 5590; x_wconf 79' lang='grc' dir='ltr'>σήμερον,</span> <span class='ocrx_word' id='word_1_673' title='bbox 1657 5515 1879 5572; x_wconf 78' lang='grc' dir='ltr'>παλαιοὶ</span> 
     </span>
    </p>
   </div>
   <div class='ocr_carea' id='block_1_102' title="bbox 302 5610 1458 5694">
    <p class='ocr_par' dir='ltr' id='par_1_102' title="bbox 302 5610 1458 5694">
     <span class='ocr_line' id='line_1_102' title="bbox 302 5610 1458 5694; baseline -0.008 -19"><span class='ocrx_word' id='word_1_674' title='bbox 302 5623 404 5694; x_wconf 78' lang='grc' dir='ltr'>τὴν</span> <span class='ocrx_word' id='word_1_675' title='bbox 435 5618 658 5686; x_wconf 77' lang='grc' dir='ltr'>κακίαν,</span> <span class='ocrx_word' id='word_1_676' title='bbox 692 5615 991 5686; x_wconf 73' lang='grc' dir='ltr'>ἑπισχὲδιοι</span> <span class='ocrx_word' id='word_1_677' title='bbox 1017 5613 1116 5668; x_wconf 73' lang='grc' dir='ltr'><strong>τὴν</strong></span> <span class='ocrx_word' id='word_1_678' title='bbox 1149 5610 1458 5670; x_wconf 80' lang='grc' dir='ltr'>εὐσὲσειαν.</span> 
     </span>
    </p>
   </div>
   <div class='ocr_carea' id='block_1_103' title="bbox 1977 4601 2712 4674">
    <p class='ocr_par' dir='ltr' id='par_1_103' title="bbox 1977 4601 2712 4674">
     <span class='ocr_line' id='line_1_103' title="bbox 1977 4601 2712 4674; baseline 0.001 -18"><span class='ocrx_word' id='word_1_679' title='bbox 1977 4601 2195 4674; x_wconf 77' lang='lat' dir='ltr'><strong>(Deeue</strong></span> <span class='ocrx_word' id='word_1_680' title='bbox 2219 4602 2425 4673; x_wconf 74' lang='lat' dir='ltr'><strong>aliquid</strong></span> <span class='ocrx_word' id='word_1_681' title='bbox 2460 4603 2712 4673; x_wconf 79' lang='lat' dir='ltr'><strong>videtur.)</strong></span> 
     </span>
    </p>
   </div>
   <div class='ocr_carea' id='block_1_104' title="bbox 2051 4694 3555 4770">
    <p class='ocr_par' dir='ltr' id='par_1_104' title="bbox 2051 4694 3555 4770">
     <span class='ocr_line' id='line_1_104' title="bbox 2051 4694 3555 4770; baseline 0.001 -20"><span class='ocrx_word' id='word_1_682' title='bbox 2051 4694 2283 4750; x_wconf 87' lang='lat' dir='ltr'><strong>Occasio</strong></span> <span class='ocrx_word' id='word_1_683' title='bbox 2337 4696 2495 4750; x_wconf 81' lang='lat' dir='ltr'><strong>facile</strong></span> <span class='ocrx_word' id='word_1_684' title='bbox 2539 4704 2692 4751; x_wconf 89' lang='lat' dir='ltr'><strong>creat</strong></span> <span class='ocrx_word' id='word_1_685' title='bbox 2735 4709 2956 4752; x_wconf 88' lang='lat' dir='ltr'><strong>sanctos</strong></span> <span class='ocrx_word' id='word_1_686' title='bbox 3011 4696 3331 4766; x_wconf 87' lang='lat' dir='ltr'><strong>permultos,</strong></span> <span class='ocrx_word' id='word_1_687' title='bbox 3365 4705 3420 4751; x_wconf 88' lang='lat' dir='ltr'><strong>et</strong></span> <span class='ocrx_word' id='word_1_688' title='bbox 3449 4697 3555 4770; x_wconf 44' lang='lat' dir='ltr'><strong>im:</strong></span> 
     </span>
    </p>
   </div>
   <div class='ocr_carea' id='block_1_105' title="bbox 1981 4789 3554 4862">
    <p class='ocr_par' dir='ltr' id='par_1_105' title="bbox 1981 4789 3554 4862">
     <span class='ocr_line' id='line_1_105' title="bbox 1981 4789 3554 4862; baseline 0.004 -20"><span class='ocrx_word' id='word_1_689' title='bbox 1981 4790 2099 4860; x_wconf 87' lang='lat' dir='ltr'><strong>pios</strong></span> <span class='ocrx_word' id='word_1_690' title='bbox 2131 4791 2259 4843; x_wconf 88' lang='lat' dir='ltr'><strong>item</strong></span> <span class='ocrx_word' id='word_1_691' title='bbox 2313 4789 2580 4858; x_wconf 85' lang='lat' dir='ltr'><strong>plurimos</strong></span> <span class='ocrx_word' id='word_1_692' title='bbox 2635 4801 2827 4844; x_wconf 88' lang='lat' dir='ltr'><strong>contra</strong></span> <span class='ocrx_word' id='word_1_693' title='bbox 2862 4790 2976 4862; x_wconf 81' lang='lat' dir='ltr'><strong>jus,</strong></span> <span class='ocrx_word' id='word_1_694' title='bbox 3011 4792 3096 4845; x_wconf 83' lang='lat' dir='ltr'><strong>vel</strong></span> <span class='ocrx_word' id='word_1_695' title='bbox 3128 4791 3312 4860; x_wconf 80' lang='lat' dir='ltr'><strong>potius</strong></span> <span class='ocrx_word' id='word_1_696' title='bbox 3360 4805 3554 4848; x_wconf 71' lang='lat' dir='ltr'><strong>omnes</strong></span> 
     </span>
    </p>
   </div>
   <div class='ocr_carea' id='block_1_106' title="bbox 1981 4883 2232 4937">
    <p class='ocr_par' dir='ltr' id='par_1_106' title="bbox 1981 4883 2232 4937">
     <span class='ocr_line' id='line_1_106' title="bbox 1981 4883 2232 4937; baseline 0.004 -1"><span class='ocrx_word' id='word_1_697' title='bbox 1981 4883 2232 4937; x_wconf 80' lang='lat' dir='ltr'><strong>miseros.</strong></span> 
     </span>
    </p>
   </div>
   <div class='ocr_carea' id='block_1_107' title="bbox 2057 4972 3559 5045">
    <p class='ocr_par' dir='ltr' id='par_1_107' title="bbox 2057 4972 3559 5045">
     <span class='ocr_line' id='line_1_107' title="bbox 2057 4972 3559 5045; baseline 0.004 -20"><span class='ocrx_word' id='word_1_698' title='bbox 2057 4972 2182 5028; x_wconf 58' lang='lat' dir='ltr'><strong>llaec</strong></span> <span class='ocrx_word' id='word_1_699' title='bbox 2228 4974 2372 5028; x_wconf 88' lang='lat' dir='ltr'><strong>enim</strong></span> <span class='ocrx_word' id='word_1_700' title='bbox 2423 4985 2550 5026; x_wconf 81' lang='lat' dir='ltr'><strong>sum</strong></span> <span class='ocrx_word' id='word_1_701' title='bbox 2597 4975 2890 5028; x_wconf 87' lang='lat' dir='ltr'><strong>notborum</strong></span> <span class='ocrx_word' id='word_1_702' title='bbox 2920 4983 2972 5030; x_wconf 87' lang='lat' dir='ltr'><strong>et</strong></span> <span class='ocrx_word' id='word_1_703' title='bbox 3001 4974 3420 5045; x_wconf 84' lang='lat' dir='ltr'><strong>obreptitiorum</strong></span> <span class='ocrx_word' id='word_1_704' title='bbox 3466 4989 3559 5031; x_wconf 80' lang='lat' dir='ltr'><strong>sa-</strong></span> 
     </span>
    </p>
   </div>
   <div class='ocr_carea' id='block_1_108' title="bbox 1985 5065 3558 5138">
    <p class='ocr_par' dir='ltr' id='par_1_108' title="bbox 1985 5065 3558 5138">
     <span class='ocr_line' id='line_1_108' title="bbox 1985 5065 3558 5138; baseline 0.001 -16"><span class='ocrx_word' id='word_1_705' title='bbox 1985 5066 2270 5122; x_wconf 86' lang='lat' dir='ltr'><strong>cerdotum</strong></span> <span class='ocrx_word' id='word_1_706' title='bbox 2311 5075 2365 5121; x_wconf 74' lang='lat' dir='ltr'><strong>et</strong></span> <span class='ocrx_word' id='word_1_707' title='bbox 2432 5065 2812 5135; x_wconf 79' lang='lat' dir='ltr'><strong>designatione</strong></span> <span class='ocrx_word' id='word_1_708' title='bbox 2867 5067 3239 5138; x_wconf 73' lang='lat' dir='ltr'><strong>indignorum,</strong></span> <span class='ocrx_word' id='word_1_709' title='bbox 3285 5068 3378 5138; x_wconf 87' lang='lat' dir='ltr'><strong>qui</strong></span> <span class='ocrx_word' id='word_1_710' title='bbox 3432 5082 3558 5123; x_wconf 90' lang='lat' dir='ltr'><strong>cum</strong></span> 
     </span>
    </p>
   </div>
   <div class='ocr_carea' id='block_1_109' title="bbox 1986 5159 3560 5233">
    <p class='ocr_par' dir='ltr' id='par_1_109' title="bbox 1986 5159 3560 5233">
     <span class='ocr_line' id='line_1_109' title="bbox 1986 5159 3560 5233; baseline 0.003 -19"><span class='ocrx_word' id='word_1_711' title='bbox 1986 5160 2053 5215; x_wconf 87' lang='lat' dir='ltr'><strong>ad</strong></span> <span class='ocrx_word' id='word_1_712' title='bbox 2083 5159 2447 5216; x_wconf 82' lang='lat' dir='ltr'><strong>sacerdOtium</strong></span> <span class='ocrx_word' id='word_1_713' title='bbox 2484 5159 2622 5214; x_wconf 78' lang='lat' dir='ltr'><strong>nihil</strong></span> <span class='ocrx_word' id='word_1_714' title='bbox 2675 5159 2980 5228; x_wconf 85' lang='lat' dir='ltr'><strong>attulerint,</strong></span> <span class='ocrx_word' id='word_1_715' title='bbox 3035 5175 3212 5229; x_wconf 86' lang='lat' dir='ltr'><strong>neque</strong></span> <span class='ocrx_word' id='word_1_716' title='bbox 3260 5162 3560 5233; x_wconf 86' lang='lat' dir='ltr'><strong>quidquam</strong></span> 
     </span>
    </p>
   </div>
   <div class='ocr_carea' id='block_1_110' title="bbox 1986 5251 3560 5322">
    <p class='ocr_par' dir='ltr' id='par_1_110' title="bbox 1986 5251 3560 5322">
     <span class='ocr_line' id='line_1_110' title="bbox 1986 5251 3560 5322; baseline 0.002 -15"><span class='ocrx_word' id='word_1_717' title='bbox 1986 5253 2198 5317; x_wconf 77' lang='lat' dir='ltr'><strong>honesti</strong></span> <span class='ocrx_word' id='word_1_718' title='bbox 2252 5253 2617 5316; x_wconf 79' lang='lat' dir='ltr'><strong>exercuerim,</strong></span> <span class='ocrx_word' id='word_1_719' title='bbox 2667 5251 2831 5306; x_wconf 88' lang='lat' dir='ltr'><strong>simul</strong></span> <span class='ocrx_word' id='word_1_720' title='bbox 2899 5251 3150 5322; x_wconf 85' lang='lat' dir='ltr'><strong>discipuli</strong></span> <span class='ocrx_word' id='word_1_721' title='bbox 3196 5263 3250 5308; x_wconf 89' lang='lat' dir='ltr'><strong>et</strong></span> <span class='ocrx_word' id='word_1_722' title='bbox 3306 5254 3560 5310; x_wconf 77' lang='lat' dir='ltr'><strong>doctores</strong></span> 
     </span>
    </p>
   </div>
   <div class='ocr_carea' id='block_1_111' title="bbox 1985 5343 3561 5415">
    <p class='ocr_par' dir='ltr' id='par_1_111' title="bbox 1985 5343 3561 5415">
     <span class='ocr_line' id='line_1_111' title="bbox 1985 5343 3561 5415; baseline -0.001 -15"><span class='ocrx_word' id='word_1_723' title='bbox 1985 5344 2202 5414; x_wconf 90' lang='lat' dir='ltr'><strong>pietatis</strong></span> <span class='ocrx_word' id='word_1_724' title='bbox 2233 5345 2609 5412; x_wconf 69' lang='lat' dir='ltr'><strong>designantur,</strong></span> <span class='ocrx_word' id='word_1_725' title='bbox 2640 5357 2704 5398; x_wconf 88' lang='lat' dir='ltr'><strong>ac</strong></span> <span class='ocrx_word' id='word_1_726' title='bbox 2741 5343 3058 5415; x_wconf 87' lang='lat' dir='ltr'><strong>priusquam</strong></span> <span class='ocrx_word' id='word_1_727' title='bbox 3092 5345 3301 5414; x_wconf 71' lang='lat' dir='ltr'><strong>purgati</strong></span> <span class='ocrx_word' id='word_1_728' title='bbox 3359 5345 3561 5400; x_wconf 79' lang='lat' dir='ltr'><strong>fuerint</strong></span> 
     </span>
    </p>
   </div>
   <div class='ocr_carea' id='block_1_112' title="bbox 1983 5436 3557 5511">
    <p class='ocr_par' dir='ltr' id='par_1_112' title="bbox 1983 5436 3557 5511">
     <span class='ocr_line' id='line_1_112' title="bbox 1983 5436 3557 5511; baseline -0.004 -15"><span class='ocrx_word' id='word_1_729' title='bbox 1983 5440 2108 5511; x_wconf 89' lang='lat' dir='ltr'><strong>ipsi,</strong></span> <span class='ocrx_word' id='word_1_730' title='bbox 2141 5452 2372 5511; x_wconf 78' lang='lat' dir='ltr'><strong>purgant</strong></span> <span class='ocrx_word' id='word_1_731' title='bbox 2401 5437 2559 5502; x_wconf 89' lang='lat' dir='ltr'><strong>alios,</strong></span> <span class='ocrx_word' id='word_1_732' title='bbox 2593 5437 2708 5491; x_wconf 89' lang='lat' dir='ltr'><strong>beri</strong></span> <span class='ocrx_word' id='word_1_733' title='bbox 2737 5436 3006 5507; x_wconf 70' lang='lat' dir='ltr'><strong>sacrilegi,</strong></span> <span class='ocrx_word' id='word_1_734' title='bbox 3037 5436 3195 5492; x_wconf 85' lang='lat' dir='ltr'><strong>hodie</strong></span> <span class='ocrx_word' id='word_1_735' title='bbox 3225 5437 3557 5502; x_wconf 82' lang='lat' dir='ltr'><strong>sacerdotes,</strong></span> 
     </span>
    </p>
   </div>
   <div class='ocr_carea' id='block_1_113' title="bbox 1986 5526 3559 5600">
    <p class='ocr_par' dir='ltr' id='par_1_113' title="bbox 1986 5526 3559 5600">
     <span class='ocr_line' id='line_1_113' title="bbox 1986 5526 3559 5600; baseline -0.006 -11"><span class='ocrx_word' id='word_1_736' title='bbox 1986 5533 2102 5589; x_wconf 84' lang='lat' dir='ltr'><strong>beri</strong></span> <span class='ocrx_word' id='word_1_737' title='bbox 2149 5530 2352 5587; x_wconf 84' lang='lat' dir='ltr'><strong>exclusi</strong></span> <span class='ocrx_word' id='word_1_738' title='bbox 2374 5531 2571 5597; x_wconf 87' lang='lat' dir='ltr'><strong>sacris,</strong></span> <span class='ocrx_word' id='word_1_739' title='bbox 2605 5527 2766 5584; x_wconf 88' lang='lat' dir='ltr'><strong>bodie</strong></span> <span class='ocrx_word' id='word_1_740' title='bbox 2797 5528 3120 5600; x_wconf 76' lang='lat' dir='ltr'><strong>mystagogi,</strong></span> <span class='ocrx_word' id='word_1_741' title='bbox 3157 5526 3205 5581; x_wconf 91' lang='lat' dir='ltr'><strong>id</strong></span> <span class='ocrx_word' id='word_1_742' title='bbox 3235 5536 3320 5580; x_wconf 88' lang='lat' dir='ltr'><strong>est</strong></span> <span class='ocrx_word' id='word_1_743' title='bbox 3372 5540 3559 5580; x_wconf 79' lang='lat' dir='ltr'><strong>sacro-</strong></span> 
     </span>
    </p>
   </div>
   <div class='ocr_carea' id='block_1_114' title="bbox 1986 5618 3558 5690">
    <p class='ocr_par' dir='ltr' id='par_1_114' title="bbox 1986 5618 3558 5690">
     <span class='ocr_line' id='line_1_114' title="bbox 1986 5618 3558 5690; baseline -0.004 -9"><span class='ocrx_word' id='word_1_744' title='bbox 1986 5637 2107 5681; x_wconf 85' lang='lat' dir='ltr'><strong>rum</strong></span> <span class='ocrx_word' id='word_1_745' title='bbox 2145 5624 2499 5688; x_wconf 82' lang='lat' dir='ltr'><strong>institutores,</strong></span> <span class='ocrx_word' id='word_1_746' title='bbox 2533 5623 2588 5677; x_wconf 90' lang='lat' dir='ltr'><strong>in</strong></span> <span class='ocrx_word' id='word_1_747' title='bbox 2616 5621 2762 5679; x_wconf 87' lang='lat' dir='ltr'><strong>vitiis</strong></span> <span class='ocrx_word' id='word_1_748' title='bbox 2792 5629 3026 5690; x_wconf 83' lang='lat' dir='ltr'><strong>veteres,</strong></span> <span class='ocrx_word' id='word_1_749' title='bbox 3057 5621 3108 5676; x_wconf 91' lang='lat' dir='ltr'><strong>in</strong></span> <span class='ocrx_word' id='word_1_750' title='bbox 3139 5618 3336 5688; x_wconf 82' lang='lat' dir='ltr'><strong>pietate</strong></span> <span class='ocrx_word' id='word_1_751' title='bbox 3358 5629 3558 5689; x_wconf 82' lang='lat' dir='ltr'><strong>repen-</strong></span> 
     </span>
    </p>
   </div>
   <div class='ocr_carea' id='block_1_115' title="bbox 1987 5715 2683 5786">
    <p class='ocr_par' dir='ltr' id='par_1_115' title="bbox 1987 5715 2683 5786">
     <span class='ocr_line' id='line_1_115' title="bbox 1987 5715 2683 5786; baseline -0.004 -11"><span class='ocrx_word' id='word_1_752' title='bbox 1987 5719 2088 5775; x_wconf 88' lang='lat' dir='ltr'><strong>tini</strong></span> <span class='ocrx_word' id='word_1_753' title='bbox 2123 5733 2219 5774; x_wconf 86' lang='lat' dir='ltr'><strong>seu</strong></span> <span class='ocrx_word' id='word_1_754' title='bbox 2252 5715 2683 5786; x_wconf 76' lang='lat' dir='ltr'><strong>extemporanei.</strong></span> 
     </span>
    </p>
   </div>
   <div class='ocr_carea' id='block_1_116' title="bbox 377 5839 1878 5922">
    <p class='ocr_par' dir='ltr' id='par_1_116' title="bbox 377 5839 1878 5922">
     <span class='ocr_line' id='line_1_116' title="bbox 377 5839 1878 5922; baseline -0.006 -18"><span class='ocrx_word' id='word_1_755' title='bbox 377 5852 457 5922; x_wconf 84' lang='grc' dir='ltr'><strong>(ι)</strong></span> <span class='ocrx_word' id='word_1_756' title='bbox 497 5847 733 5909; x_wconf 77' lang='lat' dir='ltr'><strong>Bibittus</strong></span> <span class='ocrx_word' id='word_1_757' title='bbox 763 5848 913 5922; x_wconf 72' lang='lat' dir='ltr'><strong>legit,</strong></span> <span class='ocrx_word' id='word_1_758' title='bbox 946 5844 1389 5920; x_wconf 76' lang='grc' dir='ltr'>φυλαρχοῦντων.</span> <span class='ocrx_word' id='word_1_759' title='bbox 1413 5843 1562 5903; x_wconf 78' lang='lat' dir='ltr'><strong>Alias</strong></span> <span class='ocrx_word' id='word_1_760' title='bbox 1600 5839 1878 5916; x_wconf 57' lang='lat' dir='ltr'><strong>cptkapxo&#39;ii</strong></span> 
     </span>
    </p>
   </div>
   <div class='ocr_carea' id='block_1_117' title="bbox 1976 5839 2682 5922">
    <p class='ocr_par' dir='ltr' id='par_1_117' title="bbox 1976 5839 2682 5914">
     <span class='ocr_line' id='line_1_117' title="bbox 1976 5839 2682 5914; baseline 0.006 -18"><span class='ocrx_word' id='word_1_761' title='bbox 1976 5858 2032 5914; x_wconf 72' lang='grc' dir='ltr'><strong>ιν,</strong></span> <span class='ocrx_word' id='word_1_762' title='bbox 2056 5841 2333 5913; x_wconf 75' lang='lat' dir='ltr'><strong>potestatis</strong></span> <span class='ocrx_word' id='word_1_763' title='bbox 2361 5839 2682 5900; x_wconf 60' lang='lat' dir='ltr'><strong>ambitiosis.</strong></span> 
     </span>
    </p>
   </div>
  </div>
