3832 6244
196 325 331 396 10⁸33

1049 332 1217 395 LOCI
1249 330 1687 395 COMMUNES.
1718 352 1791 367 τ’
1831 328 2028 392 PARS
2055 328 2139 390 II.
2173 324 2431 390 SEBMO
2468 330 2596 390 VII.

3304 323 3440 394 1034

252 448 373 501 Τῶν
402 435 697 506 πολιτικῶν
726 453 821 509 ἐὰν
845 455 940 519 τάς
984 455 1115 521 ὕλας
1143 456 1369 529 ἀφέλῃς,
1395 454 1551 510 κενὸν
1589 451 1757 518 τάφον
1788 443 1806 499 ί

1935 448 1990 504 Si
2025 448 2154 505 viris
2182 447 2572 518 rempublicam
2624 444 3139 502 administrantibus
3167 446 3428 500 materias

184 543 455 613 εὑρήσειτ,
488 545 612 599 νοῦν
645 547 748 601 οὐκ
785 547 995 619 ἔχοντα.

254 723 427 777 Ὅταν
501 727 684 797 ἄρχων
758 730 983 801 ἀπογνῷ
1047 732 1108 785 τὸ
1167 733 1428 788 δύνασθαι
1491 736 1757 804 κρατεῖν,

184 818 397 885 ἀνάγκη
448 820 575 882 τοὺς
623 820 900 890 ὑπηκόους
937 823 1100 889 εὐθὺς
1145 827 1490 896 ἀφηνιάξειν,
1530 827 1624 880 καὶ
1656 829 1761 896 μά-

1860 550 1915 597 et
1939 550 2236 611 apparatus
2286 538 2575 604 detrahas,
2629 538 2789 592 inane
2840 536 3149 608 sepulcrum
3206 535 3448 609 reperies

1863 644 2048 691 mente
2080 649 2300 689 carens.

1931 730 1988 785 Si
2017 728 2369 800 magistratus
2417 727 2710 794 desperant
2752 737 2811 778 se
2860 722 3149 792 imperium
3208 721 3451 779 retinere

1861 841 2046 897 posse,
2089 824 2367 894 subjectos
2402 819 2585 877 statim
2644 819 2910 875 rebellare
2963 830 3187 873 necesse
3244 826 3348 879 est,
3383 829 3446 870 ac

183 913 338 965 λιστα
379 913 506 976 τοὺς
535 914 599 968 ὲκ
628 915 840 986 μικρῶν
868 918 959 972 καὶ
1002 920 1111 972 τῶν
1150 922 1423 991 τυχόντων
1448 922 1762 990 πεφυκότας

1911 936 1960 976 )s
2003 918 2095 988 qui
2126 933 2193 971 ex
2264 912 2522 970 tenuibus
2568 919 2621 967 et
2657 909 2973 981 vulgaribus
3020 909 3269 980 prognati
3324 914 3455 964 sunt

184 1006 620 1075 ἀνερεθίζεσθαι.

802 1127 1016 1182 ΛΟΓΟΣ
1071 1127 1145 1183 Ζ¹.

184 1236 321 1319 Περί
353 1238 659 1319 δικαστῶν
680 1241 1052 1319 άόεκάιζτων,
1086 1243 1185 1319 καί
1212 1248 1476 1319 καθαρὰς
1503 1245 1768 1314 ἑχόντων·

252 1308 360 1382 τὰς
401 1308 757 1382 χεῖραςηκαί
812 1313 989 1378 κρίμα
1031 1314 1133 1368 καί
1199 1308 1598 1382 (immeo-rimi}
1632 1334 1760 1370 ποι-

252 1380 490 1453 ούντων
508 1379 662 1453 ’,καί
682 1381 770 1434 ὅτι
798 1383 1135 1452 εὐάρεστον
1166 1384 1245 1452 τῷ
1262 1383 1383 1450 Θεῷ
1408 1379 1641 1453 εὐθείας
1663 1388 1770 1452 τὰς

253 1450 489 1516 κρίσεις
517 1451 813 1521 ἐκφέρειν.

266 1563 474 1619 ’Ᾱθῶον
495 1567 584 1619 καλ
610 1567 817 1621 δίκαιον
845 1571 947 1622 οὐκ
975 1573 1318 1640 ἀποκτενεῖς,
1344 1574 1442 1629 καὶ
1466 1574 1526 1629 οὐ
1550 1573 1775 1629 δικαιὼ-

186 1672 302 1719 σεις
333 1658 425 1711 τὶν
455 1658 627 1729 ἀσεϐῆ
665 1660 853 1716 ἕνεκεν
881 1664 1094 1738 δώρων.

254 1833 418 1905 Δῶρα
449 1834 509 1888 οὐ
532 1834 714 1906 λήψει.
746 1839 826 1892 Τὰ
852 1840 962 1911 γὰρ
991 1840 1142 1913 δῶρα
1167 1844 1429 1914 ὲκτῠφλοτ
1453 1845 1767 1918 ὀφθαλμοὺς

184 1926 520 1996 βλεπόντων,
555 1929 651 1982 καὶ
683 1927 1006 1999 λυμαίνεται
1035 1935 1258 2006 ῥήματα
1292 1935 1498 1992 δίκαια.

258 2016 479 2087 Πένητα
503 2018 607 2073 οὐκ
635 2018 879 2093 ὲλεήσεις
912 2023 971 2077 ὲν
997 2026 1201 2092 κρίσει.

254 2108 336 2162 Οὐ
365 2109 714 2181 διαστρέψεις
740 2114 915 2183 κρίμα
942 2116 1175 2187 πένητος
1202 2118 1267 2173 ἐν
1293 2120 1474 2192 κρίσει
1505 2122 1696 2178 αὐτοῦ.

251 2293 331 2346 Οὐ
366 2294 619 2367 ποιήσεις
644 2290 835 2352 ’ἄδικον
865 2299 924 2353 ἐν
952 2301 1153 2371 κρίσει,
1184 2301 1246 2355 οὗ
1295 2301 1441 2374 λήψῃ
1473 2302 1771 2374 πρόσωπον

181 2384 431 2458 πτωχοῦ,
465 2387 587 2442 οὐδὲ
619 2389 694 2461 μὴ
725 2390 1016 2463 θαυμάσῃς
1046 2395 1340 2463 πρόσωπον
1367 2394 1654 2450 δυνάστου.
1677 2392 1770 2449 Ἐν

182 2479 528 2554 δικαιοσύνῃ’
551 2484 758 2554 κρινεῖς
791 2484 883 2540 τὸν
925 2484 1154 2556 πλησίον
1189 2504 1311 2543 σου.

256 2661 334 2717 οὗ
375 2659 540 2731 λήψει
586 2661 759 2733 λύτρα
789 2662 930 2736 ὑπὲρ
959 2663 1061 2733 τῆς
1097 2663 1281 2736 ’ψυχῆς
1324 2665 1418 2721 τοῦ
1469 2666 1769 2735 φονεύσαν-

180 2773 301 2819 τος,
334 2755 433 2809 τοῦ
475 2757 662 2826 ἐνόχου
708 2757 861 2822 ὄντος
911 2757 1293 2830 ἀναιρεθῆναι,
1329 2759 1547 2829 Θανάτῳ
1603 2757 1769 2812 θανα·

178 2848 385 2913 τὼσεις
416 2849 602 2904 αὐτόν.

259 2942 379 2996 Οὔκ
427 2943 710 3016 ὲπιγνὼσῃ
756 2945 1050 3014 πρόσωπον
1104 2945 1164 2997 ἐν
1220 2944 1425 3016 κρίσει.
1465 2944 1623 2999 Κατὰ
1678 2944 1772 2999 τὸν

182 3034 391 3105 μικρὸν
442 3035 538 3089 καὶ
588 3036 728 3091 κατὰ
780 3037 874 3090 τὸν
927 3039 1101 3106 μέγαν
1132 3043 1362 3109 κρινεῖς.
1395 3041 1472 3094 Οὐ
1533 3039 1609 3111 μὴ
1639 3040 1771 3093 ὑπο-

1866 1013 2101 1067 maxime
2131 1010 2353 1066 irritari.

2310 1125 2540 1183 SERMO
2579 1123 2669 1179 VII
2696 1123 2795 1198 [αι.
2817 1118 3022 1193 CVIII].

1875 1252 1948 1307 De
1975 1250 2247 1321 ⁵ἱιιίιὶείιιιιε
2280 1245 2607 1321 incorrupti:
2633 1251 2682 1296 et
2718 1255 2881 1321 puros
2904 1236 3214 1321 habentibus
3244 1248 3454 1321 many,

1942 1304 2133 1390 thique
2162 1304 2730 1390 justitia_.n__e'a_:ercent.
2774 1309 2844 1364 Et
2893 1317 3163 1379 acceptum
3202 1321 3315 1361 esse
3344 1304 3453 1359 Deo

1942 1383 2076 1447 recte
2100 1383 2316 1456 vereque
2354 1383 2565 1460 judicia
2587 1397 2847 1440 exercere.

1945 1570 2122 1627 Exod.
2155 1586 2310 1627 χχιιι.
2347 1567 2696 1623 lnnocentem
2736 1573 2793 1619 et
2820 1563 3027 1633 justum
3064 1574 3174 1615 non
3213 1555 3459 1621 occides,

1876 1679 1975 1721 nec
2011 1675 2072 1719 ut
2126 1663 2331 1732 iustum
2378 1656 2628 1717 absolves
2663 1656 2891 1727 impium
2951 1652 3023 1708 ob
3077 1664 3306 1706 munera
3360 1662 3458 1702 ae-

1800 1782 1846 1841 B
1877 1764 2055 1825 cepta.

1944 1848 2168 1905 Munera
2205 1861 2273 1900 ne
2303 1843 2561 1914 accipito,
2599 1840 2728 1911 quia
2758 1851 2985 1893 munera
3012 1840 3293 1891 excaecant
3323 1847 3455 1889 ocu-

1872 1942 1960 1996 los
1991 1936 2378 2009 aspicientium
2405 1943 2461 1991 et
2487 1933 2648 1990 verba
2675 1930 2821 2002 justa
2849 1928 3202 1985 labefactant.

1942 2031 2205 2101 Pauperis
2230 2030 2283 2084 in
2309 2028 2521 2096 judicio
2551 2041 2618 2082 ne
2653 2026 2961 2081 miseretur.

1941 2123 2216 2180 Iudicium
2266 2120 2520 2193 pauperis
2570 2120 2623 2174 in
2680 2117 2852 2188 ipsius
2919 2129 3087 2172 causa
3137 2131 3205 2172 ne
3236 2128 3457 2188 perver-

1873 2218 1997 2272 tite.

1941 2308 2110 2365 Leuit.
2146 2321 2262 2361 nx.
2310 2303 2455 2360 Nihil
2492 2313 2685 2359 contra
2720 2301 2812 2373 jus
2866 2300 2923 2356 in
2970 2274 3184 2373 judicio
3242 2298 3454 2355 facito:

1872 2401 2130 2472 pauperis
2161 2412 2413 2470 personae
2436 2396 2707 2452 rationem
2750 2408 2859 2449 non
2892 2392 3115 2463 habeto,
3156 2407 3259 2451 nec
3290 2393 3456 2449 mira-

1873 2501 1957 2548 tor
1986 2505 2275 2561 personam
2299 2489 2568 2557 potentis;
2599 2502 2663 2543 ex
2690 2485 2816 2558 jure
2849 2499 3072 2543 causam
3104 2485 3339 2555 proximi
3369 2483 3458 2554 ju-

1872 2588 2074 2644 dicato.

1943 2678 2185 2733 Pretium
2226 2690 2309 2749 ‘ne
2354 2673 2587 2744 accipito
2615 2671 2688 2728 ob
2738 2670 3112 2728 redimendum
3142 2669 3304 2742 lu
3331 2684 3456 2724 eum

1872 2772 1964 2841 qui
2001 2771 2199 2826 caedem
2227 2767 2434 2822 fecerit.
2487 2766 2545 2820 Si
2594 2765 2875 2821 convictus
2911 2764 3074 2820 fuerit
3118 2763 3317 2833 dignus
3358 2765 3458 2831 qui

1873 2860 2095 2917 tollatur
2117 2859 2185 2914 de
2218 2857 2421 2923 medio,
2454 2871 2577 2912 eum
2607 2863 2665 2909 tu
2698 2854 2891 2911 mortis
2916 2854 3182 2925 supplicio
3227 2854 3454 2909 aﬂieito.

1946 2952 2102 3009 Deut.
2145 2966 2292 3007 xxtv.
2332 2947 2449 3006 Non
2498 2963 2760 3020 agnosces
2799 2962 3085 3017 personam
3129 2949 3182 3002 in
3224 2946 3455 3019 judicio.

1874 3056 1990 3103 tum
2015 3061 2184 3119 parvo
2216 3054 2331 3101 tum
2364 3056 2559 3114 magno
2587 3041 2872 3112 aequaliter
2903 3041 3174 3113 judicium
3205 3042 3402 3097 reddes
3428 3059 3445 3107 ;

179 3127 377 3200 στείλῄ
435 3128 730 3198 πρόσωπον
794 3129 1119 3200 ἀνθρώπου,
1184 3133 1270 3186 ὅτι
1333 3132 1366 3203 ἡ
1430 3131 1613 3202 κρίσις
1675 3122 1806 3186 τοῦ⁴

1914 3155 1987 3197 on
2016 3114 2310 3195 Ivereberis
2349 3150 2412 3193 os
2465 3138 2788 3205 cujusquam
2815 3172 2831 3199 ,
2872 3135 3002 3205 quia
3052 3133 3318 3202 judicium
3355 3133 3460 3189 Dei

176 3219 327 3274 Θεοῦ
360 3222 534 3277 ἐστιν.

1911 3240 1984 3289 ει.

265 3316 382 3370 Οὐκ
412 3316 684 3381 ὲκκλινεῖς
709 3319 890 3389 κρίσιν
916 3317 1260 3390 προσηλύτου
1287 3319 1383 3373 καὶ
1418 3318 1661 3389 ὀρφανοῦ
1682 3319 1775 3373 καὶ

1947 3322 2068 3379 Non
2103 3323 2322 3393 rejicies
2351 3336 2573 3379 causam
2618 3324 2863 3390 advenae,
2907 3339 3008 3379 nec
3032 3321 3224 3393 pupilli
3252 3335 3352 3376 nec
3379 3318 3462 3373 vi-

174 3414 389 3483 χήρας,
421 3411 517 3464 καὶ
546 3412 646 3465 οὐκ
676 3412 1052 3483 ἐνεχυριάσεις
1085 3413 1304 3482 ἱμάτιον
1334 3414 1534 3484 χήρας.

1916 3432 2031 3483 uae;
2057 3433 2157 3474 nec
2183 3418 2396 3489 pignori
2427 3417 2665 3489 accipies
2694 3416 2873 3473 vidua:
2901 3427 3131 3474 vestem.

1946 3526 2048 3580 Job
2082 3541 2233 3581 xxix.
2288 3526 2508 3583 Justitia
2555 3543 2642 3584 me
2677 3527 2993 3593 induebam,
3021 3536 3076 3583 et
3107 3525 3312 3599 judicio
3336 3531 3462 3579 ute-

1880 3620 1979 3673 bar
2018 3628 2277 3687 tanquam
2310 3619 2572 3688 diploide.

1950 3709 2049 3777 Qui
2090 3712 2347 3766 manibus
2375 3723 2459 3767 est
2503 3712 2654 3780 puris
2708 3712 2963 3769 fiduciam
2999 3714 3187 3779 sumit,
3221 3711 3461 3780 iniustos

1879 3813 1935 3856 et
1967 3802 2184 3877 iniquos
2212 3803 2486 3858 deridens.

262 3526 627 3596 Δικαιοσύνην
675 3525 1025 3591 ὲνεδεδόκειν,
1067 3525 1435 3597 ἠμφιασάμην
1480 3527 1535 3580 δὲ
1578 3528 1771 3599 κρίμα,

176 3625 282 3677 In
314 3621 574 3676 διπλοῖδι.

262 3711 526 3781 Καθαρὸς
570 3712 758 3780 χερσὶν
815 3707 1080 3763 ἀναλάϐοι
1121 3707 1322 3778 θάρσος
1351 3724 1365 3739 ο
1423 3706 1625 3761 ἀδίκων
1683 3707 1780 3760 καὶ

174 3804 417 3873 ἀνόμων
448 3801 833 3869 καταγελάσει.

262 3914 600 3985 ’Ἄνθρωπον
633 3913 693 3966 οὗ
740 3913 815 3982 μὴ
845 3911 1121 3981 αἱσχυνθῶ
1145 3925 1158 3940 ⁸
1191 3904 1329 3963 ἀλλὰ
1375 3908 1481 3979 μὴν
1502 3907 1625 3962 οὐδὲ
1657 3907 1782 3978 βρο-

174 4008 284 4060 cev
334 4007 400 4059 οὐ
458 4003 532 4075 μὴ
574 4003 848 4075 ὲντραπῶ.
890 4002 967 4055 Οὐ
1011 4001 1121 4071 γὰρ
1151 4002 1450 4068 ἐπίσταμαι
1499 3997 1780 4066 θαυμάσαι

177 4101 497 4171 πρόσωπον
519 4113 534 4128 ·
561 4098 609 4149 εί
637 4096 694 4149 δὲ
726 4094 823 4165 μὴ,
851 4095 946 4147 καὶ
979 4093 1079 4162 ἐμὲ
1108 4092 1271 4161 σῆτες
1300 4091 1532 4145 ἔδονται.

261 4191 434 4261 Δῶρα
466 4187 556 4241 ἐπ’
591 4186 786 4250 ἀθώοις
815 4188 915 4240 οὐκ
944 4183 1157 4239 ἔλαϐον.
1194 4182 1254 4236 '0
1304 4183 1476 4238 ποιῶν
1519 4183 1693 4237 ταῦτα
1721 4183 1779 4235 οὐ

170 4283 601 4351 σαλευθήσεται
624 4281 707 4342 είς
731 4278 824 4331 τὸν
854 4277 1052 4333 αἰῶνα.

262 4370 554 4439 Μακάριοι
608 4370 659 4424 ei
709 4369 1073 4440 φυλάσσοντες
1121 4369 1324 4441 κρίσιν,
1355 4370 1451 4423 καλ⁸
1499 4366 1784 4430 ποιοῦντες

162 4464 552 4535 δικαιοσύνην
577 4464 635 4518 ἐν
666 4466 830 4517 παντὶ
867 4461 1066 4535 καιρῷ.

1949 3912 2047 3968 Job
2073 3929 2249 3969 xvxu.
2301 3914 2500 3969 Coram
2547 3915 2772 3970 homine
2822 3930 2931 3968 non
2967 3913 3172 3971 alliciar
3225 3913 3461 3983 pudore,

1883 4017 2058 4072 neque
2089 4004 2312 4059 verebor
2347 4005 2654 4059 mortalem.
2687 4003 2810 4060 Non
2841 4005 2987 4059 enim
3025 4004 3150 4060 novi
3200 4004 3465 4059 admirari

1884 4111 2209 4168 personam;
2239 4097 2284 4152 si
2317 4109 2497 4153 autem
2550 4114 2679 4166 non,
2730 4111 2783 4155 et
2812 4115 2899 4155 me
2941 4100 3102 4155 tineae
3152 4098 3464 4164 comedent,

1946 4184 2094 4240 Psal.
2131 4202 2238 4240 xlv.
2274 4186 2495 4242 Munera
2543 4185 2806 4244 adversus
2849 4192 3169 4245 innocentes
3210 4204 3321 4244 non
3358 4203 3453 4243 ac-

1885 4280 2001 4348 cepi
2031 4295 2045 4331 :
2072 4278 2166 4349 qui
2222 4277 2351 4334 facit
2386 4278 2497 4333 haec
2547 4294 2652 4333 non
2696 4278 3037 4334 concutietur
3084 4279 3140 4333 in
3176 4277 3465 4333 saaculnm.

1957 4371 2104 4429 Beati
2130 4373 2222 4443 qui
2247 4372 2537 4428 observant
2564 4372 2854 4442 justitiam,
2889 4380 2942 4427 et
2977 4372 3172 4441 quovis
3209 4379 3463 4440 tempore

1814 4469 1861 4526 D
1890 4483 2008 4523 eam
2036 4476 2317 4522 exercent.

1966 4578 2242 4633 Salomon.
2299 4578 2460 4647 Aperi
2496 4592 2557 4631 os
2596 4588 2745 4631 tuum
2798 4574 3009 4630 Domini
3069 4575 3256 4639 verbo,
3309 4573 3460 4628 etde

1887 4672 2140 4726 omnibus
2161 4671 2343 4739 iudica
2379 4671 2583 4739 integre
2608 4685 2622 4722 :
2648 4667 2792 4736 aperi
2817 4682 2877 4723 os
2905 4675 3080 4733 tttum,
3100 4662 3155 4720 'et
3182 4665 3249 4721 de
3286 4665 3466 4720 omni-

1888 4764 1991 4818 bus
2026 4763 2171 4831 juste
2207 4762 2412 4830 judica.

1958 4851 2165 4907 Laetitia
2186 4850 2457 4920 justorum
2484 4860 2563 4905 est
2589 4865 2710 4904 eum
2740 4849 2948 4919 judicia
2987 4847 3239 4905 reddunt.

266 4584 499 4648 Ἀνοιγε
546 4580 639 4633 σὸν
691 4580 863 4649 στόμα
894 4580 1039 4649 λόγῳ
1071 4577 1231 4642 Θεοῦ,
1265 4577 1358 4630 καὶ⁸
1396 4576 1549 4647 κρῖνε
1602 4579 1779 4630 πάντα

160 4673 392 4744 ὑγιῶς.
429 4673 649 4741 ’Λνοιγε
682 4672 772 4725 σὺν
806 4671 1003 4740 στόμα,
1024 4671 1118 4723 καὶ
1149 4668 1301 4738 κρίνε
1326 4668 1503 4722 πάντα
1532 4667 1778 4731 δικαίως.

267 4849 602 4922 Εὐφροσύνη
633 4849 858 4905 δικαίων
894 4850 1065 4903 ποιεῖν
1096 4847 1358 4916 κρίματα.

264 4964 477 5033 κτῆμα
502 4962 684 5031 τίμιον
715 4961 856 5032 ἀνὴρ
887 4961 1146 5030 καθαρός.

262 5054 553 5110 Αίδεῐσθαι
584 5052 873 5123 πρόςωπον
896 5055 953 5106 ὲν
980 5057 1160 5106 κοὲσει
1190 5054 1250 5106 οὐ
1283 5052 1468 5107 καλόν.

1962 4966 2177 5035 Regum.
2218 4963 2325 5019 Res
2358 4963 2539 5033 magni
2571 4962 2731 5032 pretii
2765 4962 2850 5018 vir
2875 4977 3069 5032 purus.

1960 5057 2217 5112 Revereri
2255 5070 2540 5123 personam
2571 5053 2897 5125 cujusquam
2932 5055 2988 5109 in
3020 5053 3252 5126 judicio,
3292 5057 3466 5113 hone-

1889 5163 2031 5209 διιιιῐι
2063 5168 2172 5207 non
2205 5161 2312 5206 85L

1959 5245 2233 5302 Salomoni
2299 5244 2608 5312 Dominus,
2660 5244 2835 5312 Quia,
2893 5246 3095 5317 inquit,
3147 5259 3180 5300 a
3236 5259 3322 5301 me
3360 5242 3466 5297 hoc

1888 5339 2115 5408 petiisu,
2149 5350 2250 5391 nec
2286 5335 2488 5393 multos
2516 5351 2691 5392 annos
2716 5337 2837 5392 dari
2872 5337 2971 5394 tibi
3007 5337 3322 5409 postulasti,
3356 5346 3460 5387 nec

1887 5430 2243 5501 opulentiam,
2285 5443 2389 5485 nec
2417 5429 2657 5486 hostium
2686 5436 2908 5485 tuorum
2944 5432 3146 5501 capita,
3179 5426 3271 5483 sed
3296 5421 3462 5477 intel-

1887 5524 2163 5594 ligentiam
2192 5531 2246 5579 et
2280 5523 2636 5594 sagacitatem
2689 5523 2756 5577 ad
2816 5522 3199 5593 dijudicaudas
3229 5528 3455 5580 causas,

1887 5632 1954 5672 en
1988 5615 2059 5670 do
2090 5614 2188 5670 tibi
2221 5627 2315 5671 cor
2348 5614 2587 5685 prudens
2613 5622 2667 5670 et
2697 5629 2887 5685 sagax,
2922 5620 2978 5668 et
3022 5618 3080 5662 ut
3120 5604 3299 5661 nullus
3328 5610 3457 5658 ante

264 5254 414 5309 Εἷπε
464 5254 668 5324 Κύριος
718 5255 857 5325 πρὸς
925 5251 1177 5320 Σολομῶν
1219 5267 1233 5282 ο
1285 5250 1428 5306 Ἀνθ’
1475 5246 1551 5306 ὧν
1596 5252 1785 5323 ᾐτήσω

132 5347 328 5418 παρ’
376 5347 514 5417 ἐμοῦ
569 5345 631 5399 τὸ
681 5345 830 5416 ῥῆμα
876 5343 1057 5406 τοῦτο,
1095 5346 1188 5396 καὶ
1230 5344 1330 5395 οὐκ
1376 5343 1563 5413 ᾐτήσω
1612 5343 1787 5412 ἑαυτῷ

128 5448 185 5513 ἡ
200 5437 414 5511 μέρας
443 5435 667 5497 πολλὰς,
695 5437 785 5486 καὶ
814 5435 913 5487 οὐκ
953 5435 1140 5503 ᾐτήσω
1170 5432 1418 5495 πλοῦτον,
1457 5432 1579 5487 οὐδὲ
1607 5433 1785 5504 ψυχὰς

122 5529 413 5607 ἐχθρῶν
480 5544 596 5593 σου,
644 5527 759 5580 ἀλλ’
815 5526 1003 5596 ᾐτήσω
1060 5525 1277 5578 σύνεσιν
1334 5524 1426 5577 τοῦ
1482 5526 1787 5579 εἰσακούειν

120 5621 400 5698 κρίμα,
475 5620 589 5672 ίδοϋ
659 5619 868 5672 δέδωκά
927 5634 1007 5669 σοι
1080 5615 1308 5685 καρδίαν
1352 5616 1627 5685 φρονίμην
1694 5617 1789 5668 καὶ

124 5696 434 5780 σρνετήν
458 5726 475 5741 ·
503 5709 578 5774 ὡς
609 5710 694 5775 σὺ,
718 5710 779 5763 οὐ
803 5709 1024 5777 γέγονεν
1051 5708 1359 5778 ἔμπροσθέν
1386 5724 1504 5773 σου,
1529 5709 1622 5764 καὶ
1649 5708 1789 5779 μετὰ

1911 5726 1938 5765 e
1974 5708 2140 5764 fuerit
2186 5707 2367 5779 qualis
2394 5717 2476 5779 tu,
2521 5722 2623 5764 nec
2672 5717 2796 5779 post
2822 5715 2876 5762 te
2904 5702 3135 5758 exsistet
3164 5696 3456 5769 quisquam

118 5820 225 5872 σὲ
284 5807 392 5860 οὐκ
429 5804 796 5874 ἀναστήσεται
815 5803 998 5875 ὅμοιός
1039 5818 1143 5855 σοι.

1913 5806 1964 5861 ui
1991 5801 2206 5860 similis.

575 5902 845 5963 Ρηιιυι..
885 5898 1001 5961 GR.
1044 5896 1355 5981 QXXXVl.

3065 5885 3141 5950 33
