3992 6252
435 319 571 384 1035

1725 304 2043 368 ΑΝΤΟΝΙΙ
2078 305 2422 367 ΜΕΙᾸΞΞιλΕ

3525 305 3640 363 1υῶ

501 427 667 498 Soph.
702 440 764 482 ιι.
793 424 1329 480 Judiciumexercctc
1355 421 1694 491 ctjustitiam
1727 421 1953 492 quarrite
1987 436 2002 486 ;

2183 425 2372 496 Κρίμα
2429 421 2754 492 ὲργάσασθε,
2822 419 2916 473 καὶ
2977 419 3242 489 ζητήσατε
3304 415 3636 485 δικαιοσύνην,

434 522 655 590 ιιιιεεινὶιο
689 518 1184 581 mansuetudinem,
1210 523 1268 570 ut
1307 515 1358 568 in
1387 515 1476 570 die
1535 517 1627 569 irte
1691 515 1904 570 Domini
1948 514 2003 568 in

445 622 562 667 tuto
602 613 746 668 sitis.

509 703 674 757 Zach.
707 717 801 756 vn.
833 697 1107 754 Judicium
1140 697 1348 766 justum
1377 705 1648 752 exercete.

498 796 694 849 Jerem.
726 808 860 848 χιιι.
899 790 1023 845 "me
1047 790 1174 844 dicit
1201 787 1496 841 Dominus:
1536 785 1718 841 Facite
1742 785 2004 856 judicium

431 898 482 942 et
514 888 804 958 justitiam,
845 893 898 939 et
937 883 1127 952 eripite
1173 881 1462 951 spoliatum
1506 880 1571 933 de
1606 894 1765 932 manu
1809 878 2005 948 ii-juria

431 979 712 1033 :tﬂicientis
753 977 941 1043 illum;
975 983 1027 1029 et
1056 977 1341 1034 advenam,
1392 973 1606 1026 viduam
1644 981 1696 1024 et
1744 971 2004 1040 pupillum

431 1088 497 1124 ne
529 1069 874 1138 opprimatis,
904 1067 1038 1120 nihil
1074 1065 1236 1134 impie
1271 1066 1462 1134 agatis,
1497 1075 1547 1118 et
1573 1065 1888 1131 sanguinem
1925 1063 2008 1115 in—

433 1163 655 1216 noxium
685 1177 752 1215 ne
789 1159 1151 1229 profundatis.

500 1255 627 1310 Haec
652 1255 785 1310 dicit
811 1253 1112 1308 Dominus:
1146 1249 1359 1305 Iudicia
1381 1250 1527 1319 justa
1562 1246 2007 1317 exercete,justi-

431 1349 500 1399 tia
533 1346 771 1401 utimini.
809 1345 1008 1399 Beatus
1050 1343 1142 1413 qui
1179 1343 1295 1396 haec
1333 1340 1465 1409 agit,
1500 1339 1582 1392 his
1613 1339 1920 1403 adhaerens,
1953 1345 2005 1390 et

431 1454 625 1495 manus
656 1453 784 1495 suas
817 1435 1102 1492 abstinens
1137 1435 1202 1488 ab
1233 1433 1428 1503 injuria
1455 1430 1716 1486 facienda.

503 1615 613 1670 lsa.
650 1632 688 1670 ι.
743 1615 1020 1685 Exquirite
1067 1610 1267 1681 judicia
1298 1653 1312 1677 ,
1361 1611 1588 1665 liberate
1625 1607 1820 1677 injuria
1874 1606 2005 1661 atie-

428 1718 602 1769 ctum.
649 1707 917 1777 judicium
979 1704 1184 1759 reddite
1243 1703 1467 1773 pupillo,
1502 1702 1718 1756 viduam
1765 1698 2004 1754 absolvi-

430 1810 558 1862 tote,
587 1810 641 1854 et
667 1800 844 1854 venite
874 1806 929 1852 et
959 1796 1356 1866 disceptetnus,
1389 1796 1566 1864 inquit
1602 1794 1886 1848 Domiuus.

497 1891 694 1946 Jercm.
729 1905 842 1944 xxi.
877 1887 1002 1944 Haac
1030 1888 1166 1942 dicit
1199 1886 1501 1942 Dominus:
1537 1885 1784 1942 Judicate
1824 1900 2001 1948 tuane,

427 1992 481 2037 et
513 1992 664 2040 recta
694 1983 906 2036 ratione
936 1980 1185 2050 dirigite:
1213 1979 1400 2048 eripite
1450 1978 1739 2048 spoliatum
1764 1988 1814 2030 et
1841 1991 2003 2030 vexa-

427 2085 542 2129 tum
584 2077 648 2130 de
669 2090 832 2129 manu
879 2073 1053 2144 ipsum
1088 2070 1287 2138 injuria
1321 2068 1630 2133 aliieientis,
1661 2082 1728 2122 ne
1763 2067 1841 2121 ira
1885 2080 2004 2119 mea

428 2180 687 2237 tanquam
724 2168 866 2238 ignis
919 2164 1282 2222 succendatur
1313 2173 1366 2219 et
1404 2161 1749 2227 exardescat,
1796 2175 1896 2214 nec
1937 2159 2007 2212 sit

428 2261 521 2328 qui
557 2261 728 2330 possit
756 2259 1132 2328 exstinguere.

505 2351 662 2424 155
702 2350 895 2405 Ezech.
930 2365 1004 2404 vr.
1050 2347 1376 2418 lnjustitiam
1416 2353 1469 2400 et
1505 2344 1869 2400 calamitatem
1906 2355 2000 2395 au-

435 2445 598 2509 ferte,
623 2443 889 2514 judicium
924 2451 977 2496 et
1019 2440 1289 2510 justitiam
1325 2444 1599 2498 exercete,
1651 2435 1872 2490 eximite
1921 2444 2004 2503 ty-

431 2536 710 2592 rannidem
737 2551 767 2592 e
798 2534 994 2606 populo
1025 2547 1166 2595 meo,
1200 2531 1334 2587 dicit
1368 2529 1631 2584 Dominus
1657 2527 1817 2582 Deus.

502 2624 674 2680 Eccli.
713 2641 786 2679 iv.
843 2624 1143 2679 Personam
1193 2621 1433 2692 potentis
1483 2635 1551 2674 ne
1601 2619 1882 2685 respicito,
1938 2616 2005 2670 ad

433 2729 661 2774 mortem
707 2733 886 2788 usque
933 2730 1035 2786 pro
1079 2713 1307 2769 veritate
1363 2720 1590 2776 certato,
1647 2719 1700 2764 et
1743 2708 2007 2764 Dominus

433 2809 770 2880 praeliabitur
801 2825 898 2882 pro
932 2821 1003 2864 te.

502 2923 783 2980 Adversus
814 2923 1050 2976 animam
1097 2932 1244 2976 tuam
1278 2934 1568 2992 personam
1615 2932 1685 2972 ne
1725 2911 2003 2983 reSpicito.

504 3015 756 3085 lnjuriosi
790 3029 1036 3085 persona:
1069 3029 1138 3069 ne
1173 3014 1469 3083 assurgito.

506 3131 645 3184 Tum
677 3129 908 3184 summis
940 3137 1053 3183 tum
1081 3125 1284 3181 intimis
1312 3125 1403 3195 jus
1429 3122 1596 3178 dicito
1630 3119 1936 3189 aequaliter.

509 3245 710 3314 lujuria
755 3243 1006 3298 aﬂ‘ectum
1052 3241 1119 3296 de
1161 3255 1323 3294 manu
1373 3237 1570 3306 injuria
1600 3232 1882 3288 allicientis
1904 3231 2018 3286 exi-

440 3338 591 3402 mito,
617 3351 718 3392 nec
757 3335 811 3391 in
856 3335 978 3405 jure
1024 3332 1262 3388 dicundo
1306 3330 1384 3386 sis
1419 3326 1805 3399 pusillanimis.

515 3451 671 3507 Prius
705 3464 870 3522 quam
904 3448 1220 3519 inquisieris
1252 3462 1317 3502 ne
1350 3460 1578 3502 accuses
1608 3461 1622 3499 :
1647 3443 1882 3514 primum
1921 3454 2013 3496 co-

439 3545 706 3612 gnoscito,
742 3551 854 3596 tum
878 3542 1114 3610 denique
1136 3539 1450 3610 objurgato.

509 3634 642 3690 Sine
667 3635 877 3702 judicio
907 3635 1041 3688 nihil
1073 3633 1371 3703 quidquam
1401 3631 1618 3687 ieceris.

508 3726 686 3783 Nolite
707 3744 775 3782 ex
805 3734 1030 3796 aspectu
1059 3735 1114 3780 et
1140 3727 1293 3778 vultu
1314 3723 1586 3794 judicare,
1623 3724 1716 3778 sed
1748 3723 1899 3793 justo
1921 3720 2011 3790 ju-

435 3820 577 3875 dicio
600 3819 865 3889 judicate.

507 3911 609 3978 Qui
640 3912 773 3966 lacit
791 3911 1060 3982 justitiam
1090 3909 1272 3980 justus
1303 3917 1409 3964 est.

504 4004 650 4060 Justi
683 4004 853 4060 animi
884 4004 1046 4060 index
1073 4011 1160 4059 est
1186 4003 1472 4070 integritas
1500 4002 1552 4054 in
1581 3997 1901 4068 iudicando.

503 4177 584 4232 Ad
615 4177 1052 4247 cognoscendam
1079 4188 1261 4228 veram
1297 4173 1566 4243 justitiam
1601 4171 1845 4241 profecto
1888 4185 2011 4224 ma-

437 4285 542 4337 gno
585 4283 724 4339 opus
752 4279 836 4324 est
866 4269 1083 4337 ingenio
1113 4277 1162 4321 et
1191 4275 1370 4318 mente
1412 4264 1836 4333 peefectissima.
1865 4262 2010 4318 Fieri

435 4362 582 4414 cutim
609 4375 716 4414 non
749 4367 927 4428 potest
967 4365 1025 4411 ut
1055 4359 1144 4426 qui
1182 4371 1290 4410 non
1322 4365 1407 4410 est
1463 4356 1514 4408 in
1541 4355 1664 4424 jure
1692 4355 1998 4420 institutus,

2111 517 2379 587 ζητήσατε
2442 514 2748 586 πραΰτητα,
2799 512 2945 576 ὅπως
2990 509 3331 580 πεπασθῆτε
3385 511 3436 562 ὲν
3485 509 3644 580 ἡμέρα

2109 609 2278 678 ὀργῆς
2309 606 2537 676 Κυρίου.

2181 701 2222 752 Κ
2236 699 2372 768 ρίμα
2401 699 2607 752 δίκαιον
2635 699 2880 770 κρίνατε.

2180 791 2317 843 Τάδε
2363 790 2509 858 λέγει
2558 789 2802 860 Κύριοςο
2855 787 3064 840 Ποιεϊτε
3117 787 3296 857 κρίσιν
3346 785 3437 838 καὶ
3465 785 3645 837 δικαιο-

2111 884 2295 950 σύνην,
2337 883 2431 936 καὶ
2480 881 2721 948 ἐξέλεσθε
2765 879 3178 950 διηρπασμένον
3222 879 3283 930 ἐκ
3334 878 3504 947 χειρὸς
3548 878 3648 932 ἀδι-

2111 974 2332 1038 κοῦντος
2365 975 2524 1027 αὑτὸν
2547 1016 2562 1040 ,
2611 981 2703 1030 καὶ
2737 977 3075 1046 προσήλυτον
3148 975 3242 1026 καὶ
3267 976 3435 1044 χήραν
3459 973 3543 1026 καὶ
3568 975 3648 1042 ὀρ-

2111 1070 2278 1134 φανὸν
2333 1067 2407 1137 μὴ
2459 1069 2979 1130 καταδυναστεὺετε,
3015 1067 3110 1119 καὶ
3161 1069 3234 1136 μὴ
3282 1065 3532 1127 ἀσεϐεῖτε,
3569 1067 3650 1116 καὶ

2109 1155 2246 1229 αἷμα
2279 1161 2456 1213 ἀθῶον
2489 1163 2561 1230 μὴ
2601 1164 2839 1229 ἐκχέετε.

2180 1253 2320 1306 Τάδε
2357 1252 2504 1321 λέγει
2557 1255 2756 1323 Κύριος
2782 1271 2796 1285 ·
2854 1255 3124 1322 Ποιήσατε
3174 1251 3375 1321 κρίσιν,
3413 1250 3649 1316 ποιήσατε

2107 1343 2474 1414 δικαιοσύνην.
2523 1344 2810 1414 Μακάριος
2854 1345 2882 1398 6
2929 1343 3104 1397 ποιῶν
3129 1341 3301 1397 ταῦτα
3340 1337 3429 1394 καὶ
3460 1339 3652 1407 ἀντεχὸ-

2107 1454 2270 1504 μενος
2322 1435 2520 1500 αὑτῶν,
2551 1435 2650 1491 καὶ
2699 1436 2972 1506 διατηρῶν
3025 1434 3124 1498 τὰς
3170 1433 3358 1503 χεῖρας
3409 1429 3560 1482 αὐτοῦ
3588 1429 3650 1497 μὴ

2110 1531 2284 1581 ποιεῖν
2315 1528 2498 1584 ἄδικα.

2188 1621 2555 1693 Ἐκζητήσατε
2585 1621 2788 1691 κρίσιν,
2844 1621 3079 1693 ῥύσασθε
3128 1615 3496 1688 ἀδικούμενον,
3545 1613 3650 1682 κρί-

2109 1731 2234 1766 νατε
2260 1714 2504 1784 ὀρφανῷ,
2532 1715 2626 1768 καὶ
2651 1714 2980 1768 δικαιώσατε
3015 1714 3215 1784 χήραν,
3255 1709 3349 1762 καὶ
3382 1708 3543 1769 δεῦτε,
3573 1705 3654 1759 καὶ

2032 1772 2078 1828 Β
2105 1772 2503 1876 διαλεχθίὺμεν,
2527 1808 2675 1874 λέγει
2712 1807 2792 1859 Κύ
2809 1824 2942 1878 ριος.

2179 1897 2316 1951 Τάδε
2355 1897 2503 1967 λέγει
2548 1898 2784 1966 Κύριος·
2853 1898 3090 1968 Κρίνατε
3135 1895 3319 1967 πρωῒ,
3372 1894 3460 1947 καὶ
3485 1907 3655 1946 κατευ-

2110 1989 2336 2044 θύνατεο
2373 1991 2465 2043 καὶ
2494 1989 2737 2054 ὲξέλεσθε
2786 1989 3195 2060 διηρπασμένον
3248 1991 3310 2040 ὲκ
3343 1986 3515 2058 χειρὸς
3556 1984 3654 2036 ἀδι-

2111 2081 2327 2146 κοῦντος
2355 2083 2538 2149 αὑτὸν,
2567 2084 2716 2146 ὅπως
2742 2083 2816 2153 μὴ
2851 2083 3062 2153 ἁναφθῇ
3087 2084 3162 2142 ὡς
3191 2081 3302 2152 πῦρ
3326 2081 3358 2151 ή
3391 2077 3521 2148 ὀργή
3543 2093 3650 2146 μου,

2109 2180 2203 2232 καὶ
2235 2179 2585 2248 καυθήσεται,
2624 2179 2718 2230 καὶ
2748 2178 2848 2230 οὑκ
2883 2176 3035 2230 ἔσται
3064 2176 3092 2228 6
3125 2175 3357 2228 σδέσων.

2189 2355 2430 2408 Ἀδικίαν
2483 2355 2577 2409 καὶ
2623 2352 3001 2420 ταλαιπωρίαν
3041 2347 3330 2418 ἀφέλεσθε,
3365 2345 3530 2416 κρίμα
3573 2342 3652 2394 καὶ

2109 2445 2456 2514 δικαιοσύνην
2490 2446 2776 2516 ποιήσατε,
2831 2438 3059 2514 ἐξάρατε
3113 2437 3560 2502 καταδυναστείαν
3609 2437 3660 2485 ὲκ

2107 2537 2200 2590 τοῦ
2224 2537 2355 2590 λαοῦ
2392 2555 2513 2606 μου,
2550 2538 2698 2604 λέγει
2727 2535 2929 2604 Κύριος
2961 2534 2988 2584 ὁ
3019 2531 3173 2594 Θεός.

2178 2630 2270 2699 Μὴ
2335 2629 2507 2700 λάϐῃς
2574 2628 2863 2698 πρόσωπον
2927 2623 3218 2686 δυνάστου,
3281 2621 3385 2683 ἓως
3451 2616 3656 2670 θανάτου

2108 2720 2372 2789 ἀγώνισαι
2406 2721 2533 2791 περὶ
2575 2723 2674 2790 τῆς
2701 2715 2979 2789 ἀληθείας,
3014 2714 3108 2768 καὶ
3142 2712 3350 2780 Κύριος
3388 2709 3664 2778 πολεμήσει

2111 2813 2248 2882 ὑπὲρ
2280 2813 2395 2866 σοῦ.

2180 2929 2271 2995 Μὴ
2307 2927 2476 2998 λάϐῃς
2505 2924 2798 2995 πρόσωπον
2829 2923 2972 2976 κατά
2996 2924 3173 2992 ψυχῆς
3207 2937 3330 2974 σου.

2181 3019 2271 3087 Μὴ
2300 3019 2597 3086 ὲξαναστῇς
2629 3018 2733 3070 ἀπὸ
2765 3013 3056 3086 προσώπου
3081 3009 3369 3082 ὑϐριστοῦ.

2043 3119 2087 3177 (ἶ
2192 3133 2489 3186 Δικαίωσον
2524 3133 2707 3203 μικρῷ
2739 3133 2832 3185 καὶ
2865 3129 3086 3198 μεγάλῳ
3109 3126 3339 3198 ὁμοίως.

2203 3247 2418 3312 Ἐξελοῦ
2446 3247 2799 3315 ἀδικούμενον
2823 3246 2884 3296 ἐκ
2913 3242 3095 3313 χειρὸς
3129 3237 3470 3301 ἀδικοῦντος,
3489 3233 3575 3290 καὶ
3596 3229 3662 3304 μὴ

2117 3339 2518 3409 ὀλιγοψυχὴσῃς
2544 3339 2600 3390 ἐν
2644 3337 2720 3407 τῷ
2746 3336 2953 3406 κρίνειν
2982 3349 3063 3386 σε.

2191 3451 2326 3520 Πρὶν
2373 3450 2656 3521 ἐξετάσῃς,
2695 3448 2770 3520 μὴ
2817 3446 3033 3518 μέμψῃ.
3068 3443 3280 3516 Νόησον
3326 3442 3556 3514 πρῶτον,
3583 3437 3664 3492 καὶ

2114 3543 2236 3596 τότε
2269 3541 2519 3608 ἐπετίμα.
3237 3559 3244 3574 κ

2191 3629 2349 3680 Ἄνευ
2379 3627 2614 3696 κρίσεως
2654 3627 2728 3697 μὴ
2767 3628 3003 3698 ποιήσῃς
3037 3627 3227 3700 μηδέν.

2185 3721 2274 3790 Μὴ
2305 3721 2519 3790 κρίνετε
2568 3721 2690 3774 κατ’
2737 3721 2879 3791 δψιν,
2930 3722 3063 3775 ἀλλά
3104 3721 3205 3792 τὴν
3250 3720 3468 3776 δικαίαν
3507 3716 3668 3788 κρίσιν

2115 3815 2355 3882 κρίνατε.

2198 3904 2256 3957 Ὁ
2281 3904 2448 3958 ποιῶν
2475 3904 2576 3974 τὴν
2603 3905 2946 3974 δικαιοσύνην
2967 3905 3171 3968 δίκαιός
3197 3908 3370 3959 ἐστιν.

2187 3999 2448 4067 Ἔλεγχος
2484 3999 2584 4066 τῆς
2639 3997 2736 4051 τοῦ
2787 3999 2994 4053 δικαίου
3045 3997 3344 4060 διαθέσεως
3389 3997 3423 4068 ή
3472 3994 3592 4064 περὶ
3613 3991 3667 4044 τὸ

2118 4087 2321 4159 κρίνειν
2349 4089 2598 4160 ὀρθότης.

2183 4181 2257 4232 Τὸ
2285 4181 2472 4251 νοῆσαι
2513 4182 2612 4250 τὴν
2656 4183 2829 4252 ἀληθῆ
2860 4180 3207 4251 δικαιοσύνην
3243 4181 3486 4250 μεγάλης
3521 4178 3670 4236 δντως

2115 4270 2351 4333 διανοίας
2405 4271 2495 4323 καὶ
2532 4273 2725 4341 φρενὸς
2755 4272 3100 4338 τελειοτάτης
3141 4272 3339 4324 δεῖται.
3383 4272 3671 4339 Ἀμήχανον

2115 4363 2223 4430 γάρ
2261 4363 2336 4432 μὴ
2385 4364 2848 4434 προπαιδευθέντα
2896 4364 2990 4417 τοῦ
3039 4364 3251 4417 δικαίου
3302 4363 3556 4416 δύνασθαι
3585 4358 3670 4416 τὰς

437 4451 840 4507 controversias
883 4449 1054 4519 possit
1105 4457 1253 4502 recte
1293 4445 1618 4516 dijudicare.
1673 4445 1774 4511 Qui
1826 4455 2005 4500 autem

2114 4454 2553 4524 ἀμφισῦητήσεις
2591 4457 2767 4526 ὀρθῶς
2798 4456 3118 4523 διακρίνειν.
3169 4455 3228 4506 '0
3265 4457 3378 4522 γὰρ
3411 4452 3560 4513 εἰδὼς
3587 4450 3674 4513 τὴν

439 4559 624 4599 \eram
655 4544 756 4600 scit
783 4541 1075 4610 justitiam,
1121 4554 1185 4593 ac
1227 4553 1324 4609 per
1345 4552 1465 4590 eam
1494 4552 1653 4591 suum
1689 4537 1888 4606 cuique
1915 4538 2008 4590 tri-

438 4639 602 4691 buere
636 4635 842 4701 didicit,
878 4634 926 4690 is
961 4631 1165 4702 optime
1218 4638 1390 4700 potest
1420 4629 1622 4698 judicia
1674 4627 1909 4697 dirigere
1961 4637 2014 4681 et

437 4728 841 4790 administrare.
859 4722 1328 4791 Quemadmodum
1355 4721 1669 4791 saginat-ws
1691 4720 1754 4774 ad
1789 4735 2012 4789 scopum

437 4819 622 4890 dirigit
669 4821 794 4885 tela,
866 4833 1038 4887 neque
1093 4815 1423 4886 superando,
1456 4829 1632 4884 neque
1689 4814 2014 4869 submitten-

440 4915 528 4978 do,
551 4927 730 4982 neque
756 4913 809 4967 in
861 4910 1127 4965 utramvis
1155 4920 1360 4978 partem
1397 4906 1784 4972 convertendo,
1813 4905 2013 4958 frusmt

441 5003 692 5073 sagittam
732 5004 952 5069 emittit,
981 5001 1077 5058 sed
1129 5000 1410 5064 collimat;
1443 4998 1521 5053 sic
1553 4998 1719 5066 judcx
1761 4997 1852 5065 jus
1900 5004 2015 5048 tra-

440 5102 572 5160 etat,
605 5109 784 5163 neque
833 5109 1100 5164 personas
1146 5091 1468 5161 respiciens,
1507 5103 1683 5158 neque
1712 5089 2009 5157 quidquam

443 5187 655 5241 faciens
697 5187 1020 5256 cujusquam
1065 5187 1284 5240 hortatu
1333 5194 1388 5238 ct
1424 5183 1762 5247 invitatione,
1801 5181 1892 5234 sed
1931 5195 2015 5233 re-

443 5292 562 5335 rtas
621 5287 675 5333 ct
734 5279 956 5332 minime
1011 5285 1290 5333 contortas
1341 5274 1622 5345 proferens
1683 5273 2003 5327 sententias.

441 5371 508 5426 Et
561 5368 778 5424 duobus
805 5367 1138 5436 litigantibus
1194 5373 1300 5420 stat
1345 5366 1396 5418 in
1442 5365 1624 5418 medio
1651 5363 1814 5432 judex
1875 5379 2015 5417 exm-

445 5479 642 5532 quans,
693 5469 747 5517 et
807 5470 1017 5514 tantum
1074 5458 1366 5512 detrahens
1425 5457 1476 5513 ei
1523 5458 1613 5527 qui
1663 5456 1783 5524 plus
1824 5457 2008 5520 habet,

442 5565 702 5622 quantum
743 5553 946 5612 invenit
1007 5553 1318 5622 ademptum
1381 5553 1431 5607 ei
1493 5550 1824 5620 cuiinjuria
1872 5550 2014 5606 facta

443 5648 534 5698 sit.

518 5735 632 5790 Non
679 5751 764 5796 est
801 5743 942 5812 aequi
986 5738 1186 5811 judicis
1245 5751 1404 5808 pares
1460 5735 1685 5804 paribus
1716 5737 2012 5791 decernere

2116 4546 2292 4615 ἀληθῆ
2337 4547 2706 4618 δικαιοσύνην,
2750 4551 2844 4601 καὶ
2885 4548 2951 4600 δι’
2992 4547 3162 4612 αὑτῆς
3199 4546 3472 4615 διδαχθεὶς
3517 4541 3572 4592 τὸ
3609 4537 3675 4588 ol-

2117 4639 2263 4690 κεῖον
2294 4640 2589 4708 ἀπονέμειν
2623 4641 2860 4704 ἑκάστῳ,
2889 4633 3046 4701 οὗτος
3084 4639 3309 4692 δύναται
3344 4633 3675 4688 κατευθύνειν

2118 4731 2312 4800 κρίμα.
2356 4731 2566 4801 Ὥσπερ
2609 4734 2636 4785 6
2683 4733 2908 4802 τοξότης
2950 4731 3086 4801 πρὸς
3138 4731 3230 4783 τὸν
3274 4730 3482 4783 σκοπὸν
3529 4728 3677 4780 ἀπευ-

2119 4825 2265 4876 θύνει
2312 4824 2374 4877 τδ
2427 4824 2599 4894 βέλος,
2633 4823 2756 4880 οὔτε
2803 4824 3154 4896 ὑπερϐολαῖς,
3189 4821 3317 4876 οὔτε
3373 4819 3675 4888 ἐλλείψεων,

2116 4915 2242 4969 οὔτε
2271 4918 2392 4980 ταῖς
2421 4919 2508 4986 ἐφ’
2553 4918 2790 4985 ἑκάτερα
2823 4919 3186 4987 περιτροπαῖς
3227 4911 3558 4966 ἀποπλανῶν
3588 4908 3676 4977 τὴν

2116 5009 2348 5074 τοξείαν
2381 5009 2553 5073 οὕτως
2576 5013 2604 5062 6
2629 5009 2819 5078 κριτὴς
2849 5007 2941 5061 τοῦ
2965 5009 3170 5061 δικαίου
3200 5003 3677 5073 καταττοχάξεταιο

2118 5101 2239 5154 οὗτε
2278 5101 2545 5170 πρόσωπα
2569 5101 2882 5170 λαμϐάνων,
2918 5099 3044 5152 οὔτε
3072 5097 3241 5150 ποιῶν
3272 5115 3326 5148 τι
3358 5095 3495 5148 κατὰ
3524 5093 3678 5162 πρόσ-

2118 5192 2327 5262 κλησιν,
2355 5192 2472 5244 ἀλλ’
2500 5193 2713 5254 εὐθείας
2746 5193 2840 5244 καὶ
2866 5190 3263 5260 ἀδιαστρόφους
3299 5189 3549 5256 ἐκφέρων
3590 5184 3676 5242 τὰς

2119 5285 2349 5354 κρίσεις.
2383 5283 2490 5336 Καὶ
2519 5283 2612 5336 δύο
2659 5283 2996 5353 κρινομένων
3044 5279 3175 5350 παρ’
3209 5279 3361 5349 αὐτῴ
3411 5279 3630 5343 ἕστηκεν
3653 5272 3678 5320 ὁ

2121 5378 2311 5445 κριτὴς
2345 5376 2617 5428 ὲπανισῶν
2655 5376 2852 5437 αὐτους
2878 5376 3016 5443 πρὸς
3051 5373 3338 5440 ἀλλήλους,
3373 5372 3467 5422 καὶ
3507 5361 3679 5420 τοσοῦ-

2119 5487 2210 5520 τον
2256 5467 2504 5538 ὑφαιρῶν
2545 5465 2640 5518 τοῦ
2687 5467 3064 5537 ὑπερέχοντος,
3111 5465 3233 5516 ὅσον
3303 5457 3679 5526 ἐλαττούμενον

2121 5559 2362 5629 εὑρίσκει
2401 5559 2492 5610 τὸν
2518 5557 2890 5627 ἀδικούμενον.

2190 5735 2305 5789 Οὐκ
2342 5733 2456 5787 ἐστι
2493 5733 2701 5788 δικαίου
2737 5733 2946 5805 κριτοῦ,
2985 5735 3105 5799 ῐσας
3148 5731 3281 5802 πρὸς
3329 5732 3449 5792 ἴσας
3488 5719 3680 5795 ὁρίζειν
