3992 6252
342 342 479 407 10⁸37

1161 358 1333 421 LOCI
1373 360 1818 432 COMMUNES.
1850 394 1918 406 -
1948 369 2144 434 PARS
2183 374 2271 439 II.
2312 375 2571 440 SERMO
2598 379 2759 444 VIII.

3469 392 3605 459 1038

336 462 438 559 τὰς
482 464 817 559 ἀντιδόσει;’
863 470 977 526 ἀλλ’
1025 475 1240 547 ἀνάγκη
1294 482 1387 534 τὸν
1432 484 1782 555 κατάρξαντα
1815 505 1914 543 κα-

2034 491 2439 558 ιαιίεῒσοιίοηεε,
2478 497 2570 551 scd
2608 506 2889 554 auctorem
2922 499 3056 555 mali
3094 514 3321 557 necesse
3354 512 3437 557 est
3471 519 3596 559 cum

339 553 435 647 κοῦ
487 558 626 624 μετά
677 562 997 635 προσθήκης
1046 568 1303 627 ἀποτῖσαι
1360 576 1428 628 τὰ
1479 553 1836 647 ὀφειλόμενα,
1868 582 1919 634 εί

343 646 528 716 μέλλοι
575 651 737 714 αὐτός
783 672 842 708 τε
889 657 1115 727 βελτίων
1138 666 1260 726 ταῖς
1301 668 1598 739 τιμωρίαις
1639 646 1915 740 γενέσθαι,

333 743 433 887 geli.
469 741 594 807 τοὺς
643 742 865 809 λοιποὺς
891 757 1366 828 σωφρονεστέρους
1394 764 1618 832 ποιῆσαι
1662 763 1740 833 τῷ
1785 765 1917 818 ὑπο-

366 852 388 887 ε
415 851 605 905 γματι.

408 929 675 1000 Ποιήσατε
701 936 1050 1012 δικαιοσύνης
1074 942 1261 1012 ὅπλον,
1300 947 1390 1001 καὶ
1443 946 1519 1018 μὴ
1552 947 1785 1005 θανάτου
1817 950 1917 1022 τὴν

334 1038 378 1073 π
417 1021 634 1081 ίδευσιν.

410 1117 553 1171 Ἵσθι
577 1123 895 1192 κρινόμενος
918 1126 946 1179 ὁ
977 1129 1193 1199 κριτὴς.
1229 1133 1322 1183 καὶ
1348 1127 1510 1203 ἦττον
1546 1134 1911 1205 ἀμαρτήσεις.

402 1209 560 1268 Οὕτω
588 1214 851 1287 δοκίμαζε
884 1221 975 1274 τὸν
1006 1222 1239 1293 ἀδελφόν
1277 1242 1393 1291 σου,
1430 1225 1507 1290 ὡς
1535 1227 1629 1283 καὶ
1667 1227 1832 1294 αὐτὸς
1857 1231 1914 1283 ὲν

331 1306 445 1367 τρῖς
475 1308 659 1374 αὐτοῖς
689 1312 908 1383 μέτροις
933 1316 1271 1386 κρινόμενος.

406 1400 483 1471 Τῇ
526 1402 639 1455 τῶν
676 1404 1001 1471 δικαζόντων
1056 1408 1416 1481 μακροθυμίᾳ
1462 1412 1511 1464 oi
1565 1411 1685 1466 λίαν
1729 1412 1912 1467 ἄδικοι

328 1492 688 1565 σκληρότεροι
722 1498 933 1552 ἑαυτῶν
964 1499 1206 1569 γίνονται
1232 1503 1374 1556 κατὰ
1412 1502 1471 1556 τὸ
1498 1503 1768 1558 ἀπειθεῖν.
1802 1505 1912 1560 Καὶ

324 1583 408 1639 δεῖ
448 1586 540 1640 τδν
589 1588 783 1659 κριτὴν
825 1591 1048 1656 εἰδέναι,
1081 1594 1170 1647 ὅτι
1218 1594 1402 1665 κρίσει
1446 1593 1584 1649 Θεοῦ
1616 1595 1908 1666 ὑπηρετεῖ,

325 1676 421 1730 καὶ
462 1679 527 1732 οὐ
559 1678 749 1750 κύριός
797 1683 964 1749 ἐστιν,
990 1684 1068 1746 ὡς
1113 1685 1363 1755 βούλεται
1411 1687 1568 1759 ἄγειν
1620 1688 1682 1742 τὸ
1710 1690 1909 1761 κρίμα,

324 1767 468 1822 ὥστε
500 1772 597 1826 καὶ
623 1771 944 1844 χαρίζεσθαι
976 1778 1092 1841 τοῖς
1127 1780 1473 1851 κρινομένοις
1496 1782 1776 1855 τάγματα.

396 1948 636 2003 Ἄτοπον
684 1953 1082 2025 ἁμαρτήμασιν
1127 1959 1347 2030 ἐνόχους
1409 1956 1549 2016 εἶναι
1611 1964 1735 2027 τοὺς
1794 1968 1905 2030 τοῖς

320 2038 503 2105 ἀλλοις
527 2044 593 2097 τὰ
619 2045 802 2100 δίκαια
828 2046 1120 2118 βραϐεύειν
1150 2052 1489 2119 ὲξισοῦντας.

390 2136 563 2190 Ὅταν
626 2137 876 2195 αἰτιῶται
952 2141 1215 2215 δικαστὴς
1286 2150 1629 2218 κρινόμενον.
1686 2151 1903 2221 ἀνάγκη

320 2229 553 2301 σιω-κᾷν.

396 2321 654 2389 Ἄριστος
675 2327 866 2399 κριτὴς
892 2327 1228 2387 ὕπονοείσθω
1251 2335 1278 2387 ὁ
1303 2334 1515 2405 ταχέως
1545 2335 1647 2402 μὲν
1673 2336 1899 2400 συνιεὶς,

318 2411 561 2484 βραδέως
590 2417 645 2471 δὲ
672 2419 896 2489 κρίνων.
929 2421 1170 2496 Θὰτερον
1201 2427 1301 2496 μὶν
1340 2426 1436 2483 οὖν
1477 2426 1714 2494 εὐνοίας,
1745 2427 1903 2484 θάτε-

318 2525 414 2578 ρον
436 2510 492 2561 δὲ
521 2512 830 2582 ἀκριϐείας.

400 2602 716 2669 Ἀσκέπτως
757 2609 818 2661 οὐ
845 2609 927 2664 δεῖ
953 2614 1248 2682 προπετεῖν
1294 2614 1353 2665 ἓν
1396 2611 1474 2678 τῷ
1522 2611 1755 2683 κρίνειν,
1801 2612 1902 2681 ἒμ-

316 2697 557 2767 προσθεν
593 2699 650 2753 δὲ
704 2699 1078 2769 βουλεύεσθαι,
1129 2704 1266 2776 μηδὲ
1301 2705 1377 2776 τῷ
1412 2706 1668 2760 σπεύδειν
1703 2706 1777 2776 τῷ
1807 2704 1896 2758 λο-

315 2789 502 2860 γισμῷ
547 2792 676 2862 παρ’
704 2792 732 2844 ὃ
764 2794 846 2847 δεῖ
870 2796 1050 2863 λέγειν
1074 2812 1089 2828 ο
1130 2797 1267 2851 ἀλλὰ
1316 2797 1680 2868 βραδύνοντάς
1710 2814 1770 2851 τε
1803 2797 1901 2853 καὶ

318 2881 639 2951 μέλλοντας,
665 2886 766 2959 τὴν
817 2889 997 2959 ὁρμὴν
1028 2890 1277 2961 ἀκριϐῶς
1328 2889 1762 2961 πεπονημένους.
1804 2891 1902 2945 καὶ¹

320 2971 398 3044 μὴ
426 2974 565 3043 πρὸς
592 2978 754 3048 χάριν
784 2978 1221 3047 μεταϐάλλεσθαι
1245 2998 1258 3011 ”
1286 2977 1449 3056 ἦττον
1475 2986 1582 3053 γάρ
1611 2982 1702 3037 τοῦ
1736 2983 1900 3037 ἀϐού-

314 3062 410 3117 λου
435 3065 495 3119 τὸ
530 3067 913 3136 εὐμετάϐολον,
958 3072 1074 3137 καὶ,
1102 3073 1194 3126 τοῦ
1225 3073 1532 3143 προπετοῦς
1571 3074 1633 3129 τὸ
1671 3074 1895 3145 κοῦφον.

391 3245 504 3315 Οὐχ
541 3246 682 3302 οὕτω
710 3248 801 3304 τὶν
825 3248 936 3304 τῶν
965 3251 1312 3323 γραμμάτων
1342 3254 1666 3326 χαρακτῆρα
1701 3255 1899 3328 ὀρθοῦν

314 3337 418 3401 δεῖ.
446 3339 522 3402 ὡς
569 3339 661 3393 τὸν
709 3342 818 3395 τῶν
856 3347 1203 3414 πραγμάτων
1245 3349 1456 3417 τηρεῖν.
1495 3348 1563 3404 Ἦ
1617 3351 1724 3422 γὰρ
1755 3354 1902 3422 κακὴ

314 3435 500 3506 κρίσις
529 3439 728 3501 παντὸς
753 3436 925 3491 κακοῦ
957 3437 1127 3494 αἰτία.

386 3528 592 3598 Μηδεὶς
638 3528 915 3598 φρονίμων
967 3530 1060 3583 τοῦ
1095 3532 1288 3602 ἄρχειν
1337 3534 1761 3605 ἀλλοτριούσθω.
1792 3538 1900 3593 Καὶ

310 3624 425 3692 γὰρ
453 3621 648 3685 ἀσεϐὲς
696 3623 755 3676 τὸ
808 3610 1063 3695 ἀποσπᾷν
1111 3626 1307 3680 ἑαυτὸν
1336 3630 1440 3698 τῆς
1487 3628 1597 3684 τῶν
1627 3631 1899 3701 δεομένων

311 3712 644 3784 εὐχρηστίας
668 3731 683 3745 ·
721 3715 819 3769 καὶ
849 3716 1075 3784 ἀγεννὲς
1106 3721 1222 3780 τοῖς
1263 3720 1490 3789 φαύλοις
1520 3727 1896 3795 παραχωρεῖν.

323 3804 580 3877 Ἀνὸητον
625 3806 734 3878 γάρ
762 3807 822 3861 τὸ
846 3807 1121 3879 αἱρεῖσθαι
1148 3811 1336 3877 κακῶς
1368 3814 1636 3886 ἄρχεσθαι
1669 3816 1894 3885 μᾶλλον,

308 3899 345 3970 ἢ
375 3898 558 3964 καλῶς
582 3899 795 3971 ἄρχειν.

384 3988 520 4044 Οὐδὲ
550 3991 678 4046 ἄλλο
707 3994 936 4064 ἡγεμόνι
969 3996 1175 4067 πρέπει
1219 3997 1251 4068 ἢ
1281 3999 1342 4054 τὸ
1371 3999 1578 4070 μηδένα
1605 4001 1897 4073 ὑπερηφα-

304 4082 442 4146 νεῖν,
482 4083 619 4153 μηδὲ
659 4083 1159 4155 ἀϐρύνεσθαι,·ἀλλ’
1204 4088 1263 4153 ἐξ
1311 4087 1427 4143 ῐσου
1471 4091 1692 4147 πάντων
1741 4093 1897 4163 προτ-

307 4173 561 4230 στασθαι.

940 4296 1160 4351 ΛΟΓΟΣ
1187 4294 1265 4351 H'.

298 4382 448 4453 Περὶ
473 4383 1052 4462 δικαστῷνριηπτῶν
1076 4390 1172 4444 καὶ
1204 4390 1768 4462 δωροδοκουμένων,
1792 4395 1891 4448 καὶ

693 4456 970 4527 ἀθέσμως
994 4456 1495 4529 armaarma-ortam

2023 584 2394 643 additamenta
2446 589 2756 658 persolvere
2815 591 3038 659 debita,
3093 592 3142 648 si
3193 592 3456 649 debeatur
3513 595 3601 651 illa

2022 691 2180 746 poena
2214 678 2402 734 melior
2439 679 2574 747 ﬁeri,
2605 691 2658 737 et
2685 683 2927 754 reliquos
2950 700 3051 741 suo
3084 685 3337 754 exemplo
3364 685 3594 742 reddere

2024 773 2503 839 temperantiores.

2095 950 2364 1024 Theotogi.
2411 951 2590 1009 Nolite
2639 957 2982 1014 committere
3020 966 3081 1013 ut
3127 966 3309 1015 vestra
3356 957 3596 1023 eruditio

2019 1044 2088 1097 sit
2122 1046 2312 1101 mortis
2338 1054 2636 1112 armatura,
2668 1047 2764 1102 sed
2798 1048 3048 1118 justitiaz.

2085 1136 2260 1193 Judex
2290 1140 2367 1192 rei
2407 1153 2694 1207 personam
2725 1140 2936 1196 sustine
2962 1180 2976 1203 ,
3007 1149 3063 1195 et
3097 1139 3279 1197 minus
3304 1141 3585 1210 peccabis.

2090 1229 2182 1286 Sic
2218 1231 2444 1286 fratrem
2479 1241 2629 1287 tuum
2658 1233 2908 1303 probato,
2946 1242 3006 1287 ut
3040 1234 3084 1289 si
3122 1233 3240 1291 ipse
3272 1235 3479 1289 eisdem
3508 1250 3599 1291 ra-

2020 1322 2256 1380 tionibus
2290 1324 2345 1378 in
2379 1323 2646 1392 iudicium
2685 1334 2910 1380 vocatus
2946 1340 3118 1381 esses.

2087 1415 2191 1484 Qui
2224 1431 2391 1485 supra
2430 1418 2651 1471 modum
2684 1418 2855 1486 iniqui
2887 1425 2940 1472 et
2988 1418 3233 1484 iniuriosi
3265 1430 3412 1486 sunt,
3444 1418 3597 1487 iud?-

2015 1525 2138 1563 cum
2174 1509 2395 1565 lenitate
2428 1510 2564 1564 ﬁunt
2605 1511 2914 1579 asperiores
2945 1509 3009 1565 ad
3058 1526 3166 1564 non
3211 1511 3511 1579 parendum
3546 1517 3601 1564 et

2016 1599 2429 1656 rebellandum:
2463 1600 2646 1671 itaque
2691 1600 2854 1671 iudex
2902 1602 3158 1669 ignorare
3192 1616 3305 1654 non
3351 1600 3510 1656 debet
3543 1616 3601 1655 Se

2014 1689 2388 1761 Deiiudicium
2410 1691 2815 1758 administrare,
2846 1691 3009 1763 146
3031 1706 3089 1745 se
3111 1698 3291 1744 autem
3316 1691 3599 1746 dominum

2014 1797 2125 1836 non
2143 1796 2266 1839 esse
2279 1792 2341 1837 ut
2368 1782 2667 1852 siejudicia
2694 1783 2985 1854 gubernet,
3009 1789 3068 1836 ut
3087 1782 3430 1851 litigantibus
3464 1791 3516 1837 et
3544 1782 3599 1836 in

2008 1875 2273 1945 judicium
2303 1876 2509 1931 vocatis
2540 1889 2762 1947 pmnam
2797 1874 3091 1930 condonet.

2084 1965 2345 2024 Philonis.
2393 1968 2707 2023 Absurdum
2753 1967 3084 2023 criminibus
3131 1966 3305 2023 teneri
3358 1980 3458 2022 eos
3503 1964 3598 2034 qui

2008 2056 2130 2113 aliis
2151 2057 2649 2127 iuraexaequantet
2680 2056 3090 2112 administrant.

2079 2154 2390 2209 Democriti.
2424 2153 2746 2222 Cumjudex
2776 2166 2934 2207 reum
2960 2159 3205 2216 accusat.
3241 2159 3359 2206 tum
3413 2157 3599 2206 tacere

2007 2262 2234 2302 necesse
2285 2257 2391 2303 εει.

2079 2340 2335 2410 Optimus
2393 2341 2558 2411 iudex
2618 2340 2902 2403 habeatur,
2931 2336 3027 2406 qui
3073 2333 3184 2391 cito
3221 2331 3501 2402 intelligit,
3544 2337 3601 2386 et

2004 2433 2149 2486 lente
2196 2431 2426 2502 iudicat.
2487 2431 2734 2485 Alterum
2780 2429 3001 2499 quidem
3051 2434 3138 2483 est
3187 2422 3597 2488 benevolentiae,

2005 2524 2234 2578 alterum
2266 2531 2449 2578 autem
2500 2522 2796 2594 diligentia:
2826 2518 3136 2590 exquisita.

2076 2617 2483 2674 lnconsideratc
2510 2617 2648 2671 nihil
2672 2624 2889 2686 oportet
2912 2611 3256 2683 praecipitare
3289 2607 3591 2678 iniudicio,

2006 2712 2099 2766 sed
2132 2711 2288 2780 prius
2317 2710 2661 2764 deliberare:
2699 2723 2801 2762 nec
2839 2705 3174 2776 cogitatione
3222 2700 3623 2756 festinandum.

2005 2810 2066 2857 ut
2103 2801 2308 2870 aliquid
2355 2801 2474 2869 plus
2528 2814 2691 2865 quam
2738 2800 2893 2852 decet
2945 2797 3141 2850 dicas:
3201 2793 3296 2848 sed
3352 2792 3497 2847 lente
3543 2800 3602 2846 et

2003 2901 2328 2949 cunctanter
2383 2890 2642 2962 appetitio
2687 2897 2943 2944 accurate
2984 2885 3318 2947 exercenda,
3379 2896 3482 2938 nec
3525 2882 3596 2936 ad

2004 2987 2231 3057 gratiam
2262 2984 2598 3038 immutanda
2629 2991 2708 3036 est
2741 2999 2755 3046 ;
2793 2996 2915 3034 nam
2953 2980 3391 3042 inconstantem,
3419 2984 3593 3030 telae-

2004 3078 2211 3135 rarium
2229 3087 2284 3132 et
2309 3077 2481 3132 levem
2503 3090 2649 3140 esse,
2677 3072 2921 3129 deterius
2942 3078 3028 3129 est
3059 3083 3223 3141 quam
3245 3067 3480 3125 consilio
3501 3080 3598 3122 ca-

1929 3187 1975 3247 ο
2010 3184 2154 3225 rere.

2078 3260 2194 3317 Non
2227 3273 2332 3316 tam
2365 3265 2416 3316 in
2448 3262 2753 3314 litterarum
2788 3260 3002 3330 ﬁguris,
3034 3274 3203 3329 quam
3254 3257 3309 3311 in
3366 3254 3598 3327 negotiis

2006 3364 2215 3409 rectum
2242 3356 2394 3422 sequi
2419 3354 2721 3407 debemus:
2753 3367 2980 3421 pravum
3007 3348 3440 3418 enimiudieium
3479 3362 3599 3402 om-

2006 3449 2092 3501 nis
2121 3447 2246 3500 mali
2274 3462 2442 3500 causa
2504 3444 2625 3500 est.’

2078 3537 2326 3607 Epicteti.
2360 3537 2530 3593 Nemo
2563 3539 2807 3608 prudens
2831 3550 2861 3590 a
2894 3551 2951 3591 se
2980 3535 3219 3589 alienum
3241 3531 3453 3603 iudicet
3481 3543 3598 3583 ma-

2003 3631 2232 3700 gistratu
2255 3627 2403 3700 fungi
2429 3646 2445 3695 ;
2473 3640 2559 3684 est
2605 3630 2751 3684 enim
2778 3629 3001 3698 impium
3036 3640 3158 3680 sese
3180 3624 3504 3679 abstrahere
3527 3621 3595 3675 ab

2003 3724 2070 3780 iis
2091 3724 2183 3793 qui
2204 3724 2491 3779 commoda
2513 3725 2612 3780 abs
2636 3733 2687 3779 te
2719 3721 3030 3792 requirunt,
3061 3726 3116 3774 et
3142 3733 3331 3789 parum
3361 3730 3594 3784 genero-

2001 3831 2123 3869 sum
2153 3814 2418 3884 improbis
2442 3813 2633 3868 cedere
2657 3831 2673 3867 :
2698 3815 2929 3869 stultum
2956 3819 3042 3867 est
3059 3809 3204 3863 enim
3230 3807 3402 3877 iiiagis
3430 3821 3594 3875 expe-

2001 3915 2115 3961 tere
2149 3906 2469 3975 guberuari,
2500 3918 2668 3974 quam
2709 3904 2846 3959 bene
2867 3904 3198 3973 gubernare.

2071 3998 2216 4054 Nihil
2233 4008 2315 4053 est
2334 3998 2477 4067 quod
2505 3998 2677 4067 magis
2698 4010 2822 4049 eum
2849 3995 2939 4064 qui
2960 3990 3163 4061 praesit,
3188 3986 3399 4051 deceat,
3423 3998 3589 4055 quam

2001 4090 2357 4148 utneminem
2409 4089 2490 4143 vel
2541 4089 2777 4158 superbe
2828 4091 3165 4146 contemnat,
3209 4078 3295 4135 vel
3333 4076 3593 4133 indecore

1998 4185 2315 4245 admiretur.
2343 4183 2436 4237 sed
2467 4198 2532 4235 ex
2564 4196 2720 4248 n-quo
2747 4178 3002 4232 omnibus
3028 4173 3234 4244 prmsit.

2391 4294 2624 4348 SERMO
2684 4291 2794 4347 Vlll
2865 4291 2966 4363 [αι.
3032 4285 3196 4358 cur}.

1996 4393 2074 4449 De
2097 4392 2367 4463 judicibus
2410 4390 2728 4463 nummariis
2763 4395 2811 4440 et
2848 4400 3065 4463 munera
3095 4376 3500 4463 accipientibus,
3538 4382 3592 4430 et

2285 4474 2471 4515 contra
2493 4461 2586 4528 jus
2626 4470 2675 4514 et
2698 4459 2781 4527 fas
2800 4453 3310 4511 conde'muautibus.

384 4548 817 4619 Ἐπικατάρατος
863 4552 990 4617 πᾶς,
1018 4550 1079 4614 ὃς
1127 4550 1196 4606 ἂν
1241 4552 1465 4627 ὲκκλίνη
1495 4554 1680 4626 κρίσιν
1710 4572 1880 4628 προσ·
1913 4548 1924 4605 Ῑ

2058 4555 2217 4610 Deut.
2250 4568 2421 4608 xxvu.
2455 4551 2841 4607 Exsccraudus
2870 4545 3119 4617 quisquis
3165 4545 3422 4615 reiecerit
3457 4559 3589 4601 cau-

295 4637 502 4711 ηλύτου
538 4640 630 4693 καὶ
657 4640 895 4709 ὀρφανοῦ
929 4642 1022 4694 καὶ
1050 4642 1248 4713 χήρας.

372 4730 496 4802 Πῦρ
524 4733 862 4787 κατακαύσει
888 4733 1072 4798 οἴκους
1098 4734 1470 4806 δωροδεκτῶν.

375 4935 562 5005 Θυμὸς
592 4937 677 4989 ἐπ’
709 4936 928 5002 ἀσεϐεῖς
967 4937 1119 4992 ἔσται
1164 4939 1233 4993 δι’
1258 4940 1521 4995 ἀσέϐειαν
1575 4938 1887 5012 δὼρων,ὧν

291 5028 545 5099 ἐδέχοντο
581 5029 639 5082 εν
668 5030 879 5104 ἀδικίᾳ.

369 5141 436 5195 Et
511 5140 732 5212 ἀληθῶς
806 5143 918 5214 ἄρα
981 5145 1328 5217 δικαιοσύνην
1361 5146 1609 5214 λαλεῖτε,
1671 5147 1889 5213 εὐθείας

290 5232 549 5301 κρίνατε,
587 5235 694 5286 uio‘:
740 5233 851 5287 τῶν
901 5233 1233 5304 ἀνθρώπων.
1270 5238 1379 5290 Καὶ
1426 5238 1536 5308 γὰρ
1572 5240 1630 5290 ἐν
1681 5239 1886 5311 καρδίᾳ

292 5326 533 5395 ἀνομίας
558 5326 861 5396 ἐργάζεσθε
888 5328 946 5383 ὲν
971 5332 1038 5401 τῇ
1072 5332 1162 5400 γῇ,
1191 5330 1408 5384 ἀδικίαν
1431 5333 1489 5385 αἱ
1521 5334 1706 5402 χεῖρες
1731 5334 1889 5404 ὑμῶν

296 5420 728 5489 συμπλέκουσιν.

373 5534 523 5599 Ἕως
550 5537 681 5590 πότε
719 5543 934 5610 κρίνετε
962 5540 1198 5605 ἀδικίαν,
1228 5542 1324 5595 καὶ
1358 5542 1631 5613 πρόσωπα
1698 5544 1883 5614 ἁμαρ-

292 5624 491 5678 τωλῶν
519 5625 572 5677 λε
592 5626 862 5697 μϐἀνετε;

383 5737 692 5807 Ἐξόλλυσιν
717 5742 912 5800 ἑαυτὸν
939 5746 968 5800 ὁ
996 5745 1351 5819 δωρολήπτης
1377 5764 1391 5781 ·
1427 5749 1457 5802 δ
1489 5749 1545 5804 δὲ
1573 5750 1749 5821 μισῶν
1780 5749 1884 5805 δὼ-

298 5848 417 5903 ρων
437 5831 628 5904 λήψεις
654 5830 901 5906 ζήσεται.

1995 4666 2110 4707 san.
2148 4645 2419 4719 peregrini
2445 4653 2499 4700 et
2526 4643 2712 4713 pupilli
2742 4652 2796 4696 et
2832 4640 3029 4694 viduae.

2062 4741 2163 4798 Job
2199 4756 2289 4795 xv.
2318 4737 2463 4808 ignis
2505 4737 2698 4790 domos
2719 4731 3038 4788 muneribus
3068 4741 3457 4800 corruptorum
3490 4744 3588 4785 ex-

1995 4845 2138 4890 111⁵81.

2063 4945 2349 5002 Iracundia
2369 4946 2422 4999 in
2445 4943 2643 5014 impios
2666 4942 2771 4998 erit
2794 4951 3018 5010 propter
3040 4952 3330 4993 munerum
3382 4936 3588 5006 impie-

1992 5048 2178 5103 tatem,
2207 5051 2331 5109 quae
2350 5035 2538 5105 inique
2558 5041 2893 5105 acceperunt
2920 5032 2986 5087 ad
3021 5030 3250 5086 alterius
3295 5029 3582 5100 iniuriam.

2064 5151 2213 5206 Psat.
2241 5165 2354 5206 xw.
2386 5148 2445 5204 Si
2487 5161 2614 5203 vere
2670 5146 2887 5201 tandem
2938 5144 3214 5217 justitiam
3267 5122 3583 5212 loquimini,

1992 5254 2160 5311 recte,
2180 5242 2270 5296 lilii
2290 5241 2597 5308 hominum,
2618 5240 2936 5309 iudicatote.
2962 5237 3182 5293 Etenim
3198 5237 3252 5291 in
3285 5235 3450 5292 corde
3477 5234 3585 5289 ini-

1990 5340 2226 5406 quitates
2261 5332 2524 5404 perﬁcitis
2567 5333 2623 5388 in
2665 5340 2830 5393 terra.
2875 5331 3111 5388 iniurias
3150 5343 3346 5385 manus
3385 5334 3586 5382 vestra)

1992 5436 2350 5484 (ιοηηροιυιιῐ.

2063 5541 2206 5597 Ibid.
2232 5558 2339 5597 ut.
2366 5540 2667 5612 Quousque
2706 5540 2926 5597 tandem
2964 5540 3151 5612 inique
3187 5531 3469 5608 iudicatis,
3523 5539 3580 5585 ct

1990 5651 2254 5706 personas
2285 5636 2677 5692 sceleratorum
2734 5635 3041 5705 respicitis?
3626 5704 3637 5711 Ἀ

2065 5750 2347 5806 Salomon.
2378 5748 2601 5804 Munera
2627 5749 2720 5817 qui
2763 5748 2983 5818 accipit,
3021 5759 3080 5801 se
3119 5742 3236 5812 ipse
3270 5734 3483 5808 perdit:
3511 5745 3581 5791 ac

1991 5845 2085 5916 qui
2112 5843 2229 5901 odit
2284 5858 2534 5911 munera,
2597 5843 2762 5898 vivet.
