3992 6252
384 338 527 407 1039
1659 335 1983 395 ANTONJI
2026 338 2369 411 nuisse

444 458 744 515 Pecuniam
770 471 891 529 qua:
916 457 1042 513 dolo
1059 455 1219 512 datur
1241 453 1396 525 quasi
1422 461 1614 510 testam
1638 454 1955 509 existimare
1982 453 2032 516 Α

322 575 332 585 -
376 549 660 608 debemus.

448 641 601 713 lmpii
628 657 912 714 personam
937 640 1194 698 admirari
1221 641 1517 696 honestum
1562 651 1674 694 non
1730 645 1838 703 est,
1862 650 1962 693 nec

379 744 629 790 sanctum
652 734 926 789 declinare
942 733 1034 805 jus
1087 731 1391 803 in~judicio.

453 826 556 892 Qui
580 827 1025 882 occultatmanus
1045 840 1173 883 suas
1189 825 1244 881 in
1266 825 1720 897 sinum,injustus
1742 830 1847 890 est,
1866 836 1965 879 nec

381 916 504 974 illas
534 918 615 973 ori
639 933 740 973 suo
765 918 1042 975 admovet.

3498 332 3641 398 1040

2145 460 2433 531 ’Λργύριον
2487 460 2764 532 διδόμενον
2796 461 2935 532 μετὰ
2965 461 3119 515 δόλου
3149 459 3341 532 ὥσπερ
3374 462 3642 533 ὄστρακον

2063 555 2317 627 ἡγητέον.

2132 652 2431 721 Θαυμάσαι
2501 651 2793 723 πρόσωπον
2851 650 3084 712 ἀσεϐοῦς
3141 650 3204 704 οὐ
3261 647 3469 713 καλὸν,
3524 645 3646 701 οὐδὲ

2064 754 2214 808 ὅσιον
2251 749 2521 803 ἐκκλίνειν
2553 746 2615 802 τό
2651 746 2856 800 δίκαιον
2886 746 2945 796 ὲν
2979 743 3182 813 κρίσει.

2151 850 2209 902 Ὀ
2243 845 2571 916 ἐγκρὺπτων
2613 844 2692 906 είς
2717 842 2810 895 τὸν
2852 843 3055 895 κόλπον
3098 837 3265 892 αὑτοῦ
3296 838 3491 907 χεῖρας
3531 833 3645 887 ἀδί-

2065 961 2205 1008 κως,
2238 941 2362 996 οὐδὲ
2413 940 2492 1013 τῷ
2542 938 2772 1009 στόματι
2831 934 2994 990 αὑτοῦ
3046 935 3107 988 οὐ
3172 932 3248 1003 μὴ
3299 928 3646 1001 προσενέγκῃ

2067 1038 2255 1100 αὒτάς.

2135 1133 2319 1201 Στόμα
2347 1130 2558 1184 ἀσεϐῶν
2598 1129 2929 1183 καταπίεται
2959 1125 3196 1196 κρίσεις.

2145 1227 2240 1288 Ὃς
2285 1223 2493 1277 δίκαιον
2529 1223 2704 1290 κρίνει
2755 1219 2847 1272 τὸν
2898 1218 3103 1284 ἄδικον,
3139 1215 3324 1270 ἄδικον
3370 1212 3427 1266 δέ
3459 1209 3555 1264 τὸν
3577 1209 3649 1264 δί-

2071 1335 2248 1378 καιον,
2283 1317 2595 1386 ἀκάθαρτος
2626 1313 2721 1368 καὶ
2758 1312 3043 1384 βδελυκτδς
3072 1309 3228 1380 παρὰ
3258 1304 3469 1376 Κυρίῳ.

2146 1409 2263 1463 Ἵνα
2294 1408 2347 1461 τί
2386 1406 2848 1477 παρεσιωπήσατε
2884 1401 3163 1467 ἀσέϐειαν,
3191 1399 3284 1453 καὶ
3309 1397 3410 1460 τὰς
3438 1394 3652 1483 ἀδικίας

2073 1504 2245 1570 αὐτῆς
2274 1503 2615 1573 ἑτρυγήσατε
2642 1519 2657 1569 ;

335 1098 344 1181 ἕ
456 1111 636 1185 147.
668 1115 742 1170 Os
771 1116 1065 1189 impiorum
1093 1119 1354 1190 deglutiet
1371 1120 1606 1190 judicia.

452 1202 554 1271 Qui
575 1206 1005 1280 jt'stumjudicat
1034 1210 1326 1280 injustum,
1345 1219 1401 1266 et
1442 1212 1707 1284 injustum
1730 1213 1965 1283 justum,

382 1295 632 1367 impurus
659 1311 742 1355 est
768 1303 911 1371 apud
933 1303 1225 1359 Dominum
1255 1313 1308 1360 et
1332 1304 1459 1361 odio
1507 1305 1726 1377 dignus.

456 1387 628 1445 Ome.
656 1390 766 1446 Cur
786 1394 1122 1464 impietatem
1154 1396 1448 1454 reticentes
1474 1398 1698 1465 tulistis,
1743 1405 1800 1454 et
1829 1397 1971 1470 inju-

380 1479 493 1534 rias
510 1481 631 1552 ejus
664 1483 1045 1544 vindemiaslis
1068 1488 1091 1541 ?

458 1570 733 1631 Habacuc.
777 1575 1082 1651 Quousque
1110 1582 1356 1650 tandem,
1396 1583 1644 1652 Domine,
1693 1587 1967 1652 clamabo,

2150 1599 2295 1661 Ἕως
2326 1570 2480 1660 πότε,
2515 1593 2711 1659 Κὺριε,
2745 1592 3090 1663 κεκράξομαι
3141 1585 3525 1652 ἀδικούμενος,
3561 1580 3655 1634 καὶ

388 1678 489 1718 ncc
520 1666 825 1722 exaudies?
848 1683 949 1724 cur
977 1670 1366 1729 demonstrasti
1400 1674 1682 1731 molestias
1709 1685 1764 1731 et
1821 1677 1971 1732 dolo-

2126 1700 2173 1747 ικ
2216 1682 2523 1761 ¹είσακούσσςι
2548 1706 2562 1757 ;
2591 1688 2680 1742 ἵνα
2723 1689 2777 1741 τί
2824 1686 3033 1750 ἔδειξας
3076 1682 3281 1743 κόπους
3308 1679 3405 1733 καὶ
3434 1678 3652 1737 πόνους,

385 1770 499 1821 res,
526 1767 585 1812 ut
618 1760 879 1830 inspicias
894 1762 1149 1822 miserias
1172 1773 1228 1822 et
1253 1768 1589 1838 impietatem
1619 1784 1705 1824 me
1725 1770 1968 1826 circum-

2126 1783 2390 1840 τιὸλέπειν
2420 1760 2513 1837 ἐπι
2539 1777 2923 1846 ταλαιπωρίαν
2946 1776 3039 1831 καὶ
3072 1772 3338 1828 ἀσέϐειαν
3355 1786 3371 1837 ;
3419 1767 3479 1833 ἐξ
3504 1766 3656 1819 ἐναν-

381 1858 590 1906 stantes
615 1850 638 1904 ?
669 1868 732 1907 ex
764 1856 997 1914 adverso
1024 1857 1293 1928 judicium
1322 1859 1527 1916 factum
1585 1870 1693 1929 est,
1723 1873 1778 1919 et
1804 1862 1972 1934 judex

2126 1878 2199 1942 ἷας
2256 1894 2358 1947 μου
2417 1876 2614 1945 γέγονε
2659 1874 2868 1943 κρίσις,
2915 1874 3009 1925 καὶ
3058 1871 3087 1923 δ
3129 1859 3652 1935 κριτὴςτλαμϐἀνει.

380 1942 596 2014 recipit,
636 1956 802 2018 atque
833 1950 903 2005 ob
936 1965 1056 2006 eam
1081 1967 1305 2010 causam
1330 1955 1599 2026 dissipata
1631 1967 1713 2012 est
1739 1956 1848 2022 lex,
1876 1970 1976 2011 nec

2126 1974 2175 2029 ιὰ
2237 1971 2400 2026 τοῦτο
2451 1968 2830 2025 διεσκέδασται
2880 1967 3065 2031 νόμος,
3104 1964 3193 2017 καὶ
3254 1960 3317 2013 οὐ
3348 1956 3654 2021 διεξάγεται

381 2036 704 2133 perducitur
728 2041 809 2133 ad
826 2041 989 2133 ﬁnem
1017 2043 1309 2133 judicium,
1343 2047 1490 2118 quod
1541 2048 1743 2117 impius
1768 2049 1975 2118 justum

2126 2069 2160 2126 ’c
2192 2064 2341 2128 τέλος
2376 2063 2575 2133 κρίμα,
2610 2062 2691 2115 δτι
2739 2060 2766 2115 ό
2820 2059 3025 2118 ἀσεϐὴς
3076 2047 3542 2108 καταδυναστεῦει
3570 2045 3658 2099 τδν

381 2126 627 2194 potentia
657 2130 916 2201 opprimit
944 2151 959 2189 :
996 2132 1156 2207 cujus
1179 2135 1257 2193 rei
1276 2151 1444 2192 causa
1475 2137 1660 2207 prodit
1703 2137 1976 2208 judicium

2126 2159 2309 2213 Γκαιονο
2324 2126 2522 2212 ἕνεκεν
2541 2126 2732 2210 τούτου
2755 2152 3040 2223 ἐξέρχεται
3072 2149 3134 2202 τὸ
3157 2146 3336 2218 κρίμα
3365 2142 3657 2211 διεστραμο

382 2232 705 2289 perversum
716 2264 730 2278 .

458 2252 730 2278 ηςηυιιιι.

458 2310 742 2372 Adversus
778 2329 867 2373 me
898 2316 1104 2374 factum
1135 2329 1219 2376 est
1264 2320 1556 2393 judicium,
1590 2334 1645 2380 et
1664 2322 1831 2394 judex
1890 2337 1979 2379 re-
2042 2252 2266 2394 “biga.

2167 2344 2259 2411 Ἐξ
2304 2343 2554 2406 ἐναντίας
2605 2358 2709 2411 μου
2764 2340 2951 2407 γέγονε
2991 2337 3199 2407 κρίσις,
3241 2333 3338 2389 καὶ
3384 2335 3413 2387 ὁ
3468 2332 3659 2402 κριτὴς

392 2403 551 2475 cipit,
570 2406 640 2461 ob
656 2421 822 2477 quam
844 2424 1070 2468 causam
1111 2411 1294 2481 prodit
1320 2413 1591 2482 judicium
1627 2428 1973 2487 perversum.

461 2599 578 2656 Isa.
602 2608 642 2658 ι.
666 2600 803 2658 Cum
834 2605 1196 2663 extenderitis
1220 2623 1416 2667 manus
1447 2612 1686 2678 vestras,
1714 2625 1778 2666 os
1799 2624 1980 2665 meum

389 2707 421 2747 a
436 2692 590 2751 vobis
607 2704 850 2752 avertam
873 2713 890 2764 ;
910 2713 1109 2756 manus
1125 2700 1275 2756 enim
1297 2708 1497 2757 vestra
1513 2701 1785 2771 sanguine
1805 2701 1982 2773 plenae

468 2877 558 2936 νω
584 2880 740 2939 vobis
766 2885 859 2955 qui
878 2884 1197 2955 justifieatis
1212 2896 1267 2945 et
1284 2888 1574 2945 absolvitis
1600 2889 1830 2961 impium
1862 2903 1985 2944 mu-

391 2987 583 3029 nerum
606 2990 794 3042 causa,
823 2986 879 3033 et
896 2979 1155 3050 jusjusto
1177 2981 1413 3052 eripitis.

460 3063 801 3136 Pupillorum
831 3078 887 3124 et
914 3071 1096 3128 viduae
1123 3088 1322 3130 causas
1340 3090 1452 3131 non
1483 3085 1870 3146 susceperunt.
1898 3076 1984 3130 An

2079 2440 2350 2511 λαμϐάνει
2376 2455 2391 2472 ·
2419 2438 2506 2494 διὰ
2534 2437 2691 2492 τοῦτο
2716 2434 2999 2506 ἐξέρχεται
3048 2432 3111 2487 τὸ
3150 2433 3329 2502 κρίμα
3365 2432 3659 2503 διεστραμο

2086 2539 2265 2609 μένον.

2153 2628 2325 2682 Ὅταν
2350 2626 2633 2695 ἐκτείνητε
2669 2624 2770 2688 τὰς
2795 2625 2987 2694 χεῖρας
3022 2620 3200 2691 ὑμῶν,
3233 2616 3569 2687 ἀποστρέψει)
3603 2615 3661 2667 τὸ

2085 2721 2378 2794 πρόσωπόν
2412 2737 2514 2790 μου
2539 2720 2632 2789 ἀφ’
2658 2717 2836 2790 ὐμῶν.
2861 2717 2929 2772 Al
2956 2716 3067 2788 γὰρ
3100 2716 3284 2786 χεῖρες
3317 2712 3347 2766 ὑ
3356 2711 3475 2783 μῶν
3503 2708 3663 2777 αἵμα-

2083 2834 2174 2882 τος
2202 2814 2453 2886 πλήρεις.

2158 2904 2294 2959 Οὐαὶ
2320 2905 2368 2959 οί
2397 2901 2737 2966 δικαιοῦντες
2764 2901 2857 2955 τὸν
2909 2900 3081 2971 ἀσεϐῆ
3106 2898 3298 2952 ἕνεκεν
3325 2895 3539 2964 δώρων,
3574 2892 3666 2946 καὶ

2086 2996 2148 3051 τὺ
2177 2996 2387 3051 δίκαιον
2414 2994 2511 3049 τοῦ
2542 2993 2754 3049 δικαίου
2786 2994 3037 3064 αἴροντες
3069 2990 3166 3045 ἀπ’
3195 2986 3387 3044 αὐτοῦ.

2162 3093 2277 3147 Οὔκ
2319 3092 2545 3161 ἔκριναν
2582 3090 2768 3159 κρίσιν
2812 3085 3089 3157 ὀρφανῶν,
3116 3086 3213 3140 καὶ
3259 3086 3446 3154 κρίσιν
3492 3086 3669 3156 χήρας

392 3173 503 3214 non
526 3159 641 3215 haec
677 3161 930 3230 visitabo,
961 3163 1094 3220 dicit
1115 3164 1400 3230 Dominus,
1428 3177 1521 3223 aut
1554 3167 1610 3224 in
1641 3168 1806 3224 talem
1851 3183 1984 3240 gen-

2126 3188 2192 3241 ὖκ
2220 3159 2462 3256 ἔκριναν.
2487 3184 2579 3253 Μὴ
2611 3183 2704 3237 ἐπὶ
2743 3181 2955 3245 τούτοις
2984 3179 3085 3234 οὐκ
3119 3180 3494 3247 ἐπισκέψομαι
3524 3196 3539 3245 ;
3586 3177 3674 3232 λέ-

396 3259 507 3305 tem
527 3264 640 3307 non
663 3252 965 3311 vindicabit
981 3257 1164 3313 anima
1187 3271 1308 3313 mea
1333 3259 1356 3312 ?

470 3455 563 3511 Vae
594 3458 966 3516 scribentibus
998 3460 1286 3517 malitiam.
1308 3457 1626 3517 Scribentes
1655 3460 1803 3516 enim
1832 3460 1988 3515 mali-

397 3549 530 3604 tiam
561 3551 830 3616 scribnnt,
867 3567 897 3606 a
929 3568 988 3608 se
1014 3554 1329 3621 rejicientes
1380 3570 1685 3624 pauperum
1740 3569 1989 3619 causam,

398 3643 674 3712 rapientes
700 3644 907 3714 judicia
932 3661 1235 3716 pauperum
1265 3648 1449 3717 populi
1483 3648 1610 3711 mei,
1645 3656 1706 3702 ut
1731 3647 1892 3702 vidua
1922 3648 1994 3702 sit

401 3730 511 3786 illis
524 3732 729 3800 rapinae
746 3743 801 3788 et
819 3735 1055 3805 pupillus
1075 3738 1269 3806 praeda:
1295 3753 1310 3794 :
1333 3746 1386 3791 at
1404 3738 1536 3808 quid
1553 3740 1605 3792 in
1623 3738 1712 3792 die
1729 3737 1994 3792 visitatio-

402 3827 489 3879 nis
512 3824 751 3882 facient?
781 3828 1004 3886 amictio
1029 3830 1172 3885 enim
1208 3832 1448 3901 ipsorum
1478 3831 1608 3886 olim
1622 3831 1804 3887 veniet
1838 3848 1851 3886 :
1878 3843 1991 3885 tum

404 3917 472 3974 ad
530 3933 693 3989 quem
729 3920 1038 3993 perfugient
1077 3924 1265 3980 auxilii
1302 3924 1518 3994 petendi
1545 3925 1772 3982 causa?‘

478 4103 588 4159 Cur
617 4119 736 4173 vos,
760 4107 940 4176 inquit
967 4108 1254 4175 Dominus,
1284 4110 1543 4180 injuriam
1579 4111 1763 4167 facitis
1792 4112 1997 4182 pOpulo

408 4211 554 4275 meo,
589 4206 642 4251 et
674 4212 772 4253 ora
810 4214 1107 4270 pauperum
1135 4202 1400 4258 dedecore
1423 4212 1476 4257 et
1522 4203 1823 4274 ignominia
1877 4203 1992 4258 alli-

408 4288 576 4345 citis?

481 4382 597 4442 Isa.
634 4399 686 4437 γ.
720 4383 814 4439 Vae
844 4386 936 4453 qui
971 4385 1174 4439 malum
1200 4385 1385 4441 dicitis
1406 4386 1634 4454 bonum,
1686 4397 1743 4442 et
1794 4389 1997 4444 bonum

411 4474 640 4541 malum,
677 4483 731 4529 et
768 4475 975 4544 ponitis
1024 4475 1202 4531 lucem
1241 4476 1518 4544 tenebras,
1546 4485 1601 4531 et
1634 4479 1995 4535 trenebasluv

411 4579 553 4632 cem,
591 4576 645 4622 et
677 4581 923 4622 amarum
957 4567 1139 4635 dulce,
1171 4576 1224 4624 et
1252 4567 1410 4624 dulce
1439 4582 1709 4625 amarum.

482 4749 856 4821 lmproborum
890 4754 1182 4809 consilium
1239 4754 1426 4826 iniqua
1463 4754 1752 4821 deliberat,
1789 4765 1847 4811 ut
1892 4756 1998 4812 hu-

413 4843 571 4898 miles
586 4846 837 4901 oratione
860 4846 1045 4916 iniqua
1069 4847 1281 4917 perdat,
1304 4855 1359 4902 et
1379 4862 1683 4918 pauperum
1715 4863 2001 4905 sermones

414 4936 468 4987 in
487 4935 694 5005 judicio
718 4939 966 5009 dissipet.

495 5025 755 5085 Ezechiel.
798 5030 1057 5101 Dejecisti
1096 5033 1417 5105 superbum,
1464 5044 1520 5091 et
1554 5039 1799 5093 extulisti
1853 5038 2005 5107 deje-

420 5109 568 5175 ctitm
603 5139 616 5175 :
642 5138 740 5192 pro
766 5124 965 5192 injuria
996 5126 1099 5182 hoc
1120 5140 1343 5197 ponam,
1369 5128 1502 5184 dicit
1541 5129 1826 5185 Dominus.

492 5213 688 5270 Ezech.
722 5233 878 5273 nm.
912 5220 1121 5276 Animae
1159 5220 1345 5292 populi
1375 5223 1479 5277 mei
1517 5238 1784 5292 perversae
1807 5231 2009 5279 suntet

2094 3297 2180 3348 γει
2206 3278 2435 3349 Κύριος,
2488 3276 2521 3348 ἢ
2558 3277 2615 3329 ἐν
2646 3274 2788 3329 ἐθνει
2819 3273 2899 3347 τῷ
2924 3276 3156 3345 τοιούτῳ
3183 3271 3284 3327 οὐκ
3331 3272 3614 3341 ἐκδικήσει
3639 3272 3673 3339 ἡ

2092 3371 2237 3441 ψυχή
2275 3388 2375 3439 μου
2397 3387 2413 3436 ;

2167 3459 2307 3514 Οὐαὶ
2353 3461 2465 3521 τοίς
2514 3460 2786 3531 γράφουσι
2842 3458 3135 3529 πονηρίαν.
3211 3457 3526 3527 Γράφοντες
3566 3456 3678 3524 γὰρ

2097 3551 2361 3622 πονηρίαν
2403 3552 2748 3622 γράφουσιν,
2800 3552 3140 3619 ἐκκλίνοντες
3184 3550 3370 3619 κρίσιν
3420 3548 3677 3619 πτωχῶν,

2095 3642 2438 3713 ἁρπάζοντες
2484 3645 2660 3713 κρίμα
2703 3645 2953 3714 πενήτων
3000 3643 3094 3698 τοῦ
3141 3641 3275 3697 λαοῦ
3333 3658 3462 3709 μου,
3493 3641 3569 3703 ὡς
3619 3640 3681 3694 eo

2096 3732 2239 3792 εἶναι
2284 3737 2470 3801 αὐτοῖς
2521 3738 2701 3809 χήραν
2750 3738 2831 3800 είς
2877 3735 3152 3810 ἁρπαγὴν,
3187 3735 3280 3790 καὶ
3327 3735 3567 3807 ὀρφανὸν
3598 3734 3681 3798 είς

2097 3830 2400 3901 προνομήν.
2431 3831 2536 3884 Καὶ
2567 3831 2620 3884 τί
2670 3830 2959 3898 ποιήσουσι
2997 3833 3062 3901 τῇ
3107 3831 3292 3901 ἡμέρᾳ
3331 3830 3432 3899 τῆς
3463 3830 3683 3881 ἐπισκο-

2098 3924 2236 3990 πῆςς
2270 3925 2303 3994 ή
2339 3923 2448 3994 γὰρ
2483 3922 2667 3992 θλίψις
2690 3922 2871 3976 αὐτῶν
2901 3923 3187 3994 πόρρωθεν
3216 3922 3339 3993 ἥξει
3360 3941 3377 3956 ι
3415 3921 3514 3976 καὶ⁵
3547 3919 3685 3991 πρὸς

2097 4015 2220 4070 τίνα
2253 4014 2685 4085 καταφεὺξονται
2707 4014 2800 4069 τοῦ
2825 4014 3188 4087 βοηθηθῆναι;

2171 4107 2238 4161 Τί
2265 4109 2423 4178 ὑμεῖς
2453 4109 2688 4163 ἀδικεῖτε
2742 4109 2833 4163 τὸν
2862 4107 2992 4161 λαόν
3030 4125 3155 4175 μου,
3180 4109 3276 4162 καὶ
3305 4107 3365 4161 τὺ
3391 4100 3686 4178 πρόσωπον

2100 4197 2210 4252 τῶν
2250 4200 2483 4270 πτωχῶν
2522 4200 2952 4271 καταισχύνετε;
2984 4202 3155 4271 φησὶν
3223 4203 3253 4255 ό
3281 4202 3511 4269 Κύριος.

2176 4389 2315 4443 Οὐαὶ
2346 4388 2397 4441 oi
2422 4387 2674 4454 λέγοντες
2701 4388 2762 4442 τὸ
2792 4388 3033 4459 πονηρ“ν
3077 4385 3266 4450 καλὸν,
3296 4386 3393 4439 καὶ
3433 4384 3497 4439 τδ
3527 4385 3690 4438 καλὸν

2106 4481 2343 4551 πονηρόν
2368 4497 2381 4511 '
2418 4482 2465 4533 οἱ
2489 4479 2731 4545 τιθέντες
2760 4480 2822 4533 τὸ
2863 4482 2978 4549 φῶς
3012 4480 3223 4543 σκότος,
3258 4478 3354 4531 καὶ
3406 4478 3468 4531 τὸ
3499 4477 3688 4538 σκότος

2105 4576 2220 4645 φῶς
2247 4589 2261 4605 ⁸
2294 4573 2344 4626 οἱ
2391 4572 2635 4635 τιθέντες
2693 4572 2754 4626 τὸ
2798 4572 2999 4643 πικρὸν
3042 4570 3241 4639 γλυκὺ,
3273 4571 3371 4624 καὶ
3418 4570 3482 4624 τὸ
3515 4571 3687 4638 γλυκὺ

2106 4669 2322 4737 πικρόν.

2193 4760 2257 4813 'H
2289 4759 2453 4829 βουλὴ
2488 4759 2599 4811 τῶν
2643 4757 2896 4826 πονηρῶν
2931 4758 3107 4825 ἄνομα
3145 4754 3487 4825 βουλεύεται,
3515 4770 3683 4809 κατα-

2107 4851 2326 4923 φθεῖραι
2349 4851 2636 4913 ταπεινοῦς
2665 4852 2723 4904 ἐν
2749 4850 2932 4915 λόγοις
2958 4846 3186 4911 ἀδίκοις,
3214 4847 3312 4901 καὶ
3333 4845 3690 4901 διασκεδάσαι

2107 4943 2301 5007 λόγους
2331 4941 2582 5010 πενήτων
2612 4942 2670 4993 ἐν
2702 4940 2905 5009 κρίσει.

2191 5035 2591 5099 Ἐταπείνωσας
2656 5033 2862 5104 ὑψηλὸν
2884 5077 2898 5099 ,
2960 5032 3057 5087 καὶ
3129 5030 3355 5101 ὕψωσας
3414 5031 3688 5087 ταπεινόν.

2122 5129 2362 5184 Ἀδικίαν
2389 5129 2627 5198 θήσομαι
2668 5128 2820 5195 αὐτὸ,
2853 5125 3002 5195 λέγει
3037 5126 3267 5197 Κύριος.

2181 5223 2247 5274 Αἱ
2281 5221 2449 5290 ψυχαὶ
2487 5220 2895 5289 διεστράφησαν
2933 5217 3027 5272 τοῦ
3059 5217 3189 5272 λαοῦ
3220 5235 3345 5288 μου,
3380 5218 3477 5271 κει)⁸
3517 5216 3693 5286 ψυχὰς

425 5310 640 5367 animas
661 5309 1076 5368 viviﬁcaverunt
1107 5315 1206 5386 (l),
1242 5324 1297 5369 et
1326 5317 1469 5387 apud
1502 5315 1762 5384 pOpulum
1829 5331 1990 5370 rnenn

2126 5313 2548 5383 περιεποιοῦντο,
2604 5310 2700 5364 καὶ
2761 5310 3063 5380 ὲόεϐήλουν
3111 5327 3179 5378 με
3236 5308 3376 5379 πρὸς
3427 5309 3520 5362 τὸν
3567 5305 3693 5359 λαόν

423 5399 788 5471 profanarum
819 5416 903 5453 me
932 5417 1026 5469 pro
1054 5405 1240 5459 hordei
1285 5406 1491 5475 pugillo
1522 5416 1573 5461 et
1596 5405 1769 5461 frusto
1829 5408 2008 5477 panis,

2117 5424 2243 5478 μου,
2275 5405 2461 5459 ἕνεκεν
2504 5405 2706 5472 δρακὶς
2751 5402 2982 5472 κριθῶν,
3011 5403 3106 5454 καὶ
3149 5401 3343 5455 ἕνεκεν
3376 5402 3689 5469 κλάσματος

386 5556 401 5571 δ
429 5496 494 5547 ad
525 5510 619 5549 eos
653 5493 1063 5552 interﬁciendos
1087 5511 1227 5565 quos
1250 5500 1425 5555 occidi
1453 5514 1560 5555 non
1592 5502 1897 5570 oportebat.
1959 5518 1985 5555 e

2126 5500 2304 5570 Ξρτου,
2335 5498 2651 5551 ἀποκτεῖναι
2679 5495 2856 5567 ψυχὰς
2888 5493 2951 5558 ἃς
2987 5495 3085 5548 οὐκ
3114 5494 3223 5549 ἔδει
3261 5493 3574 5558 ἀποθανεῖν,
3602 5491 3694 5545 καὶ

431 5596 491 5638 ιιι
506 5604 601 5648 eos
616 5604 872 5645 conserva
882 5597 1002 5645 rent
1016 5590 1069 5645 in
1094 5590 1200 5646 vita
1218 5608 1357 5663 quos
1377 5594 1556 5652 vivere
1580 5595 2012 5667 non‘oportcbat.

513 5786 587 5855 (ί)
635 5790 691 5844 1d
730 5803 811 5849 est
852 5794 1225 5851 absolverunt.

2117 5590 2533 5665 περιεποιοῦντο
2557 5588 2735 5662 ψυχὰς
2765 5587 2831 5654 ἃς
2862 5590 2963 5644 οὐκ
2994 5589 3103 5643 ἔδει
3133 5586 3325 5659 ζῆσαι.
