3992 6252
343 423 475 492 1041

1210 430 1381 494 LOCI
1421 431 1864 500 COMMUNES.
1905 458 1976 475 ··-
2016 437 2214 501 PARS
2258 440 2344 506 II.
2382 443 2639 507 SERMO
2683 446 2792 508 IX.

3459 449 3601 515 1042

409 536 574 592 Ξένια
623 537 716 592 καὶ
753 536 900 610 δῶρα
944 536 1203 613 ἀκτυφλοί
1243 535 1561 614 ὀφθαλμοὺς
1588 543 1791 615 σοφῶν,
1826 534 1922 601 καὶ

2100 551 2269 609 Eccli.
2300 570 2389 609 xx.
2420 552 2593 610 Xenia
2620 564 2674 611 et
2700 570 2928 611 munera
2954 569 3225 613 excmcant
3270 559 3457 615 oculos
3509 578 3602 615 sa-

336 628 414 693 ὡς
441 631 606 701 φιμὸς
631 632 691 684 ἐν
719 631 796 703 τῷ
832 632 1064 703 στόματι
1092 632 1428 705 ἀποστρέφει
1462 636 1752 706 ἑλεγμούς.

412 810 601 863 ¹Ἐστιν
642 811 925 866 ἀπολλύων
972 814 1070 879 τὴν
1115 814 1294 887 ψυχὴν
1326 816 1491 870 αὐτοῦ
1524 817 1593 871 δι’
1624 817 1912 890 αἰσχύνην,

338 904 430 957 καὶ
462 902 573 957 ἀπὸ
600 902 816 974 λήψεως
845 905 1139 975 προσώπου
1173 908 1366 961 ἀπολεῖ
1397 908 1587 979 αὐτήν.

412 996 474 1049 Εί
502 998 1041 1068 προσωποληπτεῖτε,
1064 998 1340 1069 ἁμαρτίαν
1358 1002 1680 1072 ἐργάζεσθε,
1697 1003 1915 1074 ἔλεγχό-

339 1103 492 1158 μενοι
516 1089 584 1142 ἐκ
616 1088 710 1142 τοῦ
741 1088 911 1159 νόμου
940 1090 1015 1155 ὼς
1047 1090 1389 1161 παραϐάται.

408 1266 502 1319 Διδ
530 1267 939 1338 ἀναπολόγητος
985 1265 1053 1336 εἰ,
1095 1264 1141 1324 ὧ
1175 1271 1454 1343 ἄνθρωπε,
1489 1275 1598 1339 πᾶς
1626 1277 1653 1328 ὁ
1684 1276 1909 1345 κρίνων.

348 1355 440 1408 Ἐν
488 1348 534 1423 ᾧ
582 1356 692 1427 γὰρ
743 1358 974 1428 κρίματι
1028 1361 1238 1431 κρίνεις
1287 1362 1382 1415 τὸν
1432 1361 1642 1432 ἕτερον,
1687 1365 1914 1418 σεαυτὸν

336 1449 709 1519 κατακρίνεις.
739 1450 819 1504 Τά
846 1452 958 1521 γάρ
988 1451 1131 1507 αὐτά
1167 1454 1436 1524 πράσσεις
1461 1456 1490 1508 ὁ
1522 1456 1744 1525 κρίνων.

415 1629 631 1693 Ἄδικος
657 1630 915 1702 δικαστὴς
946 1632 1333 1704 μεμολυσμένη
1364 1634 1694 1705 συνείδησις.

418 1811 479 1867 ’0
508 1811 609 1883 τὴν
636 1812 812 1884 ἀληθῆ
842 1813 1193 1884 δικαιοσύνην
1222 1815 1297 1885 μὴ
1331 1815 1472 1886 ἔχων
1514 1831 1912 1886 προεναποκει-

340 1905 512 1977 μένην
539 1906 702 1959 αὐτοῦ
729 1909 793 1977 τῇ
820 1906 991 1977 ψυχῇ,
1008 1907 1124 1961 ἀλλ’
1153 1909 1186 1978 ἦ
1216 1910 1464 1979 χρήμασι
1490 1909 1908 1979 διεφθαρμένος,

333 1996 369 2065 ἢ
429 1997 585 2066 φιλίᾳ
638 1998 1022 2067 χαριζόμενος,
1081 1999 1114 2067 ἢ
1172 1997 1376 2068 ἔχθραν
1441 1999 1810 2067 ἀμυνόμενος.
1876 1999 1909 2067 ἢ

335 2090 658 2144 δυναστείαν
692 2092 1133 2163 δυσωπούμενος,
1165 2092 1227 2146 τὸ
1256 2092 1431 2162 κρίμα
1461 2093 1818 2147 κατευθύνειν
1850 2094 1910 2147 οὐ

335 2180 579 2238 δύναται.

407 2275 478 2328 Al.
515 2276 671 2346 παρὰ
700 2276 931 2347 ἄρχουσι
961 2278 1174 2348 κρίσεις
1200 2278 1322 2334 οὐδὲ
1351 2279 1451 2350 τὴν
1491 2279 1652 2350 νίκην
1680 2279 1915 2350 ἀζήμιον

335 2366 621 2436 φέρουσιν.

409 2453 489 2510 Οὐ
523 2456 662 2525 πρὸς
702 2456 913 2513 δικαίου
962 2458 1154 2528 ἀνδρὸς
1192 2462 1374 2531 σιωπῇ
1414 2461 1514 2525 τάς
1562 2459 1917 2532 παρανομίας

336 2547 747 2605 ἑπικαλύπτειν.

326 2682 339 2692 .
407 2641 489 2711 Τῇ
535 2641 645 2695 τῶν
685 2641 1017 2707 δικαζόντων
1069 2645 1428 2717 μακροθυμία
1477 2649 1526 2700 οί
1581 2648 1704 2703 λίαν
1743 2648 1918 2701 ἄδικοι

337 2733 698 2805 σκληρότεροι
737 2736 892 2790 αὐτοὶ
937 2736 1148 2791 ἑαυτῶν
1183 2738 1428 2807 γίνονται
1475 2739 1619 2794 κατὰ
1663 2739 1725 2792 τὸ
1758 2741 1919 2792 ἀπει-

335 2826 475 2882 θεῖν.
501 2827 614 2881 Καὶ
656 2828 740 2883 δεῖ
784 2828 877 2883 τὸν
921 2829 1118 2901 κριτὴν
1164 2831 1388 2896 εἰδέναι,
1422 2831 1504 2885 ὅτι
1558 2831 1743 2902 κρίσει
1778 2828 1917 2884 Θεοῦ

334 2916 625 2987 ὑπηρετεῖ,
658 2922 750 2974 καὶ⁵
795 2920 856 2972 ού
898 2920 1091 2991 κύριός
1141 2923 1293 2974 ἐστιν
1338 2921 1415 2985 ῶς
1463 2920 1717 2991 βούλεται
1763 2920 1919 2987 ἄγειν

331 3019 401 3062 το
451 3009 652 3087 κρίμα,
691 3009 834 3066 ὥστε
891 3014 988 3066 καὶ
1039 3012 1369 3085 χαρίζεσθαι
1416 3015 1528 3078 τοῖς
1576 3012 1921 3085 κρινομένοις

332 3106 624 3176 τάγματα.

2022 644 2289 714 pientum,
2343 654 2397 700 et
2420 647 2575 716 quasi
2634 646 2848 701 frenum
2904 647 2956 701 in
3007 663 3100 705 ore
3149 650 3601 720 reprehensiones

2024 748 2300 794 avertunt.

2090 830 2185 885 Est
2218 831 2309 901 qui
2344 833 2534 901 perdat
2563 833 2801 888 animam
2829 850 2982 889 suam
3019 851 3115 905 per
3174 835 3598 901 turpitudinem,

2019 932 2074 980 et
2105 932 2386 993 respectus
2438 939 2796 993 personarum
2823 927 3000 996 perdit
3031 942 3172 983 eam.

2101 1016 2261 1090 148
2296 1017 2411 1072 Jac.
2444 1032 2501 1072 ιι.
2539 1016 2594 1073 Si
2653 1033 2939 1086 personam
2992 1021 3289 1090 respicitis,
3320 1032 3601 1092 peccatum

2021 1107 2310 1164 admittitis
2343 1127 2357 1162 :
2388 1109 2850 1178 reprehendimini
2879 1111 3023 1165 enim
3074 1129 3102 1167 a
3151 1112 3271 1183 lege
3337 1121 3599 1183 tanquam

2023 1201 2340 1256 violatores.

2098 1291 2253 1347 Rom.
2286 1309 2347 1348 ιι.
2388 1293 2569 1360 Quare
2613 1296 3024 1351 excusationem
3065 1311 3174 1351 non
3223 1297 3416 1365 habes,
3449 1312 3480 1352 o
3507 1297 3604 1353 ho-

2021 1400 2130 1449 mo,
2163 1385 2413 1455 quisquis
2443 1400 2502 1441 es
2530 1387 2619 1457 qui
2646 1386 2859 1455 iudicas
2893 1402 3041 1458 :qno
3064 1389 3208 1442 enim
3262 1389 3473 1459 judicio
3534 1390 3603 1444 de

2021 1476 2435 1545 alterojudieas,
2459 1478 2687 1548 teipsum
2710 1479 3067 1548 condemnas;
3088 1481 3274 1535 eadem
3299 1481 3440 1535 enim
3467 1481 3602 1537 iacis

2020 1567 2111 1639 qui
2138 1568 2372 1638 iudicas.

2094 1659 2153 1717 S.
2191 1660 2409 1717 Basilii.
2458 1661 2684 1733 Iniquus
2725 1665 2891 1735 judex
2923 1668 3298 1722 contaminata
3325 1669 3602 1724 conscien-

2023 1753 2120 1809 tia.

1944 1876 1985 1932 Β
2090 1845 2192 1914 Qui
2220 1851 2685 1921 veramjustitiam
2729 1852 2781 1906 in
2816 1851 2999 1905 animo
3032 1850 3183 1920 prius
3211 1849 3471 1931 deﬁxam...
3493 1827 3598 1932 non

2015 1936 2200 2003 liabet,
2229 1939 2325 1995 sed
2361 1941 2444 1996 vel
2478 1942 2708 2012 pecunia
2759 1942 3150 2012 corrumpitur,
3200 1941 3283 1996 vel
3343 1922 3598 1997 amicitiae

2013 2030 2349 2099 gratiﬁcatur
2370 2041 2423 2088 et
2469 2034 2687 2105 placere
2728 2035 2929 2096 studet.
2968 2034 3051 2089 vel
3082 2033 3423 2090 inimicitiam
3460 2034 3601 2089 ulei-

2013 2122 2203 2190 scitur,
2232 2125 2315 2180 vel
2336 2127 2589 2194 potentiae
2623 2128 2826 2197 praebet
2863 2128 3207 2197 obsequium,
3229 2127 3276 2182 is
3295 2126 3605 2199 rectejudi-

2013 2213 2095 2267 cia
2118 2229 2371 2271 exercere
2400 2232 2508 2273 non
2532 2226 2738 2287 potest.

2084 2304 2296 2363 Judicia
2325 2309 2468 2378 apud
2522 2309 2876 2380 magistratus
2931 2325 3003 2367 ne
3054 2311 3338 2367 victoriam
3381 2312 3602 2382 quidem

2019 2397 2136 2454 sine
2161 2399 2362 2454 damno
2385 2410 2687 2470 reportant.

2095 2490 2355 2564 Theologi.
2390 2491 2503 2548 Viri
2537 2495 2661 2549 boni
2720 2510 2827 2550 non
2883 2503 2968 2552 est
3015 2495 3340 2567 iniquitates
3383 2496 3604 2553 silentio

2024 2590 2343 2653 contegere.

2092 2676 2341 2745 lnjnriosi
2373 2692 2539 2747 supra
2571 2678 2789 2733 modum
2830 2680 2921 2749 qui
2950 2691 3103 2742 sunt,
3157 2680 3403 2751 judicum
3464 2679 3605 2735 leni-

2022 2773 2137 2820 tate
2172 2766 2308 2820 ﬁunt
2344 2769 2785 2825 contumaciores
2815 2771 2881 2825 ad
2916 2786 3020 2825 non
3058 2772 3364 2842 parendum
3422 2781 3478 2826 ct
3503 2769 3603 2825 de-

2023 2856 2368 2912 trectandum
2404 2858 2717 2928 imperium.
2746 2860 3069 2930 Etjudicem
3099 2863 3241 2918 scire
3299 2871 3521 2933 oportet
3544 2880 3604 2920 se

2024 2946 2119 3002 Dei
2143 2947 2198 3001 in
2229 2945 2437 3016 judicio
2472 2947 2781 3004 ministrum
2810 2964 2952 3018 esse,
2984 2964 3092 3007 non
3124 2967 3252 3008 vero
3279 2951 3592 3020 dominum,

2024 3039 2118 3111 qui
2148 3039 2492 3113 litigantibus
2516 3041 2663 3113 leges
2680 3041 2879 3114 etjura
2922 3046 3236 3118 praescripta
3288 3049 3604 3106 condonare

2025 3135 2228 3206 possit.

404 3198 577 3261 Φόδος
633 3198 772 3253 Θεοῦ
834 3198 1142 3272 ἀνθρώπιον
1203 3203 1492 3273 σωτήριος,
1555 3202 1786 3267 σπάνιος
1837 3200 1916 3256 δέ.

2044 3200 2045 3203 Ἴ
2092 3225 2266 3283 Metus
2289 3226 2382 3283 Dei
2421 3228 2736 3288 hominibus
2761 3231 3020 3288 salutans
3065 3241 3171 3301 est,
3204 3238 3298 3290 sed
3340 3235 3478 3290 idem
3514 3250 3603 3290 ra-

335 3288 507 3344 Ὅθεν
530 3288 594 3343 ού
627 3291 749 3362 χρὴ²
770 3291 1076 3364 θαυμάζειν
1101 3294 1395 3364 ἀφορῶντα
1419 3294 1557 3365 πρός
1581 3310 1644 3347 τε
1671 3293 1914 3364 πένητας

336 3384 907 3455 συκοφαντουμένους,
961 3386 1058 3440 καὶ
1105 3386 1243 3456 πρὸς
1302 3386 1566 3450 δικαστὰς
1615 3384 1914 3457 παραλογι-

336 3474 624 3545 ζομὲνους.

412 3566 488 3619 Τὸ
529 3565 719 3638 νέμειν
750 3568 845 3625 ῐσα
889 3569 1002 3634 τοίς
1050 3568 1260 3634 ἀνίσοις
1311 3569 1412 3642 τῆς
1448 3570 1719 3641 μεγίστης
1763 3567 1914 3623 ἐστὶν

334 3660 579 3727 ἀδικίας.

956 3778 1176 3833 ΛΟΓΟΣ
1223 3775 1279 3832 6’
1287 3816 1300 3832 .

337 3886 738 3968 Περίᾲτονέων
774 3893 1078 3968 χρηστῶν,
1111 3896 1210 3952 καί
1245 3898 1336 3952 ὅτι
1368 3895 1485 3966 χρὴ
1509 3896 1607 3952 διὰ
1638 3895 1919 3968 σπουδῆς

413 3966 528 4023 καί
551 3968 980 4036 προσηκόντως
1016 3966 1125 4034 τὰς
1172 3970 1292 4024 τῶν
1328 3967 1553 4022 τέκνων
1608 3966 1919 4037 ἀναγωτὰς

413 4039 737 4104 ποιεῖσθαι,

417 4148 554 4208 erm
597 4138 822 4224 Κύριος,
880 4152 956 4207 οι
1002 4152 1078 4224 μὴ
1127 4151 1322 4223 κρύψω
1370 4150 1481 4220 ἐγὼ
1523 4153 1628 4204 ἀπὸ
1672 4148 1921 4221 ’Δϐραάμ

340 4249 442 4309 τοῦ
463 4251 650 4315 παιδός
675 4268 778 4322 μου
803 4251 838 4305 ἀ
868 4250 984 4320 ἐγὼ
1010 4251 1171 4306 ποιῶ.
1204 4252 1391 4323 ᾜδειν
1420 4251 1529 4322 γὰρ
1555 4252 1635 4304 ὅτι
1667 4249 1919 4317 συντάξει

350 4343 609 4417 ’Δόραάμ
652 4344 765 4408 τοῖς
789 4342 924 4407 υἱοῖς
962 4343 1128 4397 αὐτοῦ
1155 4343 1249 4395 καὶ
1289 4341 1367 4413 τῷ
1407 4343 1540 4412 οἴκῳ
1584 4342 1749 4396 αὐτοῦ
1803 4342 1918 4412 μετ’

336 4436 526 4503 αὐτὸν,
552 4437 648 4490 καὶ
674 4433 972 4504 φυλάξουσι
998 4435 1097 4498 τὰς
1136 4435 1289 4498 ὁδοὺς
1344 4435 1576 4506 Κυρίου,
1623 4437 1798 4488 ποιεῖν
1843 4434 1919 4488 δι-

337 4527 638 4598 καιοσύνην
672 4530 762 4581 καὶ
791 4529 990 4595 κρίσιν,
1013 4529 1160 4589 ὅπως
1192 4526 1258 4580 ἂν
1281 4528 1534 4599 ἐπαγάγῃ
1578 4529 1606 4580 ὁ
1651 4527 1781 4592 Θεὸς
1827 4527 1917 4580 ἐπὶ
1942 4555 1998 4617 D

349 4619 610 4690 Ἀϐραὰμ.
635 4620 816 4675 πάντα
846 4620 946 4674 ὅσα
967 4620 1197 4692 ἐλάλησα
1222 4620 1358 4690 πρὸς
1401 4620 1583 4674 αὐτόν.

421 4712 778 4768 Ἀπέστελλεν
816 4711 961 4780 Ἰὼϐ,
1002 4712 1095 4764 καὶ
1121 4710 1415 4780 ὲκαθάριζε
1445 4710 1513 4765 τὰ
1537 4711 1703 4764 τέκνα
1725 4708 1915 4775 αὑτοῦ,

336 4805 804 4875 ἀνιστάμενοςτῷ
829 4803 994 4875 πρωῒ,
1032 4803 1129 4858 καὶ
1173 4802 1500 4873 προσφέρων
1552 4804 1685 4871 περὶ
1740 4802 1917 4855 αὐτῶν

341 4896 539 4960 θυσίας
571 4897 709 4951 κατά
753 4897 846 4951 τὸν
898 4894 1132 4967 ἀριθμὸν
1177 4894 1376 4957 αὐτῶν,
1434 4893 1528 4946 καὶ
1580 4895 1780 4963 μόσχον
1823 4893 1918 4945 ἕνα

340 5004 413 5040 πε
425 4986 478 5056 pi.
499 4987 793 5060 ἁμαρτίας,
821 4989 949 5058 περὶ
977 4988 1083 5042 τῶν
1123 4986 1310 5057 ψυχῶν
1349 4984 1548 5038 αὐτῶν.
1587 4984 1779 5052 Ἔλεγε
1807 4984 1918 5053 γὰρ

353 5078 481 5133 Ἰὼϐ
509 5095 526 5111 ο
551 5079 638 5152 Μή
671 5095 802 5133 ποτε
825 5081 875 5134 οἱ
901 5079 1010 5133 υίοί
1069 5097 1173 5148 μου
1220 5078 1368 5133 κακά
1414 5078 1708 5146 ὲνενόησαν
1754 5077 1812 5129 ἐν
1850 5079 1918 5148 τῇ

339 5172 555 5243 διανοίᾳ
577 5173 757 5227 αὐτῶν
787 5173 924 5243 πρὸς
958 5172 1110 5226 Θεόν.

416 5262 649 5317 Παίδευε
675 5263 811 5329 υἱὸν,
844 5262 939 5317 καὶ
974 5262 1251 5333 ἀγαπήσει
1282 5277 1363 5327 σε,
1401 5259 1492 5312 καὶ
1525 5258 1683 5312 δώσει
1710 5258 1914 5329 κόσμον

336 5359 409 5429 τῇ
430 5354 579 5426 ψυχῇ
609 5372 724 5410 σου·
1828 5376 1831 5377 ⁷

414 5448 614 5510 Καλῶς
637 5448 890 5519 ἐκτρέφει
925 5446 1108 5516 πατὴρ
1138 5445 1364 5505 δίκαιος.
1405 5445 1529 5498 Ἐπὶ
1549 5444 1605 5498 δὲ
1648 5444 1745 5514 υίῷ
1769 5444 1918 5514 σοφῷ

335 5540 693 5610 εὐφραίνεται
719 5541 751 5611 ἡ
779 5539 925 5613 ψυχὴ
949 5537 1137 5594 αὐτοῦ.

423 5631 486 5686 '0
518 5632 750 5702 ἀγαπῶν
787 5631 1065 5702 ἐπιμελῶς
1119 5630 1383 5686 παιδεύει.

415 5724 512 5790 Μὴ
538 5725 773 5796 ἀπόσχες
797 5724 990 5794 νήπιον
1041 5722 1318 5778 παιδεύειν
1349 5739 1364 5753 ·
1392 5724 1473 5777 ὅτι
1521 5724 1617 5779 ἐὰν
1671 5721 1917 5794 πατάξῃς

337 5816 507 5873 αὑτὸν
540 5814 854 5888 ρἁδῳ,οὐκ
883 5812 1255 5870 ἀποθανεῖται.
1286 5814 1357 5867 Σὺ
1388 5814 1488 5885 μὲν
1518 5815 1626 5885 γὰρ
1657 5814 1918 5881 πατάξεις

340 5910 512 5963 αὐτὸν
541 5907 747 5980 ῥάϐδῳ,
768 5909 866 5978 τὴν
891 5909 945 5963 δὲ
965 5908 1144 5980 ψυχὴν
1165 5907 1328 5961 αὑτοῦ
1351 5909 1412 5961 ὲκ
1435 5907 1664 5967 θανάτου
1690 5907 1854 5977 ῥύσῃ.

2018 3320 2318 3390 rus:quod
2354 3321 2664 3377 mirandum
2721 3337 2829 3378 non
2881 3333 2965 3379 est
3006 3325 3053 3380 si
3112 3326 3428 3381 consideres
3488 3333 3601 3380 tum

2018 3425 2287 3482 pauperes
2353 3412 2644 3470 calumniis
2709 3428 3023 3484 Oppressos,
3071 3415 3418 3487 tumjudices
3460 3417 3602 3471 falso

2014 3499 2343 3566 iudicantes.

2091 3591 2339 3648 Maximae
2369 3600 2452 3651 est
2481 3594 2771 3666 iniustitia:
2804 3598 2954 3668 paria
2984 3598 3288 3667 imparibus
3336 3599 3598 3655 tribuere;

2415 3789 2653 3848 SERMO
2699 3792 2765 3848 ix
2799 3790 2896 3866 [αι.
2951 3793 3163 3850 cxxvr
3172 3794 3214 3867 1.

2023 3907 2098 3963 De
2114 3908 2426 3978 parentibus
2438 3908 2608 3972 bonis,
2628 3921 2674 3983 et
2699 3912 2836 3980 quod
2861 3921 3098 3983 oporteat
3117 3912 3604 3983 liberos.diligenler,

2511 3995 2574 4032 ac
2609 3981 2846 4035 decenter
2875 3982 3104 4036 institui.

2092 4157 2223 4215 Gen.
2279 4172 2438 4214 xvnt.
2475 4157 2595 4213 Non
2639 4158 2850 4227 celabo,
2898 4158 3072 4230 inquit
3105 4158 3389 4226 Dominus,
3430 4159 3601 4215 Abra-

2022 4249 2145 4304 ham
2177 4248 2443 4304 famulum
2474 4264 2679 4313 meum,
2708 4265 2832 4320 quae
2862 4248 3112 4306 facturus
3139 4253 3264 4307 sim.
3294 4249 3420 4306 Scio
3450 4249 3596 4304 enim

2021 4339 2168 4411 quod
2209 4349 2580 4411 praecepturus
2629 4341 2702 4397 sit
2769 4342 2896 4398 ﬁliis
2948 4343 3063 4398 suis
3098 4359 3163 4399 ac
3218 4342 3438 4398 familiae
3490 4358 3602 4397 suae

2020 4431 2218 4489 futurae
2236 4441 2360 4504 post
2386 4434 2587 4503 ipsum,
2619 4443 2679 4487 ut
2712 4433 3010 4490 observent
3038 4435 3151 4491 vias
3182 4436 3417 4498 Domini,
3440 4436 3603 4504 justi-

2025 4524 2154 4581 tiam
2184 4534 2240 4581 et
2266 4525 2535 4597 judicium
2559 4537 2904 4592 exercentes,
2928 4536 2987 4580 ut
3008 4527 3243 4581 adducat
3269 4526 3410 4581 Deus
3438 4542 3601 4594 super

2022 4619 2294 4675 Abraham
2323 4632 2662 4687 quaecunque
2691 4618 2908 4671 locutus
2938 4627 3021 4671 est
3054 4616 3120 4671 ad
3151 4616 3329 4670 illum.

2094 4709 2197 4766 Job
2223 4727 2261 4765 ι.
2286 4711 2432 4766 Misit
2488 4714 2709 4764 nuntios
2742 4709 2849 4766 Job
2879 4709 2947 4764 ad
2980 4709 3207 4773 liberos,
3244 4720 3299 4764 et
3351 4710 3603 4781 purgavit

2024 4818 2141 4871 eos,
2193 4818 2461 4873 maneque
2510 4818 2741 4872 surgens
2773 4817 2873 4873 pro
2929 4802 3033 4858 illis
3076 4801 3345 4857 sacriﬁcia
3380 4802 3605 4866 obtnlit,

2026 4909 2254 4949 numero
2287 4895 2439 4964 paria
2470 4893 2661 4949 liberis
2694 4913 2708 4950 :
2743 4894 2981 4964 itemque
3019 4894 3252 4948 vitulum
3292 4909 3465 4949 unum
3503 4910 3602 4964 pro

2025 4996 2253 5059 peccato
2279 5003 2344 5043 ac
2370 4988 2592 5043 illorum
2643 4987 2842 5043 animis
2875 5002 2888 5039 :
2930 4987 3012 5043 sic
3041 4990 3185 5041 enim
3231 5001 3422 5041 secum
3457 4990 3604 5058 cogi-

2027 5082 2177 5136 tabat
2218 5098 2232 5136 :
2270 5079 2450 5136 Liberi
2504 5081 2611 5135 mei
2647 5080 2786 5135 forte
2817 5078 2963 5133 mala
2991 5078 3299 5148 cogitarunt
3325 5080 3602 5136 mentibus

2026 5174 2142 5230 suis
2166 5172 2431 5229 adversus
2462 5173 2655 5228 Deum.

2097 5266 2325 5336 Corrige
2365 5265 2562 5329 ﬁlium,
2592 5275 2648 5321 et
2674 5273 2728 5323 te
2789 5264 3002 5335 diliget,
3068 5254 3367 5339 aﬁeretque
3437 5280 3601 5319 orna-

2027 5369 2268 5415 mentum
2309 5358 2503 5414 animae
2521 5367 2649 5414 tum.

2096 5449 2257 5505 Pater
2285 5450 2484 5520 probus
2515 5451 2652 5507 bene
2682 5450 2880 5506 educat
2929 5452 3103 5519 ﬁlios,
3142 5453 3359 5509 animus
3414 5456 3598 5503 autem

2024 5541 2145 5612 ejus
2166 5541 2277 5596 ﬁlio
2311 5542 2558 5612 sapiente
2597 5542 2889 5599 lambitur.
3400 5530 3406 5536 “

2094 5633 2200 5701 Qui
2232 5633 2428 5702 diligit,
2459 5634 2750 5704 diligenter
2772 5636 2971 5691 erudit.

2095 5724 2364 5783 Infantem
2395 5727 2666 5797 castigare
2704 5745 2772 5783 ne
2835 5737 3089 5783 recusato
3120 5744 3134 5780 :
3171 5739 3293 5780 nam
3343 5723 3387 5780 si
3451 5726 3599 5795 virga

2023 5833 2148 5872 eum
2173 5818 2465 5883 cecideris,
2522 5834 2629 5874 non
2687 5820 2975 5875 morietur.
3033 5819 3111 5871 Tu
3170 5816 3388 5886 quidem
3450 5818 3601 5886 virga

2025 5926 2149 5969 cum
2177 5914 2374 5985 caedes,
2412 5914 2651 5999 animam
2683 5927 2817 5970 vero
2842 5911 3016 5981 ipsius
3048 5926 3078 5968 ο
3111 5918 3286 5970 morte
3315 5908 3595 5969 liberabis.
