  <div class='ocr_page' id='page_1' title='image "/cluster/home/n/w/nwhite01/storage/ocr_20150623/136/mdp.39015038093210/529.png"; bbox 0 0 3992 6252; ppageno 0'>
   <div class='ocr_carea' id='block_1_1' title="bbox 413 385 552 457">
    <p class='ocr_par' dir='ltr' id='par_1_1' title="bbox 413 385 552 457">
     <span class='ocr_line' id='line_1_1' title="bbox 413 385 552 457; baseline -0.022 0"><span class='ocrx_word' id='word_1_1' title='bbox 413 385 552 457; x_wconf 79' lang='grc'><strong>1043</strong></span> 
     </span>
    </p>
   </div>
   <div class='ocr_carea' id='block_1_2' title="bbox 1703 391 2397 456">
    <p class='ocr_par' dir='ltr' id='par_1_2' title="bbox 1703 391 2397 456">
     <span class='ocr_line' id='line_1_2' title="bbox 1703 391 2397 456; baseline 0.01 -6"><span class='ocrx_word' id='word_1_2' title='bbox 1703 391 2017 452; x_wconf 85' lang='lat' dir='ltr'><strong>ANTONII</strong></span> <span class='ocrx_word' id='word_1_3' title='bbox 2054 393 2397 456; x_wconf 68' lang='lat' dir='ltr'><strong>MELISS/E</strong></span> 
     </span>
    </p>
   </div>
   <div class='ocr_carea' id='block_1_3' title="bbox 3535 397 3664 463">
    <p class='ocr_par' dir='ltr' id='par_1_3' title="bbox 3535 397 3664 463">
     <span class='ocr_line' id='line_1_3' title="bbox 3535 397 3664 463; baseline -0.031 0"><span class='ocrx_word' id='word_1_4' title='bbox 3535 397 3664 463; x_wconf 69' lang='lat' dir='ltr'><strong>ltili</strong></span> 
     </span>
    </p>
   </div>
   <div class='ocr_carea' id='block_1_4' title="bbox 482 498 1979 582">
    <p class='ocr_par' dir='ltr' id='par_1_4' title="bbox 482 498 1979 572">
     <span class='ocr_line' id='line_1_4' title="bbox 482 498 1979 572; baseline 0 -16"><span class='ocrx_word' id='word_1_5' title='bbox 482 501 751 556; x_wconf 82' lang='lat' dir='ltr'><strong>Juvenum</strong></span> <span class='ocrx_word' id='word_1_6' title='bbox 790 502 1040 572; x_wconf 73' lang='lat' dir='ltr'><strong>gloriatio</strong></span> <span class='ocrx_word' id='word_1_7' title='bbox 1064 508 1242 571; x_wconf 87' lang='lat' dir='ltr'><strong>patres</strong></span> <span class='ocrx_word' id='word_1_8' title='bbox 1309 515 1545 556; x_wconf 87' lang='lat' dir='ltr'><strong>eorum:</strong></span> <span class='ocrx_word' id='word_1_9' title='bbox 1593 498 1752 572; x_wconf 67' lang='grc'><strong>149</strong></span> <span class='ocrx_word' id='word_1_10' title='bbox 1811 501 1979 572; x_wconf 68' lang='lat' dir='ltr'><strong>plagm</strong></span> 
     </span>
    </p>
   </div>
   <div class='ocr_carea' id='block_1_5' title="bbox 2109 498 3664 582">
    <p class='ocr_par' dir='ltr' id='par_1_5' title="bbox 2157 503 3664 582">
     <span class='ocr_line' id='line_1_5' title="bbox 2157 503 3664 582; baseline 0.006 -26"><span class='ocrx_word' id='word_1_11' title='bbox 2157 503 2437 576; x_wconf 83' lang='grc' dir='ltr'>Καύχημα</span> <span class='ocrx_word' id='word_1_12' title='bbox 2459 505 2593 561; x_wconf 86' lang='grc' dir='ltr'>νέων</span> <span class='ocrx_word' id='word_1_13' title='bbox 2626 509 2862 578; x_wconf 84' lang='grc' dir='ltr'><strong>πατέρες</strong></span> <span class='ocrx_word' id='word_1_14' title='bbox 2889 509 3084 564; x_wconf 81' lang='grc' dir='ltr'>αὐτῶν.</span> <span class='ocrx_word' id='word_1_15' title='bbox 3131 509 3350 580; x_wconf 66' lang='grc' dir='ltr'>Πληγαλ,</span> <span class='ocrx_word' id='word_1_16' title='bbox 3381 515 3477 564; x_wconf 81' lang='grc' dir='ltr'>καὶ</span> <span class='ocrx_word' id='word_1_17' title='bbox 3524 512 3664 582; x_wconf 74' lang='grc' dir='ltr'>ἒλεγ.</span> 
     </span>
    </p>
   </div>
   <div class='ocr_carea' id='block_1_6' title="bbox 408 594 1492 666">
    <p class='ocr_par' dir='ltr' id='par_1_6' title="bbox 408 594 1492 666">
     <span class='ocr_line' id='line_1_6' title="bbox 408 594 1492 666; baseline -0.002 -16"><span class='ocrx_word' id='word_1_18' title='bbox 408 603 464 650; x_wconf 88' lang='lat' dir='ltr'><strong>ct</strong></span> <span class='ocrx_word' id='word_1_19' title='bbox 487 597 937 666; x_wconf 85' lang='lat' dir='ltr'><strong>reprehensiones</strong></span> <span class='ocrx_word' id='word_1_20' title='bbox 966 594 1096 649; x_wconf 87' lang='lat' dir='ltr'><strong>dant</strong></span> <span class='ocrx_word' id='word_1_21' title='bbox 1147 595 1492 663; x_wconf 70' lang='lat' dir='ltr'><strong>sapientiam.</strong></span> 
     </span>
    </p>
   </div>
   <div class='ocr_carea' id='block_1_7' title="bbox 479 687 1987 746">
    <p class='ocr_par' dir='ltr' id='par_1_7' title="bbox 479 687 1987 746">
     <span class='ocr_line' id='line_1_7' title="bbox 479 687 1987 746; baseline -0.001 -2"><span class='ocrx_word' id='word_1_22' title='bbox 479 691 639 746; x_wconf 82' lang='lat' dir='ltr'><strong><em>Prov.</em></strong></span> <span class='ocrx_word' id='word_1_23' title='bbox 683 707 794 744; x_wconf 78' lang='grc' dir='ltr'>χιχ.</span> <span class='ocrx_word' id='word_1_24' title='bbox 831 687 1056 742; x_wconf 83' lang='lat' dir='ltr'><strong>Erudito</strong></span> <span class='ocrx_word' id='word_1_25' title='bbox 1114 688 1282 741; x_wconf 86' lang='lat' dir='ltr'><strong>lilium</strong></span> <span class='ocrx_word' id='word_1_26' title='bbox 1315 699 1464 741; x_wconf 88' lang='lat' dir='ltr'><strong>tuum</strong></span> <span class='ocrx_word' id='word_1_27' title='bbox 1507 707 1519 740; x_wconf 90' lang='lat'>:</span> <span class='ocrx_word' id='word_1_28' title='bbox 1554 688 1634 741; x_wconf 88' lang='lat' dir='ltr'><strong>sic</strong></span> <span class='ocrx_word' id='word_1_29' title='bbox 1657 688 1802 742; x_wconf 90' lang='lat' dir='ltr'><strong>enim</strong></span> <span class='ocrx_word' id='word_1_30' title='bbox 1832 687 1987 742; x_wconf 71' lang='lat' dir='ltr'><strong>bona:</strong></span> 
     </span>
    </p>
   </div>
   <div class='ocr_carea' id='block_1_8' title="bbox 409 783 916 854">
    <p class='ocr_par' dir='ltr' id='par_1_8' title="bbox 409 783 916 854">
     <span class='ocr_line' id='line_1_8' title="bbox 409 783 916 854; baseline -0.012 -15"><span class='ocrx_word' id='word_1_31' title='bbox 409 784 524 854; x_wconf 80' lang='lat' dir='ltr'><strong>spei</strong></span> <span class='ocrx_word' id='word_1_32' title='bbox 563 783 780 838; x_wconf 75' lang='lat' dir='ltr'><strong>futurus</strong></span> <span class='ocrx_word' id='word_1_33' title='bbox 811 793 916 835; x_wconf 90' lang='lat' dir='ltr'><strong>est.</strong></span> 
     </span>
    </p>
   </div>
   <div class='ocr_carea' id='block_1_9' title="bbox 477 871 1964 942">
    <p class='ocr_par' dir='ltr' id='par_1_9' title="bbox 477 871 1964 942">
     <span class='ocr_line' id='line_1_9' title="bbox 477 871 1964 942; baseline 0.003 -15"><span class='ocrx_word' id='word_1_34' title='bbox 477 873 644 927; x_wconf 84' lang='lat' dir='ltr'><strong>Eccli.</strong></span> <span class='ocrx_word' id='word_1_35' title='bbox 681 889 772 926; x_wconf 77' lang='lat' dir='ltr'><strong>vn.</strong></span> <span class='ocrx_word' id='word_1_36' title='bbox 813 871 869 928; x_wconf 89' lang='lat' dir='ltr'><strong>Si</strong></span> <span class='ocrx_word' id='word_1_37' title='bbox 907 874 999 927; x_wconf 87' lang='lat' dir='ltr'><strong>tibi</strong></span> <span class='ocrx_word' id='word_1_38' title='bbox 1032 881 1158 928; x_wconf 91' lang='lat' dir='ltr'><strong>sunt</strong></span> <span class='ocrx_word' id='word_1_39' title='bbox 1194 873 1346 928; x_wconf 87' lang='lat' dir='ltr'><strong>liberi</strong></span> <span class='ocrx_word' id='word_1_40' title='bbox 1374 913 1389 936; x_wconf 89' lang='lat'><strong>,</strong></span> <span class='ocrx_word' id='word_1_41' title='bbox 1431 875 1700 932; x_wconf 79' lang='lat' dir='ltr'><strong>instituito</strong></span> <span class='ocrx_word' id='word_1_42' title='bbox 1737 879 1879 942; x_wconf 89' lang='lat' dir='ltr'><strong>illos,</strong></span> <span class='ocrx_word' id='word_1_43' title='bbox 1919 888 1964 931; x_wconf 88' lang='lat' dir='ltr'><strong>et</strong></span> 
     </span>
    </p>
   </div>
   <div class='ocr_carea' id='block_1_10' title="bbox 401 964 1972 1034">
    <p class='ocr_par' dir='ltr' id='par_1_10' title="bbox 401 964 1972 1034">
     <span class='ocr_line' id='line_1_10' title="bbox 401 964 1972 1034; baseline -0.001 -14"><span class='ocrx_word' id='word_1_44' title='bbox 401 967 514 1034; x_wconf 86' lang='lat' dir='ltr'><strong>jam</strong></span> <span class='ocrx_word' id='word_1_45' title='bbox 543 965 666 1020; x_wconf 90' lang='lat' dir='ltr'><strong>inde</strong></span> <span class='ocrx_word' id='word_1_46' title='bbox 710 965 779 1019; x_wconf 90' lang='lat' dir='ltr'><strong>ab</strong></span> <span class='ocrx_word' id='word_1_47' title='bbox 821 964 1183 1020; x_wconf 91' lang='lat' dir='ltr'><strong>adolescentia</strong></span> <span class='ocrx_word' id='word_1_48' title='bbox 1221 965 1465 1034; x_wconf 89' lang='lat' dir='ltr'><strong>ipsorum</strong></span> <span class='ocrx_word' id='word_1_49' title='bbox 1508 970 1646 1022; x_wconf 91' lang='lat' dir='ltr'><strong>colla</strong></span> <span class='ocrx_word' id='word_1_50' title='bbox 1688 968 1972 1023; x_wconf 85' lang='lat' dir='ltr'><strong>inlleetito.</strong></span> 
     </span>
    </p>
   </div>
   <div class='ocr_carea' id='block_1_11' title="bbox 477 1055 1987 1127">
    <p class='ocr_par' dir='ltr' id='par_1_11' title="bbox 477 1055 1987 1127">
     <span class='ocr_line' id='line_1_11' title="bbox 477 1055 1987 1127; baseline 0.004 -19"><span class='ocrx_word' id='word_1_51' title='bbox 477 1055 639 1111; x_wconf 88' lang='lat' dir='ltr'><strong>Prov.</strong></span> <span class='ocrx_word' id='word_1_52' title='bbox 678 1073 795 1112; x_wconf 88' lang='lat' dir='ltr'><strong>xm.</strong></span> <span class='ocrx_word' id='word_1_53' title='bbox 826 1057 929 1124; x_wconf 89' lang='lat' dir='ltr'><strong>Qui</strong></span> <span class='ocrx_word' id='word_1_54' title='bbox 971 1057 1145 1127; x_wconf 68' lang='lat' dir='ltr'><strong>diligit</strong></span> <span class='ocrx_word' id='word_1_55' title='bbox 1196 1058 1363 1112; x_wconf 86' lang='lat' dir='ltr'><strong>lilium</strong></span> <span class='ocrx_word' id='word_1_56' title='bbox 1407 1076 1591 1124; x_wconf 86' lang='lat' dir='ltr'><strong>suum,</strong></span> <span class='ocrx_word' id='word_1_57' title='bbox 1636 1065 1987 1116; x_wconf 85' lang='lat' dir='ltr'><strong>continenter</strong></span> 
     </span>
    </p>
   </div>
   <div class='ocr_carea' id='block_1_12' title="bbox 404 1151 822 1221">
    <p class='ocr_par' dir='ltr' id='par_1_12' title="bbox 404 1151 822 1221">
     <span class='ocr_line' id='line_1_12' title="bbox 404 1151 822 1221; baseline 0 -18"><span class='ocrx_word' id='word_1_58' title='bbox 404 1165 528 1205; x_wconf 86' lang='lat' dir='ltr'><strong>eum</strong></span> <span class='ocrx_word' id='word_1_59' title='bbox 571 1151 822 1221; x_wconf 82' lang='lat' dir='ltr'><strong>ﬂagellet.</strong></span> 
     </span>
    </p>
   </div>
   <div class='ocr_carea' id='block_1_13' title="bbox 479 1241 1984 1311">
    <p class='ocr_par' dir='ltr' id='par_1_13' title="bbox 479 1241 1984 1311">
     <span class='ocr_line' id='line_1_13' title="bbox 479 1241 1984 1311; baseline 0.002 -16"><span class='ocrx_word' id='word_1_60' title='bbox 479 1241 648 1295; x_wconf 85' lang='lat' dir='ltr'><strong>Eccli.</strong></span> <span class='ocrx_word' id='word_1_61' title='bbox 680 1259 808 1296; x_wconf 84' lang='lat' dir='ltr'><strong>xxx.</strong></span> <span class='ocrx_word' id='word_1_62' title='bbox 840 1243 942 1308; x_wconf 85' lang='lat' dir='ltr'><strong>Qui</strong></span> <span class='ocrx_word' id='word_1_63' title='bbox 973 1243 1143 1297; x_wconf 89' lang='lat' dir='ltr'><strong>lilium</strong></span> <span class='ocrx_word' id='word_1_64' title='bbox 1171 1259 1331 1297; x_wconf 90' lang='lat' dir='ltr'><strong>suum</strong></span> <span class='ocrx_word' id='word_1_65' title='bbox 1368 1244 1544 1311; x_wconf 86' lang='lat' dir='ltr'><strong>docet,</strong></span> <span class='ocrx_word' id='word_1_66' title='bbox 1581 1245 1984 1299; x_wconf 67' lang='lat' dir='ltr'><strong>armulationetn</strong></span> 
     </span>
    </p>
   </div>
   <div class='ocr_carea' id='block_1_14' title="bbox 405 1336 1910 1404">
    <p class='ocr_par' dir='ltr' id='par_1_14' title="bbox 405 1336 1910 1404">
     <span class='ocr_line' id='line_1_14' title="bbox 405 1336 1910 1404; baseline 0.001 -17"><span class='ocrx_word' id='word_1_67' title='bbox 405 1336 634 1390; x_wconf 88' lang='lat' dir='ltr'><strong>inimico</strong></span> <span class='ocrx_word' id='word_1_68' title='bbox 665 1350 766 1390; x_wconf 91' lang='lat' dir='ltr'><strong>suo</strong></span> <span class='ocrx_word' id='word_1_69' title='bbox 803 1347 1002 1400; x_wconf 83' lang='lat' dir='ltr'><strong>movet,</strong></span> <span class='ocrx_word' id='word_1_70' title='bbox 1035 1345 1088 1390; x_wconf 90' lang='lat' dir='ltr'><strong>et</strong></span> <span class='ocrx_word' id='word_1_71' title='bbox 1112 1337 1252 1404; x_wconf 92' lang='lat' dir='ltr'><strong>apud</strong></span> <span class='ocrx_word' id='word_1_72' title='bbox 1283 1337 1491 1392; x_wconf 82' lang='lat' dir='ltr'><strong>amicos</strong></span> <span class='ocrx_word' id='word_1_73' title='bbox 1519 1352 1583 1391; x_wconf 92' lang='lat' dir='ltr'><strong>eo</strong></span> <span class='ocrx_word' id='word_1_74' title='bbox 1617 1338 1910 1392; x_wconf 80' lang='lat' dir='ltr'><strong>laetabitur.</strong></span> 
     </span>
    </p>
   </div>
   <div class='ocr_carea' id='block_1_15' title="bbox 477 1427 1989 1500">
    <p class='ocr_par' dir='ltr' id='par_1_15' title="bbox 477 1427 1989 1500">
     <span class='ocr_line' id='line_1_15' title="bbox 477 1427 1989 1500; baseline 0.001 -20"><span class='ocrx_word' id='word_1_75' title='bbox 477 1427 646 1482; x_wconf 87' lang='lat' dir='ltr'><strong>Eccli.</strong></span> <span class='ocrx_word' id='word_1_76' title='bbox 683 1445 812 1482; x_wconf 80' lang='grc' dir='ltr'>χχχ.</span> <span class='ocrx_word' id='word_1_77' title='bbox 857 1427 959 1494; x_wconf 90' lang='lat' dir='ltr'><strong>Qui</strong></span> <span class='ocrx_word' id='word_1_78' title='bbox 1008 1428 1174 1482; x_wconf 86' lang='lat' dir='ltr'><strong>ﬁlium</strong></span> <span class='ocrx_word' id='word_1_79' title='bbox 1212 1445 1369 1482; x_wconf 89' lang='lat' dir='ltr'><strong>suum</strong></span> <span class='ocrx_word' id='word_1_80' title='bbox 1401 1430 1648 1500; x_wconf 81' lang='lat' dir='ltr'><strong>castigat,</strong></span> <span class='ocrx_word' id='word_1_81' title='bbox 1687 1445 1752 1484; x_wconf 92' lang='lat' dir='ltr'><strong>eo</strong></span> <span class='ocrx_word' id='word_1_82' title='bbox 1783 1430 1989 1483; x_wconf 68' lang='lat' dir='ltr'><strong>lmtabi-</strong></span> 
     </span>
    </p>
   </div>
   <div class='ocr_carea' id='block_1_16' title="bbox 403 1520 1982 1593">
    <p class='ocr_par' dir='ltr' id='par_1_16' title="bbox 403 1520 1982 1593">
     <span class='ocr_line' id='line_1_16' title="bbox 403 1520 1982 1593; baseline 0.003 -19"><span class='ocrx_word' id='word_1_83' title='bbox 403 1532 512 1586; x_wconf 91' lang='lat' dir='ltr'><strong>tur,</strong></span> <span class='ocrx_word' id='word_1_84' title='bbox 539 1529 592 1575; x_wconf 92' lang='lat' dir='ltr'><strong>et</strong></span> <span class='ocrx_word' id='word_1_85' title='bbox 637 1521 780 1576; x_wconf 91' lang='lat' dir='ltr'><strong>inter</strong></span> <span class='ocrx_word' id='word_1_86' title='bbox 814 1520 1112 1575; x_wconf 81' lang='lat' dir='ltr'><strong>familiares</strong></span> <span class='ocrx_word' id='word_1_87' title='bbox 1146 1535 1208 1575; x_wconf 87' lang='lat' dir='ltr'><strong>ac</strong></span> <span class='ocrx_word' id='word_1_88' title='bbox 1244 1529 1399 1576; x_wconf 91' lang='lat' dir='ltr'><strong>notos</strong></span> <span class='ocrx_word' id='word_1_89' title='bbox 1442 1523 1510 1576; x_wconf 91' lang='lat' dir='ltr'><strong>de</strong></span> <span class='ocrx_word' id='word_1_90' title='bbox 1545 1537 1610 1577; x_wconf 91' lang='lat' dir='ltr'><strong>eo</strong></span> <span class='ocrx_word' id='word_1_91' title='bbox 1637 1522 1982 1593; x_wconf 77' lang='lat' dir='ltr'><strong>gloriabitur.</strong></span> 
     </span>
    </p>
   </div>
   <div class='ocr_carea' id='block_1_17' title="bbox 477 1695 1985 1771">
    <p class='ocr_par' dir='ltr' id='par_1_17' title="bbox 477 1695 1985 1771">
     <span class='ocr_line' id='line_1_17' title="bbox 477 1695 1985 1771; baseline 0.002 -18"><span class='ocrx_word' id='word_1_92' title='bbox 477 1699 674 1771; x_wconf 67' lang='lat' dir='ltr'><strong>Epiros.</strong></span> <span class='ocrx_word' id='word_1_93' title='bbox 695 1716 769 1754; x_wconf 80' lang='lat' dir='ltr'><strong>vi.</strong></span> <span class='ocrx_word' id='word_1_94' title='bbox 794 1695 992 1764; x_wconf 81' lang='lat' dir='ltr'><strong>Nolite,</strong></span> <span class='ocrx_word' id='word_1_95' title='bbox 1016 1709 1220 1770; x_wconf 88' lang='lat' dir='ltr'><strong>patres,</strong></span> <span class='ocrx_word' id='word_1_96' title='bbox 1247 1700 1448 1754; x_wconf 76' lang='lat' dir='ltr'><strong>liberos</strong></span> <span class='ocrx_word' id='word_1_97' title='bbox 1468 1707 1678 1756; x_wconf 87' lang='lat' dir='ltr'><strong>vestros</strong></span> <span class='ocrx_word' id='word_1_98' title='bbox 1702 1716 1778 1754; x_wconf 79' lang='lat' dir='ltr'><strong>Ira</strong></span> <span class='ocrx_word' id='word_1_99' title='bbox 1807 1710 1985 1756; x_wconf 88' lang='lat' dir='ltr'><strong>vestra</strong></span> 
     </span>
    </p>
   </div>
   <div class='ocr_carea' id='block_1_18' title="bbox 400 1792 1986 1864">
    <p class='ocr_par' dir='ltr' id='par_1_18' title="bbox 400 1792 1986 1864">
     <span class='ocr_line' id='line_1_18' title="bbox 400 1792 1986 1864; baseline 0 -16"><span class='ocrx_word' id='word_1_100' title='bbox 400 1809 724 1864; x_wconf 82' lang='lat' dir='ltr'><strong>provocare,</strong></span> <span class='ocrx_word' id='word_1_101' title='bbox 782 1794 875 1848; x_wconf 92' lang='lat' dir='ltr'><strong>sed</strong></span> <span class='ocrx_word' id='word_1_102' title='bbox 917 1807 1012 1849; x_wconf 90' lang='lat' dir='ltr'><strong>eos</strong></span> <span class='ocrx_word' id='word_1_103' title='bbox 1061 1792 1114 1846; x_wconf 91' lang='lat' dir='ltr'><strong>in</strong></span> <span class='ocrx_word' id='word_1_104' title='bbox 1155 1792 1463 1848; x_wconf 87' lang='lat' dir='ltr'><strong>eruditione</strong></span> <span class='ocrx_word' id='word_1_105' title='bbox 1511 1800 1566 1847; x_wconf 87' lang='lat' dir='ltr'><strong>et</strong></span> <span class='ocrx_word' id='word_1_106' title='bbox 1614 1793 1986 1848; x_wconf 84' lang='lat' dir='ltr'><strong>admonitione</strong></span> 
     </span>
    </p>
   </div>
   <div class='ocr_carea' id='block_1_19' title="bbox 399 1888 894 1944">
    <p class='ocr_par' dir='ltr' id='par_1_19' title="bbox 399 1888 894 1944">
     <span class='ocr_line' id='line_1_19' title="bbox 399 1888 894 1944; baseline 0 -3"><span class='ocrx_word' id='word_1_107' title='bbox 399 1888 618 1944; x_wconf 88' lang='lat' dir='ltr'><strong>Domini</strong></span> <span class='ocrx_word' id='word_1_108' title='bbox 648 1889 894 1942; x_wconf 88' lang='lat' dir='ltr'><strong>educate.</strong></span> 
     </span>
    </p>
   </div>
   <div class='ocr_carea' id='block_1_20' title="bbox 472 1979 1978 2047">
    <p class='ocr_par' dir='ltr' id='par_1_20' title="bbox 472 1979 1978 2047">
     <span class='ocr_line' id='line_1_20' title="bbox 472 1979 1978 2047; baseline -0.003 -13"><span class='ocrx_word' id='word_1_109' title='bbox 472 1980 700 2036; x_wconf 89' lang='lat' dir='ltr'><strong>Liberos</strong></span> <span class='ocrx_word' id='word_1_110' title='bbox 717 1988 950 2045; x_wconf 89' lang='lat' dir='ltr'><strong>vestros,</strong></span> <span class='ocrx_word' id='word_1_111' title='bbox 978 1987 1183 2047; x_wconf 85' lang='lat' dir='ltr'><strong>patres,</strong></span> <span class='ocrx_word' id='word_1_112' title='bbox 1216 1993 1282 2034; x_wconf 91' lang='lat' dir='ltr'><strong>ne</strong></span> <span class='ocrx_word' id='word_1_113' title='bbox 1307 1979 1553 2046; x_wconf 87' lang='lat' dir='ltr'><strong>irritetis,</strong></span> <span class='ocrx_word' id='word_1_114' title='bbox 1573 1988 1630 2036; x_wconf 88' lang='lat' dir='ltr'><strong>ut</strong></span> <span class='ocrx_word' id='word_1_115' title='bbox 1657 1995 1722 2035; x_wconf 92' lang='lat' dir='ltr'><strong>ne</strong></span> <span class='ocrx_word' id='word_1_116' title='bbox 1738 1981 1978 2034; x_wconf 90' lang='lat' dir='ltr'><strong>animum</strong></span> 
     </span>
    </p>
   </div>
   <div class='ocr_carea' id='block_1_21' title="bbox 399 2072 798 2141">
    <p class='ocr_par' dir='ltr' id='par_1_21' title="bbox 399 2072 798 2141">
     <span class='ocr_line' id='line_1_21' title="bbox 399 2072 798 2141; baseline 0.005 -16"><span class='ocrx_word' id='word_1_117' title='bbox 399 2072 798 2141; x_wconf 80' lang='lat' dir='ltr'><strong>despondeant.</strong></span> 
     </span>
    </p>
   </div>
   <div class='ocr_carea' id='block_1_22' title="bbox 477 2163 1981 2235">
    <p class='ocr_par' dir='ltr' id='par_1_22' title="bbox 477 2163 1981 2235">
     <span class='ocr_line' id='line_1_22' title="bbox 477 2163 1981 2235; baseline -0.001 -16"><span class='ocrx_word' id='word_1_118' title='bbox 477 2163 536 2219; x_wconf 89' lang='lat' dir='ltr'><strong>S.</strong></span> <span class='ocrx_word' id='word_1_119' title='bbox 573 2164 782 2220; x_wconf 78' lang='lat' dir='ltr'><strong>Basilii.</strong></span> <span class='ocrx_word' id='word_1_120' title='bbox 829 2163 900 2219; x_wconf 91' lang='lat' dir='ltr'><strong>Ut</strong></span> <span class='ocrx_word' id='word_1_121' title='bbox 938 2173 1191 2235; x_wconf 89' lang='lat' dir='ltr'><strong>parentes</strong></span> <span class='ocrx_word' id='word_1_122' title='bbox 1240 2165 1469 2235; x_wconf 82' lang='lat' dir='ltr'><strong>singulis</strong></span> <span class='ocrx_word' id='word_1_123' title='bbox 1500 2163 1686 2220; x_wconf 84' lang='lat' dir='ltr'><strong>liberis</strong></span> <span class='ocrx_word' id='word_1_124' title='bbox 1727 2180 1792 2220; x_wconf 81' lang='lat' dir='ltr'><strong>ex</strong></span> <span class='ocrx_word' id='word_1_125' title='bbox 1826 2179 1981 2234; x_wconf 88' lang='lat' dir='ltr'><strong>aequo</strong></span> 
     </span>
    </p>
   </div>
   <div class='ocr_carea' id='block_1_23' title="bbox 399 2253 1981 2326">
    <p class='ocr_par' dir='ltr' id='par_1_23' title="bbox 399 2253 1981 2326">
     <span class='ocr_line' id='line_1_23' title="bbox 399 2253 1981 2326; baseline -0.001 -18"><span class='ocrx_word' id='word_1_126' title='bbox 399 2255 649 2326; x_wconf 82' lang='lat' dir='ltr'><strong>corporis</strong></span> <span class='ocrx_word' id='word_1_127' title='bbox 673 2258 962 2312; x_wconf 83' lang='lat' dir='ltr'><strong>essentiam</strong></span> <span class='ocrx_word' id='word_1_128' title='bbox 999 2257 1263 2326; x_wconf 86' lang='lat' dir='ltr'><strong>impertiti</strong></span> <span class='ocrx_word' id='word_1_129' title='bbox 1295 2265 1440 2323; x_wconf 90' lang='lat' dir='ltr'><strong>sunt,</strong></span> <span class='ocrx_word' id='word_1_130' title='bbox 1469 2257 1548 2312; x_wconf 90' lang='lat' dir='ltr'><strong>sic</strong></span> <span class='ocrx_word' id='word_1_131' title='bbox 1569 2253 1773 2312; x_wconf 86' lang='lat' dir='ltr'><strong>eisdem</strong></span> <span class='ocrx_word' id='word_1_132' title='bbox 1800 2271 1981 2326; x_wconf 56' lang='lat' dir='ltr'><strong>atqua-</strong></span> 
     </span>
    </p>
   </div>
   <div class='ocr_carea' id='block_1_24' title="bbox 399 2350 1979 2424">
    <p class='ocr_par' dir='ltr' id='par_1_24' title="bbox 399 2350 1979 2424">
     <span class='ocr_line' id='line_1_24' title="bbox 399 2350 1979 2424; baseline -0.001 -18"><span class='ocrx_word' id='word_1_133' title='bbox 399 2354 524 2408; x_wconf 90' lang='lat' dir='ltr'><strong>liter</strong></span> <span class='ocrx_word' id='word_1_134' title='bbox 569 2356 798 2424; x_wconf 85' lang='lat' dir='ltr'><strong>parique</strong></span> <span class='ocrx_word' id='word_1_135' title='bbox 834 2353 1150 2406; x_wconf 89' lang='lat' dir='ltr'><strong>conditione</strong></span> <span class='ocrx_word' id='word_1_136' title='bbox 1194 2366 1316 2420; x_wconf 89' lang='lat' dir='ltr'><strong>quae</strong></span> <span class='ocrx_word' id='word_1_137' title='bbox 1367 2351 1430 2404; x_wconf 90' lang='lat' dir='ltr'><strong>ad</strong></span> <span class='ocrx_word' id='word_1_138' title='bbox 1464 2352 1628 2405; x_wconf 89' lang='lat' dir='ltr'><strong>vitam</strong></span> <span class='ocrx_word' id='word_1_139' title='bbox 1681 2350 1979 2421; x_wconf 82' lang='lat' dir='ltr'><strong>degendam</strong></span> 
     </span>
    </p>
   </div>
   <div class='ocr_carea' id='block_1_25' title="bbox 399 2443 1582 2515">
    <p class='ocr_par' dir='ltr' id='par_1_25' title="bbox 399 2443 1582 2515">
     <span class='ocr_line' id='line_1_25' title="bbox 399 2443 1582 2515; baseline -0.001 -16"><span class='ocrx_word' id='word_1_140' title='bbox 399 2445 679 2515; x_wconf 88' lang='lat' dir='ltr'><strong>pertinent</strong></span> <span class='ocrx_word' id='word_1_141' title='bbox 702 2444 825 2514; x_wconf 88' lang='lat' dir='ltr'><strong>jure</strong></span> <span class='ocrx_word' id='word_1_142' title='bbox 856 2444 1063 2513; x_wconf 84' lang='lat' dir='ltr'><strong>Optimo</strong></span> <span class='ocrx_word' id='word_1_143' title='bbox 1095 2443 1338 2514; x_wconf 87' lang='lat' dir='ltr'><strong>praebere</strong></span> <span class='ocrx_word' id='word_1_144' title='bbox 1363 2444 1582 2498; x_wconf 88' lang='lat' dir='ltr'><strong>debent.</strong></span> 
     </span>
    </p>
   </div>
   <div class='ocr_carea' id='block_1_26' title="bbox 471 2533 1866 2606">
    <p class='ocr_par' dir='ltr' id='par_1_26' title="bbox 471 2533 1866 2606">
     <span class='ocr_line' id='line_1_26' title="bbox 471 2533 1866 2606; baseline -0.002 -15"><span class='ocrx_word' id='word_1_145' title='bbox 471 2536 735 2606; x_wconf 74' lang='lat' dir='ltr'><strong>Theologi.</strong></span> <span class='ocrx_word' id='word_1_146' title='bbox 768 2536 990 2590; x_wconf 88' lang='lat' dir='ltr'><strong>Patrum</strong></span> <span class='ocrx_word' id='word_1_147' title='bbox 1023 2536 1107 2590; x_wconf 85' lang='lat' dir='ltr'><strong>lex</strong></span> <span class='ocrx_word' id='word_1_148' title='bbox 1137 2545 1222 2590; x_wconf 90' lang='lat' dir='ltr'><strong>est</strong></span> <span class='ocrx_word' id='word_1_149' title='bbox 1254 2533 1438 2590; x_wconf 82' lang='lat' dir='ltr'><strong>liberis</strong></span> <span class='ocrx_word' id='word_1_150' title='bbox 1469 2536 1585 2590; x_wconf 89' lang='lat' dir='ltr'><strong>suis</strong></span> <span class='ocrx_word' id='word_1_151' title='bbox 1622 2549 1866 2601; x_wconf 88' lang='lat' dir='ltr'><strong>parcere.</strong></span> 
     </span>
    </p>
   </div>
   <div class='ocr_carea' id='block_1_27' title="bbox 469 2627 1980 2699">
    <p class='ocr_par' dir='ltr' id='par_1_27' title="bbox 469 2627 1980 2699">
     <span class='ocr_line' id='line_1_27' title="bbox 469 2627 1980 2699; baseline 0 -14"><span class='ocrx_word' id='word_1_152' title='bbox 469 2631 796 2698; x_wconf 74' lang='lat' dir='ltr'><strong>Legitimum</strong></span> <span class='ocrx_word' id='word_1_153' title='bbox 826 2630 1062 2684; x_wconf 82' lang='lat' dir='ltr'><strong>maxime</strong></span> <span class='ocrx_word' id='word_1_154' title='bbox 1085 2637 1136 2684; x_wconf 93' lang='lat' dir='ltr'><strong>el</strong></span> <span class='ocrx_word' id='word_1_155' title='bbox 1161 2629 1533 2699; x_wconf 71' lang='lat' dir='ltr'><strong>aequissimum</strong></span> <span class='ocrx_word' id='word_1_156' title='bbox 1559 2638 1662 2693; x_wconf 91' lang='lat' dir='ltr'><strong>est,</strong></span> <span class='ocrx_word' id='word_1_157' title='bbox 1690 2639 1747 2682; x_wconf 89' lang='lat' dir='ltr'><strong>ut</strong></span> <span class='ocrx_word' id='word_1_158' title='bbox 1780 2627 1980 2685; x_wconf 89' lang='lat' dir='ltr'><strong>libero-</strong></span> 
     </span>
    </p>
   </div>
   <div class='ocr_carea' id='block_1_28' title="bbox 397 2722 1628 2793">
    <p class='ocr_par' dir='ltr' id='par_1_28' title="bbox 397 2722 1628 2793">
     <span class='ocr_line' id='line_1_28' title="bbox 397 2722 1628 2793; baseline -0.001 -16"><span class='ocrx_word' id='word_1_159' title='bbox 397 2739 520 2778; x_wconf 89' lang='lat' dir='ltr'><strong>rum</strong></span> <span class='ocrx_word' id='word_1_160' title='bbox 560 2723 700 2778; x_wconf 87' lang='lat' dir='ltr'><strong>bona</strong></span> <span class='ocrx_word' id='word_1_161' title='bbox 745 2731 898 2793; x_wconf 89' lang='lat' dir='ltr'><strong>pater</strong></span> <span class='ocrx_word' id='word_1_162' title='bbox 923 2723 1255 2793; x_wconf 83' lang='lat' dir='ltr'><strong>cogitatione</strong></span> <span class='ocrx_word' id='word_1_163' title='bbox 1296 2722 1628 2776; x_wconf 84' lang='lat' dir='ltr'><strong>consideret.</strong></span> 
     </span>
    </p>
   </div>
   <div class='ocr_carea' id='block_1_29' title="bbox 470 2811 1980 2886">
    <p class='ocr_par' dir='ltr' id='par_1_29' title="bbox 470 2811 1980 2886">
     <span class='ocr_line' id='line_1_29' title="bbox 470 2811 1980 2886; baseline -0.002 -17"><span class='ocrx_word' id='word_1_164' title='bbox 470 2815 527 2870; x_wconf 89' lang='lat' dir='ltr'><strong>S.</strong></span> <span class='ocrx_word' id='word_1_165' title='bbox 561 2814 833 2886; x_wconf 78' lang='lat' dir='ltr'><strong>Chrysost.</strong></span> <span class='ocrx_word' id='word_1_166' title='bbox 874 2813 1199 2869; x_wconf 89' lang='lat' dir='ltr'><strong>Liberorum</strong></span> <span class='ocrx_word' id='word_1_167' title='bbox 1241 2811 1564 2866; x_wconf 88' lang='lat' dir='ltr'><strong>modestiam</strong></span> <span class='ocrx_word' id='word_1_168' title='bbox 1594 2818 1649 2866; x_wconf 93' lang='lat' dir='ltr'><strong>et</strong></span> <span class='ocrx_word' id='word_1_169' title='bbox 1680 2821 1980 2880; x_wconf 80' lang='lat' dir='ltr'><strong>temperan-</strong></span> 
     </span>
    </p>
   </div>
   <div class='ocr_carea' id='block_1_30' title="bbox 397 2902 1981 2978">
    <p class='ocr_par' dir='ltr' id='par_1_30' title="bbox 397 2902 1981 2978">
     <span class='ocr_line' id='line_1_30' title="bbox 397 2902 1981 2978; baseline -0.002 -16"><span class='ocrx_word' id='word_1_170' title='bbox 397 2911 531 2963; x_wconf 87' lang='lat' dir='ltr'><strong>tiam</strong></span> <span class='ocrx_word' id='word_1_171' title='bbox 567 2917 747 2978; x_wconf 89' lang='lat' dir='ltr'><strong>patres</strong></span> <span class='ocrx_word' id='word_1_172' title='bbox 795 2921 902 2961; x_wconf 90' lang='lat' dir='ltr'><strong>non</strong></span> <span class='ocrx_word' id='word_1_173' title='bbox 949 2914 1206 2961; x_wconf 86' lang='lat' dir='ltr'><strong>curantes</strong></span> <span class='ocrx_word' id='word_1_174' title='bbox 1267 2903 1565 2958; x_wconf 87' lang='lat' dir='ltr'><strong>liberorum</strong></span> <span class='ocrx_word' id='word_1_175' title='bbox 1606 2902 1981 2960; x_wconf 82' lang='lat' dir='ltr'><strong>interfectores</strong></span> 
     </span>
    </p>
   </div>
   <div class='ocr_carea' id='block_1_31' title="bbox 399 2993 1980 3067">
    <p class='ocr_par' dir='ltr' id='par_1_31' title="bbox 399 2993 1980 3067">
     <span class='ocr_line' id='line_1_31' title="bbox 399 2993 1980 3067; baseline -0.004 -13"><span class='ocrx_word' id='word_1_176' title='bbox 399 3007 552 3062; x_wconf 89' lang='lat' dir='ltr'><strong>sunt,</strong></span> <span class='ocrx_word' id='word_1_177' title='bbox 582 3007 745 3066; x_wconf 82' lang='lat' dir='ltr'><strong>atque</strong></span> <span class='ocrx_word' id='word_1_178' title='bbox 777 2996 999 3067; x_wconf 76' lang='lat' dir='ltr'><strong>gravius</strong></span> <span class='ocrx_word' id='word_1_179' title='bbox 1040 3004 1267 3064; x_wconf 78' lang='lat' dir='ltr'><strong>peccant</strong></span> <span class='ocrx_word' id='word_1_180' title='bbox 1295 3009 1458 3063; x_wconf 89' lang='lat' dir='ltr'><strong>quam</strong></span> <span class='ocrx_word' id='word_1_181' title='bbox 1499 2993 1597 3059; x_wconf 90' lang='lat' dir='ltr'><strong>illi,</strong></span> <span class='ocrx_word' id='word_1_182' title='bbox 1635 3001 1842 3063; x_wconf 90' lang='lat' dir='ltr'><strong>quanto</strong></span> <span class='ocrx_word' id='word_1_183' title='bbox 1868 2995 1980 3050; x_wconf 89' lang='lat' dir='ltr'><strong>sci-</strong></span> 
     </span>
    </p>
   </div>
   <div class='ocr_carea' id='block_1_32' title="bbox 395 3084 1982 3156">
    <p class='ocr_par' dir='ltr' id='par_1_32' title="bbox 395 3084 1982 3156">
     <span class='ocr_line' id='line_1_32' title="bbox 395 3084 1982 3156; baseline -0.004 -11"><span class='ocrx_word' id='word_1_184' title='bbox 395 3091 526 3144; x_wconf 89' lang='lat' dir='ltr'><strong>licet</strong></span> <span class='ocrx_word' id='word_1_185' title='bbox 556 3090 750 3142; x_wconf 69' lang='lat' dir='ltr'><strong>anima:</strong></span> <span class='ocrx_word' id='word_1_186' title='bbox 782 3085 1018 3156; x_wconf 89' lang='lat' dir='ltr'><strong>perditio</strong></span> <span class='ocrx_word' id='word_1_187' title='bbox 1049 3094 1103 3140; x_wconf 91' lang='lat' dir='ltr'><strong>et</strong></span> <span class='ocrx_word' id='word_1_188' title='bbox 1136 3099 1284 3140; x_wconf 90' lang='lat' dir='ltr'><strong>mors</strong></span> <span class='ocrx_word' id='word_1_189' title='bbox 1317 3084 1532 3154; x_wconf 81' lang='lat' dir='ltr'><strong>gravior</strong></span> <span class='ocrx_word' id='word_1_190' title='bbox 1555 3092 1639 3140; x_wconf 84' lang='lat' dir='ltr'><strong>est</strong></span> <span class='ocrx_word' id='word_1_191' title='bbox 1671 3099 1834 3155; x_wconf 91' lang='lat' dir='ltr'><strong>qnam</strong></span> <span class='ocrx_word' id='word_1_192' title='bbox 1863 3099 1982 3140; x_wconf 90' lang='lat' dir='ltr'><strong>cor-</strong></span> 
     </span>
    </p>
   </div>
   <div class='ocr_carea' id='block_1_33' title="bbox 396 3185 565 3253">
    <p class='ocr_par' dir='ltr' id='par_1_33' title="bbox 396 3185 565 3253">
     <span class='ocr_line' id='line_1_33' title="bbox 396 3185 565 3253; baseline -0.03 -13"><span class='ocrx_word' id='word_1_193' title='bbox 396 3185 565 3253; x_wconf 83' lang='lat' dir='ltr'><strong>poris.</strong></span> 
     </span>
    </p>
   </div>
   <div class='ocr_carea' id='block_1_34' title="bbox 397 3361 1986 3432">
    <p class='ocr_par' dir='ltr' id='par_1_34' title="bbox 397 3361 1986 3432">
     <span class='ocr_line' id='line_1_34' title="bbox 397 3361 1986 3432; baseline -0.003 -10"><span class='ocrx_word' id='word_1_194' title='bbox 397 3376 584 3422; x_wconf 85' lang='lat' dir='ltr'><strong>rentes</strong></span> <span class='ocrx_word' id='word_1_195' title='bbox 619 3379 742 3420; x_wconf 88' lang='lat' dir='ltr'><strong>esse</strong></span> <span class='ocrx_word' id='word_1_196' title='bbox 775 3363 1050 3428; x_wconf 88' lang='lat' dir='ltr'><strong>arbitror;</strong></span> <span class='ocrx_word' id='word_1_197' title='bbox 1084 3378 1209 3417; x_wconf 92' lang='lat' dir='ltr'><strong>nam</strong></span> <span class='ocrx_word' id='word_1_198' title='bbox 1252 3373 1311 3416; x_wconf 90' lang='lat' dir='ltr'><strong>ut</strong></span> <span class='ocrx_word' id='word_1_199' title='bbox 1341 3363 1429 3416; x_wconf 93' lang='lat' dir='ltr'><strong>ille</strong></span> <span class='ocrx_word' id='word_1_200' title='bbox 1461 3361 1608 3432; x_wconf 90' lang='lat' dir='ltr'><strong>quod</strong></span> <span class='ocrx_word' id='word_1_201' title='bbox 1639 3378 1748 3417; x_wconf 91' lang='lat' dir='ltr'><strong>non</strong></span> <span class='ocrx_word' id='word_1_202' title='bbox 1780 3374 1898 3418; x_wconf 91' lang='lat' dir='ltr'><strong>erat</strong></span> <span class='ocrx_word' id='word_1_203' title='bbox 1927 3373 1986 3418; x_wconf 91' lang='lat' dir='ltr'><strong>ut</strong></span> 
     </span>
    </p>
   </div>
   <div class='ocr_carea' id='block_1_35' title="bbox 395 3454 1983 3524">
    <p class='ocr_par' dir='ltr' id='par_1_35' title="bbox 395 3454 1983 3524">
     <span class='ocr_line' id='line_1_35' title="bbox 395 3454 1983 3524; baseline -0.004 -10"><span class='ocrx_word' id='word_1_204' title='bbox 395 3460 707 3523; x_wconf 78' lang='lat' dir='ltr'><strong>exsisteret,</strong></span> <span class='ocrx_word' id='word_1_205' title='bbox 754 3456 932 3510; x_wconf 74' lang='lat' dir='ltr'><strong>ell‘ccit</strong></span> <span class='ocrx_word' id='word_1_206' title='bbox 966 3472 980 3508; x_wconf 89' lang='lat'><strong>:</strong></span> <span class='ocrx_word' id='word_1_207' title='bbox 1015 3455 1094 3510; x_wconf 90' lang='lat' dir='ltr'><strong>sic</strong></span> <span class='ocrx_word' id='word_1_208' title='bbox 1127 3463 1182 3509; x_wconf 87' lang='lat' dir='ltr'><strong>et</strong></span> <span class='ocrx_word' id='word_1_209' title='bbox 1213 3455 1264 3508; x_wconf 81' lang='lat' dir='ltr'><strong>lll</strong></span> <span class='ocrx_word' id='word_1_210' title='bbox 1295 3454 1592 3520; x_wconf 85' lang='lat' dir='ltr'><strong>imitantes,</strong></span> <span class='ocrx_word' id='word_1_211' title='bbox 1639 3455 1818 3524; x_wconf 91' lang='lat' dir='ltr'><strong>quoad</strong></span> <span class='ocrx_word' id='word_1_212' title='bbox 1866 3455 1983 3509; x_wconf 81' lang='lat' dir='ltr'><strong>ﬁeri</strong></span> 
     </span>
    </p>
   </div>
   <div class='ocr_carea' id='block_1_36' title="bbox 397 3546 1978 3623">
    <p class='ocr_par' dir='ltr' id='par_1_36' title="bbox 397 3546 1978 3623">
     <span class='ocr_line' id='line_1_36' title="bbox 397 3546 1978 3623; baseline -0.007 -13"><span class='ocrx_word' id='word_1_213' title='bbox 397 3560 602 3623; x_wconf 79' lang='lat' dir='ltr'><strong>potest,</strong></span> <span class='ocrx_word' id='word_1_214' title='bbox 643 3551 790 3604; x_wconf 87' lang='lat' dir='ltr'><strong>illius</strong></span> <span class='ocrx_word' id='word_1_215' title='bbox 822 3547 1137 3618; x_wconf 88' lang='lat' dir='ltr'><strong>potentiam,</strong></span> <span class='ocrx_word' id='word_1_216' title='bbox 1173 3561 1345 3616; x_wconf 75' lang='lat' dir='ltr'><strong>genus</strong></span> <span class='ocrx_word' id='word_1_217' title='bbox 1381 3546 1691 3601; x_wconf 89' lang='lat' dir='ltr'><strong>immortale</strong></span> <span class='ocrx_word' id='word_1_218' title='bbox 1723 3548 1978 3602; x_wconf 88' lang='lat' dir='ltr'><strong>reddunt.</strong></span> 
     </span>
    </p>
   </div>
   <div class='ocr_carea' id='block_1_37' title="bbox 472 3729 1980 3804">
    <p class='ocr_par' dir='ltr' id='par_1_37' title="bbox 472 3729 1980 3804">
     <span class='ocr_line' id='line_1_37' title="bbox 472 3729 1980 3804; baseline -0.003 -16"><span class='ocrx_word' id='word_1_219' title='bbox 472 3734 726 3804; x_wconf 80' lang='lat' dir='ltr'><strong>Epicteti.</strong></span> <span class='ocrx_word' id='word_1_220' title='bbox 757 3731 895 3786; x_wconf 90' lang='lat' dir='ltr'><strong>Cura</strong></span> <span class='ocrx_word' id='word_1_221' title='bbox 932 3740 992 3786; x_wconf 91' lang='lat' dir='ltr'><strong>ut</strong></span> <span class='ocrx_word' id='word_1_222' title='bbox 1017 3731 1159 3785; x_wconf 82' lang='lat' dir='ltr'><strong>ﬁlios</strong></span> <span class='ocrx_word' id='word_1_223' title='bbox 1187 3739 1311 3784; x_wconf 89' lang='lat' dir='ltr'><strong>tuos</strong></span> <span class='ocrx_word' id='word_1_224' title='bbox 1338 3729 1585 3785; x_wconf 83' lang='lat' dir='ltr'><strong>eruditos</strong></span> <span class='ocrx_word' id='word_1_225' title='bbox 1618 3729 1790 3800; x_wconf 83' lang='lat' dir='ltr'><strong>magis</strong></span> <span class='ocrx_word' id='word_1_226' title='bbox 1815 3746 1980 3798; x_wconf 80' lang='lat' dir='ltr'><strong>quam</strong></span> 
     </span>
    </p>
   </div>
   <div class='ocr_carea' id='block_1_38' title="bbox 400 3823 1980 3896">
    <p class='ocr_par' dir='ltr' id='par_1_38' title="bbox 400 3823 1980 3896">
     <span class='ocr_line' id='line_1_38' title="bbox 400 3823 1980 3896; baseline -0.004 -13"><span class='ocrx_word' id='word_1_227' title='bbox 400 3827 688 3896; x_wconf 89' lang='lat' dir='ltr'><strong>opulentos</strong></span> <span class='ocrx_word' id='word_1_228' title='bbox 726 3825 1017 3895; x_wconf 74' lang='lat' dir='ltr'><strong>relinquas</strong></span> <span class='ocrx_word' id='word_1_229' title='bbox 1071 3840 1086 3878; x_wconf 91' lang='lat'><strong>:</strong></span> <span class='ocrx_word' id='word_1_230' title='bbox 1136 3831 1396 3892; x_wconf 74' lang='lat' dir='ltr'><strong>praestant</strong></span> <span class='ocrx_word' id='word_1_231' title='bbox 1439 3823 1583 3876; x_wconf 90' lang='lat' dir='ltr'><strong>enim</strong></span> <span class='ocrx_word' id='word_1_232' title='bbox 1636 3825 1980 3878; x_wconf 85' lang='lat' dir='ltr'><strong>eruditorum</strong></span> 
     </span>
    </p>
   </div>
   <div class='ocr_carea' id='block_1_39' title="bbox 397 3911 1834 3990">
    <p class='ocr_par' dir='ltr' id='par_1_39' title="bbox 397 3911 1834 3990">
     <span class='ocr_line' id='line_1_39' title="bbox 397 3911 1834 3990; baseline -0.006 -15"><span class='ocrx_word' id='word_1_233' title='bbox 397 3919 851 3990; x_wconf 79' lang='lat' dir='ltr'><strong>exspectationes,</strong></span> <span class='ocrx_word' id='word_1_234' title='bbox 886 3931 1045 3988; x_wconf 86' lang='lat' dir='ltr'><strong>quam</strong></span> <span class='ocrx_word' id='word_1_235' title='bbox 1080 3915 1420 3972; x_wconf 88' lang='lat' dir='ltr'><strong>indoctorum</strong></span> <span class='ocrx_word' id='word_1_236' title='bbox 1461 3914 1683 3969; x_wconf 68' lang='lat' dir='ltr'><strong>divitize.</strong></span> <span class='ocrx_word' id='word_1_237' title='bbox 1823 3911 1834 3920; x_wconf 79' lang='grc'><em>’</em></span> 
     </span>
    </p>
   </div>
   <div class='ocr_carea' id='block_1_40' title="bbox 470 4092 1830 4163">
    <p class='ocr_par' dir='ltr' id='par_1_40' title="bbox 470 4092 1830 4163">
     <span class='ocr_line' id='line_1_40' title="bbox 470 4092 1830 4163; baseline -0.004 -12"><span class='ocrx_word' id='word_1_238' title='bbox 470 4097 657 4151; x_wconf 82' lang='lat' dir='ltr'><strong>Medici</strong></span> <span class='ocrx_word' id='word_1_239' title='bbox 687 4094 1017 4150; x_wconf 89' lang='lat' dir='ltr'><strong>contumelia</strong></span> <span class='ocrx_word' id='word_1_240' title='bbox 1043 4092 1347 4163; x_wconf 90' lang='lat' dir='ltr'><strong>jucundum</strong></span> <span class='ocrx_word' id='word_1_241' title='bbox 1383 4092 1688 4146; x_wconf 84' lang='lat' dir='ltr'><strong>remedium</strong></span> <span class='ocrx_word' id='word_1_242' title='bbox 1732 4095 1830 4162; x_wconf 89' lang='lat' dir='ltr'><strong>(l).</strong></span> 
     </span>
    </p>
   </div>
   <div class='ocr_carea' id='block_1_41' title="bbox 466 4183 1436 4255">
    <p class='ocr_par' dir='ltr' id='par_1_41' title="bbox 466 4183 1436 4255">
     <span class='ocr_line' id='line_1_41' title="bbox 466 4183 1436 4255; baseline -0.006 -14"><span class='ocrx_word' id='word_1_243' title='bbox 466 4187 604 4242; x_wconf 90' lang='lat' dir='ltr'><strong>Filia</strong></span> <span class='ocrx_word' id='word_1_244' title='bbox 640 4187 817 4241; x_wconf 86' lang='lat' dir='ltr'><strong>aliena</strong></span> <span class='ocrx_word' id='word_1_245' title='bbox 853 4185 1128 4255; x_wconf 90' lang='lat' dir='ltr'><strong>possessio</strong></span> <span class='ocrx_word' id='word_1_246' title='bbox 1159 4183 1294 4250; x_wconf 91' lang='lat' dir='ltr'><strong>patri</strong></span> <span class='ocrx_word' id='word_1_247' title='bbox 1333 4192 1436 4238; x_wconf 86' lang='lat' dir='ltr'><strong>est.</strong></span> 
     </span>
    </p>
   </div>
   <div class='ocr_carea' id='block_1_42' title="bbox 469 4275 1980 4347">
    <p class='ocr_par' dir='ltr' id='par_1_42' title="bbox 469 4275 1980 4347">
     <span class='ocr_line' id='line_1_42' title="bbox 469 4275 1980 4347; baseline 0 -12"><span class='ocrx_word' id='word_1_248' title='bbox 469 4280 648 4335; x_wconf 88' lang='lat' dir='ltr'><strong>Solon.</strong></span> <span class='ocrx_word' id='word_1_249' title='bbox 681 4277 895 4333; x_wconf 85' lang='lat' dir='ltr'><strong>Liberis</strong></span> <span class='ocrx_word' id='word_1_250' title='bbox 931 4292 997 4331; x_wconf 90' lang='lat' dir='ltr'><strong>ne</strong></span> <span class='ocrx_word' id='word_1_251' title='bbox 1045 4275 1316 4339; x_wconf 89' lang='lat' dir='ltr'><strong>arrideas,</strong></span> <span class='ocrx_word' id='word_1_252' title='bbox 1360 4283 1421 4328; x_wconf 88' lang='lat' dir='ltr'><strong>ut</strong></span> <span class='ocrx_word' id='word_1_253' title='bbox 1473 4275 1528 4329; x_wconf 92' lang='lat' dir='ltr'><strong>in</strong></span> <span class='ocrx_word' id='word_1_254' title='bbox 1569 4288 1851 4347; x_wconf 89' lang='lat' dir='ltr'><strong>posterum</strong></span> <span class='ocrx_word' id='word_1_255' title='bbox 1913 4298 1980 4336; x_wconf 91' lang='lat' dir='ltr'><strong>ne</strong></span> 
     </span>
    </p>
   </div>
   <div class='ocr_carea' id='block_1_43' title="bbox 396 4376 548 4430">
    <p class='ocr_par' dir='ltr' id='par_1_43' title="bbox 396 4376 548 4430">
     <span class='ocr_line' id='line_1_43' title="bbox 396 4376 548 4430; baseline -0.007 -1"><span class='ocrx_word' id='word_1_256' title='bbox 396 4376 548 4430; x_wconf 83' lang='lat' dir='ltr'><strong>ﬂeas.</strong></span> 
     </span>
    </p>
   </div>
   <div class='ocr_carea' id='block_1_44' title="bbox 467 4461 1980 4538">
    <p class='ocr_par' dir='ltr' id='par_1_44' title="bbox 467 4461 1980 4538">
     <span class='ocr_line' id='line_1_44' title="bbox 467 4461 1980 4538; baseline 0.001 -20"><span class='ocrx_word' id='word_1_257' title='bbox 467 4464 698 4538; x_wconf 80' lang='lat' dir='ltr'><strong>Synesii.</strong></span> <span class='ocrx_word' id='word_1_258' title='bbox 730 4461 867 4518; x_wconf 88' lang='lat' dir='ltr'><strong>Filio</strong></span> <span class='ocrx_word' id='word_1_259' title='bbox 887 4472 940 4518; x_wconf 89' lang='lat' dir='ltr'><strong>et</strong></span> <span class='ocrx_word' id='word_1_260' title='bbox 973 4462 1093 4516; x_wconf 70' lang='lat' dir='ltr'><strong>lilia:</strong></span> <span class='ocrx_word' id='word_1_261' title='bbox 1120 4463 1343 4517; x_wconf 84' lang='lat' dir='ltr'><strong>ItoneSta</strong></span> <span class='ocrx_word' id='word_1_262' title='bbox 1371 4463 1642 4533; x_wconf 79' lang='lat' dir='ltr'><strong>gloriatio,</strong></span> <span class='ocrx_word' id='word_1_263' title='bbox 1665 4465 1856 4522; x_wconf 84' lang='lat' dir='ltr'><strong>laudes</strong></span> <span class='ocrx_word' id='word_1_264' title='bbox 1884 4484 1980 4538; x_wconf 75' lang='lat' dir='ltr'><strong>pn-</strong></span> 
     </span>
    </p>
   </div>
   <div class='ocr_carea' id='block_1_45' title="bbox 395 4565 586 4610">
    <p class='ocr_par' dir='ltr' id='par_1_45' title="bbox 395 4565 586 4610">
     <span class='ocr_line' id='line_1_45' title="bbox 395 4565 586 4610; baseline 0 -2"><span class='ocrx_word' id='word_1_265' title='bbox 395 4565 586 4610; x_wconf 75' lang='lat' dir='ltr'><strong>ternae.</strong></span> 
     </span>
    </p>
   </div>
   <div class='ocr_carea' id='block_1_46' title="bbox 474 4645 1973 4718">
    <p class='ocr_par' dir='ltr' id='par_1_46' title="bbox 474 4645 1973 4718">
     <span class='ocr_line' id='line_1_46' title="bbox 474 4645 1973 4718; baseline 0.005 -20"><span class='ocrx_word' id='word_1_266' title='bbox 474 4646 701 4702; x_wconf 76' lang='lat' dir='ltr'><strong>Virtutes</strong></span> <span class='ocrx_word' id='word_1_267' title='bbox 736 4645 1002 4700; x_wconf 77' lang='lat' dir='ltr'><strong>Philonis.</strong></span> <span class='ocrx_word' id='word_1_268' title='bbox 1038 4646 1216 4700; x_wconf 87' lang='lat' dir='ltr'><strong>Patris</strong></span> <span class='ocrx_word' id='word_1_269' title='bbox 1247 4653 1300 4700; x_wconf 91' lang='lat' dir='ltr'><strong>ct</strong></span> <span class='ocrx_word' id='word_1_270' title='bbox 1349 4647 1540 4702; x_wconf 91' lang='lat' dir='ltr'><strong>matris</strong></span> <span class='ocrx_word' id='word_1_271' title='bbox 1581 4649 1973 4718; x_wconf 85' lang='lat' dir='ltr'><strong>appellationes</strong></span> 
     </span>
    </p>
   </div>
   <div class='ocr_carea' id='block_1_47' title="bbox 395 4737 1977 4813">
    <p class='ocr_par' dir='ltr' id='par_1_47' title="bbox 395 4737 1977 4813">
     <span class='ocr_line' id='line_1_47' title="bbox 395 4737 1977 4813; baseline 0.001 -19"><span class='ocrx_word' id='word_1_272' title='bbox 395 4755 735 4805; x_wconf 88' lang='lat' dir='ltr'><strong>communes,</strong></span> <span class='ocrx_word' id='word_1_273' title='bbox 766 4741 858 4795; x_wconf 90' lang='lat' dir='ltr'><strong>sed</strong></span> <span class='ocrx_word' id='word_1_274' title='bbox 892 4739 1144 4808; x_wconf 73' lang='lat' dir='ltr'><strong>potentiae</strong></span> <span class='ocrx_word' id='word_1_275' title='bbox 1170 4737 1482 4795; x_wconf 68' lang='lat' dir='ltr'><strong>ciili&#39;erentes</strong></span> <span class='ocrx_word' id='word_1_276' title='bbox 1508 4751 1659 4794; x_wconf 92' lang='lat' dir='ltr'><strong>sunt.</strong></span> <span class='ocrx_word' id='word_1_277' title='bbox 1689 4741 1844 4795; x_wconf 88' lang='lat' dir='ltr'><strong>lllmn</strong></span> <span class='ocrx_word' id='word_1_278' title='bbox 1881 4743 1977 4813; x_wconf 70' lang='lat' dir='ltr'><strong>igi-</strong></span> 
     </span>
    </p>
   </div>
   <div class='ocr_carea' id='block_1_48' title="bbox 395 4827 1968 4900">
    <p class='ocr_par' dir='ltr' id='par_1_48' title="bbox 395 4827 1968 4900">
     <span class='ocr_line' id='line_1_48' title="bbox 395 4827 1968 4900; baseline 0.005 -22"><span class='ocrx_word' id='word_1_279' title='bbox 395 4837 484 4878; x_wconf 87' lang='lat' dir='ltr'><strong>tur</strong></span> <span class='ocrx_word' id='word_1_280' title='bbox 516 4827 608 4895; x_wconf 92' lang='lat' dir='ltr'><strong>qni</strong></span> <span class='ocrx_word' id='word_1_281' title='bbox 645 4827 784 4881; x_wconf 82' lang='lat' dir='ltr'><strong>lianc</strong></span> <span class='ocrx_word' id='word_1_282' title='bbox 818 4829 1230 4882; x_wconf 87' lang='lat' dir='ltr'><strong>universitatem</strong></span> <span class='ocrx_word' id='word_1_283' title='bbox 1266 4829 1484 4885; x_wconf 88' lang='lat' dir='ltr'><strong>molitus</strong></span> <span class='ocrx_word' id='word_1_284' title='bbox 1530 4839 1614 4884; x_wconf 91' lang='lat' dir='ltr'><strong>est</strong></span> <span class='ocrx_word' id='word_1_285' title='bbox 1657 4833 1922 4886; x_wconf 77' lang='lat' dir='ltr'><strong>artificem</strong></span> <span class='ocrx_word' id='word_1_286' title='bbox 1955 4878 1968 4900; x_wconf 89' lang='lat'><strong>,</strong></span> 
     </span>
    </p>
   </div>
   <div class='ocr_carea' id='block_1_49' title="bbox 393 4915 1978 4994">
    <p class='ocr_par' dir='ltr' id='par_1_49' title="bbox 393 4915 1978 4994">
     <span class='ocr_line' id='line_1_49' title="bbox 393 4915 1978 4994; baseline 0.005 -24"><span class='ocrx_word' id='word_1_287' title='bbox 393 4915 557 4971; x_wconf 86' lang='lat' dir='ltr'><strong>simul</strong></span> <span class='ocrx_word' id='word_1_288' title='bbox 589 4925 640 4972; x_wconf 91' lang='lat' dir='ltr'><strong>et</strong></span> <span class='ocrx_word' id='word_1_289' title='bbox 676 4927 885 4988; x_wconf 83' lang='lat' dir='ltr'><strong>patrem</strong></span> <span class='ocrx_word' id='word_1_290' title='bbox 930 4920 1014 4974; x_wconf 89' lang='lat' dir='ltr'><strong>sui</strong></span> <span class='ocrx_word' id='word_1_291' title='bbox 1051 4920 1231 4988; x_wconf 89' lang='lat' dir='ltr'><strong>operis</strong></span> <span class='ocrx_word' id='word_1_292' title='bbox 1273 4930 1418 4975; x_wconf 90' lang='lat' dir='ltr'><strong>recte</strong></span> <span class='ocrx_word' id='word_1_293' title='bbox 1444 4923 1703 4991; x_wconf 87' lang='lat' dir='ltr'><strong>justeque</strong></span> <span class='ocrx_word' id='word_1_294' title='bbox 1735 4925 1978 4994; x_wconf 80' lang='lat' dir='ltr'><strong>appella-</strong></span> 
     </span>
    </p>
   </div>
   <div class='ocr_carea' id='block_1_50' title="bbox 395 5009 1972 5082">
    <p class='ocr_par' dir='ltr' id='par_1_50' title="bbox 395 5009 1972 5082">
     <span class='ocr_line' id='line_1_50' title="bbox 395 5009 1972 5082; baseline 0.007 -27"><span class='ocrx_word' id='word_1_295' title='bbox 395 5021 516 5059; x_wconf 90' lang='lat' dir='ltr'><strong>mus</strong></span> <span class='ocrx_word' id='word_1_296' title='bbox 545 5024 558 5060; x_wconf 93' lang='lat'><strong>:</strong></span> <span class='ocrx_word' id='word_1_297' title='bbox 593 5019 817 5062; x_wconf 89' lang='lat' dir='ltr'><strong>matrem</strong></span> <span class='ocrx_word' id='word_1_298' title='bbox 850 5018 1057 5075; x_wconf 85' lang='lat' dir='ltr'><strong>autem,</strong></span> <span class='ocrx_word' id='word_1_299' title='bbox 1093 5011 1267 5080; x_wconf 87' lang='lat' dir='ltr'><strong>ipsius</strong></span> <span class='ocrx_word' id='word_1_300' title='bbox 1294 5009 1642 5068; x_wconf 78' lang='lat' dir='ltr'><strong>fabricatoris</strong></span> <span class='ocrx_word' id='word_1_301' title='bbox 1667 5016 1972 5082; x_wconf 87' lang='lat' dir='ltr'><strong>scientiam,</strong></span> 
     </span>
    </p>
   </div>
   <div class='ocr_carea' id='block_1_51' title="bbox 395 5104 1974 5173">
    <p class='ocr_par' dir='ltr' id='par_1_51' title="bbox 395 5104 1974 5173">
     <span class='ocr_line' id='line_1_51' title="bbox 395 5104 1974 5173; baseline 0.009 -28"><span class='ocrx_word' id='word_1_302' title='bbox 395 5110 519 5147; x_wconf 87' lang='lat' dir='ltr'><strong>cum</strong></span> <span class='ocrx_word' id='word_1_303' title='bbox 550 5111 655 5163; x_wconf 89' lang='lat' dir='ltr'><strong>qua</strong></span> <span class='ocrx_word' id='word_1_304' title='bbox 683 5114 1010 5169; x_wconf 81' lang='lat' dir='ltr'><strong>congressus</strong></span> <span class='ocrx_word' id='word_1_305' title='bbox 1038 5104 1201 5169; x_wconf 91' lang='lat' dir='ltr'><strong>Deus,</strong></span> <span class='ocrx_word' id='word_1_306' title='bbox 1249 5120 1354 5158; x_wconf 91' lang='lat' dir='ltr'><strong>non</strong></span> <span class='ocrx_word' id='word_1_307' title='bbox 1401 5121 1551 5161; x_wconf 86' lang='lat' dir='ltr'><strong>more</strong></span> <span class='ocrx_word' id='word_1_308' title='bbox 1583 5110 1844 5170; x_wconf 85' lang='lat' dir='ltr'><strong>humano,</strong></span> <span class='ocrx_word' id='word_1_309' title='bbox 1880 5124 1974 5173; x_wconf 71' lang='lat' dir='ltr'><strong>ge-</strong></span> 
     </span>
    </p>
   </div>
   <div class='ocr_carea' id='block_1_52' title="bbox 398 5187 1979 5265">
    <p class='ocr_par' dir='ltr' id='par_1_52' title="bbox 398 5187 1979 5265">
     <span class='ocr_line' id='line_1_52' title="bbox 398 5187 1979 5265; baseline 0.009 -27"><span class='ocrx_word' id='word_1_310' title='bbox 398 5187 623 5240; x_wconf 88' lang='lat' dir='ltr'><strong>nerandi</strong></span> <span class='ocrx_word' id='word_1_311' title='bbox 655 5191 862 5245; x_wconf 85' lang='lat' dir='ltr'><strong>semina</strong></span> <span class='ocrx_word' id='word_1_312' title='bbox 906 5196 1120 5262; x_wconf 86' lang='lat' dir='ltr'><strong>insevit,</strong></span> <span class='ocrx_word' id='word_1_313' title='bbox 1148 5197 1350 5265; x_wconf 86' lang='lat' dir='ltr'><strong>quibus</strong></span> <span class='ocrx_word' id='word_1_314' title='bbox 1386 5197 1472 5250; x_wconf 90' lang='lat' dir='ltr'><strong>illa</strong></span> <span class='ocrx_word' id='word_1_315' title='bbox 1519 5198 1727 5252; x_wconf 87' lang='lat' dir='ltr'><strong>Domini</strong></span> <span class='ocrx_word' id='word_1_316' title='bbox 1758 5200 1979 5254; x_wconf 87' lang='lat' dir='ltr'><strong>semini-</strong></span> 
     </span>
    </p>
   </div>
   <div class='ocr_carea' id='block_1_53' title="bbox 402 5281 1975 5359">
    <p class='ocr_par' dir='ltr' id='par_1_53' title="bbox 402 5281 1975 5359">
     <span class='ocr_line' id='line_1_53' title="bbox 402 5281 1975 5359; baseline 0.006 -24"><span class='ocrx_word' id='word_1_317' title='bbox 402 5285 502 5335; x_wconf 90' lang='lat' dir='ltr'><strong>bus</strong></span> <span class='ocrx_word' id='word_1_318' title='bbox 537 5281 697 5352; x_wconf 81' lang='lat'><strong>150</strong></span> <span class='ocrx_word' id='word_1_319' title='bbox 728 5285 960 5350; x_wconf 80' lang='lat' dir='ltr'><strong>acceptis</strong></span> <span class='ocrx_word' id='word_1_320' title='bbox 1005 5287 1248 5356; x_wconf 79' lang='lat' dir='ltr'><strong>perfecto</strong></span> <span class='ocrx_word' id='word_1_321' title='bbox 1275 5297 1330 5343; x_wconf 88' lang='lat' dir='ltr'><strong>et</strong></span> <span class='ocrx_word' id='word_1_322' title='bbox 1380 5288 1772 5343; x_wconf 85' lang='lat' dir='ltr'><strong>fecundissimo</strong></span> <span class='ocrx_word' id='word_1_323' title='bbox 1819 5301 1975 5359; x_wconf 76' lang='lat' dir='ltr'><strong>partu</strong></span> 
     </span>
    </p>
   </div>
   <div class='ocr_carea' id='block_1_54' title="bbox 399 5375 1974 5449">
    <p class='ocr_par' dir='ltr' id='par_1_54' title="bbox 399 5375 1974 5449">
     <span class='ocr_line' id='line_1_54' title="bbox 399 5375 1974 5449; baseline 0.004 -21"><span class='ocrx_word' id='word_1_324' title='bbox 399 5375 686 5431; x_wconf 79' lang='lat' dir='ltr'><strong>amabilem</strong></span> <span class='ocrx_word' id='word_1_325' title='bbox 720 5385 774 5428; x_wconf 91' lang='lat' dir='ltr'><strong>ct</strong></span> <span class='ocrx_word' id='word_1_326' title='bbox 806 5377 908 5428; x_wconf 87' lang='lat' dir='ltr'><strong>sub</strong></span> <span class='ocrx_word' id='word_1_327' title='bbox 955 5391 1152 5432; x_wconf 90' lang='lat' dir='ltr'><strong>sensus</strong></span> <span class='ocrx_word' id='word_1_328' title='bbox 1183 5380 1467 5432; x_wconf 84' lang='lat' dir='ltr'><strong>cadentem</strong></span> <span class='ocrx_word' id='word_1_329' title='bbox 1508 5379 1676 5432; x_wconf 67' lang='lat' dir='ltr'><strong>libum</strong></span> <span class='ocrx_word' id='word_1_330' title='bbox 1740 5381 1974 5449; x_wconf 86' lang='lat' dir='ltr'><strong>peperit.</strong></span> 
     </span>
    </p>
   </div>
   <div class='ocr_carea' id='block_1_55' title="bbox 804 5489 1570 5566">
    <p class='ocr_par' dir='ltr' id='par_1_55' title="bbox 804 5489 1570 5566">
     <span class='ocr_line' id='line_1_55' title="bbox 804 5489 1570 5566; baseline 0.007 -23"><span class='ocrx_word' id='word_1_331' title='bbox 804 5489 1035 5544; x_wconf 72' lang='grc' dir='ltr'><strong>δεηΜο</strong></span> <span class='ocrx_word' id='word_1_332' title='bbox 1073 5490 1121 5544; x_wconf 88' lang='grc' dir='ltr'><strong>χ</strong></span> <span class='ocrx_word' id='word_1_333' title='bbox 1159 5491 1254 5564; x_wconf 72' lang='lat' dir='ltr'><strong>(at.</strong></span> <span class='ocrx_word' id='word_1_334' title='bbox 1287 5493 1570 5566; x_wconf 75' lang='lat' dir='ltr'><strong>cxxvn].</strong></span> 
     </span>
    </p>
   </div>
   <div class='ocr_carea' id='block_1_56' title="bbox 401 5579 1978 5656">
    <p class='ocr_par' dir='ltr' id='par_1_56' title="bbox 401 5579 1978 5656">
     <span class='ocr_line' id='line_1_56' title="bbox 401 5579 1978 5656; baseline 0.003 -22"><span class='ocrx_word' id='word_1_335' title='bbox 401 5579 475 5634; x_wconf 75' lang='lat' dir='ltr'><strong>De</strong></span> <span class='ocrx_word' id='word_1_336' title='bbox 498 5583 802 5650; x_wconf 74' lang='lat' dir='ltr'><strong>parentibus</strong></span> <span class='ocrx_word' id='word_1_337' title='bbox 849 5580 1132 5635; x_wconf 80' lang='lat' dir='ltr'><strong>liberorum</strong></span> <span class='ocrx_word' id='word_1_338' title='bbox 1167 5586 1530 5640; x_wconf 80' lang='lat' dir='ltr'><strong>educationem</strong></span> <span class='ocrx_word' id='word_1_339' title='bbox 1577 5587 1847 5656; x_wconf 83' lang='lat' dir='ltr'><strong>neglectim</strong></span> <span class='ocrx_word' id='word_1_340' title='bbox 1884 5602 1978 5640; x_wconf 83' lang='lat' dir='ltr'><strong>cu-</strong></span> 
     </span>
    </p>
   </div>
   <div class='ocr_carea' id='block_1_57' title="bbox 1058 5657 1317 5710">
    <p class='ocr_par' dir='ltr' id='par_1_57' title="bbox 1058 5657 1317 5710">
     <span class='ocr_line' id='line_1_57' title="bbox 1058 5657 1317 5710; baseline 0.015 -4"><span class='ocrx_word' id='word_1_341' title='bbox 1058 5657 1317 5710; x_wconf 71' lang='lat' dir='ltr'><strong>tantibus.</strong></span> 
     </span>
    </p>
   </div>
   <div class='ocr_carea' id='block_1_58' title="bbox 474 5741 1981 5818">
    <p class='ocr_par' dir='ltr' id='par_1_58' title="bbox 474 5741 1981 5818">
     <span class='ocr_line' id='line_1_58' title="bbox 474 5741 1981 5818; baseline 0.004 -22"><span class='ocrx_word' id='word_1_342' title='bbox 474 5741 498 5791; x_wconf 79' lang='grc' dir='ltr'><strong><em>Ι</em></strong></span> <span class='ocrx_word' id='word_1_343' title='bbox 529 5741 652 5813; x_wconf 84' lang='lat' dir='ltr'><strong>Reg.</strong></span> <span class='ocrx_word' id='word_1_344' title='bbox 676 5765 733 5802; x_wconf 90' lang='lat' dir='ltr'><strong>ll.</strong></span> <span class='ocrx_word' id='word_1_345' title='bbox 767 5749 1090 5803; x_wconf 78' lang='lat' dir='ltr'><strong>Renuntiavi</strong></span> <span class='ocrx_word' id='word_1_346' title='bbox 1121 5750 1168 5805; x_wconf 88' lang='lat' dir='ltr'><strong>ei</strong></span> <span class='ocrx_word' id='word_1_347' title='bbox 1200 5767 1285 5802; x_wconf 89' lang='lat' dir='ltr'><strong>me</strong></span> <span class='ocrx_word' id='word_1_348' title='bbox 1307 5749 1546 5802; x_wconf 80' lang='lat' dir='ltr'><strong>ulturum</strong></span> <span class='ocrx_word' id='word_1_349' title='bbox 1579 5749 1838 5802; x_wconf 79' lang='lat' dir='ltr'><strong>fatniliam</strong></span> <span class='ocrx_word' id='word_1_350' title='bbox 1862 5749 1981 5818; x_wconf 83' lang='lat' dir='ltr'><strong>ejus</strong></span> 
     </span>
    </p>
   </div>
   <div class='ocr_carea' id='block_1_59' title="bbox 470 3224 2058 3340">
    <p class='ocr_par' dir='ltr' id='par_1_59' title="bbox 470 3224 2058 3340">
     <span class='ocr_line' id='line_1_59' title="bbox 470 3224 2058 3340; baseline -0.002 -12"><span class='ocrx_word' id='word_1_351' title='bbox 470 3224 728 3328; x_wconf 48' lang='grc' dir='ltr'>ἓλίίοηὶε.</span> <span class='ocrx_word' id='word_1_352' title='bbox 763 3270 919 3339; x_wconf 88' lang='lat' dir='ltr'><strong>Quod</strong></span> <span class='ocrx_word' id='word_1_353' title='bbox 953 3270 1094 3326; x_wconf 89' lang='lat' dir='ltr'><strong>Deus</strong></span> <span class='ocrx_word' id='word_1_354' title='bbox 1139 3279 1225 3324; x_wconf 90' lang='lat' dir='ltr'><strong>est</strong></span> <span class='ocrx_word' id='word_1_355' title='bbox 1271 3270 1498 3334; x_wconf 90' lang='lat' dir='ltr'><strong>mundo,</strong></span> <span class='ocrx_word' id='word_1_356' title='bbox 1537 3269 1640 3326; x_wconf 89' lang='lat' dir='ltr'><strong>hoc</strong></span> <span class='ocrx_word' id='word_1_357' title='bbox 1673 3271 1860 3326; x_wconf 84' lang='lat' dir='ltr'><strong>liberis</strong></span> <span class='ocrx_word' id='word_1_358' title='bbox 1890 3285 1984 3340; x_wconf 88' lang='lat' dir='ltr'><strong>pa-</strong></span> <span class='ocrx_word' id='word_1_359' title='bbox 2009 3224 2058 3286; x_wconf 63' lang='grc' dir='ltr'><strong>ϐ</strong></span> 
     </span>
    </p>
   </div>
   <div class='ocr_carea' id='block_1_60' title="bbox 2003 4571 2057 4632">
    <p class='ocr_par' dir='ltr' id='par_1_60' title="bbox 2003 4571 2057 4632">
     <span class='ocr_line' id='line_1_60' title="bbox 2003 4571 2057 4632; baseline 0 0"><span class='ocrx_word' id='word_1_360' title='bbox 2003 4571 2057 4632; x_wconf 88' lang='lat' dir='ltr'><strong>D</strong></span> 
     </span>
    </p>
   </div>
   <div class='ocr_carea' id='block_1_61' title="bbox 2090 597 2682 666">
    <p class='ocr_par' dir='ltr' id='par_1_61' title="bbox 2090 597 2682 666">
     <span class='ocr_line' id='line_1_61' title="bbox 2090 597 2682 666; baseline 0.01 -18"><span class='ocrx_word' id='word_1_361' title='bbox 2090 613 2174 665; x_wconf 88' lang='grc' dir='ltr'><strong>χοι</strong></span> <span class='ocrx_word' id='word_1_362' title='bbox 2205 597 2407 650; x_wconf 78' lang='grc' dir='ltr'>διδόασι</span> <span class='ocrx_word' id='word_1_363' title='bbox 2468 601 2682 666; x_wconf 78' lang='grc' dir='ltr'><strong>σοφίαν.</strong></span> 
     </span>
    </p>
   </div>
   <div class='ocr_carea' id='block_1_62' title="bbox 2163 689 3462 763">
    <p class='ocr_par' dir='ltr' id='par_1_62' title="bbox 2163 689 3462 763">
     <span class='ocr_line' id='line_1_62' title="bbox 2163 689 3462 763; baseline 0.005 -21"><span class='ocrx_word' id='word_1_364' title='bbox 2163 689 2388 742; x_wconf 86' lang='grc' dir='ltr'>Παίδευε</span> <span class='ocrx_word' id='word_1_365' title='bbox 2421 691 2534 743; x_wconf 78' lang='grc' dir='ltr'>υἱόν</span> <span class='ocrx_word' id='word_1_366' title='bbox 2567 708 2684 744; x_wconf 76' lang='grc' dir='ltr'>σουο</span> <span class='ocrx_word' id='word_1_367' title='bbox 2712 691 2882 756; x_wconf 76' lang='grc' dir='ltr'>οὕτως</span> <span class='ocrx_word' id='word_1_368' title='bbox 2908 695 3014 763; x_wconf 76' lang='grc' dir='ltr'>γὰρ</span> <span class='ocrx_word' id='word_1_369' title='bbox 3048 695 3200 749; x_wconf 72' lang='grc' dir='ltr'>ἔσται</span> <span class='ocrx_word' id='word_1_370' title='bbox 3221 693 3462 758; x_wconf 77' lang='grc' dir='ltr'>εὔελπις.</span> 
     </span>
    </p>
   </div>
   <div class='ocr_carea' id='block_1_63' title="bbox 2161 870 3664 947">
    <p class='ocr_par' dir='ltr' id='par_1_63' title="bbox 2161 870 3664 947">
     <span class='ocr_line' id='line_1_63' title="bbox 2161 870 3664 947; baseline 0.006 -26"><span class='ocrx_word' id='word_1_371' title='bbox 2161 870 2338 924; x_wconf 82' lang='grc' dir='ltr'>Τέκνα</span> <span class='ocrx_word' id='word_1_372' title='bbox 2369 871 2450 922; x_wconf 87' lang='grc' dir='ltr'><strong>σοί</strong></span> <span class='ocrx_word' id='word_1_373' title='bbox 2481 873 2618 936; x_wconf 79' lang='grc' dir='ltr'>ἐστι,</span> <span class='ocrx_word' id='word_1_374' title='bbox 2647 873 2940 928; x_wconf 84' lang='grc' dir='ltr'>παίδευσον</span> <span class='ocrx_word' id='word_1_375' title='bbox 2984 875 3144 940; x_wconf 84' lang='grc' dir='ltr'>αὐτὰ,</span> <span class='ocrx_word' id='word_1_376' title='bbox 3208 875 3306 929; x_wconf 78' lang='grc' dir='ltr'>καὶ</span> <span class='ocrx_word' id='word_1_377' title='bbox 3345 876 3562 947; x_wconf 72' lang='grc' dir='ltr'>κάμψον</span> <span class='ocrx_word' id='word_1_378' title='bbox 3604 880 3664 930; x_wconf 76' lang='grc' dir='ltr'>ἐκ</span> 
     </span>
    </p>
   </div>
   <div class='ocr_carea' id='block_1_64' title="bbox 2091 961 2991 1034">
    <p class='ocr_par' dir='ltr' id='par_1_64' title="bbox 2091 961 2991 1034">
     <span class='ocr_line' id='line_1_64' title="bbox 2091 961 2991 1034; baseline 0.011 -20"><span class='ocrx_word' id='word_1_379' title='bbox 2091 961 2339 1032; x_wconf 81' lang='grc' dir='ltr'>νεότητος</span> <span class='ocrx_word' id='word_1_380' title='bbox 2363 964 2456 1016; x_wconf 74' lang='grc' dir='ltr'>τὸν</span> <span class='ocrx_word' id='word_1_381' title='bbox 2485 966 2760 1034; x_wconf 68' lang='grc' dir='ltr'>τράχηλον</span> <span class='ocrx_word' id='word_1_382' title='bbox 2793 967 2991 1024; x_wconf 79' lang='grc' dir='ltr'>αὐτῶν.</span> 
     </span>
    </p>
   </div>
   <div class='ocr_carea' id='block_1_65' title="bbox 2177 1054 3666 1132">
    <p class='ocr_par' dir='ltr' id='par_1_65' title="bbox 2177 1054 3666 1132">
     <span class='ocr_line' id='line_1_65' title="bbox 2177 1054 3666 1132; baseline 0.005 -26"><span class='ocrx_word' id='word_1_383' title='bbox 2177 1055 2237 1107; x_wconf 84' lang='lat'><strong>&#39;0</strong></span> <span class='ocrx_word' id='word_1_384' title='bbox 2263 1054 2492 1122; x_wconf 82' lang='grc' dir='ltr'>ἀγαπῶν</span> <span class='ocrx_word' id='word_1_385' title='bbox 2522 1057 2612 1109; x_wconf 72' lang='grc' dir='ltr'>τὸν</span> <span class='ocrx_word' id='word_1_386' title='bbox 2642 1059 2754 1112; x_wconf 70' lang='grc' dir='ltr'>υἱὸν</span> <span class='ocrx_word' id='word_1_387' title='bbox 2787 1059 2952 1114; x_wconf 83' lang='grc' dir='ltr'>αὐτοῦ</span> <span class='ocrx_word' id='word_1_388' title='bbox 3003 1060 3326 1132; x_wconf 82' lang='grc' dir='ltr'>ἐνδελεχίσει</span> <span class='ocrx_word' id='word_1_389' title='bbox 3397 1063 3666 1132; x_wconf 65' lang='grc' dir='ltr'>μάστιγας</span> 
     </span>
    </p>
   </div>
   <div class='ocr_carea' id='block_1_66' title="bbox 2091 1146 2260 1216">
    <p class='ocr_par' dir='ltr' id='par_1_66' title="bbox 2091 1146 2260 1216">
     <span class='ocr_line' id='line_1_66' title="bbox 2091 1146 2260 1216; baseline 0.012 -18"><span class='ocrx_word' id='word_1_390' title='bbox 2091 1146 2260 1216; x_wconf 79' lang='grc' dir='ltr'>αὐτῷ.</span> 
     </span>
    </p>
   </div>
   <div class='ocr_carea' id='block_1_67' title="bbox 2172 1233 3662 1314">
    <p class='ocr_par' dir='ltr' id='par_1_67' title="bbox 2172 1233 3662 1314">
     <span class='ocr_line' id='line_1_67' title="bbox 2172 1233 3662 1314; baseline 0.005 -21"><span class='ocrx_word' id='word_1_391' title='bbox 2172 1239 2230 1292; x_wconf 79' lang='grc' dir='ltr'><strong>Ὀ</strong></span> <span class='ocrx_word' id='word_1_392' title='bbox 2295 1233 2567 1296; x_wconf 72' lang='grc' dir='ltr'>παιδεύων</span> <span class='ocrx_word' id='word_1_393' title='bbox 2638 1242 2729 1296; x_wconf 70' lang='grc' dir='ltr'><strong>τδν</strong></span> <span class='ocrx_word' id='word_1_394' title='bbox 2785 1242 2898 1295; x_wconf 79' lang='grc' dir='ltr'>υίὸν</span> <span class='ocrx_word' id='word_1_395' title='bbox 2963 1243 3127 1297; x_wconf 77' lang='grc' dir='ltr'>αὑτοῦ</span> <span class='ocrx_word' id='word_1_396' title='bbox 3211 1243 3536 1314; x_wconf 78' lang='grc' dir='ltr'>διαζηλὼσει</span> <span class='ocrx_word' id='word_1_397' title='bbox 3576 1247 3662 1301; x_wconf 68' lang='grc' dir='ltr'>τὸν</span> 
     </span>
    </p>
   </div>
   <div class='ocr_carea' id='block_1_68' title="bbox 2091 1330 3601 1406">
    <p class='ocr_par' dir='ltr' id='par_1_68' title="bbox 2091 1330 3601 1406">
     <span class='ocr_line' id='line_1_68' title="bbox 2091 1330 3601 1406; baseline 0.01 -26"><span class='ocrx_word' id='word_1_398' title='bbox 2091 1330 2286 1400; x_wconf 73' lang='grc' dir='ltr'>ἐχθρόν</span> <span class='ocrx_word' id='word_1_399' title='bbox 2320 1349 2334 1362; x_wconf 83' lang='lat'><strong><em>°</em></strong></span> <span class='ocrx_word' id='word_1_400' title='bbox 2361 1333 2454 1386; x_wconf 72' lang='grc' dir='ltr'><strong>καὶ</strong></span> <span class='ocrx_word' id='word_1_401' title='bbox 2476 1335 2658 1387; x_wconf 73' lang='grc' dir='ltr'>ἔναντι</span> <span class='ocrx_word' id='word_1_402' title='bbox 2687 1337 2854 1403; x_wconf 87' lang='grc' dir='ltr'>φίλων</span> <span class='ocrx_word' id='word_1_403' title='bbox 2885 1336 2972 1388; x_wconf 74' lang='grc' dir='ltr'><strong>ἐπ’</strong></span> <span class='ocrx_word' id='word_1_404' title='bbox 3014 1336 3162 1406; x_wconf 81' lang='grc' dir='ltr'>αὐτῷ</span> <span class='ocrx_word' id='word_1_405' title='bbox 3192 1337 3601 1406; x_wconf 83' lang='grc' dir='ltr'>ἀγαλλιάσεται.</span> 
     </span>
    </p>
   </div>
   <div class='ocr_carea' id='block_1_69' title="bbox 2173 1423 3660 1499">
    <p class='ocr_par' dir='ltr' id='par_1_69' title="bbox 2173 1423 3660 1499">
     <span class='ocr_line' id='line_1_69' title="bbox 2173 1423 3660 1499; baseline 0.007 -25"><span class='ocrx_word' id='word_1_406' title='bbox 2173 1423 2233 1474; x_wconf 88' lang='lat'><strong>&#39;0</strong></span> <span class='ocrx_word' id='word_1_407' title='bbox 2261 1423 2536 1476; x_wconf 82' lang='grc' dir='ltr'>παιδεύων</span> <span class='ocrx_word' id='word_1_408' title='bbox 2567 1425 2661 1477; x_wconf 85' lang='grc' dir='ltr'><strong>τὸν</strong></span> <span class='ocrx_word' id='word_1_409' title='bbox 2691 1425 2809 1478; x_wconf 86' lang='grc' dir='ltr'>υἱὸν</span> <span class='ocrx_word' id='word_1_410' title='bbox 2858 1425 3025 1479; x_wconf 81' lang='grc' dir='ltr'>αὑτοῦ</span> <span class='ocrx_word' id='word_1_411' title='bbox 3080 1427 3522 1499; x_wconf 74' lang='grc' dir='ltr'>εὐφρανθήσεται</span> <span class='ocrx_word' id='word_1_412' title='bbox 3579 1433 3660 1485; x_wconf 65' lang='grc' dir='ltr'><strong>ἐπ’</strong></span> 
     </span>
    </p>
   </div>
   <div class='ocr_carea' id='block_1_70' title="bbox 2091 1512 3662 1591">
    <p class='ocr_par' dir='ltr' id='par_1_70' title="bbox 2091 1512 3662 1591">
     <span class='ocr_line' id='line_1_70' title="bbox 2091 1512 3662 1591; baseline 0.006 -27"><span class='ocrx_word' id='word_1_413' title='bbox 2091 1512 2236 1583; x_wconf 81' lang='grc' dir='ltr'>αὐτῷ</span> <span class='ocrx_word' id='word_1_414' title='bbox 2267 1528 2280 1542; x_wconf 76' lang='grc' dir='ltr'><strong>ο</strong></span> <span class='ocrx_word' id='word_1_415' title='bbox 2313 1513 2404 1565; x_wconf 77' lang='grc' dir='ltr'><strong>καὶ</strong></span> <span class='ocrx_word' id='word_1_416' title='bbox 2429 1514 2529 1566; x_wconf 86' lang='grc' dir='ltr'><strong>ἀνὰ</strong></span> <span class='ocrx_word' id='word_1_417' title='bbox 2567 1517 2732 1584; x_wconf 82' lang='grc' dir='ltr'>μέσον</span> <span class='ocrx_word' id='word_1_418' title='bbox 2766 1515 3062 1587; x_wconf 79' lang='grc' dir='ltr'>γνωρίμων</span> <span class='ocrx_word' id='word_1_419' title='bbox 3097 1517 3182 1570; x_wconf 79' lang='grc' dir='ltr'><strong>ἐπ’</strong></span> <span class='ocrx_word' id='word_1_420' title='bbox 3216 1518 3364 1590; x_wconf 81' lang='grc' dir='ltr'>αὐτῷ</span> <span class='ocrx_word' id='word_1_421' title='bbox 3393 1522 3662 1591; x_wconf 81' lang='grc' dir='ltr'>καυχήσε-</span> 
     </span>
    </p>
   </div>
   <div class='ocr_carea' id='block_1_71' title="bbox 2089 1618 2203 1658">
    <p class='ocr_par' dir='ltr' id='par_1_71' title="bbox 2089 1618 2203 1658">
     <span class='ocr_line' id='line_1_71' title="bbox 2089 1618 2203 1658; baseline 0.018 -2"><span class='ocrx_word' id='word_1_422' title='bbox 2089 1618 2203 1658; x_wconf 83' lang='grc' dir='ltr'>ται.</span> 
     </span>
    </p>
   </div>
   <div class='ocr_carea' id='block_1_72' title="bbox 2162 1697 3658 1773">
    <p class='ocr_par' dir='ltr' id='par_1_72' title="bbox 2162 1697 3658 1773">
     <span class='ocr_line' id='line_1_72' title="bbox 2162 1697 3658 1773; baseline 0.005 -22"><span class='ocrx_word' id='word_1_423' title='bbox 2162 1697 2224 1751; x_wconf 90' lang='grc' dir='ltr'>Οί</span> <span class='ocrx_word' id='word_1_424' title='bbox 2249 1700 2504 1770; x_wconf 83' lang='grc' dir='ltr'><strong>πατέρες,</strong></span> <span class='ocrx_word' id='word_1_425' title='bbox 2536 1700 2610 1770; x_wconf 80' lang='grc' dir='ltr'><strong>μὴ</strong></span> <span class='ocrx_word' id='word_1_426' title='bbox 2641 1701 3009 1771; x_wconf 73' lang='grc' dir='ltr'><strong>παροργίζετε</strong></span> <span class='ocrx_word' id='word_1_427' title='bbox 3041 1702 3108 1755; x_wconf 80' lang='grc' dir='ltr'>τὰ</span> <span class='ocrx_word' id='word_1_428' title='bbox 3137 1703 3306 1759; x_wconf 84' lang='grc' dir='ltr'>τέκνα</span> <span class='ocrx_word' id='word_1_429' title='bbox 3336 1705 3514 1773; x_wconf 75' lang='grc' dir='ltr'>ὑμῶν,</span> <span class='ocrx_word' id='word_1_430' title='bbox 3547 1705 3658 1759; x_wconf 82' lang='grc' dir='ltr'>ἀλλ’</span> 
     </span>
    </p>
   </div>
   <div class='ocr_carea' id='block_1_73' title="bbox 2093 1787 3559 1868">
    <p class='ocr_par' dir='ltr' id='par_1_73' title="bbox 2093 1787 3559 1868">
     <span class='ocr_line' id='line_1_73' title="bbox 2093 1787 3559 1868; baseline 0.012 -31"><span class='ocrx_word' id='word_1_431' title='bbox 2093 1787 2386 1858; x_wconf 76' lang='grc' dir='ltr'><strong>ἐκτρέφετε</strong></span> <span class='ocrx_word' id='word_1_432' title='bbox 2409 1790 2550 1844; x_wconf 67' lang='grc' dir='ltr'>αὐτὸ.</span> <span class='ocrx_word' id='word_1_433' title='bbox 2579 1791 2635 1843; x_wconf 84' lang='grc' dir='ltr'>ὲν</span> <span class='ocrx_word' id='word_1_434' title='bbox 2669 1791 2887 1864; x_wconf 80' lang='grc' dir='ltr'>παιδείᾳ</span> <span class='ocrx_word' id='word_1_435' title='bbox 2911 1794 3006 1846; x_wconf 76' lang='grc' dir='ltr'>καὶ</span> <span class='ocrx_word' id='word_1_436' title='bbox 3041 1795 3300 1867; x_wconf 72' lang='grc' dir='ltr'>νουθεσία</span> <span class='ocrx_word' id='word_1_437' title='bbox 3328 1799 3559 1868; x_wconf 82' lang='grc' dir='ltr'>Κυρίου.</span> 
     </span>
    </p>
   </div>
   <div class='ocr_carea' id='block_1_74' title="bbox 2159 1975 3662 2051">
    <p class='ocr_par' dir='ltr' id='par_1_74' title="bbox 2159 1975 3662 2051">
     <span class='ocr_line' id='line_1_74' title="bbox 2159 1975 3662 2051; baseline 0.006 -25"><span class='ocrx_word' id='word_1_438' title='bbox 2159 1976 2222 2028; x_wconf 88' lang='grc' dir='ltr'><strong>Οἱ</strong></span> <span class='ocrx_word' id='word_1_439' title='bbox 2254 1975 2512 2046; x_wconf 75' lang='grc' dir='ltr'>πατέρες,</span> <span class='ocrx_word' id='word_1_440' title='bbox 2549 1975 2623 2046; x_wconf 82' lang='grc' dir='ltr'>μὴ</span> <span class='ocrx_word' id='word_1_441' title='bbox 2654 1976 2928 2046; x_wconf 75' lang='grc' dir='ltr'>ἐρεθίζετε</span> <span class='ocrx_word' id='word_1_442' title='bbox 2949 1979 3014 2034; x_wconf 83' lang='grc' dir='ltr'>τὰ</span> <span class='ocrx_word' id='word_1_443' title='bbox 3046 1979 3213 2034; x_wconf 80' lang='grc' dir='ltr'>τέκνα</span> <span class='ocrx_word' id='word_1_444' title='bbox 3235 1979 3415 2049; x_wconf 76' lang='grc' dir='ltr'>ὑμῶν,</span> <span class='ocrx_word' id='word_1_445' title='bbox 3451 1978 3542 2034; x_wconf 82' lang='grc' dir='ltr'><strong>ἴνα</strong></span> <span class='ocrx_word' id='word_1_446' title='bbox 3591 1979 3662 2051; x_wconf 81' lang='grc' dir='ltr'>μὴ</span> 
     </span>
    </p>
   </div>
   <div class='ocr_carea' id='block_1_75' title="bbox 2089 2067 2365 2136">
    <p class='ocr_par' dir='ltr' id='par_1_75' title="bbox 2089 2067 2365 2136">
     <span class='ocr_line' id='line_1_75' title="bbox 2089 2067 2365 2136; baseline 0 -17"><span class='ocrx_word' id='word_1_447' title='bbox 2089 2067 2365 2136; x_wconf 84' lang='grc' dir='ltr'>ἀθυμῶσι.</span> 
     </span>
    </p>
   </div>
   <div class='ocr_carea' id='block_1_76' title="bbox 2157 2158 3667 2233">
    <p class='ocr_par' dir='ltr' id='par_1_76' title="bbox 2157 2158 3667 2233">
     <span class='ocr_line' id='line_1_76' title="bbox 2157 2158 3667 2233; baseline 0.005 -24"><span class='ocrx_word' id='word_1_448' title='bbox 2157 2158 2377 2213; x_wconf 84' lang='grc' dir='ltr'>Δίκαιόν</span> <span class='ocrx_word' id='word_1_449' title='bbox 2405 2162 2520 2214; x_wconf 78' lang='grc' dir='ltr'>ἐστι</span> <span class='ocrx_word' id='word_1_450' title='bbox 2542 2163 2653 2225; x_wconf 78' lang='grc' dir='ltr'>τοῖς</span> <span class='ocrx_word' id='word_1_451' title='bbox 2681 2163 2947 2230; x_wconf 75' lang='grc' dir='ltr'>γονεῦσιν,</span> <span class='ocrx_word' id='word_1_452' title='bbox 2977 2163 3068 2217; x_wconf 71' lang='grc' dir='ltr'>ἵνα</span> <span class='ocrx_word' id='word_1_453' title='bbox 3123 2162 3313 2233; x_wconf 81' lang='grc' dir='ltr'>ὥσπερ</span> <span class='ocrx_word' id='word_1_454' title='bbox 3341 2164 3398 2231; x_wconf 76' lang='grc' dir='ltr'>ἐξ</span> <span class='ocrx_word' id='word_1_455' title='bbox 3425 2165 3545 2218; x_wconf 74' lang='grc' dir='ltr'>ἴσου</span> <span class='ocrx_word' id='word_1_456' title='bbox 3575 2182 3667 2233; x_wconf 66' lang='grc' dir='ltr'>μευ</span> 
     </span>
    </p>
   </div>
   <div class='ocr_carea' id='block_1_77' title="bbox 2087 2251 3666 2324">
    <p class='ocr_par' dir='ltr' id='par_1_77' title="bbox 2087 2251 3666 2324">
     <span class='ocr_line' id='line_1_77' title="bbox 2087 2251 3666 2324; baseline 0.003 -22"><span class='ocrx_word' id='word_1_457' title='bbox 2087 2251 2454 2305; x_wconf 71' lang='grc' dir='ltr'>τιδεδώκασιν</span> <span class='ocrx_word' id='word_1_458' title='bbox 2477 2254 2696 2324; x_wconf 78' lang='grc' dir='ltr'>ἑκάστῳ</span> <span class='ocrx_word' id='word_1_459' title='bbox 2721 2254 2830 2308; x_wconf 84' lang='grc' dir='ltr'><strong>τῶν</strong></span> <span class='ocrx_word' id='word_1_460' title='bbox 2861 2255 3070 2309; x_wconf 82' lang='grc' dir='ltr'>παίδων</span> <span class='ocrx_word' id='word_1_461' title='bbox 3100 2256 3194 2308; x_wconf 80' lang='grc' dir='ltr'>τοῦ</span> <span class='ocrx_word' id='word_1_462' title='bbox 3220 2251 3383 2318; x_wconf 73' lang='grc' dir='ltr'>εἶναι,</span> <span class='ocrx_word' id='word_1_463' title='bbox 3412 2254 3556 2308; x_wconf 72' lang='grc' dir='ltr'>οὕτω</span> <span class='ocrx_word' id='word_1_464' title='bbox 3573 2257 3666 2309; x_wconf 76' lang='grc' dir='ltr'>καὶ</span> 
     </span>
    </p>
   </div>
   <div class='ocr_carea' id='block_1_78' title="bbox 2087 2343 3666 2418">
    <p class='ocr_par' dir='ltr' id='par_1_78' title="bbox 2087 2343 3666 2418">
     <span class='ocr_line' id='line_1_78' title="bbox 2087 2343 3666 2418; baseline 0.004 -24"><span class='ocrx_word' id='word_1_465' title='bbox 2087 2343 2187 2405; x_wconf 69' lang='grc' dir='ltr'>τὰς</span> <span class='ocrx_word' id='word_1_466' title='bbox 2217 2345 2354 2415; x_wconf 75' lang='grc' dir='ltr'>πρὸς</span> <span class='ocrx_word' id='word_1_467' title='bbox 2376 2345 2438 2398; x_wconf 82' lang='grc' dir='ltr'>τὸ</span> <span class='ocrx_word' id='word_1_468' title='bbox 2466 2346 2566 2417; x_wconf 81' lang='grc' dir='ltr'><strong>ζῇν</strong></span> <span class='ocrx_word' id='word_1_469' title='bbox 2595 2348 2852 2417; x_wconf 69' lang='grc' dir='ltr'>ἀφορμὰς</span> <span class='ocrx_word' id='word_1_470' title='bbox 2881 2347 3013 2411; x_wconf 72' lang='grc' dir='ltr'>ἴσως</span> <span class='ocrx_word' id='word_1_471' title='bbox 3047 2348 3232 2412; x_wconf 77' lang='grc' dir='ltr'>αὐτοῖς</span> <span class='ocrx_word' id='word_1_472' title='bbox 3264 2349 3358 2401; x_wconf 74' lang='grc' dir='ltr'><strong>καὶ</strong></span> <span class='ocrx_word' id='word_1_473' title='bbox 3386 2347 3666 2418; x_wconf 75' lang='grc' dir='ltr'>δμοτίμως</span> 
     </span>
    </p>
   </div>
   <div class='ocr_carea' id='block_1_79' title="bbox 2089 2439 2375 2507">
    <p class='ocr_par' dir='ltr' id='par_1_79' title="bbox 2089 2439 2375 2507">
     <span class='ocr_line' id='line_1_79' title="bbox 2089 2439 2375 2507; baseline 0.007 -19"><span class='ocrx_word' id='word_1_474' title='bbox 2089 2439 2375 2507; x_wconf 83' lang='grc' dir='ltr'>παρέχωσι</span> 
     </span>
    </p>
   </div>
   <div class='ocr_carea' id='block_1_80' title="bbox 2162 2530 3206 2604">
    <p class='ocr_par' dir='ltr' id='par_1_80' title="bbox 2162 2530 3206 2604">
     <span class='ocr_line' id='line_1_80' title="bbox 2162 2530 3206 2604; baseline 0.006 -23"><span class='ocrx_word' id='word_1_475' title='bbox 2162 2530 2371 2582; x_wconf 85' lang='grc' dir='ltr'>Παίδων</span> <span class='ocrx_word' id='word_1_476' title='bbox 2393 2531 2674 2596; x_wconf 77' lang='grc' dir='ltr'>φείδεσθαι</span> <span class='ocrx_word' id='word_1_477' title='bbox 2727 2534 2990 2604; x_wconf 71' lang='grc' dir='ltr'>πατρικὸς</span> <span class='ocrx_word' id='word_1_478' title='bbox 3020 2534 3206 2603; x_wconf 74' lang='grc' dir='ltr'>νόμος.</span> 
     </span>
    </p>
   </div>
   <div class='ocr_carea' id='block_1_81' title="bbox 2157 2619 3671 2697">
    <p class='ocr_par' dir='ltr' id='par_1_81' title="bbox 2157 2619 3671 2697">
     <span class='ocr_line' id='line_1_81' title="bbox 2157 2619 3671 2697; baseline 0.003 -25"><span class='ocrx_word' id='word_1_479' title='bbox 2157 2619 2239 2673; x_wconf 81' lang='grc' dir='ltr'><strong>Τὰ</strong></span> <span class='ocrx_word' id='word_1_480' title='bbox 2265 2621 2373 2673; x_wconf 85' lang='grc' dir='ltr'>τῶν</span> <span class='ocrx_word' id='word_1_481' title='bbox 2400 2623 2607 2677; x_wconf 80' lang='grc' dir='ltr'>παίδων</span> <span class='ocrx_word' id='word_1_482' title='bbox 2629 2623 2707 2694; x_wconf 85' lang='grc' dir='ltr'>τῷ</span> <span class='ocrx_word' id='word_1_483' title='bbox 2751 2627 2921 2697; x_wconf 79' lang='grc' dir='ltr'>πατρὶ</span> <span class='ocrx_word' id='word_1_484' title='bbox 2948 2623 3260 2694; x_wconf 76' lang='grc' dir='ltr'>λογίζεσθαι</span> <span class='ocrx_word' id='word_1_485' title='bbox 3298 2621 3412 2676; x_wconf 83' lang='grc' dir='ltr'>τῶν</span> <span class='ocrx_word' id='word_1_486' title='bbox 3438 2624 3671 2692; x_wconf 72' lang='grc' dir='ltr'>ἐννομω-</span> 
     </span>
    </p>
   </div>
   <div class='ocr_carea' id='block_1_82' title="bbox 2086 2712 2888 2773">
    <p class='ocr_par' dir='ltr' id='par_1_82' title="bbox 2086 2712 2888 2773">
     <span class='ocr_line' id='line_1_82' title="bbox 2086 2712 2888 2773; baseline 0.011 -9"><span class='ocrx_word' id='word_1_487' title='bbox 2086 2712 2265 2767; x_wconf 81' lang='grc' dir='ltr'>τάτων</span> <span class='ocrx_word' id='word_1_488' title='bbox 2290 2731 2351 2768; x_wconf 92' lang='grc' dir='ltr'><strong>τε</strong></span> <span class='ocrx_word' id='word_1_489' title='bbox 2393 2716 2486 2769; x_wconf 76' lang='grc' dir='ltr'><strong>καὶ</strong></span> <span class='ocrx_word' id='word_1_490' title='bbox 2511 2716 2888 2773; x_wconf 82' lang='grc' dir='ltr'>δικαιοτάτων.</span> 
     </span>
    </p>
   </div>
   <div class='ocr_carea' id='block_1_83' title="bbox 2159 2804 3668 2878">
    <p class='ocr_par' dir='ltr' id='par_1_83' title="bbox 2159 2804 3668 2878">
     <span class='ocr_line' id='line_1_83' title="bbox 2159 2804 3668 2878; baseline 0.009 -22"><span class='ocrx_word' id='word_1_491' title='bbox 2159 2804 2223 2857; x_wconf 76' lang='lat' dir='ltr'><strong>Oi</strong></span> <span class='ocrx_word' id='word_1_492' title='bbox 2245 2805 2343 2874; x_wconf 81' lang='grc' dir='ltr'>τῆς</span> <span class='ocrx_word' id='word_1_493' title='bbox 2369 2805 2476 2858; x_wconf 87' lang='grc' dir='ltr'>τῶν</span> <span class='ocrx_word' id='word_1_494' title='bbox 2503 2807 2711 2862; x_wconf 82' lang='grc' dir='ltr'>παίδων</span> <span class='ocrx_word' id='word_1_495' title='bbox 2735 2809 3092 2878; x_wconf 82' lang='grc' dir='ltr'>κοσμιότητός</span> <span class='ocrx_word' id='word_1_496' title='bbox 3114 2824 3171 2860; x_wconf 82' lang='grc' dir='ltr'><strong>τε</strong></span> <span class='ocrx_word' id='word_1_497' title='bbox 3193 2805 3287 2859; x_wconf 82' lang='grc' dir='ltr'>καὶ</span> <span class='ocrx_word' id='word_1_498' title='bbox 3313 2804 3668 2876; x_wconf 76' lang='grc' dir='ltr'>σωφροσύνης</span> 
     </span>
    </p>
   </div>
   <div class='ocr_carea' id='block_1_84' title="bbox 2087 2893 3667 2969">
    <p class='ocr_par' dir='ltr' id='par_1_84' title="bbox 2087 2893 3667 2969">
     <span class='ocr_line' id='line_1_84' title="bbox 2087 2893 3667 2969; baseline 0.001 -22"><span class='ocrx_word' id='word_1_499' title='bbox 2087 2893 2427 2964; x_wconf 79' lang='grc' dir='ltr'>ἀμελοῦντες</span> <span class='ocrx_word' id='word_1_500' title='bbox 2481 2899 2718 2969; x_wconf 81' lang='grc' dir='ltr'>πατέρες</span> <span class='ocrx_word' id='word_1_501' title='bbox 2767 2899 3108 2954; x_wconf 85' lang='grc' dir='ltr'>παιδοκτόνοι</span> <span class='ocrx_word' id='word_1_502' title='bbox 3157 2897 3518 2968; x_wconf 79' lang='grc' dir='ltr'>τυγχάνουσι,</span> <span class='ocrx_word' id='word_1_503' title='bbox 3579 2897 3667 2950; x_wconf 78' lang='grc' dir='ltr'>καὶ</span> 
     </span>
    </p>
   </div>
   <div class='ocr_carea' id='block_1_85' title="bbox 2086 2986 3668 3063">
    <p class='ocr_par' dir='ltr' id='par_1_85' title="bbox 2086 2986 3668 3063">
     <span class='ocr_line' id='line_1_85' title="bbox 2086 2986 3668 3063; baseline 0.003 -23"><span class='ocrx_word' id='word_1_504' title='bbox 2086 2986 2522 3061; x_wconf 82' lang='grc' dir='ltr'>χαλεπώτερονῆ</span> <span class='ocrx_word' id='word_1_505' title='bbox 2557 2992 2775 3056; x_wconf 83' lang='grc' dir='ltr'>ὲκεῖνοι,</span> <span class='ocrx_word' id='word_1_506' title='bbox 2803 2993 2913 3062; x_wconf 84' lang='grc' dir='ltr'><strong>ὅσῳ</strong></span> <span class='ocrx_word' id='word_1_507' title='bbox 2937 2991 3189 3061; x_wconf 72' lang='grc' dir='ltr'>καὶπρὸς</span> <span class='ocrx_word' id='word_1_508' title='bbox 3221 2991 3400 3062; x_wconf 78' lang='grc' dir='ltr'>ψυχὴν</span> <span class='ocrx_word' id='word_1_509' title='bbox 3429 2993 3465 3063; x_wconf 74' lang='grc' dir='ltr'>ὴ</span> <span class='ocrx_word' id='word_1_510' title='bbox 3523 2990 3668 3045; x_wconf 82' lang='grc' dir='ltr'><strong>ἀπώ-</strong></span> 
     </span>
    </p>
   </div>
   <div class='ocr_carea' id='block_1_86' title="bbox 2088 3080 2672 3146">
    <p class='ocr_par' dir='ltr' id='par_1_86' title="bbox 2088 3080 2672 3146">
     <span class='ocr_line' id='line_1_86' title="bbox 2088 3080 2672 3146; baseline 0.005 -12"><span class='ocrx_word' id='word_1_511' title='bbox 2088 3080 2208 3135; x_wconf 82' lang='grc' dir='ltr'>λεια</span> <span class='ocrx_word' id='word_1_512' title='bbox 2238 3083 2331 3135; x_wconf 75' lang='grc' dir='ltr'>καὶ</span> <span class='ocrx_word' id='word_1_513' title='bbox 2360 3084 2388 3136; x_wconf 83' lang='grc' dir='ltr'>ὁ</span> <span class='ocrx_word' id='word_1_514' title='bbox 2422 3083 2672 3146; x_wconf 78' lang='grc' dir='ltr'>θάνατος.</span> 
     </span>
    </p>
   </div>
   <div class='ocr_carea' id='block_1_87' title="bbox 2163 3259 3662 3336">
    <p class='ocr_par' dir='ltr' id='par_1_87' title="bbox 2163 3259 3662 3336">
     <span class='ocr_line' id='line_1_87' title="bbox 2163 3259 3662 3336; baseline 0.001 -19"><span class='ocrx_word' id='word_1_515' title='bbox 2163 3263 2366 3334; x_wconf 82' lang='grc' dir='ltr'>Ὅπερ,</span> <span class='ocrx_word' id='word_1_516' title='bbox 2393 3259 2573 3330; x_wconf 76' lang='grc' dir='ltr'>οἶμαι,</span> <span class='ocrx_word' id='word_1_517' title='bbox 2602 3263 2735 3328; x_wconf 80' lang='grc' dir='ltr'>Θεὸς</span> <span class='ocrx_word' id='word_1_518' title='bbox 2769 3267 2908 3336; x_wconf 78' lang='grc' dir='ltr'>πρὸς</span> <span class='ocrx_word' id='word_1_519' title='bbox 2938 3266 3166 3334; x_wconf 82' lang='grc' dir='ltr'>κόσμον,</span> <span class='ocrx_word' id='word_1_520' title='bbox 3200 3263 3361 3318; x_wconf 81' lang='grc' dir='ltr'>τοῦτο</span> <span class='ocrx_word' id='word_1_521' title='bbox 3397 3264 3532 3334; x_wconf 77' lang='grc' dir='ltr'>πρὸς</span> <span class='ocrx_word' id='word_1_522' title='bbox 3577 3264 3662 3318; x_wconf 70' lang='grc' dir='ltr'><strong>τι-</strong></span> 
     </span>
    </p>
   </div>
   <div class='ocr_carea' id='block_1_88' title="bbox 2087 3355 3662 3428">
    <p class='ocr_par' dir='ltr' id='par_1_88' title="bbox 2087 3355 3662 3428">
     <span class='ocr_line' id='line_1_88' title="bbox 2087 3355 3662 3428; baseline 0 -21"><span class='ocrx_word' id='word_1_523' title='bbox 2087 3371 2189 3409; x_wconf 90' lang='grc' dir='ltr'><strong>κνα</strong></span> <span class='ocrx_word' id='word_1_524' title='bbox 2235 3357 2435 3423; x_wconf 75' lang='grc' dir='ltr'>γονεῖς,</span> <span class='ocrx_word' id='word_1_525' title='bbox 2491 3355 2679 3427; x_wconf 77' lang='grc' dir='ltr'>ἐπειδὴ</span> <span class='ocrx_word' id='word_1_526' title='bbox 2735 3357 2812 3418; x_wconf 81' lang='grc' dir='ltr'><strong>ὡς</strong></span> <span class='ocrx_word' id='word_1_527' title='bbox 2859 3359 3068 3420; x_wconf 73' lang='grc' dir='ltr'>ἐκεῖνος</span> <span class='ocrx_word' id='word_1_528' title='bbox 3123 3357 3206 3427; x_wconf 85' lang='grc' dir='ltr'>τῷ</span> <span class='ocrx_word' id='word_1_529' title='bbox 3247 3357 3324 3428; x_wconf 78' lang='grc' dir='ltr'>μὴ</span> <span class='ocrx_word' id='word_1_530' title='bbox 3365 3358 3662 3426; x_wconf 79' lang='grc' dir='ltr'>ὑπάρχοντι</span> 
     </span>
    </p>
   </div>
   <div class='ocr_carea' id='block_1_89' title="bbox 2087 3442 3662 3517">
    <p class='ocr_par' dir='ltr' id='par_1_89' title="bbox 2087 3442 3662 3517">
     <span class='ocr_line' id='line_1_89' title="bbox 2087 3442 3662 3517; baseline 0.001 -19"><span class='ocrx_word' id='word_1_531' title='bbox 2087 3444 2324 3515; x_wconf 76' lang='grc' dir='ltr'>ὕπαρξιν</span> <span class='ocrx_word' id='word_1_532' title='bbox 2351 3445 2772 3516; x_wconf 83' lang='grc' dir='ltr'>κατειργάσατο,</span> <span class='ocrx_word' id='word_1_533' title='bbox 2829 3448 2922 3501; x_wconf 70' lang='grc' dir='ltr'>καὶ</span> <span class='ocrx_word' id='word_1_534' title='bbox 2951 3442 3102 3503; x_wconf 71' lang='grc' dir='ltr'>οὗτοι</span> <span class='ocrx_word' id='word_1_535' title='bbox 3159 3447 3494 3517; x_wconf 82' lang='grc' dir='ltr'>μιμούμενοι</span> <span class='ocrx_word' id='word_1_536' title='bbox 3541 3445 3662 3499; x_wconf 79' lang='grc' dir='ltr'>καθ’</span> 
     </span>
    </p>
   </div>
   <div class='ocr_carea' id='block_1_90' title="bbox 2084 3531 3658 3609">
    <p class='ocr_par' dir='ltr' id='par_1_90' title="bbox 2084 3531 3658 3609">
     <span class='ocr_line' id='line_1_90' title="bbox 2084 3531 3658 3609; baseline 0.001 -19"><span class='ocrx_word' id='word_1_537' title='bbox 2084 3538 2209 3590; x_wconf 85' lang='grc' dir='ltr'>ὅσον</span> <span class='ocrx_word' id='word_1_538' title='bbox 2238 3531 2350 3590; x_wconf 74' lang='grc' dir='ltr'>οἷόν</span> <span class='ocrx_word' id='word_1_539' title='bbox 2373 3555 2433 3590; x_wconf 85' lang='grc' dir='ltr'><strong>τε</strong></span> <span class='ocrx_word' id='word_1_540' title='bbox 2457 3539 2556 3609; x_wconf 79' lang='grc' dir='ltr'><strong>τὴν</strong></span> <span class='ocrx_word' id='word_1_541' title='bbox 2583 3540 2794 3593; x_wconf 81' lang='grc' dir='ltr'>ἐκείνου</span> <span class='ocrx_word' id='word_1_542' title='bbox 2827 3539 3080 3608; x_wconf 79' lang='grc' dir='ltr'>δύναμιν,</span> <span class='ocrx_word' id='word_1_543' title='bbox 3110 3540 3172 3592; x_wconf 73' lang='grc' dir='ltr'>τὸ</span> <span class='ocrx_word' id='word_1_544' title='bbox 3198 3539 3355 3606; x_wconf 84' lang='grc' dir='ltr'>γένος</span> <span class='ocrx_word' id='word_1_545' title='bbox 3405 3538 3658 3593; x_wconf 81' lang='grc' dir='ltr'>ἀθανατί-</span> 
     </span>
    </p>
   </div>
   <div class='ocr_carea' id='block_1_91' title="bbox 2086 3626 3489 3691">
    <p class='ocr_par' dir='ltr' id='par_1_91' title="bbox 2086 3626 3489 3691">
     <span class='ocr_line' id='line_1_91' title="bbox 2086 3626 3489 3691; baseline 0.003 -11"><span class='ocrx_word' id='word_1_546' title='bbox 2086 3626 2289 3691; x_wconf 79' lang='grc' dir='ltr'>ζουσιν.</span> <span class='ocrx_word' id='word_1_547' title='bbox 3478 3627 3489 3636; x_wconf 72' lang='grc'><em>’</em></span> 
     </span>
    </p>
   </div>
   <div class='ocr_carea' id='block_1_92' title="bbox 2156 3719 3657 3794">
    <p class='ocr_par' dir='ltr' id='par_1_92' title="bbox 2156 3719 3657 3794">
     <span class='ocr_line' id='line_1_92' title="bbox 2156 3719 3657 3794; baseline 0.002 -23"><span class='ocrx_word' id='word_1_548' title='bbox 2156 3719 2295 3781; x_wconf 78' lang='grc' dir='ltr'>Τοὺς</span> <span class='ocrx_word' id='word_1_549' title='bbox 2331 3721 2479 3783; x_wconf 78' lang='grc' dir='ltr'>υἱούς</span> <span class='ocrx_word' id='word_1_550' title='bbox 2513 3737 2606 3774; x_wconf 88' lang='grc' dir='ltr'><strong>σου</strong></span> <span class='ocrx_word' id='word_1_551' title='bbox 2640 3720 2908 3785; x_wconf 77' lang='grc' dir='ltr'>σπούδαζε</span> <span class='ocrx_word' id='word_1_552' title='bbox 2946 3722 3418 3794; x_wconf 79' lang='grc' dir='ltr'>πεπαιδευμένους</span> <span class='ocrx_word' id='word_1_553' title='bbox 3463 3723 3657 3793; x_wconf 81' lang='grc' dir='ltr'>μᾶλλον</span> 
     </span>
    </p>
   </div>
   <div class='ocr_carea' id='block_1_93' title="bbox 2083 3811 3655 3886">
    <p class='ocr_par' dir='ltr' id='par_1_93' title="bbox 2083 3811 3655 3886">
     <span class='ocr_line' id='line_1_93' title="bbox 2083 3811 3655 3886; baseline 0.004 -23"><span class='ocrx_word' id='word_1_554' title='bbox 2083 3813 2116 3882; x_wconf 84' lang='grc' dir='ltr'>ἢ</span> <span class='ocrx_word' id='word_1_555' title='bbox 2156 3811 2444 3875; x_wconf 85' lang='grc' dir='ltr'>πλουσίους</span> <span class='ocrx_word' id='word_1_556' title='bbox 2496 3814 2838 3867; x_wconf 76' lang='grc' dir='ltr'>καταλιπεῖν.</span> <span class='ocrx_word' id='word_1_557' title='bbox 2901 3816 3201 3884; x_wconf 87' lang='grc' dir='ltr'>Κρείττους</span> <span class='ocrx_word' id='word_1_558' title='bbox 3249 3816 3358 3886; x_wconf 85' lang='grc' dir='ltr'><strong>γάρ</strong></span> <span class='ocrx_word' id='word_1_559' title='bbox 3406 3818 3544 3869; x_wconf 84' lang='grc' dir='ltr'>εἰσιν</span> <span class='ocrx_word' id='word_1_560' title='bbox 3602 3817 3655 3870; x_wconf 75' lang='grc' dir='ltr'>αἱ</span> 
     </span>
    </p>
   </div>
   <div class='ocr_carea' id='block_1_94' title="bbox 2083 3905 3650 3980">
    <p class='ocr_par' dir='ltr' id='par_1_94' title="bbox 2083 3905 3650 3980">
     <span class='ocr_line' id='line_1_94' title="bbox 2083 3905 3650 3980; baseline 0.003 -24"><span class='ocrx_word' id='word_1_561' title='bbox 2083 3905 2191 3956; x_wconf 83' lang='grc' dir='ltr'>τῶν</span> <span class='ocrx_word' id='word_1_562' title='bbox 2214 3905 2663 3977; x_wconf 78' lang='grc' dir='ltr'>πεπαιδευμένων</span> <span class='ocrx_word' id='word_1_563' title='bbox 2696 3906 2906 3972; x_wconf 76' lang='grc' dir='ltr'>ἐλπίδες</span> <span class='ocrx_word' id='word_1_564' title='bbox 2937 3908 2970 3980; x_wconf 79' lang='grc' dir='ltr'>ἢ</span> <span class='ocrx_word' id='word_1_565' title='bbox 3004 3907 3032 3960; x_wconf 83' lang='grc' dir='ltr'>ὁ</span> <span class='ocrx_word' id='word_1_566' title='bbox 3063 3908 3172 3961; x_wconf 86' lang='grc' dir='ltr'><strong>τῶν</strong></span> <span class='ocrx_word' id='word_1_567' title='bbox 3199 3908 3434 3977; x_wconf 78' lang='grc' dir='ltr'>ἀμαθῶν</span> <span class='ocrx_word' id='word_1_568' title='bbox 3494 3907 3650 3962; x_wconf 78' lang='grc' dir='ltr'>πλοῦ·</span> 
     </span>
    </p>
   </div>
   <div class='ocr_carea' id='block_1_95' title="bbox 2083 4014 2188 4059">
    <p class='ocr_par' dir='ltr' id='par_1_95' title="bbox 2083 4014 2188 4059">
     <span class='ocr_line' id='line_1_95' title="bbox 2083 4014 2188 4059; baseline 0.019 -11"><span class='ocrx_word' id='word_1_569' title='bbox 2083 4014 2188 4059; x_wconf 78' lang='grc' dir='ltr'>τος.</span> 
     </span>
    </p>
   </div>
   <div class='ocr_carea' id='block_1_96' title="bbox 2158 4089 3273 4162">
    <p class='ocr_par' dir='ltr' id='par_1_96' title="bbox 2158 4089 3273 4162">
     <span class='ocr_line' id='line_1_96' title="bbox 2158 4089 3273 4162; baseline 0.004 -20"><span class='ocrx_word' id='word_1_570' title='bbox 2158 4090 2370 4158; x_wconf 74' lang='grc' dir='ltr'>[ἰατρὸς</span> <span class='ocrx_word' id='word_1_571' title='bbox 2399 4089 2635 4162; x_wconf 78' lang='grc' dir='ltr'>[ἰατροῦ]</span> <span class='ocrx_word' id='word_1_572' title='bbox 2661 4089 2815 4161; x_wconf 77' lang='grc' dir='ltr'>ὕϐρις</span> <span class='ocrx_word' id='word_1_573' title='bbox 2845 4090 2942 4162; x_wconf 80' lang='grc' dir='ltr'><strong>ἡδὺ</strong></span> <span class='ocrx_word' id='word_1_574' title='bbox 2965 4091 3273 4161; x_wconf 80' lang='grc' dir='ltr'>φάρμακον.</span> 
     </span>
    </p>
   </div>
   <div class='ocr_carea' id='block_1_97' title="bbox 2158 4181 3608 4256">
    <p class='ocr_par' dir='ltr' id='par_1_97' title="bbox 2158 4181 3608 4256">
     <span class='ocr_line' id='line_1_97' title="bbox 2158 4181 3608 4256; baseline 0.006 -24"><span class='ocrx_word' id='word_1_575' title='bbox 2158 4181 2418 4252; x_wconf 84' lang='grc' dir='ltr'>Θυγάτηρ</span> <span class='ocrx_word' id='word_1_576' title='bbox 2447 4184 2727 4255; x_wconf 76' lang='grc' dir='ltr'>ἀλλότριον</span> <span class='ocrx_word' id='word_1_577' title='bbox 2754 4186 2939 4253; x_wconf 82' lang='grc' dir='ltr'>κτῆμα</span> <span class='ocrx_word' id='word_1_578' title='bbox 2966 4185 3202 4256; x_wconf 82' lang='grc' dir='ltr'>ὑπάρχει</span> <span class='ocrx_word' id='word_1_579' title='bbox 3223 4185 3300 4256; x_wconf 82' lang='grc' dir='ltr'><strong>τῷ</strong></span> <span class='ocrx_word' id='word_1_580' title='bbox 3330 4185 3516 4256; x_wconf 81' lang='grc' dir='ltr'>πατρί.</span> <span class='ocrx_word' id='word_1_581' title='bbox 3603 4201 3608 4206; x_wconf 81' lang='lat'><strong><em>‘</em></strong></span> 
     </span>
    </p>
   </div>
   <div class='ocr_carea' id='block_1_98' title="bbox 2148 4273 3652 4350">
    <p class='ocr_par' dir='ltr' id='par_1_98' title="bbox 2148 4273 3652 4350">
     <span class='ocr_line' id='line_1_98' title="bbox 2148 4273 3652 4350; baseline 0.003 -26"><span class='ocrx_word' id='word_1_582' title='bbox 2148 4273 2264 4342; x_wconf 80' lang='grc' dir='ltr'><strong>Υἱῷ</strong></span> <span class='ocrx_word' id='word_1_583' title='bbox 2321 4275 2412 4326; x_wconf 69' lang='grc' dir='ltr'><strong>καὶ</strong></span> <span class='ocrx_word' id='word_1_584' title='bbox 2478 4273 2704 4345; x_wconf 70' lang='grc' dir='ltr'>Θυγατρὶ</span> <span class='ocrx_word' id='word_1_585' title='bbox 2768 4275 2846 4346; x_wconf 80' lang='grc' dir='ltr'>μὴ</span> <span class='ocrx_word' id='word_1_586' title='bbox 2909 4278 3380 4350; x_wconf 78' lang='grc' dir='ltr'>προσμειδιάσῃς,</span> <span class='ocrx_word' id='word_1_587' title='bbox 3434 4278 3518 4330; x_wconf 76' lang='grc' dir='ltr'>ἵνα</span> <span class='ocrx_word' id='word_1_588' title='bbox 3577 4276 3652 4346; x_wconf 77' lang='grc' dir='ltr'>μὴ</span> 
     </span>
    </p>
   </div>
   <div class='ocr_carea' id='block_1_99' title="bbox 2084 4365 2637 4438">
    <p class='ocr_par' dir='ltr' id='par_1_99' title="bbox 2084 4365 2637 4438">
     <span class='ocr_line' id='line_1_99' title="bbox 2084 4365 2637 4438; baseline 0.004 -20"><span class='ocrx_word' id='word_1_589' title='bbox 2084 4367 2310 4434; x_wconf 77' lang='grc' dir='ltr'>ὕστερον</span> <span class='ocrx_word' id='word_1_590' title='bbox 2340 4365 2637 4438; x_wconf 78' lang='grc' dir='ltr'>δακρύσῃς.</span> 
     </span>
    </p>
   </div>
   <div class='ocr_carea' id='block_1_100' title="bbox 2154 4457 3474 4534">
    <p class='ocr_par' dir='ltr' id='par_1_100' title="bbox 2154 4457 3474 4534">
     <span class='ocr_line' id='line_1_100' title="bbox 2154 4457 3474 4534; baseline 0.008 -23"><span class='ocrx_word' id='word_1_591' title='bbox 2154 4458 2373 4522; x_wconf 80' lang='grc' dir='ltr'>Τέκνοις</span> <span class='ocrx_word' id='word_1_592' title='bbox 2398 4459 2676 4530; x_wconf 78' lang='grc' dir='ltr'>αἰδέσιμον</span> <span class='ocrx_word' id='word_1_593' title='bbox 2698 4457 2957 4532; x_wconf 78' lang='grc' dir='ltr'>καύχημα</span> <span class='ocrx_word' id='word_1_594' title='bbox 2993 4461 3200 4534; x_wconf 74' lang='grc' dir='ltr'>πατρὸς</span> <span class='ocrx_word' id='word_1_595' title='bbox 3227 4463 3474 4529; x_wconf 84' lang='grc' dir='ltr'>ἔπαινος.</span> 
     </span>
    </p>
   </div>
   <div class='ocr_carea' id='block_1_101' title="bbox 2151 4641 3660 4715">
    <p class='ocr_par' dir='ltr' id='par_1_101' title="bbox 2151 4641 3660 4715">
     <span class='ocr_line' id='line_1_101' title="bbox 2151 4641 3660 4715; baseline 0.003 -21"><span class='ocrx_word' id='word_1_596' title='bbox 2151 4641 2362 4711; x_wconf 86' lang='grc' dir='ltr'>Πατρὸς</span> <span class='ocrx_word' id='word_1_597' title='bbox 2387 4643 2479 4694; x_wconf 79' lang='grc' dir='ltr'>καὶ</span> <span class='ocrx_word' id='word_1_598' title='bbox 2507 4643 2709 4712; x_wconf 75' lang='grc' dir='ltr'>μητρὸς</span> <span class='ocrx_word' id='word_1_599' title='bbox 2737 4642 2917 4696; x_wconf 73' lang='grc' dir='ltr'>κοιναὶ</span> <span class='ocrx_word' id='word_1_600' title='bbox 2952 4643 3050 4714; x_wconf 76' lang='grc' dir='ltr'>μὲν</span> <span class='ocrx_word' id='word_1_601' title='bbox 3077 4646 3132 4697; x_wconf 87' lang='grc' dir='ltr'>αἱ</span> <span class='ocrx_word' id='word_1_602' title='bbox 3156 4645 3398 4715; x_wconf 78' lang='grc' dir='ltr'>κλήσεις,</span> <span class='ocrx_word' id='word_1_603' title='bbox 3416 4647 3660 4714; x_wconf 60' lang='grc' dir='ltr'>διάφοροι</span> 
     </span>
    </p>
   </div>
   <div class='ocr_carea' id='block_1_102' title="bbox 2080 4731 3662 4807">
    <p class='ocr_par' dir='ltr' id='par_1_102' title="bbox 2080 4731 3662 4807">
     <span class='ocr_line' id='line_1_102' title="bbox 2080 4731 3662 4807; baseline 0.004 -24"><span class='ocrx_word' id='word_1_604' title='bbox 2080 4731 2135 4784; x_wconf 84' lang='grc' dir='ltr'>δὲ</span> <span class='ocrx_word' id='word_1_605' title='bbox 2160 4732 2440 4798; x_wconf 72' lang='grc' dir='ltr'>δυνάμεις.</span> <span class='ocrx_word' id='word_1_606' title='bbox 2467 4734 2571 4786; x_wconf 82' lang='grc' dir='ltr'>Τὸν</span> <span class='ocrx_word' id='word_1_607' title='bbox 2608 4734 2736 4802; x_wconf 81' lang='grc' dir='ltr'>γοῦν</span> <span class='ocrx_word' id='word_1_608' title='bbox 2764 4737 2822 4788; x_wconf 74' lang='grc' dir='ltr'>τὸ</span> <span class='ocrx_word' id='word_1_609' title='bbox 2845 4737 2951 4790; x_wconf 79' lang='grc' dir='ltr'><strong>πᾶν</strong></span> <span class='ocrx_word' id='word_1_610' title='bbox 2989 4737 3104 4790; x_wconf 83' lang='grc' dir='ltr'>τόδε</span> <span class='ocrx_word' id='word_1_611' title='bbox 3164 4738 3541 4807; x_wconf 77' lang='grc' dir='ltr'>ἐργασάμενον</span> <span class='ocrx_word' id='word_1_612' title='bbox 3574 4739 3662 4807; x_wconf 78' lang='grc' dir='ltr'><strong>δη-</strong></span> 
     </span>
    </p>
   </div>
   <div class='ocr_carea' id='block_1_103' title="bbox 2085 4827 3661 4902">
    <p class='ocr_par' dir='ltr' id='par_1_103' title="bbox 2085 4827 3661 4902">
     <span class='ocr_line' id='line_1_103' title="bbox 2085 4827 3661 4902; baseline 0.003 -22"><span class='ocrx_word' id='word_1_613' title='bbox 2085 4829 2346 4899; x_wconf 75' lang='grc' dir='ltr'>μιουργὸν</span> <span class='ocrx_word' id='word_1_614' title='bbox 2375 4829 2508 4899; x_wconf 83' lang='grc' dir='ltr'>ὁμοῦ</span> <span class='ocrx_word' id='word_1_615' title='bbox 2546 4830 2642 4882; x_wconf 69' lang='grc' dir='ltr'><strong>καὶ</strong></span> <span class='ocrx_word' id='word_1_616' title='bbox 2685 4832 2894 4902; x_wconf 78' lang='grc' dir='ltr'>πατέρα</span> <span class='ocrx_word' id='word_1_617' title='bbox 2925 4827 3066 4885; x_wconf 84' lang='grc' dir='ltr'>εῖναι</span> <span class='ocrx_word' id='word_1_618' title='bbox 3097 4831 3192 4884; x_wconf 80' lang='grc' dir='ltr'>τοῦ</span> <span class='ocrx_word' id='word_1_619' title='bbox 3243 4834 3522 4901; x_wconf 65' lang='grc' dir='ltr'>γεγονότος</span> <span class='ocrx_word' id='word_1_620' title='bbox 3576 4833 3661 4884; x_wconf 67' lang='lat' dir='ltr'><strong>eti-</strong></span> 
     </span>
    </p>
   </div>
   <div class='ocr_carea' id='block_1_104' title="bbox 2082 4921 3660 4995">
    <p class='ocr_par' dir='ltr' id='par_1_104' title="bbox 2082 4921 3660 4995">
     <span class='ocr_line' id='line_1_104' title="bbox 2082 4921 3660 4995; baseline 0.001 -21"><span class='ocrx_word' id='word_1_621' title='bbox 2082 4921 2178 4984; x_wconf 83' lang='grc' dir='ltr'>Οὺς</span> <span class='ocrx_word' id='word_1_622' title='bbox 2207 4924 2264 4975; x_wconf 81' lang='grc' dir='ltr'>ἐν</span> <span class='ocrx_word' id='word_1_623' title='bbox 2296 4923 2419 4994; x_wconf 80' lang='grc' dir='ltr'>δίκῃ</span> <span class='ocrx_word' id='word_1_624' title='bbox 2453 4923 2717 4994; x_wconf 79' lang='grc' dir='ltr'>φήσωμεν</span> <span class='ocrx_word' id='word_1_625' title='bbox 2749 4939 2764 4954; x_wconf 85' lang='grc'>⁶</span> <span class='ocrx_word' id='word_1_626' title='bbox 2803 4925 3014 4995; x_wconf 79' lang='grc' dir='ltr'>μητέρα</span> <span class='ocrx_word' id='word_1_627' title='bbox 3037 4925 3092 4977; x_wconf 80' lang='grc' dir='ltr'>δὲ</span> <span class='ocrx_word' id='word_1_628' title='bbox 3120 4925 3218 4994; x_wconf 85' lang='grc' dir='ltr'>τὴν</span> <span class='ocrx_word' id='word_1_629' title='bbox 3245 4925 3336 4977; x_wconf 82' lang='grc' dir='ltr'>τοῦ</span> <span class='ocrx_word' id='word_1_630' title='bbox 3370 4925 3660 4994; x_wconf 67' lang='grc' dir='ltr'>πεποιηκό-</span> 
     </span>
    </p>
   </div>
   <div class='ocr_carea' id='block_1_105' title="bbox 2079 5007 3658 5088">
    <p class='ocr_par' dir='ltr' id='par_1_105' title="bbox 2079 5007 3658 5088">
     <span class='ocr_line' id='line_1_105' title="bbox 2079 5007 3658 5088; baseline -0.001 -21"><span class='ocrx_word' id='word_1_631' title='bbox 2079 5031 2169 5078; x_wconf 88' lang='grc' dir='ltr'><strong>τος</strong></span> <span class='ocrx_word' id='word_1_632' title='bbox 2204 5016 2514 5086; x_wconf 76' lang='grc' dir='ltr'>ἐπιστήμην</span> <span class='ocrx_word' id='word_1_633' title='bbox 2547 5034 2560 5048; x_wconf 91' lang='grc'><strong>·</strong></span> <span class='ocrx_word' id='word_1_634' title='bbox 2678 5014 2851 5069; x_wconf 84' lang='grc' dir='ltr'>συνὼν</span> <span class='ocrx_word' id='word_1_635' title='bbox 2899 5017 3029 5079; x_wconf 76' lang='grc' dir='ltr'>Θεὸς</span> <span class='ocrx_word' id='word_1_636' title='bbox 3077 5018 3176 5085; x_wconf 67' lang='grc' dir='ltr'>οὐχ</span> <span class='ocrx_word' id='word_1_637' title='bbox 3227 5016 3303 5080; x_wconf 86' lang='grc' dir='ltr'>ὡς</span> <span class='ocrx_word' id='word_1_638' title='bbox 3357 5017 3658 5086; x_wconf 82' lang='grc' dir='ltr'>ἄνθρωπος.</span> 
     </span>
    </p>
   </div>
   <div class='ocr_carea' id='block_1_106' title="bbox 2083 5106 3658 5179">
    <p class='ocr_par' dir='ltr' id='par_1_106' title="bbox 2083 5106 3658 5179">
     <span class='ocr_line' id='line_1_106' title="bbox 2083 5106 3658 5179; baseline 0 -20"><span class='ocrx_word' id='word_1_639' title='bbox 2083 5106 2306 5176; x_wconf 78' lang='grc' dir='ltr'>ἔσπειρε</span> <span class='ocrx_word' id='word_1_640' title='bbox 2333 5111 2548 5174; x_wconf 82' lang='grc' dir='ltr'>γένεσιν</span> <span class='ocrx_word' id='word_1_641' title='bbox 2577 5123 2590 5136; x_wconf 87' lang='grc'><strong>·</strong></span> <span class='ocrx_word' id='word_1_642' title='bbox 2635 5111 2666 5178; x_wconf 80' lang='grc' dir='ltr'>ἡ</span> <span class='ocrx_word' id='word_1_643' title='bbox 2694 5109 2749 5160; x_wconf 86' lang='grc' dir='ltr'>δὲ</span> <span class='ocrx_word' id='word_1_644' title='bbox 2782 5109 3200 5179; x_wconf 75' lang='grc' dir='ltr'>παραδεξαμένη</span> <span class='ocrx_word' id='word_1_645' title='bbox 3229 5109 3296 5161; x_wconf 74' lang='grc' dir='ltr'>τὰ</span> <span class='ocrx_word' id='word_1_646' title='bbox 3328 5109 3421 5161; x_wconf 78' lang='grc' dir='ltr'>τοῦ</span> <span class='ocrx_word' id='word_1_647' title='bbox 3456 5108 3658 5177; x_wconf 82' lang='grc' dir='ltr'>Κυρίου</span> 
     </span>
    </p>
   </div>
   <div class='ocr_carea' id='block_1_107' title="bbox 2086 5199 3656 5270">
    <p class='ocr_par' dir='ltr' id='par_1_107' title="bbox 2086 5199 3656 5270">
     <span class='ocr_line' id='line_1_107' title="bbox 2086 5199 3656 5270; baseline 0.001 -21"><span class='ocrx_word' id='word_1_648' title='bbox 2086 5199 2401 5268; x_wconf 81' lang='grc' dir='ltr'>σπέρματα,</span> <span class='ocrx_word' id='word_1_649' title='bbox 2427 5200 2773 5268; x_wconf 83' lang='grc' dir='ltr'>τελεσφόροις</span> <span class='ocrx_word' id='word_1_650' title='bbox 2799 5201 2952 5254; x_wconf 83' lang='grc' dir='ltr'>ὠδῖσι</span> <span class='ocrx_word' id='word_1_651' title='bbox 2985 5202 3076 5253; x_wconf 87' lang='grc' dir='ltr'><strong>τὸν</strong></span> <span class='ocrx_word' id='word_1_652' title='bbox 3108 5201 3395 5270; x_wconf 79' lang='grc' dir='ltr'>ἀγαπητὸν</span> <span class='ocrx_word' id='word_1_653' title='bbox 3431 5201 3519 5254; x_wconf 72' lang='grc' dir='ltr'><strong>καὶ</strong></span> <span class='ocrx_word' id='word_1_654' title='bbox 3568 5200 3656 5252; x_wconf 71' lang='lat' dir='ltr'><strong>ai-</strong></span> 
     </span>
    </p>
   </div>
   <div class='ocr_carea' id='block_1_108' title="bbox 2085 5289 2758 5361">
    <p class='ocr_par' dir='ltr' id='par_1_108' title="bbox 2085 5289 2758 5361">
     <span class='ocr_line' id='line_1_108' title="bbox 2085 5289 2758 5361; baseline 0.004 -19"><span class='ocrx_word' id='word_1_655' title='bbox 2085 5289 2282 5361; x_wconf 76' lang='grc' dir='ltr'>σοητὸν</span> <span class='ocrx_word' id='word_1_656' title='bbox 2315 5292 2431 5343; x_wconf 72' lang='grc' dir='ltr'>υἱὸν</span> <span class='ocrx_word' id='word_1_657' title='bbox 2467 5292 2758 5345; x_wconf 83' lang='grc' dir='ltr'>ἀπέτεκεν.</span> 
     </span>
    </p>
   </div>
   <div class='ocr_carea' id='block_1_109' title="bbox 2716 5491 3038 5548">
    <p class='ocr_par' dir='ltr' id='par_1_109' title="bbox 2716 5491 3038 5548">
     <span class='ocr_line' id='line_1_109' title="bbox 2716 5491 3038 5548; baseline 0 -2"><span class='ocrx_word' id='word_1_658' title='bbox 2716 5495 2932 5548; x_wconf 80' lang='grc' dir='ltr'><strong>ΛΟΓΟΣ</strong></span> <span class='ocrx_word' id='word_1_659' title='bbox 2986 5491 3038 5546; x_wconf 90' lang='lat' dir='ltr'><strong>l&#39;.</strong></span> 
     </span>
    </p>
   </div>
   <div class='ocr_carea' id='block_1_110' title="bbox 2091 5581 3655 5655">
    <p class='ocr_par' dir='ltr' id='par_1_110' title="bbox 2091 5581 3655 5655">
     <span class='ocr_line' id='line_1_110' title="bbox 2091 5581 3655 5655; baseline 0 -16"><span class='ocrx_word' id='word_1_660' title='bbox 2091 5586 2232 5654; x_wconf 80' lang='grc' dir='ltr'>Περὶ</span> <span class='ocrx_word' id='word_1_661' title='bbox 2266 5586 2491 5655; x_wconf 78' lang='grc' dir='ltr'>γονέων</span> <span class='ocrx_word' id='word_1_662' title='bbox 2541 5586 3067 5654; x_wconf 65' lang='grc' dir='ltr'>καταφρονητικῶς</span> <span class='ocrx_word' id='word_1_663' title='bbox 3104 5585 3371 5653; x_wconf 77' lang='grc' dir='ltr'><strong>ἐχόντων</strong></span> <span class='ocrx_word' id='word_1_664' title='bbox 3407 5585 3506 5651; x_wconf 75' lang='grc' dir='ltr'>τὰς</span> <span class='ocrx_word' id='word_1_665' title='bbox 3539 5581 3655 5639; x_wconf 64' lang='grc' dir='ltr'><strong>τῶν⁹</strong></span> 
     </span>
    </p>
   </div>
   <div class='ocr_carea' id='block_1_111' title="bbox 2581 5655 3165 5726">
    <p class='ocr_par' dir='ltr' id='par_1_111' title="bbox 2581 5655 3165 5726">
     <span class='ocr_line' id='line_1_111' title="bbox 2581 5655 3165 5726; baseline 0.002 -18"><span class='ocrx_word' id='word_1_666' title='bbox 2581 5655 2808 5709; x_wconf 73' lang='grc' dir='ltr'>τέκνων</span> <span class='ocrx_word' id='word_1_667' title='bbox 2836 5655 3165 5726; x_wconf 65' lang='grc' dir='ltr'>ἀνανωγᾰς.</span> 
     </span>
    </p>
   </div>
   <div class='ocr_carea' id='block_1_112' title="bbox 2172 5743 3655 5818">
    <p class='ocr_par' dir='ltr' id='par_1_112' title="bbox 2172 5743 3655 5818">
     <span class='ocr_line' id='line_1_112' title="bbox 2172 5743 3655 5818; baseline -0.001 -17"><span class='ocrx_word' id='word_1_668' title='bbox 2172 5747 2524 5816; x_wconf 70' lang='grc' dir='ltr'>’Δπήγγελκα</span> <span class='ocrx_word' id='word_1_669' title='bbox 2570 5748 2740 5818; x_wconf 80' lang='grc' dir='ltr'>αὐτῷ,</span> <span class='ocrx_word' id='word_1_670' title='bbox 2766 5749 2847 5801; x_wconf 82' lang='grc' dir='ltr'><strong>ὅτι</strong></span> <span class='ocrx_word' id='word_1_671' title='bbox 2883 5747 3079 5802; x_wconf 80' lang='grc' dir='ltr'>ὲκδικῶ</span> <span class='ocrx_word' id='word_1_672' title='bbox 3111 5748 3220 5815; x_wconf 82' lang='grc' dir='ltr'>ἐγὼ</span> <span class='ocrx_word' id='word_1_673' title='bbox 3253 5749 3342 5802; x_wconf 72' lang='grc' dir='ltr'><strong>ἐπὶ</strong></span> <span class='ocrx_word' id='word_1_674' title='bbox 3373 5748 3464 5802; x_wconf 62' lang='grc' dir='ltr'>τὶν</span> <span class='ocrx_word' id='word_1_675' title='bbox 3513 5743 3655 5803; x_wconf 71' lang='grc' dir='ltr'>οἷκον</span> 
     </span>
    </p>
   </div>
   <div class='ocr_carea' id='block_1_113' title="bbox 474 5853 1979 5936">
    <p class='ocr_par' dir='ltr' id='par_1_113' title="bbox 474 5853 1979 5936">
     <span class='ocr_line' id='line_1_113' title="bbox 474 5853 1979 5936; baseline 0.007 -27"><span class='ocrx_word' id='word_1_676' title='bbox 474 5853 550 5925; x_wconf 70' lang='grc' dir='ltr'><strong>(ί)</strong></span> <span class='ocrx_word' id='word_1_677' title='bbox 584 5858 794 5919; x_wconf 76' lang='lat' dir='ltr'><strong>Cmcus</strong></span> <span class='ocrx_word' id='word_1_678' title='bbox 833 5867 990 5921; x_wconf 68' lang='lat' dir='ltr'><strong>codex</strong></span> <span class='ocrx_word' id='word_1_679' title='bbox 1030 5869 1204 5934; x_wconf 65' lang='lat' dir='ltr'><strong>habet,</strong></span> <span class='ocrx_word' id='word_1_680' title='bbox 1244 5866 1422 5935; x_wconf 54' lang='grc' dir='ltr'>ἰατρὸς</span> <span class='ocrx_word' id='word_1_681' title='bbox 1455 5865 1574 5934; x_wconf 74' lang='lat' dir='ltr'><strong>(sic)</strong></span> <span class='ocrx_word' id='word_1_682' title='bbox 1607 5865 1762 5934; x_wconf 65' lang='grc' dir='ltr'>ὕϐρις</span> <span class='ocrx_word' id='word_1_683' title='bbox 1814 5866 1912 5936; x_wconf 67' lang='grc' dir='ltr'>ἡδὺ</span> <span class='ocrx_word' id='word_1_684' title='bbox 1960 5883 1979 5935; x_wconf 70' lang='grc' dir='ltr'><strong>(ί</strong></span> 
     </span>
    </p>
   </div>
   <div class='ocr_carea' id='block_1_114' title="bbox 2109 5853 2275 5936">
    <p class='ocr_par' dir='ltr' id='par_1_114' title="bbox 2109 5883 2275 5920">
     <span class='ocr_line' id='line_1_114' title="bbox 2109 5883 2275 5920; baseline 0.024 -4"><span class='ocrx_word' id='word_1_685' title='bbox 2109 5883 2275 5920; x_wconf 71' lang='grc' dir='ltr'>ιακον.</span> 
     </span>
    </p>
   </div>
  </div>
