3992 6252
406 377 540 442 1045

1266 382 1437 443 LOCI
1476 378 1922 445 COMMUNES.
1947 405 2014 415 -
2048 380 2245 441 PARS
2286 380 2368 442 II.
2409 382 2669 444 SERMO
2700 384 2808 445 XI.

3523 387 3657 453 1046

397 491 562 549 αὐτοῦ
589 492 695 556 ἶως
749 494 946 559 αἰῶνος
977 510 990 524 ·
1050 494 1130 548 ὅτι
1170 495 1537 563 ικακολόγουν
1578 494 1710 548 Θεὸν
1761 495 1811 546 οἱ
1863 495 1971 546 υίοὶ

2098 509 2246 565 usque
2300 493 2355 548 in
2405 495 2663 550 smculum
2715 513 2730 550 :
2774 494 2900 566 quia
2953 493 3046 549 (iiii
3100 495 3220 565 ejus
3267 494 3655 554 maledicebant

399 586 588 648 αὑτοῦ,
618 585 714 639 καὶ
762 586 862 639 οὐκ
909 585 1179 640 ἐνουθέτει
1239 587 1458 651 αὐτούς.
1496 586 1606 639 Καὶ
1656 586 1752 655 ούχ
1801 584 1975 649 οὕτως

397 673 586 744 ὤμοσα
609 677 688 747 τῷ
712 674 847 747 οῐκφ
883 676 1054 740 Ἠλεὶ,
1082 677 1131 729 εί
1170 676 1588 747 ὲξιλασθήσεται
1610 676 1794 730 ἀδικία
1826 676 1974 729 οίκου

408 769 559 822 Ἠλεὶ
578 770 637 821 ιν
659 771 960 841 θυμιάματι
988 768 1083 822 καὶ
1112 770 1169 822 ὲν
1191 768 1406 831 θυσίαις
1433 768 1597 821 αὑτοῦ
1626 769 1732 832 ἕως
1760 767 1974 832 αίῶνος.

476 864 572 925 Ὃς
617 863 858 931 φείδεται
909 864 1007 934 τῆς
1064 862 1260 916 ἑαυτοῦ
1318 862 1642 932 βακτηρίας,
1694 865 1845 931 μισεῖ
1885 862 1976 916 τὸν

396 956 514 1008 υίδν
551 954 739 1009 αὐτοῦ.

468 1049 641 1119 Πατρὶ
664 1048 856 1102 ἀσεϐεῖ
883 1049 1155 1122 μέμψεται
1186 1049 1372 1117 τέκνα,
1398 1049 1482 1103 ὅτι
1534 1049 1602 1103 δι’
1633 1049 1796 1104 αὐτὸν
1832 1050 1972 1102 ὀνει-

396 1142 768 1211 δ;σθήσονται.

467 1236 668 1301 Ἵππος
720 1236 1035 1306 ἀδάμαστος
1067 1237 1352 1293 ἀποϐαίνει
1407 1237 1641 1306 σκληρός
1675 1251 1690 1268 ο
1720 1237 1816 1291 καὶ
1859 1238 1974 1301 υίὸς

394 1327 680 1398 ἀνειμένος
734 1328 977 1382 ἐκϐαίνει
1033 1323 1300 1400 πρδαλής.
1348 1329 1653 1399 Τιθήνησον
1709 1328 1801 1384 τδν
1861 1330 1974 1384 υίόν

398 1436 515 1483 σου,
541 1418 635 1473 καὶ
665 1419 1003 1488 ἐκθαμϐήσει
1028 1436 1108 1486 σε,
1145 1421 1240 1473 καὶ
1289 1419 1367 1490 μὴ
1415 1419 1756 1491 συγγελάσῃς
1801 1419 1970 1491 αὐτῷ,

393 1509 480 1562 ῐνα
514 1507 589 1581 μὴ
620 1508 995 1582 συλλυπηθῇς,
1021 1510 1117 1565 καὶ
1138 1511 1224 1564 ἐπ’
1252 1511 1496 1583 ἐσχάτων
1517 1513 1819 1583 γομφιάσει
1844 1514 1972 1578 τοὺς

391 1599 612 1661 ὀδόντας
646 1616 762 1654 σου.
784 1601 878 1672 Μὴ
910 1601 1000 1664 δὸς
1031 1602 1182 1672 αὐτῷ
1206 1602 1453 1667 ἐξουσίαν
1483 1604 1541 1657 ἓν
1589 1604 1827 1675 νεότητι,
1880 1606 1971 1658 καὶ

393 1688 473 1760 μὴ
489 1690 724 1762 mean»:
746 1691 844 1755 τὰς
873 1692 1100 1760 ἀγνοίας
1127 1692 1315 1752 αὑτοῦ.
1345 1693 1579 1765 Κάμψον
1618 1694 1711 1748 τὸν
1766 1695 1970 1766 τράχη-

389 1783 481 1836 λον
506 1783 675 1838 αὑτοῦ
700 1788 757 1840 ἂν
778 1786 1012 1856 νεότητι.
1041 1786 1251 1842 Θ).άσον
1278 1789 1379 1851 τὰς
1410 1788 1649 1858 πλευρὰς
1678 1788 1865 1854 αὐτοῦ,
1894 1788 1972 1850 ὡς

2080 584 2212 654 Deo,
2238 603 2338 643 nee
2368 588 2489 643 illos
2513 587 2819 660 castigavit,
2858 586 3262 657 ideircojuravi
3292 584 3512 642 familiae
3554 588 3657 654 Eli,

2076 679 2220 748 quod
2258 694 2360 735 non
2396 680 2647 750 expietur
2681 679 2939 749 iniquitas
2970 677 3166 734 domus
3213 678 3333 749 ejus
3384 679 3438 733 in
3481 679 3654 735 suffu~

2079 768 2375 838 migatioue
2402 778 2457 824 et
2487 769 2772 824 sacriﬁciis
2800 782 2973 839 usque
3004 769 3059 823 in
3092 770 3379 825 saeculum.

2150 860 2424 939 Salamon.
2477 860 2578 926 Qui
2628 863 2801 930 parcit
2854 863 2973 917 suis
3019 862 3268 930 baculis,
3327 862 3499 919 lilium
3543 867 3659 921 oiit

2079 970 2264 1011 suum.

2151 1043 2318 1098 Eccli.
2352 1044 2481 1098 ’λιι
2537 1042 2751 1097 Patrem
2799 1042 3025 1113 impium
3071 1046 3408 1102 accusabunt
3453 1046 3608 1101 liberi
3645 1088 3657 1109 ,

2077 1136 2204 1204 quia
2235 1142 2457 1205 propter
2490 1135 2665 1202 ipsum
2699 1134 2918 1202 probris
2959 1134 3282 1193 aﬂicientur.

2149 1223 2292 1279 Ibid.
2339 1240 2469 1278 xxx.
2512 1222 2701 1294 Equus
2740 1223 3041 1281 indomitus
3070 1241 3166 1282 ore
3214 1227 3271 1282 llt
3311 1229 3471 1298 duro,
3511 1229 3657 1285 (ilius

2077 1318 2428 1389 indulgenter
2493 1324 2759 1372 tractatus
2811 1316 2872 1372 iit
2914 1320 3240 1374 temerarius
3279 1330 3334 1375 et
3395 1337 3659 1393 praeceps.

2077 1411 2305 1481 Indulge
2346 1410 2459 1466 ﬁlio
2491 1419 2621 1478 tuo,
2667 1417 2722 1465 et
2762 1409 2877 1481 ipse
2925 1411 3196 1466 territabit
3238 1421 3333 1480 te;
3382 1428 3447 1469 ne
3499 1415 3663 1469 simul

2077 1518 2202 1559 cum
2229 1503 2323 1558 illo
2350 1503 2550 1571 rideas,
2589 1512 2651 1557 ut
2680 1517 2749 1558 ne
2774 1501 2938 1558 simul
2968 1508 3091 1559 cum
3121 1504 3216 1560 illo
3246 1506 3482 1562 tristeris
3505 1516 3559 1562 et
3591 1509 3662 1562 ad

2077 1604 2384 1652 extremum
2438 1596 2695 1653 dentibus
2743 1597 2850 1652 tuis
2899 1594 3229 1652 inl‘rendeas.
3277 1595 3357 1652 Ne
3388 1599 3480 1653 des
3509 1599 3558 1653 ei
3606 1600 3660 1655 in

2071 1686 2359 1759 jnventute
2383 1688 2687 1755 licentiam,
2708 1696 2762 1744 et
2793 1687 3167 1758 ignorationes
3197 1688 3316 1758 ejus
3343 1705 3411 1744 ne
3434 1697 3658 1759 praeter-

2078 1780 2280 1836 mittas.
2318 1783 2374 1836 In
2407 1782 2692 1852 juventute
2744 1781 3010 1837 cervicem
3053 1781 3175 1851 ejus
3220 1781 3424 1838 [lectito
3453 1801 3466 1835 :
3499 1793 3552 1837 ct
3583 1782 3661 1837 la-

390 1876 504 1931 Εστι
533 1878 747 1947 νήπιος,
793 1879 868 1949 μή
893 1849 1025 1931 ποτε
1058 1849 1410 1950 σκληρυνθείς
1434 1849 1709 1953 ἀπειθήσῃ
1744 1849 1860 1945 σοι,
1879 1849 1973 1935 καλ

2101 1887 2192 1927 era
2226 1849 2645 1942 ipsins'tundito
2709 1873 2836 1928 dum
2869 1872 3048 1929 adhuc
3080 1849 3218 1943 puer
3244 1881 3348 1939 est,
3397 1889 3463 1929 ne
3494 1874 3657 1928 robu-

389 1968 546 2021 ἔσται
578 1985 661 2021 σοι
687 1969 748 2035 ἐξ
776 1971 941 2025 αὑτοῦ
973 1972 1133 2043 ὀδύνη
1163 1971 1366 2043 ψυχῆς.
1401 1971 1699 2026 Παίδευσον
1730 1972 1822 2026 τὸν
1850 1972 1967 2026 υἱόν

390 2072 511 2122 σου,
542 2061 638 2112 καὶ
661 2060 891 2131 ἐργασαι
915 2063 971 2114 ἐν
1006 2061 1171 2133 αὐτῷ,
1205 2062 1293 2116 ἴνα
1327 2064 1405 2134 μὴ
1430 2063 1487 2115 ὲν
1513 2065 1579 2135 τῇ
1614 2062 1972 2134 ἀσχημοσύνῃ

391 2148 560 2203 αὐτοῦ
604 2151 945 2225 προσκόψῃς.

465 2327 644 2381 Τέκνα
667 2328 929 2399 βδελυκτὰ
959 2331 1169 2400 γίνεται
1201 2333 1368 2388 τέκνα
1426 2334 1791 2404 ἁμαρτωλῶν.

464 2509 707 2577 Ἐγγονα
741 2507 955 2562 ἀσεϐῶν
985 2509 1045 2561 οὐ
1068 2508 1332 2579 πληθυνεῖ
1353 2509 1600 2578 κλάδους,
1668 2513 1764 2565 καὶ
1822 2512 1971 2582 ῥίζαι

387 2604 693 2677 ἀκάθαρτοι
726 2603 785 2668 ἐξ
811 2604 1120 2673 ἀκροτόπου
1141 2604 1366 2672 πέτρας.

469 2700 565 2755 Ἐκ
599 2699 915 2768 σπέρματος
946 2695 1128 2766 ὄφεων
1172 2696 1516 2761 ἐξελεύσεται
1562 2698 1760 2766 ἔκγονα
1810 2697 1972 2751 ἀσπί-

384 2795 498 2849 δων
523 2810 536 2824 ⁸
571 2793 639 2847 τὰ
668 2794 743 2846 δὲ’
768 2793 969 2861 ἔκγονα
999 2793 1181 2845 αὐτῶν
1208 2792 1362 2861 δφεις
1410 2792 1721 2861 πετόμενοι.

473 2884 833 2948 Ἀδικώτατος
866 2885 994 2954 περὶ
1019 2882 1121 2954 τὴν
1175 2885 1282 2937 τῶν
1330 2884 1572 2952 ἐγγόνων
1626 2884 1903 2954 ἐκτροφὴν
1943 2885 1972 2935 ὁ

386 2976 567 3039 huic.
594 2975 698 3027 Atio
714 2975 825 3044 γὰρ
852 2972 1145 3042 ἐξαγαγὼν
1176 2973 1444 3036 νεοττοὺς,
1462 2972 1554 3025 τὸν
1582 2971 1769 3042 ἕτερον
1789 2972 1971 3024 αὐτῶν

385 3069 469 3130 εις
491 3065 590 3137 τὴν
616 3068 721 3135 γῆν
754 3068 1194 3139 καταρρήγνυσι,
1217 3066 1336 3126 ταῖς
1363 3064 1602 3135 πληγαῖς
1630 3063 1740 3117 τῶν
1771 3062 1971 3132 πτερύ-

2076 1975 2196 2020 stus
2231 1965 2410 2020 factus
2452 1966 2591 2020 nolit
2622 1965 2718 2020 tibi
2758 1980 2974 2034 parere,
3010 1973 3175 2036 atque
3201 1980 3264 2019 ex
3291 1980 3355 2021 eo
3388 1974 3514 2021 tuus
3541 1965 3660 2020 ani-

2077 2071 2198 2108 mus
2226 2055 2472 2111 dolorem
2509 2057 2689 2127 capiat
2725 2058 3049 2112 maximum.
3099 2056 3296 2112 Filium
3348 2067 3499 2111 tuum
3532 2068 3663 2114 eru-

2074 2148 2189 2202 dito
2220 2163 2284 2204 ac
2316 2148 2608 2218 perpolito,
2643 2156 2700 2203 ut
2727 2150 2781 2205 in
2806 2150 3147 2218 turpitudine
3169 2150 3318 2206 illius
3348 2167 3455 2207 non
3487 2148 3658 2206 oii‘en-

2072 2240 2249 2296 duris.

2143 2333 2507 2391 Abominandi
2538 2344 2666 2392 sunt
2688 2334 2845 2389 liberi
2871 2333 3245 2404 improborum
3276 2344 3332 2391 et
3358 2337 3658 2392 sceleribus

2076 2425 2383 2481 inl‘amium.

2146 2518 2442 2588 [inpiorum
2475 2521 2676 2590 posteri
2716 2536 2822 2576 non
2875 2519 3320 2591 multiplicabant
3367 2532 3569 2586 ramos,
3600 2531 3658 2574 et

2075 2610 2285 2665 radices
2314 2627 2378 2665 ex
2413 2614 2735 2669 acutissimo
2774 2629 2910 2670 saxo
2942 2615 3193 2683 impurae.

2145 2703 2223 2755 Ex
2252 2702 2462 2757 semine
2500 2714 2816 2775 serpentum
2873 2705 3172 2776 prodibunt
3202 2702 3451 2773 aspidum
3487 2701 3655 2768 l‘etus,

2072 2790 2215 2847 fetus
2246 2800 2426 2847 autem
2461 2795 2703 2863 ipsarum
2734 2801 3018 2864 serpentes
3051 2803 3212 2848 erunt
3238 2792 3506 2847 volantes.

2136 2884 2330 2938 Incerti
2360 2885 2615 2939 auctoris.
2654 2884 3052 2941 Crudelissima
3094 2884 3265 2941 estin
3310 2882 3473 2954 pullis
3519 2882 3656 2938 edu-

2073 2975 2263 3032 candis
2293 2978 2516 3045 aquila;
2555 2977 2693 3031 duos
2743 2976 2888 3032 enim
2927 2991 3055 3031 cum
3086 2975 3319 3030 ediderit
3348 2974 3547 3043 pullos,
3578 2973 3659 3027 a1-

2074 3073 2250 3120 terum
2305 3066 2408 3121 alis
2457 3066 2746 3137 impellens
2800 3068 2858 3121 in
2899 3075 3105 3122 terram
3139 3066 3404 3138 deiectum
3441 3065 3652 3132 allidit,

385 3175 501 3227 γων
521 3158 911 3227 ἀπωθούμενος
942 3174 956 3189 °
987 3158 1079 3212 τὸν
1109 3157 1166 3211 δὲ
1191 3158 1277 3211 ῑτε
1287 3174 1380 3227 ρον
1404 3157 1565 3227 μόνον
1599 3154 1779 3210 λαϐὼν
1800 3158 1970 3208 οἰκει-

2098 3158 2306 3213 ιΙιειιιιιι
2350 3165 2626 3214 retentum
2656 3159 3041 3215 tantummodo
3062 3173 3162 3229 pro
3192 3172 3296 3214 suo
3324 3167 3378 3214 et
3407 3157 3656 3228 legitimo

383 3248 567 3318 οὓται,
587 3253 675 3303 διὰ
698 3251 759 3303 τὸ
788 3248 887 3320 τῆς
939 3248 1152 3319 τροφῆς
1208 3248 1488 3319 ἐπίμονον,
1532 3246 1966 3318 ἀποποιούμενος

383 3340 447 3395 ὃν
478 3343 787 3412 ἐγέννησεν.
814 3342 1058 3395 Τοιούτοι
1085 3342 1192 3394 τῶν
1214 3341 1415 3408 γονέων
1446 3339 1588 3393 εἰσιν
1631 3339 1679 3392 oi
1709 3339 1803 3391 ἐπὶ
1837 3353 1968 3408 προ-

384 3435 552 3505 φάσει
577 3434 770 3497 πενίας
794 3433 1132 3503 ἐκτιθέμενοι
1157 3435 1223 3487 τὰ
1250 3435 1446 3503 νήπια,
1470 3433 1521 3487 οῖ
1553 3432 1647 3487 καλ⁸
1676 3433 1733 3484 ἐν
1769 3434 1828 3500 τῇ
1853 3430 1968 3484 δια-

386 3532 529 3603 νομῇ
553 3530 651 3584 τοῦ
679 3530 882 3601 κλήρου
912 3530 1238 3583 ἁνισώτατοι
1274 3530 1412 3599 πρὸς
1438 3528 1506 3581 τὰ
1531 3527 1751 3595 ἔγγονα.

470 3708 672 3779 Ἰερεὺς
701 3704 771 3779 ἦν
815 3709 846 3760 ύ
905 3706 1076 3773 Ἠλεὶ,
1127 3705 1223 3760 καὶ
1280 3706 1395 3768 τοῖς
1441 3706 1639 3758 παισὶν
1673 3701 1966 3757 ἀσεϐοῦσιν

385 3800 692 3870 ἐπέπληττε
724 3799 846 3870 μὲν,
872 3796 955 3852 ὅτι
987 3797 1044 3852 δὲ
1078 3798 1153 3868 μὴ
1216 3795 1462 3869 σφοδρῶς
1520 3796 1808 3867 ἐνεκλήθη,
1873 3798 1965 3849 κα)⁸

383 3892 542 3963 δίκην
566 3892 764 3963 ὑπέσχε
796 3892 975 3963 πατὴρ
1011 3890 1245 3963 εὐλαϐὴς
1275 3891 1482 3944 παίδων
1514 3891 1885 3960 παρανομίας.

458 4072 878 4143 Καταγέλαστον
911 4071 1206 4142 ἀνθρώπῳ,
1243 4072 1322 4141 τῷ
1372 4072 1485 4124 τῶν
1542 4071 1688 4124 ἰδίων
1736 4072 1964 4141 ἀφειδῆ.

387 4185 565 4234 σαντι,
601 4166 882 4221 παιδεύειν
918 4164 1097 4229 ξένους
1133 4163 1528 4235 ἐπιχειροῦντι.

995 4283 1217 4336 ΛΟΓΟΣ
1248 4282 1349 4336 ιΑν.

385 4376 527 4447 Περὶ
556 4377 787 4434 παίδων
810 4368 1112 4448 τιμώντων
1167 4393 1389 4446 rorem,
1439 4375 1555 4448 καί
1596 4374 1713 4448 ὅσα
1764 4375 1966 4429 ἕπεται

634 4449 824 4517 ἀγαθὰ
867 4446 1006 4514 ’τοῖς
1038 4447 1459 4501 ὑπακούουσιν
1489 4446 1715 4512 αὐτοῖς.

2071 3250 2254 3317 habet,
2307 3252 2467 3306 tmdio
2520 3252 2907 3308 nutricationis
2963 3266 3125 3322 quem
3186 3250 3491 3322 procrearit
3541 3250 3659 3320 ipsa

2070 3345 2364 3414 repudians
2404 3351 2460 3399 et
2517 3345 2802 3400 abdicans.
2860 3344 3022 3400 Tales
3081 3355 3206 3399 sunt
3260 3350 3515 3413 parentes
3562 3342 3663 3409 qui

2070 3438 2407 3508 paupertatis
2441 3442 2629 3507 specie
2656 3451 2791 3492 suos
2827 3452 3030 3506 pueros
3060 3436 3299 3491 infantes
3325 3444 3610 3504 exponunt
3630 3472 3651 3498 ,

2068 3529 2161 3600 qui
2209 3540 2262 3584 et
2313 3530 2428 3586 suis
2483 3530 2719 3600 posteris
2764 3530 2817 3584 in
2865 3529 3202 3585 hazreditatis
3262 3527 3659 3584 distributione

2075 3621 2412 3692 iniquissimi
2446 3632 2598 3677 sunt.
3618 3636 3623 3645 ‘

2143 3712 2171 3767 I
2192 3712 2318 3783 Reg.
2351 3727 2409 3767 ιι.
2434 3711 2704 3768 Sacerdos
2728 3712 2833 3768 fuit
2856 3712 2959 3780 Eli,
2994 3728 3059 3768 ac
3086 3712 3225 3769 ﬁlios
3258 3725 3389 3768 suos
3412 3709 3661 3781 impiese

2080 3808 2331 3869 gerentes
2378 3799 2731 3870 reprehendit
2773 3802 3017 3872 quidem,
3049 3802 3147 3857 sed
3181 3801 3309 3870 quia
3360 3815 3468 3855 non
3517 3800 3656 3854 satis

2071 3892 2417 3947 vehementer
2476 3891 2833 3962 objurgavit,
2890 3902 3050 3964 pater
3101 3893 3390 3965 religiosus
3434 3904 3652 3961 pinnam

2069 3984 2304 4039 ﬁliorum
2338 3987 2659 4042 temeritatis
2687 3997 2739 4044 et
2765 3986 3072 4055 iniquitatis
3104 3984 3225 4040 luit.
3284 3996 3287 3999 '

2144 4074 2408 4147 Diogenis.
2445 4075 2751 4134 Ridiculum
2794 4089 2880 4133 est
2923 4090 3045 4133 eum
3107 4077 3202 4148 qui
3248 4076 3363 4133 suis
3426 4068 3641 4146 parcat;

2069 4168 2279 4224 alienos
2310 4170 2578 4240 castigare
2604 4169 2765 4228 velle.

2444 4285 2677 4340 SEltMO
2719 4284 2788 4340 χι
2828 4284 2929 4358 [αι.
2969 4282 3276 4357 CXXVIII].

2072 4377 2146 4431 De
2176 4375 2353 4431 liberis
2387 4388 2629 4447 parentes
2660 4378 3068 4446 Itonorantibus,
3110 4387 3161 4431 et
3196 4394 3311 4449 quae
3341 4375 3480 4433 bona
3523 4389 3652 4430 con-

2353 4457 2646 4517 sequantur
2675 4450 2767 4518 qui
2802 4449 2910 4503 illis
2937 4448 3366 4518 obtemperarint.

457 4541 607 4613 Τίμα
635 4542 727 4594 τὸν
757 4542 971 4610 πατέρα
1002 4556 1094 4592 σου
1118 4541 1214 4593 καὶ
1239 4540 1338 4608 τὴν
1396 4539 1608 4608 μητέρα
1647 4556 1760 4604 σου,
1794 4539 1879 4592 ἵνα
1904 4538 1963 4592 εὖ

2142 4537 2315 4593 Exod.
2349 4556 2441 4594 xx.
2473 4538 2690 4594 Honora
2721 4547 2929 4608 patrem
2960 4547 3013 4594 et
3048 4549 3272 4593 matrem
3300 4545 3447 4592 tuam
3473 4544 3532 4591 ut
3555 4534 3652 4591 tibi

386 4652 473 4689 σοι
498 4634 747 4703 γένηται,
779 4634 875 4687 καὶ
935 4631 1326 4702 μακροχρόνιος
1357 4631 1453 4703 ἔσῃ
1478 4632 1569 4685 ἐπὶ
1597 4633 1698 4700 τῆς
1726 4632 1851 4701 γῆς.

461 4727 737 4788 Ἕκαστος
759 4722 973 4794 πατέρα
1000 4724 1167 4777 αὑτοῦ
1193 4725 1286 4776 καὶ
1313 4724 1526 4794 μητέρα
1557 4723 1852 4792 φοϐείσθω.

458 4901 579 4968 Υἱὲ,
606 4902 850 4971 φύλασσε
876 4903 1074 4972 νόμους
1096 4902 1303 4974 πατρός
1338 4916 1455 4964 σου,
1487 4901 1583 4955 καὶ
1633 4901 1708 4971 μὴ
1765 4903 1964 4975 ἀπὼσῃ

387 4993 625 5066 θεσμοὺς
658 4997 864 5068 μητρός
889 5013 1005 5060 σου,
1036 4995 1251 5064 ἄφαψαι
1279 4993 1335 5047 δὲ
1371 4993 1569 5057 αὐτοὺς
1598 4993 1691 5047 ἐπὶ
1744 4995 1810 5064 σῇ
1862 4994 1964 5064 ψυ-

385 5091 457 5159 χῇ
488 5089 802 5152 διαπαντὸς,
849 5089 944 5142 καὶ
994 5088 1316 5155 ὲγκλοιωσαι
1362 5086 1493 5157 περὶ
1553 5087 1633 5155 σῷ
1680 5086 1960 5157 τραχήλῳ.

385 5181 659 5250 Στέφανον
692 5179 797 5251 γὰρ
829 5180 1067 5250 χαρίτων
1116 5179 1243 5251 δέξῃ
1278 5181 1344 5249 σῇ
1372 5180 1608 5249 κορυφῇ,
1636 5178 1731 5230 καὶ
1782 5177 1964 5231 κλοιὸν

388 5271 620 5342 χρύσεον
646 5273 771 5342 περὶ
796 5271 872 5340 σῷ
906 5268 1181 5342 τραχήλῳ,

465 5362 691 5426 Ἄκουε,
729 5362 836 5427 υίὲ,
867 5361 1073 5432 πατρὸς
1099 5360 1195 5414 τοῦ
1233 5361 1592 5431 γεννήσαντάς
1628 5377 1712 5427 σε,
1760 5362 1854 5413 καὶ
1887 5360 1961 5430 μὴ

388 5453 745 5524 καταφρόνει,
775 5455 859 5506 ὅτι
882 5456 1162 5521 γεγήρακὲ
1208 5468 1300 5504 σου
1329 5455 1362 5522 ή
1401 5454 1606 5523 μήτηρ.

460 5545 588 5609 Υίὸς
617 5542 829 5611 δοξάζει
855 5544 1082 5612 πατέρα.
1150 5544 1259 5596 Καὶ
1305 5545 1353 5598 εἰ
1411 5545 1604 5617 Πατήρ
1662 5547 1777 5614 εἰμι
1828 5541 1960 5612 ἐγὼ,

385 5635 491 5690 ποῦ
523 5639 667 5689 ἔστιν
697 5637 730 5707 ὴ
772 5636 897 5702 δόξα
947 5652 1047 5703 μου
1073 5649 1088 5700 ;

468 5729 531 5782 '0
561 5728 738 5797 τιμῶν
777 5729 992 5799 πατέρα
1049 5728 1217 5781 αὑτοῦ
1271 5727 1615 5793 ὲξιλάσκεται
1661 5726 1957 5798 ἁμαρτίας.

386 5820 498 5878 Καὶ
521 5820 596 5885 ὡς
625 5821 655 5874 ὁ
676 5820 1156 5892 ἀποθησαυρίζων,
1187 5823 1216 5873 ὁ
1244 5818 1482 5883 δοξάζων
1515 5821 1730 5890 μητέρα
1753 5818 1915 5872 αὑτοῦ
1941 5834 1955 5849 ·

2073 4625 2210 4681 bene
2247 4628 2338 4693 sit,
2372 4638 2426 4683 et
2459 4629 2620 4697 longo
2644 4635 2892 4695 tempore
2923 4628 2979 4681 in
3009 4635 3154 4682 terra
3184 4626 3363 4680 vivas.

2150 4720 2303 4792 15],
2344 4720 2506 4775 Levii.
2549 4736 2659 4774 xix.
2699 4719 2915 4774 Patrem
2950 4735 3106 4775 suum
3144 4718 3376 4788 quisque
3421 4731 3487 4772 ac
3535 4704 3649 4771 ma»

2067 4826 2202 4869 trem
2246 4820 2472 4867 metuat.

2136 4906 2264 4970 Fili,
2297 4920 2429 4960 cave
2477 4903 2647 4959 violes
2695 4918 2724 4957 a
2761 4911 2916 4973 patre
2947 4902 3045 4959 tibi
3077 4903 3363 4974 impositas
3396 4903 3563 4977 leges,
3597 4917 3654 4962 et

2071 4999 2262 5053 matris
2307 4997 2514 5052 monita
2549 5010 2618 5050 ne
2656 4995 2927 5065 repellite,
2968 4994 3066 5053 sed
3106 4996 3376 5067 applicato
3430 5013 3652 5070 semper

2068 5102 2251 5143 annuo
2281 5095 2395 5154 tuo,
2424 5096 2477 5141 et
2521 5086 2664 5142 collo
2698 5094 2796 5142 tuo
2841 5086 3063 5155 alligato
3091 5104 3108 5154 ;
3157 5088 3457 5157 gratiarum
3503 5090 3654 5147 enim

2067 5193 2325 5235 coronam
2352 5180 2413 5233 in
2436 5179 2696 5234 verticem
2724 5179 2923 5249 capitis
2954 5180 3208 5253 recipies,
3238 5191 3293 5238 et
3323 5182 3525 5240 monile
3546 5199 3650 5241 au-

2069 5284 2218 5326 reum
2246 5270 2304 5324 in
2340 5269 2542 5325 collum
2580 5279 2757 5325 tuum.

2138 5361 2301 5427 Audi,
2329 5361 2426 5425 iiii,
2462 5372 2667 5432 patrem
2703 5362 2796 5431 qui
2847 5370 2899 5418 te
2929 5366 3253 5432 procreavit,
3288 5380 3386 5422 nec
3416 5369 3646 5418 matrem

2073 5469 2261 5509 senem
2295 5455 2655 5510 contemnito.

2139 5545 2377 5602 Malach.
2414 5564 2451 5601 ι.
2487 5546 2654 5603 Filius
2683 5550 2869 5621 gloriae
2899 5553 3003 5607 erit
3032 5549 3199 5622 patri.
3228 5548 3383 5614 Quod
3414 5545 3462 5603 si
3483 5544 3647 5605 Pater

2066 5654 2186 5695 sum
2218 5653 2340 5709 ego,
2372 5639 2465 5694 ubi
2492 5640 2808 5709 gloria,mea
2834 5643 2858 5696 ἲ

2139 5729 2307 5785 Eccli.
2335 5744 2417 5786 ιιι.
2456 5731 2559 5798 Qui
2596 5740 2812 5803 patrem
2852 5745 3010 5788 suum
3038 5731 3247 5784 honore
3283 5727 3469 5793 allicit,
3505 5729 3649 5786 delet

2068 5831 2315 5893 peccata.
2350 5822 2540 5890 Qualis
2565 5835 2648 5884 est
2681 5828 2773 5898 qui
2805 5826 3093 5880 thesauros
3121 5822 3386 5888 recondit,
3420 5823 3541 5881 talis
3569 5836 3650 5879 ιει
