  <div class='ocr_page' id='page_1' title='image "/cluster/home/n/w/nwhite01/storage/ocr_20150623/136/mdp.39015038093210/531.png"; bbox 0 0 3992 6252; ppageno 0'>
   <div class='ocr_carea' id='block_1_1' title="bbox 401 335 540 405">
    <p class='ocr_par' dir='ltr' id='par_1_1' title="bbox 401 335 540 405">
     <span class='ocr_line' id='line_1_1' title="bbox 401 335 540 405; baseline -0.05 0"><span class='ocrx_word' id='word_1_1' title='bbox 401 335 540 405; x_wconf 71' lang='grc'><strong>1047</strong></span> 
     </span>
    </p>
   </div>
   <div class='ocr_carea' id='block_1_2' title="bbox 1637 322 2352 386">
    <p class='ocr_par' dir='ltr' id='par_1_2' title="bbox 1637 322 2352 386">
     <span class='ocr_line' id='line_1_2' title="bbox 1637 322 2352 386; baseline 0 -4"><span class='ocrx_word' id='word_1_2' title='bbox 1637 322 1960 386; x_wconf 78' lang='grc' dir='ltr'><strong>ΑΝΤΟΝΙΙ</strong></span> <span class='ocrx_word' id='word_1_3' title='bbox 2002 322 2352 385; x_wconf 72' lang='grc' dir='ltr'>ΜΕΜΞΞιΕ</span> 
     </span>
    </p>
   </div>
   <div class='ocr_carea' id='block_1_3' title="bbox 3519 316 3650 382">
    <p class='ocr_par' dir='ltr' id='par_1_3' title="bbox 3519 316 3650 382">
     <span class='ocr_line' id='line_1_3' title="bbox 3519 316 3650 382; baseline -0.015 0"><span class='ocrx_word' id='word_1_4' title='bbox 3519 316 3650 382; x_wconf 67' lang='grc'><strong>1058</strong></span> 
     </span>
    </p>
   </div>
   <div class='ocr_carea' id='block_1_4' title="bbox 398 434 1974 523">
    <p class='ocr_par' dir='ltr' id='par_1_4' title="bbox 398 438 1974 523">
     <span class='ocr_line' id='line_1_4' title="bbox 398 438 1974 523; baseline -0.008 -17"><span class='ocrx_word' id='word_1_5' title='bbox 398 455 492 523; x_wconf 87' lang='lat' dir='ltr'><strong>qui</strong></span> <span class='ocrx_word' id='word_1_6' title='bbox 524 456 752 507; x_wconf 86' lang='lat' dir='ltr'><strong>matrem</strong></span> <span class='ocrx_word' id='word_1_7' title='bbox 783 462 937 504; x_wconf 88' lang='lat' dir='ltr'><strong>suam</strong></span> <span class='ocrx_word' id='word_1_8' title='bbox 961 442 1132 517; x_wconf 85' lang='lat' dir='ltr'><strong>gloria</strong></span> <span class='ocrx_word' id='word_1_9' title='bbox 1158 438 1319 496; x_wconf 76' lang='lat' dir='ltr'><strong>allicit</strong></span> <span class='ocrx_word' id='word_1_10' title='bbox 1348 458 1362 507; x_wconf 88' lang='lat'><strong>;</strong></span> <span class='ocrx_word' id='word_1_11' title='bbox 1395 439 1487 510; x_wconf 85' lang='lat' dir='ltr'><strong>qui</strong></span> <span class='ocrx_word' id='word_1_12' title='bbox 1516 449 1722 511; x_wconf 87' lang='lat' dir='ltr'><strong>patrem</strong></span> <span class='ocrx_word' id='word_1_13' title='bbox 1747 440 1974 497; x_wconf 85' lang='lat' dir='ltr'><strong>honorat</strong></span> 
     </span>
    </p>
   </div>
   <div class='ocr_carea' id='block_1_5' title="bbox 2093 434 3652 523">
    <p class='ocr_par' dir='ltr' id='par_1_5' title="bbox 2093 434 3652 511">
     <span class='ocr_line' id='line_1_5' title="bbox 2093 434 3652 511; baseline -0.006 -16"><span class='ocrx_word' id='word_1_14' title='bbox 2093 439 2301 511; x_wconf 83' lang='grc' dir='ltr'>5τιμῶν</span> <span class='ocrx_word' id='word_1_15' title='bbox 2328 438 2542 510; x_wconf 80' lang='grc' dir='ltr'>πατέρα</span> <span class='ocrx_word' id='word_1_16' title='bbox 2574 437 3009 510; x_wconf 72' lang='grc' dir='ltr'>εὐφρανθήσεται</span> <span class='ocrx_word' id='word_1_17' title='bbox 3042 435 3144 489; x_wconf 72' lang='grc' dir='ltr'><strong>ὑπὸ</strong></span> <span class='ocrx_word' id='word_1_18' title='bbox 3195 435 3424 500; x_wconf 85' lang='grc' dir='ltr'>τέκνων,</span> <span class='ocrx_word' id='word_1_19' title='bbox 3454 434 3550 487; x_wconf 74' lang='grc' dir='ltr'>καὶ</span> <span class='ocrx_word' id='word_1_20' title='bbox 3599 436 3652 485; x_wconf 79' lang='grc' dir='ltr'>ἐν</span> 
     </span>
    </p>
   </div>
   <div class='ocr_carea' id='block_1_6' title="bbox 401 533 1977 603">
    <p class='ocr_par' dir='ltr' id='par_1_6' title="bbox 401 533 1977 603">
     <span class='ocr_line' id='line_1_6' title="bbox 401 533 1977 603; baseline -0.008 -3"><span class='ocrx_word' id='word_1_21' title='bbox 401 560 432 600; x_wconf 82' lang='lat' dir='ltr'><strong>s</strong></span> <span class='ocrx_word' id='word_1_22' title='bbox 465 543 592 599; x_wconf 81' lang='lat' dir='ltr'><strong>ﬁliis</strong></span> <span class='ocrx_word' id='word_1_23' title='bbox 618 541 806 597; x_wconf 81' lang='lat' dir='ltr'><strong>laetitia</strong></span> <span class='ocrx_word' id='word_1_24' title='bbox 840 538 1124 603; x_wconf 79' lang='lat' dir='ltr'><strong>aliieietur,</strong></span> <span class='ocrx_word' id='word_1_25' title='bbox 1155 543 1208 589; x_wconf 92' lang='lat' dir='ltr'><strong>et</strong></span> <span class='ocrx_word' id='word_1_26' title='bbox 1257 533 1525 588; x_wconf 79' lang='lat' dir='ltr'><strong>orationis</strong></span> <span class='ocrx_word' id='word_1_27' title='bbox 1570 548 1684 589; x_wconf 83' lang='lat' dir='ltr'><strong>suae</strong></span> <span class='ocrx_word' id='word_1_28' title='bbox 1731 540 1977 602; x_wconf 89' lang='lat' dir='ltr'><strong>tempore</strong></span> 
     </span>
    </p>
   </div>
   <div class='ocr_carea' id='block_1_7' title="bbox 397 624 1980 701">
    <p class='ocr_par' dir='ltr' id='par_1_7' title="bbox 397 624 1980 701">
     <span class='ocr_line' id='line_1_7' title="bbox 397 624 1980 701; baseline -0.007 -11"><span class='ocrx_word' id='word_1_29' title='bbox 397 638 510 691; x_wconf 83' lang='lat' dir='ltr'><strong>voti</strong></span> <span class='ocrx_word' id='word_1_30' title='bbox 546 634 639 690; x_wconf 77' lang='lat' dir='ltr'><strong>(iet</strong></span> <span class='ocrx_word' id='word_1_31' title='bbox 687 645 932 701; x_wconf 85' lang='lat' dir='ltr'><strong>compos.</strong></span> <span class='ocrx_word' id='word_1_32' title='bbox 969 627 1074 694; x_wconf 82' lang='lat' dir='ltr'><strong>Qui</strong></span> <span class='ocrx_word' id='word_1_33' title='bbox 1109 635 1320 698; x_wconf 92' lang='lat' dir='ltr'><strong>patrem</strong></span> <span class='ocrx_word' id='word_1_34' title='bbox 1356 625 1527 697; x_wconf 85' lang='lat' dir='ltr'><strong>gloria</strong></span> <span class='ocrx_word' id='word_1_35' title='bbox 1562 624 1825 689; x_wconf 71' lang='lat' dir='ltr'><strong>affecerit,</strong></span> <span class='ocrx_word' id='word_1_36' title='bbox 1861 626 1980 680; x_wconf 86' lang='lat' dir='ltr'><strong>lon-</strong></span> 
     </span>
    </p>
   </div>
   <div class='ocr_carea' id='block_1_8' title="bbox 400 717 1978 798">
    <p class='ocr_par' dir='ltr' id='par_1_8' title="bbox 400 717 1978 798">
     <span class='ocr_line' id='line_1_8' title="bbox 400 717 1978 798; baseline -0.006 -16"><span class='ocrx_word' id='word_1_37' title='bbox 400 740 583 798; x_wconf 63' lang='lat' dir='ltr'><strong>gaivus</strong></span> <span class='ocrx_word' id='word_1_38' title='bbox 634 723 745 779; x_wconf 71' lang='lat' dir='ltr'><strong>erit</strong></span> <span class='ocrx_word' id='word_1_39' title='bbox 776 762 791 787; x_wconf 89' lang='lat'><strong>,</strong></span> <span class='ocrx_word' id='word_1_40' title='bbox 819 732 874 776; x_wconf 86' lang='lat' dir='ltr'><strong>et</strong></span> <span class='ocrx_word' id='word_1_41' title='bbox 912 719 1006 790; x_wconf 87' lang='lat' dir='ltr'><strong>qui</strong></span> <span class='ocrx_word' id='word_1_42' title='bbox 1039 719 1189 773; x_wconf 86' lang='lat' dir='ltr'><strong>audit</strong></span> <span class='ocrx_word' id='word_1_43' title='bbox 1225 717 1511 772; x_wconf 87' lang='lat' dir='ltr'><strong>Dominum</strong></span> <span class='ocrx_word' id='word_1_44' title='bbox 1547 724 1773 772; x_wconf 82' lang='lat' dir='ltr'><strong>matrem</strong></span> <span class='ocrx_word' id='word_1_45' title='bbox 1822 732 1978 773; x_wconf 88' lang='lat' dir='ltr'><strong>suam</strong></span> 
     </span>
    </p>
   </div>
   <div class='ocr_carea' id='block_1_9' title="bbox 399 809 1980 884">
    <p class='ocr_par' dir='ltr' id='par_1_9' title="bbox 399 809 1980 884">
     <span class='ocr_line' id='line_1_9' title="bbox 399 809 1980 884; baseline -0.007 -8"><span class='ocrx_word' id='word_1_46' title='bbox 399 817 687 882; x_wconf 85' lang='lat' dir='ltr'><strong>recreabit,</strong></span> <span class='ocrx_word' id='word_1_47' title='bbox 733 823 788 871; x_wconf 90' lang='lat' dir='ltr'><strong>et</strong></span> <span class='ocrx_word' id='word_1_48' title='bbox 828 826 1084 884; x_wconf 82' lang='lat' dir='ltr'><strong>tanquam</strong></span> <span class='ocrx_word' id='word_1_49' title='bbox 1119 809 1357 866; x_wconf 86' lang='lat' dir='ltr'><strong>dominis</strong></span> <span class='ocrx_word' id='word_1_50' title='bbox 1401 809 1604 864; x_wconf 84' lang='lat' dir='ltr'><strong>serviet</strong></span> <span class='ocrx_word' id='word_1_51' title='bbox 1654 809 1722 864; x_wconf 89' lang='lat' dir='ltr'><strong>iis</strong></span> <span class='ocrx_word' id='word_1_52' title='bbox 1770 811 1866 880; x_wconf 89' lang='lat' dir='ltr'><strong>qui</strong></span> <span class='ocrx_word' id='word_1_53' title='bbox 1921 824 1980 865; x_wconf 89' lang='lat' dir='ltr'><strong>se</strong></span> 
     </span>
    </p>
   </div>
   <div class='ocr_carea' id='block_1_10' title="bbox 399 902 1980 981">
    <p class='ocr_par' dir='ltr' id='par_1_10' title="bbox 399 902 1980 981">
     <span class='ocr_line' id='line_1_10' title="bbox 399 902 1980 981; baseline -0.004 -19"><span class='ocrx_word' id='word_1_54' title='bbox 399 909 765 981; x_wconf 88' lang='lat' dir='ltr'><strong>procrearint.</strong></span> <span class='ocrx_word' id='word_1_55' title='bbox 813 906 996 963; x_wconf 81' lang='lat' dir='ltr'><strong>Verbo</strong></span> <span class='ocrx_word' id='word_1_56' title='bbox 1039 912 1094 960; x_wconf 90' lang='lat' dir='ltr'><strong>et</strong></span> <span class='ocrx_word' id='word_1_57' title='bbox 1136 917 1301 974; x_wconf 88' lang='lat' dir='ltr'><strong>opera</strong></span> <span class='ocrx_word' id='word_1_58' title='bbox 1345 910 1550 971; x_wconf 85' lang='lat' dir='ltr'><strong>patrem</strong></span> <span class='ocrx_word' id='word_1_59' title='bbox 1593 902 1774 968; x_wconf 75' lang='lat' dir='ltr'><strong>colito,</strong></span> <span class='ocrx_word' id='word_1_60' title='bbox 1811 912 1868 957; x_wconf 88' lang='lat' dir='ltr'><strong>nt</strong></span> <span class='ocrx_word' id='word_1_61' title='bbox 1913 903 1980 957; x_wconf 89' lang='lat' dir='ltr'><strong>ab</strong></span> 
     </span>
    </p>
   </div>
   <div class='ocr_carea' id='block_1_11' title="bbox 394 988 1979 1054">
    <p class='ocr_par' dir='ltr' id='par_1_11' title="bbox 394 988 1979 1054">
     <span class='ocr_line' id='line_1_11' title="bbox 394 988 1979 1054; baseline -0.004 -2"><span class='ocrx_word' id='word_1_62' title='bbox 394 1001 488 1054; x_wconf 90' lang='lat' dir='ltr'><strong>illo</strong></span> <span class='ocrx_word' id='word_1_63' title='bbox 523 999 619 1054; x_wconf 88' lang='lat' dir='ltr'><strong>tibi</strong></span> <span class='ocrx_word' id='word_1_64' title='bbox 654 996 957 1053; x_wconf 82' lang='lat' dir='ltr'><strong>benedictio</strong></span> <span class='ocrx_word' id='word_1_65' title='bbox 989 993 1217 1050; x_wconf 87' lang='lat' dir='ltr'><strong>accidat.</strong></span> <span class='ocrx_word' id='word_1_66' title='bbox 1245 990 1426 1047; x_wconf 84' lang='lat' dir='ltr'><strong>Patris</strong></span> <span class='ocrx_word' id='word_1_67' title='bbox 1446 988 1757 1047; x_wconf 90' lang='lat' dir='ltr'><strong>benedictio</strong></span> <span class='ocrx_word' id='word_1_68' title='bbox 1787 991 1979 1047; x_wconf 89' lang='lat' dir='ltr'><strong>domos</strong></span> 
     </span>
    </p>
   </div>
   <div class='ocr_carea' id='block_1_12' title="bbox 391 1083 1981 1156">
    <p class='ocr_par' dir='ltr' id='par_1_12' title="bbox 391 1083 1981 1156">
     <span class='ocr_line' id='line_1_12' title="bbox 391 1083 1981 1156; baseline -0.004 -10"><span class='ocrx_word' id='word_1_69' title='bbox 391 1092 694 1146; x_wconf 83' lang='lat' dir='ltr'><strong>liberorum</strong></span> <span class='ocrx_word' id='word_1_70' title='bbox 754 1091 971 1156; x_wconf 84' lang='lat' dir='ltr'><strong>ﬁrmat;</strong></span> <span class='ocrx_word' id='word_1_71' title='bbox 1014 1097 1068 1142; x_wconf 91' lang='lat' dir='ltr'><strong>at</strong></span> <span class='ocrx_word' id='word_1_72' title='bbox 1110 1084 1302 1141; x_wconf 85' lang='lat' dir='ltr'><strong>matris</strong></span> <span class='ocrx_word' id='word_1_73' title='bbox 1356 1083 1662 1139; x_wconf 77' lang='lat' dir='ltr'><strong>exsecratio</strong></span> <span class='ocrx_word' id='word_1_74' title='bbox 1718 1084 1981 1141; x_wconf 83' lang='lat' dir='ltr'><strong>radicitus</strong></span> 
     </span>
    </p>
   </div>
   <div class='ocr_carea' id='block_1_13' title="bbox 391 1183 1063 1252">
    <p class='ocr_par' dir='ltr' id='par_1_13' title="bbox 391 1183 1063 1252">
     <span class='ocr_line' id='line_1_13' title="bbox 391 1183 1063 1252; baseline -0.004 -15"><span class='ocrx_word' id='word_1_75' title='bbox 391 1183 749 1239; x_wconf 78' lang='lat' dir='ltr'><strong>fundamenta</strong></span> <span class='ocrx_word' id='word_1_76' title='bbox 774 1183 987 1236; x_wconf 82' lang='lat' dir='ltr'><strong>evertit.</strong></span> <span class='ocrx_word' id='word_1_77' title='bbox 1054 1244 1063 1252; x_wconf 33' lang='grc' dir='ltr'><strong><em>ο</em></strong></span> 
     </span>
    </p>
   </div>
   <div class='ocr_carea' id='block_1_14' title="bbox 467 1267 1981 1341">
    <p class='ocr_par' dir='ltr' id='par_1_14' title="bbox 467 1267 1981 1341">
     <span class='ocr_line' id='line_1_14' title="bbox 467 1267 1981 1341; baseline -0.005 -12"><span class='ocrx_word' id='word_1_78' title='bbox 467 1274 611 1330; x_wconf 85' lang='lat' dir='ltr'><strong>Ibid.</strong></span> <span class='ocrx_word' id='word_1_79' title='bbox 639 1272 766 1339; x_wconf 89' lang='lat' dir='ltr'><strong>Fili,</strong></span> <span class='ocrx_word' id='word_1_80' title='bbox 801 1273 1111 1329; x_wconf 87' lang='lat' dir='ltr'><strong>succurrite</strong></span> <span class='ocrx_word' id='word_1_81' title='bbox 1140 1272 1279 1341; x_wconf 90' lang='lat' dir='ltr'><strong>patri</strong></span> <span class='ocrx_word' id='word_1_82' title='bbox 1317 1270 1649 1334; x_wconf 85' lang='lat' dir='ltr'><strong>senescenti,</strong></span> <span class='ocrx_word' id='word_1_83' title='bbox 1682 1277 1736 1324; x_wconf 91' lang='lat' dir='ltr'><strong>et</strong></span> <span class='ocrx_word' id='word_1_84' title='bbox 1766 1267 1811 1324; x_wconf 92' lang='lat' dir='ltr'><strong>si</strong></span> <span class='ocrx_word' id='word_1_85' title='bbox 1844 1268 1981 1321; x_wconf 86' lang='lat' dir='ltr'><strong>ami-</strong></span> 
     </span>
    </p>
   </div>
   <div class='ocr_carea' id='block_1_15' title="bbox 391 1359 1978 1435">
    <p class='ocr_par' dir='ltr' id='par_1_15' title="bbox 391 1359 1978 1435">
     <span class='ocr_line' id='line_1_15' title="bbox 391 1359 1978 1435; baseline -0.007 -13"><span class='ocrx_word' id='word_1_86' title='bbox 391 1366 529 1422; x_wconf 86' lang='lat' dir='ltr'><strong>serit</strong></span> <span class='ocrx_word' id='word_1_87' title='bbox 579 1365 1022 1435; x_wconf 77' lang='lat' dir='ltr'><strong>intelligentiam,</strong></span> <span class='ocrx_word' id='word_1_88' title='bbox 1072 1362 1285 1419; x_wconf 83' lang='lat' dir='ltr'><strong>veniam</strong></span> <span class='ocrx_word' id='word_1_89' title='bbox 1347 1372 1656 1429; x_wconf 87' lang='lat' dir='ltr'><strong>mereatur,</strong></span> <span class='ocrx_word' id='word_1_90' title='bbox 1720 1375 1822 1416; x_wconf 91' lang='lat' dir='ltr'><strong>nec</strong></span> <span class='ocrx_word' id='word_1_91' title='bbox 1871 1359 1978 1413; x_wconf 88' lang='lat' dir='ltr'><strong>ulla</strong></span> 
     </span>
    </p>
   </div>
   <div class='ocr_carea' id='block_1_16' title="bbox 388 1452 1980 1528">
    <p class='ocr_par' dir='ltr' id='par_1_16' title="bbox 388 1452 1980 1528">
     <span class='ocr_line' id='line_1_16' title="bbox 388 1452 1980 1528; baseline -0.004 -15"><span class='ocrx_word' id='word_1_92' title='bbox 388 1456 693 1528; x_wconf 82' lang='lat' dir='ltr'><strong>ignominia</strong></span> <span class='ocrx_word' id='word_1_93' title='bbox 729 1455 866 1512; x_wconf 80' lang='lat' dir='ltr'><strong>allici</strong></span> <span class='ocrx_word' id='word_1_94' title='bbox 912 1456 1085 1527; x_wconf 90' lang='lat' dir='ltr'><strong>ipsum</strong></span> <span class='ocrx_word' id='word_1_95' title='bbox 1118 1456 1327 1526; x_wconf 88' lang='lat' dir='ltr'><strong>patiare</strong></span> <span class='ocrx_word' id='word_1_96' title='bbox 1356 1470 1456 1526; x_wconf 89' lang='lat' dir='ltr'><strong>pro</strong></span> <span class='ocrx_word' id='word_1_97' title='bbox 1486 1454 1745 1510; x_wconf 87' lang='lat' dir='ltr'><strong>onmibus</strong></span> <span class='ocrx_word' id='word_1_98' title='bbox 1772 1452 1980 1507; x_wconf 85' lang='lat' dir='ltr'><strong>viribus</strong></span> 
     </span>
    </p>
   </div>
   <div class='ocr_carea' id='block_1_17' title="bbox 392 1538 1979 1604">
    <p class='ocr_par' dir='ltr' id='par_1_17' title="bbox 392 1538 1979 1604">
     <span class='ocr_line' id='line_1_17' title="bbox 392 1538 1979 1604; baseline -0.008 -1"><span class='ocrx_word' id='word_1_99' title='bbox 392 1547 527 1604; x_wconf 85' lang='lat' dir='ltr'><strong>tuis.</strong></span> <span class='ocrx_word' id='word_1_100' title='bbox 559 1546 742 1603; x_wconf 89' lang='lat' dir='ltr'><strong>Patris</strong></span> <span class='ocrx_word' id='word_1_101' title='bbox 775 1549 919 1601; x_wconf 89' lang='lat' dir='ltr'><strong>enim</strong></span> <span class='ocrx_word' id='word_1_102' title='bbox 956 1544 1330 1601; x_wconf 84' lang='lat' dir='ltr'><strong>misericordia</strong></span> <span class='ocrx_word' id='word_1_103' title='bbox 1372 1558 1484 1598; x_wconf 90' lang='lat' dir='ltr'><strong>non</strong></span> <span class='ocrx_word' id='word_1_104' title='bbox 1535 1541 1717 1597; x_wconf 79' lang='lat' dir='ltr'><strong>veniet</strong></span> <span class='ocrx_word' id='word_1_105' title='bbox 1744 1540 1800 1595; x_wconf 92' lang='lat' dir='ltr'><strong>in</strong></span> <span class='ocrx_word' id='word_1_106' title='bbox 1836 1538 1979 1594; x_wconf 87' lang='lat' dir='ltr'><strong>obli-</strong></span> 
     </span>
    </p>
   </div>
   <div class='ocr_carea' id='block_1_18' title="bbox 389 1632 1979 1709">
    <p class='ocr_par' dir='ltr' id='par_1_18' title="bbox 389 1632 1979 1709">
     <span class='ocr_line' id='line_1_18' title="bbox 389 1632 1979 1709; baseline -0.003 -16"><span class='ocrx_word' id='word_1_107' title='bbox 389 1639 648 1705; x_wconf 83' lang='lat' dir='ltr'><strong>vionem;</strong></span> <span class='ocrx_word' id='word_1_108' title='bbox 685 1647 741 1694; x_wconf 90' lang='lat' dir='ltr'><strong>et</strong></span> <span class='ocrx_word' id='word_1_109' title='bbox 771 1647 831 1694; x_wconf 89' lang='lat' dir='ltr'><strong>ut</strong></span> <span class='ocrx_word' id='word_1_110' title='bbox 858 1638 1127 1695; x_wconf 84' lang='lat' dir='ltr'><strong>serenitas</strong></span> <span class='ocrx_word' id='word_1_111' title='bbox 1161 1636 1389 1709; x_wconf 88' lang='lat' dir='ltr'><strong>glaciem</strong></span> <span class='ocrx_word' id='word_1_112' title='bbox 1424 1634 1726 1705; x_wconf 84' lang='lat' dir='ltr'><strong>liquefacit,</strong></span> <span class='ocrx_word' id='word_1_113' title='bbox 1756 1632 1837 1689; x_wconf 88' lang='lat' dir='ltr'><strong>sic</strong></span> <span class='ocrx_word' id='word_1_114' title='bbox 1859 1646 1979 1703; x_wconf 87' lang='lat' dir='ltr'><strong>pec-</strong></span> 
     </span>
    </p>
   </div>
   <div class='ocr_carea' id='block_1_19' title="bbox 390 1731 1061 1788">
    <p class='ocr_par' dir='ltr' id='par_1_19' title="bbox 390 1731 1061 1788">
     <span class='ocr_line' id='line_1_19' title="bbox 390 1731 1061 1788; baseline -0.001 -1"><span class='ocrx_word' id='word_1_115' title='bbox 390 1740 513 1788; x_wconf 86' lang='lat' dir='ltr'><strong>cata</strong></span> <span class='ocrx_word' id='word_1_116' title='bbox 541 1740 634 1787; x_wconf 79' lang='lat' dir='ltr'><strong>tua</strong></span> <span class='ocrx_word' id='word_1_117' title='bbox 668 1731 1061 1788; x_wconf 85' lang='lat' dir='ltr'><strong>dissolventur.</strong></span> 
     </span>
    </p>
   </div>
   <div class='ocr_carea' id='block_1_20' title="bbox 2083 524 3651 605">
    <p class='ocr_par' dir='ltr' id='par_1_20' title="bbox 2083 524 3651 605">
     <span class='ocr_line' id='line_1_20' title="bbox 2083 524 3651 605; baseline -0.006 -19"><span class='ocrx_word' id='word_1_118' title='bbox 2083 533 2269 605; x_wconf 74' lang='grc' dir='ltr'>ἡμέρᾳ</span> <span class='ocrx_word' id='word_1_119' title='bbox 2300 533 2612 605; x_wconf 79' lang='grc' dir='ltr'><strong>προσευχῆς</strong></span> <span class='ocrx_word' id='word_1_120' title='bbox 2646 530 2810 585; x_wconf 81' lang='grc' dir='ltr'>αὑτοῦ</span> <span class='ocrx_word' id='word_1_121' title='bbox 2846 528 3355 598; x_wconf 76' lang='grc' dir='ltr'>είσακουσθήσεται.</span> <span class='ocrx_word' id='word_1_122' title='bbox 3399 524 3460 580; x_wconf 86' lang='grc'><strong>⁸0</strong></span> <span class='ocrx_word' id='word_1_123' title='bbox 3508 524 3651 590; x_wconf 79' lang='grc' dir='ltr'>δοξά-</span> 
     </span>
    </p>
   </div>
   <div class='ocr_carea' id='block_1_21' title="bbox 2081 618 3653 694">
    <p class='ocr_par' dir='ltr' id='par_1_21' title="bbox 2081 618 3653 694">
     <span class='ocr_line' id='line_1_21' title="bbox 2081 618 3653 694; baseline -0.005 -17"><span class='ocrx_word' id='word_1_124' title='bbox 2081 622 2189 688; x_wconf 79' lang='grc' dir='ltr'>ζων</span> <span class='ocrx_word' id='word_1_125' title='bbox 2214 625 2423 694; x_wconf 83' lang='grc' dir='ltr'><strong>πατέρα</strong></span> <span class='ocrx_word' id='word_1_126' title='bbox 2450 622 2932 694; x_wconf 85' lang='grc' dir='ltr'>μακροημερεύσει</span> <span class='ocrx_word' id='word_1_127' title='bbox 2958 636 2973 652; x_wconf 77' lang='grc' dir='ltr'><strong>ο</strong></span> <span class='ocrx_word' id='word_1_128' title='bbox 3004 619 3099 674; x_wconf 77' lang='grc' dir='ltr'>καὶ</span> <span class='ocrx_word' id='word_1_129' title='bbox 3126 622 3154 672; x_wconf 84' lang='grc' dir='ltr'>ὁ</span> <span class='ocrx_word' id='word_1_130' title='bbox 3190 619 3404 672; x_wconf 85' lang='grc' dir='ltr'>ἀκούων</span> <span class='ocrx_word' id='word_1_131' title='bbox 3450 618 3653 685; x_wconf 80' lang='grc' dir='ltr'><strong>Κυρίου</strong></span> 
     </span>
    </p>
   </div>
   <div class='ocr_carea' id='block_1_22' title="bbox 2079 708 3654 786">
    <p class='ocr_par' dir='ltr' id='par_1_22' title="bbox 2079 708 3654 786">
     <span class='ocr_line' id='line_1_22' title="bbox 2079 708 3654 786; baseline -0.008 -15"><span class='ocrx_word' id='word_1_132' title='bbox 2079 717 2391 771; x_wconf 84' lang='grc' dir='ltr'><strong>ἀναπαύσει</strong></span> <span class='ocrx_word' id='word_1_133' title='bbox 2422 715 2635 786; x_wconf 83' lang='grc' dir='ltr'>μητέρα</span> <span class='ocrx_word' id='word_1_134' title='bbox 2668 712 2858 778; x_wconf 82' lang='grc' dir='ltr'>αὑτοῦ,</span> <span class='ocrx_word' id='word_1_135' title='bbox 2887 713 2983 767; x_wconf 84' lang='grc' dir='ltr'>καὶ</span> <span class='ocrx_word' id='word_1_136' title='bbox 3015 712 3089 774; x_wconf 84' lang='grc' dir='ltr'>ὡς</span> <span class='ocrx_word' id='word_1_137' title='bbox 3122 710 3412 772; x_wconf 79' lang='grc' dir='ltr'><strong>δεσπόταις</strong></span> <span class='ocrx_word' id='word_1_138' title='bbox 3436 708 3654 761; x_wconf 87' lang='grc' dir='ltr'>δουλεύ-</span> 
     </span>
    </p>
   </div>
   <div class='ocr_carea' id='block_1_23' title="bbox 2084 800 3655 879">
    <p class='ocr_par' dir='ltr' id='par_1_23' title="bbox 2084 800 3655 879">
     <span class='ocr_line' id='line_1_23' title="bbox 2084 800 3655 879; baseline -0.008 -17"><span class='ocrx_word' id='word_1_139' title='bbox 2084 825 2168 862; x_wconf 92' lang='grc' dir='ltr'><strong>σει</strong></span> <span class='ocrx_word' id='word_1_140' title='bbox 2195 809 2308 872; x_wconf 86' lang='grc' dir='ltr'>τοῖς</span> <span class='ocrx_word' id='word_1_141' title='bbox 2341 809 2672 879; x_wconf 80' lang='grc' dir='ltr'><strong>γεννήσασιν</strong></span> <span class='ocrx_word' id='word_1_142' title='bbox 2702 806 2887 860; x_wconf 80' lang='grc' dir='ltr'>αὐτόν.</span> <span class='ocrx_word' id='word_1_143' title='bbox 2931 807 3020 858; x_wconf 85' lang='grc' dir='ltr'>Ἑν</span> <span class='ocrx_word' id='word_1_144' title='bbox 3044 804 3189 875; x_wconf 77' lang='grc' dir='ltr'>ἔργῳ</span> <span class='ocrx_word' id='word_1_145' title='bbox 3222 804 3315 855; x_wconf 82' lang='grc' dir='ltr'>καὶ</span> <span class='ocrx_word' id='word_1_146' title='bbox 3349 802 3492 871; x_wconf 81' lang='grc' dir='ltr'>λόγῳ</span> <span class='ocrx_word' id='word_1_147' title='bbox 3524 800 3655 868; x_wconf 82' lang='grc' dir='ltr'>τίμα</span> 
     </span>
    </p>
   </div>
   <div class='ocr_carea' id='block_1_24' title="bbox 2081 892 3657 973">
    <p class='ocr_par' dir='ltr' id='par_1_24' title="bbox 2081 892 3657 973">
     <span class='ocr_line' id='line_1_24' title="bbox 2081 892 3657 973; baseline -0.007 -17"><span class='ocrx_word' id='word_1_148' title='bbox 2081 903 2171 956; x_wconf 78' lang='grc' dir='ltr'><strong>τὸν</strong></span> <span class='ocrx_word' id='word_1_149' title='bbox 2222 901 2437 973; x_wconf 81' lang='grc' dir='ltr'><strong>πατέρα</strong></span> <span class='ocrx_word' id='word_1_150' title='bbox 2468 918 2588 965; x_wconf 88' lang='grc' dir='ltr'>σου,</span> <span class='ocrx_word' id='word_1_151' title='bbox 2624 902 2711 954; x_wconf 72' lang='grc' dir='ltr'>ἵνα</span> <span class='ocrx_word' id='word_1_152' title='bbox 2747 898 2950 970; x_wconf 69' lang='grc' dir='ltr'>ἐπέλθῃ</span> <span class='ocrx_word' id='word_1_153' title='bbox 2982 915 3062 950; x_wconf 88' lang='grc' dir='ltr'><strong>σοι</strong></span> <span class='ocrx_word' id='word_1_154' title='bbox 3118 896 3342 963; x_wconf 77' lang='grc' dir='ltr'>εὐλογία</span> <span class='ocrx_word' id='word_1_155' title='bbox 3391 892 3522 963; x_wconf 83' lang='grc' dir='ltr'>παρ’</span> <span class='ocrx_word' id='word_1_156' title='bbox 3567 892 3657 947; x_wconf 82' lang='grc' dir='ltr'>αύ-</span> 
     </span>
    </p>
   </div>
   <div class='ocr_carea' id='block_1_25' title="bbox 2082 984 3652 1063">
    <p class='ocr_par' dir='ltr' id='par_1_25' title="bbox 2082 984 3652 1063">
     <span class='ocr_line' id='line_1_25' title="bbox 2082 984 3652 1063; baseline -0.006 -20"><span class='ocrx_word' id='word_1_157' title='bbox 2082 992 2199 1045; x_wconf 85' lang='grc' dir='ltr'><strong>τοῦ.</strong></span> <span class='ocrx_word' id='word_1_158' title='bbox 2241 990 2476 1059; x_wconf 70' lang='grc' dir='ltr'>Εὐλογία</span> <span class='ocrx_word' id='word_1_159' title='bbox 2505 990 2617 1063; x_wconf 81' lang='grc' dir='ltr'>γὰρ</span> <span class='ocrx_word' id='word_1_160' title='bbox 2644 989 2851 1061; x_wconf 74' lang='grc' dir='ltr'>πατρὸς</span> <span class='ocrx_word' id='word_1_161' title='bbox 2887 988 3131 1057; x_wconf 73' lang='grc' dir='ltr'><strong>στηρίξει</strong></span> <span class='ocrx_word' id='word_1_162' title='bbox 3181 985 3364 1047; x_wconf 74' lang='grc' dir='ltr'>οἴκους</span> <span class='ocrx_word' id='word_1_163' title='bbox 3414 984 3616 1035; x_wconf 84' lang='grc' dir='ltr'>τέκνων</span> <span class='ocrx_word' id='word_1_164' title='bbox 3639 995 3652 1010; x_wconf 84' lang='grc'><strong><em>⁸</em></strong></span> 
     </span>
    </p>
   </div>
   <div class='ocr_carea' id='block_1_26' title="bbox 2083 1080 3159 1155">
    <p class='ocr_par' dir='ltr' id='par_1_26' title="bbox 2083 1080 3159 1155">
     <span class='ocr_line' id='line_1_26' title="bbox 2083 1080 3159 1155; baseline -0.004 -18"><span class='ocrx_word' id='word_1_165' title='bbox 2083 1084 2295 1155; x_wconf 78' lang='grc' dir='ltr'>κατάρα</span> <span class='ocrx_word' id='word_1_166' title='bbox 2329 1084 2384 1137; x_wconf 84' lang='grc' dir='ltr'>δὲ</span> <span class='ocrx_word' id='word_1_167' title='bbox 2415 1083 2620 1155; x_wconf 86' lang='grc' dir='ltr'>μητρὸς</span> <span class='ocrx_word' id='word_1_168' title='bbox 2650 1084 2863 1153; x_wconf 81' lang='grc' dir='ltr'>ἐκριζοῖ</span> <span class='ocrx_word' id='word_1_169' title='bbox 2908 1080 3159 1151; x_wconf 84' lang='grc' dir='ltr'>θεμέλια.</span> 
     </span>
    </p>
   </div>
   <div class='ocr_carea' id='block_1_27' title="bbox 2155 1256 3658 1334">
    <p class='ocr_par' dir='ltr' id='par_1_27' title="bbox 2155 1256 3658 1334">
     <span class='ocr_line' id='line_1_27' title="bbox 2155 1256 3658 1334; baseline -0.009 -14"><span class='ocrx_word' id='word_1_170' title='bbox 2155 1266 2378 1329; x_wconf 81' lang='grc' dir='ltr'><strong>Τέκνον,</strong></span> <span class='ocrx_word' id='word_1_171' title='bbox 2408 1263 2695 1318; x_wconf 81' lang='grc' dir='ltr'><strong>ἀντι).αόοῦ</strong></span> <span class='ocrx_word' id='word_1_172' title='bbox 2727 1267 2782 1317; x_wconf 78' lang='grc' dir='ltr'>ὲν</span> <span class='ocrx_word' id='word_1_173' title='bbox 2808 1263 2957 1334; x_wconf 76' lang='grc' dir='ltr'>γήρᾳ</span> <span class='ocrx_word' id='word_1_174' title='bbox 2994 1261 3199 1331; x_wconf 83' lang='grc' dir='ltr'>πατρός</span> <span class='ocrx_word' id='word_1_175' title='bbox 3244 1277 3359 1324; x_wconf 86' lang='grc' dir='ltr'>σου,</span> <span class='ocrx_word' id='word_1_176' title='bbox 3417 1257 3513 1311; x_wconf 71' lang='grc' dir='ltr'>καὶ</span> <span class='ocrx_word' id='word_1_177' title='bbox 3571 1256 3658 1308; x_wconf 84' lang='grc' dir='ltr'><strong>ἐὰν</strong></span> 
     </span>
    </p>
   </div>
   <div class='ocr_carea' id='block_1_28' title="bbox 2083 1349 3653 1430">
    <p class='ocr_par' dir='ltr' id='par_1_28' title="bbox 2083 1349 3653 1430">
     <span class='ocr_line' id='line_1_28' title="bbox 2083 1349 3653 1430; baseline -0.006 -19"><span class='ocrx_word' id='word_1_178' title='bbox 2083 1359 2329 1430; x_wconf 78' lang='grc' dir='ltr'><strong>ἀπολίπῃ</strong></span> <span class='ocrx_word' id='word_1_179' title='bbox 2378 1357 2617 1422; x_wconf 80' lang='grc' dir='ltr'>σύνεσιν,</span> <span class='ocrx_word' id='word_1_180' title='bbox 2660 1356 2994 1426; x_wconf 82' lang='grc' dir='ltr'><strong>συγγνώμην</strong></span> <span class='ocrx_word' id='word_1_181' title='bbox 3051 1354 3241 1426; x_wconf 74' lang='grc' dir='ltr'>ἐχέτω,</span> <span class='ocrx_word' id='word_1_182' title='bbox 3279 1350 3374 1405; x_wconf 78' lang='grc' dir='ltr'>καὶ</span> <span class='ocrx_word' id='word_1_183' title='bbox 3419 1349 3494 1420; x_wconf 81' lang='grc' dir='ltr'>μὴ</span> <span class='ocrx_word' id='word_1_184' title='bbox 3547 1351 3653 1402; x_wconf 60' lang='lat' dir='ltr'><strong>dm»</strong></span> 
     </span>
    </p>
   </div>
   <div class='ocr_carea' id='block_1_29' title="bbox 2085 1441 3658 1523">
    <p class='ocr_par' dir='ltr' id='par_1_29' title="bbox 2085 1441 3658 1523">
     <span class='ocr_line' id='line_1_29' title="bbox 2085 1441 3658 1523; baseline -0.008 -16"><span class='ocrx_word' id='word_1_185' title='bbox 2085 1454 2263 1523; x_wconf 82' lang='grc' dir='ltr'>μάσῃς</span> <span class='ocrx_word' id='word_1_186' title='bbox 2288 1453 2451 1506; x_wconf 71' lang='grc' dir='ltr'>αὑτὸν</span> <span class='ocrx_word' id='word_1_187' title='bbox 2486 1454 2543 1505; x_wconf 84' lang='grc' dir='ltr'>ὲν</span> <span class='ocrx_word' id='word_1_188' title='bbox 2591 1451 2740 1522; x_wconf 78' lang='grc' dir='ltr'>πάσῃ</span> <span class='ocrx_word' id='word_1_189' title='bbox 2780 1450 2926 1522; x_wconf 81' lang='grc' dir='ltr'>ισχύῐ</span> <span class='ocrx_word' id='word_1_190' title='bbox 2956 1465 3067 1504; x_wconf 91' lang='grc' dir='ltr'>σου.</span> <span class='ocrx_word' id='word_1_191' title='bbox 3120 1445 3499 1517; x_wconf 85' lang='grc' dir='ltr'>Ἐλεημοσύνη</span> <span class='ocrx_word' id='word_1_192' title='bbox 3555 1441 3658 1510; x_wconf 81' lang='grc' dir='ltr'><strong>γὰρ</strong></span> 
     </span>
    </p>
   </div>
   <div class='ocr_carea' id='block_1_30' title="bbox 2084 1538 3653 1616">
    <p class='ocr_par' dir='ltr' id='par_1_30' title="bbox 2084 1538 3653 1616">
     <span class='ocr_line' id='line_1_30' title="bbox 2084 1538 3653 1616; baseline -0.008 -18"><span class='ocrx_word' id='word_1_193' title='bbox 2084 1545 2293 1616; x_wconf 82' lang='grc' dir='ltr'>πατρὸς</span> <span class='ocrx_word' id='word_1_194' title='bbox 2329 1544 2427 1598; x_wconf 88' lang='grc' dir='ltr'><strong>ούκ</strong></span> <span class='ocrx_word' id='word_1_195' title='bbox 2450 1543 2879 1615; x_wconf 85' lang='grc' dir='ltr'>ὲπιλησθήσεται</span> <span class='ocrx_word' id='word_1_196' title='bbox 2911 1558 2924 1573; x_wconf 86' lang='grc'><strong>·</strong></span> <span class='ocrx_word' id='word_1_197' title='bbox 2958 1541 3054 1596; x_wconf 68' lang='grc' dir='ltr'>καὶ</span> <span class='ocrx_word' id='word_1_198' title='bbox 3078 1541 3152 1603; x_wconf 82' lang='grc' dir='ltr'>ὡς</span> <span class='ocrx_word' id='word_1_199' title='bbox 3177 1540 3330 1593; x_wconf 80' lang='grc' dir='ltr'>εὐδία</span> <span class='ocrx_word' id='word_1_200' title='bbox 3380 1538 3439 1591; x_wconf 82' lang='grc' dir='ltr'>ὲν</span> <span class='ocrx_word' id='word_1_201' title='bbox 3488 1551 3653 1603; x_wconf 80' lang='grc' dir='ltr'>παγε·</span> 
     </span>
    </p>
   </div>
   <div class='ocr_carea' id='block_1_31' title="bbox 2082 1630 3376 1707">
    <p class='ocr_par' dir='ltr' id='par_1_31' title="bbox 2082 1630 3376 1707">
     <span class='ocr_line' id='line_1_31' title="bbox 2082 1630 3376 1707; baseline -0.005 -17"><span class='ocrx_word' id='word_1_202' title='bbox 2082 1636 2179 1707; x_wconf 82' lang='grc' dir='ltr'>τῷ,</span> <span class='ocrx_word' id='word_1_203' title='bbox 2207 1636 2379 1702; x_wconf 71' lang='grc' dir='ltr'>οὕτως</span> <span class='ocrx_word' id='word_1_204' title='bbox 2409 1636 2846 1706; x_wconf 81' lang='grc' dir='ltr'>ἀναλυοήσονταί</span> <span class='ocrx_word' id='word_1_205' title='bbox 2877 1651 2971 1689; x_wconf 90' lang='grc' dir='ltr'><strong>σου</strong></span> <span class='ocrx_word' id='word_1_206' title='bbox 3002 1635 3057 1687; x_wconf 87' lang='grc' dir='ltr'><strong>αἱ</strong></span> <span class='ocrx_word' id='word_1_207' title='bbox 3087 1630 3376 1703; x_wconf 79' lang='grc' dir='ltr'><strong>ἁμαρτίαι.</strong></span> 
     </span>
    </p>
   </div>
   <div class='ocr_carea' id='block_1_32' title="bbox 459 1801 1974 1893">
    <p class='ocr_par' dir='ltr' id='par_1_32' title="bbox 459 1819 1973 1893">
     <span class='ocr_line' id='line_1_32' title="bbox 459 1819 1973 1893; baseline -0.002 -17"><span class='ocrx_word' id='word_1_208' title='bbox 459 1822 543 1878; x_wconf 81' lang='lat' dir='ltr'><strong>Ex</strong></span> <span class='ocrx_word' id='word_1_209' title='bbox 569 1831 682 1880; x_wconf 90' lang='lat' dir='ltr'><strong>toto</strong></span> <span class='ocrx_word' id='word_1_210' title='bbox 721 1825 905 1878; x_wconf 90' lang='lat' dir='ltr'><strong>animo</strong></span> <span class='ocrx_word' id='word_1_211' title='bbox 937 1832 1054 1888; x_wconf 90' lang='lat' dir='ltr'><strong>tuo,</strong></span> <span class='ocrx_word' id='word_1_212' title='bbox 1088 1834 1149 1877; x_wconf 92' lang='lat' dir='ltr'><strong>ut</strong></span> <span class='ocrx_word' id='word_1_213' title='bbox 1183 1824 1358 1878; x_wconf 87' lang='lat' dir='ltr'><strong>honor</strong></span> <span class='ocrx_word' id='word_1_214' title='bbox 1413 1831 1467 1877; x_wconf 88' lang='lat' dir='ltr'><strong>et</strong></span> <span class='ocrx_word' id='word_1_215' title='bbox 1501 1821 1688 1893; x_wconf 84' lang='lat' dir='ltr'><strong>gloriae</strong></span> <span class='ocrx_word' id='word_1_216' title='bbox 1722 1820 1798 1877; x_wconf 88' lang='lat' dir='ltr'><strong>sis</strong></span> <span class='ocrx_word' id='word_1_217' title='bbox 1829 1819 1973 1891; x_wconf 89' lang='lat' dir='ltr'><strong>patri</strong></span> 
     </span>
    </p>
   </div>
   <div class='ocr_carea' id='block_1_33' title="bbox 2093 1801 3655 1893">
    <p class='ocr_par' dir='ltr' id='par_1_33' title="bbox 2163 1810 3655 1892">
     <span class='ocr_line' id='line_1_33' title="bbox 2163 1810 3655 1892; baseline -0.008 -18"><span class='ocrx_word' id='word_1_218' title='bbox 2163 1820 2249 1873; x_wconf 81' lang='grc' dir='ltr'>Ἐν</span> <span class='ocrx_word' id='word_1_219' title='bbox 2277 1821 2374 1892; x_wconf 73' lang='grc' dir='ltr'>ὅλη</span> <span class='ocrx_word' id='word_1_220' title='bbox 2400 1817 2596 1889; x_wconf 78' lang='grc' dir='ltr'>καρδίᾳ</span> <span class='ocrx_word' id='word_1_221' title='bbox 2627 1834 2720 1870; x_wconf 87' lang='grc' dir='ltr'><strong>σου</strong></span> <span class='ocrx_word' id='word_1_222' title='bbox 2754 1815 2977 1882; x_wconf 80' lang='grc' dir='ltr'>δόξασον</span> <span class='ocrx_word' id='word_1_223' title='bbox 3007 1815 3098 1869; x_wconf 81' lang='grc' dir='ltr'>τὸν</span> <span class='ocrx_word' id='word_1_224' title='bbox 3129 1812 3345 1884; x_wconf 75' lang='grc' dir='ltr'>πατέρα</span> <span class='ocrx_word' id='word_1_225' title='bbox 3397 1828 3515 1873; x_wconf 90' lang='grc' dir='ltr'>σου,</span> <span class='ocrx_word' id='word_1_226' title='bbox 3566 1810 3655 1863; x_wconf 81' lang='grc' dir='ltr'>καὶ</span> 
     </span>
    </p>
   </div>
   <div class='ocr_carea' id='block_1_34' title="bbox 386 1909 1973 1981">
    <p class='ocr_par' dir='ltr' id='par_1_34' title="bbox 386 1909 1973 1981">
     <span class='ocr_line' id='line_1_34' title="bbox 386 1909 1973 1981; baseline -0.004 -8"><span class='ocrx_word' id='word_1_227' title='bbox 386 1923 602 1981; x_wconf 81' lang='lat' dir='ltr'><strong>curato,</strong></span> <span class='ocrx_word' id='word_1_228' title='bbox 652 1930 754 1970; x_wconf 88' lang='lat' dir='ltr'><strong>nec</strong></span> <span class='ocrx_word' id='word_1_229' title='bbox 806 1916 998 1972; x_wconf 87' lang='lat' dir='ltr'><strong>matris</strong></span> <span class='ocrx_word' id='word_1_230' title='bbox 1036 1923 1140 1970; x_wconf 87' lang='lat' dir='ltr'><strong>tuae</strong></span> <span class='ocrx_word' id='word_1_231' title='bbox 1187 1915 1434 1971; x_wconf 92' lang='lat' dir='ltr'><strong>dolorum</strong></span> <span class='ocrx_word' id='word_1_232' title='bbox 1470 1913 1827 1970; x_wconf 83' lang='lat' dir='ltr'><strong>obliviscitor.</strong></span> <span class='ocrx_word' id='word_1_233' title='bbox 1865 1909 1973 1967; x_wconf 81' lang='lat' dir='ltr'><strong>Re-</strong></span> 
     </span>
    </p>
   </div>
   <div class='ocr_carea' id='block_1_35' title="bbox 387 2004 1973 2078">
    <p class='ocr_par' dir='ltr' id='par_1_35' title="bbox 387 2004 1973 2078">
     <span class='ocr_line' id='line_1_35' title="bbox 387 2004 1973 2078; baseline -0.002 -14"><span class='ocrx_word' id='word_1_234' title='bbox 387 2008 620 2064; x_wconf 79' lang='lat' dir='ltr'><strong>cordare</strong></span> <span class='ocrx_word' id='word_1_235' title='bbox 651 2017 701 2064; x_wconf 90' lang='lat' dir='ltr'><strong>te</strong></span> <span class='ocrx_word' id='word_1_236' title='bbox 734 2007 802 2063; x_wconf 91' lang='lat' dir='ltr'><strong>ab</strong></span> <span class='ocrx_word' id='word_1_237' title='bbox 848 2007 955 2062; x_wconf 88' lang='lat' dir='ltr'><strong>illis</strong></span> <span class='ocrx_word' id='word_1_238' title='bbox 981 2022 1103 2063; x_wconf 87' lang='lat' dir='ltr'><strong>esse</strong></span> <span class='ocrx_word' id='word_1_239' title='bbox 1133 2017 1480 2078; x_wconf 91' lang='lat' dir='ltr'><strong>procreatum</strong></span> <span class='ocrx_word' id='word_1_240' title='bbox 1520 2021 1535 2058; x_wconf 90' lang='lat'><strong>:</strong></span> <span class='ocrx_word' id='word_1_241' title='bbox 1579 2015 1633 2061; x_wconf 93' lang='lat' dir='ltr'><strong>et</strong></span> <span class='ocrx_word' id='word_1_242' title='bbox 1675 2005 1804 2077; x_wconf 90' lang='lat' dir='ltr'><strong>quid</strong></span> <span class='ocrx_word' id='word_1_243' title='bbox 1861 2004 1973 2061; x_wconf 88' lang='lat' dir='ltr'><strong>illis</strong></span> 
     </span>
    </p>
   </div>
   <div class='ocr_carea' id='block_1_36' title="bbox 384 2099 1415 2172">
    <p class='ocr_par' dir='ltr' id='par_1_36' title="bbox 384 2099 1415 2172">
     <span class='ocr_line' id='line_1_36' title="bbox 384 2099 1415 2172; baseline -0.005 -15"><span class='ocrx_word' id='word_1_244' title='bbox 384 2101 605 2164; x_wconf 87' lang='lat' dir='ltr'><strong>reddes,</strong></span> <span class='ocrx_word' id='word_1_245' title='bbox 633 2100 796 2171; x_wconf 90' lang='lat' dir='ltr'><strong>quale</strong></span> <span class='ocrx_word' id='word_1_246' title='bbox 835 2101 938 2172; x_wconf 92' lang='lat' dir='ltr'><strong>ipsi</strong></span> <span class='ocrx_word' id='word_1_247' title='bbox 970 2099 1240 2155; x_wconf 89' lang='lat' dir='ltr'><strong>dederunt</strong></span> <span class='ocrx_word' id='word_1_248' title='bbox 1278 2099 1415 2154; x_wconf 87' lang='lat' dir='ltr'><strong>tibi?</strong></span> 
     </span>
    </p>
   </div>
   <div class='ocr_carea' id='block_1_37' title="bbox 463 2191 1975 2263">
    <p class='ocr_par' dir='ltr' id='par_1_37' title="bbox 463 2191 1975 2263">
     <span class='ocr_line' id='line_1_37' title="bbox 463 2191 1975 2263; baseline -0.003 -15"><span class='ocrx_word' id='word_1_249' title='bbox 463 2193 683 2249; x_wconf 86' lang='lat' dir='ltr'><strong>Honore</strong></span> <span class='ocrx_word' id='word_1_250' title='bbox 717 2191 916 2246; x_wconf 80' lang='lat' dir='ltr'><strong>allicito</strong></span> <span class='ocrx_word' id='word_1_251' title='bbox 948 2201 1160 2263; x_wconf 89' lang='lat' dir='ltr'><strong>patrem</strong></span> <span class='ocrx_word' id='word_1_252' title='bbox 1192 2200 1248 2247; x_wconf 92' lang='lat' dir='ltr'><strong>et</strong></span> <span class='ocrx_word' id='word_1_253' title='bbox 1281 2201 1508 2245; x_wconf 88' lang='lat' dir='ltr'><strong>matrem</strong></span> <span class='ocrx_word' id='word_1_254' title='bbox 1543 2198 1691 2245; x_wconf 89' lang='lat' dir='ltr'><strong>tuam</strong></span> <span class='ocrx_word' id='word_1_255' title='bbox 1722 2227 1737 2254; x_wconf 93' lang='lat'><strong>,</strong></span> <span class='ocrx_word' id='word_1_256' title='bbox 1766 2198 1818 2245; x_wconf 89' lang='lat' dir='ltr'><strong>et</strong></span> <span class='ocrx_word' id='word_1_257' title='bbox 1854 2197 1975 2244; x_wconf 86' lang='lat' dir='ltr'><strong>tan-</strong></span> 
     </span>
    </p>
   </div>
   <div class='ocr_carea' id='block_1_38' title="bbox 390 2282 1430 2356">
    <p class='ocr_par' dir='ltr' id='par_1_38' title="bbox 390 2282 1430 2356">
     <span class='ocr_line' id='line_1_38' title="bbox 390 2282 1430 2356; baseline -0.006 -16"><span class='ocrx_word' id='word_1_258' title='bbox 390 2299 561 2356; x_wconf 85' lang='lat' dir='ltr'><strong>quam</strong></span> <span class='ocrx_word' id='word_1_259' title='bbox 593 2286 826 2354; x_wconf 84' lang='lat' dir='ltr'><strong>teipsum</strong></span> <span class='ocrx_word' id='word_1_260' title='bbox 863 2284 1173 2355; x_wconf 77' lang='lat' dir='ltr'><strong>proximum</strong></span> <span class='ocrx_word' id='word_1_261' title='bbox 1202 2282 1430 2353; x_wconf 89' lang='lat' dir='ltr'><strong>diligito.</strong></span> 
     </span>
    </p>
   </div>
   <div class='ocr_carea' id='block_1_39' title="bbox 462 2372 1977 2446">
    <p class='ocr_par' dir='ltr' id='par_1_39' title="bbox 462 2372 1977 2446">
     <span class='ocr_line' id='line_1_39' title="bbox 462 2372 1977 2446; baseline -0.001 -16"><span class='ocrx_word' id='word_1_262' title='bbox 462 2375 655 2446; x_wconf 81' lang='lat' dir='ltr'><strong>Ephes.</strong></span> <span class='ocrx_word' id='word_1_263' title='bbox 684 2392 755 2431; x_wconf 80' lang='lat' dir='ltr'><strong>vr.</strong></span> <span class='ocrx_word' id='word_1_264' title='bbox 787 2374 986 2441; x_wconf 88' lang='lat' dir='ltr'><strong>Liberi,</strong></span> <span class='ocrx_word' id='word_1_265' title='bbox 1017 2375 1338 2445; x_wconf 88' lang='lat' dir='ltr'><strong>parentibus</strong></span> <span class='ocrx_word' id='word_1_266' title='bbox 1358 2375 1559 2430; x_wconf 83' lang='lat' dir='ltr'><strong>vestris</strong></span> <span class='ocrx_word' id='word_1_267' title='bbox 1582 2373 1797 2428; x_wconf 85' lang='lat' dir='ltr'><strong>obedite</strong></span> <span class='ocrx_word' id='word_1_268' title='bbox 1821 2372 1873 2426; x_wconf 92' lang='lat' dir='ltr'><strong>in</strong></span> <span class='ocrx_word' id='word_1_269' title='bbox 1894 2387 1977 2428; x_wconf 87' lang='lat' dir='ltr'><strong>re-</strong></span> 
     </span>
    </p>
   </div>
   <div class='ocr_carea' id='block_1_40' title="bbox 395 2466 1981 2538">
    <p class='ocr_par' dir='ltr' id='par_1_40' title="bbox 395 2466 1981 2538">
     <span class='ocr_line' id='line_1_40' title="bbox 395 2466 1981 2538; baseline -0.004 -15"><span class='ocrx_word' id='word_1_270' title='bbox 395 2468 503 2524; x_wconf 80' lang='lat' dir='ltr'><strong>bus</strong></span> <span class='ocrx_word' id='word_1_271' title='bbox 534 2466 792 2524; x_wconf 86' lang='lat' dir='ltr'><strong>omnibus</strong></span> <span class='ocrx_word' id='word_1_272' title='bbox 817 2509 832 2532; x_wconf 94' lang='lat'><strong>,</strong></span> <span class='ocrx_word' id='word_1_273' title='bbox 877 2467 1145 2538; x_wconf 84' lang='lat' dir='ltr'><strong>siquidem</strong></span> <span class='ocrx_word' id='word_1_274' title='bbox 1179 2467 1280 2522; x_wconf 80' lang='lat' dir='ltr'><strong>lioc</strong></span> <span class='ocrx_word' id='word_1_275' title='bbox 1315 2466 1546 2521; x_wconf 86' lang='lat' dir='ltr'><strong>Domino</strong></span> <span class='ocrx_word' id='word_1_276' title='bbox 1583 2472 1889 2534; x_wconf 83' lang='lat' dir='ltr'><strong>pergratum</strong></span> <span class='ocrx_word' id='word_1_277' title='bbox 1926 2472 1981 2517; x_wconf 91' lang='lat' dir='ltr'><strong>et</strong></span> 
     </span>
    </p>
   </div>
   <div class='ocr_carea' id='block_1_41' title="bbox 389 2548 977 2631">
    <p class='ocr_par' dir='ltr' id='par_1_41' title="bbox 389 2548 977 2631">
     <span class='ocr_line' id='line_1_41' title="bbox 389 2548 977 2631; baseline -0.003 -19"><span class='ocrx_word' id='word_1_278' title='bbox 389 2569 676 2631; x_wconf 80' lang='lat' dir='ltr'><strong>acceptum</strong></span> <span class='ocrx_word' id='word_1_279' title='bbox 707 2566 812 2613; x_wconf 91' lang='lat' dir='ltr'><strong>est.</strong></span> <span class='ocrx_word' id='word_1_280' title='bbox 970 2548 977 2553; x_wconf 59' lang='grc'>⁷</span> 
     </span>
    </p>
   </div>
   <div class='ocr_carea' id='block_1_42' title="bbox 457 2647 1978 2721">
    <p class='ocr_par' dir='ltr' id='par_1_42' title="bbox 457 2647 1978 2721">
     <span class='ocr_line' id='line_1_42' title="bbox 457 2647 1978 2721; baseline -0.001 -16"><span class='ocrx_word' id='word_1_281' title='bbox 457 2647 520 2705; x_wconf 89' lang='lat' dir='ltr'><strong>S.</strong></span> <span class='ocrx_word' id='word_1_282' title='bbox 540 2648 754 2706; x_wconf 80' lang='lat' dir='ltr'><strong>Basilii.</strong></span> <span class='ocrx_word' id='word_1_283' title='bbox 774 2650 1120 2707; x_wconf 79' lang='lat' dir='ltr'><strong>Cironiarum</strong></span> <span class='ocrx_word' id='word_1_284' title='bbox 1139 2665 1262 2721; x_wconf 84' lang='lat' dir='ltr'><strong>erga</strong></span> <span class='ocrx_word' id='word_1_285' title='bbox 1286 2658 1540 2720; x_wconf 86' lang='lat' dir='ltr'><strong>parentes</strong></span> <span class='ocrx_word' id='word_1_286' title='bbox 1566 2665 1723 2706; x_wconf 85' lang='lat' dir='ltr'><strong>senes</strong></span> <span class='ocrx_word' id='word_1_287' title='bbox 1748 2650 1978 2709; x_wconf 80' lang='lat' dir='ltr'><strong>benevo-</strong></span> 
     </span>
    </p>
   </div>
   <div class='ocr_carea' id='block_1_43' title="bbox 383 2738 1977 2813">
    <p class='ocr_par' dir='ltr' id='par_1_43' title="bbox 383 2738 1977 2813">
     <span class='ocr_line' id='line_1_43' title="bbox 383 2738 1977 2813; baseline 0.003 -19"><span class='ocrx_word' id='word_1_288' title='bbox 383 2738 553 2796; x_wconf 86' lang='lat' dir='ltr'><strong>lentia</strong></span> <span class='ocrx_word' id='word_1_289' title='bbox 594 2742 729 2797; x_wconf 88' lang='lat' dir='ltr'><strong>satis</strong></span> <span class='ocrx_word' id='word_1_290' title='bbox 767 2751 948 2813; x_wconf 83' lang='lat' dir='ltr'><strong>potest</strong></span> <span class='ocrx_word' id='word_1_291' title='bbox 994 2744 1197 2799; x_wconf 88' lang='lat' dir='ltr'><strong>liberos</strong></span> <span class='ocrx_word' id='word_1_292' title='bbox 1229 2752 1470 2807; x_wconf 88' lang='lat' dir='ltr'><strong>nostros,</strong></span> <span class='ocrx_word' id='word_1_293' title='bbox 1516 2744 1563 2798; x_wconf 91' lang='lat' dir='ltr'><strong>si</strong></span> <span class='ocrx_word' id='word_1_294' title='bbox 1601 2744 1766 2798; x_wconf 87' lang='lat' dir='ltr'><strong>modo</strong></span> <span class='ocrx_word' id='word_1_295' title='bbox 1798 2752 1977 2799; x_wconf 87' lang='lat' dir='ltr'><strong>atten-</strong></span> 
     </span>
    </p>
   </div>
   <div class='ocr_carea' id='block_1_44' title="bbox 391 2832 1972 2905">
    <p class='ocr_par' dir='ltr' id='par_1_44' title="bbox 391 2832 1972 2905">
     <span class='ocr_line' id='line_1_44' title="bbox 391 2832 1972 2905; baseline 0 -18"><span class='ocrx_word' id='word_1_296' title='bbox 391 2833 524 2890; x_wconf 81' lang='lat' dir='ltr'><strong>dere</strong></span> <span class='ocrx_word' id='word_1_297' title='bbox 546 2833 738 2900; x_wconf 88' lang='lat' dir='ltr'><strong>velint,</strong></span> <span class='ocrx_word' id='word_1_298' title='bbox 765 2833 938 2905; x_wconf 87' lang='lat' dir='ltr'><strong>patris</strong></span> <span class='ocrx_word' id='word_1_299' title='bbox 969 2843 1218 2893; x_wconf 85' lang='lat' dir='ltr'><strong>amantes</strong></span> <span class='ocrx_word' id='word_1_300' title='bbox 1245 2832 1461 2889; x_wconf 86' lang='lat' dir='ltr'><strong>elIicere</strong></span> <span class='ocrx_word' id='word_1_301' title='bbox 1486 2849 1502 2901; x_wconf 87' lang='lat'><strong>;</strong></span> <span class='ocrx_word' id='word_1_302' title='bbox 1543 2848 1701 2889; x_wconf 90' lang='lat' dir='ltr'><strong>nemo</strong></span> <span class='ocrx_word' id='word_1_303' title='bbox 1722 2842 1807 2889; x_wconf 91' lang='lat' dir='ltr'><strong>est</strong></span> <span class='ocrx_word' id='word_1_304' title='bbox 1826 2833 1972 2888; x_wconf 91' lang='lat' dir='ltr'><strong>enim</strong></span> 
     </span>
    </p>
   </div>
   <div class='ocr_carea' id='block_1_45' title="bbox 388 2927 1979 3001">
    <p class='ocr_par' dir='ltr' id='par_1_45' title="bbox 388 2927 1979 3001">
     <span class='ocr_line' id='line_1_45' title="bbox 388 2927 1979 3001; baseline -0.001 -19"><span class='ocrx_word' id='word_1_305' title='bbox 388 2927 527 2985; x_wconf 85' lang='lat' dir='ltr'><strong>adeo</strong></span> <span class='ocrx_word' id='word_1_306' title='bbox 560 2928 856 3000; x_wconf 88' lang='lat' dir='ltr'><strong>prudentia</strong></span> <span class='ocrx_word' id='word_1_307' title='bbox 894 2928 1218 2993; x_wconf 89' lang='lat' dir='ltr'><strong>destitutus,</strong></span> <span class='ocrx_word' id='word_1_308' title='bbox 1247 2930 1338 2998; x_wconf 91' lang='lat' dir='ltr'><strong>qui</strong></span> <span class='ocrx_word' id='word_1_309' title='bbox 1369 2944 1478 2984; x_wconf 90' lang='lat' dir='ltr'><strong>non</strong></span> <span class='ocrx_word' id='word_1_310' title='bbox 1500 2928 1825 3001; x_wconf 80' lang='lat' dir='ltr'><strong>pudendum</strong></span> <span class='ocrx_word' id='word_1_311' title='bbox 1855 2941 1979 2983; x_wconf 87' lang='lat' dir='ltr'><strong>esse</strong></span> 
     </span>
    </p>
   </div>
   <div class='ocr_carea' id='block_1_46' title="bbox 380 3019 1976 3091">
    <p class='ocr_par' dir='ltr' id='par_1_46' title="bbox 380 3019 1976 3091">
     <span class='ocr_line' id='line_1_46' title="bbox 380 3019 1976 3091; baseline 0.001 -16"><span class='ocrx_word' id='word_1_312' title='bbox 380 3019 587 3091; x_wconf 79' lang='lat' dir='ltr'><strong>iudicet</strong></span> <span class='ocrx_word' id='word_1_313' title='bbox 624 3024 693 3076; x_wconf 90' lang='lat' dir='ltr'><strong>ab</strong></span> <span class='ocrx_word' id='word_1_314' title='bbox 728 3021 920 3076; x_wconf 85' lang='lat' dir='ltr'><strong>avibus</strong></span> <span class='ocrx_word' id='word_1_315' title='bbox 953 3022 1181 3076; x_wconf 76' lang='lat' dir='ltr'><strong>rationis</strong></span> <span class='ocrx_word' id='word_1_316' title='bbox 1211 3022 1528 3091; x_wconf 82' lang='lat' dir='ltr'><strong>expertibus</strong></span> <span class='ocrx_word' id='word_1_317' title='bbox 1557 3020 1756 3076; x_wconf 82' lang='lat' dir='ltr'><strong>virtute</strong></span> <span class='ocrx_word' id='word_1_318' title='bbox 1816 3034 1976 3089; x_wconf 84' lang='lat' dir='ltr'><strong>supe-</strong></span> 
     </span>
    </p>
   </div>
   <div class='ocr_carea' id='block_1_47' title="bbox 383 3112 2044 3196">
    <p class='ocr_par' dir='ltr' id='par_1_47' title="bbox 383 3112 2044 3196">
     <span class='ocr_line' id='line_1_47' title="bbox 383 3112 2044 3196; baseline -0.002 -26"><span class='ocrx_word' id='word_1_319' title='bbox 383 3118 533 3179; x_wconf 81' lang='lat' dir='ltr'><strong>rari;</strong></span> <span class='ocrx_word' id='word_1_320' title='bbox 566 3114 656 3168; x_wconf 89' lang='lat' dir='ltr'><strong>ille</strong></span> <span class='ocrx_word' id='word_1_321' title='bbox 687 3116 833 3169; x_wconf 88' lang='lat' dir='ltr'><strong>enim</strong></span> <span class='ocrx_word' id='word_1_322' title='bbox 866 3125 1072 3184; x_wconf 89' lang='lat' dir='ltr'><strong>patrem</strong></span> <span class='ocrx_word' id='word_1_323' title='bbox 1093 3129 1203 3184; x_wconf 68' lang='lat' dir='ltr'><strong>prie</strong></span> <span class='ocrx_word' id='word_1_324' title='bbox 1242 3123 1523 3170; x_wconf 89' lang='lat' dir='ltr'><strong>senectute</strong></span> <span class='ocrx_word' id='word_1_325' title='bbox 1553 3129 1760 3183; x_wconf 83' lang='lat' dir='ltr'><strong>pennas</strong></span> <span class='ocrx_word' id='word_1_326' title='bbox 1784 3112 1973 3169; x_wconf 86' lang='lat' dir='ltr'><strong>dimit-</strong></span> <span class='ocrx_word' id='word_1_327' title='bbox 2001 3137 2044 3196; x_wconf 70' lang='grc' dir='ltr'>ο</span> 
     </span>
    </p>
   </div>
   <div class='ocr_carea' id='block_1_48' title="bbox 384 3204 1969 3278">
    <p class='ocr_par' dir='ltr' id='par_1_48' title="bbox 384 3204 1969 3278">
     <span class='ocr_line' id='line_1_48' title="bbox 384 3204 1969 3278; baseline 0.001 -19"><span class='ocrx_word' id='word_1_328' title='bbox 384 3217 591 3262; x_wconf 80' lang='lat' dir='ltr'><strong>tentent</strong></span> <span class='ocrx_word' id='word_1_329' title='bbox 616 3206 670 3260; x_wconf 91' lang='lat' dir='ltr'><strong>in</strong></span> <span class='ocrx_word' id='word_1_330' title='bbox 692 3205 882 3260; x_wconf 87' lang='lat' dir='ltr'><strong>orbem</strong></span> <span class='ocrx_word' id='word_1_331' title='bbox 908 3205 1290 3272; x_wconf 89' lang='lat' dir='ltr'><strong>circumstant,</strong></span> <span class='ocrx_word' id='word_1_332' title='bbox 1310 3221 1374 3262; x_wconf 88' lang='lat' dir='ltr'><strong>ac</strong></span> <span class='ocrx_word' id='word_1_333' title='bbox 1398 3207 1596 3278; x_wconf 84' lang='lat' dir='ltr'><strong>pennis</strong></span> <span class='ocrx_word' id='word_1_334' title='bbox 1621 3206 1736 3263; x_wconf 83' lang='lat' dir='ltr'><strong>suis</strong></span> <span class='ocrx_word' id='word_1_335' title='bbox 1760 3204 1969 3273; x_wconf 74' lang='lat' dir='ltr'><strong>fovent,</strong></span> 
     </span>
    </p>
   </div>
   <div class='ocr_carea' id='block_1_49' title="bbox 384 3296 1969 3369">
    <p class='ocr_par' dir='ltr' id='par_1_49' title="bbox 384 3296 1969 3369">
     <span class='ocr_line' id='line_1_49' title="bbox 384 3296 1969 3369; baseline -0.001 -16"><span class='ocrx_word' id='word_1_336' title='bbox 384 3298 645 3353; x_wconf 85' lang='lat' dir='ltr'><strong>alimenta</strong></span> <span class='ocrx_word' id='word_1_337' title='bbox 704 3296 928 3368; x_wconf 87' lang='lat' dir='ltr'><strong>copiose</strong></span> <span class='ocrx_word' id='word_1_338' title='bbox 975 3297 1432 3369; x_wconf 85' lang='lat' dir='ltr'><strong>suppeditantes,</strong></span> <span class='ocrx_word' id='word_1_339' title='bbox 1482 3306 1749 3368; x_wconf 85' lang='lat' dir='ltr'><strong>quantum</strong></span> <span class='ocrx_word' id='word_1_340' title='bbox 1808 3298 1969 3352; x_wconf 87' lang='lat' dir='ltr'><strong>etiam</strong></span> 
     </span>
    </p>
   </div>
   <div class='ocr_carea' id='block_1_50' title="bbox 380 3388 1972 3462">
    <p class='ocr_par' dir='ltr' id='par_1_50' title="bbox 380 3388 1972 3462">
     <span class='ocr_line' id='line_1_50' title="bbox 380 3388 1972 3462; baseline 0.001 -18"><span class='ocrx_word' id='word_1_341' title='bbox 380 3398 624 3461; x_wconf 80' lang='lat' dir='ltr'><strong>possunt</strong></span> <span class='ocrx_word' id='word_1_342' title='bbox 643 3390 884 3446; x_wconf 79' lang='lat' dir='ltr'><strong>volatum</strong></span> <span class='ocrx_word' id='word_1_343' title='bbox 918 3390 1038 3460; x_wconf 86' lang='lat' dir='ltr'><strong>ejus</strong></span> <span class='ocrx_word' id='word_1_344' title='bbox 1069 3388 1354 3460; x_wconf 85' lang='lat' dir='ltr'><strong>adjuvant,</strong></span> <span class='ocrx_word' id='word_1_345' title='bbox 1389 3390 1600 3460; x_wconf 83' lang='lat' dir='ltr'><strong>placide</strong></span> <span class='ocrx_word' id='word_1_346' title='bbox 1628 3391 1824 3462; x_wconf 88' lang='lat' dir='ltr'><strong>pennis</strong></span> <span class='ocrx_word' id='word_1_347' title='bbox 1853 3391 1972 3446; x_wconf 87' lang='lat' dir='ltr'><strong>suis</strong></span> 
     </span>
    </p>
   </div>
   <div class='ocr_carea' id='block_1_51' title="bbox 385 3481 1972 3555">
    <p class='ocr_par' dir='ltr' id='par_1_51' title="bbox 385 3481 1972 3555">
     <span class='ocr_line' id='line_1_51' title="bbox 385 3481 1972 3555; baseline 0.004 -19"><span class='ocrx_word' id='word_1_348' title='bbox 385 3482 650 3553; x_wconf 82' lang='lat' dir='ltr'><strong>utrinque</strong></span> <span class='ocrx_word' id='word_1_349' title='bbox 681 3482 1003 3555; x_wconf 84' lang='lat' dir='ltr'><strong>allevantes.</strong></span> <span class='ocrx_word' id='word_1_350' title='bbox 1040 3483 1220 3553; x_wconf 84' lang='lat' dir='ltr'><strong>Atque</strong></span> <span class='ocrx_word' id='word_1_351' title='bbox 1250 3483 1333 3539; x_wconf 79' lang='lat' dir='ltr'><strong>sic</strong></span> <span class='ocrx_word' id='word_1_352' title='bbox 1357 3481 1750 3541; x_wconf 83' lang='lat' dir='ltr'><strong>beneﬁciorum</strong></span> <span class='ocrx_word' id='word_1_353' title='bbox 1786 3498 1972 3542; x_wconf 85' lang='lat' dir='ltr'><strong>remu-</strong></span> 
     </span>
    </p>
   </div>
   <div class='ocr_carea' id='block_1_52' title="bbox 388 3573 1970 3647">
    <p class='ocr_par' dir='ltr' id='par_1_52' title="bbox 388 3573 1970 3647">
     <span class='ocr_line' id='line_1_52' title="bbox 388 3573 1970 3647; baseline 0.001 -19"><span class='ocrx_word' id='word_1_354' title='bbox 388 3573 735 3629; x_wconf 74' lang='lat' dir='ltr'><strong>nerationem</strong></span> <span class='ocrx_word' id='word_1_355' title='bbox 765 3573 1241 3642; x_wconf 82' lang='grc' dir='ltr'>ἀντιπελάργωσιν</span> <span class='ocrx_word' id='word_1_356' title='bbox 1270 3574 1578 3643; x_wconf 84' lang='lat' dir='ltr'><strong>nominant,</strong></span> <span class='ocrx_word' id='word_1_357' title='bbox 1623 3575 1781 3647; x_wconf 81' lang='lat' dir='ltr'><strong>quasi</strong></span> <span class='ocrx_word' id='word_1_358' title='bbox 1817 3574 1970 3630; x_wconf 85' lang='lat' dir='ltr'><strong>dicas</strong></span> 
     </span>
    </p>
   </div>
   <div class='ocr_carea' id='block_1_53' title="bbox 386 3663 902 3723">
    <p class='ocr_par' dir='ltr' id='par_1_53' title="bbox 386 3663 902 3723">
     <span class='ocr_line' id='line_1_53' title="bbox 386 3663 902 3723; baseline -0.002 -4"><span class='ocrx_word' id='word_1_359' title='bbox 386 3663 902 3723; x_wconf 79' lang='lat' dir='ltr'><strong>reciconiationem.</strong></span> 
     </span>
    </p>
   </div>
   <div class='ocr_carea' id='block_1_54' title="bbox 456 3755 1824 3828">
    <p class='ocr_par' dir='ltr' id='par_1_54' title="bbox 456 3755 1824 3828">
     <span class='ocr_line' id='line_1_54' title="bbox 456 3755 1824 3828; baseline 0.003 -17"><span class='ocrx_word' id='word_1_360' title='bbox 456 3755 611 3811; x_wconf 79' lang='lat' dir='ltr'><strong>Grati</strong></span> <span class='ocrx_word' id='word_1_361' title='bbox 646 3755 801 3813; x_wconf 87' lang='lat' dir='ltr'><strong>liberi</strong></span> <span class='ocrx_word' id='word_1_362' title='bbox 840 3771 1034 3827; x_wconf 88' lang='lat' dir='ltr'><strong>magna</strong></span> <span class='ocrx_word' id='word_1_363' title='bbox 1066 3758 1275 3815; x_wconf 79' lang='lat' dir='ltr'><strong>faciunt</strong></span> <span class='ocrx_word' id='word_1_364' title='bbox 1302 3767 1520 3828; x_wconf 84' lang='lat' dir='ltr'><strong>patrum</strong></span> <span class='ocrx_word' id='word_1_365' title='bbox 1553 3760 1824 3815; x_wconf 85' lang='lat' dir='ltr'><strong>encomia.</strong></span> 
     </span>
    </p>
   </div>
   <div class='ocr_carea' id='block_1_55' title="bbox 459 3932 1968 4009">
    <p class='ocr_par' dir='ltr' id='par_1_55' title="bbox 459 3932 1968 4009">
     <span class='ocr_line' id='line_1_55' title="bbox 459 3932 1968 4009; baseline 0.008 -22"><span class='ocrx_word' id='word_1_366' title='bbox 459 3932 618 4005; x_wconf 72' lang='lat'><strong>152</strong></span> <span class='ocrx_word' id='word_1_367' title='bbox 644 3933 913 4007; x_wconf 73' lang='lat' dir='ltr'><strong>Tlieatogi.</strong></span> <span class='ocrx_word' id='word_1_368' title='bbox 941 3936 1097 4005; x_wconf 84' lang='lat' dir='ltr'><strong>Quod</strong></span> <span class='ocrx_word' id='word_1_369' title='bbox 1119 3940 1408 3995; x_wconf 82' lang='lat' dir='ltr'><strong>honestum</strong></span> <span class='ocrx_word' id='word_1_370' title='bbox 1435 3950 1521 3997; x_wconf 82' lang='lat' dir='ltr'><strong>est</strong></span> <span class='ocrx_word' id='word_1_371' title='bbox 1544 3952 1820 4008; x_wconf 78' lang='lat' dir='ltr'><strong>exerceto,</strong></span> <span class='ocrx_word' id='word_1_372' title='bbox 1843 3940 1968 4009; x_wconf 82' lang='lat' dir='ltr'><strong>quia</strong></span> 
     </span>
    </p>
   </div>
   <div class='ocr_carea' id='block_1_56' title="bbox 380 4029 1969 4101">
    <p class='ocr_par' dir='ltr' id='par_1_56' title="bbox 380 4029 1969 4101">
     <span class='ocr_line' id='line_1_56' title="bbox 380 4029 1969 4101; baseline 0.003 -18"><span class='ocrx_word' id='word_1_373' title='bbox 380 4029 674 4085; x_wconf 82' lang='lat' dir='ltr'><strong>honestum</strong></span> <span class='ocrx_word' id='word_1_374' title='bbox 702 4038 782 4083; x_wconf 88' lang='lat' dir='ltr'><strong>est</strong></span> <span class='ocrx_word' id='word_1_375' title='bbox 814 4030 952 4100; x_wconf 88' lang='lat' dir='ltr'><strong>patri</strong></span> <span class='ocrx_word' id='word_1_376' title='bbox 996 4045 1186 4101; x_wconf 84' lang='lat' dir='ltr'><strong>parere</strong></span> <span class='ocrx_word' id='word_1_377' title='bbox 1214 4047 1231 4099; x_wconf 85' lang='lat'><strong>;</strong></span> <span class='ocrx_word' id='word_1_378' title='bbox 1280 4031 1495 4088; x_wconf 89' lang='lat' dir='ltr'><strong>etiamsi</strong></span> <span class='ocrx_word' id='word_1_379' title='bbox 1532 4031 1666 4086; x_wconf 81' lang='lat' dir='ltr'><strong>nihil</strong></span> <span class='ocrx_word' id='word_1_380' title='bbox 1699 4033 1845 4087; x_wconf 91' lang='lat' dir='ltr'><strong>aliud</strong></span> <span class='ocrx_word' id='word_1_381' title='bbox 1870 4032 1969 4088; x_wconf 89' lang='lat' dir='ltr'><strong>tibi</strong></span> 
     </span>
    </p>
   </div>
   <div class='ocr_carea' id='block_1_57' title="bbox 382 4124 1967 4196">
    <p class='ocr_par' dir='ltr' id='par_1_57' title="bbox 382 4124 1967 4196">
     <span class='ocr_line' id='line_1_57' title="bbox 382 4124 1967 4196; baseline 0.004 -20"><span class='ocrx_word' id='word_1_382' title='bbox 382 4136 741 4178; x_wconf 80' lang='lat' dir='ltr'><strong>accessurum</strong></span> <span class='ocrx_word' id='word_1_383' title='bbox 781 4132 944 4189; x_wconf 87' lang='lat' dir='ltr'><strong>esset,</strong></span> <span class='ocrx_word' id='word_1_384' title='bbox 983 4124 1085 4178; x_wconf 83' lang='lat' dir='ltr'><strong>hoc</strong></span> <span class='ocrx_word' id='word_1_385' title='bbox 1114 4124 1293 4193; x_wconf 90' lang='lat' dir='ltr'><strong>ipsum</strong></span> <span class='ocrx_word' id='word_1_386' title='bbox 1321 4138 1533 4180; x_wconf 85' lang='lat' dir='ltr'><strong>merces</strong></span> <span class='ocrx_word' id='word_1_387' title='bbox 1557 4134 1640 4180; x_wconf 90' lang='lat' dir='ltr'><strong>est</strong></span> <span class='ocrx_word' id='word_1_388' title='bbox 1672 4126 1813 4194; x_wconf 87' lang='lat' dir='ltr'><strong>patri</strong></span> <span class='ocrx_word' id='word_1_389' title='bbox 1845 4141 1967 4196; x_wconf 83' lang='lat' dir='ltr'><strong>gra-</strong></span> 
     </span>
    </p>
   </div>
   <div class='ocr_carea' id='block_1_58' title="bbox 383 4212 602 4267">
    <p class='ocr_par' dir='ltr' id='par_1_58' title="bbox 383 4212 602 4267">
     <span class='ocr_line' id='line_1_58' title="bbox 383 4212 602 4267; baseline -0.014 -1"><span class='ocrx_word' id='word_1_390' title='bbox 383 4212 602 4267; x_wconf 85' lang='lat' dir='ltr'><strong>tilicari.</strong></span> 
     </span>
    </p>
   </div>
   <div class='ocr_carea' id='block_1_59' title="bbox 456 4302 1967 4376">
    <p class='ocr_par' dir='ltr' id='par_1_59' title="bbox 456 4302 1967 4376">
     <span class='ocr_line' id='line_1_59' title="bbox 456 4302 1967 4376; baseline 0.001 -18"><span class='ocrx_word' id='word_1_391' title='bbox 456 4303 517 4358; x_wconf 87' lang='lat' dir='ltr'><strong>S.</strong></span> <span class='ocrx_word' id='word_1_392' title='bbox 548 4302 827 4376; x_wconf 73' lang='lat' dir='ltr'><strong>Chrysost.</strong></span> <span class='ocrx_word' id='word_1_393' title='bbox 867 4303 1005 4375; x_wconf 76' lang='lat' dir='ltr'><strong>Quia</strong></span> <span class='ocrx_word' id='word_1_394' title='bbox 1045 4304 1235 4358; x_wconf 89' lang='lat' dir='ltr'><strong>eadem</strong></span> <span class='ocrx_word' id='word_1_395' title='bbox 1271 4319 1551 4372; x_wconf 85' lang='lat' dir='ltr'><strong>mensura,</strong></span> <span class='ocrx_word' id='word_1_396' title='bbox 1585 4313 1646 4358; x_wconf 91' lang='lat' dir='ltr'><strong>ut</strong></span> <span class='ocrx_word' id='word_1_397' title='bbox 1671 4305 1748 4359; x_wconf 89' lang='lat' dir='ltr'><strong>ait</strong></span> <span class='ocrx_word' id='word_1_398' title='bbox 1779 4304 1967 4363; x_wconf 86' lang='lat' dir='ltr'><strong>Domi-</strong></span> 
     </span>
    </p>
   </div>
   <div class='ocr_carea' id='block_1_60' title="bbox 379 4374 1965 4468">
    <p class='ocr_par' dir='ltr' id='par_1_60' title="bbox 379 4374 1965 4468">
     <span class='ocr_line' id='line_1_60' title="bbox 379 4374 1965 4468; baseline 0.003 -18"><span class='ocrx_word' id='word_1_399' title='bbox 379 4410 509 4460; x_wconf 83' lang='lat' dir='ltr'><strong>nus,</strong></span> <span class='ocrx_word' id='word_1_400' title='bbox 540 4374 594 4450; x_wconf 74' lang='lat' dir='ltr'><strong>in</strong></span> <span class='ocrx_word' id='word_1_401' title='bbox 644 4374 864 4467; x_wconf 83' lang='lat' dir='ltr'><strong>quaque</strong></span> <span class='ocrx_word' id='word_1_402' title='bbox 903 4411 962 4451; x_wconf 90' lang='lat' dir='ltr'><strong>re</strong></span> <span class='ocrx_word' id='word_1_403' title='bbox 997 4395 1235 4467; x_wconf 83' lang='lat' dir='ltr'><strong>gerenda</strong></span> <span class='ocrx_word' id='word_1_404' title='bbox 1269 4399 1425 4452; x_wconf 83' lang='lat' dir='ltr'><strong>nobis</strong></span> <span class='ocrx_word' id='word_1_405' title='bbox 1459 4399 1728 4467; x_wconf 87' lang='lat' dir='ltr'><strong>redditur,</strong></span> <span class='ocrx_word' id='word_1_406' title='bbox 1764 4414 1965 4468; x_wconf 82' lang='lat' dir='ltr'><strong>paren-</strong></span> 
     </span>
    </p>
   </div>
   <div class='ocr_carea' id='block_1_61' title="bbox 2081 1905 3655 1985">
    <p class='ocr_par' dir='ltr' id='par_1_61' title="bbox 2081 1905 3655 1985">
     <span class='ocr_line' id='line_1_61' title="bbox 2081 1905 3655 1985; baseline -0.007 -19"><span class='ocrx_word' id='word_1_407' title='bbox 2081 1912 2290 1985; x_wconf 80' lang='grc' dir='ltr'>μητρὸς</span> <span class='ocrx_word' id='word_1_408' title='bbox 2318 1912 2521 1966; x_wconf 85' lang='grc' dir='ltr'>ὠδίνων</span> <span class='ocrx_word' id='word_1_409' title='bbox 2554 1912 2629 1981; x_wconf 81' lang='grc' dir='ltr'>μὴ</span> <span class='ocrx_word' id='word_1_410' title='bbox 2660 1908 2917 1979; x_wconf 71' lang='grc' dir='ltr'><strong>ἐπιλάϐῃ.</strong></span> <span class='ocrx_word' id='word_1_411' title='bbox 2952 1908 3241 1977; x_wconf 82' lang='grc' dir='ltr'>Μνήσοητι</span> <span class='ocrx_word' id='word_1_412' title='bbox 3267 1907 3349 1960; x_wconf 85' lang='grc' dir='ltr'>ὅτι</span> <span class='ocrx_word' id='word_1_413' title='bbox 3380 1905 3453 1959; x_wconf 75' lang='grc' dir='ltr'>δι’</span> <span class='ocrx_word' id='word_1_414' title='bbox 3484 1905 3655 1957; x_wconf 63' lang='grc' dir='ltr'>αὐτῶν</span> 
     </span>
    </p>
   </div>
   <div class='ocr_carea' id='block_1_62' title="bbox 2078 1997 3653 2074">
    <p class='ocr_par' dir='ltr' id='par_1_62' title="bbox 2078 1997 3653 2074">
     <span class='ocr_line' id='line_1_62' title="bbox 2078 1997 3653 2074; baseline -0.005 -16"><span class='ocrx_word' id='word_1_415' title='bbox 2078 2004 2375 2074; x_wconf 85' lang='grc' dir='ltr'>εγεννήθης</span> <span class='ocrx_word' id='word_1_416' title='bbox 2397 2020 2412 2036; x_wconf 77' lang='grc'><strong><em>⁸</em></strong></span> <span class='ocrx_word' id='word_1_417' title='bbox 2444 2003 2539 2058; x_wconf 80' lang='grc' dir='ltr'>καὶ</span> <span class='ocrx_word' id='word_1_418' title='bbox 2566 2002 3044 2064; x_wconf 82' lang='grc' dir='ltr'>τίάνταποδώσεις</span> <span class='ocrx_word' id='word_1_419' title='bbox 3076 2002 3280 2069; x_wconf 83' lang='grc' dir='ltr'>αὐτοῖς,</span> <span class='ocrx_word' id='word_1_420' title='bbox 3329 1997 3514 2061; x_wconf 83' lang='grc' dir='ltr'>καθὼς</span> <span class='ocrx_word' id='word_1_421' title='bbox 3563 1997 3653 2051; x_wconf 84' lang='grc' dir='ltr'>αύ-</span> 
     </span>
    </p>
   </div>
   <div class='ocr_carea' id='block_1_63' title="bbox 2078 2096 2320 2163">
    <p class='ocr_par' dir='ltr' id='par_1_63' title="bbox 2078 2096 2320 2163">
     <span class='ocr_line' id='line_1_63' title="bbox 2078 2096 2320 2163; baseline -0.004 -14"><span class='ocrx_word' id='word_1_422' title='bbox 2078 2099 2162 2149; x_wconf 80' lang='grc' dir='ltr'>τοὶ</span> <span class='ocrx_word' id='word_1_423' title='bbox 2197 2096 2278 2148; x_wconf 87' lang='grc' dir='ltr'><strong>σοί</strong></span> <span class='ocrx_word' id='word_1_424' title='bbox 2304 2112 2320 2163; x_wconf 84' lang='grc'><strong>;</strong></span> 
     </span>
    </p>
   </div>
   <div class='ocr_carea' id='block_1_64' title="bbox 2153 2185 3651 2262">
    <p class='ocr_par' dir='ltr' id='par_1_64' title="bbox 2153 2185 3651 2262">
     <span class='ocr_line' id='line_1_64' title="bbox 2153 2185 3651 2262; baseline -0.004 -19"><span class='ocrx_word' id='word_1_425' title='bbox 2153 2191 2298 2262; x_wconf 81' lang='grc' dir='ltr'>Τίμα</span> <span class='ocrx_word' id='word_1_426' title='bbox 2322 2189 2413 2244; x_wconf 84' lang='grc' dir='ltr'>τὸν</span> <span class='ocrx_word' id='word_1_427' title='bbox 2443 2190 2653 2261; x_wconf 78' lang='grc' dir='ltr'>πατέρα</span> <span class='ocrx_word' id='word_1_428' title='bbox 2689 2206 2783 2244; x_wconf 89' lang='grc' dir='ltr'><strong>σου</strong></span> <span class='ocrx_word' id='word_1_429' title='bbox 2836 2189 2932 2243; x_wconf 72' lang='grc' dir='ltr'>καὶ</span> <span class='ocrx_word' id='word_1_430' title='bbox 2988 2187 3087 2257; x_wconf 79' lang='grc' dir='ltr'>τὴν</span> <span class='ocrx_word' id='word_1_431' title='bbox 3133 2185 3346 2258; x_wconf 83' lang='grc' dir='ltr'>μητέρα</span> <span class='ocrx_word' id='word_1_432' title='bbox 3397 2201 3513 2252; x_wconf 88' lang='grc' dir='ltr'>σου,</span> <span class='ocrx_word' id='word_1_433' title='bbox 3563 2187 3651 2238; x_wconf 82' lang='grc' dir='ltr'>καὶ</span> 
     </span>
    </p>
   </div>
   <div class='ocr_carea' id='block_1_65' title="bbox 2079 2281 3162 2354">
    <p class='ocr_par' dir='ltr' id='par_1_65' title="bbox 2079 2281 3162 2354">
     <span class='ocr_line' id='line_1_65' title="bbox 2079 2281 3162 2354; baseline 0.003 -18"><span class='ocrx_word' id='word_1_434' title='bbox 2079 2283 2269 2350; x_wconf 81' lang='grc' dir='ltr'>ἀγάπα</span> <span class='ocrx_word' id='word_1_435' title='bbox 2295 2281 2387 2336; x_wconf 79' lang='grc' dir='ltr'>τὸν</span> <span class='ocrx_word' id='word_1_436' title='bbox 2416 2282 2645 2354; x_wconf 85' lang='grc' dir='ltr'>πλησίον</span> <span class='ocrx_word' id='word_1_437' title='bbox 2678 2300 2775 2337; x_wconf 82' lang='grc' dir='ltr'><strong>σου</strong></span> <span class='ocrx_word' id='word_1_438' title='bbox 2800 2283 2879 2346; x_wconf 81' lang='grc' dir='ltr'><strong>ὡς</strong></span> <span class='ocrx_word' id='word_1_439' title='bbox 2914 2282 3162 2339; x_wconf 85' lang='grc' dir='ltr'>σεαυτόν.</span> 
     </span>
    </p>
   </div>
   <div class='ocr_carea' id='block_1_66' title="bbox 2151 2372 3652 2446">
    <p class='ocr_par' dir='ltr' id='par_1_66' title="bbox 2151 2372 3652 2446">
     <span class='ocr_line' id='line_1_66' title="bbox 2151 2372 3652 2446; baseline 0 -19"><span class='ocrx_word' id='word_1_440' title='bbox 2151 2375 2350 2440; x_wconf 85' lang='grc' dir='ltr'>Τέκνα,</span> <span class='ocrx_word' id='word_1_441' title='bbox 2388 2374 2697 2430; x_wconf 79' lang='grc' dir='ltr'>ὑπακούετε</span> <span class='ocrx_word' id='word_1_442' title='bbox 2727 2378 2840 2439; x_wconf 82' lang='grc' dir='ltr'>τοῖς</span> <span class='ocrx_word' id='word_1_443' title='bbox 2864 2373 3115 2444; x_wconf 80' lang='grc' dir='ltr'>γονεῦσιν</span> <span class='ocrx_word' id='word_1_444' title='bbox 3145 2374 3300 2446; x_wconf 84' lang='grc' dir='ltr'>ὑμῶν</span> <span class='ocrx_word' id='word_1_445' title='bbox 3327 2374 3467 2429; x_wconf 77' lang='grc' dir='ltr'>κατὰ</span> <span class='ocrx_word' id='word_1_446' title='bbox 3517 2372 3652 2428; x_wconf 71' lang='grc' dir='ltr'>πάνυ</span> 
     </span>
    </p>
   </div>
   <div class='ocr_carea' id='block_1_67' title="bbox 2077 2468 3338 2541">
    <p class='ocr_par' dir='ltr' id='par_1_67' title="bbox 2077 2468 3338 2541">
     <span class='ocr_line' id='line_1_67' title="bbox 2077 2468 3338 2541; baseline 0 -17"><span class='ocrx_word' id='word_1_447' title='bbox 2077 2487 2165 2525; x_wconf 84' lang='grc' dir='ltr'>τα.</span> <span class='ocrx_word' id='word_1_448' title='bbox 2194 2469 2362 2524; x_wconf 81' lang='grc' dir='ltr'>Τοῦτο</span> <span class='ocrx_word' id='word_1_449' title='bbox 2390 2472 2499 2541; x_wconf 85' lang='grc' dir='ltr'>γάρ</span> <span class='ocrx_word' id='word_1_450' title='bbox 2527 2473 2676 2526; x_wconf 67' lang='grc' dir='ltr'>ιστιν</span> <span class='ocrx_word' id='word_1_451' title='bbox 2703 2471 2998 2541; x_wconf 82' lang='grc' dir='ltr'>εὐάρεστον</span> <span class='ocrx_word' id='word_1_452' title='bbox 3016 2468 3093 2540; x_wconf 82' lang='grc' dir='ltr'>τῷ</span> <span class='ocrx_word' id='word_1_453' title='bbox 3125 2470 3338 2541; x_wconf 74' lang='grc' dir='ltr'>Κυρίῳ.</span> 
     </span>
    </p>
   </div>
   <div class='ocr_carea' id='block_1_68' title="bbox 2159 2652 3655 2727">
    <p class='ocr_par' dir='ltr' id='par_1_68' title="bbox 2159 2652 3655 2727">
     <span class='ocr_line' id='line_1_68' title="bbox 2159 2652 3655 2727; baseline 0.001 -19"><span class='ocrx_word' id='word_1_454' title='bbox 2159 2654 2226 2716; x_wconf 82' lang='grc' dir='ltr'><strong>Ἦ</strong></span> <span class='ocrx_word' id='word_1_455' title='bbox 2252 2652 2381 2724; x_wconf 81' lang='grc' dir='ltr'>περὶ</span> <span class='ocrx_word' id='word_1_456' title='bbox 2408 2655 2535 2718; x_wconf 70' lang='grc' dir='ltr'>τοὺς</span> <span class='ocrx_word' id='word_1_457' title='bbox 2583 2656 2935 2726; x_wconf 80' lang='grc' dir='ltr'>γηράσαντας</span> <span class='ocrx_word' id='word_1_458' title='bbox 2989 2655 3097 2710; x_wconf 78' lang='grc' dir='ltr'><strong>τῶν</strong></span> <span class='ocrx_word' id='word_1_459' title='bbox 3140 2655 3432 2727; x_wconf 76' lang='grc' dir='ltr'>πελαργῶν</span> <span class='ocrx_word' id='word_1_460' title='bbox 3479 2655 3655 2711; x_wconf 72' lang='grc' dir='ltr'>εὔνοια</span> 
     </span>
    </p>
   </div>
   <div class='ocr_carea' id='block_1_69' title="bbox 2080 2742 3652 2818">
    <p class='ocr_par' dir='ltr' id='par_1_69' title="bbox 2080 2742 3652 2818">
     <span class='ocr_line' id='line_1_69' title="bbox 2080 2742 3652 2818; baseline 0.004 -23"><span class='ocrx_word' id='word_1_461' title='bbox 2080 2742 2303 2813; x_wconf 68' lang='grc' dir='ltr'>ἐξαρκεῖ</span> <span class='ocrx_word' id='word_1_462' title='bbox 2325 2744 2452 2808; x_wconf 85' lang='grc' dir='ltr'>τοὺς</span> <span class='ocrx_word' id='word_1_463' title='bbox 2487 2744 2681 2809; x_wconf 82' lang='grc' dir='ltr'>παῖδας</span> <span class='ocrx_word' id='word_1_464' title='bbox 2717 2746 2895 2816; x_wconf 80' lang='grc' dir='ltr'>ἡμῶν,</span> <span class='ocrx_word' id='word_1_465' title='bbox 2930 2748 2980 2799; x_wconf 78' lang='grc' dir='ltr'>εἱ</span> <span class='ocrx_word' id='word_1_466' title='bbox 3013 2747 3305 2818; x_wconf 80' lang='grc' dir='ltr'>προσέχειν</span> <span class='ocrx_word' id='word_1_467' title='bbox 3358 2746 3652 2817; x_wconf 65' lang='grc' dir='ltr'>βούλοιντο.</span> 
     </span>
    </p>
   </div>
   <div class='ocr_carea' id='block_1_70' title="bbox 2080 2836 3655 2910">
    <p class='ocr_par' dir='ltr' id='par_1_70' title="bbox 2080 2836 3655 2910">
     <span class='ocr_line' id='line_1_70' title="bbox 2080 2836 3655 2910; baseline 0.003 -20"><span class='ocrx_word' id='word_1_468' title='bbox 2080 2836 2455 2908; x_wconf 81' lang='grc' dir='ltr'>φιλοπάτορας</span> <span class='ocrx_word' id='word_1_469' title='bbox 2483 2837 2849 2908; x_wconf 83' lang='grc' dir='ltr'>καταστῆσαι.</span> <span class='ocrx_word' id='word_1_470' title='bbox 2876 2839 3101 2903; x_wconf 81' lang='grc' dir='ltr'>Πάντως</span> <span class='ocrx_word' id='word_1_471' title='bbox 3126 2839 3237 2910; x_wconf 74' lang='grc' dir='ltr'><strong>γὰρ</strong></span> <span class='ocrx_word' id='word_1_472' title='bbox 3261 2841 3441 2904; x_wconf 77' lang='grc' dir='ltr'>οὐδεὶς</span> <span class='ocrx_word' id='word_1_473' title='bbox 3491 2840 3655 2905; x_wconf 71' lang='grc' dir='ltr'>οὕτως</span> 
     </span>
    </p>
   </div>
   <div class='ocr_carea' id='block_1_71' title="bbox 2056 2928 3655 3003">
    <p class='ocr_par' dir='ltr' id='par_1_71' title="bbox 2056 2928 3655 3003">
     <span class='ocr_line' id='line_1_71' title="bbox 2056 2928 3655 3003; baseline 0.001 -22"><span class='ocrx_word' id='word_1_474' title='bbox 2056 2928 2348 2983; x_wconf 67' lang='grc' dir='ltr'>ἐλλείπων</span> <span class='ocrx_word' id='word_1_475' title='bbox 2384 2929 2527 2983; x_wconf 86' lang='grc' dir='ltr'>κατὰ</span> <span class='ocrx_word' id='word_1_476' title='bbox 2553 2929 2651 2999; x_wconf 81' lang='grc' dir='ltr'>τὴν</span> <span class='ocrx_word' id='word_1_477' title='bbox 2672 2931 2969 3001; x_wconf 83' lang='grc' dir='ltr'>φρόνησιν,</span> <span class='ocrx_word' id='word_1_478' title='bbox 3000 2931 3075 2994; x_wconf 85' lang='grc' dir='ltr'><strong>ὡς</strong></span> <span class='ocrx_word' id='word_1_479' title='bbox 3105 2932 3180 3003; x_wconf 77' lang='grc' dir='ltr'>μὴ</span> <span class='ocrx_word' id='word_1_480' title='bbox 3217 2932 3480 3003; x_wconf 67' lang='grc' dir='ltr'>αἰσχύνης</span> <span class='ocrx_word' id='word_1_481' title='bbox 3514 2932 3655 2997; x_wconf 75' lang='grc' dir='ltr'>ἄξιον</span> 
     </span>
    </p>
   </div>
   <div class='ocr_carea' id='block_1_72' title="bbox 2081 3016 3657 3097">
    <p class='ocr_par' dir='ltr' id='par_1_72' title="bbox 2081 3016 3657 3097">
     <span class='ocr_line' id='line_1_72' title="bbox 2081 3016 3657 3097; baseline 0.002 -25"><span class='ocrx_word' id='word_1_482' title='bbox 2081 3016 2221 3078; x_wconf 72' lang='grc' dir='ltr'>εἶναι</span> <span class='ocrx_word' id='word_1_483' title='bbox 2253 3017 2480 3090; x_wconf 84' lang='grc' dir='ltr'>κρίνειν,</span> <span class='ocrx_word' id='word_1_484' title='bbox 2526 3021 2636 3073; x_wconf 85' lang='grc' dir='ltr'><strong>τῶν</strong></span> <span class='ocrx_word' id='word_1_485' title='bbox 2694 3020 2910 3089; x_wconf 83' lang='grc' dir='ltr'>ἀλόγων</span> <span class='ocrx_word' id='word_1_486' title='bbox 2957 3022 3185 3097; x_wconf 76' lang='grc' dir='ltr'>ὀρνίθων</span> <span class='ocrx_word' id='word_1_487' title='bbox 3236 3024 3490 3096; x_wconf 83' lang='grc' dir='ltr'>ὑστερεῖν</span> <span class='ocrx_word' id='word_1_488' title='bbox 3543 3024 3657 3078; x_wconf 84' lang='grc' dir='ltr'>κατ’</span> 
     </span>
    </p>
   </div>
   <div class='ocr_carea' id='block_1_73' title="bbox 2078 3109 3658 3189">
    <p class='ocr_par' dir='ltr' id='par_1_73' title="bbox 2078 3109 3658 3189">
     <span class='ocr_line' id='line_1_73' title="bbox 2078 3109 3658 3189; baseline 0.004 -24"><span class='ocrx_word' id='word_1_489' title='bbox 2078 3111 2302 3181; x_wconf 81' lang='grc' dir='ltr'>ἀρετήν.</span> <span class='ocrx_word' id='word_1_490' title='bbox 2323 3109 2553 3166; x_wconf 85' lang='grc' dir='ltr'>Ἐκεῖνοι</span> <span class='ocrx_word' id='word_1_491' title='bbox 2574 3111 2707 3183; x_wconf 83' lang='grc' dir='ltr'>γὰρ,</span> <span class='ocrx_word' id='word_1_492' title='bbox 2733 3112 2823 3166; x_wconf 76' lang='grc' dir='ltr'><strong>τὸν</strong></span> <span class='ocrx_word' id='word_1_493' title='bbox 2855 3115 3066 3184; x_wconf 83' lang='grc' dir='ltr'>πατέρα</span> <span class='ocrx_word' id='word_1_494' title='bbox 3091 3114 3194 3169; x_wconf 80' lang='grc' dir='ltr'><strong>ὑπὸ</strong></span> <span class='ocrx_word' id='word_1_495' title='bbox 3218 3117 3406 3186; x_wconf 77' lang='grc' dir='ltr'>γήρως</span> <span class='ocrx_word' id='word_1_496' title='bbox 3434 3118 3658 3189; x_wconf 75' lang='grc' dir='ltr'>πτερορο</span> 
     </span>
    </p>
   </div>
   <div class='ocr_carea' id='block_1_74' title="bbox 2084 3205 3658 3279">
    <p class='ocr_par' dir='ltr' id='par_1_74' title="bbox 2084 3205 3658 3279">
     <span class='ocr_line' id='line_1_74' title="bbox 2084 3205 3658 3279; baseline 0.004 -22"><span class='ocrx_word' id='word_1_497' title='bbox 2084 3206 2370 3276; x_wconf 80' lang='grc' dir='ltr'>ρυήσαντα</span> <span class='ocrx_word' id='word_1_498' title='bbox 2396 3205 2755 3275; x_wconf 82' lang='grc' dir='ltr'>περιστάντες</span> <span class='ocrx_word' id='word_1_499' title='bbox 2791 3208 2847 3260; x_wconf 80' lang='grc' dir='ltr'>ὲν</span> <span class='ocrx_word' id='word_1_500' title='bbox 2874 3205 3083 3279; x_wconf 83' lang='grc' dir='ltr'>κύκλῳ,</span> <span class='ocrx_word' id='word_1_501' title='bbox 3112 3209 3226 3273; x_wconf 82' lang='grc' dir='ltr'>τοῖς</span> <span class='ocrx_word' id='word_1_502' title='bbox 3256 3210 3485 3274; x_wconf 79' lang='grc' dir='ltr'>οἰκείοις</span> <span class='ocrx_word' id='word_1_503' title='bbox 3536 3227 3658 3264; x_wconf 83' lang='grc' dir='ltr'>πτε-</span> 
     </span>
    </p>
   </div>
   <div class='ocr_carea' id='block_1_75' title="bbox 2083 3296 3661 3375">
    <p class='ocr_par' dir='ltr' id='par_1_75' title="bbox 2083 3296 3661 3375">
     <span class='ocr_line' id='line_1_75' title="bbox 2083 3296 3661 3375; baseline 0.004 -26"><span class='ocrx_word' id='word_1_504' title='bbox 2083 3296 2196 3366; x_wconf 76' lang='grc' dir='ltr'>ροῖς</span> <span class='ocrx_word' id='word_1_505' title='bbox 2228 3296 2648 3367; x_wconf 81' lang='grc' dir='ltr'>περιθάλπουσι,</span> <span class='ocrx_word' id='word_1_506' title='bbox 2676 3297 2770 3351; x_wconf 70' lang='grc' dir='ltr'><strong>καὶ</strong></span> <span class='ocrx_word' id='word_1_507' title='bbox 2808 3298 2906 3361; x_wconf 71' lang='grc' dir='ltr'><strong>τὰς</strong></span> <span class='ocrx_word' id='word_1_508' title='bbox 2938 3300 3145 3370; x_wconf 65' lang='grc' dir='ltr'>τροφὰς</span> <span class='ocrx_word' id='word_1_509' title='bbox 3189 3300 3442 3371; x_wconf 77' lang='grc' dir='ltr'>ἀφθόνως</span> <span class='ocrx_word' id='word_1_510' title='bbox 3486 3320 3661 3375; x_wconf 83' lang='grc' dir='ltr'>παρα-</span> 
     </span>
    </p>
   </div>
   <div class='ocr_carea' id='block_1_76' title="bbox 2082 3387 3655 3464">
    <p class='ocr_par' dir='ltr' id='par_1_76' title="bbox 2082 3387 3655 3464">
     <span class='ocr_line' id='line_1_76' title="bbox 2082 3387 3655 3464; baseline 0.005 -26"><span class='ocrx_word' id='word_1_511' title='bbox 2082 3387 2465 3455; x_wconf 73' lang='grc' dir='ltr'>σκευάζοντες,</span> <span class='ocrx_word' id='word_1_512' title='bbox 2500 3388 2601 3458; x_wconf 82' lang='grc' dir='ltr'>τὴν</span> <span class='ocrx_word' id='word_1_513' title='bbox 2624 3388 2857 3460; x_wconf 77' lang='grc' dir='ltr'>δυνατὴν</span> <span class='ocrx_word' id='word_1_514' title='bbox 2890 3391 2983 3444; x_wconf 75' lang='grc' dir='ltr'>καὶ</span> <span class='ocrx_word' id='word_1_515' title='bbox 3016 3394 3076 3461; x_wconf 73' lang='grc' dir='ltr'>ἐν</span> <span class='ocrx_word' id='word_1_516' title='bbox 3123 3394 3190 3464; x_wconf 77' lang='grc' dir='ltr'><strong>τῇ</strong></span> <span class='ocrx_word' id='word_1_517' title='bbox 3234 3393 3435 3464; x_wconf 77' lang='grc' dir='ltr'>πτήσει</span> <span class='ocrx_word' id='word_1_518' title='bbox 3489 3394 3655 3461; x_wconf 70' lang='grc' dir='ltr'>παρέ-</span> 
     </span>
    </p>
   </div>
   <div class='ocr_carea' id='block_1_77' title="bbox 2080 3477 3656 3555">
    <p class='ocr_par' dir='ltr' id='par_1_77' title="bbox 2080 3477 3656 3555">
     <span class='ocr_line' id='line_1_77' title="bbox 2080 3477 3656 3555; baseline 0.007 -26"><span class='ocrx_word' id='word_1_519' title='bbox 2080 3494 2264 3547; x_wconf 86' lang='grc' dir='ltr'>χονται</span> <span class='ocrx_word' id='word_1_520' title='bbox 2295 3477 2569 3548; x_wconf 79' lang='grc' dir='ltr'>βοήθειαν,</span> <span class='ocrx_word' id='word_1_521' title='bbox 2599 3481 2784 3553; x_wconf 75' lang='grc' dir='ltr'>ἠρέμα</span> <span class='ocrx_word' id='word_1_522' title='bbox 2812 3483 2922 3537; x_wconf 82' lang='grc' dir='ltr'>τῶν</span> <span class='ocrx_word' id='word_1_523' title='bbox 2951 3484 3243 3555; x_wconf 83' lang='grc' dir='ltr'>πτερύγων</span> <span class='ocrx_word' id='word_1_524' title='bbox 3281 3485 3656 3555; x_wconf 76' lang='grc' dir='ltr'>ἐπικουφίζον-</span> 
     </span>
    </p>
   </div>
   <div class='ocr_carea' id='block_1_78' title="bbox 2079 3570 3657 3652">
    <p class='ocr_par' dir='ltr' id='par_1_78' title="bbox 2079 3570 3657 3652">
     <span class='ocr_line' id='line_1_78' title="bbox 2079 3570 3657 3652; baseline 0.007 -28"><span class='ocrx_word' id='word_1_525' title='bbox 2079 3587 2168 3634; x_wconf 87' lang='grc' dir='ltr'><strong>τες</strong></span> <span class='ocrx_word' id='word_1_526' title='bbox 2194 3570 2557 3643; x_wconf 79' lang='grc' dir='ltr'>έκατέρωθεν.</span> <span class='ocrx_word' id='word_1_527' title='bbox 2591 3574 2699 3632; x_wconf 78' lang='grc' dir='ltr'><strong>Καὶ</strong></span> <span class='ocrx_word' id='word_1_528' title='bbox 2725 3574 2900 3640; x_wconf 79' lang='grc' dir='ltr'>οὕτως</span> <span class='ocrx_word' id='word_1_529' title='bbox 2928 3574 3028 3648; x_wconf 76' lang='grc' dir='ltr'>τὴν</span> <span class='ocrx_word' id='word_1_530' title='bbox 3058 3576 3168 3633; x_wconf 84' lang='grc' dir='ltr'><strong>τῶν</strong></span> <span class='ocrx_word' id='word_1_531' title='bbox 3203 3576 3657 3652; x_wconf 78' lang='grc' dir='ltr'>εὐεργετημάτων</span> 
     </span>
    </p>
   </div>
   <div class='ocr_carea' id='block_1_79' title="bbox 2078 3664 3266 3741">
    <p class='ocr_par' dir='ltr' id='par_1_79' title="bbox 2078 3664 3266 3741">
     <span class='ocr_line' id='line_1_79' title="bbox 2078 3664 3266 3741; baseline 0.006 -23"><span class='ocrx_word' id='word_1_532' title='bbox 2078 3664 2354 3722; x_wconf 79' lang='grc' dir='ltr'>ἀντίδοσιν</span> <span class='ocrx_word' id='word_1_533' title='bbox 2373 3666 2851 3737; x_wconf 79' lang='grc' dir='ltr'>ἁντιπελάργωσιν</span> <span class='ocrx_word' id='word_1_534' title='bbox 2882 3668 3266 3741; x_wconf 74' lang='grc' dir='ltr'>ὀνομάζουσιν.</span> 
     </span>
    </p>
   </div>
   <div class='ocr_carea' id='block_1_80' title="bbox 2150 3756 3651 3833">
    <p class='ocr_par' dir='ltr' id='par_1_80' title="bbox 2150 3756 3651 3833">
     <span class='ocr_line' id='line_1_80' title="bbox 2150 3756 3651 3833; baseline 0.004 -23"><span class='ocrx_word' id='word_1_535' title='bbox 2150 3756 2506 3828; x_wconf 80' lang='grc' dir='ltr'>Εὐγνὼμονις</span> <span class='ocrx_word' id='word_1_536' title='bbox 2528 3760 2721 3824; x_wconf 81' lang='grc' dir='ltr'>παῖδες</span> <span class='ocrx_word' id='word_1_537' title='bbox 2744 3761 2963 3833; x_wconf 79' lang='grc' dir='ltr'>μεγάλα</span> <span class='ocrx_word' id='word_1_538' title='bbox 2995 3762 3211 3818; x_wconf 85' lang='grc' dir='ltr'>ποιοῦσι</span> <span class='ocrx_word' id='word_1_539' title='bbox 3241 3764 3309 3818; x_wconf 80' lang='grc' dir='ltr'>τὰ</span> <span class='ocrx_word' id='word_1_540' title='bbox 3350 3764 3463 3819; x_wconf 82' lang='grc' dir='ltr'><strong>τῶν</strong></span> <span class='ocrx_word' id='word_1_541' title='bbox 3494 3765 3651 3822; x_wconf 62' lang='lat' dir='ltr'><strong>«me.</strong></span> 
     </span>
    </p>
   </div>
   <div class='ocr_carea' id='block_1_81' title="bbox 2081 3850 2484 3926">
    <p class='ocr_par' dir='ltr' id='par_1_81' title="bbox 2081 3850 2484 3926">
     <span class='ocr_line' id='line_1_81' title="bbox 2081 3850 2484 3926; baseline 0.017 -24"><span class='ocrx_word' id='word_1_542' title='bbox 2081 3869 2189 3921; x_wconf 90' lang='grc' dir='ltr'><strong>ρων</strong></span> <span class='ocrx_word' id='word_1_543' title='bbox 2210 3850 2484 3926; x_wconf 82' lang='grc' dir='ltr'>ἐγκώμια.</span> 
     </span>
    </p>
   </div>
   <div class='ocr_carea' id='block_1_82' title="bbox 2151 3944 3653 4022">
    <p class='ocr_par' dir='ltr' id='par_1_82' title="bbox 2151 3944 3653 4022">
     <span class='ocr_line' id='line_1_82' title="bbox 2151 3944 3653 4022; baseline 0.004 -25"><span class='ocrx_word' id='word_1_544' title='bbox 2151 3944 2426 4015; x_wconf 82' lang='grc' dir='ltr'>Ἐργασαι</span> <span class='ocrx_word' id='word_1_545' title='bbox 2450 3947 2511 3999; x_wconf 81' lang='grc' dir='ltr'>τὸ</span> <span class='ocrx_word' id='word_1_546' title='bbox 2540 3947 2725 4014; x_wconf 84' lang='grc' dir='ltr'>καλὸν,</span> <span class='ocrx_word' id='word_1_547' title='bbox 2751 3946 2834 4002; x_wconf 81' lang='grc' dir='ltr'>ὅτι</span> <span class='ocrx_word' id='word_1_548' title='bbox 2865 3949 3029 4003; x_wconf 74' lang='grc' dir='ltr'>καλὸν</span> <span class='ocrx_word' id='word_1_549' title='bbox 3049 3949 3128 4019; x_wconf 84' lang='grc' dir='ltr'>τῷ</span> <span class='ocrx_word' id='word_1_550' title='bbox 3152 3952 3322 4022; x_wconf 75' lang='grc' dir='ltr'>πατρὶ</span> <span class='ocrx_word' id='word_1_551' title='bbox 3338 3951 3618 4006; x_wconf 84' lang='grc' dir='ltr'>πείθεσθαι</span> <span class='ocrx_word' id='word_1_552' title='bbox 3638 3965 3653 3982; x_wconf 66' lang='grc' dir='ltr'>θ</span> 
     </span>
    </p>
   </div>
   <div class='ocr_carea' id='block_1_83' title="bbox 2078 4036 3654 4114">
    <p class='ocr_par' dir='ltr' id='par_1_83' title="bbox 2078 4036 3654 4114">
     <span class='ocr_line' id='line_1_83' title="bbox 2078 4036 3654 4114; baseline 0.004 -26"><span class='ocrx_word' id='word_1_553' title='bbox 2078 4036 2173 4091; x_wconf 74' lang='grc' dir='ltr'><strong>καὶ</strong></span> <span class='ocrx_word' id='word_1_554' title='bbox 2204 4037 2257 4092; x_wconf 75' lang='lat' dir='ltr'><strong>et</strong></span> <span class='ocrx_word' id='word_1_555' title='bbox 2289 4055 2371 4091; x_wconf 91' lang='grc' dir='ltr'><strong>σοι</strong></span> <span class='ocrx_word' id='word_1_556' title='bbox 2416 4037 2587 4108; x_wconf 76' lang='grc' dir='ltr'>μηδὲν</span> <span class='ocrx_word' id='word_1_557' title='bbox 2635 4039 2858 4094; x_wconf 80' lang='grc' dir='ltr'>ἔσεσθαι</span> <span class='ocrx_word' id='word_1_558' title='bbox 2912 4042 3119 4112; x_wconf 81' lang='grc' dir='ltr'>μέλλοι,</span> <span class='ocrx_word' id='word_1_559' title='bbox 3177 4042 3336 4097; x_wconf 74' lang='grc' dir='ltr'>τοῦτο</span> <span class='ocrx_word' id='word_1_560' title='bbox 3382 4045 3516 4097; x_wconf 69' lang='grc' dir='ltr'>αὐτὸ</span> <span class='ocrx_word' id='word_1_561' title='bbox 3572 4061 3654 4114; x_wconf 78' lang='grc' dir='ltr'>μιο</span> 
     </span>
    </p>
   </div>
   <div class='ocr_carea' id='block_1_84' title="bbox 2079 4126 2901 4201">
    <p class='ocr_par' dir='ltr' id='par_1_84' title="bbox 2079 4126 2901 4201">
     <span class='ocr_line' id='line_1_84' title="bbox 2079 4126 2901 4201; baseline 0.006 -22"><span class='ocrx_word' id='word_1_562' title='bbox 2079 4126 2226 4192; x_wconf 82' lang='grc' dir='ltr'>σθὸς,</span> <span class='ocrx_word' id='word_1_563' title='bbox 2262 4129 2323 4182; x_wconf 79' lang='grc' dir='ltr'>τὸ</span> <span class='ocrx_word' id='word_1_564' title='bbox 2357 4132 2526 4199; x_wconf 75' lang='grc' dir='ltr'>πατρὶ</span> <span class='ocrx_word' id='word_1_565' title='bbox 2560 4130 2901 4201; x_wconf 75' lang='grc' dir='ltr'>χαρίζεσθαι.</span> 
     </span>
    </p>
   </div>
   <div class='ocr_carea' id='block_1_85' title="bbox 2160 4308 3651 4387">
    <p class='ocr_par' dir='ltr' id='par_1_85' title="bbox 2160 4308 3651 4387">
     <span class='ocr_line' id='line_1_85' title="bbox 2160 4308 3651 4387; baseline 0.005 -23"><span class='ocrx_word' id='word_1_566' title='bbox 2160 4308 2248 4372; x_wconf 80' lang='grc' dir='ltr'>Ὧς</span> <span class='ocrx_word' id='word_1_567' title='bbox 2272 4311 2381 4375; x_wconf 79' lang='grc' dir='ltr'>τοῖς</span> <span class='ocrx_word' id='word_1_568' title='bbox 2415 4311 2596 4375; x_wconf 77' lang='grc' dir='ltr'>αὐτοῖς</span> <span class='ocrx_word' id='word_1_569' title='bbox 2630 4311 2874 4383; x_wconf 75' lang='grc' dir='ltr'>μέτροις,</span> <span class='ocrx_word' id='word_1_570' title='bbox 2901 4314 3043 4367; x_wconf 78' lang='grc' dir='ltr'>κατὰ</span> <span class='ocrx_word' id='word_1_571' title='bbox 3067 4315 3165 4386; x_wconf 77' lang='grc' dir='ltr'>τὴν</span> <span class='ocrx_word' id='word_1_572' title='bbox 3189 4315 3282 4371; x_wconf 76' lang='grc' dir='ltr'>τοῦ</span> <span class='ocrx_word' id='word_1_573' title='bbox 3314 4317 3522 4387; x_wconf 80' lang='grc' dir='ltr'>Κυρίου</span> <span class='ocrx_word' id='word_1_574' title='bbox 3545 4334 3651 4386; x_wconf 77' lang='grc' dir='ltr'>φω-</span> 
     </span>
    </p>
   </div>
   <div class='ocr_carea' id='block_1_86' title="bbox 2075 4401 3655 4479">
    <p class='ocr_par' dir='ltr' id='par_1_86' title="bbox 2075 4401 3655 4479">
     <span class='ocr_line' id='line_1_86' title="bbox 2075 4401 3655 4479; baseline 0.003 -23"><span class='ocrx_word' id='word_1_575' title='bbox 2075 4402 2191 4473; x_wconf 77' lang='grc' dir='ltr'>νην,</span> <span class='ocrx_word' id='word_1_576' title='bbox 2224 4403 2310 4472; x_wconf 73' lang='grc' dir='ltr'><strong>ἐφ’</strong></span> <span class='ocrx_word' id='word_1_577' title='bbox 2340 4403 2555 4474; x_wconf 79' lang='grc' dir='ltr'>ἑκάστῳ</span> <span class='ocrx_word' id='word_1_578' title='bbox 2581 4401 2690 4458; x_wconf 84' lang='grc' dir='ltr'><strong>τῶν</strong></span> <span class='ocrx_word' id='word_1_579' title='bbox 2721 4406 3108 4475; x_wconf 82' lang='grc' dir='ltr'>πραττομένων</span> <span class='ocrx_word' id='word_1_580' title='bbox 3151 4407 3536 4479; x_wconf 84' lang='grc' dir='ltr'>μετρούμενοι,</span> <span class='ocrx_word' id='word_1_581' title='bbox 3562 4407 3655 4477; x_wconf 78' lang='grc' dir='ltr'><strong>μά-</strong></span> 
     </span>
    </p>
   </div>
   <div class='ocr_carea' id='block_1_87' title="bbox 380 4488 1974 4569">
    <p class='ocr_par' dir='ltr' id='par_1_87' title="bbox 380 4488 1971 4559">
     <span class='ocr_line' id='line_1_87' title="bbox 380 4488 1971 4559; baseline 0.001 -14"><span class='ocrx_word' id='word_1_582' title='bbox 380 4498 465 4545; x_wconf 86' lang='lat' dir='ltr'><strong>tes</strong></span> <span class='ocrx_word' id='word_1_583' title='bbox 491 4496 752 4559; x_wconf 86' lang='lat' dir='ltr'><strong>tanquam</strong></span> <span class='ocrx_word' id='word_1_584' title='bbox 786 4488 1044 4546; x_wconf 86' lang='lat' dir='ltr'><strong>dominos</strong></span> <span class='ocrx_word' id='word_1_585' title='bbox 1076 4490 1352 4545; x_wconf 86' lang='lat' dir='ltr'><strong>honorare</strong></span> <span class='ocrx_word' id='word_1_586' title='bbox 1390 4489 1694 4557; x_wconf 86' lang='lat' dir='ltr'><strong>discamus,</strong></span> <span class='ocrx_word' id='word_1_587' title='bbox 1721 4499 1794 4547; x_wconf 86' lang='lat' dir='ltr'><strong>.ut</strong></span> <span class='ocrx_word' id='word_1_588' title='bbox 1843 4500 1898 4546; x_wconf 90' lang='lat' dir='ltr'><strong>et</strong></span> <span class='ocrx_word' id='word_1_589' title='bbox 1941 4508 1971 4547; x_wconf 88' lang='lat' dir='ltr'><strong>a</strong></span> 
     </span>
    </p>
   </div>
   <div class='ocr_carea' id='block_1_88' title="bbox 2093 4488 3653 4569">
    <p class='ocr_par' dir='ltr' id='par_1_88' title="bbox 2093 4494 3653 4569">
     <span class='ocr_line' id='line_1_88' title="bbox 2093 4494 3653 4569; baseline 0.003 -21"><span class='ocrx_word' id='word_1_590' title='bbox 2093 4494 2265 4567; x_wconf 67' lang='grc' dir='ltr'>ὶωμεν</span> <span class='ocrx_word' id='word_1_591' title='bbox 2297 4496 2373 4560; x_wconf 85' lang='grc' dir='ltr'>ὼς</span> <span class='ocrx_word' id='word_1_592' title='bbox 2405 4497 2674 4561; x_wconf 85' lang='grc' dir='ltr'>δεσπότας</span> <span class='ocrx_word' id='word_1_593' title='bbox 2698 4498 2865 4569; x_wconf 80' lang='grc' dir='ltr'>τιμᾷν</span> <span class='ocrx_word' id='word_1_594' title='bbox 2892 4501 3088 4568; x_wconf 82' lang='grc' dir='ltr'>γονεῖς,</span> <span class='ocrx_word' id='word_1_595' title='bbox 3126 4499 3216 4554; x_wconf 77' lang='grc' dir='ltr'><strong>ἵνα</strong></span> <span class='ocrx_word' id='word_1_596' title='bbox 3237 4502 3333 4554; x_wconf 82' lang='grc' dir='ltr'>καὶ</span> <span class='ocrx_word' id='word_1_597' title='bbox 3389 4501 3497 4559; x_wconf 80' lang='grc' dir='ltr'><strong>ὑπὸ</strong></span> <span class='ocrx_word' id='word_1_598' title='bbox 3551 4502 3653 4554; x_wconf 82' lang='grc' dir='ltr'>τῶν</span> 
     </span>
    </p>
   </div>
   <div class='ocr_carea' id='block_1_89' title="bbox 381 4578 1973 4651">
    <p class='ocr_par' dir='ltr' id='par_1_89' title="bbox 381 4578 1973 4651">
     <span class='ocr_line' id='line_1_89' title="bbox 381 4578 1973 4651; baseline 0.002 -17"><span class='ocrx_word' id='word_1_599' title='bbox 381 4579 594 4635; x_wconf 86' lang='lat' dir='ltr'><strong>nostris</strong></span> <span class='ocrx_word' id='word_1_600' title='bbox 630 4580 878 4651; x_wconf 89' lang='lat' dir='ltr'><strong>ipsormn</strong></span> <span class='ocrx_word' id='word_1_601' title='bbox 912 4579 1120 4638; x_wconf 80' lang='lat' dir='ltr'><strong>honore</strong></span> <span class='ocrx_word' id='word_1_602' title='bbox 1153 4578 1458 4635; x_wconf 82' lang='lat' dir='ltr'><strong>aﬂiciamur</strong></span> <span class='ocrx_word' id='word_1_603' title='bbox 1488 4579 1698 4647; x_wconf 91' lang='lat' dir='ltr'><strong>liberis,</strong></span> <span class='ocrx_word' id='word_1_604' title='bbox 1727 4590 1781 4636; x_wconf 90' lang='lat' dir='ltr'><strong>et</strong></span> <span class='ocrx_word' id='word_1_605' title='bbox 1810 4594 1841 4635; x_wconf 89' lang='lat' dir='ltr'><strong>a</strong></span> <span class='ocrx_word' id='word_1_606' title='bbox 1869 4579 1973 4637; x_wconf 87' lang='lat' dir='ltr'><strong>Do-</strong></span> 
     </span>
    </p>
   </div>
   <div class='ocr_carea' id='block_1_90' title="bbox 273 4665 1973 4743">
    <p class='ocr_par' dir='ltr' id='par_1_90' title="bbox 273 4665 1973 4743">
     <span class='ocr_line' id='line_1_90' title="bbox 273 4665 1973 4743; baseline -0.001 -15"><span class='ocrx_word' id='word_1_607' title='bbox 273 4665 277 4668; x_wconf 64' lang='grc'><em>’</em></span> <span class='ocrx_word' id='word_1_608' title='bbox 382 4671 536 4728; x_wconf 87' lang='lat' dir='ltr'><strong>mino</strong></span> <span class='ocrx_word' id='word_1_609' title='bbox 563 4673 616 4726; x_wconf 90' lang='lat' dir='ltr'><strong>in</strong></span> <span class='ocrx_word' id='word_1_610' title='bbox 655 4670 760 4730; x_wconf 89' lang='lat' dir='ltr'><strong>hac</strong></span> <span class='ocrx_word' id='word_1_611' title='bbox 791 4688 850 4728; x_wconf 87' lang='lat' dir='ltr'><strong>re</strong></span> <span class='ocrx_word' id='word_1_612' title='bbox 878 4671 1158 4731; x_wconf 80' lang='lat' dir='ltr'><strong>deﬁnitam</strong></span> <span class='ocrx_word' id='word_1_613' title='bbox 1185 4670 1494 4728; x_wconf 89' lang='lat' dir='ltr'><strong>mercedem</strong></span> <span class='ocrx_word' id='word_1_614' title='bbox 1541 4672 1775 4743; x_wconf 84' lang='lat' dir='ltr'><strong>amplam</strong></span> <span class='ocrx_word' id='word_1_615' title='bbox 1834 4674 1973 4728; x_wconf 87' lang='lat' dir='ltr'><strong>reci—</strong></span> 
     </span>
    </p>
   </div>
   <div class='ocr_carea' id='block_1_91' title="bbox 380 4764 621 4833">
    <p class='ocr_par' dir='ltr' id='par_1_91' title="bbox 380 4764 621 4833">
     <span class='ocr_line' id='line_1_91' title="bbox 380 4764 621 4833; baseline 0.017 -14"><span class='ocrx_word' id='word_1_616' title='bbox 380 4764 621 4833; x_wconf 88' lang='lat' dir='ltr'><strong>piamus.</strong></span> 
     </span>
    </p>
   </div>
   <div class='ocr_carea' id='block_1_92' title="bbox 457 4880 1972 4951">
    <p class='ocr_par' dir='ltr' id='par_1_92' title="bbox 457 4880 1972 4951">
     <span class='ocr_line' id='line_1_92' title="bbox 457 4880 1972 4951; baseline 0.001 -16"><span class='ocrx_word' id='word_1_617' title='bbox 457 4880 742 4949; x_wconf 84' lang='lat' dir='ltr'><strong>Tanquam</strong></span> <span class='ocrx_word' id='word_1_618' title='bbox 791 4896 960 4936; x_wconf 80' lang='lat' dir='ltr'><strong>verna</strong></span> <span class='ocrx_word' id='word_1_619' title='bbox 996 4880 1339 4951; x_wconf 83' lang='lat' dir='ltr'><strong>genitoribus</strong></span> <span class='ocrx_word' id='word_1_620' title='bbox 1378 4881 1487 4936; x_wconf 89' lang='lat' dir='ltr'><strong>tuis</strong></span> <span class='ocrx_word' id='word_1_621' title='bbox 1535 4882 1739 4939; x_wconf 77' lang='lat' dir='ltr'><strong>servito</strong></span> <span class='ocrx_word' id='word_1_622' title='bbox 1774 4899 1788 4936; x_wconf 91' lang='lat'><strong>:</strong></span> <span class='ocrx_word' id='word_1_623' title='bbox 1840 4883 1972 4951; x_wconf 85' lang='lat' dir='ltr'><strong>quid</strong></span> 
     </span>
    </p>
   </div>
   <div class='ocr_carea' id='block_1_93' title="bbox 383 4969 1972 5045">
    <p class='ocr_par' dir='ltr' id='par_1_93' title="bbox 383 4969 1972 5045">
     <span class='ocr_line' id='line_1_93' title="bbox 383 4969 1972 5045; baseline 0.003 -19"><span class='ocrx_word' id='word_1_624' title='bbox 383 4969 535 5026; x_wconf 79' lang='lat' dir='ltr'><strong>enim</strong></span> <span class='ocrx_word' id='word_1_625' title='bbox 560 4971 673 5027; x_wconf 75' lang='lat' dir='ltr'><strong>illis</strong></span> <span class='ocrx_word' id='word_1_626' title='bbox 694 4973 803 5028; x_wconf 82' lang='lat' dir='ltr'><strong>tale</strong></span> <span class='ocrx_word' id='word_1_627' title='bbox 823 4972 1042 5037; x_wconf 77' lang='lat' dir='ltr'><strong>reddas,</strong></span> <span class='ocrx_word' id='word_1_628' title='bbox 1086 4973 1249 5043; x_wconf 69' lang='lat' dir='ltr'><strong>quale</strong></span> <span class='ocrx_word' id='word_1_629' title='bbox 1278 4975 1348 5028; x_wconf 88' lang='lat' dir='ltr'><strong>ab</strong></span> <span class='ocrx_word' id='word_1_630' title='bbox 1381 4974 1488 5029; x_wconf 90' lang='lat' dir='ltr'><strong>illis</strong></span> <span class='ocrx_word' id='word_1_631' title='bbox 1516 4974 1806 5045; x_wconf 78' lang='lat' dir='ltr'><strong>accepisti?</strong></span> <span class='ocrx_word' id='word_1_632' title='bbox 1839 4975 1972 5030; x_wconf 77' lang='lat' dir='ltr'><strong>Nam</strong></span> 
     </span>
    </p>
   </div>
   <div class='ocr_carea' id='block_1_94' title="bbox 389 5062 1418 5134">
    <p class='ocr_par' dir='ltr' id='par_1_94' title="bbox 389 5062 1418 5134">
     <span class='ocr_line' id='line_1_94' title="bbox 389 5062 1418 5134; baseline 0.007 -19"><span class='ocrx_word' id='word_1_633' title='bbox 389 5062 630 5124; x_wconf 75' lang='lat' dir='ltr'><strong>vicissim</strong></span> <span class='ocrx_word' id='word_1_634' title='bbox 665 5079 927 5134; x_wconf 77' lang='lat' dir='ltr'><strong>generare</strong></span> <span class='ocrx_word' id='word_1_635' title='bbox 957 5064 1079 5122; x_wconf 89' lang='lat' dir='ltr'><strong>illos</strong></span> <span class='ocrx_word' id='word_1_636' title='bbox 1134 5079 1232 5122; x_wconf 67' lang='lat' dir='ltr'><strong>.‘nn</strong></span> <span class='ocrx_word' id='word_1_637' title='bbox 1269 5067 1418 5122; x_wconf 86' lang='lat' dir='ltr'><strong>licet.</strong></span> 
     </span>
    </p>
   </div>
   <div class='ocr_carea' id='block_1_95' title="bbox 457 5178 1975 5254">
    <p class='ocr_par' dir='ltr' id='par_1_95' title="bbox 457 5178 1975 5254">
     <span class='ocr_line' id='line_1_95' title="bbox 457 5178 1975 5254; baseline 0.004 -20"><span class='ocrx_word' id='word_1_638' title='bbox 457 5178 684 5234; x_wconf 79' lang='lat' dir='ltr'><strong>Aristot.</strong></span> <span class='ocrx_word' id='word_1_639' title='bbox 726 5178 967 5252; x_wconf 63' lang='lat' dir='ltr'><strong>(Equum</strong></span> <span class='ocrx_word' id='word_1_640' title='bbox 1001 5193 1086 5238; x_wconf 87' lang='lat' dir='ltr'><strong>est</strong></span> <span class='ocrx_word' id='word_1_641' title='bbox 1137 5191 1198 5237; x_wconf 92' lang='lat' dir='ltr'><strong>ut</strong></span> <span class='ocrx_word' id='word_1_642' title='bbox 1246 5182 1389 5238; x_wconf 74' lang='lat' dir='ltr'><strong>[ilius</strong></span> <span class='ocrx_word' id='word_1_643' title='bbox 1440 5184 1613 5254; x_wconf 87' lang='lat' dir='ltr'><strong>patris</strong></span> <span class='ocrx_word' id='word_1_644' title='bbox 1664 5186 1737 5239; x_wconf 89' lang='lat' dir='ltr'><strong>sit</strong></span> <span class='ocrx_word' id='word_1_645' title='bbox 1782 5198 1975 5240; x_wconf 87' lang='lat' dir='ltr'><strong>servus</strong></span> 
     </span>
    </p>
   </div>
   <div class='ocr_carea' id='block_1_96' title="bbox 391 5268 1972 5342">
    <p class='ocr_par' dir='ltr' id='par_1_96' title="bbox 391 5268 1972 5342">
     <span class='ocr_line' id='line_1_96' title="bbox 391 5268 1972 5342; baseline 0.003 -20"><span class='ocrx_word' id='word_1_646' title='bbox 391 5268 568 5338; x_wconf 85' lang='lat' dir='ltr'><strong>magis</strong></span> <span class='ocrx_word' id='word_1_647' title='bbox 594 5282 760 5338; x_wconf 90' lang='lat' dir='ltr'><strong>quam</strong></span> <span class='ocrx_word' id='word_1_648' title='bbox 798 5285 964 5324; x_wconf 80' lang='lat' dir='ltr'><strong>\erna</strong></span> <span class='ocrx_word' id='word_1_649' title='bbox 988 5287 1005 5338; x_wconf 87' lang='lat'><strong>;</strong></span> <span class='ocrx_word' id='word_1_650' title='bbox 1036 5273 1125 5327; x_wconf 83' lang='lat' dir='ltr'><strong>ille</strong></span> <span class='ocrx_word' id='word_1_651' title='bbox 1155 5273 1299 5326; x_wconf 88' lang='lat' dir='ltr'><strong>enim</strong></span> <span class='ocrx_word' id='word_1_652' title='bbox 1325 5279 1518 5327; x_wconf 83' lang='lat' dir='ltr'><strong>natura</strong></span> <span class='ocrx_word' id='word_1_653' title='bbox 1542 5273 1712 5342; x_wconf 86' lang='lat' dir='ltr'><strong>patris</strong></span> <span class='ocrx_word' id='word_1_654' title='bbox 1740 5280 1826 5328; x_wconf 89' lang='lat' dir='ltr'><strong>est</strong></span> <span class='ocrx_word' id='word_1_655' title='bbox 1856 5288 1972 5328; x_wconf 89' lang='lat' dir='ltr'><strong>ser-</strong></span> 
     </span>
    </p>
   </div>
   <div class='ocr_carea' id='block_1_97' title="bbox 389 5360 1557 5431">
    <p class='ocr_par' dir='ltr' id='par_1_97' title="bbox 389 5360 1557 5431">
     <span class='ocr_line' id='line_1_97' title="bbox 389 5360 1557 5431; baseline 0.001 -18"><span class='ocrx_word' id='word_1_656' title='bbox 389 5375 509 5431; x_wconf 81' lang='lat' dir='ltr'><strong>vus,</strong></span> <span class='ocrx_word' id='word_1_657' title='bbox 534 5361 624 5418; x_wconf 86' lang='lat' dir='ltr'><strong>hic</strong></span> <span class='ocrx_word' id='word_1_658' title='bbox 651 5360 788 5430; x_wconf 81' lang='lat' dir='ltr'><strong>lege.</strong></span> <span class='ocrx_word' id='word_1_659' title='bbox 1554 5386 1557 5389; x_wconf 95' lang='lat'><strong><em>-</em></strong></span> 
     </span>
    </p>
   </div>
   <div class='ocr_carea' id='block_1_98' title="bbox 463 5477 1972 5553">
    <p class='ocr_par' dir='ltr' id='par_1_98' title="bbox 463 5477 1972 5553">
     <span class='ocr_line' id='line_1_98' title="bbox 463 5477 1972 5553; baseline 0.003 -20"><span class='ocrx_word' id='word_1_660' title='bbox 463 5479 739 5536; x_wconf 78' lang='lat' dir='ltr'><strong>Isocratis.</strong></span> <span class='ocrx_word' id='word_1_661' title='bbox 800 5477 986 5532; x_wconf 83' lang='lat' dir='ltr'><strong>Talem</strong></span> <span class='ocrx_word' id='word_1_662' title='bbox 1038 5487 1089 5532; x_wconf 91' lang='lat' dir='ltr'><strong>te</strong></span> <span class='ocrx_word' id='word_1_663' title='bbox 1151 5490 1348 5548; x_wconf 47' lang='lat' dir='ltr'><strong>praesta</strong></span> <span class='ocrx_word' id='word_1_664' title='bbox 1392 5480 1734 5551; x_wconf 84' lang='lat' dir='ltr'><strong>parentibus,</strong></span> <span class='ocrx_word' id='word_1_665' title='bbox 1777 5482 1972 5553; x_wconf 87' lang='lat' dir='ltr'><strong>quales</strong></span> 
     </span>
    </p>
   </div>
   <div class='ocr_carea' id='block_1_99' title="bbox 390 5569 1417 5641">
    <p class='ocr_par' dir='ltr' id='par_1_99' title="bbox 390 5569 1417 5641">
     <span class='ocr_line' id='line_1_99' title="bbox 390 5569 1417 5641; baseline 0.003 -17"><span class='ocrx_word' id='word_1_666' title='bbox 390 5579 545 5638; x_wconf 83' lang='lat' dir='ltr'><strong>Optas</strong></span> <span class='ocrx_word' id='word_1_667' title='bbox 578 5572 675 5627; x_wconf 83' lang='lat' dir='ltr'><strong>tibi</strong></span> <span class='ocrx_word' id='word_1_668' title='bbox 712 5571 1011 5641; x_wconf 78' lang='lat' dir='ltr'><strong>inerigeros</strong></span> <span class='ocrx_word' id='word_1_669' title='bbox 1044 5569 1162 5625; x_wconf 78' lang='lat' dir='ltr'><strong>fore</strong></span> <span class='ocrx_word' id='word_1_670' title='bbox 1196 5572 1417 5628; x_wconf 88' lang='lat' dir='ltr'><strong>liberos.</strong></span> 
     </span>
    </p>
   </div>
   <div class='ocr_carea' id='block_1_100' title="bbox 462 5675 1972 5758">
    <p class='ocr_par' dir='ltr' id='par_1_100' title="bbox 462 5675 1972 5758">
     <span class='ocr_line' id='line_1_100' title="bbox 462 5675 1972 5758; baseline 0.011 -32"><span class='ocrx_word' id='word_1_671' title='bbox 462 5675 765 5736; x_wconf 78' lang='lat' dir='ltr'><strong>Alexander</strong></span> <span class='ocrx_word' id='word_1_672' title='bbox 805 5695 899 5736; x_wconf 81' lang='lat' dir='ltr'><strong>rex</strong></span> <span class='ocrx_word' id='word_1_673' title='bbox 933 5695 1058 5736; x_wconf 92' lang='lat' dir='ltr'><strong>cum</strong></span> <span class='ocrx_word' id='word_1_674' title='bbox 1094 5682 1546 5752; x_wconf 83' lang='lat' dir='ltr'><strong>interrogaretur,</strong></span> <span class='ocrx_word' id='word_1_675' title='bbox 1574 5695 1757 5740; x_wconf 89' lang='lat' dir='ltr'><strong>utrum</strong></span> <span class='ocrx_word' id='word_1_676' title='bbox 1796 5687 1972 5758; x_wconf 85' lang='lat' dir='ltr'><strong>magis</strong></span> 
     </span>
    </p>
   </div>
   <div class='ocr_carea' id='block_1_101' title="bbox 391 5765 1965 5847">
    <p class='ocr_par' dir='ltr' id='par_1_101' title="bbox 391 5765 1965 5847">
     <span class='ocr_line' id='line_1_101' title="bbox 391 5765 1965 5847; baseline 0.005 -22"><span class='ocrx_word' id='word_1_677' title='bbox 391 5765 729 5828; x_wconf 78' lang='lat' dir='ltr'><strong>desideraret</strong></span> <span class='ocrx_word' id='word_1_678' title='bbox 782 5787 994 5845; x_wconf 79' lang='lat' dir='ltr'><strong>putrem</strong></span> <span class='ocrx_word' id='word_1_679' title='bbox 1042 5773 1387 5847; x_wconf 73' lang='lat' dir='ltr'><strong>Philippum,</strong></span> <span class='ocrx_word' id='word_1_680' title='bbox 1445 5793 1511 5832; x_wconf 87' lang='lat' dir='ltr'><strong>an</strong></span> <span class='ocrx_word' id='word_1_681' title='bbox 1566 5779 1965 5840; x_wconf 82' lang='lat' dir='ltr'><strong>Aristotelem:</strong></span> 
     </span>
    </p>
   </div>
   <div class='ocr_carea' id='block_1_102' title="bbox 2082 4585 3645 4665">
    <p class='ocr_par' dir='ltr' id='par_1_102' title="bbox 2082 4585 3645 4665">
     <span class='ocr_line' id='line_1_102' title="bbox 2082 4585 3645 4665; baseline 0.008 -27"><span class='ocrx_word' id='word_1_682' title='bbox 2082 4585 2225 4640; x_wconf 74' lang='grc' dir='ltr'>ἰδίων</span> <span class='ocrx_word' id='word_1_683' title='bbox 2259 4586 2582 4658; x_wconf 77' lang='grc' dir='ltr'>τιμηῦὢμεν</span> <span class='ocrx_word' id='word_1_684' title='bbox 2618 4588 2843 4654; x_wconf 85' lang='grc' dir='ltr'>παίδων,</span> <span class='ocrx_word' id='word_1_685' title='bbox 2875 4591 2970 4644; x_wconf 85' lang='grc' dir='ltr'>καὶ</span> <span class='ocrx_word' id='word_1_686' title='bbox 2997 4591 3089 4643; x_wconf 75' lang='grc' dir='ltr'>τὸν</span> <span class='ocrx_word' id='word_1_687' title='bbox 3120 4593 3271 4661; x_wconf 82' lang='grc' dir='ltr'><strong>παρὰ</strong></span> <span class='ocrx_word' id='word_1_688' title='bbox 3320 4591 3417 4649; x_wconf 83' lang='grc' dir='ltr'><strong>τοῦ</strong></span> <span class='ocrx_word' id='word_1_689' title='bbox 3446 4592 3645 4665; x_wconf 70' lang='grc' dir='ltr'>Κυρίου</span> 
     </span>
    </p>
   </div>
   <div class='ocr_carea' id='block_1_103' title="bbox 2076 4679 3646 4757">
    <p class='ocr_par' dir='ltr' id='par_1_103' title="bbox 2076 4679 3646 4757">
     <span class='ocr_line' id='line_1_103' title="bbox 2076 4679 3646 4757; baseline 0.004 -25"><span class='ocrx_word' id='word_1_690' title='bbox 2076 4679 2380 4750; x_wconf 81' lang='grc' dir='ltr'>ὡρισμένον</span> <span class='ocrx_word' id='word_1_691' title='bbox 2406 4680 2499 4733; x_wconf 75' lang='grc' dir='ltr'><strong>ἐπὶ</strong></span> <span class='ocrx_word' id='word_1_692' title='bbox 2529 4680 2704 4751; x_wconf 84' lang='grc' dir='ltr'>τούτῳ</span> <span class='ocrx_word' id='word_1_693' title='bbox 2739 4682 2993 4741; x_wconf 84' lang='grc' dir='ltr'>πλούσιον</span> <span class='ocrx_word' id='word_1_694' title='bbox 3021 4684 3216 4754; x_wconf 78' lang='grc' dir='ltr'>μισθὸν</span> <span class='ocrx_word' id='word_1_695' title='bbox 3266 4686 3646 4757; x_wconf 74' lang='grc' dir='ltr'>ἀπολάὃωμεν.</span> 
     </span>
    </p>
   </div>
   <div class='ocr_carea' id='block_1_104' title="bbox 2165 4883 3651 4965">
    <p class='ocr_par' dir='ltr' id='par_1_104' title="bbox 2165 4883 3651 4965">
     <span class='ocr_line' id='line_1_104' title="bbox 2165 4883 3651 4965; baseline 0.008 -29"><span class='ocrx_word' id='word_1_696' title='bbox 2165 4883 2252 4948; x_wconf 82' lang='grc' dir='ltr'>Ὠς</span> <span class='ocrx_word' id='word_1_697' title='bbox 2274 4886 2490 4954; x_wconf 79' lang='grc' dir='ltr'>οἰκέτης</span> <span class='ocrx_word' id='word_1_698' title='bbox 2517 4887 2810 4943; x_wconf 71' lang='grc' dir='ltr'>δούλευσωι</span> <span class='ocrx_word' id='word_1_699' title='bbox 2837 4893 2949 4954; x_wconf 83' lang='grc' dir='ltr'>τοῖς</span> <span class='ocrx_word' id='word_1_700' title='bbox 2980 4893 3279 4961; x_wconf 71' lang='grc' dir='ltr'>γεννήσασι</span> <span class='ocrx_word' id='word_1_701' title='bbox 3313 4910 3397 4950; x_wconf 88' lang='grc' dir='ltr'>σε.</span> <span class='ocrx_word' id='word_1_702' title='bbox 3433 4893 3500 4947; x_wconf 87' lang='grc' dir='ltr'>Τί</span> <span class='ocrx_word' id='word_1_703' title='bbox 3548 4894 3651 4965; x_wconf 73' lang='grc' dir='ltr'><strong>γὰρ</strong></span> 
     </span>
    </p>
   </div>
   <div class='ocr_carea' id='block_1_105' title="bbox 2078 4979 3652 5060">
    <p class='ocr_par' dir='ltr' id='par_1_105' title="bbox 2078 4979 3652 5060">
     <span class='ocr_line' id='line_1_105' title="bbox 2078 4979 3652 5060; baseline 0.01 -30"><span class='ocrx_word' id='word_1_704' title='bbox 2078 4979 2486 5043; x_wconf 82' lang='grc' dir='ltr'>ὰνταποδώσεις</span> <span class='ocrx_word' id='word_1_705' title='bbox 2511 4981 2694 5047; x_wconf 76' lang='grc' dir='ltr'>αὐτοῖς</span> <span class='ocrx_word' id='word_1_706' title='bbox 2723 4979 2812 5035; x_wconf 76' lang='grc' dir='ltr'>οἷα</span> <span class='ocrx_word' id='word_1_707' title='bbox 2867 4986 3022 5038; x_wconf 77' lang='grc' dir='ltr'>αὐτοὶ</span> <span class='ocrx_word' id='word_1_708' title='bbox 3084 4987 3204 5052; x_wconf 74' lang='grc' dir='ltr'>σοις</span> <span class='ocrx_word' id='word_1_709' title='bbox 3273 4991 3652 5060; x_wconf 83' lang='grc' dir='ltr'>ἀντιγεννῆσαι</span> 
     </span>
    </p>
   </div>
   <div class='ocr_carea' id='block_1_106' title="bbox 2077 5070 2666 5137">
    <p class='ocr_par' dir='ltr' id='par_1_106' title="bbox 2077 5070 2666 5137">
     <span class='ocr_line' id='line_1_106' title="bbox 2077 5070 2666 5137; baseline 0.015 -17"><span class='ocrx_word' id='word_1_710' title='bbox 2077 5070 2187 5137; x_wconf 84' lang='grc' dir='ltr'>γὰρ</span> <span class='ocrx_word' id='word_1_711' title='bbox 2211 5071 2413 5135; x_wconf 79' lang='grc' dir='ltr'>αὐτοὺς</span> <span class='ocrx_word' id='word_1_712' title='bbox 2440 5072 2537 5127; x_wconf 83' lang='grc' dir='ltr'>οὐκ</span> <span class='ocrx_word' id='word_1_713' title='bbox 2567 5075 2666 5129; x_wconf 74' lang='grc' dir='ltr'>ἔνι.</span> 
     </span>
    </p>
   </div>
   <div class='ocr_carea' id='block_1_107' title="bbox 2148 5185 3655 5264">
    <p class='ocr_par' dir='ltr' id='par_1_107' title="bbox 2148 5185 3655 5264">
     <span class='ocr_line' id='line_1_107' title="bbox 2148 5185 3655 5264; baseline 0.006 -25"><span class='ocrx_word' id='word_1_714' title='bbox 2148 5188 2267 5259; x_wconf 80' lang='grc' dir='ltr'><strong>Χρὴ</strong></span> <span class='ocrx_word' id='word_1_715' title='bbox 2298 5188 2389 5241; x_wconf 83' lang='grc' dir='ltr'>τὸν</span> <span class='ocrx_word' id='word_1_716' title='bbox 2419 5189 2530 5241; x_wconf 79' lang='grc' dir='ltr'>υίὺν</span> <span class='ocrx_word' id='word_1_717' title='bbox 2561 5188 2745 5242; x_wconf 80' lang='grc' dir='ltr'>δοῦλον</span> <span class='ocrx_word' id='word_1_718' title='bbox 2795 5185 2939 5243; x_wconf 73' lang='grc' dir='ltr'>εἶναι</span> <span class='ocrx_word' id='word_1_719' title='bbox 2971 5189 3067 5243; x_wconf 82' lang='grc' dir='ltr'>τοῦ</span> <span class='ocrx_word' id='word_1_720' title='bbox 3114 5193 3322 5260; x_wconf 74' lang='grc' dir='ltr'>πατρὸς</span> <span class='ocrx_word' id='word_1_721' title='bbox 3368 5193 3401 5264; x_wconf 84' lang='grc' dir='ltr'><strong>ἣ</strong></span> <span class='ocrx_word' id='word_1_722' title='bbox 3447 5197 3537 5248; x_wconf 76' lang='grc' dir='ltr'>τὸν</span> <span class='ocrx_word' id='word_1_723' title='bbox 3583 5195 3655 5247; x_wconf 74' lang='lat' dir='ltr'><strong>ol-</strong></span> 
     </span>
    </p>
   </div>
   <div class='ocr_carea' id='block_1_108' title="bbox 2077 5279 3655 5360">
    <p class='ocr_par' dir='ltr' id='par_1_108' title="bbox 2077 5279 3655 5360">
     <span class='ocr_line' id='line_1_108' title="bbox 2077 5279 3655 5360; baseline 0.006 -29"><span class='ocrx_word' id='word_1_724' title='bbox 2077 5279 2263 5347; x_wconf 87' lang='grc' dir='ltr'>κέτην.</span> <span class='ocrx_word' id='word_1_725' title='bbox 2311 5280 2369 5332; x_wconf 88' lang='lat'><strong>&#39;0</strong></span> <span class='ocrx_word' id='word_1_726' title='bbox 2399 5279 2498 5351; x_wconf 82' lang='grc' dir='ltr'>μὲν</span> <span class='ocrx_word' id='word_1_727' title='bbox 2520 5280 2629 5360; x_wconf 82' lang='grc' dir='ltr'><strong>γὰρ</strong></span> <span class='ocrx_word' id='word_1_728' title='bbox 2654 5280 2810 5351; x_wconf 81' lang='grc' dir='ltr'>φύσει</span> <span class='ocrx_word' id='word_1_729' title='bbox 2831 5282 2923 5336; x_wconf 80' lang='grc' dir='ltr'>τοῦ</span> <span class='ocrx_word' id='word_1_730' title='bbox 2952 5283 3162 5357; x_wconf 66' lang='grc' dir='ltr'>πατρὶς</span> <span class='ocrx_word' id='word_1_731' title='bbox 3190 5284 3376 5350; x_wconf 84' lang='grc' dir='ltr'>δοῦλός</span> <span class='ocrx_word' id='word_1_732' title='bbox 3419 5288 3583 5354; x_wconf 81' lang='grc' dir='ltr'>ἐστιν,</span> <span class='ocrx_word' id='word_1_733' title='bbox 3628 5290 3655 5341; x_wconf 79' lang='grc' dir='ltr'><strong><em>ὁ</em></strong></span> 
     </span>
    </p>
   </div>
   <div class='ocr_carea' id='block_1_109' title="bbox 2076 5371 2330 5439">
    <p class='ocr_par' dir='ltr' id='par_1_109' title="bbox 2076 5371 2330 5439">
     <span class='ocr_line' id='line_1_109' title="bbox 2076 5371 2330 5439; baseline -0.008 -16"><span class='ocrx_word' id='word_1_734' title='bbox 2076 5371 2130 5423; x_wconf 79' lang='grc' dir='ltr'>δὲ</span> <span class='ocrx_word' id='word_1_735' title='bbox 2162 5371 2330 5439; x_wconf 77' lang='grc' dir='ltr'>νόμῳ.</span> 
     </span>
    </p>
   </div>
   <div class='ocr_carea' id='block_1_110' title="bbox 2152 5479 3651 5556">
    <p class='ocr_par' dir='ltr' id='par_1_110' title="bbox 2152 5479 3651 5556">
     <span class='ocr_line' id='line_1_110' title="bbox 2152 5479 3651 5556; baseline 0.005 -23"><span class='ocrx_word' id='word_1_736' title='bbox 2152 5479 2404 5543; x_wconf 77' lang='grc' dir='ltr'>Τοιοῦτος</span> <span class='ocrx_word' id='word_1_737' title='bbox 2434 5479 2586 5546; x_wconf 77' lang='grc' dir='ltr'>γίνου</span> <span class='ocrx_word' id='word_1_738' title='bbox 2623 5484 2750 5553; x_wconf 75' lang='grc' dir='ltr'>περὶ</span> <span class='ocrx_word' id='word_1_739' title='bbox 2800 5486 2927 5549; x_wconf 79' lang='grc' dir='ltr'>τοὺς</span> <span class='ocrx_word' id='word_1_740' title='bbox 2964 5490 3164 5556; x_wconf 76' lang='grc' dir='ltr'>γονεῖς,</span> <span class='ocrx_word' id='word_1_741' title='bbox 3205 5489 3352 5552; x_wconf 75' lang='grc' dir='ltr'>οἴους</span> <span class='ocrx_word' id='word_1_742' title='bbox 3378 5489 3444 5542; x_wconf 79' lang='grc' dir='ltr'>ἂν</span> <span class='ocrx_word' id='word_1_743' title='bbox 3476 5489 3651 5554; x_wconf 73' lang='grc' dir='ltr'>εὔξαιο</span> 
     </span>
    </p>
   </div>
   <div class='ocr_carea' id='block_1_111' title="bbox 2079 5575 3376 5646">
    <p class='ocr_par' dir='ltr' id='par_1_111' title="bbox 2079 5575 3376 5646">
     <span class='ocr_line' id='line_1_111' title="bbox 2079 5575 3376 5646; baseline 0.008 -19"><span class='ocrx_word' id='word_1_744' title='bbox 2079 5575 2209 5645; x_wconf 69' lang='grc' dir='ltr'>περὶ</span> <span class='ocrx_word' id='word_1_745' title='bbox 2234 5575 2464 5629; x_wconf 78' lang='grc' dir='ltr'>σεαυτὸν</span> <span class='ocrx_word' id='word_1_746' title='bbox 2496 5577 2750 5644; x_wconf 78' lang='grc' dir='ltr'>γενέσθαι</span> <span class='ocrx_word' id='word_1_747' title='bbox 2772 5580 2898 5642; x_wconf 78' lang='grc' dir='ltr'>τοὺς</span> <span class='ocrx_word' id='word_1_748' title='bbox 2926 5581 3125 5636; x_wconf 83' lang='grc' dir='ltr'>σαυτοῦ</span> <span class='ocrx_word' id='word_1_749' title='bbox 3159 5582 3376 5646; x_wconf 80' lang='grc' dir='ltr'>παῖδας.</span> 
     </span>
    </p>
   </div>
   <div class='ocr_carea' id='block_1_112' title="bbox 2159 5688 3648 5767">
    <p class='ocr_par' dir='ltr' id='par_1_112' title="bbox 2159 5688 3648 5767">
     <span class='ocr_line' id='line_1_112' title="bbox 2159 5688 3648 5767; baseline 0.004 -24"><span class='ocrx_word' id='word_1_750' title='bbox 2159 5688 2507 5759; x_wconf 78' lang='grc' dir='ltr'>Ἀλέξανδρος</span> <span class='ocrx_word' id='word_1_751' title='bbox 2534 5691 2562 5743; x_wconf 87' lang='grc' dir='ltr'>ὁ</span> <span class='ocrx_word' id='word_1_752' title='bbox 2605 5690 2879 5761; x_wconf 80' lang='grc' dir='ltr'>βασιλεὺς,</span> <span class='ocrx_word' id='word_1_753' title='bbox 2914 5692 3237 5765; x_wconf 71' lang='grc' dir='ltr'>ιρωτηθεὶς,</span> <span class='ocrx_word' id='word_1_754' title='bbox 3297 5696 3421 5751; x_wconf 81' lang='grc' dir='ltr'>τίνα</span> <span class='ocrx_word' id='word_1_755' title='bbox 3457 5695 3648 5767; x_wconf 79' lang='grc' dir='ltr'>μᾶλλον</span> 
     </span>
    </p>
   </div>
   <div class='ocr_carea' id='block_1_113' title="bbox 2076 5779 3645 5859">
    <p class='ocr_par' dir='ltr' id='par_1_113' title="bbox 2076 5779 3645 5859">
     <span class='ocr_line' id='line_1_113' title="bbox 2076 5779 3645 5859; baseline 0.004 -25"><span class='ocrx_word' id='word_1_756' title='bbox 2076 5780 2251 5847; x_wconf 84' lang='grc' dir='ltr'>ποθεῖ,</span> <span class='ocrx_word' id='word_1_757' title='bbox 2287 5779 2378 5835; x_wconf 69' lang='grc' dir='ltr'>τὸν</span> <span class='ocrx_word' id='word_1_758' title='bbox 2407 5780 2618 5850; x_wconf 69' lang='grc' dir='ltr'>πατέρα</span> <span class='ocrx_word' id='word_1_759' title='bbox 2648 5783 2910 5839; x_wconf 76' lang='grc' dir='ltr'>Φίλιππον</span> <span class='ocrx_word' id='word_1_760' title='bbox 2945 5783 2976 5857; x_wconf 80' lang='grc' dir='ltr'>ἤ</span> <span class='ocrx_word' id='word_1_761' title='bbox 3019 5784 3418 5859; x_wconf 76' lang='grc' dir='ltr'>Ἀριστοτέλην,</span> <span class='ocrx_word' id='word_1_762' title='bbox 3449 5787 3551 5842; x_wconf 78' lang='grc' dir='ltr'><strong>Τὸν</strong></span> <span class='ocrx_word' id='word_1_763' title='bbox 3576 5787 3645 5841; x_wconf 77' lang='grc' dir='ltr'>δι-</span> 
     </span>
    </p>
   </div>
  </div>
