3832 6244
179 431 298 498 1049
954 432 1130 495 LOCI
1172 431 1383 493 COMM
1396 428 1499 491 UN
1506 429 1614 491 ES.
1650 452 1682 464 -

1842 430 1948 489 ΒΞ
1981 429 2066 494 II.
2106 429 2366 489 SERMO
2405 430 2575 492 XllI.
3255 433 3392 498 105’)

174 539 429 605 δάσκαλον,
465 538 564 610 εφη
597 554 612 569 ο
646 540 677 594 ό
718 540 819 611 μὲν
866 541 977 612 γὰρ
1022 541 1117 596 τοῦ
1147 539 1423 611 γενέσθαι,
1459 539 1489 590 ό
1526 537 1582 590 δὲ
1622 554 1682 590 το

1842 536 2164 609 ιιεεῖειιιιιιι,
2208 539 2385 609 inquit
2414 556 2429 607 ;
2463 540 2553 595 ille
2598 541 2743 595 enim
2773 551 2832 597 ut
2861 556 3058 604 essem,
3091 540 3177 595 hic
3211 549 3390 595 autem

176 633 327 695 καλῶς
358 633 597 700 γενέσθαι
627 635 824 697 αῑτιος.

1846 638 1866 683 ι
1896 631 2156 698 praeclare
2188 631 2470 689 institutus
2501 648 2679 690 essem
2711 643 2901 689 auctor
2934 636 3055 690 fuit.

242 723 292 776 '0
320 725 471 786 αὐτὸς
507 724 646 793 βαρύ
665 742 718 779 τι
741 725 1138 804 ἐπιταττούσης
1163 724 1312 795 αὑτῷ
1336 724 1434 789 τῆς
1500 721 1682 792 μητρδ

1879 720 2022 777 Idem
2055 739 2177 777 cum
2212 734 2387 780 mater
2416 723 2696 798 Olympias
2721 729 2770 782 ei
2805 729 3008 796 aliquid
3044 726 3264 796 gravius
3292 726 3392 778 im-

183 814 528 883 Ὀλυμπιάδος,
563 816 706 888 ἔφη·
743 812 813 870 Ὦ
859 819 1056 889 μῆτερ,
1116 818 1313 888 πικρόν
1357 833 1425 887 με
1472 815 1682 868 ἐνοίκιοε

1842 823 2072 870 crarct:
2125 817 2418 884 Acerbam,
2469 836 2501 875 ο
2550 829 2744 887 mater,
2799 820 2993 891 inquit,
3042 834 3140 887 pro
3194 827 3387 872 novem

168 907 249 974 τῆς
270 907 647 978 ὲννεαμηναίου
685 909 960 972 ἀπαιτεῖς.

1845 907 2079 962 iensium
2128 923 2296 963 onere
2330 911 2636 965 mercedem
2665 914 2859 981 exigis.

226 1000 368 1062 Οἴους
396 999 458 1053 ἂν
487 1001 707 1069 ἐράνους
733 1003 964 1074 ἐνέγκῃς
995 1005 1105 1066 τοῖς
1134 1000 1377 1071 γονεῦσι,
1430 998 1703 1060 τοιούτους

164 1093 302 1156 αὐτὸς
343 1095 398 1145 ὲν
446 1093 523 1162 τῷ
573 1096 725 1167 γήρᾳ
771 1098 925 1166 παρὰ
982 1095 1090 1150 τῶν
1139 1094 1405 1147 τεκόντων
1447 1091 1701 1165 [τέκνων]

1880 996 2109 1053 Melesii.
2140 998 2335 1066 Qualia
2366 1001 2418 1055 in
2455 1012 2706 1071 parentes
2752 1005 3053 1061 contuleris
3081 1003 3348 1061 beneﬁcia
3366 1044 3386 1072 ,

1806 1088 1933 1142 talia
1970 1090 2022 1144 in
2055 1100 2338 1148 senectute
2369 1108 2399 1146 ει
2430 1093 2622 1149 liberis
2652 1105 2930 1166 exspecta.

166 1181 450 1251 προσδέχου.

164 1282 331 1344 Ὅστις
356 1282 412 1335 δὲ
435 1283 561 1345 τοὺς
592 1284 856 1346 τεκόντας
885 1285 945 1337 ἐν
971 1282 1072 1355 βίῳ
1103 1283 1274 1349 σέϐει,

171 1374 221 1425 Ὀ
245 1373 286 1426 δ’
310 1375 416 1427 ἐστὶ
441 1375 538 1428 καὶ
580 1375 692 1441 ζῶν
726 1377 818 1429 καὶ
850 1376 1028 1430 θανὼν
1060 1377 1195 1430 Θεοῦ
1224 1376 1398 1446 φίλος.

160 1466 255 1519 Οὐκ
277 1465 383 1520 εστι
418 1470 575 1521 παισὶ
609 1469 799 1521 τούτου
832 1464 1052 1523 κάλλιον
1082 1471 1273 1540 γέρας,

162 1557 219 1608 Ἦ
247 1558 434 1628 πατρὸς
453 1558 645 1612 ὲσθλοῦ
673 1559 920 1628 κάγαθοῦ
974 1560 1303 1629 πεφυκέναι,

158 1648 250 1701 Καὶ
274 1651 375 1712 τοῖς
400 1650 656 1706 τεκοῦσιν
687 1652 842 1719 ἀξίαν
870 1653 1038 1724 τιμὴν
1066 1652 1272 1723 νέμειν.

211 1825 374 1879 Σόλων
403 1827 703 1900 ἐρωτηθεὶς
733 1828 874 1882 διατι
909 1827 1051 1882 κατὰ
1081 1828 1195 1882 τῶν
1222 1829 1537 1884 τυπτόντων
1568 1831 1696 1895 τοὺς

1882 1268 2084 1325 Vivens
2117 1283 2371 1336 parentes
2400 1272 2493 1342 qui
2526 1272 2676 1339 colit,

1878 1360 2120 1419 Futurus
2146 1374 2230 1419 est
2269 1375 2456 1435 gratus
2489 1368 2593 1419 Deo
2626 1369 2780 1418 vivus
2811 1366 3081 1434 simulque
3116 1375 3383 1420 mortuus.

1874 1451 1983 1508 Nec
2024 1457 2304 1524 praemium
2338 1457 2507 1510 ullum
2539 1469 2622 1512 est
2643 1458 2829 1511 liberis
2857 1457 3166 1518 honestius,

1872 1547 2047 1611 Quam
2090 1551 2132 1601 si
2161 1549 2332 1620 probo
2362 1561 2661 1604 nascantur
2690 1561 2745 1604 et
2776 1551 3008 1604 lioncsm
3041 1556 3213 1616 patre,

1877 1639 2175 1712 Dignisque
2202 1652 2457 1711 parentes
2489 1641 2727 1696 alliciant
2762 1640 3086 1694 honoribus.

2426 1733 2770 1805 (Euripidis)

1876 1825 2043 1883 Solon
2079 1827 2474 1899 interrogatus,
2511 1843 2611 1882 cur
2666 1827 2842 1880 nullas
2885 1838 3077 1895 poenas
3122 1822 3385 1878 adversus

151 1915 364 1985 πατέρας
386 1892 664 1987 ἐπιτίμιον
693 1919 789 1989 οὐχ
812 1917 1034 1988 ὥρισεν,
1067 1917 1171 1990 ἔφη
1194 1935 1210 1952 ο
1247 1919 1373 1974 Ὅτι
1428 1921 1525 1991 οὐχ
1558 1892 1682 1974 ύπὲέ

1842 1935 1898 1976 us
1952 1920 2048 1989 qui
2086 1927 2266 1990 patres
2293 1892 2687 1975 verberasseut
2737 1892 3116 1972 constituisset
3165 1931 3180 1968 :
3228 1913 3382 1980 Quod

150 2008 288 2061 λαδον
312 2012 587 2073 τοιούτους
626 2012 779 2075 τινὰς
809 2011 1052 2067 ἐσεςθαι.

205 2100 239 2152 Γ
240 2102 443 2172 αμῦροῦ
469 2106 498 2157 ὁ
528 2104 633 2174 μὲν
663 2104 939 2187 ἐπιτυχὼν
969 2102 1130 2176 εὗρεν
1164 2106 1300 2173 υίδν,
1335 2106 1363 2160 ὁ
1408 2106 1466 2160 δὲ
1494 2108 1698 2162 ἀποτυ-

147 2193 241 2263 χὼν
264 2194 503 2248 ἀπώλεσε
528 2197 625 2249 καὶ
655 2198 950 2267 θυγατέρα.

202 2289 315 2352 Τοῖς
340 2290 597 2358 γονεῦσιν
625 2292 747 2352 ἴσας
778 2291 913 2359 πρὸς
953 2291 1075 2350 [σας
1122 2290 1415 2345 ἀποδοῦναι
1465 2292 1697 2363 χάριτας

143 2379 232 2433 τῶν
250 2381 538 2437 ἀδυνάτων.
587 2383 999 2452 Ἀντιγεννῆσαι
1021 2384 1130 2455 γὰρ
1164 2384 1263 2453 οὐχ
1298 2380 1410 2437 οἷόν
1436 2399 1518 2437 τε.

708 2589 928 2643 ΛΟΓΟΣ
990 2586 1092 2642 lB'.

136 2682 255 2750 Περὶ
287 2681 670 2750 πατραλοιῶν
707 2681 807 2736 καὶ
838 2680 1242 2750 μητραλοιῶν.
1274 2681 1373 2737 καὶ
1404 2681 1522 2737 ὅσα
1550 2682 1695 2751 ἔψε-

644 2768 740 2806 ται
758 2752 963 2817 αὐτοῖς
986 2754 1164 2807 κακά.

191 2844 278 2909 Ὀς
303 2845 495 2901 τύπτει
527 2846 752 2917 πατέρα
781 2843 972 2910 αὑτοῦ,
1004 2843 1220 2914 θανάτῳ
1253 2843 1632 2900 θανατούσθω.

197 3026 250 3080 '0
277 3028 601 3098 κακολογῶν
634 3027 851 3099 πατέρα
880 3029 1049 3082 αὐτοῦ
1083 3027 1116 3098 ἢ
1152 3027 1367 3100 μητέρα
1398 3026 1563 3081 αὑτοῦ
1597 3027 1694 3083 θαι

129 3122 254 3191 νατῳ
282 3122 617 3179 τελευτάτω.

196 3218 630 3288 Ἐπικατάρατος
658 3217 765 3279 πᾶς
795 3218 824 3270 ὁ
850 3215 1134 3286 ἀτιμάζων
1164 3217 1379 3286 πατέρα
1427 3216 1596 3271 αὑτοῦ
1654 3216 1689 3290 ἦ

129 3311 314 3381 μητέρα
335 3312 504 3366 αὐτοῦ
537 3328 553 3343 ο
589 3309 688 3366 καὶ
709 3311 826 3381 ὲρεῖ
850 3310 958 3373 πᾶς
973 3309 1002 3362 ό
1026 3310 1176 3376 λαὸς,
1199 3309 1435 3377 Γένοιτο,
1458 3311 1688 3380 γένοιτο.

179 3490 294 3556 Υἱὸς
319 3492 556 3564 ἀνήκοος
593 3491 652 3545 ἐν
675 3488 924 3559 ἀπωλείᾳ
947 3488 1124 3544 ἔσται.

188 3585 238 3639 ’0
262 3586 550 3657 ἀτιμάζων
577 3584 793 3655 πατέρα
818 3582 1008 3648 αὐτοῦ,
1031 3582 1126 3636 καὶ¹
1151 3582 1543 3653 ἀπωθούμενος
1572 3601 1679 3655 μη-

117 3678 232 3745 τέρα
288 3679 482 3745 αὐτοῦ,
548 3676 1107 3748 καταισχυνθήσεται,
1171 3676 1266 3731 καὶ
1321 3676 1689 3740 ἐπονείδιστος

115 3765 265 3824 ἔσται.

174 3859 629 3930 Κακολογοΰντος
681 3858 897 3930 πατέρα
952 3858 988 3929 ἢ
1051 3857 1263 3928 μητέρα
1321 3854 1686 3928 σῦεσθήσεται

111 3949 352 4026 λαμπτὴρ
378 3969 394 3986 ι
423 3955 485 4009 αἱ
512 3953 575 4008 δὲ
612 3952 775 4024 κόραι
812 3951 922 4005 τῶν
949 3949 1249 4021 ὀφθαλμῶν
1272 3947 1436 4003 αὐτοῦ
1465 3947 1685 4020 ὄψονται

111 4043 304 4107 σκότος.

174 4137 265 4201 Ὃς
287 4137 676 4193 amoenam
702 4135 920 4206 πατέρα
943 4132 978 4204 ἢ
1011 4132 1248 4204 μητέρα,
1302 4131 1400 4186 καὶ
1431 4130 1580 4185 δοκεῖ
1610 4131 1687 4204 μὴ

104 4227 455 4297 ἁμαρτάνειν,
499 4221 666 4289 οὗτος
693 4225 951 4287 κοινωνός
980 4226 1130 4278 ἔστιν
1155 4223 1348 4293 ἀνδρὸς
1377 4221 1632 4285 ἀσεϐοῦς.

164 4318 275 4375 Οὐκ
303 4319 683 4393 εὐφραίνεται
712 4316 896 4387 πατὴρ
930 4316 1024 4370 ἐπὶ
1063 4315 1168 4385 υἱῷ
1194 4314 1528 4386 ἀπαιδεύτῳ.
1557 4316 1688 4380 Υἱὸς

98 4410 148 4464 δι
172 4414 438 4483 φρόνιμος
468 4410 767 4481 εὐφραίνει
793 4409 1007 4481 μητέρα
1037 4405 1227 4463 αὑτοῦ.

161 4503 541 4578 ὀργὴιπατρὶ
575 4504 693 4569 υίὸς
719 4502 935 4574 ἄφρων,
976 4501 1072 4555 καὶ
1123 4499 1283 4572 ὀδύνη
1324 4501 1393 4572 τῇ
1450 4498 1685 4572 τεκούσῃ

95 4599 264 4656 αὐτόν.

165 4690 252 4756 Ὠς
281 4691 632 4763 βλάσφημος
682 4689 712 4741 ό
764 4684 1178 4756 ἐγκαταλείπων
1234 4684 1452 4754 πατέρα
1493 4682 1682 4750 αὐτοῦ,

91 4784 175 4834 καὶ
211 4784 625 4855 κατηραμένος
659 4766 769 4833 ama;
799 4775 1006 4848 Κυρίου
1043 4777 1071 4828 ό
1101 4773 1457 4844 παροργίζων
1517 4774 1687 4845 μητέ-

92 4887 153 4941 ρα
202 4873 400 4928 αὐτοῦ.
630 4886 633 4891 ‘

146 4966 236 5038 Μὴ
264 4967 513 5035 δοξάζου
549 4965 615 5017 ἐν
641 4962 840 5033 ἀτιμίαι
870 4960 1080 5031 πατρός
1108 4974 1225 5011 σου.
1272 4954 1341 5009 Ἦ
1392 4954 1499 5026 γὰρ
1558 4953 1687 5020 δόξα

88 5057 388 5125 ἀνθρώπων
415 5062 486 5111 ἐκ
508 5056 687 5125 τιμῆς
715 5054 922 5124 πατρὸς
950 5051 1156 5107 αὐτῶν.

146 5153 208 5204 Οί
233 5152 454 5220 γονέων
494 5147 831 5216 ἀλογοῦντες
878 5146 1149 5214 ἑκατέρας
1180 5139 1398 5211 μερίδος
1429 5137 1569 5193 είσὶν
1597 5138 1688 5209 ἐχ-

86 5238 214 5310 θροὶ,
245 5245 344 5297 καὶ
380 5244 492 5311 τῆς
526 5238 673 5308 πρὸς
708 5238 843 5291 Θεὸν
866 5238 967 5291 καὶ
995 5238 1094 5307 τῆς
1120 5234 1258 5306 πρὸς
1278 5231 1623 5302 ἀνθρώπους.

709 5419 931 5475 ΛΟΓΟΣ
989 5417 1089 5471 ιῐν.

604 5514 743 5582 Περὶ
806 5514 938 5569 υἱοῦ
969 5508 1190 5582 σοφοῦ.

138 5605 266 5672 Υἱὸς
298 5609 481 5677 σοφὸς
507 5606 803 5677 εὐφραίνει
850 5606 1062 5676 πατέρα
1085 5603 1276 5659 αὐτοῦ.
1329 5601 1457 5667 Υἱὸς
1501 5599 1687 5672 φρόνι-

74 5699 503 5772 μοςεύφραίνει
544 5698 766 5767 μητέρα
815 5696 1004 5752 αὐτοῦ.

140 5792 567 5865 Εὐφραινέσθω
598 5792 624 5843 ό
658 5792 837 5863 πατὴρ
870 5793 1023 5860 καὶὴ
1061 5790 1245 5862 μήτηρ
1275 5789 1371 5844 ἐπὶ
1407 5787 1527 5842 σοί·
1591 5786 1683 5840 καὶ

68 5884 304 5957 χαιρέτω
337 5890 372 5959 ἡ
410 5882 670 5943 τεκοῦσά
724 5902 801 5940 σε.

1799 2012 2004 2077 nullos,
2021 2011 2220 2081 inquit,
2236 2011 2394 2067 'tales
2426 2012 2731 2067 exstituros
2760 2010 3174 2064 existimabam.

1868 2102 2141 2160 Generum
2176 2112 2391 2170 nactus,
2423 2103 2592 2157 tilium
2641 2101 2848 2158 invenit
2891 2116 2905 2153 :
2955 2107 3010 2153 at
3043 2099 3139 2169 qui
3180 2099 3382 2154 malum

1798 2207 1994 2253 nactus
2025 2204 2130 2263 est,
2162 2195 2401 2266 perdidit
2430 2202 2485 2250 et
2513 2193 2703 2248 ﬁliam.
2767 2264 2773 2272 .

1870 2289 2134 2345 Philonis.
2169 2288 2495 2344 Parentibus
2525 2301 2624 2356 par
2651 2284 2826 2356 gratia
2860 2283 3013 2338 reddi
3041 2281 3190 2337 nullo
3221 2281 3384 2334 modo

1798 2389 1982 2449 potest
2017 2395 2034 2432 :
2068 2394 2195 2434 nam
2252 2378 2492 2433 vicissim
2541 2389 2637 2430 eos
2688 2388 2954 2445 generare
2996 2371 3223 2429 omnino
3274 2383 3381 2425 uon

1796 2472 1947 2528 licet.

2191 2581 2428 2639 sermo
2467 2580 2565 2635 xu
2605 2578 2706 2653 [ἁί.
2729 2576 2989 2650 CXXIX].

1801 2681 1875 2735 De
1900 2679 2183 2739 vatricidis
2214 2687 2265 2732 et
2297 2677 2621 2796 matricidisl,
2651 2684 2700 2728 et
2726 2688 2845 2742 quo:
2868 2686 2956 2725 eos
2998 2677 3244 2724 secutura
3271 2665 3380 2720 sint

2501 2761 2588 2796 mo
2615 2761 2667 2796 α.

1869 2839 2187 2896 Exod.xx1.
2235 2838 2340 2905 Qui
2400 2844 2610 2907 patrem
2658 2844 2819 2887 suum
2869 2829 3145 2896 verberat,
3203 2836 3379 2883 morte

1796 2933 2086 2986 multetur.

1865 3023 2037 3079 Leuit.
2067 3040 2157 3079 xx.
2192 3021 2296 3088 Qui
2327 3020 2468 3090 patri
2498 3027 2590 3075 aut
2624 3016 2786 3073 matri
2834 3012 3133 3077 maledicit,
3180 3010 3374 3067 mortis

1796 3118 2069 3191 supplicio
2095 3116 2380 3173 abiciatur.

1871 3210 2027 3266 Deut.
2076 3222 2248 3264 xxv".
2298 3203 2682 3262 Exsecrandus
2731 3198 2986 3270 quisquis
3026 3205 3232 3268 patrem
3280 3199 3376 3246 aut

1796 3312 2025 3357 matrem
2052 3299 2350 3370 ignominia
2380 3296 2546 3352 abicit
2580 3312 2595 3349 :
2627 3301 2862 3351 cunctus
2890 3301 3071 3347 autem
3107 3288 3369 3360 pepulus,

1794 3395 1938 3460 Fiat,
1981 3394 2212 3462 inquiet,
2244 3390 2356 3445 liat.

1870 3485 2042 3541 Filius
2070 3482 2293 3540 rebellis
2321 3482 2520 3537 misere
2552 3477 2773 3549 peribit.

1869 3575 2026 3633 Prov.
2053 3591 2130 3632 vt.
2162 3575 2267 3643 Qui
2296 3585 2503 3645 patrem
2536 3585 2696 3627 suum
2724 3566 3039 3630 dedecorat,
3066 3572 3122 3619 et
3142 3568 3371 3616 matrem

1793 3685 1953 3729 suam
1982 3668 2218 3741 repellit,
2254 3666 2657 3740 ignominiosus
2686 3669 2741 3719 ct
2766 3660 3066 3734 probrosus
3104 3659 3231 3713 erit.

1860 3870 2066 3927 Lumen
2102 3868 2484 3938 exstinguetur
2511 3866 2650 3935 ejus,
2679 3866 2772 3934 qui
2797 3865 2853 3920 in
2887 3863 3044 3935 153
3076 3872 3284 3933 patrem
3315 3871 3371 3918 et

1790 3970 2024 4018 matrem
2073 3959 2360 4015 maledicta
2406 3956 2788 4029 congesserit,
2828 3967 2882 4013 et
2921 3956 3208 4013 oculorum
3245 3956 3366 4026 ejus

1791 4053 2012 4127 pupillae
2043 4049 2297 4107 tenebras
2326 4048 2619 4120 aspicient.

1860 4147 1961 4213 Qui
1994 4154 2204 4216 patrem
2247 4151 2341 4198 aut
2370 4148 2604 4196 matrem
2634 4138 2836 4210 reiicit,
2874 4146 2932 4195 et
2971 4145 3126 4210 putat
3161 4151 3221 4193 se
3252 4152 3363 4192 non

1788 4253 2043 4311 peccare,
2070 4236 2119 4292 is
2146 4244 2230 4292 est
2262 4235 2366 4291 viri
2398 4233 2551 4305 impii
2592 4233 2801 4289 socius.

1862 4330 2005 4387 Filio
2050 4329 2332 4385 inerudito
2360 4335 2415 4383 et
2450 4342 2559 4382 non
2584 4325 2852 4397 castigato
2885 4333 3040 4396 pater
3072 4338 3180 4379 non
3212 4323 3364 4379 laeta-

1791 4425 1978 4491 bitur;
2014 4433 2070 4478 at
2102 4422 2345 4493 prudens
2370 4412 2525 4475 'lilius
2566 4418 2755 4473 laetitia
2788 4417 2985 4471 abiciet
3018 4427 3270 4471 matrem.

1857 4514 2035 4570 Filius
2062 4513 2335 4584 insipiens
2376 4521 2571 4565 auctor
2611 4517 2695 4562 cst
2735 4516 2793 4561 ut
2831 4520 3048 4577 semper
3088 4505 3363 4560 irascatur

1714 4605 1760 4661 D
1792 4616 1970 4679 pater,
2010 4614 2066 4661 et
2097 4604 2336 4675 genitrix
2368 4600 2562 4656 dolore
2593 4592 2883 4653 afﬁciatur.

1862 4695 2032 4749 Eccli.
2072 4708 2156 4747 ιιι.
2197 4690 2303 4757 Qui
2335 4697 2548 4759 patrem
2591 4700 2751 4742 suum
2792 4680 3022 4747 deserit,
3056 4681 3255 4736 similis
3277 4688 3362 4736 est

1786 4786 1992 4844 summi
2018 4783 2114 4838 Dei
2144 4779 2547 4844 conviciatori;
2591 4786 2647 4832 et
2697 4776 2790 4844 qui
2837 4779 3068 4829 matrem
3115 4772 3184 4828 ad
3225 4772 3362 4827 iram

1789 4883 2074 4948 provocat,
2110 4872 2339 4928 Domino
2372 4868 2747 4926 exsecrandns
2780 4874 2886 4922 est.

1862 4967 2131 5023 Philonis.
2177 4964 2234 5019 In
2280 4964 2453 5033 patris
2488 4959 2792 5032 ignominia
2841 4971 2952 5013 non
2986 4965 3073 5014 est
3119 4957 3364 5027 glorian-

1789 5061 1918 5116 dum
1948 5077 1964 5114 :
2000 5072 2099 5115 sua
2130 5056 2275 5111 enim
2299 5053 2499 5124 cuique
2522 5051 2699 5120 gloria
2722 5065 2789 5105 ex
2814 5051 2989 5119 patris
3020 5049 3234 5105 honore
3255 5055 3362 5105 est.

1863 5150 2046 5205 Liberi
2119 5154 2410 5216 parentum
2479 5144 2749 5197 rationem
2809 5155 2918 5195 non
2980 5140 3245 5196 habentes
3308 5138 3362 5191 in

1791 5254 2078 5309 utramque
2126 5247 2363 5308 partem,
2403 5245 2520 5291 tum
2571 5238 2680 5289 Deo
2726 5245 2842 5288 tum
2876 5232 3196 5289 hominibus
3236 5239 3364 5286 sunt

1788 5333 1989 5389 odiosi.

2147 5418 2379 5475 διεπιιο
2438 5417 2553 5474 xm
2610 5416 2710 5490 [αι.
2764 5417 3011 5492 exn}.

2306 5511 2384 5567 De
2423 5512 2535 5579 ﬁlio
2568 5513 2823 5579 sapiente.

1868 5604 2030 5659 Prov.
2073 5618 2163 5658 xv.
2206 5601 2381 5659 Filius
2432 5602 2654 5673 sapiens
2689 5611 2901 5674 patrem
2952 5596 3118 5653 allicit
3146 5587 3355 5646 laetitia.

1792 5696 1966 5753 Filius
1997 5695 2241 5766 prudens
2270 5696 2435 5751 allicit
2490 5697 2675 5751 latitia
2716 5703 2967 5748 matrem.

1862 5786 2103 5843 Lmtetur
2130 5783 2199 5841 de
2235 5795 2284 5842 tc
2319 5796 2478 5857 pater
2512 5796 2562 5841 et
2602 5794 2795 5847 mater,
2829 5788 2884 5837 et
2910 5792 3035 5850 qua:
3067 5786 3120 5832 te
3143 5771 3359 5847 peperit

1792 5879 2044 5954 gaudeat.
