3992 6252
419 392 554 458 1051

498 500 611 555 Viri
643 498 967 570 sapientiam
997 495 1234 551 amantis
1263 492 1535 549 laetabitur
1561 501 1743 561 pater.

498 592 555 647 Si
608 593 833 661 sapiens
869 589 1062 655 fueris,
1117 588 1210 653 lili,
1251 586 1351 641 tibi
1401 585 1506 655 ipsi
1546 588 1655 639 eris
1687 580 1909 652 sapiens
1952 590 2006 635 et

1643 380 1967 447 ANTONII
2002 381 2349 445 MELISSA!

2023 495 2072 551 Δ

3551 377 3691 442 1052

2183 488 2404 560 ’Δνδρὸς
2438 486 2720 559 φιλοῦντος
2753 488 2952 558 σοφίαν
2983 488 3341 560 εὐφραίνεται
3396 490 3424 542 ὁ
3476 492 3669 560 πατήρ

2182 581 2298 644 Υἱὲ,
2330 580 2425 633 ἐὰν
2462 580 2624 645 σοφὸς
2676 580 2832 653 γένῃ,
2867 581 3081 652 σεαυτῷ
3115 580 3279 652 σοφὸς
3310 580 3411 654 ἔσῃ
3461 580 3558 634 καὶ
3613 582 3692 651 τῷ

428 685 598 738 aliis:
639 682 725 735 sin
779 691 961 735 autem
1014 678 1190 734 malus
1236 688 1291 734 et
1350 676 1632 740 indoctus,
1682 674 1833 729 solus
1861 670 2008 727 feres

2169 674 2338 743 ιησίον
2362 691 2375 703 ο
2412 673 2509 726 ὲάν
2533 673 2589 726 δὲ
2620 674 2791 738 κακὸς
2829 675 3066 747 ἀποὸῇς,
3101 674 3265 745 μόνος
3298 673 3592 746 ἀντλήσεις
3622 675 3694 728 τὰ

429 780 590 832 mala.

503 868 729 936 Propter
760 866 928 919 filium
965 864 1265 934 sapientem
1295 860 1515 916 animus
1545 867 1805 928 paternus
1864 853 2005 909 laeti-

431 956 502 1009 tia
559 954 830 1008 aflicitur.

500 1045 728 1100 .luvenis
762 1044 985 1114 probus,
1020 1058 1231 1113 pauper
1256 1050 1308 1097 et
1339 1041 1582 1110 sapiens,
1612 1037 1893 1094 antecellit
1924 1051 2010 1092 re-

429 1157 549 1209 gem
581 1140 854 1194 seniorem
896 1148 950 1192 et
978 1139 1344 1207 insipientem.

506 1232 673 1287 Ερυιί.
726 1248 837 1285 xvi.
892 1229 1064 1286 Filius
1123 1246 1264 1285 unus
1320 1228 1528 1298 probus
1592 1236 1811 1300 praestat
1864 1227 2012 1283 mille

429 1328 641 1395 impiis.

504 1417 683 1473 Liberi
715 1418 768 1472 in
799 1417 908 1471 vita
940 1416 1170 1472 honeste
1209 1423 1499 1471 versantes
1527 1430 1756 1470 suorum
1782 1414 1999 1486 genito-

429 1524 550 1562 l‘ntn
587 1508 990 1577 ignobilitatem
1031 1516 1235 1577 tegent.
1638 1510 1649 1517 “

508 1597 777 1670 Tlieologi.
828 1596 984 1652 Unus
1019 1607 1104 1652 est
1145 1598 1438 1652 liberorum
1489 1595 1770 1652 felicitatis
1816 1596 2005 1651 termi-

430 1708 553 1758 nus,
599 1706 792 1761 nempe
838 1692 1030 1757 virtus,
1072 1691 1197 1745 etsi
1242 1691 1298 1745 in
1343 1690 1513 1746 rebus
1566 1690 1856 1744 laudandis
1911 1704 2014 1761 pa-

428 1793 647 1836 rentum
682 1782 1099 1837 similitudinem
1139 1781 1411 1837 referant.

503 1875 836 1930 Liberorum
872 1877 1051 1931 virtus
1082 1876 1222 1945 patri
1265 1873 1454 1944 gloria:
1485 1881 1589 1928 est.

503 1967 764 2022 Philonis.
819 1966 967 2023 Satis
1000 1969 1137 2022 bene
1184 1966 1399 2022 fecundi
1453 1975 1603 2033 sunt,
1630 1964 1723 2034 qui
1754 1964 2017 2020 bonitatis

432 2069 489 2113 et
522 2060 817 2129 probitatis
853 2069 984 2114 sunt
1016 2060 1200 2129 periti.

816 2149 1048 2206 ssnuo
1082 2149 1200 2205 xav
1238 2150 1339 2223 [αι.
1371 2147 1639 2221 cxxxu.

597 2245 675 2298 De
706 2244 818 2314 ﬁlio
860 2229 1159 2314 insipiente,
1198 2246 1435 2314 improbo
1470 2252 1519 2297 et
1557 2242 1842 2299 inerudito.

510 2337 672 2391 Prov.
717 2337 855 2390 Filio
886 2337 1164 2391 inerudito
1202 2353 1307 2391 non
1339 2336 1612 2389 laetabitur
1644 2345 1818 2402 pater.

503 2428 675 2483 Filius
713 2430 987 2497 insipiens
1023 2439 1225 2498 patrem
1263 2429 1478 2482 deridet
1500 2443 1683 2481 suum.

506 2522 778 2589 losipiens
830 2522 973 2576 titius
1021 2532 1229 2591 patrem
1260 2521 1331 2575 ad
1378 2522 1515 2574 iram
1564 2525 1915 2583 commovet,
1964 2528 2018 2572 ct

430 2613 751 2684 genitricem
786 2614 975 2668 dolore
1013 2612 1206 2668 afﬁcit.

504 2703 626 2757 Mali
657 2703 812 2757 liberi
854 2714 1062 2773 patrem
1086 2712 1469 2768 exsecrantur,
1501 2711 1556 2756 et
1590 2702 1750 2755 matri
1785 2716 1894 2756 non
1923 2702 2017 2755 be-

433 2796 723 2850 nedicnnt.

506 2889 633 2944 Mali
662 2888 816 2942 liberi
853 2887 1012 2944 elatis
1044 2899 1177 2942 sunt
1220 2888 1417 2952 oeulis,
1452 2901 1506 2941 et
1545 2888 1831 2958 palpebras
1865 2903 2014 2944 sem-

435 2997 533 3053 per
556 2982 836 3035 motitant.

508 3071 680 3128 Each.
713 3088 849 3125 χλιι.
885 3072 1146 3127 Dedecori
1184 3082 1266 3127 est
1302 3074 1443 3143 patri
1474 3074 1657 3142 proles
1711 3072 2014 3128 inerudita.

508 3163 845 3219 Vitiosorum
900 3166 1199 3220 liberorum
1255 3166 1545 3233 litereditas
1582 3165 1743 3237 154.
1790 3166 2011 3235 peribit,

436 3266 490 3310 et
521 3256 575 3309 in
609 3259 931 3325 posteritate
961 3273 1154 3312 eorum
1180 3258 1605 3312 continuabitur
1641 3259 1922 3327 probrum.

510 3348 830 3404 Liberorum
868 3350 1275 3405 multitudinem
1313 3349 1588 3404 inutilium
1642 3364 1711 3404 ne
1748 3352 2014 3420 concupi-

440 3456 587 3505 scas,
650 3457 752 3495 nec
808 3442 997 3515 liberis
1046 3442 1234 3512 impiis
1261 3442 1557 3495 laetandum
1592 3440 1689 3495 tibi
1713 3450 1821 3496 est.
1872 3442 2017 3496 Prte-

438 3544 546 3587 stat
577 3535 700 3588 sine
732 3535 923 3589 liberis
958 3551 987 3588 a
1018 3536 1132 3589 vita
1167 3535 1460 3601 decedere,
1485 3548 1653 3606 quam
1687 3533 1883 3590 imnios
1919 3538 2013 3591 ba-

439 3625 570 3680 bere
598 3626 819 3681 liberos.

510 3715 690 3772 Liberi
723 3719 1036 3789 insipientia
1067 3727 1122 3774 et
1158 3720 1429 3789 imperitia
1470 3719 1772 3789 gloriantes
1810 3732 2015 3789 cogna-

440 3809 612 3866 tionis
645 3826 757 3866 sna:
782 3812 1167 3867 cantaminant
1194 3812 1561 3866 nobilitatem.

824 3902 1057 3958 SERMO
1090 3902 1179 3958 xv
1215 3903 1313 3976 [aL
1351 3901 1640 3973 cxxxn].

799 3997 878 4050 De
915 3998 1031 4067 ﬁlia
1072 3999 1291 4051 honesta
1320 4007 1369 4051 et
1409 4000 1665 4052 modesta.

515 4085 682 4143 Leuit.
722 4104 837 4144 ιιι.
890 4089 1084 4144 Filiam
1109 4099 1259 4143 tuam
1291 4104 1360 4144 ne
1393 4089 1705 4158 profanato,
1729 4104 1830 4144 nec
1858 4103 2016 4145 scor-

441 4177 549 4231 tari
580 4178 767 4242 sinito,
805 4194 905 4233 nee
935 4178 1160 4248 patieris
1185 4194 1312 4235 esse
1346 4181 1734 4235 scortationern
1764 4181 1818 4235 in
1848 4191 2019 4248 terra,

443 4284 513 4323 ne
539 4271 883 4340 compleatur
914 4271 1231 4340 iniquitate.

521 4361 690 4415 Eccli.
729 4378 878 4417 uri.
918 4363 973 4415 Si
1021 4364 1114 4415 tibi
1151 4371 1283 4416 sunt
1314 4361 1460 4428 ίὶιὶειν,
1493 4378 1724 4432 corpora
1772 4363 2017 4434 ipsarum

444 4462 694 4516 s~rvato,
725 4469 826 4508 nec
857 4454 1089 4508 hilarem
1130 4455 1339 4507 vultum
1376 4465 1532 4508 tuum
1581 4454 1692 4509 illis
1722 4457 2012 4513 ostendito.

2108 767 2277 822 κακά.

2194 860 2319 914 Ἐπὶ
2353 859 2454 931 υἱῷ
2485 860 2633 929 σοφῷ
2661 860 3018 934 εὐφραίνεται
3046 860 3195 933 ψυχὴ
3244 861 3479 933 πατρός.

2187 1043 2414 1111 Ἀγαθὺς
2446 1045 2596 1110 παῖς,
2650 1043 2823 1113 πένης
2881 1044 2977 1098 καὶ
3035 1043 3222 1112 σοφὸς,
3276 1041 3416 1113 ὑπὲρ
3466 1040 3700 1111 βασιλέα

2112 1135 2483 1211 πρεσϐύτερον
2513 1140 2608 1190 καὶ
2637 1139 2869 1206 ἄφρονα.

2190 1230 2457 1298 Κρεῖσσον
2486 1224 2565 1292 εἷς
2594 1231 2709 1294 υίὸς
2733 1231 2937 1295 δίκαιος
2961 1232 2997 1301 ἢ
3021 1231 3221 1303 χίλιὸοι
3242 1232 3349 1287 uici.
3377 1229 3626 1292 ἀσεϐείς.

2185 1410 2363 1463 Τέκνα
2386 1409 2443 1462 ὲν
2472 1410 2654 1482 ἀγαθῇ
2699 1409 2811 1481 ζωῇ
2843 1410 2942 1482 τὴν
2971 1412 3322 1484 ἀναστροφὴν
3351 1411 3547 1483 ἔχοντα
3586 1412 3702 1467 τῶν

2118 1502 2263 1555 ίδίων
2292 1506 2638 1575 γεννητόρων
2672 1506 2941 1575 κρύψουσι
2995 1506 3342 1576 δυσγένειαν.

2190 1585 2284 1656 Εἷς
2318 1593 2602 1659 εὐτεκνίας
2635 1595 2781 1666 ὅρος,
2816 1595 3011 1668 ἀρετὴ,
3048 1598 3143 1651 καὶ
3171 1600 3204 1670 ἡ
3238 1599 3378 1668 πρὸς
3404 1598 3470 1654 σὺ
3520 1601 3703 1672 κρεῖτ-

2116 1700 2210 1736 τον
2244 1685 2527 1755 ὁμοίωσις.

2040 1858 2083 1915 Β
2187 1869 2406 1923 Τέκνων
2434 1869 2603 1942 ἀρετὴ
2629 1869 2756 1936 δόξα
2790 1870 3066 1942 πατέρων.

2188 1961 2458 2026 Εὐπαιδες
2487 1963 2537 2015 οἱ
2566 1962 2676 2017 τῶν
2714 1964 2899 2018 καλῶν
2933 1966 3026 2019 καὶ
3053 1963 3279 2035 ἀγαθῶν
3304 1966 3699 2039 ἐπιστήμονες.

2716 2139 2951 2201 ΙΛΟΓΟΣ
2982 2139 3083 2194 ΙΔ’.

2120 2235 2259 2303 Περὶ
2287 2235 2420 2290 υἱοῦ
2442 2234 2726 2305 ἄφρονος.
2748 2235 2846 2289 καί
2870 2234 3163 2304 πονηροῦ,
3189 2236 3290 2291 καί
3315 2237 3703 2295 ἀπαιδεύτου.

2195 2331 2308 2383 οὐκ
2336 2328 2686 2397 εὐφραίνεται
2717 2331 2900 2397 πατὴρ
2924 2330 3017 2382 ἐπὶ
3042 2331 3146 2400 υίῷ
3178 2332 3521 2401 ἀπαιδεύτῳ.

2196 2423 2322 2483 Υἱὸς
2340 2423 2530 2492 ἄφρων
2559 2422 2885 2491 μυκτηρίζει
2914 2426 3128 2494 πατέρα
3154 2426 3347 2481 αὐτοῦ.

2202 2515 2372 2585 Ὀργὴ
2401 2517 2569 2587 πατρὶ
2605 2516 2718 2580 υίὸς
2746 2517 2961 2585 ἄφρων,
2995 2519 3091 2573 καὶ
3117 2518 3276 2590 ὀδύνη
3334 2522 3401 2592 τῇ
3467 2522 3703 2594 τεκούσῃ

2119 2607 2304 2663 αὐτόν.
2957 2626 2967 2629 “

2188 2700 2451 2767 Ἔγγονον
2484 2701 2654 2753 κακὸν
2684 2703 2898 2775 πατέρα
2932 2706 3243 2777 καταρᾶται
3293 2705 3394 2774 τὴν
3425 2707 3484 2759 δὲ
3539 2708 3705 2778 μητέ-

2124 2811 2195 2865 ρα
2222 2796 2321 2846 οὐκ
2347 2794 2582 2863 εὐλογεί.

2198 2886 2462 2955 Ἐγγονον
2491 2887 2659 2941 κακὸν
2687 2888 2927 2960 ὑψηλοὺς
2954 2889 3271 2961 ὀφθαλμοὺς
3324 2890 3464 2963 ἔχει,
3488 2892 3602 2955 τοῖς
3647 2891 3707 2945 ει
3801 2888 3804 2891 ⁷

2122 2979 2414 3051 βλεφάροις
2445 2981 2611 3036 αὐτοῦ
2640 2982 2959 3054 σπαίρεται.

2194 3075 2438 3147 Δίσχύνη
2467 3077 2678 3146 πατρὸς
2706 3078 2763 3130 ὲν
2790 3079 3095 3150 γεννήματι
3120 3080 3460 3151 ἀπαιδευτφ.

2204 3168 2424 3224 Τέχνων
2468 3169 2813 3242 ἁμαρτωλῶν
2877 3172 3161 3226 ἀπολεῖται
3215 3172 3576 3243 κληρονομία,
3617 3173 3709 3227 καὶ

2127 3262 2267 3334 μετὰ
2287 3263 2381 3316 τοῦ
2413 3266 2730 3333 σπέρματος
2761 3265 2946 3318 αὐτῶν
2975 3264 3268 3335 ἐνδελεχιεῖ
3298 3265 3527 3328 ὄνειδος.

2202 3356 2294 3426 Μὴ
2323 3354 2675 3427 ἐπιθυμήσῃς
2698 3355 2906 3425 πλῆθος
2962 3357 3171 3409 τέκνων
3204 3356 3500 3425 ἀχρήστων
3527 3374 3542 3390 ·
3572 3355 3705 3427 μηδὲ

2124 3447 2421 3518 εὐφραίνου
2465 3448 2557 3499 ἐπὶ
2614 3448 2750 3511 υίοῖς
2788 3447 3034 3504 ἀσεϐέσι,
3093 3448 3363 3517 Κριῖσσον
3414 3447 3704 3502 ἀποθανεῖν

2124 3542 2368 3603 ἄτεκνον,
2394 3542 2427 3611 ἢ
2472 3543 2616 3611 ἔχειν
2643 3543 2813 3596 τέκνα
2842 3544 3035 3613 ἀσεϐῆ.

2194 3720 2373 3772 Τέκνα
2397 3721 2454 3771 ὲν
2476 3723 2878 3792 καταφρονήσει
2904 3721 3001 3774 καὶ
3036 3722 3365 3794 ἀπαιδευσίᾳ
3389 3721 3701 3794 γαυριῶμσ·

2125 3829 2193 3868 να
2216 3810 2538 3880 συγγενείας
2572 3813 2782 3867 ἑαυτῶν
2817 3813 3039 3881 μολύνει
3072 3814 3384 3883 εὐγένειαν.

2756 3903 2985 3963 ΛΟΓοΣ
3011 3904 3111 3959 ΙΕ’.

2338 3999 2480 4066 Περὶ
2509 4000 2801 4069 θυγατρὸς
2824 3998 3057 4067 σεμνῆς
3084 3998 3180 4053 καί
3213 4002 3496 4070 κοσμὶας.

2197 4091 2273 4143 Οὐ
2322 4089 2650 4160 βεῦηνλώσεις
2705 4087 2802 4157 τὴν
2848 4088 3128 4159 θυγατέρα
3184 4106 3283 4143 σου
3342 4092 3697 4162 ἐκπορνεῦσαι

2126 4181 2317 4248 αὐτὴν,
2352 4180 2445 4233 καὶ
2470 4181 2569 4234 οὐκ
2598 4178 2962 4249 ἑκπορνεύσει
2996 4181 3028 4249 ὴ
3064 4179 3161 4249 γῆ,
3197 4181 3295 4234 καὶ⁵
3331 4181 3697 4254 πλησθήσεται

2125 4272 2374 4342 ἀνομίας.

2198 4365 2509 4432 Θυγατέρες
2548 4362 2633 4416 σοί
2664 4364 2792 4429 είσι,
2829 4365 3067 4434 πρόσεχε
3121 4364 3199 4433 τῷ
3243 4363 3459 4434 σώματι
3505 4366 3695 4429 αὐτῶν,

2128 4459 2221 4512 καὶ
2261 4458 2333 4525 μὴ
2386 4456 2662 4529 ίλαρώσῃς
2720 4456 2855 4527 πρὸς
2908 4456 3081 4518 αὐτάς
3128 4457 3191 4510 τὸ
3239 4458 3536 4527 πρόσωπὸν
3583 4474 3692 4512 σου.

446 4546 609 4600 liloea
639 4546 825 4611 tiliam,
847 4554 902 4599 et
935 4560 1047 4599 rem
1080 4560 1330 4613 magnam
1359 4545 1691 4616 perfeceris;
1717 4556 1881 4617 atque
1903 4550 2015 4605 viro

2169 4549 2327 4600 Εκδου
2357 4548 2659 4618 θυγατέρα,
2712 4547 2805 4600 καὶ
2838 4546 2934 4619 ἔσῃ
2987 4548 3286 4611 τετελεκὼς
3328 4548 3494 4621 ἔργον
3540 4552 3697 4619 μέγα,

444 4640 629 4708 sagaci
664 4639 717 4693 in
751 4638 1161 4692 matrimonium
1196 4639 1350 4692 dato.

518 4731 658 4784 Ibid.
699 4746 831 4784 XLII.
868 4730 1002 4785 Filia
1041 4733 1214 4800 patris
1248 4731 1456 4785 occulta
1485 4737 1571 4785 est
1594 4730 1800 4802 vigilia,
1833 4742 1886 4785 et
1914 4732 2026 4786 sol-

446 4825 674 4877 licitudo
704 4831 770 4877 de
800 4825 916 4893 ipsa
951 4825 1115 4892 eripit
1157 4838 1410 4879 somnum
1442 4823 1602 4893 patri,
1651 4839 1716 4878 ac
1749 4825 1802 4878 in
1829 4825 2025 4894 juven-

451 4925 566 4968 tute
598 4917 845 4984 quidem,
877 4931 943 4970 ne
975 4916 1302 4970 deﬂorescat
1332 4916 1532 4981 forma,
1589 4925 1642 4968 et
1680 4931 1803 4968 cum
1854 4923 2024 4984 nupta

451 5014 558 5068 est,
593 5024 660 5058 ne
712 5007 808 5061 (tat
841 5010 1067 5073 odiosa;
1112 5009 1162 5062 in
1194 5008 1525 5078 virginitate,
1562 5026 1633 5063 ne
1686 5008 1934 5073 vitietur,
1970 5017 2025 5062 et

454 5095 510 5150 in
540 5098 751 5153 aedibus
784 5101 1022 5166 paternis
1071 5114 1357 5170 pra'gnans
1392 5101 1519 5167 fiat;
1556 5108 1610 5155 et
1641 5102 1851 5155 elacata
1883 5103 2021 5166 viro,

453 5203 525 5244 ne
556 5188 702 5257 leges
732 5192 1066 5247 matrimonii
1106 5194 1298 5248 violet.

527 5279 672 5334 Ibid.
709 5296 840 5334 χχιι.
897 5280 1149 5339 Prudens
1207 5286 1318 5338 lilia
1374 5283 1493 5339 viro
1524 5294 1607 5341 est
1647 5286 1765 5340 vice
1798 5282 2023 5337 haeredi-

452 5373 605 5427 tatis.

522 5466 711 5523 Puella
748 5466 947 5536 pudica
985 5468 1148 5522 etiam
1195 5470 1367 5525 virum
1408 5468 1771 5524 reverebitur.

522 5562 549 5613 1
606 5560 745 5617 Tim.
782 5576 835 5617 ν.
888 5561 1018 5616 Volo
1054 5562 1221 5630 igitur
1258 5562 1510 5630 iuniores
1555 5561 1787 5624 nubere,
1824 5558 2023 5613 liberos

453 5664 761 5720 procreare,
818 5667 937 5707 rem
1001 5653 1326 5709 familiarem
1373 5653 1780 5717 administrare,
1815 5651 2020 5707 nullam

456 5739 774 5798 adversario
807 5744 1158 5800 conviciandi
1186 5743 1534 5800 occasionem
1573 5740 1841 5810 praebere.

519 5828 759 5893 Epicteti.
798 5832 930 5892 Filia
966 5837 1105 5908 patri
1140 5837 1312 5890 aliena
1348 5833 1621 5903 poss:~ssio
1668 5841 1775 5887 est.

2127 4641 2222 4694 καὶ
2251 4640 2407 4707 ἀνδρὶ
2439 4639 2644 4709 συνετῷ
2675 4639 2921 4708 δὼρησαι
2944 4638 3137 4709 αὑτήν.

2200 4730 2460 4800 Θυγάτηρ
2495 4732 2661 4800 πατρὶ
2715 4730 3038 4799 ἁπόκρυφος
3074 4731 3371 4799 ἀγρυπνία.
3401 4733 3500 4785 καὶ
3530 4735 3561 4800 ή
3610 4733 3700 4804 pio

2129 4839 2303 4893 ρεμνα
2347 4823 2515 4891 αὐτῆς
2566 4824 2776 4893 ἀφιστᾷ
2838 4821 3005 4874 ὕπνον
3037 4838 3051 4853 ο
3088 4824 3146 4875 ἐν
3181 4824 3419 4894 νεότητι,
3456 4826 3530 4897 μή
3576 4841 3698 4876 ποτε

2128 4910 2471 4982 παρακμάσῃ
2499 4927 2513 4941 ·
2544 4912 2638 4963 καὶ
2679 4913 3075 4989 παρῳκηκυία,
3131 4914 3207 4983 μή
3275 4929 3407 4967 ποτε
3454 4915 3655 4985 μισηθῇ
3682 4929 3696 4941 ·

2126 5004 2184 5055 ὲν
2211 5004 2503 5073 παρθενίᾳ,
2530 5005 2603 5073 μή
2635 5020 2763 5056 ποτε
2799 5003 3103 5075 βεϐηλωθῇ,
3142 5007 3238 5058 καὶ
3266 5008 3328 5060 ἐν
3361 5010 3476 5071 τοῖς
3508 5023 3696 5073 πατριο

2127 5096 2243 5155 κοῖς
2273 5093 2446 5162 αὐτῆς
2469 5093 2664 5160 ἔγκυος
2696 5095 2920 5163 γένηται
2944 5109 2961 5125 ·
2999 5095 3093 5148 καὶ
3126 5097 3267 5166 μετὰ
3292 5096 3494 5168 ἀνδρὸς
3546 5097 3696 5158 οὖσα,

2132 5185 2206 5255 μή
2239 5200 2368 5238 ποτε
2401 5187 2648 5256 παραϐῇ.

2199 5276 2459 5346 Θυγάτηρ
2485 5276 2726 5347 φρονίμη
2749 5274 3153 5347 κληρονομήσει
3178 5276 3348 5349 ἄνδρα
3373 5279 3564 5349 αὐτῆς.

2193 5458 2450 5529 Θυγάτηρ
2474 5459 2767 5529 εὐσχήμων
2791 5457 2885 5508 καὶ
2929 5455 3021 5509 τὸν
3051 5455 3225 5526 ἄνδρα
3278 5457 3702 5527 ὲντραπήσεται.

2196 5552 2470 5623 Βούλομαι
2501 5551 2595 5606 οὖν
2628 5550 2899 5619 νεωτέρας
2944 5549 3166 5619 γαμεῖν,
3225 5550 3584 5611 τεκνοποιεῑν,
3629 5546 3706 5598 οξ-

2126 5646 2495 5709 κοδεσποτεῖν,
2527 5643 2799 5714 μηδεμίαν
2823 5641 3082 5711 ἀφορμὴν
3109 5642 3312 5695 διδόναι
3362 5641 3442 5711 τῷ
3466 5643 3706 5696 ἀντικειμ-

2130 5736 2276 5808 μένῳ
2305 5734 2567 5804 λοιδορίας
2599 5735 2779 5804 χάριν.
2940 5802 2943 5805 Α

2211 5829 2473 5898 Θυγάτηρ
2502 5828 2783 5897 ἀλλότριον
2821 5827 3007 5897 κτῆμα
3032 5826 3271 5897 ὑπάρχει
3295 5822 3373 5895 τῷ
3404 5824 3595 5895 πατρί.
