3992 6252
295 439 428 502 1053

1143 445 1315 506 LOCl
1348 443 1786 505 COMMUNES.
1829 467 1897 477 —
1933 426 2147 503 PARS.
2190 440 2274 502 ιι.
2319 441 2574 503 suum)
2611 442 2797 503 xvu.

3406 440 3542 506 1054

360 552 623 623 Γαμϐροῦ
649 555 679 608 ό
705 555 807 626 μὲν
830 556 1106 630 ἐπιτυχὼν
1132 553 1292 630 εὗρεν
1319 559 1456 626 υἱὸν,
1486 558 1597 613 est
1650 559 1864 614 ἀποτυ-
1892 565 1924 624 Α

2040 551 2271 608 Solonis.
2302 552 2574 610 Generum
2618 566 2834 623 nactus,
2863 555 3031 609 {ilium
3064 551 3272 609 Invenit
3302 570 3316 607 :
3343 562 3541 609 nactus

296 644 404 717 χὼν
430 647 683 702 ἀπώλεσε
706 650 801 702 καὶ
824 649 1122 721 θυγατέρα.

888 742 1110 796 Aures
1164 742 1283 811 ις’.

457 833 598 899 Περὶ
626 836 921 903 θυγατρὸς
961 836 1232 906 άσέμνου
1262 836 1365 892 καὶ
1406 837 1701 905 ἀκόσμου.

378 920 507 973 Ἐπὶ
557 920 790 993 θυγατρὶ
835 922 1184 995 άδιατρέπτῳ
1240 925 1542 994 σπρέωσον
1595 922 1864 993 φυλακὴν,

298 1011 511 1079 μήποτε
546 1015 753 1086 ποιήσῃ
790 1031 848 1068 σε
880 1016 1165 1086 ὲπίχαρμα
1195 1015 1427 1086 ὶχθρῶν.

365 1102 624 1176 Θυγάτηρ
663 1107 758 1160 ἐπὶ
788 1106 1085 1162 ἐλαττώσει
1114 1107 1346 1175 γίνεται.

368 1285 591 1355 Πατέρα
637 1289 731 1342 καὶ
785 1288 953 1359 ἄνδρα
997 1290 1351 1361 καταισχύνει
1407 1290 1441 1360 ἡ
1491 1288 1719 1360 θρασεῖα
1772 1288 1870 1342 καὶ

295 1374 404 1429 ὑπὸ
428 1378 757 1450 ἀμφοτέρων
785 1382 1236 1452 ἀτιμασθήσεται.

369 1471 632 1542 Θυγάτηρ
662 1474 931 1543 ἀσχήμων
964 1475 1194 1543 ἀτιμίαν
1225 1473 1582 1545 κατατρίψει.

898 1588 1119 1642 ΛΟΓΟΣ
1160 1587 1255 1643 ΙΖ’.

296 1677 437 1748 Περὶ
470 1654 880 1748 γερόντων-ἐν
925 1680 1107 1806 ἁρεέῇ
1152 1682 1253 1735 καὶ
1304 1680 1556 1736 συνέσει
1605 1696 1869 1751 κοσμου-

984 1771 1022 1806 ιι
1059 1769 1199 1806 νων.

978 1769 1199 1820 μενων.

378 1843 514 1898 Ἀπὸ
563 1842 858 1913 προσώπου
910 1845 1097 1897 πολιοῦ
1146 1843 1516 1916 ἐξαναστήσῃ,
1573 1843 1667 1897 καὶ
1700 1847 1868 1916 τιμή-

298 1952 415 1999 σεις
443 1935 631 2005 πρόσω
642 1953 736 1987 πον
772 1937 1044 2009 πρεσϐυτὲ
1052 1954 1169 2007 ρου.

375 2025 760 2097 Ἐπερώτησον
790 2028 886 2080 τὸν
907 2027 1122 2097 πατέρα
1157 2044 1276 2095 σου,
1304 2026 1398 2082 καὶ
1429 2028 1724 2097 ἀναγγελεῖ
1754 2044 1862 2095 σοι,

293 2117 424 2180 τοὺς
454 2119 726 2189 πρεσϐυτέ
735 2137 863 2190 ρους
891 2137 1008 2185 σου,
1041 2123 1134 2174 καὶ
1163 2121 1347 2194 ἐροῦσι
1377 2137 1482 2175 σοι.

381 2209 684 2281 Ἐλάλησαν
723 2215 772 2266 οἱ
822 2212 1185 2282 πρεσϐύτεροι
1235 2214 1372 2282 πρὸς
1446 2213 1724 2283 Ῥοϐοὰμ,
1781 2214 1867 2268 λέ·-

293 2301 485 2372 γοντὲς
532 2305 618 2357 oi'
652 2303 745 2358 Ἐν
789 2309 855 2375 τῇ
912 2305 1097 2377 ἡμέρᾳ
1164 2305 1333 2378 ταύτῃ
1401 2305 1499 2378 ἔσῃ
1548 2306 1736 2369 δοῦλος
1787 2305 1866 2376 τῷ

292 2395 412 2467 λαῷ
459 2396 655 2465 τούτῳ,
710 2400 807 2452 καὶ
846 2398 1155 2462 δουλεύσεις
1201 2399 1409 2463 αὐτοῖς,
1462 2399 1557 2451 καὶ
1608 2398 1867 2469 λαλήσεις

296 2489 438 2560 πρὸς
468 2488 667 2553 αὐτοὺς
696 2489 888 2560 λόγους
926 2491 1168 2558 ἀγαθούς
1192 2508 1209 2525 ο
1249 2493 1344 2545 καὶ
1371 2492 1588 2545 ἔσονταί
1638 2510 1720 2544 σοι
1750 2491 1866 2544 δοῦ-

295 2581 379 2634 λοι
427 2582 610 2644 πάσας
640 2582 740 2645 τάς
804 2582 1039 2653 ἡμέρας.
1072 2584 1181 2638 Καὶ
1244 2585 1573 2653 ἐγκατέλιπε
1633 2583 1868 2652 Ῥοϐοάμ

291 2673 391 2744 τὴν
421 2673 616 2744 βουλὴν
649 2674 758 2727 τῶν
790 2677 1198 2747 πρεσϐυτέρων.

378 2766 656 2837 ’Δσφαλὴς
711 2768 822 2821 τῶν
884 2770 1278 2840 πρεσϐυτέρων
1339 2774 1371 2841 ἠ
1450 2772 1763 2840 εἰσήγησις,
1799 2773 1864 2840 τῇ

298 2856 475 2928 πολλῇ
504 2858 600 2911 τοῦ
632 2860 750 2928 βίου
782 2860 880 2913 καὶ
913 2859 1023 2914 τῶν
1051 2862 1400 2932 πραγμάτων
1441 2862 1607 2932 πείρᾳ
1645 2860 1868 2933 βοηθου-

299 2949 461 3019 μένη.

377 3042 469 3095 Ἐν
501 3040 682 3112 πολλῷ
719 3041 898 3113 χρόνῳ
934 3042 1117 3112 σοφία,
1160 3045 1220 3097 ὲν
1255 3044 1310 3097 δὲ
1360 3044 1557 3115 μακρῷ
1591 3044 1692 3116 βίῳ
1738 3045 1862 3098 ἔπιε

294 3135 395 3206 στῆ
406 3150 504 3205 μη·

371 3226 649 3295 Στέφανος
684 3223 1008 3295 καυχήσεως
1057 3223 1257 3295 γῆρας,
1299 3228 1361 3279 ἐν
1409 3224 1465 3281 δὲ
1497 3224 1635 3281 ὁδοῖο
1668 3226 1872 3281 δικαιο-

294 3317 465 3389 σύνης
494 3316 833 3388 εὑρίσκεται.

369 3409 509 3476 Δόξα
539 3408 925 3481 πρεσϐυτέρων
962 3407 1166 3464 πολιαί.

374 3501 647 3569 Στέφανος
680 3504 955 3572 γερόντων
988 3501 1153 3554 τέκνα
1182 3500 1412 3558 τέκνων.

367 3592 543 3646 ηολιά
589 3596 707 3647 ἔστι
747 3594 1010 3662 φρόνησις
1053 3592 1388 3663 ἀνθρώποις,
1420 3595 1512 3647 καὶ
1546 3594 1733 3665 ἡλικία
1765 3596 1870 3666 γη-

302 3701 412 3756 ρως
446 3684 528 3754 βίο
538 3704 555 3747 ;
586 3684 945 3752 ἀκηλίδωτος.

374 3773 563 3845 Γῆράς
588 3773 822 3828 λεόντων
850 3775 1104 3844 κρεῖσσον
1132 3774 1390 3845 ἀκμαίων
1426 3773 1659 3847 νεϐρῶν.

383 3962 476 4016 Ἕν
513 3960 705 4032 πλήθει
733 3959 1123 4033 πρεσϐυτέρων
1159 3959 1351 4028 στῆθι·
1384 3958 1476 4012 καὶ
1504 3956 1557 4011 εἴ
1578 3974 1661 4020 τις
1682 3955 1866 4024 σοφὸς,

298 4053 743 4126 προσκολλήθητι
776 4052 947 4124 αὐτῷ.

378 4142 473 4213 Μὴ
498 4143 716 4212 ἀστόχει
755 4143 1095 4212 διηγήματος
1123 4137 1395 4209 γερόντιον
1421 4151 1435 4167 ⁸
1455 4135 1551 4189 καὶ
1576 4132 1688 4205 γὰρ
1715 4131 1871 4187 αὐτοὶ

296 4233 506 4313 ἓρίαοον
536 4236 686 4304 παρά
719 4233 829 4286 τῶν
858 4234 1113 4304 πατέρων
1142 4230 1342 4285 αὐτῶν.
1494 4274 1499 4279 .

369 4325 464 4395 Μὴ
509 4326 785 4395 ἀτιμάσῃς
826 4322 997 4392 ἄνδρα
1023 4324 1081 4376 ὲν
1109 4320 1258 4392 γήρᾳ
1296 4316 1488 4385 αὐτοῦ,
1518 4318 1611 4371 καὶ
1641 4317 1750 4388 γὰρ
1778 4317 1872 4371 καὶ

297 4418 361 4485 ἐξ
386 4417 545 4489 ἡμῶν
577 4416 976 4487 γηράσκουσιν.

374 4508 651 4578 Στέφανος
678 4507 953 4578 γερόντων
981 4503 1331 4573 πολυπειρία,
1381 4502 1477 4557 καὶ
1503 4501 1565 4555 τὸ
1607 4500 1871 4571 καύχημα

298 4599 486 4656 αὐτῶν
515 4598 676 4669 φόϐος
705 4598 939 4668 Κυρίου.
1008 4666 1015 4674 ⁵

386 4692 477 4753 Ὠς
530 4691 730 4761 ὡραῖον
788 4690 1002 4751 πολιαῖς
1057 4686 1264 4757 κρίσις,
1324 4685 1421 4739 καὶ
1476 4683 1871 4755 πρεσϐυτέροις

296 4783 601 4851 ἐπιγνῶναι
638 4781 873 4853 βουλήνι
913 4779 1002 4841 Ὧς
1039 4777 1213 4848 ὡραία
1261 4777 1532 4846 γερόντων
1565 4774 1725 4828 σοφία
1774 4773 1869 4827 καὶ

295 4875 712 4945 δεδοξασμένοις
739 4872 1077 4944 διανοήματα
1107 4870 1300 4943 βουλῆς
1328 4870 1343 4923 l

375 5078 508 5131 Ὅτε
551 5074 619 5149 ἧς
665 5077 951 5144 νεώτερος,
999 5072 1266 5138 ἐζώννυες
1312 5067 1539 5123 σεαυτόν
1571 5077 1584 5093 ⁸
1640 5064 1769 5118 ὅταν
1818 5063 1876 5117 δὲ

296 5171 593 5242 γηράσῃς,
641 5167 881 5230 ἐκτενεῖς
927 5164 1025 5229 τὰς
1076 5164 1266 5235 χεῖράς
1318 5179 1437 5227 σου,
1491 5158 1586 5211 καὶ
1620 5156 1775 5219 ἄλλος
1812 5170 1872 5207 σε

298 5261 494 5327 ζώσει.

377 5355 491 5408 ιιᾶν
518 5365 580 5404 το
612 5350 930 5422 ἀρχαιότητι
960 5348 1217 5421 διαφέρον
1246 5348 1553 5415 αἰδέσιμον.

378 5534 550 5589 Πλέον
598 5530 674 5603 τῷ
736 5531 852 5586 όντι
901 5534 998 5603 τῆς
1058 5531 1151 5585 ἐπὶ
1203 5530 1349 5601 θριξὶ
1406 5529 1736 5599 λευκότητος
1795 5529 1874 5593 είς

294 5625 709 5696 πρεσϐυτέρους
772 5622 946 5678 ἅπασι
1004 5621 1064 5676 τὸ
1122 5623 1177 5675 ὲν
1236 5619 1502 5691 φρονήσει
1564 5617 1874 5690 πρεσϐυτε-

338 5720 479 5772 ικόν.

338 5743 353 5772 ι
397 5737 479 5772 ον.

297 5738 330 5792 ρ
359 5737 638 5881 ³ἱδιαφέρὲι
678 5809 774 5862 τοῦ
823 5809 1020 5881 νηπίου
1061 5807 1178 5863 καθ’
1215 5805 1435 5862 ἠλικίαν
1484 5808 1637 5861 οὐδὲν
1682 5809 1709 5859 ό
1757 5804 1875 5867 ταῖς

297 5903 469 5977 φρεσὶ
494 5902 798 5984 “mitigo:

1972 654 2151 702 autem
2181 649 2381 700 malum
2411 662 2689 717 generum,
2720 646 2883 701 ﬁliam
2916 648 3079 701 etiam
3116 645 3371 714 perdidit.

2309 737 2550 795 SEIlMO
2586 738 2705 793 XVI
2746 738 2848 811 [εἰ.
2876 738 3192 811 CXXXIII].

2180 830 2255 886 De
2277 831 2395 900 ﬁlia
2433 832 2642 885 minime
2677 831 2893 886 honesta
2922 842 2970 886 et
3001 832 3333 886 immodesta.

2046 919 2209 976 Eccli.
2245 937 2378 978 xui.
2442 919 2594 977 Filia:
2653 924 2909 995 inquietas
2959 938 3097 993 pone
3129 924 3434 986 custodem,
3477 940 3543 978 ιιε

1971 1016 2170 1084 gaudio
2209 1014 2414 1071 aﬂlcias
2445 1016 2698 1071 inimicos
2726 1025 2872 1072 tuos.

2042 1104 2180 1161 Filia
2233 1107 2392 1179 (alias
2435 1110 2652 1161 additur
2703 1109 2875 1181 fatua)
2916 1110 3143 1164 minoris
3196 1109 3346 1163 venit
3385 1107 3537 1162 teti-

1970 1200 2195 1257 manda.

2040 1290 2183 1346 Ibid.
2217 1291 2408 1346 Audax
2442 1301 2496 1347 et
2528 1292 2815 1361 impudens
2848 1304 3057 1362 patrem
3084 1301 3138 1347 et
3166 1291 3342 1346 virum
3372 1291 3542 1345 dede-

1972 1396 2146 1449 corat,
2180 1398 2234 1440 et
2269 1388 2337 1440 ab
2369 1397 2605 1456 utroque
2643 1388 3064 1455 vituperabitur.

2042 1474 2180 1530 Ibid.
2217 1493 2345 1533 χχιι.
2368 1478 2504 1532 Filia
2523 1480 2639 1533 sine
2664 1477 2990 1533 verecundia
3010 1474 3290 1531 infamiam
3320 1474 3545 1531 delebit.

2363 1590 2595 1645 SEIUIO
2630 1588 2767 1645 xvn
2819 1589 2917 1662 [αι.
2951 1589 3159 1662 cum.

2153 1682 2227 1737 De
2264 1682 2469 1737 senibus
2519 1685 2707 1736 virtute
2741 1692 2788 1735 et
2815 1680 3094 1752 prudentia
3138 1682 3365 1735 ornatis.

2044 1840 2166 1899 Lev.
2200 1857 2312 1899 xix.
2344 1842 2496 1898 Cano
2525 1841 2919 1909 assurgcndum
2956 1841 3082 1905 ﬁest,
3127 1847 3179 1893 ει
3202 1837 3407 1893 seniori
3453 1836 3549 1890 Ιιο-

1900 1907 1940 1965 Β
1972 1950 2075 1990 nor
2104 1935 2385 1991 habendus
2410 1945 2517 2000 est,

2041 2027 2202 2082 Deut.
2255 2030 2523 2097 Interroga
2581 2034 2787 2096 patrem
2831 2037 3006 2092 tuum,
3055 2036 3109 2081 et
3167 2023 3546 2088 annuntiabil,

1973 2122 2221 2177 seniores
2252 2130 2400 2187 tuos,
2434 2130 2487 2175 et
2521 2122 2708 2174 dicent
2738 2120 2860 2175 tibi.

2044 2212 2110 2267 ΙΙ
2140 2213 2268 2285 Reg.
2306 2231 2381 2279 u;
2439 2211 2504 2266 II
2555 2213 2748 2267 Paral.
2808 2229 2859 2268 ι.
2909 2210 3257 2267 Loeutisunt
3314 2209 3379 2263 ad
3434 2207 3548 2262 Ro-

1974 2307 2133 2362 boam
2178 2310 2424 2362 seniores
2459 2309 2511 2361 in
2562 2309 2711 2362 hunc
2746 2307 2965 2360 modum
2998 2323 3013 2360 :
3064 2305 3121 2360 Si
3166 2302 3432 2357 hodierno
3460 2302 3550 2356 die

1974 2400 2148 2454 fueris
2182 2416 2376 2454 servus
2407 2398 2590 2469 populi
2627 2399 2808 2468 hujus.
2851 2399 3011 2467 eique
3048 2397 3336 2457 servieris.
3365 2406 3415 2449 et
3451 2394 3548 2448 bo-

1975 2493 2061 2547 nis
2094 2504 2147 2547 et
2184 2492 2545 2547 humanitatis
2574 2492 2748 2563 plenis
2781 2492 2963 2546 verbis
2989 2493 3203 2546 loeutus
3238 2490 3426 2552 fueris,
3473 2489 3547 2541 illi

1977 2581 2143 2635 futuri
2187 2591 2313 2635 sunt
2349 2581 2401 2636 in
2434 2592 2756 2651 perpetuum
2790 2582 2933 2638 servi
2961 2582 3060 2637 tui.
3102 2581 3210 2636 Sed
3249 2580 3405 2650 155
3445 2578 3553 2633 Ro-

1974 2671 2132 2726 boam
2168 2671 2457 2725 consilium
2493 2671 2777 2726 seniorum
2811 2686 2918 2725 non
2961 2679 3044 2724 est
3070 2678 3316 2724 secutus.

2047 2763 2313 2819 Scholion.
2357 2763 2499 2819 Tuta
2531 2776 2613 2819 est
2668 2765 2946 2819 seniorum
2981 2765 3253 2828 doctrina,
3296 2772 3352 2817 et
3398 2776 3548 2816 con-

1976 2859 2156 2912 silium
2187 2859 2344 2929 longe
2376 2859 2494 2912 vitae
2522 2866 2576 2913 et
2612 2873 2797 2913 rerum
2837 2874 2940 2913 usu
2972 2857 3218 2926 adjutum
3254 2866 3308 2911 ct
3344 2855 3536 2910 ﬁrma-

1978 2959 2117 3003 tum.

2048 3039 2144 3094 Job
2178 3046 2286 3095 “xu.
2324 3040 2382 3094 In
2428 3040 2790 3095 diuturnitate
2850 3038 3113 3108 temporis
3165 3038 3455 3110 sapientia,
3489 3045 3545 3091 at

1982 3137 2038 3187 In
2073 3133 2230 3203 longa
2266 3133 2371 3186 vita
2406 3133 2635 3186 scientia
2667 3139 2773 3186 est.
3092 3124 3095 3127 ’

2053 3220 2214 3278 Prov.
2255 3240 2362 3278 xu.
2395 3221 2751 3280 Gloriationis
2787 3236 2994 3280 corona
3024 3230 3303 3290 senectus,
3339 3239 3461 3296 qua:
3488 3224 3545 3278 in

1979 3314 2084 3370 viis
2106 3316 2335 3383 justitiu:
2368 3317 2659 3386 reperitur.
3550 3300 3559 3311 ’

2047 3406 2232 3462 Gloria
2262 3423 2456 3462 senum
2489 3407 2609 3462 caui
2638 3416 2789 3462 sunt.

2053 3499 2267 3555 Corona
2300 3514 2493 3554 senum
2519 3498 2678 3554 liberi
2712 3499 3032 3554 liberorum.

2049 3591 2180 3661 Sap.
2228 3606 2303 3646 tv.
2353 3590 2601 3647 Canities
2635 3601 2720 3645 est
2767 3591 3057 3663 prudentia
3105 3590 3460 3661 hominibus;
3493 3601 3550 3648 et

1976 3685 2165 3741 senilis
2199 3693 2353 3750 tetas,
2393 3684 2501 3738 vita
2532 3685 2681 3738 nulla
2714 3683 2836 3739 labe
2870 3685 3264 3741 contaminata.

2056 3775 2459 3847 Hippothontis.
2513 3775 2715 3831 Leonis
2764 3784 3017 3832 senectus
3064 3777 3414 3847 praestantior
3462 3788 3550 3833 est

1977 3870 2333 3925 binuulorum
2361 3870 2611 3939 juventa.

2042 3961 2255 4018 Sirach.
2305 3961 2862 4019 Multitudiniseuum
2896 3960 3211 4031 acquiesce,
3261 3976 3327 4018 ac
3373 3962 3423 4020 ei
3459 3962 3551 4034 qui

1976 4056 2202 4126 sapiens
2229 4062 2316 4111 est
2347 4056 2711 4127 agglutinare.

2041 4147 2122 4202 Ne
2163 4149 2454 4219 repudiato
2502 4147 2851 4205 narrationes
2901 4147 3175 4219 majorum
3210 4158 3379 4217 natu;
3425 4166 3548 4205 nam

1974 4239 2050 4295 illi
2084 4255 2114 4295 a
2146 4241 2394 4311 patribus
2428 4239 2547 4297 suis
2584 4239 2918 4295 didicerunt.

2044 4328 2166 4385 Noli
2187 4339 2542 4388 contemnere
2559 4346 2892 4403 quemquam
2917 4331 2973 4387 in
2999 4340 3324 4401 senectute;
3348 4333 3549 4389 etenim

1974 4437 2042 4479 ex
2071 4423 2228 4479 vobis
2257 4424 2425 4480 etiam
2455 4432 2586 4479 sunt
2609 4424 2702 4494 qui
2738 4423 2908 4479 futuri
2939 4425 3050 4479 sint
3082 4440 3269 4481 senes.

2045 4511 2261 4568 Corona
2303 4527 2497 4569 senum
2532 4527 2762 4584 magnus
2786 4528 2968 4568 rerum
3016 4529 3184 4579 usus,
3217 4524 3270 4567 et
3304 4515 3555 4582 gloriam

1901 4602 1961 4669 ο·
1977 4604 2221 4675 ipsorum
2257 4606 2350 4660 Dei
2384 4618 2583 4661 metus.

2045 4694 2220 4760 Quam
2243 4694 2498 4749 decorum
2522 4703 2606 4749 est
2630 4693 2847 4748 canitiei
2864 4694 3154 4765 judicium,
3173 4702 3228 4750 et
3255 4694 3555 4761 majoribus

1984 4798 2116 4841 natu
2146 4801 2307 4842 nosse
2324 4787 2583 4842 consilia!
2619 4786 2790 4852 Quam
2815 4787 3043 4856 pulchra
3102 4797 3185 4841 est
3235 4802 3427 4842 senum
3461 4804 3549 4842 sa-

1983 4878 2187 4948 pientia
2212 4915 2228 4943 ,
2256 4887 2312 4932 et
2335 4885 2496 4933 aetate
2527 4887 2748 4934 evectos
2788 4893 2953 4948 quam
3013 4878 3171 4933 decet
3198 4878 3553 4935 consiliorum

1986 4971 2348 5039 intelligentia
2368 4971 2382 5025 l

2050 5060 2209 5117 Joau.
2243 5078 2357 5118 ut.
2389 5062 2521 5116 Cum
2579 5061 2800 5132 juvenis
2830 5077 3010 5130 esses,
3050 5061 3306 5134 cingebas
3355 5064 3559 5136 teipse;

1986 5170 2109 5212 cum
2136 5163 2319 5209 autem
2352 5154 2622 5221 senueris,
2651 5155 2911 5210 extendes
2936 5169 3131 5214 manus
3161 5167 3304 5224 tuas,
3332 5166 3389 5212 et
3414 5158 3557 5214 alius

1988 5257 2040 5303 te
2072 5247 2272 5319 cinget.

2070 5338 2130 5395 S.
2175 5338 2387 5396 Basilii.
2423 5337 2701 5410 Quidquid
2755 5350 3030 5400 vetustate
3077 5342 3297 5401 excellit
3327 5357 3555 5407 venerat:

1986 5429 2097 5486 bile
2124 5438 2229 5485 est.

2056 5520 2257 5576 Senilis
2292 5520 2459 5576 animi
2514 5520 2737 5579 habitus
2769 5532 2823 5578 et
2874 5534 3087 5581 matura
3132 5523 3420 5597 prudentia
3472 5535 3556 5575 re-

1986 5629 2114 5669 vera
2168 5613 2515 5683 prasstantior
2549 5613 2633 5668 vel
2675 5615 2996 5684 capillorum
3049 5616 3275 5680 canitie,
3309 5625 3435 5683 quas
3498 5610 3554 5666 itt

1988 5706 2246 5763 omnibus
2280 5715 2439 5759 aetate
2472 5708 2743 5776 provectis
2781 5707 3074 5779 reperitur.

2051 5798 2194 5853 Nihil
2233 5797 2460 5852 interest
2514 5797 2660 5853 inter
2712 5809 2873 5856 atate
2922 5810 3154 5870 puerum
3200 5803 3256 5853 et
3285 5810 3413 5854 euut
3459 5794 3557 5869 qui

1987 5905 2168 5949 mente
2196 5906 2397 5964 pueros
2427 5889 2691 5949 imitatur.
