3992 6252
1898 169 1927 189 ο

444 392 585 462 1055

1715 382 2037 447 ΑΝΤΟΝΠ
2081 385 2430 448 MELISS/E

3560 394 3693 461 1056

511 505 785 574 Theologi.
815 503 1003 558 Melior
1039 510 1123 557 est
1148 499 1381 557 canities
1403 512 1530 555 cum
1567 496 1857 569 prudentia
1881 513 2004 555 con-

2188 501 2464 572 Κρετσσον
2501 500 2663 557 πολιὰ
2696 500 2835 574 μετὰ
2867 503 3188 574 φρονήσεως
3221 500 3551 557 ἀπαιδεύτου
3581 508 3695 559 νεὸ-

434 601 649 670 juncta,
683 613 845 667 quam
871 597 1130 665 juventus
1165 592 1457 649 inerudita.
1825 648 1831 655 ,
1996 660 2001 665 .

500 693 751 761 Magnum
790 705 950 744 usum
1001 702 1186 743 rerum
1216 699 1269 742 et
1318 685 1715 756 experientiam
1768 691 2015 756 tempore

437 785 782 852 collegimus,
813 797 880 835 ex
913 796 1021 850 qua
1048 780 1292 849 nascitur
1325 778 1615 849 sapientia.

506 876 624 930 Non
661 875 861 929 decent
888 887 1047 927 senes
1072 872 1302 943 puerilia
1341 871 1572 925 ludicra.

500 966 560 1022 S.
590 964 861 1036 Chrysost.
887 976 935 1019 et
970 962 1100 1033 Sap.
1132 980 1205 1018 tv.
1239 962 1480 1019 Canities
1538 977 1648 1017 non
1678 961 1858 1032 capilli
1881 962 2013 1032 albi,

436 1061 533 1117 sed
565 1060 735 1116 animi
772 1060 969 1114 virtus.
1270 1120 1277 1131 ἕ

500 1151 611 1206 Nec
638 1153 895 1221 juvenem
925 1149 1243 1213 criminare,
1270 1163 1448 1217 neque
1471 1163 1657 1204 senem
1688 1149 1884 1210 lauda;
1919 1166 2014 1205 ne-

434 1258 542 1312 que
578 1241 721 1295 enim
750 1241 805 1295 in
830 1240 1029 1306 aetatis,
1061 1241 1152 1295 sed
1187 1240 1243 1294 iu
1276 1239 1447 1294 anitni
1481 1239 1785 1295 differentia
1838 1240 2014 1296 virtus

433 1344 488 1388 et
518 1334 710 1387 vitium
743 1331 1015 1387 consistit.

502 1421 618 1477 Non
687 1431 911 1476 aetatum
978 1404 1350 1476 ditl'ercntiam
1415 1421 1566 1476 novit
1632 1421 2011 1477 universitatis

431 1515 610 1581 Deus;
663 1515 756 1569 sed
794 1513 1046 1582 pietatem
1104 1514 1279 1568 solam
1360 1522 1416 1568 et
1462 1529 1644 1568 rerum
1702 1515 2009 1568 divinarum

431 1607 671 1662 studium
703 1622 731 1659 a
766 1605 926 1660 nobis
959 1606 1227 1676 requirit:
1264 1607 1413 1676 quod
1447 1608 1490 1660 si
1541 1606 1658 1661 haec
1705 1606 1759 1660 in
1805 1606 2010 1676 juvene

430 1697 718 1767 repererit,
751 1698 937 1753 multis
973 1698 1119 1753 hunc
1150 1707 1440 1769 anteponit
1466 1698 1708 1754 senibus.

493 1787 764 1846 Senectus
790 1799 845 1844 et
898 1798 1188 1861 paupertas
1254 1790 1364 1845 duo
1442 1798 1572 1844 sunt
1621 1797 1817 1845 curatu
1864 1787 2007 1845 ditii-

428 1879 578 1934 cilia.

497 1971 767 2028 Philonis.
824 1970 985 2043 156
1044 1969 1185 2025 Vere
1243 1985 1406 2026 senex
1457 1985 1564 2025 non
1612 1984 1679 2025 ex
1736 1970 2003 2041 temporis

428 2061 870 2133 longinquitate,
921 2060 1017 2116 sed
1063 2075 1130 2115 ex
1177 2059 1439 2115 laudabili
1491 2068 1546 2116 et
1599 2059 1841 2130 perfecta
1895 2060 2007 2116 vita

431 2158 739 2222 spectatur.

497 2242 736 2299 Juvenili
788 2242 913 2297 vitae
957 2256 1082 2312 quae
1125 2240 1178 2296 in
1231 2255 1420 2296 rerum
1476 2241 1695 2299 actione
1729 2248 2006 2309 versatur,

429 2336 622 2391 senilis
680 2334 928 2389 succedit
984 2333 1440 2403 praestantissima
1510 2342 1567 2387 et
1610 2333 2005 2398 sacratissima,

427 2441 603 2495 eaque
631 2426 683 2479 in
715 2440 899 2478 rerum
931 2423 1394 2493 contemplatione
1428 2423 1695 2490 cernitur,
1727 2425 1814 2479 cui
1847 2425 2007 2493 quasi

434 2519 788 2590 gubernatori
815 2533 844 2571 a
874 2531 934 2572 se
962 2516 1132 2573 misso
1159 2515 1301 2571 Deus
1323 2515 1693 2587 gubernacula
1724 2516 1780 2571 in
1813 2500 2008 2572 manus

428 2609 676 2671 tradidit,
700 2620 958 2680 tanquam
990 2607 1189 2663 idoneo
1219 2608 1311 2678 qui
1344 2608 1518 2678 possit
1553 2615 1766 2663 terrena
1806 2609 2008 2678 guber-

443 2700 640 2756 nacula
676 2708 896 2764 tenere;
932 2715 1055 2753 nam
1094 2698 1211 2753 sine
1242 2698 1707 2769 contemplatione
1746 2708 1800 2754 et
1826 2700 2007 2756 scien-

434 2793 512 2848 tia
542 2782 675 2846 nihil
703 2793 757 2846 in
795 2792 955 2846 rebus
983 2790 1207 2861 agendis
1245 2790 1536 2845 honestum
1568 2798 1673 2845 est.

505 2882 750 2955 Evagrii.
784 2881 925 2938 Tum
958 2881 1196 2937 ﬂorescit
1227 2882 1446 2937 animus
1473 2880 1542 2935 ad
1574 2880 1860 2936 scientiam
1885 2896 2009 2952 per-

425 2978 759 3049 cipiendam,
805 2992 929 3030 cum
984 2974 1154 3030 robur
1181 2975 1429 3045 corporis
1462 2973 1827 3030 diuturnitate
1870 2983 2007 3029 tem-

426 3070 577 3139 poris
610 3068 930 3122 marcescit.

503 3159 640 3214 Nili.
689 3159 935 3229 Capillus
972 3159 1132 3215 albus
1166 3156 1347 3214 factus
1379 3158 1617 3212 animam
1669 3161 1797 3214 hinc
1827 3160 2002 3215 ubitu-

426 3267 547 3307 ram
582 3261 817 3306 testatur
848 3259 902 3306 et
931 3253 1148 3306 clamat.

514 3345 764 3415 Symeon.
798 3341 988 3412 Neque
1014 3342 1191 3397 cuivis
1222 3340 1338 3401 seni
1384 3340 1655 3396 lldendum
1691 3350 1795 3407 est,
1820 3356 2003 3412 neque

426 3436 611 3507 quivis
662 3436 890 3491 omnino
937 3434 1161 3504 juvenis
1211 3433 1607 3502 repudiandus.
1662 3432 1805 3488 Fieri
1859 3434 2002 3489 enim

425 3540 631 3603 potest,
668 3541 720 3586 ut
753 3531 974 3600 opinor,
1010 3537 1068 3584 ut
1097 3538 1151 3585 et
1183 3529 1446 3598 juventus
1480 3538 1792 3600 temperans
1822 3530 1915 3597 sit,
1950 3541 2006 3588 et

427 3634 684 3681 senectus
719 3638 861 3693 saepe
887 3621 1129 3677 ofﬁcium
1162 3622 1421 3693 negligat.

499 3715 778 3771 Plutarch.
830 3714 1012 3770 Hietns
1058 3722 1455 3785 tegumentum,
1505 3724 1765 3773 senectus
1798 3715 2006 3775 doloris

427 3807 756 3864 vacuitatem
804 3806 1052 3877 requirit.

494 3898 679 3956 Solon.
714 3898 880 3953 Solon
917 3908 1257 3955 senectutem
1307 3908 1528 3969 portum
1563 3899 1833 3956 malorum
1881 3884 2011 3959 esse.

427 3988 667 4053 dicebat,
703 3988 847 4058 quod
883 3987 949 4044 ad
974 4005 1093 4045 eam
1130 3989 1316 4045 omnia
1348 3988 1696 4060 confugiant.

489 4080 800 4135 Phavorini.
826 4078 927 4146 Qui
959 4082 1066 4137 sibi
1094 4072 1427 4151 voluptatem
1457 4083 1729 4151 reprimit,
1760 4082 2001 4153 sapiens,

427 4171 523 4243 qui
552 4170 902 4241 repressione
934 4186 1041 4225 non
1069 4170 1302 4241 indiget,
1345 4172 1542 4229 beatus
1595 4183 1713 4227 eSt:
1746 4182 2003 4229 senectus

428 4266 497 4320 ad
550 4274 848 4332 utrumque
901 4263 1016 4332 (vel
1078 4262 1139 4317 in
1191 4272 1481 4320 senectute
1532 4272 1617 4322 est
1648 4262 1998 4335 utrumque).

428 4354 451 4428 (
473 4353 670 4409 Desunt
697 4352 941 4425 quaedam
963 4353 1003 4423 .)

987 4483 1220 4541 SERMO
1252 4484 1442 4543 XVIII.

628 4602 709 4658 De
736 4601 945 4658 senibus
972 4601 1257 4657 inhonestis
1286 4612 1335 4657 et
1363 4603 1798 4672 imprudentibus.

496 4720 666 4775 Eccli.
701 4734 828 4773 xxv.
854 4717 1053 4774 Senem
1079 4718 1388 4774 adulterum
1414 4719 1693 4776 intellectu
1718 4733 1996 4780 carentem

426 4829 492 4869 ex
525 4812 712 4867 animo
739 4810 852 4865 odi.

496 4901 526 4955 1
554 4899 678 4957 Cor.
713 4916 825 4955 τιν.
864 4897 1108 4966 Fratres,
1155 4914 1225 4954 ne
1269 4900 1391 4957 sitis
1437 4903 1636 4973 puerili
1664 4914 1861 4972 mente,
1905 4908 2000 4962 sed

428 4991 580 5046 vitiis
613 5004 815 5060 pueros
844 4988 1162 5054 imitamini,
1196 4999 1253 5044 at
1315 4998 1499 5046 mente
1533 4991 1756 5062 perfecti
1801 5005 1997 5051 estote.

501 5078 665 5135 Hebr.
691 5096 746 5136 ν.
778 5080 938 5135 Tardi
967 5080 1095 5135 facti
1145 5081 1282 5136 estis
1312 5080 1380 5135 ad
1406 5083 1755 5141 audiendum.
1785 5086 1997 5143 Etenim

426 5172 517 5243 qui
548 5179 765 5241 propter
822 5173 1234 5228 diuturnitatem
1271 5175 1533 5243 temporis
1564 5176 1831 5234 debuistis
1874 5195 1997 5236 esse

427 5263 696 5334 magistri,
731 5277 922 5318 rursus
952 5264 1173 5318 doctore
1206 5263 1402 5334 egetis,
1429 5265 1520 5336 qui
1551 5281 1646 5322 vos
1671 5269 2001 5342 doceatquae

434 5358 546 5412 sint
574 5354 893 5409 divinorum
937 5356 1283 5409 oraculorum
1317 5358 1587 5427 principia
1621 5369 1677 5415 et
1705 5361 1996 5430 elementa,

425 5448 672 5516 talesque
705 5445 839 5499 estis
877 5444 972 5514 qui
1028 5444 1172 5499 lacte
1199 5446 1432 5515 egeatis,
1483 5463 1588 5503 non
1621 5449 1786 5504 etiam
1820 5453 1997 5508 solido

425 5537 551 5593 cibo
595 5563 607 5592 :
635 5535 890 5607 quisquis
923 5544 1103 5590 autem
1135 5536 1271 5592 lacte
1303 5537 1475 5592 utitur
1496 5538 1724 5608 justitiae
1770 5544 1997 5599 rationis

427 5627 715 5697 imperitus
761 5635 862 5693 est,
897 5625 1042 5696 quod
1076 5641 1209 5696 puer
1254 5629 1349 5682 sit.
1401 5628 1620 5686 Solidus
1663 5647 1790 5686 vero
1836 5633 1993 5691 cibus

424 5728 512 5772 est
563 5720 931 5789 perfectorum
983 5720 1078 5790 qui
1132 5735 1230 5790 per
1274 5720 1523 5776 habitum
1571 5739 1768 5779 sensus
1797 5724 1996 5785 habent

425 5807 751 5866 exercitatos
783 5814 849 5867 ad
880 5811 1299 5869 discernendum
1326 5811 1467 5865 mala
1505 5828 1532 5866 a
1564 5812 1739 5869 bonis.

2113 607 2301 663 τητος.

2187 684 2400 757 Πολλὴν
2444 685 2743 757 εμπειρίαν
2788 685 3079 758 ⁴τῷγρόνῳ
3111 686 3498 758 συνελέξαμεν,
3542 688 3602 752 ἐξ
3625 683 3693 759 ἦς

2116 778 2279 846 σοφία
2305 778 2539 846 γίνεται.

2186 869 2300 940 Οὐχ
2329 869 2531 940 ὡραῖον
2562 871 2708 943 γήρᾳ
2741 871 2950 927 παίδων
2982 871 3300 944 ἀθύρματα.

2187 961 2356 1016 Πολιὰ
2380 963 2440 1015 οὐ
2469 961 2657 1033 τρίχες
2682 963 2895 1028 λευκαὶ,
2926 964 3063 1017 ἀλλά
3093 963 3274 1035 ψυχῆς
3309 965 3503 1036 ἀρετή.

2184 1143 2275 1212 Μὴ
2325 1143 2417 1198 τὸν
2464 1144 2582 1197 νέον
2640 1145 2896 1198 διάϐαλλε
2921 1188 2936 1213 ,
2996 1147 3135 1217 μηδὲ
3183 1146 3277 1200 τὸν
3330 1144 3696 1214 γεγηρακότα

2113 1236 2324 1291 ἐπαίνει
2349 1255 2364 1270 ·
2399 1237 2525 1290 οὔτε
2554 1237 2666 1310 γὰρ
2692 1239 2751 1292 ἐν
2781 1241 2848 1309 τῇ
2876 1238 3115 1311 διαφορᾷ
3142 1239 3243 1309 τῆς
3271 1237 3489 1310 ἡλικίας
3518 1236 3697 1309 ἀρετή

2114 1330 2210 1383 καὶ
2241 1330 2432 1393 κακία,
2469 1329 2586 1384 ἀλλ’
2618 1333 2677 1383 ὲν
2707 1332 2773 1402 τῇ
2803 1331 3038 1402 διαφορᾷ
3065 1332 3163 1399 τῆς
3196 1330 3446 1400 γνώμης.
3670 1380 3679 1387 .

2184 1422 2302 1476 Οὐκ
2347 1422 2491 1477 οἶδεν
2537 1422 2756 1493 ἡλικίας
2805 1423 3070 1493 διαφοράν
3107 1424 3137 1475 6
3164 1422 3272 1476 τῶν
3321 1423 3460 1475 ὅλων
3513 1421 3646 1485 Θιός
3669 1436 3685 1452 ο

2114 1512 2228 1565 ἀλλ’
2279 1511 2564 1568 εὐσέϐειαν
2616 1515 2788 1587 μόνην
2843 1515 2942 1569 καὶ
3000 1512 3279 1584 φιλοθεῖαν
3334 1511 3527 1584 ζητεῖ,
3583 1511 3690 1567 κᾶν

2113 1600 2246 1673 εὕρῃ
2277 1605 2484 1677 ταύτην
2511 1607 2570 1661 ὲν
2599 1606 2725 1676 νέῳ,
2774 1606 2986 1661 πολλῶν
3023 1605 3185 1661 τοῦτο
3228 1605 3523 1677 προτίθησι
3557 1623 3691 1675 πρε·

2114 1695 2273 1750 σϐυτέ
2284 1714 2417 1768 ρων.

2183 1788 2365 1860 Γῆρας
2398 1790 2494 1843 καλ⁸
2524 1789 2686 1845 πενία
2715 1789 2809 1844 δύο
2837 1790 3140 1861 πράγματα
3167 1789 3609 1861 δυσθερῶτευτα.

2193 1965 2252 2019 '0
2299 1964 2531 2038 ἀληθείᾳ
2580 1944 2956 2038 πρεσϐύτερος
3007 1967 3111 2021 οὐκ
3152 1966 3213 2018 ὲν
3261 1965 3431 2037 μήκει
3458 1963 3680 2037 χρόνου,

2108 2057 2225 2112 ἀλλ’
2255 2059 2314 2113 ιν
2345 2057 2622 2130 ἐπαινετῷ
2650 2059 2746 2114 καὶ
2774 2060 2966 2131 τελείῳ
2995 2058 3095 2130 βίῳ
3128 2058 3436 2130 θεωρεῖται.

2177 2235 2333 2291 Μετὰ
2382 2235 2475 2289 τδν
2523 2237 2584 2291 ὲν
2635 2238 2850 2309 νεότητι
2901 2235 3204 2308 πρακτικὸν
3235 2236 3353 2307 βίον
3388 2239 3418 2291 6
3448 2238 3507 2291 ἐν
3536 2238 3683 2309 γήρα.

2109 2329 2441 2401 θεωρητικὸς
2491 2329 2605 2401 βίος
2655 2330 2880 2399 ἄριστος
2934 2331 3032 2385 καὶ
3084 2331 3381 2401 ἱερώτατος
3411 2346 3427 2361 ·
3478 2330 3539 2385 δν
3592 2328 3685 2387 οἷα

2108 2422 2452 2494 κυϐερνήτην
2498 2423 2883 2493 παραπέμψας
2928 2425 2958 2476 6
3005 2423 3161 2487 Θεὸς,
3203 2425 3508 2495 ἐνεχείρισε
3555 2425 3681 2490 τοὺς

2107 2515 2320 2582 οἴακας,
2371 2514 2448 2579 ὡς
2502 2514 2689 2567 ἱκανὸν
2720 2514 3104 2585 πηδαλιουχείν
3133 2515 3202 2570 τὰ
3235 2516 3479 2585 intrata:
3509 2516 3681 2586 χωρὶς

2107 2607 2215 2679 γὰρ
2244 2607 2479 2678 θεωρίας
2502 2608 2939 2678 ὲπιστημονικῆς
2968 2609 3120 2663 οὐδὲν
3146 2607 3256 2663 τῶν
3283 2609 3683 2680 πραττομένων

2109 2701 2296 2755 καλόν.

2193 2880 2371 2934 Ἀκιθεί
2405 2880 2541 2951 πρὸς
2576 2880 2889 2954 ἐπιστήμην
2922 2880 3094 2953 ψυχὴ,
3121 2881 3285 2936 ὁπότε
3318 2882 3385 2937 ἐκ
3430 2880 3527 2937 τοῦ
3579 2881 3681 2937 σώ-

2111 2986 2281 3039 ματος
2311 2971 2488 3040 ἀκμαὶ
2517 2972 2710 3043 χρόνου
2749 2972 2918 3045 μήκει
2950 2971 3337 3043 μαραίνονται.

2179 3147 2315 3219 Θρὶξ
2341 3149 2752 3220 λελευκασμένη
2783 3149 2884 3222 τὴν
2913 3148 3166 3204 ἐντεῦθεν
3198 3148 3300 3220 τῆς
3327 3148 3511 3223 ψυχῆς
3546 3151 3680 3204 ἀπο-

2036 3234 2082 3296 C
2111 3237 2313 3309 δημίαν
2346 3238 2444 3310 βοᾷ
2470 3243 2563 3295 καὶ
2595 3241 3050 3313 διαμαρτύρεται.

2181 3329 2322 3384 Οὔτε
2354 3333 2500 3386 πάνυ
2532 3333 2681 3404 γήρᾳ
2712 3333 3112 3407 θαρῤεῖνωῠτε
3140 3326 3372 3405 νεότητα
3403 3335 3511 3406 χρὴ
3542 3351 3680 3388 παν-

2107 3423 2347 3478 τάπασιν
2381 3425 2831 3497 ἀποδοκιμάζειν.
2871 3427 2990 3481 Ἐνι
3037 3430 3167 3498 γὰρ,
3199 3425 3379 3498 οἶμαι,
3430 3428 3528 3482 καὶ
3575 3444 3682 3481 σω-

2108 3519 2329 3588 φρονεῖν
2372 3518 2472 3591 τὴν
2523 3520 2776 3590 νεότητα,
2804 3521 2900 3576 καὶ
2932 3520 3106 3592 γῆρας
3141 3521 3406 3588 πολλάκις
3448 3540 3553 3576 που
3585 3520 3681 3574 τοῦ

2108 3606 2444 3676 καθήκοντος
2472 3609 2717 3680 ἀμελεῖν.

2194 3700 2252 3754 '0
2291 3701 2391 3770 μὲν
2439 3700 2646 3774 χειμὼν
2703 3703 2936 3771 σκέπης,
2994 3703 3055 3759 τδ
3102 3702 3159 3758 δὲ
3211 3704 3392 3777 γῆρας
3439 3704 3678 3767 ἀλυπίας

2106 3792 2295 3848 δεῖται.

2132 3970 2137 3973 1
2178 3887 2359 3941 Σόλων
2402 3888 2466 3941 τὺ
2504 3890 2682 3960 γῆρας
2727 3888 2914 3959 ἔλεγεν
2962 3890 3134 3962 ὅρμον
3183 3885 3324 3945 εἶναι
3352 3889 3563 3953 κακῶν,
3597 3887 3675 3949 εις

2105 3977 2271 4032 αὐτὸν
2304 3978 2434 4047 γοῦν
2464 3981 2640 4034 πάντα
2671 3980 3031 4050 καταφεύγει.

2187 4070 2415 4141 Ἡδονῆς
2446 4074 2474 4125 6
2513 4072 2615 4143 μὲν
2649 4071 2973 4143 εἰργόμενος
3000 4073 3161 4141 σοφός
3182 4089 3199 4106 ο
3233 4076 3261 4127 6
3289 4075 3345 4129 δὲ
3378 4076 3457 4149 μὴ
3484 4076 3670 4147 δεόμε-

2105 4180 2193 4227 νος
2227 4164 2499 4235 μακάριος
2520 4181 2536 4198 ο
2570 4163 2631 4218 τὸ
2658 4163 2716 4218 δὲ
2740 4163 2922 4237 γῆρας
2949 4165 3089 4236 πρὸς
3116 4165 3429 4239 ἀμφότερα.

2705 4480 2921 4536 ΛΟΓΟΣ
2965 4482 3073 4538 IH'.

2028 4568 2077 4626 θ
2153 4593 2295 4663 Περὶ
2324 4596 2619 4664 γερόντων
2647 4597 2717 4653 ἐν
2745 4600 2923 4669 ἀνοιᾳ
2953 4600 3055 4655 καὶ
3085 4601 3265 4669 nam;
3288 4603 3611 4667 βιούντων.

2186 4710 2480 4783 Ἐμίσησεν
2508 4713 2543 4784 ἡ
2572 4711 2721 4785 ψυχή
2772 4730 2875 4783 μου
2909 4717 3142 4783 γέροντα
3186 4716 3401 4786 μοιχὸν,
3425 4716 3663 4773 ἐλαττού-

2105 4819 2264 4875 μενον
2293 4803 2528 4859 σύνεσιν.

2192 4896 2459 4966 Ἀδελφοὶ,
2509 4897 2583 4968 μὴ
2618 4882 2810 4954 παιδία
2852 4900 3075 4969 γίνεσθε
3114 4904 3238 4967 ταῖς
3285 4905 3505 4974 φρεσὶν,
3538 4904 3663 4957 ἀλλὰ

2103 4987 2167 5056 τῇ
2200 4988 2369 5059 κακίᾳ
2397 4988 2715 5057 νηπιάζετε,
2749 4992 2868 5054 ταῖς
2898 4991 2953 5045 δὲ
2989 4993 3152 5063 φρεσὶ
3197 4993 3398 5048 τέλειοι
3434 4995 3660 5064 γίνεσθε.

2173 5077 2393 5148 Νωθροὶ
2418 5081 2680 5149 γεγόνατε
2713 5083 2831 5146 ταῖς
2857 5083 3070 5147 ἀκοαῖς.
3096 5084 3206 5137 Καὶ
3232 5086 3343 5158 γὰρ
3367 5087 3662 5154 ὀφείλοντες

2101 5165 2242 5224 εἶναι
2270 5171 2581 5227 διδάσκαλοι
2615 5173 2702 5229 διὰ
2731 5173 2824 5230 τὸν
2857 5176 3070 5247 χρόνον,
3105 5177 3267 5231 πάλιν
3299 5180 3493 5249 χρείαν
3520 5179 3660 5248 ἔχετε

2100 5262 2197 5316 τοῦ
2243 5262 2597 5318 διδάσκεσθαι
2643 5266 2809 5335 ὑμᾶς,
2846 5268 2971 5321 τίνα
3005 5267 3073 5321 τά
3101 5271 3341 5340 στοιχεῖα
3372 5271 3471 5339 τῆς
3497 5272 3656 5339 ἀρχῆς

2099 5354 2208 5407 τῶν
2239 5354 2435 5425 λογίων
2464 5356 2557 5410 τοῦ
2590 5356 2746 5425 Θεοῦ,
2782 5360 2877 5411 καὶ
2908 5359 3170 5428 γεγόνατε
3220 5362 3415 5430 χρείαν
3460 5363 3660 5431 ἔχοντες

2098 5447 2394 5514 γάλακτος,
2429 5450 2523 5503 καὶ
2549 5450 2609 5503 οὐ
2659 5453 2885 5520 στερεᾶς
2913 5455 3120 5524 τροφῆς
3149 5470 3163 5485 ο
3199 5456 3307 5517 πᾶς
3342 5454 3451 5525 γὰρ
3477 5460 3505 5509 ι’.
3539 5472 3660 5523 μετ-

2099 5537 2238 5607 έχων
2272 5539 2545 5607 γάλακτος
2586 5540 2814 5611 ἄπειρος
2856 5543 3015 5613 λόγου
3063 5545 3413 5617 δικαιοσύνης
3439 5563 3454 5578 ο
3479 5554 3659 5618 νήπιος

2097 5631 2207 5701 γάρ
2237 5632 2372 5686 ἐστι.
2406 5633 2642 5688 Τελείων
2679 5635 2736 5691 δὲ
2772 5638 2805 5707 ἠ
2841 5640 3039 5708 στερεά
3070 5642 3267 5710 τροφὴ,
3298 5638 3410 5695 τῶν
3455 5640 3544 5693 διὰ
3568 5638 3656 5706 τὴν

2098 5722 2213 5789 ἕξιν
2264 5727 2333 5777 τὰ
2379 5725 2712 5798 αἰσθητήρια
2765 5735 3197 5802 γεγυμνασμένα
3253 5733 3487 5804 ἐχόντων
3535 5731 3657 5803 πρὸς

2098 5818 2372 5874 διάκρισιν
2407 5819 2576 5874 καλοῦ
2614 5839 2667 5874 τε
2708 5826 2796 5875 καὶ
2839 5822 3033 5877 κακοῦ.
