3992 6252
288 319 420 384 1057

1146 313 1313 374 LOCl
1353 309 1888 374 COMMUNES.—
1927 309 2122 371 PARS
2163 309 2250 371 II.
2292 309 2552 370 SERMO
2587 312 2749 372 XIX.
2798 328 2801 331 '

3396 307 3534 370 1058

358 429 617 500 Διαφέρει
665 427 760 481 τοῦ
804 425 1003 497 νηπίου
1043 423 1163 480 καθ’
1195 422 1414 494 ἡλικίαν
1463 421 1617 476 οὐδὲν
1663 422 1692 475 6
1740 419 1862 483 ταῖς
1891 424 1920 482 Δ

2036 417 2096 472 8.
2133 417 2343 474 Basilii.
2379 417 2522 472 Nihil
2565 420 2797 474 interest
2829 417 2970 473 inter
3001 428 3214 474 aetatem
3273 422 3539 490 puerilem

287 541 451 595 φρεσι
486 521 792 593 νηπιάζων.

356 615 488 670 Οίδόι
517 633 674 678 τινας
707 616 765 667 ὲν
802 629 1015 684 νεοτητι
1064 611 1202 683 πρὸς
1243 610 1314 663 τά
1347 609 1445 680 τῆς
1481 611 1684 680 σαρκὸς
1711 606 1863 678 πάθη

287 709 811 775 κατολισθήσαντας,
839 708 931 760 καὶ
964 706 1129 775 μέχρι
1159 704 1353 765 πολιᾶς
1385 703 1554 771 αὐτῆς
1583 701 1669 754 διὰ
1702 700 1867 771 συνή-

289 801 441 853 θειαν
471 799 565 851 τοῦ
601 797 773 852 κακοῦ
809 798 928 858 ταῖς
957 797 1258 866 ἁμαρτίαις
1291 793 1768 864 παραμείναντας.

359 890 598 960 Αίσχρὸν
625 890 724 959 τὴν
759 889 858 958 μὲν
887 889 1107 956 ἡλικίαν
1151 886 1541 958 παρακμάσαι,
1581 884 1656 953 μὴ
1687 900 1867 966 παρα-

291 984 503 1055 κμάσαι
537 983 592 1037 δὲ
625 983 728 1052 τὴν
754 982 1066 1048 ἀσέλγειαν.

364 1073 690 1126 Παιδεύεταί
721 1089 772 1125 τι
803 1072 898 1125 καὶ
940 1072 1126 1136 πολιὰ,
1154 1073 1253 1126 καὶ
1289 1071 1348 1124 οὐ
1384 1068 1549 1124 παντὶ
1578 1068 1638 1122 τὸ
1667 1067 1865 1138 γῆρας,

294 1168 368 1229 ὡς
403 1165 600 1229 ἔοικεν,
636 1166 717 1228 είς
751 1164 968 1218 σύνεσιν
997 1163 1336 1232 ἀξιόπιστον.

371 1352 542 1405 Ὅταν
577 1345 673 1404 οὖν
705 1349 804 1404 καὶ
853 1349 1039 1420 γέρων
1088 1348 1157 1402 τὰ
1196 1348 1448 1418 νεότητος
1496 1347 1649 1416 νοσῇ,
1699 1347 1869 1416 ὑπερ-

300 1444 432 1513 ϐολὴ
476 1444 678 1506 κακίας
724 1441 842 1494 ἐστί
868 1457 882 1473 ⁸
936 1441 1028 1494 καὶ
1059 1441 1181 1494 οὐδὲ
1212 1442 1270 1492 ὲν
1300 1442 1514 1508 νεότητι
1549 1431 1704 1500 οὗτος
1739 1439 1874 1490 ἀπο-

300 1537 489 1604 λογίαν
518 1536 629 1605 ἔχει
655 1550 668 1562 ·
701 1535 762 1586 οὐ
793 1538 902 1600 γὰρ
930 1532 1153 1594 δυνατὸς
1187 1531 1390 1598 λέγειν*
1435 1530 1736 1598 Ἀμαρτίας
1765 1528 1878 1581 νεό-

299 1628 465 1696 τητός
499 1630 601 1696 μου
633 1627 727 1679 καὶ
758 1625 982 1693 ἀγνοίας
1011 1641 1113 1692 μου
1153 1625 1226 1693 μὴ
1271 1623 1539 1693 μνησθῇς.
1575 1623 1664 1689 Μὴ
1697 1622 1880 1673 τοίνυν

302 1721 390 1773 διά
433 1719 539 1773 τῶν
584 1720 640 1770 ἐν
675 1721 822 1788 γήρᾳ
857 1716 1165 1786 γινομένων
1213 1716 1599 1788 ἀποστερήσῃς
1654 1714 1880 1766 σεαυτὸν

1971 514 2027 561 et
2060 515 2295 561 mentem
2329 522 2529 575 pueros
2559 507 2889 566 imitantem.

2043 596 2176 651 Novi
2230 598 2494 666 quosdam
2527 599 2620 669 qui
2671 615 2796 654 cum
2848 601 2899 654 in
2930 601 3217 670 juventute
3265 601 3320 656 in
3363 605 3546 658 carnis

1975 687 2100 742 vitia
2133 689 2372 759 prolapsi
2406 699 2611 753 essent,
2644 691 2696 745 in
2723 693 2804 747 eis
2837 704 3060 762 propter
3087 693 3545 750 consuetudinem

1973 783 2038 834 ad
2073 796 2240 836 canos
2271 797 2441 850 usque
2467 796 2890 851 perseverarunt

2045 871 2314 943 Theologi.
2348 871 2530 942 Turpe
2569 883 2652 928 est
2681 877 2859 931 aetatis
2907 876 3146 948 vigorem
3184 875 3549 940 deferbuisse,

1967 963 2256 1020 lididinem
2285 973 2476 1019 autem
2512 981 2620 1021 non
2656 967 3020 1025 deferbuisse.

2046 1055 2106 1111 S.
2151 1057 2425 1128 Chrysost.
2480 1057 2646 1114 Discit
2699 1060 2902 1130 aliquid
2953 1064 3115 1117 etiam
3163 1063 3413 1128 canities,
3452 1073 3552 1114 nec

1976 1147 2221 1215 cujusvis
2255 1157 2514 1204 senectus
2547 1149 2853 1220 prudentia:
2878 1153 3014 1208 satis
3045 1161 3206 1208 nacta
3231 1170 3350 1209 esse
3375 1154 3551 1210 videri

1978 1241 2165 1295 debet.

2059 1332 2216 1402 157
2247 1329 2306 1385 S.
2338 1330 2615 1404 Clrrysosi.
2674 1335 2814 1406 Ergo
2845 1351 2968 1391 cum
3006 1351 3170 1391 senex
3216 1337 3403 1392 iisdem
3431 1337 3556 1405 qui-

1985 1426 2084 1480 btis
2119 1426 2379 1495 juventus
2404 1430 2605 1485 morbis
2643 1428 2874 1496 laborat,
2909 1429 3205 1482 maximum
3231 1429 3421 1483 vitium
3450 1438 3556 1493 est,

1986 1531 2049 1570 ac
2085 1535 2152 1572 ne
2183 1521 2249 1575 de
2294 1523 2579 1590 juventutc
2641 1521 2860 1589 quidem
2904 1521 3315 1573 excusationem
3373 1518 3558 1582 habet,

1988 1623 2165 1679 neque
2198 1619 2339 1666 enim
2380 1611 2466 1666 illa
2505 1621 2680 1680 potest
2721 1612 2940 1669 dicere:
2974 1610 3203 1666 Peccata
3251 1610 3561 1680 juventutis

1991 1717 2123 1756 mem
2145 1714 2198 1758 et
2226 1705 2592 1773 ignorationcs
2623 1722 2768 1760 meas
2803 1723 2868 1760 ne
2921 1705 3260 1761 memineris.
3295 1701 3431 1757 Vide
3464 1702 3562 1771 igi-

306 1810 402 1862 καὶ
430 1809 528 1876 τῆς
561 1808 667 1860 τῶν
687 1778 1042 1878 sibimet
1073 1778 1493 1877 ἁμαρτημάτων
1527 1778 1878 1875 συγγνώμης.
1913 1779 1920 1832 J

2028 1809 2076 1847 ll‘
2103 1811 2168 1849 ne
2204 1809 2424 1867 propter
2453 1799 2644 1853 senilia
2680 1799 2820 1853 facta
2847 1798 3172 1869 juvenilium
3204 1806 3560 1868 peccatorum

377 1988 519 2050 Τοὺς
547 1987 722 2041 αίῶνα
767 1986 939 2040 πολὺν
980 1985 1283 2056 τρίψαντας
1313 1987 1370 2040 ἐν
1415 1988 1482 2056 τῇ
1521 1985 1660 2057 μετά
1695 1987 1884 2055 σῶμα·

306 2095 400 2141 τος
431 2077 545 2150 ζωῇ
591 2077 717 2147 δίχα
767 2078 1199 2145 καλοκαγαθίας,
1247 2078 1638 2148 πολυχρονίους
1687 2077 1885 2140 παῖδας

307 2173 552 2238 λεκτέον,
597 2170 899 2242 μαθήματα
942 2169 1137 2236 πολιᾶς
1170 2170 1298 2235 ἄξια
1339 2171 1612 2241 μηδέποτε
1658 2171 1881 2224 παιδευ-

311 2261 529 2324 θέντας.

385 2354 566 2424 Μέχρι
595 2353 740 2418 τίνος
765 2353 930 2425 ἡμεῖς
959 2355 1010 2407 οί
1037 2355 1296 2424 γέροντες
1322 2353 1402 2407 ἔτι
1448 2355 1642 2419 παῖδές
1674 2357 1847 2426 ἐσμεν
1865 2395 1882 2423 ,

311 2451 384 2503 τὰ
421 2449 521 2519 μὲν
550 2449 780 2520 σώματα
804 2450 1002 2521 χρόνου
1037 2450 1204 2520 μήκει
1229 2451 1471 2520 παλαιοὶ,
1501 2453 1600 2516 τάς
1623 2452 1680 2506 δὲ
1710 2452 1888 2524 ψυχὰς

315 2543 410 2597 ὑπ’
436 2541 795 2614 ἀναισθησίας
832 2543 1029 2614 κομιδῆ
1061 2543 1247 2614 νήπιοι
1272 2561 1288 2611 ;

389 2727 575 2798 Γέρων
604 2726 852 2797 ἀνόητος,
877 2723 1066 2797 ὥσπερ
1103 2725 1309 2797 τρίϐων
1340 2726 1592 2792 παλαιὸς,
1625 2728 1706 2790 είς
1735 2725 1892 2781 οὐδέν

317 2821 469 2875 ἔστιν
499 2818 740 2884 εὔθετος.

389 2912 649 2980 Διογένης
694 2909 820 2964 ίδὼν
854 2895 1031 2982 γραῦν
1061 2908 1571 2979 καλλωπιζομένην,
1604 2903 1759 2963 εἶπεν
1780 2927 1797 2942 ο
1832 2909 1894 2962 Εἰ

323 3006 423 3075 μὲν
450 3005 584 3074 πρὸς
614 3003 739 3065 τοὺς
770 3004 1003 3068 ζῶντας,
1036 3002 1410 3074 πεπλάνησαι·
1441 3003 1489 3057 εί
1520 3002 1576 3058 δὲ
1601 3002 1740 3073 πρὸς
1767 3003 1894 3067 τοὺς

321 3098 576 3166 νεκροὺς,
606 3096 681 3167 μὴ
711 3095 939 3165 βράδυνε
952 3132 965 3147 .

397 3189 555 3242 Ἔστι
581 3205 685 3242 που
713 3188 934 3249 σύνεσις
967 3186 1130 3250 νέων,
1154 3185 1250 3238 καὶ
1279 3183 1552 3254 γερόντων
1592 3183 1892 3238 ἀσυνεσία·

322 3285 518 3354 χρόνος
567 3282 676 3350 γὰρ
711 3282 774 3334 οὐ
819 3279 1062 3333 διδάσκει
1093 3277 1379 3348 φρόνησιν,
1411 3277 1549 3332 ἀλλά
1597 3279 1764 3348 φύσις
1795 3276 1895 3330 καὶ

322 3375 464 3448 ὀρθὴ
493 3375 693 3430 δίαιτα.
1565 3366 1571 3382 ’⁴

924 3461 1144 3515 ΛΟΓΟΣ
1197 3461 1300 3516 ΙΘθ.

344 3557 488 3625 Περὶ
522 3556 678 3610 νέων
709 3555 946 3621 παιδείᾳ
985 3560 1083 3608 καὶ
1112 3554 1365 3608 συνέσει
1400 3554 1856 3624 κοσμουμένων.

412 3652 473 3704 '0
509 3650 565 3704 δὲ
606 3647 813 3718 Ἰησοῦς
866 3646 984 3700 υίοῦ
1032 3646 1194 3716 Ναυῆ
1234 3647 1354 3711 νέος
1389 3647 1490 3700 οὐκ
1542 3646 1900 3701 ἐβεποοεύετο

328 3743 394 3795 ἐκ
421 3739 519 3808 τῆς
548 3738 749 3807 σκηνῆς
778 3737 872 3790 τοῦ
905 3737 1232 3807 μαρτυρίου.

403 3913 514 3968 Καί
538 3928 625 3979 γε,
645 3908 908 3980 νεώτερος
936 3905 1088 3977 ὑμῶν
1116 3905 1212 3972 ὢν,
1233 3907 1334 3960 οὐκ
1356 3907 1471 3976 εἰμὶ
1500 3905 1903 3976 ἀσυνετώτερος

331 4003 508 4072 ὐμῶν.
543 4000 825 4070 Νεώτερος
861 3999 961 4069 μέν
999 4001 1115 4068 εἰμι
1159 3998 1239 4068 τῷ
1271 3999 1468 4068 χρόνῳ,
1501 3999 1661 4069 ὑμεις
1692 3999 1748 4052 δέ
1779 4002 1905 4052 ἐστε

331 4092 701 4163 πρεσϐύτεροι
727 4107 743 4123 ο
796 4089 876 4142 διδ
937 4088 1184 4156 ἡσύχασα
1212 4127 1228 4153 ,
1263 4089 1522 4157 φοϐηθεὶς
1585 4087 1906 4155 ἀναγγεῖλαι

334 4188 466 4256 ὑμῖν
523 4185 623 4253 τὴν
677 4182 870 4235 ἑαυτοῦ
923 4181 1255 4250 ἐπιστήμην.
1302 4177 1443 4232 Εἷπα
1492 4179 1569 4245 δὲ,
1618 4181 1700 4233 ὄτι
1735 4181 1831 4251 οὐχ
1881 4182 1909 4234 ὁ

335 4279 528 4349 χρόνος
561 4275 708 4329 ἐστὶν
736 4277 764 4327 6
793 4272 970 4326 λαλῶν
993 4289 1006 4304 ·
1039 4274 1098 4325 ὲν
1131 4272 1346 4334 πολλοῖς
1380 4271 1440 4324 δὲ
1482 4270 1660 4325 ἔτεσιν
1689 4273 1789 4325 οὐκ
1832 4273 1910 4326 oi-

335 4371 462 4423 δασι
499 4366 690 4435 σοφίαν
713 4381 729 4398 ο
774 4362 912 4418 ἀλλά
940 4361 1160 4432 πνεῦμά
1193 4365 1341 4416 ἐστιν
1392 4365 1450 4415 ὲν
1504 4363 1734 4432 βροτοῖς,
1771 4362 1910 4432 πνοὴ

1991 1888 2148 1941 venia
2186 1898 2237 1942 te
2263 1890 2471 1958 prives.‘

2061 1977 2315 2034 Philonis.
2356 1980 2456 2047 Qui
2501 1982 2728 2036 multum
2771 1981 2870 2037 aevi
2923 1982 3111 2036 invita
3157 1984 3405 2053 corporis
3435 1997 3566 2037 con-

1991 2069 2243 2127 triverint
2293 2073 2413 2127 sine
2448 2075 2554 2125 ulla
2609 2075 2810 2127 virtute
2859 2086 2913 2128 et
2958 2076 3247 2144 probitate,
3277 2091 3372 2131 eos
3420 2074 3566 2144 longi

1991 2165 2254 2232 temporis
2290 2180 2490 2235 pueros
2555 2168 2831 2237 appellare
2877 2168 3023 2229 licet,
3073 2178 3130 2222 ut
3165 2168 3259 2240 qui
3294 2169 3458 2224 nullis
3486 2167 3568 2223 di-

1990 2257 2241 2325 sciplinis
2268 2258 2472 2311 eruditi
2503 2259 2616 2313 sint
2666 2269 2948 2314 senectute
2975 2260 3178 2330 dignis.

2062 2349 2358 2418 Quousque
2389 2350 2606 2405 tandem
2648 2366 2749 2406 nos
2805 2368 2967 2408 senes
3017 2353 3199 2408 adhuc
3249 2353 3405 2422 pueri
3462 2353 3572 2410 eri-

1991 2456 2134 2506 mus,
2164 2443 2485 2512 corporibus
2516 2442 2736 2514 quidem
2777 2453 3001 2514 propter
3037 2446 3302 2518 temporis
3355 2448 3574 2519 longin-

1991 2532 2252 2602 quitatem
2271 2541 2502 2600 veteres,
2522 2535 2718 2589 animis
2737 2545 2915 2590 autem
2936 2545 3160 2606 propter
3174 2537 3574 2608 ignorationem

1991 2636 2044 2680 et
2082 2624 2462 2680 hebetudinem
2491 2626 2780 2682 admodum
2806 2628 3006 2697 pueri?

2065 2715 2367 2771 Plutarchi.
2397 2718 2576 2774 Senex
2603 2720 2824 2783 stultus,
2867 2717 3329 2788 quemadmbdum
3355 2723 3574 2782 lacerna

1977 2816 2228 2875 vetusta,
2259 2808 2393 2864 nulli
2429 2811 2506 2864 rei
2537 2820 2618 2864 est
2642 2822 2823 2880 aptus.

2066 2898 2345 2970 Diogenes.
2367 2901 2655 2972 Diogenes,
2689 2918 2853 2957 anum
2883 2913 3155 2975 comptam
3189 2910 3539 2980 conspicatus
3559 2949 3578 2976 ,

1998 2991 2076 3057 Si,
2108 2992 2310 3062 inquit,
2355 2993 2421 3047 ad
2447 2995 2615 3060 vivos,
2653 2996 2789 3050 falsa
2815 3012 2906 3063 es;
2944 3000 3030 3054 sin
3078 2998 3146 3054 ad
3186 3013 3463 3068 mortuos,
3513 3021 3579 3059 ne

1921 3115 1967 3175 ο
2003 3097 2283 3143 cunctare.

2076 3177 2422 3235 Philemonis.
2458 3179 2824 3252 Reperiuntur
2850 3184 3142 3256 aliquando
3168 3186 3398 3256 juvenes
3423 3201 3581 3258 saga-

2005 3287 2115 3340 ces,
2162 3283 2214 3328 et
2265 3290 2426 3330 senes
2485 3277 2744 3340 hebetes;
2781 3287 2994 3347 tempus
3047 3280 3195 3334 enim
3231 3280 3581 3349 prudentiam

2003 3380 2113 3421 non
2147 3367 2323 3433 docet,
2353 3372 2444 3424 sed
2480 3381 2670 3422 natura
2717 3382 2770 3424 et
2810 3380 2962 3426 recta
3003 3374 3296 3428 institutio.

2427 3457 2659 3515 SERMO
2698 3461 2816 3516 XIX
2861 3461 2962 3534 [αι.
2999 3464 3154 3536 ειη.
3201 3447 3208 3455 ’

2113 3549 2192 3604 De
2214 3550 2496 3620 juvenibus
2539 3555 2838 3609 eruditione
2865 3565 2913 3609 et
2936 3558 3214 3624 prudentia
3251 3559 3476 3617 ornatis.

2078 3640 2244 3696 Num.
2276 3658 2463 3709 xxvtt;
2495 3643 2664 3700 Eccli.
2701 3660 2841 3700 xnvt.
2862 3633 3209 3713 Jesus,Nave
3239 3651 3582 3721 ﬁlius,juve-

2007 3732 2094 3788 nis
2123 3747 2247 3787 cum
2269 3742 2433 3800 esset,
2491 3749 2597 3789 non
2637 3738 3019 3805 egrediebatur
3069 3740 3136 3795 de
3175 3743 3470 3797 testimonii
3505 3753 3588 3797 ta-

2009 3823 2327 3878 bernaculo.

2081 3912 2182 3968 Job
2231 3928 2408 3969 nm.
2448 3915 2559 3970 Etsi
2617 3916 2770 3972 vobis
2811 3932 2930 3972 sum
2969 3918 3197 3988 junior,
3257 3934 3369 3978 non
3403 3930 3583 3979 tamen

2013 4008 2277 4064 hebetior.
2309 4009 2503 4065 Junior
2533 4027 2654 4066 sum
2687 4021 2952 4083 tempore,
2975 4031 3068 4069 vos
3089 4025 3271 4071 autem
3303 4018 3584 4083 seniores;

2012 4103 2198 4171 itaque
2231 4119 2317 4159 me
2362 4105 2652 4170 continui,
2706 4109 2913 4162 veritus
2963 4110 3116 4164 vobis
3159 4113 3435 4182 explicare
3468 4130 3590 4182 quin

2015 4195 2277 4249 sciebam.
2306 4193 2440 4250 Illud
2469 4205 2647 4251 autem
2690 4199 3024 4268 cogitabam,
3055 4211 3269 4272 tempus
3301 4220 3408 4260 non
3439 4206 3591 4275 loqui

2015 4283 2222 4351 solere,
2252 4298 2412 4358 atque
2454 4304 2561 4342 non
2589 4290 2643 4343 in
2684 4290 2868 4347 multis
2902 4294 3060 4349 annis
3083 4295 3215 4349 sciri
3243 4296 3594 4365 sapientiam,

2019 4377 2114 4433 sed
2139 4393 2262 4435 esse
2304 4381 2558 4450 spiritum
2607 4383 2664 4437 in
2709 4385 3053 4457 mortalibus,
3093 4389 3598 4458 aspirationemque

335 4461 396 4514 δὲ
425 4455 868 4528 Παντοκράτορός
907 4455 1054 4507 ἐστιν
1119 4455 1151 4523 ἡ
1200 4453 1530 4507 διδάσκουσα
1562 4471 1650 4525 με.
1697 4454 1770 4508 Οὐ
1802 4455 1910 4524 γὰρ

2028 4468 2417 4540 Dmnipotentis
2468 4488 2590 4529 esse
2640 4489 2758 4542 qua:
2794 4490 2879 4528 me
2933 4455 3163 4543 dooeat;
3232 4495 3404 4548 neque
3446 4483 3594 4533 enim

336 4555 391 4607 oi
442 4548 783 4622 πολυχρόνιοι
814 4551 920 4602 είσι
974 4541 1160 4614 σοφοὶ,
1194 4546 1316 4599 οὐδὲ
1361 4547 1412 4599 οἱ
1447 4549 1699 4618 γέροντες
1737 4549 1911 4602 οῐδασι

337 4644 538 4713 κρίμα.

424 4737 514 4788 Ἐν
560 4735 668 4788 τίνι
709 4730 1051 4804 κατορθώσει
1100 4743 1364 4799 νεωτερος
1405 4730 1509 4802 τὴν
1558 4731 1674 4785 όδδν
1707 4732 1908 4802 αὐτοῦ;

353 4831 443 4882 Ἐν
471 4829 551 4897 τῷ
597 4827 934 4897 φυλάξασθαι
959 4827 1085 4889 τοὺς
1114 4823 1302 4893 λόγους
1335 4839 1450 4877 σου.

415 4923 635 4992 Κόσμος
671 4921 910 4983 νεανίαις
947 4919 1128 4988 σοςρία.

418 5017 751 5086 Εὐφραίνου,
803 5013 1076 5076 νεανίσκε,
1119 5013 1175 5065 ἐν
1217 5011 1451 5081 ἡμέραις
1498 5011 1750 5080 νεότητός
1797 5027 1913 5076 σου,

343 5110 440 5161 καί
470 5107 800 5175 ἁγαθυνάτω
831 5121 890 5157 σε
922 5105 954 5173 ἡ
986 5104 1182 5172 καρδία
1214 5119 1306 5156 σου
1333 5117 1346 5132 ⁸
1379 5103 1473 5155 καὶ
1505 5105 1799 5170 περιπάτει
1861 5102 1918 5152 ὲν

340 5204 484 5264 ὁδοῖς
528 5203 752 5272 καρδίας
789 5217 881 5254 σου
937 5199 1188 5268 ἄμωμος,
1227 5199 1322 5251 καὶ
1379 5199 1435 5249 ἐν
1473 5197 1663 5266 ὁράσει
1715 5196 1918 5264 ὀφθαλ-

348 5295 466 5364 μῶν
500 5310 614 5345 σου·
645 5295 739 5348 καὶ
771 5290 940 5360 γνῶθι
969 5292 1053 5345 ὅτι
1085 5289 1180 5343 ἐπὶ
1211 5289 1346 5341 πᾶσι
1380 5287 1592 5350 τούτοις
1645 5286 1763 5351 ἄξει
1798 5303 1856 5338 σε
1892 5287 1920 5338 6

345 5385 482 5447 Θεὸς
515 5385 595 5447 είς
630 5383 834 5455 κρίσιν.

418 5473 588 5530 Εἶπον
613 5479 661 5529 οί
687 5475 1050 5545 πρεσϐύτεροι
1082 5473 1215 5544 πρὸς
1246 5472 1465 5542 Δανιήλ·
1495 5471 1665 5546 Δεῦρο
1695 5472 1919 5526 κάθισον

348 5571 408 5623 ὲν
444 5569 598 5637 μέσῳ
627 5567 806 5638 ἡμῶν,
851 5566 946 5619 καὶ
998 5562 1334 5632 ἀπάγγειλον
1364 5565 1518 5634 ἡμῖν,
1552 5565 1634 5617 δτι
1669 5581 1750 5618 σοι
1785 5564 1921 5617 ἐδω-

349 5678 446 5714 κεν
478 5661 506 5713 ὁ
537 5661 669 5722 Θεὸς
699 5659 760 5712 τὸ
792 5658 1213 5729 πρεσϐυτέριον.

421 5733 647 5822 Τέκνον,
699 5753 756 5805 ὲν
807 5750 1020 5820 νεότητί
1076 5766 1169 5802 σου
1221 5749 1468 5816 ἐπίλεξαι
1501 5751 1772 5817 παιδείαν,
1822 5750 1922 5804 καὶ

2025 4563 2250 4634 longaevi
2284 4565 2374 4635 qui
2405 4577 2552 4630 sunt,
2585 4566 2748 4620 iidem
2798 4567 3075 4636 sapientes
3104 4581 3252 4633 sunt,
3308 4585 3408 4626 nec
3437 4585 3598 4629 senes

2023 4654 2360 4721 dijudicandi
2392 4657 2657 4709 rationem
2692 4666 2914 4710 norunt.

2095 4746 2209 4809 Qua
2241 4746 2295 4798 in
2333 4762 2388 4799 re
2414 4747 2870 4803 adolescentiores
2900 4749 3020 4804 vitae
3063 4751 3371 4819 institutum
3409 4768 3601 4810 emen-

2025 4836 2261 4890 dabunt?
2291 4836 2348 4890 Si
2381 4838 2489 4892 tuis
2526 4842 2869 4895 sermonibus
2895 4843 3178 4910 parebunt.

2097 4928 2537 4982 Adolescentium
2566 4943 2798 4986 ornatus
2815 4934 3083 5003 sapientia
3105 4946 3209 4990 est.

2098 5019 2368 5076 Solomon.
2405 5021 2608 5082 Eccles.
2661 5041 2720 5079 ll.
2758 5025 2888 5079 Dum
2932 5028 3148 5092 juvenis
3192 5043 3278 5095 es,
3315 5029 3518 5096 lmtare,
3552 5039 3608 5087 et

2029 5116 2212 5168 animo
2241 5125 2330 5169 tuo
2355 5116 2682 5186 obsequere,
2732 5119 2980 5172 instituta
3013 5119 3201 5176 cordis
3235 5123 3308 5177 tui
3362 5126 3483 5179 sine
3509 5140 3608 5178 cu-

2023 5204 2220 5274 jusque
2273 5207 2716 5274 reprehensione,
2769 5218 2826 5261 et
2867 5225 2989 5278 quae
3035 5210 3268 5265 viderint
3316 5215 3457 5268 oculi
3504 5215 3604 5274 tui.

2029 5313 2278 5366 sequere.
2314 5297 2420 5352 Sed
2453 5297 2579 5352 illud
2612 5299 2751 5352 scito
2790 5298 2924 5366 fore,
2984 5309 3040 5354 ut
3092 5302 3158 5356 de
3210 5301 3296 5358 his
3355 5303 3606 5361 omnibus

2031 5385 2173 5440 Deus
2197 5395 2250 5440 te
2278 5385 2618 5456 in‘judicium
2655 5395 2810 5440 vocet
2831 5402 3013 5442 suum.

2101 5477 2238 5531 Dan.
2289 5493 2409 5532 xm.
2470 5478 2729 5531 Dixerunt
2764 5481 3008 5535 seniores
3043 5479 3247 5536 Danieli
3277 5499 3290 5533 :
3322 5480 3454 5545 Age.
3479 5490 3579 5532 con

2033 5570 2149 5623 side
2182 5572 2233 5622 in
2282 5569 2459 5622 medio
2501 5582 2770 5634 nostrum,
2811 5587 2876 5627 ac
2908 5572 3122 5626 declara
3158 5571 3315 5626 nobis
3347 5579 3609 5638 quantam

2033 5658 2126 5710 tibi
2157 5656 2381 5712 senilem
2410 5658 2750 5728 prudentiam
2785 5660 3010 5730 largitus
3040 5659 3110 5714 sit
3141 5657 3301 5713 Deus.

2103 5749 2289 5807 Sirach
2321 5767 2394 5809 vr.
2430 5751 2557 5820 Fili,
2586 5753 2638 5808 in
2678 5761 2835 5808 aetate
2870 5749 3098 5820 juvenili
3127 5749 3317 5821 collige
3349 5749 3611 5812 eruditio-
