3992 6252
456 303 595 367 1059

1707 291 2026 355 ΑΝΤΟΝΙΙ
2065 290 2412 357 MELISSA!

3561 294 3695 358 1060

450 437 591 483 nem,
630 426 685 476 et
724 419 877 489 quasi
924 432 1089 474 arans
1134 423 1191 472 et
1237 430 1425 471 serens
1462 414 1529 470 ad
1558 429 1674 471 eam
1705 416 1923 481 accede,
1955 412 2018 469 il-

2142 410 2195 474 li;
2222 410 2491 481 ἀροτριῶν
2520 412 2618 467 καὶ
2647 410 2889 480 σπείρων
2928 408 3191 481 πρόσελθε
3225 410 3363 481 αὐτῇ
3391 425 3407 442 ’
3446 410 3542 462 καὶ
3571 411 3700 466 ἀνά·-

451 513 655 580 liusque
692 510 930 580 optimos
961 507 1170 563 fructus
1205 505 1369 576 158
1396 513 1738 575 exspectato.

520 603 649 670 Fili,
690 601 875 657 ﬂorem
906 598 1080 655 aetatis
1103 607 1207 652 tua:
1242 608 1411 653 tutum
1438 606 1783 652 conservato.

517 694 746 765 Ignatii;
780 691 1069 761 Theophori
1097 690 1195 762 (l).
1229 688 1447 769 Samuel
1473 703 1596 745 cum
1625 691 1803 749 adhuc
1828 704 2026 759 parvus

454 797 621 850 esset,
678 778 868 838 videns
904 792 988 838 est
1042 793 1263 838 vocatus
1298 796 1361 837 ac
1396 781 1450 834 in
1492 780 1882 851 prophetarum
1924 796 2028 835 nu-

455 893 656 932 merum
698 887 1003 944 cooptatus.
1060 876 1245 928 Daniel
1276 875 1453 928 adhuc
1496 872 1714 943 juvenis
1757 890 2025 931 consencs

442 958 719 1040 quosdam
748 970 954 1037 judicio
994 968 1293 1033 damnavit,
1348 981 1556 1038 eosque
1604 983 1714 1023 non
1758 969 2027 1033 seniores,

444 1063 544 1121 sed
580 1061 1135 1130 pcrditeJibidinosos
1158 1076 1279 1115 esse
1326 1061 1741 1116 demonstravit.
1766 1059 2029 1121 Jeremias

450 1168 573 1205 cunt
605 1150 910 1221 juventutis
943 1166 1108 1204 causa
1134 1166 1253 1206 eam
1293 1165 1455 1219 quam
1493 1150 1636 1205 Deus
1666 1150 1719 1204 ei
1754 1150 2028 1215 tradebat,

454 1243 811 1312 prophetanui
869 1242 1204 1310 provinciam
1238 1251 1535 1304 recusaret,
1581 1258 1609 1295 a
1662 1242 1772 1296 Deo
1805 1242 1898 1296 illa
1926 1258 2027 1297 au,

446 1336 533 1409 dit
566 1352 580 1388 :
610 1334 685 1388 Te
714 1333 986 1402 juniorcm
1037 1348 1157 1395 esse
1195 1349 1264 1387 ne
1322 1334 1492 1389 dicito
1523 1351 1538 1400 ;
1574 1335 1641 1389 ad
1674 1348 2028 1403 quosctmque

455 1426 598 1479 enim
634 1422 933 1486 temisero,
973 1421 1356 1490 proﬁcisceris.
1404 1422 1663 1476 Salomon
1713 1431 1891 1477 autem
1939 1422 2032 1476 ille

457 1516 843 1587 sapicnscum
881 1512 1165 1566 duodecim
1228 1514 1450 1568 haberet
1513 1528 1708 1577 annos,
1774 1528 2028 1586 magnam

455 1607 806 1678 quaestionem
850 1605 918 1659 de
978 1604 1320 1675 ignoratione
1374 1606 1661 1660 mulierum
1695 1620 1803 1659 non
1858 1619 2029 1676 agno-

455 1701 721 1757 scentium
800 1712 937 1753 suos
1003 1699 1204 1754 liberos
1270 1697 1612 1769 dijudicavit.
1688 1696 1859 1752 David
1911 1712 2033 1771 pro-

456 1792 617 1863 pheta
673 1789 838 1843 simnl
905 1798 957 1843 et
1014 1804 1110 1843 rex
1159 1789 1607 1844 adolescentulus
1657 1787 1896 1844 adhuca
1930 1788 2029 1842 Sa-
2064 1770 2109 1841 β

454 1884 634 1938 tuuele
660 1884 725 1939 ad
755 1883 998 1937 futurum
1033 1899 1257 1954 regnum
1296 1884 1539 1955 ungitur.

517 1978 546 2030 ι
566 1975 712 2030 Petr.
735 1975 1015 2041 Juniores,
1040 1976 1271 2043 subjecti
1292 1986 1466 2032 estote
1493 1975 1821 2032 senioribus.

526 2064 584 2121 S.
619 2066 823 2121 Basilii.
847 2066 963 2121 Non
995 2068 1137 2122 enim
1168 2076 1324 2123 atate
1349 2066 1585 2134 juvenis,
1615 2065 1710 2123 sed
1744 2066 2036 2138 quianimo

456 2155 777 2225 inperfecto
806 2165 888 2211 est
908 2157 1092 2225 junior
1116 2157 1332 2212 dicitur.

440 2236 449 2243 ’
528 2248 796 2318 Tlteologi.
827 2248 883 2302 Si
918 2249 1043 2319 quis
1064 2250 1284 2318 juvenis
1324 2260 1427 2316 est,
1470 2250 1744 2310 adversus
1772 2252 2037 2324 cupidita-

455 2351 535 2394 tes
557 2351 612 2395 et
673 2342 1107 2410 perturbationes
1151 2339 1306 2396 tortis
1352 2342 1442 2407 sit,
1482 2351 1801 2414 tantumque
1830 2359 1894 2400 ex
1920 2343 2035 2412 ipsa

450 2430 741 2499 juventute
783 2430 1257 2499 capiatntilitatis,
1329 2440 1388 2487 ut
1434 2432 1713 2499 juniorum
1754 2435 2038 2503 perturba-

456 2522 703 2575 tionibus
754 2536 864 2575 non
915 2523 1141 2586 serviat,
1171 2523 1264 2577 sed
1305 2508 1531 2578 senilem
1578 2525 1927 2595 prudentiam
1978 2527 2034 2582 in

458 2613 663 2682 vigenti
704 2629 932 2684 corpore
972 2624 1246 2680 exerceat,
1280 2624 1336 2670 et
1373 2616 1427 2671 id
1462 2616 1568 2672 erit
1595 2617 1768 2687 gratia
1803 2618 2031 2693 dignum

455 2705 683 2773 majore,
714 2719 877 2776 quam
918 2706 1009 2775 qui
1050 2705 1101 2759 in
1137 2706 1397 2778 Olympiis
1434 2718 1792 2766 coronantur.

524 2795 799 2876 Optimum
865 2807 949 2853 est
995 2797 1249 2869 juvenem
1299 2798 1383 2854 vel
1429 2809 1556 2858 ante
1587 2811 1797 2872 tempus
1839 2812 2043 2874 tempe-

453 2899 663 2942 rantem
705 2903 844 2943 csse.

522 2977 744 3034 Juveuis
771 2994 851 3044 es,
883 2989 967 3035 sta
1005 2989 1198 3035 contra
1246 2993 1424 3035 motus
1454 2982 1620 3037 animi
1650 2985 2037 3054 perturbatos;

2131 521 2259 574 μενε
2285 505 2411 567 τοὺς
2443 503 2687 572 ἀγαθοὺς
2719 503 2964 572 καρποὺς
3001 503 3194 571 αὐτῆς.

2200 596 2423 660 Τέκνον,
2453 596 2639 666 ἀκμὴν
2669 595 2885 668 ἡλικίας
2914 612 3007 649 σου
3042 595 3388 665 συντήρησον
3419 595 3660 665 ἀσφαλῆ.

2212 690 2272 741 '0
2304 689 2592 758 Σαμουὴλ,
2628 689 2912 757 παιδάριον
2935 688 3029 755 ὢν,
3064 690 3090 741 ὀ
3120 688 3332 758 βλέπων
3356 688 3584 758 ἐκλήθη,
3612 687 3706 741 καὶ

2127 780 2205 850 τῷ
2249 779 2395 851 χορῷ
2440 781 2547 833 τῶν
2581 780 2877 851 προφητῶν
2925 781 3320 850 ἐγκατελέχθη.
3352 781 3555 850 Δανιὴλ
3587 780 3707 844 νέος

2129 872 2224 933 ὢν,
2261 872 2478 941 ἔκρινεν
2531 874 2899 945 ὀμογέροντάς
2931 890 3107 938 τινας,
3141 871 3324 937 δείξας
3355 872 3578 937 ἐξώλεις
3610 874 3709 925 αὑ-

2129 965 2254 1028 τοὺς
2280 965 2387 1017 ’καὶ
2415 966 2476 1017 οὑ
2532 964 2937 1034 πρεσϐυτέρους
2988 962 3148 1022 εἶναι,
3190 969 3465 1038 Ἱερεμίας
3507 968 3599 1020 διὰ
3645 967 3709 1020 τὸ

2130 1056 2250 1108 νέον
2298 1057 2733 1127 παραιτούμενος
2763 1056 2862 1127 τὴν
2897 1056 3349 1129 ὲγχειριζο,,ιένην
3377 1057 3529 1127 αὑτῷ
3557 1058 3711 1127 παρά

2130 1144 2224 1196 τοῦ
2258 1147 2394 1198 (ε)εοῦ
2444 1148 2803 1216 προφητείαν,
2842 1148 3034 1201 ἀκούει
3062 1165 3075 1178 ·
3118 1169 3137 1200 ι
3184 1150 3277 1217 Μὴ
3310 1150 3456 1215 λέγε,
3495 1149 3709 1202 Nubes-

2135 1240 2227 1307 ρός
2275 1242 2429 1308 εἰμι’
2463 1239 2598 1292 διότι
2648 1241 2786 1308 πρὸς
2827 1243 3037 1303 πάντας
3082 1240 3176 1302 οὓς
3222 1243 3317 1295 ὲὲν
3362 1239 3708 1304 ἐξαποστελῶ

2135 1348 2216 1393 σε,
2270 1329 2535 1402 πορεύσῃ.
2592 1350 2612 1384 ι
2661 1332 2919 1399 Σολομῶν
2965 1332 3021 1385 δὲ
3073 1334 3100 1385 ὀ
3153 1334 3337 1403 σοφὸς,
3376 1332 3706 1385 δυοκαίδεκα

2132 1420 2417 1487 τυγχάνων
2474 1419 2631 1483 ἐτῶν,
2666 1421 2865 1489 συνῆκε
2894 1421 2952 1472 τὸ
2987 1424 3130 1492 μέγα
3162 1422 3263 1492 τῆς
3294 1422 3573 1488 ἀγνωσίας
3603 1418 3713 1474 τῶν

2133 1514 2412 1579 γυναικῶν
2442 1516 2536 1567 ἐπὶ
2561 1517 2673 1577 τοῖς
2705 1517 2987 1587 σφετέροις
3014 1518 3228 1580 τέκνοις
3248 1517 3490 1587 ζήτημα.
3521 1515 3710 1581 Δαυῗδ,

2133 1607 2161 1658 ὀ
2210 1607 2496 1677 προφήτης
2534 1606 2669 1677 ὁμοῦ
2706 1609 2800 1660 καὶ
2846 1609 3123 1678 βασιλεὺς,
3156 1610 3444 1681 μειράκιον
3496 1609 3712 1680 χρίεται

2138 1700 2243 1752 ὑπὸ
2271 1699 2529 1770 Σαμουὴλ
2560 1701 2638 1761 εἰς
2673 1700 2926 1769 βασιλέα.

2204 1973 2501 2043 Νεώτεροι,
2529 1973 2842 2043 ὑποτάγητε
2874 1973 3292 2045 πρεσϐυτέροις.

2206 2067 2283 2121 Οὐ
2325 2067 2433 2137 γὰρ
2463 2067 2562 2135 τὴν
2593 2067 2810 2135 ἡλικίαν
2848 2070 2987 2135 νέος,
3018 2068 3134 2127 ἀλλ’
3161 2070 3191 2123 ό
3222 2067 3323 2139 τὴν
3351 2067 3535 2139 ψυχὴν
3570 2068 3698 2123 ξιτε-

2137 2159 2252 2229 λὴς,
2288 2159 2550 2231 νεώτερος
2579 2160 2819 2230 λέγεται.

2207 2251 2347 2313 Νέος
2387 2252 2466 2314 τίς
2496 2254 2645 2319 sort;
2683 2255 2824 2307 κατά
2856 2254 2963 2306 τῶν
2993 2252 3179 2307 παθῶν
3217 2251 3574 2323 άνδριζέσθω.
3608 2253 3709 2306 καὶ

2137 2341 2390 2396 τοσοῦτον
2421 2345 2748 2400 ἅπολαυέτω
2780 2346 2878 2408 τῆς
2910 2344 3183 2415 νεότητος,
3218 2346 3282 2398 τὸ
3316 2344 3397 2414 μὴ
3421 2343 3708 2412 νιωτάρων

2139 2434 2369 2502 παθεῖν,
2413 2437 2547 2493 ἀλλὰ
2610 2439 2985 2511 πρισδυτικὴν
3057 2439 3320 2511 φρόνησιν
3367 2438 3428 2491 ἐν
3484 2437 3711 2507 ἀκμαίῳ

2139 2526 2216 2594 τῷ
2270 2529 2482 2600 σώματι
2532 2530 2868 2598 ὲξασκείτω,
2918 2530 3015 2587 καὶ
3064 2533 3226 2603 χάρις
3275 2530 3433 2585 ἕσται
3463 2532 3533 2601 τῇ
3582 2531 3713 2601 νίκι

2141 2621 2303 2675 πλέον
2335 2623 2368 2694 ἢ
2403 2624 2461 2675 ὲν
2491 2622 2810 2693 Ὀλυμπίοις
2843 2624 3296 2696 στεφανούμενοι.

2211 2798 2516 2870 Κράτιστον
2544 2800 2633 2854 τὸν
2662 2801 2781 2857 νέον
2815 2801 2911 2858 καὶ
2939 2802 3047 2874 πρὸ
3079 2800 3231 2872 ὥρας
3256 2802 3591 2871 σωφρονεῖν.

2211 2980 2351 3047 Νέος
2388 2978 2474 3051 εἷς
2508 2985 2826 3055 στῆθικατὰ
2868 2986 2978 3041 τῶν
3022 2985 3250 3043 παθῶν
3303 2986 3446 3058 μετὰ
3470 2987 3571 3058 τῆς
3619 2985 3717 3041 τοῦ

449 3086 576 3128 cum
610 3072 948 3140 baptismatis
1011 3073 1218 3126 auxilio
1252 3072 1301 3126 in
1369 3074 1463 3128 Dei
1492 3075 1662 3130 aciem
1729 3076 1815 3133 fac
1867 3079 2032 3133 adnu-

2143 3073 2520 3147 βαπτίσματος
2569 3080 2888 3152 συμμαχίας
2919 3081 3000 3143 εις
3029 3080 3164 3135 Θεοῦ
3225 3080 3532 3150 παράταξιν
3558 3081 3715 3149 ἀριθ-

452 3164 682 3219 mereris
701 3182 716 3229 ;
735 3173 920 3218 contra
942 3162 1155 3219 Golith
1171 3179 1295 3235 gere
1316 3172 1369 3220 te
1389 3166 1634 3235 fortiter;
1658 3183 1880 3225 assume
1895 3171 2032 3226 mille

2149 3166 2391 3239 μήθητι·
2449 3169 2772 3240 ἀρίστευσον
2824 3174 2968 3227 κατὰ
3015 3172 3109 3226 τοῦ
3158 3171 3389 3227 ιὀλιάθι
3438 3172 3574 3228 λάϐε
3619 3176 3720 3236 τὰς

450 3264 549 3309 aut
576 3256 763 3311 decem
798 3253 1015 3310 millia:
1050 3256 1118 3311 ad
1171 3256 1318 3312 hunc
1359 3256 1578 3313 modqu
1635 3259 1868 3316 fructum
1919 3276 2042 3333 per-

452 3346 618 3416 cipito
648 3345 908 3417 juventa.

523 3437 823 3493 Plutarchi.
852 3437 1180 3494 Plutarchus
1199 3438 1424 3510 juvenes
1457 3439 1775 3497 hortabatur
1804 3451 1863 3497 ut
1923 3444 2039 3499 haec

450 3529 556 3584 tria
598 3529 798 3584 habere
831 3540 1087 3585 curarent
1130 3546 1145 3584 :
1184 3532 1234 3584 in
1277 3531 1460 3585 animo
1491 3536 1928 3603 temperantiam,
1970 3537 2028 3595 in

453 3619 639 3689 lingua
669 3619 969 3687 silentium,
1007 3623 1059 3677 itt
1094 3637 1191 3677 ore
1223 3630 1404 3676 autent
1436 3622 1728 3693 pudorem.

881 3732 1113 3790 SERMO
1153 3734 1249 3789 xx
1282 3734 1383 3808 [αι.
1424 3734 1609 3808 cur].

456 3821 531 3879 Dc
543 3822 828 3895 juvenibus
855 3828 908 3881 in
942 3828 1373 3952 imprudentjobet
1401 3829 1729 3898 ignoratione
1760 3830 1920 3886 vitam
1950 3832 2040 3888 do-

1106 3910 1241 3952 aentt
1270 3914 1284 3949 t
1322 3913 1406 3952 us.

1104 3910 1406 3968 gentilibus.

521 3983 617 4040 ΙΙΙ
654 3982 781 4058 Reg.
810 4003 904 4041 xu.
933 3986 1260 4043 Deliberavit
1289 3987 1530 4044 Roboam
1566 4005 1692 4044 cum
1721 3992 2038 4049 adolescem

446 4077 579 4132 tulis
600 4080 903 4145 aequalibus
927 4079 1063 4142 suis,
1085 4082 1176 4149 qui
1204 4078 1631 4134 cireumstabaut
1656 4081 1803 4135 illum
1829 4098 1843 4136 ε
1872 4082 2033 4149 Quid,

451 4169 649 4237 inquit,
683 4170 815 4222 mihi
836 4170 1143 4232 consulitis,
1170 4178 1230 4224 ut
1261 4173 1620 4239 respondeam
1658 4173 1785 4228 huic
1812 4176 2031 4243 populo,

440 4269 504 4314 et
542 4260 650 4315 illis
673 4261 765 4328 qui
808 4261 912 4314 hac
955 4260 1204 4314 oratione
1238 4262 1380 4330 apud
1409 4276 1493 4316 me
1523 4274 1745 4317 utentur
1771 4283 1788 4317 :
1820 4264 2028 4337 Iugum

2142 3261 2413 3331 χιλιάδας,
2457 3262 2491 3335 ἢ
2537 3265 2635 3327 τὰς
2685 3264 2978 3335 μυριάδας.
3010 3264 3171 3320 Οὕτω
3206 3266 3303 3336 τῆς
3333 3266 3552 3335 ἡλικίας
3581 3268 3718 3320 άπά-

2142 3355 2242 3409 λαυ
2250 3372 2360 3410 σον.
2402 3352 2409 3357 ’

2215 3448 2560 3519 Πλούταρχος
2594 3449 2995 3520 παρεκελεύετο
3025 3453 3140 3514 τοῖς
3174 3452 3341 3516 νέοις,
3376 3455 3504 3523 τρία
3534 3453 3705 3507 ταῦτα

2141 3541 2284 3615 ἔχειν
2317 3555 2331 3571 ’
2380 3540 2472 3593 ἐπὶ
2507 3542 2607 3609 μὲν
2635 3541 2736 3611 τῆς
2789 3543 3014 3614 γνώμης
3054 3545 3373 3614 σωφρονεῖν,
3406 3546 3499 3598 ἐπὶ
3525 3544 3581 3598 δὲ
3605 3546 3705 3616 τῆς

2141 3632 2392 3702 γλώσσης
2425 3633 2611 3700 σιγὴν,
2645 3634 2737 3686 ἐπὶ
2764 3634 2820 3687 δὲ
2848 3634 2945 3689 τοῦ
2973 3634 3270 3706 προσώπου
3300 3635 3452 3691 αίδῶ.

2744 3743 2967 3798 ΛΟΓΟΣ
3014 3746 3100 3801 ις’.

2204 3827 2342 3898 Περὶ
2371 3831 2525 3884 νέων
2551 3831 2622 3886 ἐν
2652 3832 2972 3907 ἀφροσύνῃ
3006 3839 3105 3893 καὶ
3132 3841 3348 3910 ἀγνοίᾳ
3383 3839 3637 3902 ζώντων.

2208 3986 2675 4045 Συνεὸουλεύσατο
2737 3992 2978 4064 Ῥοϐοάμ
3039 3999 3179 4063 μετὰ
3242 3998 3352 4052 τῶν
3406 4000 3706 4070 παιδαρίων

2137 4077 2244 4131 τῶν
2294 4081 2680 4151 ἑκτραιρέντων
2720 4084 2841 4155 μετ’
2877 4087 3066 4152 αὐτοῦ,
3119 4088 3230 4141 τῶν
3278 4093 3705 4163 παρεστηκότων

2136 4169 2242 4239 πρδ
2275 4172 2566 4238 προσώπου
2596 4175 2784 4242 αὐτοῦ,
2815 4178 2940 4231 ἐπεὶ
2991 4176 3144 4235 εἶπεν
3174 4182 3362 4247 αὐτοῖς
3383 4198 3399 4215 ο
3432 4185 3500 4238 Τί
3550 4186 3705 4253 ὑμεῖς

2138 4261 2535 4330 συμϐουλεύετέ
2591 4283 2719 4337 μοις
2760 4272 2856 4324 καὶ
2891 4271 3179 4343 ἀποκριθῶ
3227 4275 3307 4344 τῷ
3357 4277 3476 4345 λαῷ
3528 4279 3700 4349 τούτῳ

442 4351 592 4419 quod
629 4362 780 4420 pater
815 4360 942 4406 tuus
991 4352 1149 4406 nobis
1180 4351 1460 4421 imposuit,
1499 4354 1671 4410 levius
1699 4355 1903 4410 facito?
1946 4358 2027 4413 illi

2142 4353 2228 4406 καὶ
2256 4356 2365 4419 τοῖς
2395 4355 2615 4411 λαλοῦσι
2647 4360 2784 4431 πρός
2809 4376 2901 4431 με’
2929 4364 3205 4432 Κούφισον
3237 4366 3347 4421 ἀπὸ
3374 4369 3472 4421 τοῦ
3498 4370 3703 4433 κλοιοῦ,

452 4416 829 4510 respondent:
864 4439 965 4495 His
988 4441 1194 4508 verbis,
1221 4416 1477 4511 inquiunt
1526 4445 1641 4511 isti,
1686 4448 1887 4516 populo
1943 4465 2029 4505 re.

2142 4440 2191 4500 ιῦ
2238 4416 2439 4502 ἔδωκεν
2480 4452 2509 4503 ό
2552 4416 2738 4523 πατήιρ
2763 4416 2870 4509 icon
2909 4457 3000 4525 ἐφ’
3046 4416 3214 4528 quae.
3270 4461 3380 4513 Καὶ
3436 4416 3704 4533 ἐλάλησαν

443 4533 782 4601 sponde-bis:
811 4531 1057 4589 Parvitas
1089 4549 1207 4588 mea
1246 4534 1434 4589 lumbo
1462 4540 1630 4604 patris
1661 4540 1762 4592 mei
1786 4539 2027 4596 crassior

440 4635 528 4681 est
549 4641 567 4692 ;
591 4636 645 4680 et
672 4640 818 4682 nunc
846 4635 999 4694 pater
1025 4641 1180 4682 meus
1210 4628 1356 4698 gravi
1384 4628 1516 4698 jugo
1534 4629 1684 4684 vobis
1708 4631 2020 4701 imperavit,

442 4736 549 4790 ego
581 4722 800 4791 gravius
855 4720 1132 4789 imponam
1175 4720 1363 4789 vobis;
1403 4732 1560 4791 pater
1614 4738 1775 4778 meus
1804 4724 2025 4797 ﬂagellis

443 4828 543 4870 vos
573 4812 898 4883 castigavit,
923 4824 1024 4884 ego
1053 4826 1150 4868 vos
1181 4813 1562 4882 scorpionibus
1583 4817 1887 4886 castigabo.

508 5073 802 5132 Scholittm.
858 5076 1066 5132 Audaci
1097 5082 1262 5144 atque
1313 5075 1552 5145 superbo
1583 5074 1818 5131 consilio
1863 5076 2022 5144 juve-

436 5183 570 5222 num
614 5168 777 5238 159
814 5171 943 5224 dum
998 5177 1154 5238 paret
1184 5166 1455 5233 Rohoam,
1510 5169 1786 5238 subjectos
1820 5170 1885 5225 ad
1924 5171 2020 5227 de-

435 5260 733 5315 ﬂeiendum
765 5268 818 5313 et
844 5260 1214 5315 rebellandum
1240 5259 1587 5331 praeparavit.

514 5348 678 5406 Prov.
703 5364 839 5404 uti.
869 5350 1110 5405 Stultitia
1134 5364 1370 5421 appensa
1408 5360 1493 5407 est
1538 5351 1691 5406 cordi
1716 5351 2013 5423 juvenum,

433 5445 583 5516 virga
607 5451 791 5497 autem
819 5450 876 5495 et
898 5443 1184 5513 castigatio
1209 5455 1341 5498 sunt
1371 5444 1564 5513 procul
1600 5443 1668 5499 ab
1697 5446 1800 5500 eis.

507 5535 686 5590 Eccle.
727 5548 789 5590 ιι.
824 5529 1088 5587 Iuventus
1116 5541 1171 5587 et
1210 5532 1468 5603 iniquitas
1512 5535 1645 5589 nihil
1696 5534 1843 5593 aliud
1888 5544 2017 5594 sunt

429 5639 591 5695 quam
628 5626 859 5683 vanitas.

502 5739 577 5808 (1)
603 5741 649 5796 ιι
694 5741 854 5812 epist.
888 5741 954 5797 ad
991 5741 1389 5811 Magnesianos.

2127 4536 2266 4615 πρὸς
2298 4538 2462 4594 αὐτὸν
2493 4541 2767 4614 λέγοντες·
2796 4546 2935 4603 Τάδε
2962 4548 3220 4621 λαλήσεις
3250 4552 3327 4621 τῷ
3359 4551 3477 4625 λαῷ
3506 4557 3700 4625 τούτῳ

2140 4629 2204 4690 '[l
2239 4632 2508 4701 μικρότης
2539 4653 2641 4703 μου
2675 4641 2960 4709 παχυτέρα
3006 4641 3105 4711 τῆς
3131 4642 3335 4711 ὀσφύος
3365 4644 3463 4698 τοῦ
3499 4647 3699 4719 πατρὸς

2128 4719 2231 4791 μοΰ
2264 4723 2380 4776 ἐστι
2413 4739 2428 4755 ⁶
2477 4728 2575 4780 καὶ
2603 4727 2696 4781 νῦν
2737 4731 2766 4783 ό
2798 4732 2983 4803 πατήρ
3014 4752 3119 4803 μου
3148 4736 3456 4791 ἐπέτασσεν
3490 4738 3620 4810 ὑμῖν
3647 4743 3700 4792 ὲν

2128 4810 2294 4880 κλοιῷ
2323 4812 2503 4882 βαρεῖ,
2546 4818 2701 4886 κάγὼ
2730 4824 3026 4892 προσθήσω
3064 4826 3160 4879 ἐπὶ
3192 4829 3288 4880 τὸν
3313 4827 3496 4883 κλοιὸν
3532 4832 3696 4900 ὑμῶν.

2141 4901 2204 4955 Ὀ
2235 4908 2420 4975 πατήρ
2464 4924 2568 4976 μου
2598 4911 2921 4965 ἐπαίδευσεν
2962 4914 3106 4982 ὑμᾶς
3150 4917 3208 4970 έν
3248 4918 3498 4988 μάστιξι,
3550 4922 3698 4989 κάγὼ

2129 4994 2405 5051 παιδεύσω
2436 4999 2579 5068 ὑμᾶς
2612 5003 2670 5055 ἐν
2707 5005 3012 5074 σκορπίοις.

2198 5086 2278 5158 Τῇ
2329 5088 2560 5163 θρασείᾳ
2588 5094 2681 5146 καὶ
2712 5095 3049 5168 ὑπερηφάνῳ
3088 5099 3395 5172 συμϐουλίᾳ
3426 5102 3540 5156 τῶν
3565 5102 3694 5157 νέων

2130 5180 2375 5243 πεισθεὶς
2431 5181 2694 5254 Ῥοϐοᾶμ,
2725 5187 3045 5256 θὰφηνιάσαι
3072 5191 3171 5260 τῆς
3209 5190 3495 5260 βασιλείας
3536 5208 3695 5263 παρδ-

2122 5274 2358 5327 σκεύασε
2387 5277 2515 5340 τοὺς
2550 5277 2846 5349 ὑπηκόους.

2213 5362 2393 5436 ’Δνοίᾳ
2417 5365 2651 5436 ἐξῆπται
2683 5371 2881 5439 καρδία
2907 5372 3029 5426 νέου
3051 5389 3067 5404 ο
3097 5372 3294 5443 ῥάϐδος
3337 5374 3394 5428 δὲ
3438 5379 3536 5433 καὶ
3571 5391 3696 5432 παι·-

2123 5453 2241 5508 δεία
2277 5457 2496 5528 μακρὰν
2527 5459 2622 5513 ἀπ’
2650 5461 2837 5518 αὐτοῦ.

2209 5546 2273 5600 Ἦ
2308 5551 2494 5623 νεότης
2521 5555 2614 5609 καὶ
2640 5555 2675 5626 ἠ
2708 5555 2908 5628 ἀνομία
2943 5559 3266 5631 ματαιότης.
