3992 6252
253 327 387 391 1061

1066 326 1239 388 LOCI
1266 324 1715 393 COMMUNES.
1760 352 1829 362 -
1867 327 2062 390 PARS
2102 328 2190 392 ΙΙ.
2231 328 2495 390 SERMO
2531 330 2692 391 XXI.

3384 328 3528 399 1062

316 439 483 492 Φύσει
508 434 859 509 ἀρρώστημα
887 434 1045 492 τοῦτο
1074 437 1238 504 νέοις,
1271 439 1570 510 κουφότητι
1600 439 1827 510 γνώμης
1859 470 1867 501 Α

2007 438 2064 494 S.
2089 438 2306 494 Basilii.
2344 438 2655 497 Juventutis
2685 440 2936 498 naturale
2963 439 3152 497 vitium
3194 440 3300 498 hoc
3326 454 3434 508 est,
3467 455 3529 498 ut

248 534 397 602 ἔχειν
428 528 847 602 ἧδηονομίζουσι
885 528 954 583 τὰ
987 530 1312 585 ἐλπισθέντα
1336 546 1351 560 “
1385 532 1515 586 ὅταν
1548 533 1653 603 γάρ
1696 550 1826 586 ποτε

249 624 487 694 ἡσυχίας
516 621 779 685 λάϐωσιν,
815 621 848 693 ἢ
906 622 1144 692 ἐρημίας
1176 624 1524 694 νυκτερινῆς,
1553 625 1830 679 ἀναπλάτ-

256 733 435 769 τουσιν
463 715 682 778 ἑαυτοῖς
709 715 1011 783 φαντασίας
1044 715 1476 779 ἀνυποστάτους,
1508 719 1576 788 τῇ
1608 717 1832 788 εὐκολίᾳ

251 808 348 875 τῆς
398 805 627 876 γνώμης
678 804 770 858 ἐπὶ
822 806 1002 860 πάντα
1057 808 1387 875 φερόμενοι,
1444 806 1832 876 ὑποτιθέμενοι

251 897 618 970 περιφανείας
667 897 808 969 βίου,
868 898 1084 967 γάμους
1130 899 1442 972 λαμπροὺς,
1492 899 1830 966 εύπαιδείαν,

252 992 430 1060 γῆρας
471 989 631 1060 βαθὺ,
655 989 758 1054 τὰς
805 991 955 1058 παρά
988 990 1211 1043 πάντων
1243 990 1407 1060 τιμάς
1435 1008 1449 1021 ·
1501 986 1622 1044 εἶτα
1659 991 1833 1060 μηδα-

255 1082 360 1153 μοῦ
411 1085 606 1151 στῆναι
656 1082 772 1146 τοῖς
820 1081 1105 1154 λογισμοῖς
1147 1085 1464 1153 δυνάμενοι,
1509 1083 1835 1155 ὑποφυσῶν-

252 1192 368 1240 ται,
414 1174 510 1228 καὶ
565 1174 672 1227 ὑπὸ
716 1174 814 1244 τῆς
862 1175 1052 1237 ἀνοίας
1101 1174 1402 1229 ἀπολαύειν
1453 1176 1677 1230 δοκοῦσι
1727 1178 1836 1228 τῶν

253 1269 644 1335 ἐλπισθέντων,
671 1265 746 1331 ὡς
776 1268 878 1340 ἤδη
906 1269 1217 1338 παρόντων,
1245 1270 1342 1324 καὶ
1372 1274 1433 1323 ὲν
1481 1268 1612 1323 ποσὶ
1647 1269 1837 1341 κειμέ-

254 1377 365 1413 νων
394 1360 605 1423 αὐτοῖς.

327 1538 545 1607 Κοῦφον
577 1542 609 1611 ἡ
658 1541 869 1608 νεότης,
912 1540 1007 1595 καὶ
1036 1542 1322 1613 εὐκίνητον
1373 1542 1510 1613 πρὸς
1539 1545 1607 1598 τὰ
1636 1545 1837 1614 φαῦλα,

257 1631 549 1701 ἐπιθυμίαι
595 1631 976 1698 δυσκάθεκτοι,
1030 1632 1196 1705 ὀργαὶ
1248 1633 1576 1705 θηριώδεις,
1631 1640 1841 1716 inponi.-

259 1741 422 1789 τειαι,
454 1724 631 1793 ὖὸρις,
656 1724 1054 1796 ὑπερηφανίαι,
1085 1728 1180 1778 καὶ
1208 1727 1530 1795 φυσιώσεις,
1557 1728 1840 1799 σύντροφα

1934 539 2161 600 pr0pter
2197 530 2478 585 levitatem
2511 532 2724 586 consilii
2783 548 2845 587 ea
2893 547 2953 586 se
2991 534 3195 587 habere
3232 532 3344 602 jam
3376 533 3527 587 arbi-

1945 629 2162 676 trentur
2188 638 2308 691 quae
2366 638 2464 693 spe
2508 623 2944 692 concupierunt;
2998 640 3121 680 cttm
3156 626 3299 677 enim
3350 625 3531 688 quies-

1931 723 2101 780 cunt,
2171 725 2265 769 aut
2325 726 2488 769 noctu
2563 716 2660 770 soli
2726 727 2888 781 sunt,
2958 717 3170 785 ﬁngunt
3244 714 3349 770 sibi
3410 716 3531 770 visa

1932 821 2055 875 quas
2136 818 2405 873 nusquam
2463 814 2611 871 sunt,
2655 805 2909 860 facilitate
2988 805 3187 876 ingenii
3244 820 3342 873 per
3415 818 3533 857 on»-

1933 897 2023 952 nia
2070 896 2457 969 cogitationem
2507 898 2995 959 circumferentes,
3056 897 3369 967 splendidas
3416 884 3531 949 sibi

1936 989 2060 1044 vitae
2110 987 2462 1044 conditiones
2513 1002 2869 1059 proponunt,
2920 989 3235 1060 magnificas
3271 987 3529 1056 nuptias,

1937 1082 2233 1138 liberorum
2279 1082 2490 1137 felicem
2539 1083 2997 1151 procreationem,
3033 1091 3371 1138 senectutem
3412 1080 3527 1135 lon-

1936 1192 2102 1248 gam.
2136 1192 2199 1231 ac
2254 1177 2491 1231 honores
2548 1172 2651 1229 sibi
2702 1174 2769 1227 ah
2812 1173 3067 1227 omnibus
3118 1172 3445 1228 deferendos
3504 1189 3520 1224 :

1937 1267 2139 1322 deinde
2170 1283 2296 1321 cum
2354 1281 2624 1335 nusquam
2675 1264 3003 1333 cogitatione
3047 1266 3353 1318 consistere
3402 1280 3530 1334 pos-

1938 1360 2092 1427 sint,
2128 1359 2407 1424 inflantur,
2437 1374 2500 1412 ac
2546 1372 2656 1427 prae
2686 1354 2912 1411 stultitia
2943 1356 3171 1425 speratis
3205 1370 3264 1409 se
3293 1356 3395 1409 frui
3426 1372 3530 1424 pu-

1942 1462 2081 1519 tant,
2118 1461 2382 1521 tanquam
2417 1448 2782 1520 prasentibus
2802 1457 2858 1503 et
2895 1457 3021 1502 ante
3048 1448 3212 1518 pedes
3245 1447 3458 1517 positis.

2020 1543 2291 1601 Juventus
2327 1551 2411 1596 est
2448 1540 2584 1596 levis
2611 1549 2663 1593 et
2692 1539 2758 1593 ad
2783 1539 3186 1607 improbitatem
3241 1540 3529 1608 proclivis;

1942 1635 2209 1706 cupiditas
2239 1632 2525 1697 effrenata,
2555 1632 2863 1685 helluarutn
2902 1630 3003 1697 ira,
3052 1632 3349 1694 temeritas,
3384 1634 3532 1697 inju-

1944 1727 2047 1790 ria,
2105 1725 2361 1795 superbia
2388 1764 2404 1789 ,
2441 1732 2496 1778 et
2533 1724 2870 1785 inflationes,
2923 1724 3212 1794 magnique
3279 1725 3535 1793 spiritus,

262 1818 325 1884 τῇ
355 1815 568 1884 νεότητι
596 1813 768 1883 πάθη,
807 1815 993 1883 φθόνοι
1039 1816 1175 1886 πρὸς
1200 1816 1261 1869 τὸ
1292 1817 1579 1890 ὑπερέχον,
1614 1820 1838 1888 ὑποψίαι

1965 1817 2234 1889 :ongenita
2286 1826 2341 1871 et
2385 1817 2582 1871 co:tlita
2620 1817 2758 1871 mala
2806 1818 3117 1886 juventutis
3180 1815 3292 1869 haec
3345 1825 3473 1870 sunt
3516 1833 3531 1868 :

259 1906 399 1975 πρδς
436 1906 497 1958 τὸ
524 1906 727 1960 οίκεῖον
752 1922 766 1936 ο
805 1906 1015 1979 μυρίων
1047 1908 1240 1961 κακῶν
1276 1910 1444 1979 ἑσμὸς
1481 1911 1838 1976 συνέζευκται

1970 1909 2162 1963 ηνίιιὶω
2190 1908 2454 1963 adversus
2503 1924 2615 1962 rem
2642 1907 3035 1971 excellentem,
3086 1906 3433 1975 suspiciones
3464 1906 3537 1957 de

264 2000 325 2069 τῇ
354 1998 568 2068 νεότητι
594 2014 609 2029 ’
641 1992 717 2052 ῶν
752 2000 975 2052 πάντων
1007 1999 1224 2070 ἀνάγκη
1253 2002 1551 2056 ἀπολαύειν
1580 2006 1706 2068 τοὺς
1736 2005 1847 2073 ἀρ-’

261 2088 546 2158 χομένους,
590 2088 727 2143 διότι
769 2089 838 2143 τὰ
882 2089 988 2144 τῶν
1054 2090 1331 2160 ἀρχόντων
1379 2096 1522 2151 xxxi
1580 2097 1835 2165 συμφορὰ

262 2180 375 2243 τοῖς
403 2180 731 2252 ἀρχομένοις
766 2182 1001 2250 γίνεται.

1948 2002 2337 2057 familiaribus.
2382 2000 2623 2070 Denique
2660 2000 2926 2053 malorum
2985 2008 3243 2067 tanquam
3302 2013 3530 2051 examen

1947 2091 2221 2162 juventuti
2258 2106 2571 2145 connexum
2600 2100 2655 2142 et
2678 2088 2992 2157 copulatum
3022 2094 3127 2146 est,
3155 2100 3384 2155 quorum
3418 2099 3535 2136 om-

1950 2184 2101 2239 nium
2142 2185 2383 2239 lructum
2412 2197 2643 2239 necesse
2670 2191 2756 2236 est
2781 2181 2835 2233 in
2858 2181 3136 2251 subjectos
3173 2177 3483 2233 redundare
3512 2218 3531 2240 ,

260 2288 547 2348 oroptcrea
575 2279 720 2348 quod
754 2280 1174 2349 magistratuum
1206 2280 1336 2335 vitia
1369 2279 1630 2351 subjectis
1661 2281 1956 2351 importent
1987 2279 2375 2334 calamitatem.

332 2375 664 2442 Εὐρίπιστον
698 2376 730 2445 ἡ
763 2375 973 2444 νεότης,
1002 2377 1096 2429 καὶ
1127 2376 1327 2446 ῥᾳδίως
1354 2379 1477 2439 ταῖς
1505 2378 1694 2439 κεναῖς
1722 2374 1833 2429 τῶν

263 2466 496 2521 ἐλπίδων
543 2467 1037 2538 μετεωριζόμενον.
1072 2469 1133 2522 Εἰ
1162 2468 1216 2521 δὲ
1250 2469 1347 2523 καὶ
1371 2468 1618 2534 ἐξουσίας
1666 2470 1839 2535 ὑπερ-

267 2560 360 2628 )χὴ
400 2558 652 2631 προσείη,
702 2559 906 2630 μείζων
954 2560 1052 2628 μὲν
1084 2562 1117 2631 ἡ
1152 2559 1445 2631 κουφότης,
1479 2562 1560 2623 είς
1611 2560 1837 2631 μείζονα

264 2649 321 2705 ει
345 2650 535 2706 ἄνοιαν
566 2651 663 2704 καὶ
693 2651 921 2717 πτῶσιν,
950 2648 1025 2714 ῶς
1051 2652 1120 2706 τά
1150 2650 1324 2706 πολλὰ
1356 2652 1657 2721 προχωρεῖ.

340 2741 668 2811 Εὐρίπιστος
711 2744 747 2814 ἡ
786 2744 998 2813 νεότης,
1035 2743 1129 2798 καὶ
1181 2743 1317 2813 πρὸς
1365 2743 1565 2796 κακίαν
1613 2741 1842 2815 ὀξύρρο-

265 2852 365 2898 πος
390 2850 406 2866 '
451 2834 732 2906 διαφόροις
773 2836 882 2906 γὰρ
923 2836 1268 2907 παθημάτων
1309 2835 1701 2906 περικλύζεται
1745 2835 1844 2888 κύ-

2014 2372 2309 2429 Juventute
2332 2373 2469 2427 nihil
2501 2372 2782 2435 mobilius,
2813 2381 2869 2426 et
2909 2371 3069 2425 facile
3094 2386 3230 2424 vana
3262 2385 3359 2439 spe
3377 2368 3540 2421 offir—

1948 2478 2039 2521 tur
2097 2485 2112 2520 :
2173 2467 2315 2536 quod
2373 2467 2418 2525 si
2481 2476 2810 2536 potestatem
2852 2482 3126 2522 summam
3175 2466 3535 2534 adipiscatur.

1949 2570 2060 2615 tum
2096 2561 2289 2616 levitas
2319 2558 2491 2629 major
2528 2558 2626 2627 fit,
2653 2568 2768 2613 tum
2820 2558 2874 2613 in
2916 2558 3180 2627 majorem
3252 2556 3541 2613 stultitiam

1948 2661 2002 2706 et
2026 2652 2244 2705 ruinam
2277 2650 2391 2705 fere
2412 2651 2787 2722 progreditur.

2014 2741 2368 2796 nobilissima
2398 2742 2680 2809 juventus,
2713 2750 2767 2794 et
2809 2740 2875 2794 ad
2926 2741 3054 2793 vitia
3105 2754 3411 2811 propensa;
3445 2740 3540 2795 die

1941 2833 2115 2887 versis
2141 2832 2289 2886 enim
2320 2832 2793 2901 perturbationum
2824 2830 3082 2887 fluctibus
3101 2832 3362 2900 agitatur.
3400 2831 3538 2903 Eget

265 2945 425 2998 μασι.
457 2930 639 2982 Δεῖται
668 2928 850 2983 τοίνυν
880 2928 975 2983 τοῦ
1006 2929 1395 3001 ποδηγοῠντος,
1429 2927 1521 2981 καὶ
1548 2928 1686 2998 πρὸς
1714 2929 1840 2992 τοὺς

1965 2918 2110 2990 gitur
2135 2921 2381 2988 ductore,
2418 2919 2513 2990 qui
2543 2918 2610 2976 ad
2641 2930 2858 2990 portum
2892 2930 3042 2976 recta
3071 2921 3321 2982 deducat.

264 3021 494 3090 λιμένας
524 3020 923 3086 διευθύνοντος.

336 3113 403 3166 Τί
433 3113 635 3182 σαρκὸς
662 3112 1011 3185 εύπαθούσης
1042 3113 1138 3169 καὶ
1173 3115 1432 3185 νεότητος
1469 3113 1843 3187 περιφερομέ-

266 3223 364 3276 νης
394 3204 832 3290 hominem;

339 3391 547 3457 Νεότης
578 3388 871 3460 βράσματα
900 3388 1123 3460 χρόνου.

345 3483 490 3549 Πρὸς
545 3480 717 3553 θυμὸν
771 3482 867 3536 καὶ
926 3483 1061 3553 πρὸς
1121 3479 1420 3551 ἔπιθυμὲας
1481 3478 1843 3550 εὖεμπτωτος

269 3575 476 3645 μᾶλλόν
528 3576 674 3628 ἐστιν
720 3574 749 3626 ό
799 3574 959 3637 νέος·
1007 3574 1088 3627 διὸ
1132 3575 1223 3627 καὶ
1269 3573 1516 3635 πλείονος
1544 3573 1717 3626 δεῖται
1748 3574 1849 3640 τῆς

269 3666 548 3741 φυλακῆς,
598 3665 957 3736 σφοδροτέρου
1002 3684 1097 3720 του
1132 3667 1376 3738 χαλινοῦ,
1435 3663 1848 3734 ἀσφαλεστέρου

266 3758 370 3814 τοῦ
395 3760 600 3831 τοιχίου
636 3758 731 3813 καὶ
761 3757 853 3812 τοῦ
885 3758 1231 3828 κωλύματος.

356 3850 425 3903 Ἥ
468 3847 631 3903 πολιά
677 3849 797 3901 τότε
830 3849 975 3902 ἐστὶν
1008 3850 1306 3917 αἰδέσιμος,
1343 3851 1473 3903 ὅταν
1502 3850 1571 3903 τὰ
1599 3847 1699 3918 τῆς
1754 3861 1854 3899 πο-

270 3943 393 4004 λιᾶς
424 3940 657 4010 πράττη*
690 3940 817 3992 ὅταν
849 3938 905 3991 δὲ
934 3941 1233 4012 νεωτερίζῃ
1256 3941 1323 3993 τὰ
1352 3939 1459 3993 τῶν
1495 3939 1655 4005 νέων,
1678 3952 1853 3991 κατα-

270 4030 641 4099 γελαστοτὲρα
676 4029 850 4082 ἔσται.

362 4207 487 4263 Ἐπὶ
516 4208 719 4272 παντὸς
742 4208 818 4273 ὡς
856 4208 952 4263 ἐπὶ
984 4209 1121 4263 πολὺ
1166 4209 1497 4279 πράγματος
1544 4201 1855 4274 ἐπισφαλὴς

275 4299 583 4370 σύμϐουλος
614 4301 647 4370 ἡ
679 4301 891 4372 νεότης,
921 4301 1017 4353 καὶ
1061 4299 1162 4352 οὐκ
1214 4300 1281 4354 ἀν
1320 4316 1405 4364 τις
1455 4297 1608 4368 εὖροι
1658 4313 1855 4364 κατορ-

275 4387 453 4442 θωθέν
506 4405 558 4442 τι
609 4387 804 4460 ῥᾳδίως
838 4387 945 4441 τῶν
997 4387 1234 4457 σπουδῆς
1287 4387 1476 4453 ἀξίων,
1525 4380 1571 4455 ᾧ
1631 4386 1708 4456 μὴ
1761 4382 1858 4437 καὶ

2016 3094 2282 3168 Theologi.
2316 3096 2456 3164 Quid
2508 3096 2863 3169 insipientius
2889 3111 3118 3167 corpore
3147 3097 3286 3153 bene
3332 3098 3540 3153 consti-

1950 3199 2064 3244 tuto
2101 3205 2164 3244 ac
2207 3189 2421 3245 deliciis
2453 3190 2752 3246 afﬂuente?
2781 3202 2877 3247 aut
2911 3191 3201 3260 juventute
3224 3201 3446 3246 errante
3479 3199 3539 3245 et

1948 3283 2115 3337 nullis
2136 3284 2303 3338 certis
2332 3285 2556 3341 sedibus
2578 3284 2972 3342 consistente?

2018 3374 2285 3430 Juventus
2312 3378 2573 3445 temporis
2607 3387 2692 3431 est
2723 3386 2911 3432 aestus.

2019 3465 2078 3521 S.
2115 3467 2390 3537 Cltrysost.
2443 3468 2525 3522 Ira
2555 3479 2604 3524 et
2664 3468 3055 3540 cupiditatibus
3085 3469 3294 3524 facilius
3309 3470 3536 3536 juvenes

1948 3558 2223 3614 ducuntur
2248 3569 2302 3614 et
2352 3560 2646 3615 vincuntur
2688 3578 2703 3614 :
2744 3576 2908 3630 quare
2937 3561 3196 3629 majorem
3243 3561 3534 3629 quamdam

1949 3650 2256 3703 custodiam
2291 3650 2604 3719 requirunt,
2636 3667 2698 3706 ac
2734 3654 2951 3708 frenum
2981 3652 3193 3717 durius,
3218 3652 3457 3724 parietes
3478 3663 3535 3708 et

1950 3741 2192 3795 claustra
2226 3741 2451 3795 tutiora.
2508 3770 2514 3775 -

2022 3829 2157 3885 Cani
2194 3841 2306 3884 tum
2341 3832 2558 3886 demum
2586 3835 2928 3890 venerabiles
2951 3835 3221 3891 exsistunt
3259 3852 3379 3891 cum
3412 3852 3537 3905 quae

1953 3920 2106 3975 canis
2137 3920 2299 3991 digna
2355 3930 2507 3986 sunt,
2551 3922 2689 3977 fiunt
2723 3941 2736 3977 :
2767 3939 2891 3978 cum
2923 3933 3105 3978 autem
3134 3926 3451 3995 juveniliter
3474 3943 3538 3980 se

1953 4022 2156 4080 gerunt
2215 4026 2412 4077 senes,
2471 4014 2682 4082 majore
2737 4015 2853 4070 risu
2907 4030 3070 4085 quam
3118 4016 3347 4087 juvenes
3389 4015 3538 4087 digni

1956 4111 2142 4155 erunt.

2030 4191 2189 4265 Greg.
2223 4193 2395 4262 Nyss.
2420 4192 2477 4249 In
2509 4196 2658 4250 omni
2694 4196 2805 4253 fere
2838 4200 3055 4269 negotio
3087 4201 3386 4271 periculosa
3408 4208 3543 4255 sum

1961 4283 2123 4354 160
2156 4284 2593 4340 adolescentium
2640 4287 2871 4342 consilia
2896 4332 2910 4354 ,
2954 4304 3057 4344 nec
3107 4290 3262 4344 facile
3297 4290 3539 4358 repetias

1958 4375 2049 4442 qui
2087 4374 2291 4443 aliquid
2332 4386 2480 4432 recte
2514 4381 2781 4447 gesserint
2822 4397 2999 4435 rermn
3042 4399 3379 4454 magnarum,
3417 4384 3539 4452 qui-

274 4477 441 4531 πολιά
492 4477 931 4549 συμπαρεληφθη
983 4476 1121 4547 πρὸς
1178 4477 1467 4532 κοινωνίαν
1515 4473 1613 4529 τοῦ
1684 4474 1859 4544 σκέμ-

1969 4468 2072 4520 bus
2102 4467 2225 4521 cani
2280 4483 2387 4521 non
2448 4467 2655 4524 fuerint
2688 4472 2755 4524 ad
2801 4474 3257 4529 consideratiouis
3287 4491 3536 4529 contmu-
3588 4500 3595 4507 -

360 4587 470 4624 τος.

360 4587 419 4623 το
456 4610 470 4624 .

279 4586 562 4730 μιιΝεέτης
598 4660 722 4731 μετ’
775 4661 1024 4727 ἐξουσίας
1059 4660 1427 4729 αὖτοκρατοῦς
1466 4661 1663 4731 ὁρμαῖς
1717 4660 1854 4712 ἀκα-

276 4754 495 4816 θέκτοις
522 4755 804 4827 χρωμένη,
831 4754 1003 4809 κακὸν
1030 4752 1310 4824 δύσμαχον
1339 4754 1578 4822 γίνεται.

348 4929 558 5000 Νεότης
610 4932 795 4984 πονεῖν
832 4930 930 4985 οὐκ
960 4929 1244 4997 ἐθέλουσα,
1276 4928 1415 5001 πρδς
1441 4929 1503 4984 τὸ
1537 4931 1713 5001 γῆρας
1751 4949 1853 4987 κα-

278 5025 579 5092 κοπραγεῖ.

864 5114 1081 5169 ΛΟΓΟΣ
1135 5115 1266 5169 KA'.

652 5204 797 5274 Περὶ
835 5203 1150 5261 δεσποτῶν
1180 5206 1481 5275 χρηστῶν.

355 5293 421 5347 Ei
446 5292 718 5363 ὲφαύλισα
748 5293 922 5366 κρίμα
950 5295 1282 5363 θεράποντος
1315 5312 1419 5365 μου
1449 5297 1481 5367 ἢ
1514 5295 1852 5367 θεραπαίνης

278 5384 628 5456 κρινομένων
656 5383 835 5438 αὐτῶν
864 5385 997 5455 παρ’
1034 5386 1193 5455 ἐμοί’
1230 5386 1456 5457 πότερον
1487 5387 1584 5456 οὐχ
1629 5387 1703 5448 ὡς
1740 5387 1853 5456 ἐγὼ

278 5478 557 5548 ἐγενόμην
589 5481 649 5532 ιν
678 5479 897 5550 γαστρὶ,
932 5479 1027 5531 καὶ
1061 5479 1258 5532 ἐκεῖνοι
1305 5479 1631 5548 γεγόνασινς
1685 5479 1853 5548 Γεγό-

277 5593 456 5648 ναμεν
496 5576 554 5630 δὲ
585 5578 642 5631 ὲν
671 5579 740 5650 τῇ
770 5577 908 5649 αὐτῇ
940 5575 1136 5647 κοιλίᾳ.
1174 5578 1235 5630 Εἰ
1266 5575 1322 5629 δὲ
1366 5576 1461 5630 καὶ
1489 5574 1752 5637 πολλάκις
1782 5570 1856 5627 εἴ·

280 5683 388 5720 πον
415 5665 475 5721 αί
500 5665 831 5735 θεράπαιναι
859 5684 962 5737 μου
984 5681 999 5694 '
1034 5665 1131 5729 Τίς
1162 5666 1228 5719 ἀν
1272 5664 1383 5735 δῴη
1413 5667 1549 5735 ἡμῖν
1577 5664 1685 5719 τῶν
1724 5681 1857 5735 σαρ-

278 5758 399 5811 κῶν
439 5758 605 5813 αὑτοῦ
648 5758 1066 5831 ὲμπλησθῆναι;
1096 5757 1218 5812 λίαν
1248 5774 1355 5828 μου
1395 5754 1636 5829 χρηστοῦ
1664 5756 1856 5821 αὐταῖς

278 5855 464 5909 ὕντος.

440 5967 471 5993 κ

1962 4557 2178 4611 nionem
2198 4559 2451 4613 adhibiti.

2034 4647 2297 4704 Philonis.
2329 4648 2556 4706 Juvcnis
2584 4668 2852 4707 summam
2885 4662 3210 4724 potestatem
3258 4655 3490 4725 adeptus
3512 4696 3534 4721 ,

1958 4740 2343 4808 cupiditatibus
2393 4754 2550 4799 utens
2600 4745 2897 4812 effrenatis,
2952 4746 3154 4801 malum
3214 4749 3273 4801 lit
3307 4747 3538 4818 inexpu-

1966 4835 2207 4903 guabﬂe.

2026 4925 2254 4981 Iuvenis
2295 4927 2529 4983 laborem
2556 4944 2819 4986 recusans
2853 4930 2904 4986 in
2936 4940 3217 4988 senectute
3277 4932 3445 4990 miser
3480 4942 3536 4990 et

1960 5018 2314 5073 calamitosus
2341 5030 2445 5076 est.

2266 5112 2273 5118 ’
2369 5113 2603 5170 SERMO
2646 5112 2767 5169 XXI
2799 5114 2899 5187 [αι.
2927 5114 3134 5188 CXVI].

2301 5206 2378 5268 De
2421 5208 2567 5262 bonis
2600 5217 2648 5260 et
2682 5206 2916 5277 benignis
2942 5207 3186 5262 dominis.

2037 5305 2136 5360 Job
2170 5319 2323 5358 mu.
2359 5301 2415 5355 Si
2478 5300 2713 5367 perverti
2748 5299 3012 5369 judicium
3045 5302 3185 5356 servi
3209 5312 3304 5359 aut
3328 5320 3496 5360 servae
3519 5345 3535 5367 ,

1959 5414 2083 5455 cum
2115 5394 2258 5466 apud
2288 5409 2372 5448 me
2393 5392 2682 5462 litigarem,
2704 5405 2771 5444 an
2806 5405 2911 5444 non
2951 5400 3008 5446 ut
3059 5408 3158 5463 ego
3182 5394 3234 5451 in
3263 5406 3412 5450 utero
3435 5395 3534 5457 fui,

1959 5491 2039 5547 sic
2069 5487 2142 5542 illi
2163 5483 2428 5541 fuerunt?
2458 5481 2685 5537 Fuimus
2710 5490 2893 5537 autem
2920 5480 2972 5535 in
3008 5483 3196 5538 eodem
3224 5492 3402 5537 utero.
3434 5481 3533 5537 Sin

1961 5588 2138 5634 autem
2166 5592 2310 5647 saepe
2352 5575 2515 5630 etiam
2548 5572 2803 5627 dixerunt
2827 5573 3038 5628 ancillae
3072 5588 3205 5627 mea}
3243 5572 3415 5638 :Quis
3440 5572 3535 5628 det

1961 5671 2121 5725 nobis
2155 5678 2217 5724 ut
2244 5668 2504 5723 carnibus
2538 5666 2657 5735 ejus
2686 5664 3051 5734 expleamur?
3078 5678 3202 5719 cum
3237 5662 3350 5720 illis
3373 5664 3535 5721 value

1961 5779 2138 5821 essem
2165 5761 2484 5819 commodus
2510 5772 2561 5816 et
2593 5760 2855 5815 clemens.
