  <div class='ocr_page' id='page_1' title='image "/cluster/home/n/w/nwhite01/storage/ocr_20150623/136/mdp.39015038093210/539.png"; bbox 0 0 3992 6252; ppageno 0'>
   <div class='ocr_carea' id='block_1_1' title="bbox 458 328 596 395">
    <p class='ocr_par' dir='ltr' id='par_1_1' title="bbox 458 328 596 395">
     <span class='ocr_line' id='line_1_1' title="bbox 458 328 596 395; baseline 0 0"><span class='ocrx_word' id='word_1_1' title='bbox 458 328 596 395; x_wconf 77' lang='lat'><strong>1063</strong></span> 
     </span>
    </p>
   </div>
   <div class='ocr_carea' id='block_1_2' title="bbox 1690 328 2403 392">
    <p class='ocr_par' dir='ltr' id='par_1_2' title="bbox 1690 328 2403 392">
     <span class='ocr_line' id='line_1_2' title="bbox 1690 328 2403 392; baseline 0.001 -5"><span class='ocrx_word' id='word_1_2' title='bbox 1690 328 2014 392; x_wconf 80' lang='lat' dir='ltr'><strong>ANTONII</strong></span> <span class='ocrx_word' id='word_1_3' title='bbox 2055 329 2403 389; x_wconf 67' lang='lat' dir='ltr'><strong>MELISSIE</strong></span> 
     </span>
    </p>
   </div>
   <div class='ocr_carea' id='block_1_3' title="bbox 3579 317 3718 384">
    <p class='ocr_par' dir='ltr' id='par_1_3' title="bbox 3579 317 3718 384">
     <span class='ocr_line' id='line_1_3' title="bbox 3579 317 3718 384; baseline -0.029 0"><span class='ocrx_word' id='word_1_4' title='bbox 3579 317 3718 384; x_wconf 62' lang='lat'><strong>1664</strong></span> 
     </span>
    </p>
   </div>
   <div class='ocr_carea' id='block_1_4' title="bbox 526 421 2036 519">
    <p class='ocr_par' dir='ltr' id='par_1_4' title="bbox 526 447 2034 519">
     <span class='ocr_line' id='line_1_4' title="bbox 526 447 2034 519; baseline -0.003 -15"><span class='ocrx_word' id='word_1_5' title='bbox 526 449 807 505; x_wconf 83' lang='lat' dir='ltr'><strong>Salomon.</strong></span> <span class='ocrx_word' id='word_1_6' title='bbox 839 449 940 505; x_wconf 78' lang='lat' dir='ltr'><strong>Vir</strong></span> <span class='ocrx_word' id='word_1_7' title='bbox 977 451 1154 505; x_wconf 90' lang='lat' dir='ltr'><strong>bonus</strong></span> <span class='ocrx_word' id='word_1_8' title='bbox 1197 449 1573 519; x_wconf 86' lang='lat' dir='ltr'><strong>jumentorum</strong></span> <span class='ocrx_word' id='word_1_9' title='bbox 1601 463 1826 504; x_wconf 84' lang='lat' dir='ltr'><strong>suorum</strong></span> <span class='ocrx_word' id='word_1_10' title='bbox 1867 447 2034 504; x_wconf 85' lang='lat' dir='ltr'><strong>vitam</strong></span> 
     </span>
    </p>
   </div>
   <div class='ocr_carea' id='block_1_5' title="bbox 2171 421 3405 519">
    <p class='ocr_par' dir='ltr' id='par_1_5' title="bbox 2215 421 3405 517">
     <span class='ocr_line' id='line_1_5' title="bbox 2215 421 3405 517; baseline -0.009 -15"><span class='ocrx_word' id='word_1_11' title='bbox 2215 449 2432 510; x_wconf 70' lang='grc' dir='ltr'><strong>Δίκαιος</strong></span> <span class='ocrx_word' id='word_1_12' title='bbox 2461 444 2722 517; x_wconf 72' lang='grc' dir='ltr'>οἱκτείρει</span> <span class='ocrx_word' id='word_1_13' title='bbox 2758 421 3186 513; x_wconf 56' lang='grc' dir='ltr'><strong>ψυχάακτηνῶν</strong></span> <span class='ocrx_word' id='word_1_14' title='bbox 3216 432 3405 492; x_wconf 80' lang='grc' dir='ltr'>αὐτοῦ.</span> 
     </span>
    </p>
   </div>
   <div class='ocr_carea' id='block_1_6' title="bbox 456 542 770 597">
    <p class='ocr_par' dir='ltr' id='par_1_6' title="bbox 456 542 770 597">
     <span class='ocr_line' id='line_1_6' title="bbox 456 542 770 597; baseline 0.013 -4"><span class='ocrx_word' id='word_1_15' title='bbox 456 542 770 597; x_wconf 83' lang='lat' dir='ltr'><strong>miseratur.</strong></span> 
     </span>
    </p>
   </div>
   <div class='ocr_carea' id='block_1_7' title="bbox 525 632 2029 703">
    <p class='ocr_par' dir='ltr' id='par_1_7' title="bbox 525 632 2029 703">
     <span class='ocr_line' id='line_1_7' title="bbox 525 632 2029 703; baseline 0.001 -15"><span class='ocrx_word' id='word_1_16' title='bbox 525 634 603 688; x_wconf 84' lang='lat' dir='ltr'><strong>Ne</strong></span> <span class='ocrx_word' id='word_1_17' title='bbox 637 635 857 688; x_wconf 80' lang='lat' dir='ltr'><strong>curiose</strong></span> <span class='ocrx_word' id='word_1_18' title='bbox 878 648 1089 703; x_wconf 69' lang='lat' dir='ltr'><strong>quaeras</strong></span> <span class='ocrx_word' id='word_1_19' title='bbox 1118 634 1301 688; x_wconf 85' lang='lat' dir='ltr'><strong>omnia</strong></span> <span class='ocrx_word' id='word_1_20' title='bbox 1330 650 1451 703; x_wconf 62' lang='lat' dir='ltr'><strong>quae</strong></span> <span class='ocrx_word' id='word_1_21' title='bbox 1484 634 1552 689; x_wconf 91' lang='lat' dir='ltr'><strong>ab</strong></span> <span class='ocrx_word' id='word_1_22' title='bbox 1587 632 1694 688; x_wconf 82' lang='lat' dir='ltr'><strong>illis</strong></span> <span class='ocrx_word' id='word_1_23' title='bbox 1720 635 1982 689; x_wconf 85' lang='lat' dir='ltr'><strong>dicuntur</strong></span> <span class='ocrx_word' id='word_1_24' title='bbox 2012 650 2029 690; x_wconf 87' lang='lat'><strong>:</strong></span> 
     </span>
    </p>
   </div>
   <div class='ocr_carea' id='block_1_8' title="bbox 457 725 1823 797">
    <p class='ocr_par' dir='ltr' id='par_1_8' title="bbox 457 725 1823 797">
     <span class='ocr_line' id='line_1_8' title="bbox 457 725 1823 797; baseline 0.003 -20"><span class='ocrx_word' id='word_1_25' title='bbox 457 740 524 777; x_wconf 87' lang='lat' dir='ltr'><strong>ne</strong></span> <span class='ocrx_word' id='word_1_26' title='bbox 554 740 772 778; x_wconf 79' lang='lat' dir='ltr'><strong>servum</strong></span> <span class='ocrx_word' id='word_1_27' title='bbox 806 734 957 778; x_wconf 88' lang='lat' dir='ltr'><strong>tuum</strong></span> <span class='ocrx_word' id='word_1_28' title='bbox 985 725 1174 779; x_wconf 80' lang='lat' dir='ltr'><strong>audias</strong></span> <span class='ocrx_word' id='word_1_29' title='bbox 1193 726 1287 778; x_wconf 91' lang='lat' dir='ltr'><strong>tibi</strong></span> <span class='ocrx_word' id='word_1_30' title='bbox 1326 726 1464 780; x_wconf 87' lang='lat' dir='ltr'><strong>male</strong></span> <span class='ocrx_word' id='word_1_31' title='bbox 1491 737 1823 797; x_wconf 76' lang='lat' dir='ltr'><strong>precantem.</strong></span> 
     </span>
    </p>
   </div>
   <div class='ocr_carea' id='block_1_9' title="bbox 536 902 2033 980">
    <p class='ocr_par' dir='ltr' id='par_1_9' title="bbox 536 902 2033 980">
     <span class='ocr_line' id='line_1_9' title="bbox 536 902 2033 980; baseline 0.007 -25"><span class='ocrx_word' id='word_1_32' title='bbox 536 902 700 958; x_wconf 85' lang='lat' dir='ltr'><strong>Eccli.</strong></span> <span class='ocrx_word' id='word_1_33' title='bbox 734 922 846 960; x_wconf 70' lang='lat' dir='ltr'><strong>xxx.</strong></span> <span class='ocrx_word' id='word_1_34' title='bbox 882 906 936 960; x_wconf 98' lang='lat' dir='ltr'><strong>Si</strong></span> <span class='ocrx_word' id='word_1_35' title='bbox 964 917 1048 962; x_wconf 89' lang='lat' dir='ltr'><strong>est</strong></span> <span class='ocrx_word' id='word_1_36' title='bbox 1086 908 1183 962; x_wconf 89' lang='lat' dir='ltr'><strong>tibi</strong></span> <span class='ocrx_word' id='word_1_37' title='bbox 1220 924 1407 969; x_wconf 78' lang='lat' dir='ltr'><strong>verna,</strong></span> <span class='ocrx_word' id='word_1_38' title='bbox 1438 918 1696 975; x_wconf 90' lang='lat' dir='ltr'><strong>tanquam</strong></span> <span class='ocrx_word' id='word_1_39' title='bbox 1747 910 1886 963; x_wconf 87' lang='lat' dir='ltr'><strong>alter</strong></span> <span class='ocrx_word' id='word_1_40' title='bbox 1916 910 2033 980; x_wconf 89' lang='lat' dir='ltr'><strong>ipse</strong></span> 
     </span>
    </p>
   </div>
   <div class='ocr_carea' id='block_1_10' title="bbox 453 994 2026 1071">
    <p class='ocr_par' dir='ltr' id='par_1_10' title="bbox 453 994 2026 1071">
     <span class='ocr_line' id='line_1_10' title="bbox 453 994 2026 1071; baseline 0.007 -25"><span class='ocrx_word' id='word_1_41' title='bbox 453 994 546 1059; x_wconf 86' lang='lat' dir='ltr'><strong>sil,</strong></span> <span class='ocrx_word' id='word_1_42' title='bbox 579 997 706 1065; x_wconf 85' lang='lat' dir='ltr'><strong>quia</strong></span> <span class='ocrx_word' id='word_1_43' title='bbox 731 998 996 1067; x_wconf 83' lang='lat' dir='ltr'><strong>sanguine</strong></span> <span class='ocrx_word' id='word_1_44' title='bbox 1019 1000 1345 1070; x_wconf 81' lang='lat' dir='ltr'><strong>comparasti</strong></span> <span class='ocrx_word' id='word_1_45' title='bbox 1364 1017 1509 1054; x_wconf 85' lang='lat' dir='ltr'><strong>eutn.</strong></span> <span class='ocrx_word' id='word_1_46' title='bbox 1529 998 1583 1055; x_wconf 90' lang='lat' dir='ltr'><strong>Si</strong></span> <span class='ocrx_word' id='word_1_47' title='bbox 1605 1003 1699 1055; x_wconf 82' lang='lat' dir='ltr'><strong>tibi</strong></span> <span class='ocrx_word' id='word_1_48' title='bbox 1723 1018 1887 1056; x_wconf 89' lang='lat' dir='ltr'><strong>verna</strong></span> <span class='ocrx_word' id='word_1_49' title='bbox 1904 1003 2026 1071; x_wconf 89' lang='lat' dir='ltr'><strong>erit,</strong></span> 
     </span>
    </p>
   </div>
   <div class='ocr_carea' id='block_1_11' title="bbox 450 1094 2033 1166">
    <p class='ocr_par' dir='ltr' id='par_1_11' title="bbox 450 1094 2033 1166">
     <span class='ocr_line' id='line_1_11' title="bbox 450 1094 2033 1166; baseline 0.004 -22"><span class='ocrx_word' id='word_1_50' title='bbox 450 1107 575 1144; x_wconf 91' lang='lat' dir='ltr'><strong>eum</strong></span> <span class='ocrx_word' id='word_1_51' title='bbox 608 1094 819 1162; x_wconf 75' lang='lat' dir='ltr'><strong>diligito</strong></span> <span class='ocrx_word' id='word_1_52' title='bbox 854 1113 868 1149; x_wconf 92' lang='lat'><strong>:</strong></span> <span class='ocrx_word' id='word_1_53' title='bbox 909 1097 953 1149; x_wconf 89' lang='lat' dir='ltr'><strong>si</strong></span> <span class='ocrx_word' id='word_1_54' title='bbox 1000 1104 1081 1149; x_wconf 85' lang='lat' dir='ltr'><strong>est</strong></span> <span class='ocrx_word' id='word_1_55' title='bbox 1138 1096 1230 1149; x_wconf 89' lang='lat' dir='ltr'><strong>tibi</strong></span> <span class='ocrx_word' id='word_1_56' title='bbox 1266 1096 1414 1150; x_wconf 90' lang='lat' dir='ltr'><strong>utilis</strong></span> <span class='ocrx_word' id='word_1_57' title='bbox 1454 1106 1506 1150; x_wconf 90' lang='lat' dir='ltr'><strong>et</strong></span> <span class='ocrx_word' id='word_1_58' title='bbox 1541 1099 1705 1166; x_wconf 78' lang='lat' dir='ltr'><strong>frugi,</strong></span> <span class='ocrx_word' id='word_1_59' title='bbox 1759 1107 1913 1152; x_wconf 87' lang='lat' dir='ltr'><strong>utere</strong></span> <span class='ocrx_word' id='word_1_60' title='bbox 1968 1112 2033 1151; x_wconf 86' lang='lat' dir='ltr'><strong>eo</strong></span> 
     </span>
    </p>
   </div>
   <div class='ocr_carea' id='block_1_12' title="bbox 454 1185 2030 1257">
    <p class='ocr_par' dir='ltr' id='par_1_12' title="bbox 454 1185 2030 1257">
     <span class='ocr_line' id='line_1_12' title="bbox 454 1185 2030 1257; baseline 0.004 -23"><span class='ocrx_word' id='word_1_61' title='bbox 454 1190 713 1251; x_wconf 85' lang='lat' dir='ltr'><strong>tanquam</strong></span> <span class='ocrx_word' id='word_1_62' title='bbox 741 1185 948 1249; x_wconf 79' lang='lat' dir='ltr'><strong>fratre;</strong></span> <span class='ocrx_word' id='word_1_63' title='bbox 981 1187 1105 1256; x_wconf 83' lang='lat' dir='ltr'><strong>quia</strong></span> <span class='ocrx_word' id='word_1_64' title='bbox 1145 1188 1324 1242; x_wconf 82' lang='lat' dir='ltr'><strong>anima</strong></span> <span class='ocrx_word' id='word_1_65' title='bbox 1356 1195 1447 1241; x_wconf 86' lang='lat' dir='ltr'><strong>tua</strong></span> <span class='ocrx_word' id='word_1_66' title='bbox 1478 1188 1622 1242; x_wconf 82' lang='lat' dir='ltr'><strong>illius</strong></span> <span class='ocrx_word' id='word_1_67' title='bbox 1640 1205 1801 1256; x_wconf 79' lang='lat' dir='ltr'><strong>opera</strong></span> <span class='ocrx_word' id='word_1_68' title='bbox 1830 1188 2030 1257; x_wconf 76' lang='lat' dir='ltr'><strong>egebit.</strong></span> 
     </span>
    </p>
   </div>
   <div class='ocr_carea' id='block_1_13' title="bbox 525 1277 2034 1350">
    <p class='ocr_par' dir='ltr' id='par_1_13' title="bbox 525 1277 2034 1350">
     <span class='ocr_line' id='line_1_13' title="bbox 525 1277 2034 1350; baseline 0.001 -19"><span class='ocrx_word' id='word_1_69' title='bbox 525 1277 726 1334; x_wconf 81' lang='lat' dir='ltr'><strong>Coloss.</strong></span> <span class='ocrx_word' id='word_1_70' title='bbox 788 1295 867 1333; x_wconf 86' lang='lat' dir='ltr'><strong>tu.</strong></span> <span class='ocrx_word' id='word_1_71' title='bbox 915 1279 1136 1346; x_wconf 81' lang='lat' dir='ltr'><strong>Eadem,</strong></span> <span class='ocrx_word' id='word_1_72' title='bbox 1171 1281 1397 1345; x_wconf 86' lang='lat' dir='ltr'><strong>domini,</strong></span> <span class='ocrx_word' id='word_1_73' title='bbox 1429 1282 1537 1337; x_wconf 86' lang='lat' dir='ltr'><strong>illis</strong></span> <span class='ocrx_word' id='word_1_74' title='bbox 1573 1280 1810 1345; x_wconf 80' lang='lat' dir='ltr'><strong>facitote,</strong></span> <span class='ocrx_word' id='word_1_75' title='bbox 1844 1281 2034 1350; x_wconf 77' lang='lat' dir='ltr'><strong>positis</strong></span> 
     </span>
    </p>
   </div>
   <div class='ocr_carea' id='block_1_14' title="bbox 455 1374 2033 1445">
    <p class='ocr_par' dir='ltr' id='par_1_14' title="bbox 455 1374 2033 1445">
     <span class='ocr_line' id='line_1_14' title="bbox 455 1374 2033 1445; baseline 0.001 -18"><span class='ocrx_word' id='word_1_76' title='bbox 455 1374 640 1437; x_wconf 82' lang='lat' dir='ltr'><strong>minis,</strong></span> <span class='ocrx_word' id='word_1_77' title='bbox 674 1375 817 1442; x_wconf 89' lang='lat' dir='ltr'><strong>quod</strong></span> <span class='ocrx_word' id='word_1_78' title='bbox 867 1374 1188 1445; x_wconf 79' lang='lat' dir='ltr'><strong>intelligatis</strong></span> <span class='ocrx_word' id='word_1_79' title='bbox 1222 1375 1510 1430; x_wconf 89' lang='lat' dir='ltr'><strong>Dominum</strong></span> <span class='ocrx_word' id='word_1_80' title='bbox 1551 1385 1794 1430; x_wconf 90' lang='lat' dir='ltr'><strong>vestrum</strong></span> <span class='ocrx_word' id='word_1_81' title='bbox 1829 1386 1882 1429; x_wconf 90' lang='lat' dir='ltr'><strong>et</strong></span> <span class='ocrx_word' id='word_1_82' title='bbox 1916 1375 2033 1429; x_wconf 88' lang='lat' dir='ltr'><strong>illo-</strong></span> 
     </span>
    </p>
   </div>
   <div class='ocr_carea' id='block_1_15' title="bbox 453 1466 1009 1520">
    <p class='ocr_par' dir='ltr' id='par_1_15' title="bbox 453 1466 1009 1520">
     <span class='ocr_line' id='line_1_15' title="bbox 453 1466 1009 1520; baseline 0.005 -3"><span class='ocrx_word' id='word_1_83' title='bbox 453 1481 571 1517; x_wconf 85' lang='lat' dir='ltr'><strong>rum</strong></span> <span class='ocrx_word' id='word_1_84' title='bbox 607 1466 658 1515; x_wconf 88' lang='lat' dir='ltr'><strong>in</strong></span> <span class='ocrx_word' id='word_1_85' title='bbox 699 1466 837 1520; x_wconf 66' lang='lat' dir='ltr'><strong>coelo</strong></span> <span class='ocrx_word' id='word_1_86' title='bbox 867 1481 1009 1519; x_wconf 86' lang='lat' dir='ltr'><strong>esse.</strong></span> 
     </span>
    </p>
   </div>
   <div class='ocr_carea' id='block_1_16' title="bbox 524 1555 2035 1631">
    <p class='ocr_par' dir='ltr' id='par_1_16' title="bbox 524 1555 2035 1631">
     <span class='ocr_line' id='line_1_16' title="bbox 524 1555 2035 1631; baseline 0.004 -22"><span class='ocrx_word' id='word_1_87' title='bbox 524 1555 715 1623; x_wconf 81' lang='lat' dir='ltr'><strong>Ephcs.</strong></span> <span class='ocrx_word' id='word_1_88' title='bbox 745 1574 817 1611; x_wconf 85' lang='lat' dir='ltr'><strong>vt.</strong></span> <span class='ocrx_word' id='word_1_89' title='bbox 854 1557 1041 1612; x_wconf 74' lang='lat' dir='ltr'><strong>Justos</strong></span> <span class='ocrx_word' id='word_1_90' title='bbox 1070 1568 1125 1614; x_wconf 89' lang='lat' dir='ltr'><strong>et</strong></span> <span class='ocrx_word' id='word_1_91' title='bbox 1176 1560 1475 1629; x_wconf 70' lang='lat' dir='ltr'><strong>aequabiles</strong></span> <span class='ocrx_word' id='word_1_92' title='bbox 1513 1562 1751 1631; x_wconf 64' lang='lat' dir='ltr'><strong>praebete</strong></span> <span class='ocrx_word' id='word_1_93' title='bbox 1779 1575 1898 1626; x_wconf 88' lang='lat' dir='ltr'><strong>vos,</strong></span> <span class='ocrx_word' id='word_1_94' title='bbox 1934 1560 2035 1616; x_wconf 65' lang='grc' dir='ltr'><strong>ἀοι</strong></span> 
     </span>
    </p>
   </div>
   <div class='ocr_carea' id='block_1_17' title="bbox 454 1650 2035 1724">
    <p class='ocr_par' dir='ltr' id='par_1_17' title="bbox 454 1650 2035 1724">
     <span class='ocr_line' id='line_1_17' title="bbox 454 1650 2035 1724; baseline 0.003 -23"><span class='ocrx_word' id='word_1_95' title='bbox 454 1650 610 1714; x_wconf 91' lang='lat' dir='ltr'><strong>mini,</strong></span> <span class='ocrx_word' id='word_1_96' title='bbox 642 1653 816 1704; x_wconf 71' lang='lat' dir='ltr'><strong>servis</strong></span> <span class='ocrx_word' id='word_1_97' title='bbox 839 1651 1059 1717; x_wconf 76' lang='lat' dir='ltr'><strong>vestris,</strong></span> <span class='ocrx_word' id='word_1_98' title='bbox 1080 1667 1188 1707; x_wconf 85' lang='lat' dir='ltr'><strong>non</strong></span> <span class='ocrx_word' id='word_1_99' title='bbox 1208 1651 1519 1724; x_wconf 82' lang='lat' dir='ltr'><strong>ignorantes</strong></span> <span class='ocrx_word' id='word_1_100' title='bbox 1548 1668 1643 1709; x_wconf 90' lang='lat' dir='ltr'><strong>vos</strong></span> <span class='ocrx_word' id='word_1_101' title='bbox 1661 1653 1821 1709; x_wconf 88' lang='lat' dir='ltr'><strong>etiam</strong></span> <span class='ocrx_word' id='word_1_102' title='bbox 1855 1651 2035 1708; x_wconf 88' lang='lat' dir='ltr'><strong>Domi-</strong></span> 
     </span>
    </p>
   </div>
   <div class='ocr_carea' id='block_1_18' title="bbox 453 1740 1081 1798">
    <p class='ocr_par' dir='ltr' id='par_1_18' title="bbox 453 1740 1081 1798">
     <span class='ocr_line' id='line_1_18' title="bbox 453 1740 1081 1798; baseline 0.005 -4"><span class='ocrx_word' id='word_1_103' title='bbox 453 1756 581 1795; x_wconf 87' lang='lat' dir='ltr'><strong>num</strong></span> <span class='ocrx_word' id='word_1_104' title='bbox 604 1740 806 1796; x_wconf 88' lang='lat' dir='ltr'><strong>habere</strong></span> <span class='ocrx_word' id='word_1_105' title='bbox 833 1742 884 1795; x_wconf 88' lang='lat' dir='ltr'><strong>in</strong></span> <span class='ocrx_word' id='word_1_106' title='bbox 917 1742 1081 1798; x_wconf 66' lang='lat' dir='ltr'><strong>caelo.</strong></span> 
     </span>
    </p>
   </div>
   <div class='ocr_carea' id='block_1_19' title="bbox 528 1830 2034 1906">
    <p class='ocr_par' dir='ltr' id='par_1_19' title="bbox 528 1830 2034 1906">
     <span class='ocr_line' id='line_1_19' title="bbox 528 1830 2034 1906; baseline 0.004 -22"><span class='ocrx_word' id='word_1_107' title='bbox 528 1830 799 1901; x_wconf 73' lang='lat' dir='ltr'><strong>Tlteotogi.</strong></span> <span class='ocrx_word' id='word_1_108' title='bbox 833 1833 1101 1890; x_wconf 84' lang='lat' dir='ltr'><strong>Omnibus</strong></span> <span class='ocrx_word' id='word_1_109' title='bbox 1135 1844 1454 1891; x_wconf 89' lang='lat' dir='ltr'><strong>mansuetus</strong></span> <span class='ocrx_word' id='word_1_110' title='bbox 1490 1845 1633 1904; x_wconf 95' lang='lat' dir='ltr'><strong>esto,</strong></span> <span class='ocrx_word' id='word_1_111' title='bbox 1673 1835 1722 1892; x_wconf 89' lang='lat' dir='ltr'><strong>si</strong></span> <span class='ocrx_word' id='word_1_112' title='bbox 1776 1833 1892 1891; x_wconf 81' lang='lat' dir='ltr'><strong>ﬁeri</strong></span> <span class='ocrx_word' id='word_1_113' title='bbox 1930 1848 2034 1906; x_wconf 90' lang='lat' dir='ltr'><strong>po-</strong></span> 
     </span>
    </p>
   </div>
   <div class='ocr_carea' id='block_1_20' title="bbox 453 1923 1530 1996">
    <p class='ocr_par' dir='ltr' id='par_1_20' title="bbox 453 1923 1530 1996">
     <span class='ocr_line' id='line_1_20' title="bbox 453 1923 1530 1996; baseline 0.008 -22"><span class='ocrx_word' id='word_1_114' title='bbox 453 1928 596 1986; x_wconf 86' lang='lat' dir='ltr'><strong>test;</strong></span> <span class='ocrx_word' id='word_1_115' title='bbox 632 1923 804 1977; x_wconf 91' lang='lat' dir='ltr'><strong>multo</strong></span> <span class='ocrx_word' id='word_1_116' title='bbox 837 1923 1009 1994; x_wconf 79' lang='lat' dir='ltr'><strong>magis</strong></span> <span class='ocrx_word' id='word_1_117' title='bbox 1029 1935 1208 1980; x_wconf 90' lang='lat' dir='ltr'><strong>autem</strong></span> <span class='ocrx_word' id='word_1_118' title='bbox 1240 1927 1530 1996; x_wconf 80' lang='lat' dir='ltr'><strong>proximis.</strong></span> 
     </span>
    </p>
   </div>
   <div class='ocr_carea' id='block_1_21' title="bbox 524 2007 2026 2084">
    <p class='ocr_par' dir='ltr' id='par_1_21' title="bbox 524 2007 2026 2084">
     <span class='ocr_line' id='line_1_21' title="bbox 524 2007 2026 2084; baseline 0.007 -24"><span class='ocrx_word' id='word_1_119' title='bbox 524 2007 790 2064; x_wconf 82' lang='lat' dir='ltr'><strong>Philonis.</strong></span> <span class='ocrx_word' id='word_1_120' title='bbox 824 2012 1010 2066; x_wconf 86' lang='lat' dir='ltr'><strong>Servis</strong></span> <span class='ocrx_word' id='word_1_121' title='bbox 1049 2012 1190 2068; x_wconf 90' lang='lat' dir='ltr'><strong>male</strong></span> <span class='ocrx_word' id='word_1_122' title='bbox 1221 2013 1487 2070; x_wconf 84' lang='lat' dir='ltr'><strong>institutis</strong></span> <span class='ocrx_word' id='word_1_123' title='bbox 1548 2023 1605 2069; x_wconf 90' lang='lat' dir='ltr'><strong>et</strong></span> <span class='ocrx_word' id='word_1_124' title='bbox 1635 2013 2026 2084; x_wconf 84' lang='lat' dir='ltr'><strong>insipientibus</strong></span> 
     </span>
    </p>
   </div>
   <div class='ocr_carea' id='block_1_22' title="bbox 454 2098 2036 2176">
    <p class='ocr_par' dir='ltr' id='par_1_22' title="bbox 454 2098 2036 2176">
     <span class='ocr_line' id='line_1_22' title="bbox 454 2098 2036 2176; baseline 0.007 -26"><span class='ocrx_word' id='word_1_125' title='bbox 454 2098 611 2154; x_wconf 89' lang='lat' dir='ltr'><strong>utilis</strong></span> <span class='ocrx_word' id='word_1_126' title='bbox 630 2108 713 2153; x_wconf 90' lang='lat' dir='ltr'><strong>est</strong></span> <span class='ocrx_word' id='word_1_127' title='bbox 744 2100 999 2156; x_wconf 87' lang='lat' dir='ltr'><strong>dominus</strong></span> <span class='ocrx_word' id='word_1_128' title='bbox 1020 2100 1445 2170; x_wconf 78' lang='lat' dir='ltr'><strong>formidolosus;</strong></span> <span class='ocrx_word' id='word_1_129' title='bbox 1471 2117 1591 2158; x_wconf 87' lang='lat' dir='ltr'><strong>nam</strong></span> <span class='ocrx_word' id='word_1_130' title='bbox 1620 2104 1766 2159; x_wconf 87' lang='lat' dir='ltr'><strong>illius</strong></span> <span class='ocrx_word' id='word_1_131' title='bbox 1785 2104 2036 2176; x_wconf 77' lang='lat' dir='ltr'><strong>indigna-</strong></span> 
     </span>
    </p>
   </div>
   <div class='ocr_carea' id='block_1_23' title="bbox 456 2180 1975 2268">
    <p class='ocr_par' dir='ltr' id='par_1_23' title="bbox 456 2180 1975 2268">
     <span class='ocr_line' id='line_1_23' title="bbox 456 2180 1975 2268; baseline 0.006 -25"><span class='ocrx_word' id='word_1_132' title='bbox 456 2193 633 2247; x_wconf 85' lang='lat' dir='ltr'><strong>tiones</strong></span> <span class='ocrx_word' id='word_1_133' title='bbox 655 2192 785 2247; x_wconf 92' lang='lat' dir='ltr'><strong>dum</strong></span> <span class='ocrx_word' id='word_1_134' title='bbox 815 2203 1088 2260; x_wconf 89' lang='lat' dir='ltr'><strong>metuunt,</strong></span> <span class='ocrx_word' id='word_1_135' title='bbox 1119 2196 1206 2251; x_wconf 85' lang='lat' dir='ltr'><strong>vel</strong></span> <span class='ocrx_word' id='word_1_136' title='bbox 1242 2196 1394 2252; x_wconf 84' lang='lat' dir='ltr'><strong>inviti</strong></span> <span class='ocrx_word' id='word_1_137' title='bbox 1424 2206 1569 2252; x_wconf 89' lang='lat' dir='ltr'><strong>metu</strong></span> <span class='ocrx_word' id='word_1_138' title='bbox 1605 2180 1975 2268; x_wconf 74' lang='lat' dir='ltr'><strong>corriguntur.</strong></span> 
     </span>
    </p>
   </div>
   <div class='ocr_carea' id='block_1_24' title="bbox 524 2282 2037 2361">
    <p class='ocr_par' dir='ltr' id='par_1_24' title="bbox 524 2282 2037 2361">
     <span class='ocr_line' id='line_1_24' title="bbox 524 2282 2037 2361; baseline 0.006 -24"><span class='ocrx_word' id='word_1_139' title='bbox 524 2282 628 2349; x_wconf 92' lang='lat' dir='ltr'><strong>Qui</strong></span> <span class='ocrx_word' id='word_1_140' title='bbox 666 2284 925 2341; x_wconf 87' lang='lat' dir='ltr'><strong>dicuntur</strong></span> <span class='ocrx_word' id='word_1_141' title='bbox 959 2287 1165 2344; x_wconf 86' lang='lat' dir='ltr'><strong>domini</strong></span> <span class='ocrx_word' id='word_1_142' title='bbox 1212 2288 1470 2360; x_wconf 87' lang='lat' dir='ltr'><strong>opinione</strong></span> <span class='ocrx_word' id='word_1_143' title='bbox 1496 2297 1746 2357; x_wconf 87' lang='lat' dir='ltr'><strong>tantum,</strong></span> <span class='ocrx_word' id='word_1_144' title='bbox 1774 2306 1882 2346; x_wconf 91' lang='lat' dir='ltr'><strong>non</strong></span> <span class='ocrx_word' id='word_1_145' title='bbox 1910 2290 2037 2361; x_wconf 83' lang='lat' dir='ltr'><strong>jure</strong></span> 
     </span>
    </p>
   </div>
   <div class='ocr_carea' id='block_1_25' title="bbox 456 2377 997 2434">
    <p class='ocr_par' dir='ltr' id='par_1_25' title="bbox 456 2377 997 2434">
     <span class='ocr_line' id='line_1_25' title="bbox 456 2377 997 2434; baseline 0.007 -4"><span class='ocrx_word' id='word_1_146' title='bbox 456 2377 593 2431; x_wconf 81' lang='lat' dir='ltr'><strong>tales</strong></span> <span class='ocrx_word' id='word_1_147' title='bbox 617 2378 997 2434; x_wconf 81' lang='lat' dir='ltr'><strong>numinantur.</strong></span> 
     </span>
    </p>
   </div>
   <div class='ocr_carea' id='block_1_26' title="bbox 524 2467 2033 2538">
    <p class='ocr_par' dir='ltr' id='par_1_26' title="bbox 524 2467 2033 2538">
     <span class='ocr_line' id='line_1_26' title="bbox 524 2467 2033 2538; baseline 0.007 -17"><span class='ocrx_word' id='word_1_148' title='bbox 524 2467 718 2524; x_wconf 87' lang='lat' dir='ltr'><strong>Nullus</strong></span> <span class='ocrx_word' id='word_1_149' title='bbox 751 2484 814 2523; x_wconf 78' lang='lat' dir='ltr'><strong>cx</strong></span> <span class='ocrx_word' id='word_1_150' title='bbox 849 2471 1156 2538; x_wconf 86' lang='lat' dir='ltr'><strong>procreatis</strong></span> <span class='ocrx_word' id='word_1_151' title='bbox 1202 2486 1332 2529; x_wconf 88' lang='lat' dir='ltr'><strong>vere</strong></span> <span class='ocrx_word' id='word_1_152' title='bbox 1372 2473 1631 2530; x_wconf 88' lang='lat' dir='ltr'><strong>dominus</strong></span> <span class='ocrx_word' id='word_1_153' title='bbox 1656 2482 1763 2537; x_wconf 85' lang='lat' dir='ltr'><strong>est.</strong></span> <span class='ocrx_word' id='word_1_154' title='bbox 1816 2474 2033 2531; x_wconf 88' lang='lat' dir='ltr'><strong>etiamsi</strong></span> 
     </span>
    </p>
   </div>
   <div class='ocr_carea' id='block_1_27' title="bbox 455 2559 2036 2636">
    <p class='ocr_par' dir='ltr' id='par_1_27' title="bbox 455 2559 2036 2636">
     <span class='ocr_line' id='line_1_27' title="bbox 455 2559 2036 2636; baseline 0.005 -23"><span class='ocrx_word' id='word_1_155' title='bbox 455 2559 743 2628; x_wconf 83' lang='lat' dir='ltr'><strong>imperium</strong></span> <span class='ocrx_word' id='word_1_156' title='bbox 799 2578 958 2617; x_wconf 88' lang='lat' dir='ltr'><strong>suum</strong></span> <span class='ocrx_word' id='word_1_157' title='bbox 1021 2565 1077 2618; x_wconf 89' lang='lat' dir='ltr'><strong>in</strong></span> <span class='ocrx_word' id='word_1_158' title='bbox 1118 2578 1310 2620; x_wconf 86' lang='lat' dir='ltr'><strong>omnes</strong></span> <span class='ocrx_word' id='word_1_159' title='bbox 1377 2573 1555 2620; x_wconf 87' lang='lat' dir='ltr'><strong>terras</strong></span> <span class='ocrx_word' id='word_1_160' title='bbox 1629 2566 1850 2621; x_wconf 84' lang='lat' dir='ltr'><strong>ultimas</strong></span> <span class='ocrx_word' id='word_1_161' title='bbox 1903 2582 2036 2636; x_wconf 83' lang='lat' dir='ltr'><strong>pro-</strong></span> 
     </span>
    </p>
   </div>
   <div class='ocr_carea' id='block_1_28' title="bbox 456 2652 2038 2730">
    <p class='ocr_par' dir='ltr' id='par_1_28' title="bbox 456 2652 2038 2730">
     <span class='ocr_line' id='line_1_28' title="bbox 456 2652 2038 2730; baseline 0.006 -26"><span class='ocrx_word' id='word_1_162' title='bbox 456 2652 709 2714; x_wconf 85' lang='lat' dir='ltr'><strong>tcuderit,</strong></span> <span class='ocrx_word' id='word_1_163' title='bbox 737 2655 829 2707; x_wconf 88' lang='lat' dir='ltr'><strong>sed</strong></span> <span class='ocrx_word' id='word_1_164' title='bbox 860 2654 1010 2710; x_wconf 88' lang='lat' dir='ltr'><strong>solus</strong></span> <span class='ocrx_word' id='word_1_165' title='bbox 1037 2666 1122 2710; x_wconf 86' lang='lat' dir='ltr'><strong>est</strong></span> <span class='ocrx_word' id='word_1_166' title='bbox 1144 2672 1250 2710; x_wconf 86' lang='lat' dir='ltr'><strong>non</strong></span> <span class='ocrx_word' id='word_1_167' title='bbox 1272 2655 1412 2711; x_wconf 78' lang='lat' dir='ltr'><strong>falso</strong></span> <span class='ocrx_word' id='word_1_168' title='bbox 1440 2657 1546 2711; x_wconf 83' lang='lat' dir='ltr'><strong>dux</strong></span> <span class='ocrx_word' id='word_1_169' title='bbox 1577 2667 1632 2711; x_wconf 91' lang='lat' dir='ltr'><strong>et</strong></span> <span class='ocrx_word' id='word_1_170' title='bbox 1654 2656 1919 2715; x_wconf 83' lang='lat' dir='ltr'><strong>Dominus</strong></span> <span class='ocrx_word' id='word_1_171' title='bbox 1942 2658 2038 2730; x_wconf 86' lang='lat' dir='ltr'><strong>qui</strong></span> 
     </span>
    </p>
   </div>
   <div class='ocr_carea' id='block_1_29' title="bbox 455 2734 1393 2815">
    <p class='ocr_par' dir='ltr' id='par_1_29' title="bbox 455 2734 1393 2815">
     <span class='ocr_line' id='line_1_29' title="bbox 455 2734 1393 2815; baseline -0.005 -15"><span class='ocrx_word' id='word_1_172' title='bbox 455 2754 745 2815; x_wconf 70' lang='lat' dir='ltr'><strong>generatus</strong></span> <span class='ocrx_word' id='word_1_173' title='bbox 783 2762 891 2801; x_wconf 89' lang='lat' dir='ltr'><strong>non</strong></span> <span class='ocrx_word' id='word_1_174' title='bbox 919 2755 1021 2802; x_wconf 91' lang='lat' dir='ltr'><strong>est.</strong></span> <span class='ocrx_word' id='word_1_175' title='bbox 1388 2734 1393 2743; x_wconf 25' lang='grc' dir='ltr'>ἶ</span> 
     </span>
    </p>
   </div>
   <div class='ocr_carea' id='block_1_30' title="bbox 832 2837 1657 2914">
    <p class='ocr_par' dir='ltr' id='par_1_30' title="bbox 832 2837 1657 2914">
     <span class='ocr_line' id='line_1_30' title="bbox 832 2837 1657 2914; baseline 0 -20"><span class='ocrx_word' id='word_1_176' title='bbox 832 2839 1069 2896; x_wconf 78' lang='lat' dir='ltr'><strong>SEBMO</strong></span> <span class='ocrx_word' id='word_1_177' title='bbox 1098 2838 1241 2895; x_wconf 85' lang='lat' dir='ltr'><strong>xxn</strong></span> <span class='ocrx_word' id='word_1_178' title='bbox 1277 2837 1379 2914; x_wconf 83' lang='grc' dir='ltr'><strong>[οι.</strong></span> <span class='ocrx_word' id='word_1_179' title='bbox 1413 2839 1657 2914; x_wconf 81' lang='lat' dir='ltr'><strong>cxvu.]</strong></span> 
     </span>
    </p>
   </div>
   <div class='ocr_carea' id='block_1_31' title="bbox 917 2933 1557 3001">
    <p class='ocr_par' dir='ltr' id='par_1_31' title="bbox 917 2933 1557 3001">
     <span class='ocr_line' id='line_1_31' title="bbox 917 2933 1557 3001; baseline 0.005 -15"><span class='ocrx_word' id='word_1_180' title='bbox 917 2934 991 2987; x_wconf 85' lang='lat' dir='ltr'><strong>De</strong></span> <span class='ocrx_word' id='word_1_181' title='bbox 1027 2933 1279 3001; x_wconf 78' lang='lat' dir='ltr'><strong>improbis</strong></span> <span class='ocrx_word' id='word_1_182' title='bbox 1307 2935 1557 2989; x_wconf 79' lang='lat' dir='ltr'><strong>dominis.</strong></span> 
     </span>
    </p>
   </div>
   <div class='ocr_carea' id='block_1_32' title="bbox 526 3023 2036 3095">
    <p class='ocr_par' dir='ltr' id='par_1_32' title="bbox 526 3023 2036 3095">
     <span class='ocr_line' id='line_1_32' title="bbox 526 3023 2036 3095; baseline 0.004 -18"><span class='ocrx_word' id='word_1_183' title='bbox 526 3023 702 3078; x_wconf 74' lang='lat' dir='ltr'><strong>Exod.</strong></span> <span class='ocrx_word' id='word_1_184' title='bbox 774 3041 890 3079; x_wconf 73' lang='lat' dir='ltr'><strong>xxr.</strong></span> <span class='ocrx_word' id='word_1_185' title='bbox 947 3023 1004 3079; x_wconf 90' lang='lat' dir='ltr'><strong>Si</strong></span> <span class='ocrx_word' id='word_1_186' title='bbox 1053 3025 1175 3094; x_wconf 81' lang='lat' dir='ltr'><strong>quis</strong></span> <span class='ocrx_word' id='word_1_187' title='bbox 1225 3026 1562 3095; x_wconf 83' lang='lat' dir='ltr'><strong>percusserit</strong></span> <span class='ocrx_word' id='word_1_188' title='bbox 1619 3027 1840 3082; x_wconf 89' lang='lat' dir='ltr'><strong>oculum</strong></span> <span class='ocrx_word' id='word_1_189' title='bbox 1891 3028 2036 3084; x_wconf 89' lang='lat' dir='ltr'><strong>servi</strong></span> 
     </span>
    </p>
   </div>
   <div class='ocr_carea' id='block_1_33' title="bbox 2212 610 3727 691">
    <p class='ocr_par' dir='ltr' id='par_1_33' title="bbox 2212 610 3727 691">
     <span class='ocr_line' id='line_1_33' title="bbox 2212 610 3727 691; baseline -0.012 -9"><span class='ocrx_word' id='word_1_190' title='bbox 2212 630 2306 691; x_wconf 81' lang='lat' dir='ltr'><strong>Ei;</strong></span> <span class='ocrx_word' id='word_1_191' title='bbox 2339 627 2550 690; x_wconf 82' lang='grc' dir='ltr'><strong>πάντας</strong></span> <span class='ocrx_word' id='word_1_192' title='bbox 2578 624 2706 686; x_wconf 76' lang='grc' dir='ltr'>τοὺς</span> <span class='ocrx_word' id='word_1_193' title='bbox 2746 622 2944 689; x_wconf 75' lang='grc' dir='ltr'>λόγους</span> <span class='ocrx_word' id='word_1_194' title='bbox 2998 620 3093 681; x_wconf 82' lang='grc' dir='ltr'><strong>οὓς</strong></span> <span class='ocrx_word' id='word_1_195' title='bbox 3143 618 3463 683; x_wconf 75' lang='grc' dir='ltr'>λαλήσουσι,</span> <span class='ocrx_word' id='word_1_196' title='bbox 3516 614 3593 685; x_wconf 83' lang='grc' dir='ltr'>μὴ</span> <span class='ocrx_word' id='word_1_197' title='bbox 3623 610 3727 681; x_wconf 76' lang='grc' dir='ltr'><strong>θῇς</strong></span> 
     </span>
    </p>
   </div>
   <div class='ocr_carea' id='block_1_34' title="bbox 2136 710 3726 790">
    <p class='ocr_par' dir='ltr' id='par_1_34' title="bbox 2136 710 3726 790">
     <span class='ocr_line' id='line_1_34' title="bbox 2136 710 3726 790; baseline -0.012 -12"><span class='ocrx_word' id='word_1_198' title='bbox 2136 723 2368 790; x_wconf 79' lang='grc' dir='ltr'>καρδίαν</span> <span class='ocrx_word' id='word_1_199' title='bbox 2400 739 2517 784; x_wconf 86' lang='grc' dir='ltr'>σου,</span> <span class='ocrx_word' id='word_1_200' title='bbox 2549 720 2698 781; x_wconf 82' lang='grc' dir='ltr'><strong>ὅπως</strong></span> <span class='ocrx_word' id='word_1_201' title='bbox 2734 718 2810 787; x_wconf 81' lang='grc' dir='ltr'><strong>μὴ</strong></span> <span class='ocrx_word' id='word_1_202' title='bbox 2838 715 3080 786; x_wconf 83' lang='grc' dir='ltr'><strong>ἀκούσῃς</strong></span> <span class='ocrx_word' id='word_1_203' title='bbox 3109 713 3202 765; x_wconf 78' lang='grc' dir='ltr'>τοῦ</span> <span class='ocrx_word' id='word_1_204' title='bbox 3233 710 3422 765; x_wconf 75' lang='grc' dir='ltr'>δούλου</span> <span class='ocrx_word' id='word_1_205' title='bbox 3454 724 3550 762; x_wconf 84' lang='grc' dir='ltr'><strong>σου</strong></span> <span class='ocrx_word' id='word_1_206' title='bbox 3590 724 3726 760; x_wconf 65' lang='grc' dir='ltr'><strong>κιτ-</strong></span> 
     </span>
    </p>
   </div>
   <div class='ocr_carea' id='block_1_35' title="bbox 2136 816 2537 886">
    <p class='ocr_par' dir='ltr' id='par_1_35' title="bbox 2136 816 2537 886">
     <span class='ocr_line' id='line_1_35' title="bbox 2136 816 2537 886; baseline -0.015 -17"><span class='ocrx_word' id='word_1_207' title='bbox 2136 816 2422 886; x_wconf 84' lang='grc' dir='ltr'>αρωμένου</span> <span class='ocrx_word' id='word_1_208' title='bbox 2456 829 2537 865; x_wconf 85' lang='grc' dir='ltr'>σε.</span> 
     </span>
    </p>
   </div>
   <div class='ocr_carea' id='block_1_36' title="bbox 2209 890 3728 971">
    <p class='ocr_par' dir='ltr' id='par_1_36' title="bbox 2209 890 3728 971">
     <span class='ocr_line' id='line_1_36' title="bbox 2209 890 3728 971; baseline -0.014 -10"><span class='ocrx_word' id='word_1_209' title='bbox 2209 909 2271 960; x_wconf 84' lang='grc' dir='ltr'>Εἰ</span> <span class='ocrx_word' id='word_1_210' title='bbox 2296 907 2410 959; x_wconf 73' lang='grc' dir='ltr'>ἔστι</span> <span class='ocrx_word' id='word_1_211' title='bbox 2431 922 2512 958; x_wconf 90' lang='grc' dir='ltr'>σοι</span> <span class='ocrx_word' id='word_1_212' title='bbox 2540 902 2777 971; x_wconf 80' lang='grc' dir='ltr'><strong>οἰκέτης,</strong></span> <span class='ocrx_word' id='word_1_213' title='bbox 2802 898 2943 951; x_wconf 78' lang='grc' dir='ltr'>ἔστω</span> <span class='ocrx_word' id='word_1_214' title='bbox 2972 895 3048 959; x_wconf 83' lang='grc' dir='ltr'><strong>ὡς</strong></span> <span class='ocrx_word' id='word_1_215' title='bbox 3073 895 3159 959; x_wconf 74' lang='grc' dir='ltr'>σὺ,</span> <span class='ocrx_word' id='word_1_216' title='bbox 3189 893 3483 960; x_wconf 82' lang='grc' dir='ltr'>ὅτιαῖματι</span> <span class='ocrx_word' id='word_1_217' title='bbox 3507 890 3728 957; x_wconf 71' lang='grc' dir='ltr'>ἐκτήσω</span> 
     </span>
    </p>
   </div>
   <div class='ocr_carea' id='block_1_37' title="bbox 2137 982 3728 1058">
    <p class='ocr_par' dir='ltr' id='par_1_37' title="bbox 2137 982 3728 1058">
     <span class='ocr_line' id='line_1_37' title="bbox 2137 982 3728 1058; baseline -0.014 -2"><span class='ocrx_word' id='word_1_218' title='bbox 2137 1000 2320 1056; x_wconf 81' lang='grc' dir='ltr'>αὐτόν.</span> <span class='ocrx_word' id='word_1_219' title='bbox 2356 999 2416 1051; x_wconf 78' lang='lat' dir='ltr'><strong>Ei</strong></span> <span class='ocrx_word' id='word_1_220' title='bbox 2446 997 2560 1050; x_wconf 84' lang='grc' dir='ltr'>ἐστι</span> <span class='ocrx_word' id='word_1_221' title='bbox 2595 1012 2676 1049; x_wconf 87' lang='grc' dir='ltr'>σοι</span> <span class='ocrx_word' id='word_1_222' title='bbox 2710 995 2949 1058; x_wconf 79' lang='grc' dir='ltr'><strong>οἰκέτης,</strong></span> <span class='ocrx_word' id='word_1_223' title='bbox 2986 989 3273 1057; x_wconf 82' lang='grc' dir='ltr'>ἀγάπησον</span> <span class='ocrx_word' id='word_1_224' title='bbox 3312 985 3479 1038; x_wconf 73' lang='grc' dir='ltr'>αὐτόν</span> <span class='ocrx_word' id='word_1_225' title='bbox 3505 1000 3521 1015; x_wconf 88' lang='grc'><strong>·</strong></span> <span class='ocrx_word' id='word_1_226' title='bbox 3547 982 3642 1035; x_wconf 70' lang='grc' dir='ltr'><strong>καὶ</strong></span> <span class='ocrx_word' id='word_1_227' title='bbox 3672 984 3728 1033; x_wconf 78' lang='grc' dir='ltr'><strong>ει</strong></span> 
     </span>
    </p>
   </div>
   <div class='ocr_carea' id='block_1_38' title="bbox 2137 1073 3725 1162">
    <p class='ocr_par' dir='ltr' id='par_1_38' title="bbox 2137 1073 3725 1162">
     <span class='ocr_line' id='line_1_38' title="bbox 2137 1073 3725 1162; baseline -0.016 -13"><span class='ocrx_word' id='word_1_228' title='bbox 2137 1095 2254 1149; x_wconf 78' lang='grc' dir='ltr'>ἐστι</span> <span class='ocrx_word' id='word_1_229' title='bbox 2288 1108 2370 1146; x_wconf 90' lang='grc' dir='ltr'>σοι</span> <span class='ocrx_word' id='word_1_230' title='bbox 2422 1092 2718 1162; x_wconf 81' lang='grc' dir='ltr'>χρήσιμος,</span> <span class='ocrx_word' id='word_1_231' title='bbox 2769 1086 2869 1151; x_wconf 77' lang='grc' dir='ltr'><strong>ἄγε</strong></span> <span class='ocrx_word' id='word_1_232' title='bbox 2923 1083 3090 1135; x_wconf 72' lang='grc' dir='ltr'>αὐτὸν</span> <span class='ocrx_word' id='word_1_233' title='bbox 3132 1079 3207 1144; x_wconf 83' lang='grc' dir='ltr'><strong>ὡς</strong></span> <span class='ocrx_word' id='word_1_234' title='bbox 3243 1077 3506 1143; x_wconf 59' lang='grc' dir='ltr'><strong>ἀδελφόν</strong></span> <span class='ocrx_word' id='word_1_235' title='bbox 3556 1074 3642 1127; x_wconf 76' lang='grc' dir='ltr'><strong>ὅτι</strong></span> <span class='ocrx_word' id='word_1_236' title='bbox 3686 1073 3725 1142; x_wconf 82' lang='grc' dir='ltr'><strong>ή</strong></span> 
     </span>
    </p>
   </div>
   <div class='ocr_carea' id='block_1_39' title="bbox 2136 1179 2919 1260">
    <p class='ocr_par' dir='ltr' id='par_1_39' title="bbox 2136 1179 2919 1260">
     <span class='ocr_line' id='line_1_39' title="bbox 2136 1179 2919 1260; baseline -0.017 -15"><span class='ocrx_word' id='word_1_237' title='bbox 2136 1190 2283 1260; x_wconf 75' lang='grc' dir='ltr'><strong>ψυχή</strong></span> <span class='ocrx_word' id='word_1_238' title='bbox 2320 1205 2410 1241; x_wconf 88' lang='grc' dir='ltr'><strong>σου</strong></span> <span class='ocrx_word' id='word_1_239' title='bbox 2441 1184 2720 1257; x_wconf 78' lang='grc' dir='ltr'>ὲπιδεήσει</span> <span class='ocrx_word' id='word_1_240' title='bbox 2752 1179 2919 1250; x_wconf 76' lang='grc' dir='ltr'>αὐτῷ.</span> 
     </span>
    </p>
   </div>
   <div class='ocr_carea' id='block_1_40' title="bbox 2209 1258 3729 1350">
    <p class='ocr_par' dir='ltr' id='par_1_40' title="bbox 2209 1258 3729 1350">
     <span class='ocr_line' id='line_1_40' title="bbox 2209 1258 3729 1350; baseline -0.019 -14"><span class='ocrx_word' id='word_1_241' title='bbox 2209 1258 2281 1336; x_wconf 21' lang='grc' dir='ltr'><strong>Οἱν</strong></span> <span class='ocrx_word' id='word_1_242' title='bbox 2306 1283 2511 1350; x_wconf 80' lang='grc' dir='ltr'><strong>κύριοι,</strong></span> <span class='ocrx_word' id='word_1_243' title='bbox 2546 1278 2614 1330; x_wconf 75' lang='grc' dir='ltr'><strong>τὰ</strong></span> <span class='ocrx_word' id='word_1_244' title='bbox 2646 1274 2786 1328; x_wconf 78' lang='grc' dir='ltr'>αὐτὰ</span> <span class='ocrx_word' id='word_1_245' title='bbox 2817 1272 3022 1325; x_wconf 79' lang='grc' dir='ltr'>ποιεῖτε</span> <span class='ocrx_word' id='word_1_246' title='bbox 3056 1267 3194 1339; x_wconf 50' lang='grc' dir='ltr'>πρὲις</span> <span class='ocrx_word' id='word_1_247' title='bbox 3220 1263 3442 1325; x_wconf 70' lang='grc' dir='ltr'>αὐτοὺς,</span> <span class='ocrx_word' id='word_1_248' title='bbox 3476 1258 3729 1350; x_wconf 73' lang='grc' dir='ltr'>ἀνιέντες</span> 
     </span>
    </p>
   </div>
   <div class='ocr_carea' id='block_1_41' title="bbox 2138 1347 3731 1446">
    <p class='ocr_par' dir='ltr' id='par_1_41' title="bbox 2138 1347 3731 1446">
     <span class='ocr_line' id='line_1_41' title="bbox 2138 1347 3731 1446; baseline -0.019 -17"><span class='ocrx_word' id='word_1_249' title='bbox 2138 1375 2240 1446; x_wconf 84' lang='grc' dir='ltr'>τὴν</span> <span class='ocrx_word' id='word_1_250' title='bbox 2275 1347 2530 1441; x_wconf 75' lang='grc' dir='ltr'><strong>ἀπειλὴν.</strong></span> <span class='ocrx_word' id='word_1_251' title='bbox 2565 1367 2768 1428; x_wconf 78' lang='grc' dir='ltr'>εἰδότες</span> <span class='ocrx_word' id='word_1_252' title='bbox 2814 1364 2895 1417; x_wconf 80' lang='grc' dir='ltr'><strong>ὅτι</strong></span> <span class='ocrx_word' id='word_1_253' title='bbox 2923 1360 3020 1415; x_wconf 83' lang='grc' dir='ltr'><strong>καὶ</strong></span> <span class='ocrx_word' id='word_1_254' title='bbox 3051 1358 3205 1428; x_wconf 83' lang='grc' dir='ltr'>ὑμῶν</span> <span class='ocrx_word' id='word_1_255' title='bbox 3239 1354 3336 1409; x_wconf 66' lang='grc' dir='ltr'>καὶ</span> <span class='ocrx_word' id='word_1_256' title='bbox 3385 1350 3569 1405; x_wconf 80' lang='grc' dir='ltr'>αὐτῶν</span> <span class='ocrx_word' id='word_1_257' title='bbox 3611 1347 3731 1401; x_wconf 82' lang='grc' dir='ltr'><strong>Κύ-</strong></span> 
     </span>
    </p>
   </div>
   <div class='ocr_carea' id='block_1_42' title="bbox 2140 1457 2768 1541">
    <p class='ocr_par' dir='ltr' id='par_1_42' title="bbox 2140 1457 2768 1541">
     <span class='ocr_line' id='line_1_42' title="bbox 2140 1457 2768 1541; baseline -0.016 -20"><span class='ocrx_word' id='word_1_258' title='bbox 2140 1469 2254 1541; x_wconf 80' lang='grc' dir='ltr'>ριός</span> <span class='ocrx_word' id='word_1_259' title='bbox 2286 1468 2400 1519; x_wconf 74' lang='grc' dir='ltr'>ἐστι</span> <span class='ocrx_word' id='word_1_260' title='bbox 2436 1466 2495 1516; x_wconf 84' lang='lat' dir='ltr'><strong>tv</strong></span> <span class='ocrx_word' id='word_1_261' title='bbox 2528 1457 2768 1532; x_wconf 82' lang='grc' dir='ltr'><strong>οὐρανῷ.</strong></span> 
     </span>
    </p>
   </div>
   <div class='ocr_carea' id='block_1_43' title="bbox 2207 1535 3728 1627">
    <p class='ocr_par' dir='ltr' id='par_1_43' title="bbox 2207 1535 3728 1627">
     <span class='ocr_line' id='line_1_43' title="bbox 2207 1535 3728 1627; baseline -0.017 -14"><span class='ocrx_word' id='word_1_262' title='bbox 2207 1559 2270 1613; x_wconf 80' lang='lat' dir='ltr'><strong>Oi</strong></span> <span class='ocrx_word' id='word_1_263' title='bbox 2303 1557 2507 1627; x_wconf 80' lang='grc' dir='ltr'>κύριοι,</span> <span class='ocrx_word' id='word_1_264' title='bbox 2535 1554 2596 1609; x_wconf 82' lang='grc' dir='ltr'><strong>τὸ</strong></span> <span class='ocrx_word' id='word_1_265' title='bbox 2623 1553 2833 1606; x_wconf 84' lang='grc' dir='ltr'>δίκαιον</span> <span class='ocrx_word' id='word_1_266' title='bbox 2866 1547 2962 1602; x_wconf 80' lang='grc' dir='ltr'><strong>καὶ</strong></span> <span class='ocrx_word' id='word_1_267' title='bbox 2980 1543 3080 1615; x_wconf 74' lang='grc' dir='ltr'>τὴν</span> <span class='ocrx_word' id='word_1_268' title='bbox 3120 1540 3346 1610; x_wconf 70' lang='grc' dir='ltr'>ἰσότητα</span> <span class='ocrx_word' id='word_1_269' title='bbox 3373 1539 3488 1600; x_wconf 79' lang='grc' dir='ltr'><strong>τοῖς</strong></span> <span class='ocrx_word' id='word_1_270' title='bbox 3513 1535 3728 1596; x_wconf 77' lang='grc' dir='ltr'><strong>δούλοις</strong></span> 
     </span>
    </p>
   </div>
   <div class='ocr_carea' id='block_1_44' title="bbox 2138 1629 3730 1725">
    <p class='ocr_par' dir='ltr' id='par_1_44' title="bbox 2138 1629 3730 1725">
     <span class='ocr_line' id='line_1_44' title="bbox 2138 1629 3730 1725; baseline -0.019 -15"><span class='ocrx_word' id='word_1_271' title='bbox 2138 1653 2436 1725; x_wconf 70' lang='grc' dir='ltr'>παρέχετε,</span> <span class='ocrx_word' id='word_1_272' title='bbox 2484 1647 2688 1709; x_wconf 75' lang='grc' dir='ltr'>ειδότες</span> <span class='ocrx_word' id='word_1_273' title='bbox 2727 1644 2810 1698; x_wconf 82' lang='grc' dir='ltr'>ὅτι</span> <span class='ocrx_word' id='word_1_274' title='bbox 2852 1640 2952 1695; x_wconf 76' lang='grc' dir='ltr'><strong>καὶ</strong></span> <span class='ocrx_word' id='word_1_275' title='bbox 3015 1638 3176 1708; x_wconf 77' lang='grc' dir='ltr'>ὑμεῖς</span> <span class='ocrx_word' id='word_1_276' title='bbox 3214 1632 3423 1703; x_wconf 81' lang='grc' dir='ltr'><strong>Κύριον</strong></span> <span class='ocrx_word' id='word_1_277' title='bbox 3468 1630 3627 1700; x_wconf 73' lang='grc' dir='ltr'>ἔχετε</span> <span class='ocrx_word' id='word_1_278' title='bbox 3665 1629 3730 1681; x_wconf 84' lang='lat' dir='ltr'><strong>tv</strong></span> 
     </span>
    </p>
   </div>
   <div class='ocr_carea' id='block_1_45' title="bbox 2134 1931 2531 1998">
    <p class='ocr_par' dir='ltr' id='par_1_45' title="bbox 2134 1931 2531 1998">
     <span class='ocr_line' id='line_1_45' title="bbox 2134 1931 2531 1998; baseline -0.015 -13"><span class='ocrx_word' id='word_1_279' title='bbox 2134 1935 2249 1993; x_wconf 78' lang='grc' dir='ltr'>τοῖς</span> <span class='ocrx_word' id='word_1_280' title='bbox 2277 1931 2531 1998; x_wconf 71' lang='grc' dir='ltr'>ἔγγιστα.</span> 
     </span>
    </p>
   </div>
   <div class='ocr_carea' id='block_1_46' title="bbox 2205 1997 3727 2086">
    <p class='ocr_par' dir='ltr' id='par_1_46' title="bbox 2205 1997 3727 2086">
     <span class='ocr_line' id='line_1_46' title="bbox 2205 1997 3727 2086; baseline -0.016 -10"><span class='ocrx_word' id='word_1_281' title='bbox 2205 1997 2327 2077; x_wconf 14' lang='grc' dir='ltr'><strong>Καὶί</strong></span> <span class='ocrx_word' id='word_1_282' title='bbox 2358 1997 2670 2086; x_wconf 68' lang='grc' dir='ltr'><strong>ἀναγώγοις</strong></span> <span class='ocrx_word' id='word_1_283' title='bbox 2702 2014 2796 2068; x_wconf 78' lang='grc' dir='ltr'><strong>καὶ</strong></span> <span class='ocrx_word' id='word_1_284' title='bbox 2838 2011 3069 2082; x_wconf 77' lang='grc' dir='ltr'>ἄφροσιν</span> <span class='ocrx_word' id='word_1_285' title='bbox 3102 2005 3354 2067; x_wconf 74' lang='grc' dir='ltr'><strong>οἰκέταις</strong></span> <span class='ocrx_word' id='word_1_286' title='bbox 3383 1997 3727 2075; x_wconf 76' lang='grc' dir='ltr'>φοϐερδςδε-</span> 
     </span>
    </p>
   </div>
   <div class='ocr_carea' id='block_1_47' title="bbox 2138 2087 3728 2185">
    <p class='ocr_par' dir='ltr' id='par_1_47' title="bbox 2138 2087 3728 2185">
     <span class='ocr_line' id='line_1_47' title="bbox 2138 2087 3728 2185; baseline -0.018 -16"><span class='ocrx_word' id='word_1_287' title='bbox 2138 2115 2346 2185; x_wconf 84' lang='grc' dir='ltr'>σπότης</span> <span class='ocrx_word' id='word_1_288' title='bbox 2373 2108 2672 2179; x_wconf 77' lang='grc' dir='ltr'><strong>ὠφέλιμος.</strong></span> <span class='ocrx_word' id='word_1_289' title='bbox 2715 2104 2830 2168; x_wconf 79' lang='grc' dir='ltr'><strong>Τὰς</strong></span> <span class='ocrx_word' id='word_1_290' title='bbox 2861 2102 2972 2172; x_wconf 79' lang='grc' dir='ltr'>γὰρ</span> <span class='ocrx_word' id='word_1_291' title='bbox 3002 2095 3403 2158; x_wconf 71' lang='grc' dir='ltr'><strong>ἐπαναστάσεις</strong></span> <span class='ocrx_word' id='word_1_292' title='bbox 3430 2087 3601 2147; x_wconf 81' lang='grc' dir='ltr'>αὑτοῦ</span> <span class='ocrx_word' id='word_1_293' title='bbox 3637 2088 3728 2143; x_wconf 77' lang='grc' dir='ltr'>δε-</span> 
     </span>
    </p>
   </div>
   <div class='ocr_carea' id='block_1_48' title="bbox 2135 2189 3203 2271">
    <p class='ocr_par' dir='ltr' id='par_1_48' title="bbox 2135 2189 3203 2271">
     <span class='ocr_line' id='line_1_48' title="bbox 2135 2189 3203 2271; baseline -0.017 -8"><span class='ocrx_word' id='word_1_294' title='bbox 2135 2206 2331 2271; x_wconf 81' lang='grc' dir='ltr'>διότες,</span> <span class='ocrx_word' id='word_1_295' title='bbox 2361 2203 2591 2264; x_wconf 76' lang='grc' dir='ltr'><strong>ἄκοντες</strong></span> <span class='ocrx_word' id='word_1_296' title='bbox 2622 2198 2775 2270; x_wconf 78' lang='grc' dir='ltr'><strong>φόϐῳ</strong></span> <span class='ocrx_word' id='word_1_297' title='bbox 2800 2189 3203 2249; x_wconf 74' lang='grc' dir='ltr'>νουθετοῦνται.</span> 
     </span>
    </p>
   </div>
   <div class='ocr_carea' id='block_1_49' title="bbox 2209 2274 3725 2369">
    <p class='ocr_par' dir='ltr' id='par_1_49' title="bbox 2209 2274 3725 2369">
     <span class='ocr_line' id='line_1_49' title="bbox 2209 2274 3725 2369; baseline -0.02 -14"><span class='ocrx_word' id='word_1_298' title='bbox 2209 2300 2275 2356; x_wconf 79' lang='lat' dir='ltr'><strong>Oi</strong></span> <span class='ocrx_word' id='word_1_299' title='bbox 2292 2296 2579 2369; x_wconf 82' lang='grc' dir='ltr'>λεγόμενοι</span> <span class='ocrx_word' id='word_1_300' title='bbox 2597 2287 2995 2359; x_wconf 75' lang='grc' dir='ltr'>δεσπόταιδόξῃ</span> <span class='ocrx_word' id='word_1_301' title='bbox 3012 2285 3195 2356; x_wconf 84' lang='grc' dir='ltr'>μόνον,</span> <span class='ocrx_word' id='word_1_302' title='bbox 3221 2281 3284 2337; x_wconf 83' lang='grc' dir='ltr'>οὐ</span> <span class='ocrx_word' id='word_1_303' title='bbox 3304 2277 3442 2350; x_wconf 66' lang='grc' dir='ltr'>πρὸς</span> <span class='ocrx_word' id='word_1_304' title='bbox 3458 2274 3725 2346; x_wconf 75' lang='grc' dir='ltr'><strong>ἀλήθειαν</strong></span> 
     </span>
    </p>
   </div>
   <div class='ocr_carea' id='block_1_50' title="bbox 2136 2390 2520 2463">
    <p class='ocr_par' dir='ltr' id='par_1_50' title="bbox 2136 2390 2520 2463">
     <span class='ocr_line' id='line_1_50' title="bbox 2136 2390 2520 2463; baseline -0.013 -14"><span class='ocrx_word' id='word_1_305' title='bbox 2136 2390 2520 2463; x_wconf 76' lang='grc' dir='ltr'>ονομάζονται.</span> 
     </span>
    </p>
   </div>
   <div class='ocr_carea' id='block_1_51' title="bbox 2212 2455 3723 2555">
    <p class='ocr_par' dir='ltr' id='par_1_51' title="bbox 2212 2455 3723 2555">
     <span class='ocr_line' id='line_1_51' title="bbox 2212 2455 3723 2555; baseline -0.02 -14"><span class='ocrx_word' id='word_1_306' title='bbox 2212 2455 2418 2555; x_wconf 49' lang='lat' dir='ltr'><strong>ﬁdem;</strong></span> <span class='ocrx_word' id='word_1_307' title='bbox 2449 2479 2708 2549; x_wconf 72' lang='grc' dir='ltr'>γεννητὸς</span> <span class='ocrx_word' id='word_1_308' title='bbox 2754 2475 2891 2546; x_wconf 71' lang='grc' dir='ltr'>πρὸς</span> <span class='ocrx_word' id='word_1_309' title='bbox 2923 2471 3183 2541; x_wconf 75' lang='grc' dir='ltr'>ἀλήθειαν</span> <span class='ocrx_word' id='word_1_310' title='bbox 3215 2463 3416 2555; x_wconf 68' lang='grc' dir='ltr'>οὐδεὶς,</span> <span class='ocrx_word' id='word_1_311' title='bbox 3457 2457 3562 2514; x_wconf 65' lang='grc' dir='ltr'>κᾶν</span> <span class='ocrx_word' id='word_1_312' title='bbox 3610 2455 3723 2555; x_wconf 53' lang='lat' dir='ltr'><strong>dish</strong></span> 
     </span>
    </p>
   </div>
   <div class='ocr_carea' id='block_1_52' title="bbox 2139 2548 3723 2650">
    <p class='ocr_par' dir='ltr' id='par_1_52' title="bbox 2139 2548 3723 2650">
     <span class='ocr_line' id='line_1_52' title="bbox 2139 2548 3723 2650; baseline -0.021 -16"><span class='ocrx_word' id='word_1_313' title='bbox 2139 2548 2398 2650; x_wconf 78' lang='grc' dir='ltr'>περάτων</span> <span class='ocrx_word' id='word_1_314' title='bbox 2429 2548 2509 2637; x_wconf 59' lang='grc' dir='ltr'><strong>εἷς</strong></span> <span class='ocrx_word' id='word_1_315' title='bbox 2543 2548 2759 2639; x_wconf 74' lang='grc' dir='ltr'>πέρατα</span> <span class='ocrx_word' id='word_1_316' title='bbox 2787 2565 2886 2636; x_wconf 79' lang='grc' dir='ltr'>τὴν</span> <span class='ocrx_word' id='word_1_317' title='bbox 2929 2560 3234 2634; x_wconf 80' lang='grc' dir='ltr'>ἠγεμονίαν</span> <span class='ocrx_word' id='word_1_318' title='bbox 3264 2554 3547 2626; x_wconf 72' lang='grc' dir='ltr'>ἀνάψηται</span> <span class='ocrx_word' id='word_1_319' title='bbox 3566 2568 3584 2584; x_wconf 77' lang='grc' dir='ltr'>ο</span> <span class='ocrx_word' id='word_1_320' title='bbox 3622 2548 3723 2620; x_wconf 64' lang='lat' dir='ltr'><strong>M-</strong></span> 
     </span>
    </p>
   </div>
   <div class='ocr_carea' id='block_1_53' title="bbox 2139 2651 3258 2736">
    <p class='ocr_par' dir='ltr' id='par_1_53' title="bbox 2139 2651 3258 2736">
     <span class='ocr_line' id='line_1_53' title="bbox 2139 2651 3258 2736; baseline -0.021 -9"><span class='ocrx_word' id='word_1_321' title='bbox 2139 2688 2231 2736; x_wconf 85' lang='grc' dir='ltr'><strong>νος</strong></span> <span class='ocrx_word' id='word_1_322' title='bbox 2261 2668 2321 2724; x_wconf 75' lang='grc' dir='ltr'>δὲ</span> <span class='ocrx_word' id='word_1_323' title='bbox 2354 2668 2384 2722; x_wconf 81' lang='grc' dir='ltr'><strong>ὁ</strong></span> <span class='ocrx_word' id='word_1_324' title='bbox 2412 2667 2707 2736; x_wconf 79' lang='grc' dir='ltr'><strong>ἀγέννητος</strong></span> <span class='ocrx_word' id='word_1_325' title='bbox 2739 2657 2984 2731; x_wconf 53' lang='lat' dir='ltr'><strong>totum);</strong></span> <span class='ocrx_word' id='word_1_326' title='bbox 3012 2651 3258 2728; x_wconf 79' lang='grc' dir='ltr'>ἡγεμών.</span> 
     </span>
    </p>
   </div>
   <div class='ocr_carea' id='block_1_54' title="bbox 2734 2835 3121 2897">
    <p class='ocr_par' dir='ltr' id='par_1_54' title="bbox 2734 2835 3121 2897">
     <span class='ocr_line' id='line_1_54' title="bbox 2734 2835 3121 2897; baseline -0.026 0"><span class='ocrx_word' id='word_1_327' title='bbox 2734 2838 2951 2897; x_wconf 81' lang='grc' dir='ltr'><strong>ΛΟΓΟΣ</strong></span> <span class='ocrx_word' id='word_1_328' title='bbox 2991 2835 3121 2890; x_wconf 83' lang='lat' dir='ltr'><strong>KB’.</strong></span> 
     </span>
    </p>
   </div>
   <div class='ocr_carea' id='block_1_55' title="bbox 2510 2923 3353 3005">
    <p class='ocr_par' dir='ltr' id='par_1_55' title="bbox 2510 2923 3353 3005">
     <span class='ocr_line' id='line_1_55' title="bbox 2510 2923 3353 3005; baseline -0.018 -13"><span class='ocrx_word' id='word_1_329' title='bbox 2510 2935 2649 3005; x_wconf 79' lang='grc' dir='ltr'>Περὶ</span> <span class='ocrx_word' id='word_1_330' title='bbox 2677 2929 2995 2988; x_wconf 76' lang='grc' dir='ltr'><strong>δεσποτῶν</strong></span> <span class='ocrx_word' id='word_1_331' title='bbox 3009 2923 3353 2998; x_wconf 83' lang='grc' dir='ltr'><strong>μοχθηρῶν.</strong></span> 
     </span>
    </p>
   </div>
   <div class='ocr_carea' id='block_1_56' title="bbox 2214 3006 3725 3098">
    <p class='ocr_par' dir='ltr' id='par_1_56' title="bbox 2214 3006 3725 3098">
     <span class='ocr_line' id='line_1_56' title="bbox 2214 3006 3725 3098; baseline -0.019 -9"><span class='ocrx_word' id='word_1_332' title='bbox 2214 3032 2342 3089; x_wconf 86' lang='grc' dir='ltr'><strong>Ἐάν</strong></span> <span class='ocrx_word' id='word_1_333' title='bbox 2368 3048 2453 3093; x_wconf 83' lang='grc' dir='ltr'>τις</span> <span class='ocrx_word' id='word_1_334' title='bbox 2490 3027 2709 3098; x_wconf 76' lang='grc' dir='ltr'>πατάξῃ</span> <span class='ocrx_word' id='word_1_335' title='bbox 2737 3024 2830 3077; x_wconf 83' lang='grc' dir='ltr'>τὸν</span> <span class='ocrx_word' id='word_1_336' title='bbox 2857 3019 3134 3089; x_wconf 74' lang='grc' dir='ltr'>ὀφθαλμὸν</span> <span class='ocrx_word' id='word_1_337' title='bbox 3164 3014 3256 3071; x_wconf 81' lang='grc' dir='ltr'>τοῦ</span> <span class='ocrx_word' id='word_1_338' title='bbox 3287 3012 3505 3068; x_wconf 76' lang='grc' dir='ltr'>οἰκέτου</span> <span class='ocrx_word' id='word_1_339' title='bbox 3532 3006 3725 3076; x_wconf 75' lang='grc' dir='ltr'>αὐτοῦ,</span> 
     </span>
    </p>
   </div>
   <div class='ocr_carea' id='block_1_57' title="bbox 456 3100 2036 3200">
    <p class='ocr_par' dir='ltr' id='par_1_57' title="bbox 456 3115 2036 3190">
     <span class='ocr_line' id='line_1_57' title="bbox 456 3115 2036 3190; baseline 0.006 -22"><span class='ocrx_word' id='word_1_340' title='bbox 456 3115 541 3168; x_wconf 83' lang='lat' dir='ltr'><strong>sui</strong></span> <span class='ocrx_word' id='word_1_341' title='bbox 567 3124 661 3167; x_wconf 90' lang='lat' dir='ltr'><strong>aut</strong></span> <span class='ocrx_word' id='word_1_342' title='bbox 680 3131 874 3174; x_wconf 70' lang='lat' dir='ltr'><strong>servae.</strong></span> <span class='ocrx_word' id='word_1_343' title='bbox 895 3124 1057 3185; x_wconf 85' lang='lat' dir='ltr'><strong>atque</strong></span> <span class='ocrx_word' id='word_1_344' title='bbox 1072 3117 1233 3171; x_wconf 77' lang='lat' dir='ltr'><strong>etiam</strong></span> <span class='ocrx_word' id='word_1_345' title='bbox 1251 3120 1627 3184; x_wconf 69' lang='lat' dir='ltr'><strong>excmcaverit,</strong></span> <span class='ocrx_word' id='word_1_346' title='bbox 1646 3134 1746 3190; x_wconf 91' lang='lat' dir='ltr'><strong>pro</strong></span> <span class='ocrx_word' id='word_1_347' title='bbox 1769 3122 1931 3175; x_wconf 92' lang='lat' dir='ltr'><strong>oculo</strong></span> <span class='ocrx_word' id='word_1_348' title='bbox 1947 3136 2036 3178; x_wconf 80' lang='lat' dir='ltr'><strong>eos</strong></span> 
     </span>
    </p>
   </div>
   <div class='ocr_carea' id='block_1_58' title="bbox 2171 3100 3722 3200">
    <p class='ocr_par' dir='ltr' id='par_1_58' title="bbox 2171 3100 3722 3200">
     <span class='ocr_line' id='line_1_58' title="bbox 2171 3100 3722 3200; baseline -0.02 -19"><span class='ocrx_word' id='word_1_349' title='bbox 2171 3128 2181 3198; x_wconf 70' lang='grc' dir='ltr'>ι</span> <span class='ocrx_word' id='word_1_350' title='bbox 2227 3124 2320 3180; x_wconf 82' lang='grc' dir='ltr'><strong>τὸν</strong></span> <span class='ocrx_word' id='word_1_351' title='bbox 2374 3118 2649 3191; x_wconf 75' lang='grc' dir='ltr'><strong>ὀφθαλμὸν</strong></span> <span class='ocrx_word' id='word_1_352' title='bbox 2692 3115 2792 3184; x_wconf 84' lang='grc' dir='ltr'><strong>τῆς</strong></span> <span class='ocrx_word' id='word_1_353' title='bbox 2841 3106 3179 3200; x_wconf 15' lang='grc' dir='ltr'>Θεραπαᾲινης</span> <span class='ocrx_word' id='word_1_354' title='bbox 3219 3101 3412 3200; x_wconf 79' lang='grc' dir='ltr'>αὐτοῦ,</span> <span class='ocrx_word' id='word_1_355' title='bbox 3441 3100 3722 3200; x_wconf 43' lang='lat' dir='ltr'><strong>natura.</strong></span> 
     </span>
    </p>
   </div>
   <div class='ocr_carea' id='block_1_59' title="bbox 458 3191 2036 3288">
    <p class='ocr_par' dir='ltr' id='par_1_59' title="bbox 458 3204 2033 3274">
     <span class='ocr_line' id='line_1_59' title="bbox 458 3204 2033 3274; baseline 0.008 -17"><span class='ocrx_word' id='word_1_356' title='bbox 458 3204 827 3274; x_wconf 84' lang='lat' dir='ltr'><strong>manumittet;</strong></span> <span class='ocrx_word' id='word_1_357' title='bbox 850 3207 933 3261; x_wconf 90' lang='lat' dir='ltr'><strong>sin</strong></span> <span class='ocrx_word' id='word_1_358' title='bbox 957 3218 1136 3262; x_wconf 90' lang='lat' dir='ltr'><strong>autem</strong></span> <span class='ocrx_word' id='word_1_359' title='bbox 1166 3208 1385 3264; x_wconf 89' lang='lat' dir='ltr'><strong>dentem</strong></span> <span class='ocrx_word' id='word_1_360' title='bbox 1414 3211 1722 3267; x_wconf 76' lang='lat' dir='ltr'><strong>excusserit</strong></span> <span class='ocrx_word' id='word_1_361' title='bbox 1742 3214 1827 3268; x_wconf 87' lang='lat' dir='ltr'><strong>vel</strong></span> <span class='ocrx_word' id='word_1_362' title='bbox 1872 3227 2033 3270; x_wconf 90' lang='lat' dir='ltr'><strong>servo</strong></span> 
     </span>
    </p>
   </div>
   <div class='ocr_carea' id='block_1_60' title="bbox 2171 3191 3726 3288">
    <p class='ocr_par' dir='ltr' id='par_1_60' title="bbox 2171 3191 3726 3288">
     <span class='ocr_line' id='line_1_60' title="bbox 2171 3191 3726 3288; baseline -0.019 -19"><span class='ocrx_word' id='word_1_363' title='bbox 2171 3191 2353 3288; x_wconf 60' lang='lat' dir='ltr'><strong>iltbon,</strong></span> <span class='ocrx_word' id='word_1_364' title='bbox 2415 3210 2736 3277; x_wconf 67' lang='grc' dir='ltr'>ἐλευθέρους</span> <span class='ocrx_word' id='word_1_365' title='bbox 2789 3198 3140 3269; x_wconf 75' lang='grc' dir='ltr'>ἐξαποστελεῖ</span> <span class='ocrx_word' id='word_1_366' title='bbox 3186 3193 3392 3257; x_wconf 80' lang='grc' dir='ltr'>αὐτοὺς</span> <span class='ocrx_word' id='word_1_367' title='bbox 3431 3191 3574 3288; x_wconf 43' lang='grc' dir='ltr'><strong>’ἀντὶ</strong></span> <span class='ocrx_word' id='word_1_368' title='bbox 3609 3191 3726 3288; x_wconf 36' lang='grc' dir='ltr'><strong>,τοῦ</strong></span> 
     </span>
    </p>
   </div>
   <div class='ocr_carea' id='block_1_61' title="bbox 459 3296 1860 3370">
    <p class='ocr_par' dir='ltr' id='par_1_61' title="bbox 459 3296 1860 3370">
     <span class='ocr_line' id='line_1_61' title="bbox 459 3296 1860 3370; baseline 0.01 -23"><span class='ocrx_word' id='word_1_369' title='bbox 459 3296 544 3350; x_wconf 84' lang='lat' dir='ltr'><strong>vel</strong></span> <span class='ocrx_word' id='word_1_370' title='bbox 581 3312 774 3365; x_wconf 87' lang='lat' dir='ltr'><strong>servae,</strong></span> <span class='ocrx_word' id='word_1_371' title='bbox 808 3313 910 3370; x_wconf 88' lang='lat' dir='ltr'><strong>pro</strong></span> <span class='ocrx_word' id='word_1_372' title='bbox 946 3299 1202 3358; x_wconf 89' lang='lat' dir='ltr'><strong>dentibus</strong></span> <span class='ocrx_word' id='word_1_373' title='bbox 1224 3316 1317 3358; x_wconf 87' lang='lat' dir='ltr'><strong>eos</strong></span> <span class='ocrx_word' id='word_1_374' title='bbox 1346 3301 1595 3360; x_wconf 87' lang='lat' dir='ltr'><strong>libertate</strong></span> <span class='ocrx_word' id='word_1_375' title='bbox 1614 3304 1860 3361; x_wconf 84' lang='lat' dir='ltr'><strong>donabit.</strong></span> 
     </span>
    </p>
   </div>
   <div class='ocr_carea' id='block_1_62' title="bbox 534 3657 2044 3740">
    <p class='ocr_par' dir='ltr' id='par_1_62' title="bbox 534 3657 2044 3740">
     <span class='ocr_line' id='line_1_62' title="bbox 534 3657 2044 3740; baseline 0.01 -27"><span class='ocrx_word' id='word_1_376' title='bbox 534 3657 592 3713; x_wconf 86' lang='lat' dir='ltr'><strong>Si</strong></span> <span class='ocrx_word' id='word_1_377' title='bbox 619 3661 742 3729; x_wconf 88' lang='lat' dir='ltr'><strong>quis</strong></span> <span class='ocrx_word' id='word_1_378' title='bbox 764 3677 980 3717; x_wconf 89' lang='lat' dir='ltr'><strong>servum</strong></span> <span class='ocrx_word' id='word_1_379' title='bbox 1021 3674 1115 3718; x_wconf 84' lang='lat' dir='ltr'><strong>aut</strong></span> <span class='ocrx_word' id='word_1_380' title='bbox 1142 3680 1356 3720; x_wconf 88' lang='lat' dir='ltr'><strong>servam</strong></span> <span class='ocrx_word' id='word_1_381' title='bbox 1388 3683 1543 3723; x_wconf 84' lang='lat' dir='ltr'><strong>suam</strong></span> <span class='ocrx_word' id='word_1_382' title='bbox 1578 3669 1727 3740; x_wconf 81' lang='lat' dir='ltr'><strong>virga</strong></span> <span class='ocrx_word' id='word_1_383' title='bbox 1759 3686 2044 3738; x_wconf 83' lang='lat' dir='ltr'><strong>percusse-</strong></span> 
     </span>
    </p>
   </div>
   <div class='ocr_carea' id='block_1_63' title="bbox 462 3749 2041 3825">
    <p class='ocr_par' dir='ltr' id='par_1_63' title="bbox 462 3749 2041 3825">
     <span class='ocr_line' id='line_1_63' title="bbox 462 3749 2041 3825; baseline 0.009 -23"><span class='ocrx_word' id='word_1_384' title='bbox 462 3749 559 3814; x_wconf 86' lang='lat' dir='ltr'><strong>rit,</strong></span> <span class='ocrx_word' id='word_1_385' title='bbox 585 3759 643 3804; x_wconf 91' lang='lat' dir='ltr'><strong>et</strong></span> <span class='ocrx_word' id='word_1_386' title='bbox 687 3753 788 3806; x_wconf 85' lang='lat' dir='ltr'><strong>sub</strong></span> <span class='ocrx_word' id='word_1_387' title='bbox 816 3753 1065 3810; x_wconf 75' lang='lat' dir='ltr'><strong>nianibus</strong></span> <span class='ocrx_word' id='word_1_388' title='bbox 1097 3754 1246 3812; x_wconf 85' lang='lat' dir='ltr'><strong>illius</strong></span> <span class='ocrx_word' id='word_1_389' title='bbox 1282 3759 1581 3825; x_wconf 84' lang='lat' dir='ltr'><strong>moriatur,</strong></span> <span class='ocrx_word' id='word_1_390' title='bbox 1641 3761 1811 3815; x_wconf 85' lang='lat' dir='ltr'><strong>multa</strong></span> <span class='ocrx_word' id='word_1_391' title='bbox 1846 3761 2041 3818; x_wconf 89' lang='lat' dir='ltr'><strong>multa-</strong></span> 
     </span>
    </p>
   </div>
   <div class='ocr_carea' id='block_1_64' title="bbox 465 3839 2037 3922">
    <p class='ocr_par' dir='ltr' id='par_1_64' title="bbox 465 3839 2037 3922">
     <span class='ocr_line' id='line_1_64' title="bbox 465 3839 2037 3922; baseline 0.011 -30"><span class='ocrx_word' id='word_1_392' title='bbox 465 3839 637 3895; x_wconf 88' lang='lat' dir='ltr'><strong>bitur.</strong></span> <span class='ocrx_word' id='word_1_393' title='bbox 696 3840 852 3908; x_wconf 86' lang='lat' dir='ltr'><strong>Quod</strong></span> <span class='ocrx_word' id='word_1_394' title='bbox 890 3845 933 3897; x_wconf 89' lang='lat' dir='ltr'><strong>si</strong></span> <span class='ocrx_word' id='word_1_395' title='bbox 981 3848 1354 3916; x_wconf 76' lang='lat' dir='ltr'><strong>supervixerit</strong></span> <span class='ocrx_word' id='word_1_396' title='bbox 1389 3867 1557 3905; x_wconf 90' lang='lat' dir='ltr'><strong>unum</strong></span> <span class='ocrx_word' id='word_1_397' title='bbox 1592 3860 1684 3906; x_wconf 88' lang='lat' dir='ltr'><strong>aut</strong></span> <span class='ocrx_word' id='word_1_398' title='bbox 1728 3852 1865 3909; x_wconf 84' lang='lat' dir='ltr'><strong>duos</strong></span> <span class='ocrx_word' id='word_1_399' title='bbox 1896 3852 2037 3922; x_wconf 86' lang='lat' dir='ltr'><strong>dies,</strong></span> 
     </span>
    </p>
   </div>
   <div class='ocr_carea' id='block_1_65' title="bbox 464 3933 1722 4008">
    <p class='ocr_par' dir='ltr' id='par_1_65' title="bbox 464 3933 1722 4008">
     <span class='ocr_line' id='line_1_65' title="bbox 464 3933 1722 4008; baseline 0.01 -22"><span class='ocrx_word' id='word_1_400' title='bbox 464 3947 574 3986; x_wconf 88' lang='lat' dir='ltr'><strong>non</strong></span> <span class='ocrx_word' id='word_1_401' title='bbox 609 3933 969 4005; x_wconf 85' lang='lat' dir='ltr'><strong>multabitur;</strong></span> <span class='ocrx_word' id='word_1_402' title='bbox 1009 3939 1237 4008; x_wconf 89' lang='lat' dir='ltr'><strong>pecunia</strong></span> <span class='ocrx_word' id='word_1_403' title='bbox 1264 3941 1408 3995; x_wconf 90' lang='lat' dir='ltr'><strong>cnim</strong></span> <span class='ocrx_word' id='word_1_404' title='bbox 1447 3942 1593 3998; x_wconf 90' lang='lat' dir='ltr'><strong>illius</strong></span> <span class='ocrx_word' id='word_1_405' title='bbox 1618 3952 1722 3998; x_wconf 86' lang='lat' dir='ltr'><strong>est.</strong></span> 
     </span>
    </p>
   </div>
   <div class='ocr_carea' id='block_1_66' title="bbox 562 4089 2043 4194">
    <p class='ocr_par' dir='ltr' id='par_1_66' title="bbox 562 4089 2043 4194">
     <span class='ocr_line' id='line_1_66' title="bbox 562 4089 2043 4194; baseline 0.004 -19"><span class='ocrx_word' id='word_1_406' title='bbox 562 4118 716 4189; x_wconf 75' lang='lat'><strong>161</strong></span> <span class='ocrx_word' id='word_1_407' title='bbox 752 4118 1027 4174; x_wconf 85' lang='lat' dir='ltr'><strong>Salomon.</strong></span> <span class='ocrx_word' id='word_1_408' title='bbox 1063 4136 1123 4175; x_wconf 83' lang='grc' dir='ltr'><strong>ιι.</strong></span> <span class='ocrx_word' id='word_1_409' title='bbox 1153 4121 1254 4186; x_wconf 92' lang='lat' dir='ltr'><strong>Qui</strong></span> <span class='ocrx_word' id='word_1_410' title='bbox 1306 4137 1412 4176; x_wconf 89' lang='lat' dir='ltr'><strong>non</strong></span> <span class='ocrx_word' id='word_1_411' title='bbox 1454 4089 1744 4194; x_wconf 79' lang='lat' dir='ltr'><strong>diligenter</strong></span> <span class='ocrx_word' id='word_1_412' title='bbox 1787 4126 1904 4181; x_wconf 90' lang='lat' dir='ltr'><strong>obit</strong></span> <span class='ocrx_word' id='word_1_413' title='bbox 1960 4127 2043 4181; x_wconf 74' lang='grc' dir='ltr'><strong>ια-</strong></span> 
     </span>
    </p>
   </div>
   <div class='ocr_carea' id='block_1_67' title="bbox 467 4211 1936 4285">
    <p class='ocr_par' dir='ltr' id='par_1_67' title="bbox 467 4211 1936 4285">
     <span class='ocr_line' id='line_1_67' title="bbox 467 4211 1936 4285; baseline 0.006 -21"><span class='ocrx_word' id='word_1_414' title='bbox 467 4211 673 4265; x_wconf 84' lang='lat' dir='ltr'><strong>miliatn</strong></span> <span class='ocrx_word' id='word_1_415' title='bbox 709 4225 886 4276; x_wconf 79' lang='lat' dir='ltr'><strong>suam,</strong></span> <span class='ocrx_word' id='word_1_416' title='bbox 921 4227 1021 4280; x_wconf 91' lang='lat' dir='ltr'><strong>pro</strong></span> <span class='ocrx_word' id='word_1_417' title='bbox 1052 4212 1364 4267; x_wconf 82' lang='lat' dir='ltr'><strong>haereditate</strong></span> <span class='ocrx_word' id='word_1_418' title='bbox 1395 4225 1584 4272; x_wconf 89' lang='lat' dir='ltr'><strong>ventos</strong></span> <span class='ocrx_word' id='word_1_419' title='bbox 1616 4217 1936 4285; x_wconf 88' lang='lat' dir='ltr'><strong>possidebit.</strong></span> 
     </span>
    </p>
   </div>
   <div class='ocr_carea' id='block_1_68' title="bbox 540 4302 2045 4376">
    <p class='ocr_par' dir='ltr' id='par_1_68' title="bbox 540 4302 2045 4376">
     <span class='ocr_line' id='line_1_68' title="bbox 540 4302 2045 4376; baseline 0.006 -20"><span class='ocrx_word' id='word_1_420' title='bbox 540 4302 712 4356; x_wconf 84' lang='lat' dir='ltr'><strong>Eccli.</strong></span> <span class='ocrx_word' id='word_1_421' title='bbox 743 4319 815 4357; x_wconf 89' lang='lat' dir='ltr'><strong>tv.</strong></span> <span class='ocrx_word' id='word_1_422' title='bbox 847 4303 923 4355; x_wconf 81' lang='lat' dir='ltr'><strong>Ne</strong></span> <span class='ocrx_word' id='word_1_423' title='bbox 980 4303 1058 4359; x_wconf 88' lang='lat' dir='ltr'><strong>sis</strong></span> <span class='ocrx_word' id='word_1_424' title='bbox 1091 4314 1146 4358; x_wconf 78' lang='grc' dir='ltr'>ιιι</span> <span class='ocrx_word' id='word_1_425' title='bbox 1204 4304 1288 4359; x_wconf 87' lang='lat' dir='ltr'><strong>leo</strong></span> <span class='ocrx_word' id='word_1_426' title='bbox 1320 4307 1371 4359; x_wconf 92' lang='lat' dir='ltr'><strong>in</strong></span> <span class='ocrx_word' id='word_1_427' title='bbox 1403 4306 1566 4362; x_wconf 91' lang='lat' dir='ltr'><strong>domo</strong></span> <span class='ocrx_word' id='word_1_428' title='bbox 1604 4319 1718 4376; x_wconf 90' lang='lat' dir='ltr'><strong>tua,</strong></span> <span class='ocrx_word' id='word_1_429' title='bbox 1775 4326 1876 4366; x_wconf 90' lang='lat' dir='ltr'><strong>nec</strong></span> <span class='ocrx_word' id='word_1_430' title='bbox 1930 4326 2045 4365; x_wconf 88' lang='lat' dir='ltr'><strong>mo-</strong></span> 
     </span>
    </p>
   </div>
   <div class='ocr_carea' id='block_1_69' title="bbox 468 4395 2041 4472">
    <p class='ocr_par' dir='ltr' id='par_1_69' title="bbox 468 4395 2041 4472">
     <span class='ocr_line' id='line_1_69' title="bbox 468 4395 2041 4472; baseline 0.005 -21"><span class='ocrx_word' id='word_1_431' title='bbox 468 4412 628 4453; x_wconf 89' lang='lat' dir='ltr'><strong>rosus</strong></span> <span class='ocrx_word' id='word_1_432' title='bbox 658 4395 711 4450; x_wconf 91' lang='lat' dir='ltr'><strong>in</strong></span> <span class='ocrx_word' id='word_1_433' title='bbox 737 4409 924 4451; x_wconf 80' lang='lat' dir='ltr'><strong>servos</strong></span> <span class='ocrx_word' id='word_1_434' title='bbox 955 4405 1100 4462; x_wconf 88' lang='lat' dir='ltr'><strong>tuos,</strong></span> <span class='ocrx_word' id='word_1_435' title='bbox 1125 4406 1179 4452; x_wconf 92' lang='lat' dir='ltr'><strong>et</strong></span> <span class='ocrx_word' id='word_1_436' title='bbox 1207 4397 1482 4469; x_wconf 84' lang='lat' dir='ltr'><strong>subjectos</strong></span> <span class='ocrx_word' id='word_1_437' title='bbox 1514 4400 1608 4455; x_wconf 89' lang='lat' dir='ltr'><strong>tibi</strong></span> <span class='ocrx_word' id='word_1_438' title='bbox 1640 4415 1708 4456; x_wconf 92' lang='lat' dir='ltr'><strong>ne</strong></span> <span class='ocrx_word' id='word_1_439' title='bbox 1730 4402 2041 4472; x_wconf 87' lang='lat' dir='ltr'><strong>deprimito.</strong></span> 
     </span>
    </p>
   </div>
   <div class='ocr_carea' id='block_1_70' title="bbox 541 4580 2047 4659">
    <p class='ocr_par' dir='ltr' id='par_1_70' title="bbox 541 4580 2047 4659">
     <span class='ocr_line' id='line_1_70' title="bbox 541 4580 2047 4659; baseline 0.005 -22"><span class='ocrx_word' id='word_1_440' title='bbox 541 4580 599 4638; x_wconf 90' lang='lat' dir='ltr'><strong>S.</strong></span> <span class='ocrx_word' id='word_1_441' title='bbox 630 4581 843 4637; x_wconf 80' lang='lat' dir='ltr'><strong>Basilii.</strong></span> <span class='ocrx_word' id='word_1_442' title='bbox 884 4584 941 4637; x_wconf 92' lang='lat' dir='ltr'><strong>Si</strong></span> <span class='ocrx_word' id='word_1_443' title='bbox 973 4584 1113 4639; x_wconf 81' lang='lat' dir='ltr'><strong>male</strong></span> <span class='ocrx_word' id='word_1_444' title='bbox 1141 4599 1359 4640; x_wconf 88' lang='lat' dir='ltr'><strong>servum</strong></span> <span class='ocrx_word' id='word_1_445' title='bbox 1398 4595 1551 4641; x_wconf 90' lang='lat' dir='ltr'><strong>tuum</strong></span> <span class='ocrx_word' id='word_1_446' title='bbox 1580 4587 1856 4652; x_wconf 89' lang='lat' dir='ltr'><strong>tractaris,</strong></span> <span class='ocrx_word' id='word_1_447' title='bbox 1892 4589 2047 4659; x_wconf 90' lang='lat' dir='ltr'><strong>isque</strong></span> 
     </span>
    </p>
   </div>
   <div class='ocr_carea' id='block_1_71' title="bbox 470 4678 1800 4748">
    <p class='ocr_par' dir='ltr' id='par_1_71' title="bbox 470 4678 1800 4748">
     <span class='ocr_line' id='line_1_71' title="bbox 470 4678 1800 4748; baseline 0.004 -18"><span class='ocrx_word' id='word_1_448' title='bbox 470 4688 522 4733; x_wconf 91' lang='lat' dir='ltr'><strong>te</strong></span> <span class='ocrx_word' id='word_1_449' title='bbox 557 4678 745 4732; x_wconf 73' lang='lat' dir='ltr'><strong>relicto</strong></span> <span class='ocrx_word' id='word_1_450' title='bbox 777 4679 1070 4745; x_wconf 75' lang='lat' dir='ltr'><strong>aufugerit,</strong></span> <span class='ocrx_word' id='word_1_451' title='bbox 1103 4695 1208 4748; x_wconf 86' lang='lat' dir='ltr'><strong>qua</strong></span> <span class='ocrx_word' id='word_1_452' title='bbox 1239 4681 1324 4733; x_wconf 85' lang='lat' dir='ltr'><strong>via</strong></span> <span class='ocrx_word' id='word_1_453' title='bbox 1353 4695 1569 4748; x_wconf 62' lang='lat' dir='ltr'><strong>quaeres</strong></span> <span class='ocrx_word' id='word_1_454' title='bbox 1593 4680 1745 4735; x_wconf 91' lang='lat' dir='ltr'><strong>illum</strong></span> <span class='ocrx_word' id='word_1_455' title='bbox 1777 4682 1800 4735; x_wconf 89' lang='lat'><strong>?</strong></span> 
     </span>
    </p>
   </div>
   <div class='ocr_carea' id='block_1_72' title="bbox 450 4770 2050 4845">
    <p class='ocr_par' dir='ltr' id='par_1_72' title="bbox 450 4770 2050 4845">
     <span class='ocr_line' id='line_1_72' title="bbox 450 4770 2050 4845; baseline 0.005 -23"><span class='ocrx_word' id='word_1_456' title='bbox 450 4808 454 4813; x_wconf 81' lang='lat'><strong>.</strong></span> <span class='ocrx_word' id='word_1_457' title='bbox 541 4771 713 4836; x_wconf 87' lang='lat' dir='ltr'><strong>Quem</strong></span> <span class='ocrx_word' id='word_1_458' title='bbox 748 4780 904 4840; x_wconf 89' lang='lat' dir='ltr'><strong>pater</strong></span> <span class='ocrx_word' id='word_1_459' title='bbox 973 4770 1162 4840; x_wconf 86' lang='lat' dir='ltr'><strong>inique</strong></span> <span class='ocrx_word' id='word_1_460' title='bbox 1223 4777 1277 4825; x_wconf 88' lang='lat' dir='ltr'><strong>in</strong></span> <span class='ocrx_word' id='word_1_461' title='bbox 1325 4774 1647 4827; x_wconf 85' lang='lat' dir='ltr'><strong>servitutem</strong></span> <span class='ocrx_word' id='word_1_462' title='bbox 1702 4773 1931 4845; x_wconf 82' lang='lat' dir='ltr'><strong>redegit,</strong></span> <span class='ocrx_word' id='word_1_463' title='bbox 1985 4789 2050 4830; x_wconf 85' lang='lat' dir='ltr'><strong>ac</strong></span> 
     </span>
    </p>
   </div>
   <div class='ocr_carea' id='block_1_73' title="bbox 471 4859 2048 4929">
    <p class='ocr_par' dir='ltr' id='par_1_73' title="bbox 471 4859 2048 4929">
     <span class='ocr_line' id='line_1_73' title="bbox 471 4859 2048 4929; baseline 0.003 -15"><span class='ocrx_word' id='word_1_464' title='bbox 471 4875 687 4914; x_wconf 81' lang='lat' dir='ltr'><strong>servum</strong></span> <span class='ocrx_word' id='word_1_465' title='bbox 737 4859 834 4914; x_wconf 91' lang='lat' dir='ltr'><strong>tibi</strong></span> <span class='ocrx_word' id='word_1_466' title='bbox 866 4859 1111 4928; x_wconf 78' lang='lat' dir='ltr'><strong>reliquit,</strong></span> <span class='ocrx_word' id='word_1_467' title='bbox 1146 4861 1288 4914; x_wconf 82' lang='lat' dir='ltr'><strong>dona</strong></span> <span class='ocrx_word' id='word_1_468' title='bbox 1316 4878 1440 4916; x_wconf 87' lang='lat' dir='ltr'><strong>eum</strong></span> <span class='ocrx_word' id='word_1_469' title='bbox 1475 4861 1745 4929; x_wconf 81' lang='lat' dir='ltr'><strong>libertate,</strong></span> <span class='ocrx_word' id='word_1_470' title='bbox 1777 4873 1833 4918; x_wconf 91' lang='lat' dir='ltr'><strong>et</strong></span> <span class='ocrx_word' id='word_1_471' title='bbox 1857 4865 2048 4929; x_wconf 67' lang='lat' dir='ltr'><strong>illiile-</strong></span> 
     </span>
    </p>
   </div>
   <div class='ocr_carea' id='block_1_74' title="bbox 471 4952 2051 5026">
    <p class='ocr_par' dir='ltr' id='par_1_74' title="bbox 471 4952 2051 5026">
     <span class='ocr_line' id='line_1_74' title="bbox 471 4952 2051 5026; baseline 0.007 -24"><span class='ocrx_word' id='word_1_472' title='bbox 471 4953 674 5005; x_wconf 88' lang='lat' dir='ltr'><strong>viorem</strong></span> <span class='ocrx_word' id='word_1_473' title='bbox 712 4952 907 5008; x_wconf 82' lang='lat' dir='ltr'><strong>feceris</strong></span> <span class='ocrx_word' id='word_1_474' title='bbox 948 4970 1192 5024; x_wconf 73' lang='lat' dir='ltr'><strong>ptenztm,</strong></span> <span class='ocrx_word' id='word_1_475' title='bbox 1223 4967 1276 5009; x_wconf 90' lang='lat' dir='ltr'><strong>et</strong></span> <span class='ocrx_word' id='word_1_476' title='bbox 1311 4955 1403 5010; x_wconf 91' lang='lat' dir='ltr'><strong>tibi</strong></span> <span class='ocrx_word' id='word_1_477' title='bbox 1441 4973 1622 5011; x_wconf 85' lang='lat' dir='ltr'><strong>veram</strong></span> <span class='ocrx_word' id='word_1_478' title='bbox 1651 4958 1931 5026; x_wconf 83' lang='lat' dir='ltr'><strong>paraveris</strong></span> <span class='ocrx_word' id='word_1_479' title='bbox 1984 4958 2051 5013; x_wconf 85' lang='lat' dir='ltr'><strong>ll-</strong></span> 
     </span>
    </p>
   </div>
   <div class='ocr_carea' id='block_1_75' title="bbox 473 5045 757 5100">
    <p class='ocr_par' dir='ltr' id='par_1_75' title="bbox 473 5045 757 5100">
     <span class='ocr_line' id='line_1_75' title="bbox 473 5045 757 5100; baseline 0.011 -3"><span class='ocrx_word' id='word_1_480' title='bbox 473 5045 757 5100; x_wconf 80' lang='lat' dir='ltr'><strong>bertatem.</strong></span> 
     </span>
    </p>
   </div>
   <div class='ocr_carea' id='block_1_76' title="bbox 835 5135 1671 5214">
    <p class='ocr_par' dir='ltr' id='par_1_76' title="bbox 835 5135 1671 5214">
     <span class='ocr_line' id='line_1_76' title="bbox 835 5135 1671 5214; baseline 0.007 -23"><span class='ocrx_word' id='word_1_481' title='bbox 835 5135 1067 5191; x_wconf 80' lang='lat' dir='ltr'><strong>SEBMO</strong></span> <span class='ocrx_word' id='word_1_482' title='bbox 1084 5135 1252 5192; x_wconf 82' lang='lat' dir='ltr'><strong>xxnt</strong></span> <span class='ocrx_word' id='word_1_483' title='bbox 1285 5135 1382 5212; x_wconf 83' lang='grc' dir='ltr'><strong>[αι.</strong></span> <span class='ocrx_word' id='word_1_484' title='bbox 1411 5139 1671 5214; x_wconf 72' lang='lat' dir='ltr'><strong>exvru].</strong></span> 
     </span>
    </p>
   </div>
   <div class='ocr_carea' id='block_1_77' title="bbox 1042 5227 1487 5299">
    <p class='ocr_par' dir='ltr' id='par_1_77' title="bbox 1042 5227 1487 5299">
     <span class='ocr_line' id='line_1_77' title="bbox 1042 5227 1487 5299; baseline 0.007 -17"><span class='ocrx_word' id='word_1_485' title='bbox 1042 5230 1113 5282; x_wconf 85' lang='lat' dir='ltr'><strong>De</strong></span> <span class='ocrx_word' id='word_1_486' title='bbox 1145 5227 1283 5299; x_wconf 70' lang='lat' dir='ltr'><strong>frugi</strong></span> <span class='ocrx_word' id='word_1_487' title='bbox 1306 5233 1487 5285; x_wconf 80' lang='lat' dir='ltr'><strong>servis.</strong></span> 
     </span>
    </p>
   </div>
   <div class='ocr_carea' id='block_1_78' title="bbox 554 5316 1873 5393">
    <p class='ocr_par' dir='ltr' id='par_1_78' title="bbox 554 5316 1873 5393">
     <span class='ocr_line' id='line_1_78' title="bbox 554 5316 1873 5393; baseline 0.003 -20"><span class='ocrx_word' id='word_1_488' title='bbox 554 5318 827 5373; x_wconf 83' lang='lat' dir='ltr'><strong>Salomon.</strong></span> <span class='ocrx_word' id='word_1_489' title='bbox 848 5320 985 5374; x_wconf 84' lang='lat' dir='ltr'><strong>Iram</strong></span> <span class='ocrx_word' id='word_1_490' title='bbox 1019 5323 1118 5375; x_wconf 79' lang='lat' dir='ltr'><strong>viri</strong></span> <span class='ocrx_word' id='word_1_491' title='bbox 1149 5316 1386 5392; x_wconf 74' lang='lat' dir='ltr'><strong>prudens</strong></span> <span class='ocrx_word' id='word_1_492' title='bbox 1419 5339 1611 5380; x_wconf 90' lang='lat' dir='ltr'><strong>servus</strong></span> <span class='ocrx_word' id='word_1_493' title='bbox 1641 5325 1873 5393; x_wconf 80' lang='lat' dir='ltr'><strong>mitigat.</strong></span> 
     </span>
    </p>
   </div>
   <div class='ocr_carea' id='block_1_79' title="bbox 551 5408 2052 5488">
    <p class='ocr_par' dir='ltr' id='par_1_79' title="bbox 551 5408 2052 5488">
     <span class='ocr_line' id='line_1_79' title="bbox 551 5408 2052 5488; baseline 0.005 -24"><span class='ocrx_word' id='word_1_494' title='bbox 551 5408 754 5465; x_wconf 81' lang='lat' dir='ltr'><strong>Servus</strong></span> <span class='ocrx_word' id='word_1_495' title='bbox 785 5410 1143 5481; x_wconf 80' lang='lat' dir='ltr'><strong>intelligentia</strong></span> <span class='ocrx_word' id='word_1_496' title='bbox 1168 5416 1424 5483; x_wconf 71' lang='lat' dir='ltr'><strong>prteditus</strong></span> <span class='ocrx_word' id='word_1_497' title='bbox 1467 5410 1706 5473; x_wconf 84' lang='lat' dir='ltr'><strong>dominis</strong></span> <span class='ocrx_word' id='word_1_498' title='bbox 1750 5416 2052 5488; x_wconf 84' lang='lat' dir='ltr'><strong>insipienti-</strong></span> 
     </span>
    </p>
   </div>
   <div class='ocr_carea' id='block_1_80' title="bbox 480 5501 1005 5558">
    <p class='ocr_par' dir='ltr' id='par_1_80' title="bbox 480 5501 1005 5558">
     <span class='ocr_line' id='line_1_80' title="bbox 480 5501 1005 5558; baseline 0 -2"><span class='ocrx_word' id='word_1_499' title='bbox 480 5503 585 5557; x_wconf 90' lang='lat' dir='ltr'><strong>bus</strong></span> <span class='ocrx_word' id='word_1_500' title='bbox 617 5501 1005 5558; x_wconf 86' lang='lat' dir='ltr'><strong>dominabitur.</strong></span> 
     </span>
    </p>
   </div>
   <div class='ocr_carea' id='block_1_81' title="bbox 555 5595 2055 5668">
    <p class='ocr_par' dir='ltr' id='par_1_81' title="bbox 555 5595 2055 5668">
     <span class='ocr_line' id='line_1_81' title="bbox 555 5595 2055 5668; baseline 0.005 -17"><span class='ocrx_word' id='word_1_501' title='bbox 555 5597 706 5651; x_wconf 85' lang='lat' dir='ltr'><strong>Servi</strong></span> <span class='ocrx_word' id='word_1_502' title='bbox 738 5595 996 5664; x_wconf 80' lang='lat' dir='ltr'><strong>sapientis</strong></span> <span class='ocrx_word' id='word_1_503' title='bbox 1029 5611 1299 5668; x_wconf 73' lang='lat' dir='ltr'><strong>prospera:</strong></span> <span class='ocrx_word' id='word_1_504' title='bbox 1321 5609 1483 5655; x_wconf 89' lang='lat' dir='ltr'><strong>erunt</strong></span> <span class='ocrx_word' id='word_1_505' title='bbox 1509 5602 1752 5659; x_wconf 84' lang='lat' dir='ltr'><strong>actiones</strong></span> <span class='ocrx_word' id='word_1_506' title='bbox 1799 5617 1853 5659; x_wconf 86' lang='lat' dir='ltr'><strong>et</strong></span> <span class='ocrx_word' id='word_1_507' title='bbox 1897 5603 2055 5661; x_wconf 87' lang='lat' dir='ltr'><strong>insti-</strong></span> 
     </span>
    </p>
   </div>
   <div class='ocr_carea' id='block_1_82' title="bbox 491 5689 933 5754">
    <p class='ocr_par' dir='ltr' id='par_1_82' title="bbox 491 5689 933 5754">
     <span class='ocr_line' id='line_1_82' title="bbox 491 5689 933 5754; baseline 0.016 -20"><span class='ocrx_word' id='word_1_508' title='bbox 491 5693 603 5739; x_wconf 77' lang='lat' dir='ltr'><strong>tu1a</strong></span> <span class='ocrx_word' id='word_1_509' title='bbox 627 5689 743 5754; x_wconf 78' lang='lat' dir='ltr'><strong>ejus</strong></span> <span class='ocrx_word' id='word_1_510' title='bbox 770 5699 933 5742; x_wconf 66' lang='lat' dir='ltr'><strong>recta.</strong></span> 
     </span>
    </p>
   </div>
   <div class='ocr_carea' id='block_1_83' title="bbox 562 5773 1635 5852">
    <p class='ocr_par' dir='ltr' id='par_1_83' title="bbox 562 5773 1635 5852">
     <span class='ocr_line' id='line_1_83' title="bbox 562 5773 1635 5852; baseline 0.012 -25"><span class='ocrx_word' id='word_1_511' title='bbox 562 5773 787 5844; x_wconf 82' lang='lat' dir='ltr'><strong>Sapiens</strong></span> <span class='ocrx_word' id='word_1_512' title='bbox 820 5780 1097 5852; x_wconf 87' lang='lat' dir='ltr'><strong>jucundus</strong></span> <span class='ocrx_word' id='word_1_513' title='bbox 1148 5781 1371 5839; x_wconf 86' lang='lat' dir='ltr'><strong>domino</strong></span> <span class='ocrx_word' id='word_1_514' title='bbox 1422 5798 1635 5841; x_wconf 82' lang='lat' dir='ltr'><strong>servus.</strong></span> 
     </span>
    </p>
   </div>
   <div class='ocr_carea' id='block_1_84' title="bbox 2136 3281 3723 3379">
    <p class='ocr_par' dir='ltr' id='par_1_84' title="bbox 2136 3281 3723 3379">
     <span class='ocr_line' id='line_1_84' title="bbox 2136 3281 3723 3379; baseline -0.02 -16"><span class='ocrx_word' id='word_1_515' title='bbox 2136 3281 2422 3379; x_wconf 60' lang='grc' dir='ltr'><strong>οφθαήιοῦ</strong></span> <span class='ocrx_word' id='word_1_516' title='bbox 2470 3302 2674 3358; x_wconf 84' lang='grc' dir='ltr'><strong>αὐτῶν.</strong></span> <span class='ocrx_word' id='word_1_517' title='bbox 2721 3297 2848 3351; x_wconf 85' lang='grc' dir='ltr'><strong>Ἐὰν</strong></span> <span class='ocrx_word' id='word_1_518' title='bbox 2894 3293 2953 3348; x_wconf 66' lang='grc' dir='ltr'>δι</span> <span class='ocrx_word' id='word_1_519' title='bbox 3010 3291 3104 3345; x_wconf 80' lang='grc' dir='ltr'>τδν</span> <span class='ocrx_word' id='word_1_520' title='bbox 3138 3288 3327 3343; x_wconf 83' lang='grc' dir='ltr'>ὀδόντα</span> <span class='ocrx_word' id='word_1_521' title='bbox 3366 3282 3464 3379; x_wconf 59' lang='lat' dir='ltr'><strong>eos</strong></span> <span class='ocrx_word' id='word_1_522' title='bbox 3496 3281 3723 3379; x_wconf 53' lang='grc' dir='ltr'>οικιαου</span> 
     </span>
    </p>
   </div>
   <div class='ocr_carea' id='block_1_85' title="bbox 2140 3372 3724 3469">
    <p class='ocr_par' dir='ltr' id='par_1_85' title="bbox 2140 3372 3724 3469">
     <span class='ocr_line' id='line_1_85' title="bbox 2140 3372 3724 3469; baseline -0.02 -13"><span class='ocrx_word' id='word_1_523' title='bbox 2140 3372 2387 3469; x_wconf 57' lang='lat' dir='ltr'><strong>att-com</strong></span> <span class='ocrx_word' id='word_1_524' title='bbox 2417 3395 2509 3450; x_wconf 79' lang='grc' dir='ltr'>τον</span> <span class='ocrx_word' id='word_1_525' title='bbox 2537 3392 2726 3446; x_wconf 84' lang='grc' dir='ltr'>ὀδόντα</span> <span class='ocrx_word' id='word_1_526' title='bbox 2747 3390 2852 3457; x_wconf 84' lang='grc' dir='ltr'><strong>τῆς</strong></span> <span class='ocrx_word' id='word_1_527' title='bbox 2873 3381 3255 3457; x_wconf 73' lang='grc' dir='ltr'><strong>θεραπαινίδος</strong></span> <span class='ocrx_word' id='word_1_528' title='bbox 3290 3376 3455 3469; x_wconf 54' lang='lat' dir='ltr'><strong>adeo?</strong></span> <span class='ocrx_word' id='word_1_529' title='bbox 3491 3372 3724 3469; x_wconf 57' lang='grc' dir='ltr'>δαιοάψιι,</span> 
     </span>
    </p>
   </div>
   <div class='ocr_carea' id='block_1_86' title="bbox 2140 3466 3725 3561">
    <p class='ocr_par' dir='ltr' id='par_1_86' title="bbox 2140 3466 3725 3561">
     <span class='ocr_line' id='line_1_86' title="bbox 2140 3466 3725 3561; baseline -0.02 -14"><span class='ocrx_word' id='word_1_530' title='bbox 2140 3466 2462 3561; x_wconf 78' lang='grc' dir='ltr'>ἐλευθέρους</span> <span class='ocrx_word' id='word_1_531' title='bbox 2514 3474 2869 3550; x_wconf 74' lang='grc' dir='ltr'>ἕξαποστελεϊ</span> <span class='ocrx_word' id='word_1_532' title='bbox 2924 3475 3121 3538; x_wconf 77' lang='grc' dir='ltr'>αὐτοὺς</span> <span class='ocrx_word' id='word_1_533' title='bbox 3180 3471 3304 3528; x_wconf 80' lang='grc' dir='ltr'><strong>ἀντὶ</strong></span> <span class='ocrx_word' id='word_1_534' title='bbox 3358 3466 3457 3523; x_wconf 76' lang='grc' dir='ltr'>τοῦ</span> <span class='ocrx_word' id='word_1_535' title='bbox 3514 3466 3725 3528; x_wconf 71' lang='grc' dir='ltr'><strong>ὀδόντι),</strong></span> 
     </span>
    </p>
   </div>
   <div class='ocr_carea' id='block_1_87' title="bbox 2140 3584 2342 3642">
    <p class='ocr_par' dir='ltr' id='par_1_87' title="bbox 2140 3584 2342 3642">
     <span class='ocr_line' id='line_1_87' title="bbox 2140 3584 2342 3642; baseline -0.025 0"><span class='ocrx_word' id='word_1_536' title='bbox 2140 3584 2342 3642; x_wconf 84' lang='grc' dir='ltr'>αὐτῶν.</span> 
     </span>
    </p>
   </div>
   <div class='ocr_carea' id='block_1_88' title="bbox 2224 3653 3726 3742">
    <p class='ocr_par' dir='ltr' id='par_1_88' title="bbox 2224 3653 3726 3742">
     <span class='ocr_line' id='line_1_88' title="bbox 2224 3653 3726 3742; baseline -0.021 -8"><span class='ocrx_word' id='word_1_537' title='bbox 2224 3678 2354 3732; x_wconf 82' lang='grc' dir='ltr'>Ἐάν</span> <span class='ocrx_word' id='word_1_538' title='bbox 2380 3694 2462 3739; x_wconf 84' lang='grc' dir='ltr'><strong>τις</strong></span> <span class='ocrx_word' id='word_1_539' title='bbox 2493 3670 2708 3742; x_wconf 77' lang='grc' dir='ltr'>πατάξῃ</span> <span class='ocrx_word' id='word_1_540' title='bbox 2739 3669 2832 3721; x_wconf 77' lang='grc' dir='ltr'>τὸν</span> <span class='ocrx_word' id='word_1_541' title='bbox 2855 3663 3024 3719; x_wconf 81' lang='grc' dir='ltr'>παῖδα</span> <span class='ocrx_word' id='word_1_542' title='bbox 3049 3659 3213 3716; x_wconf 82' lang='grc' dir='ltr'>αὐτοῦ</span> <span class='ocrx_word' id='word_1_543' title='bbox 3246 3658 3279 3729; x_wconf 78' lang='grc' dir='ltr'>ἢ</span> <span class='ocrx_word' id='word_1_544' title='bbox 3302 3654 3403 3726; x_wconf 74' lang='grc' dir='ltr'>τὴν</span> <span class='ocrx_word' id='word_1_545' title='bbox 3430 3653 3726 3720; x_wconf 74' lang='grc' dir='ltr'>παιδίσκην</span> 
     </span>
    </p>
   </div>
   <div class='ocr_carea' id='block_1_89' title="bbox 2144 3743 3725 3834">
    <p class='ocr_par' dir='ltr' id='par_1_89' title="bbox 2144 3743 3725 3834">
     <span class='ocr_line' id='line_1_89' title="bbox 2144 3743 3725 3834; baseline -0.021 -7"><span class='ocrx_word' id='word_1_546' title='bbox 2144 3770 2312 3827; x_wconf 79' lang='grc' dir='ltr'>αὐτοῦ</span> <span class='ocrx_word' id='word_1_547' title='bbox 2354 3770 2412 3822; x_wconf 90' lang='lat' dir='ltr'><strong>tv</strong></span> <span class='ocrx_word' id='word_1_548' title='bbox 2469 3764 2670 3834; x_wconf 73' lang='grc' dir='ltr'><strong>ῥάϐδῳ,</strong></span> <span class='ocrx_word' id='word_1_549' title='bbox 2720 3761 2814 3814; x_wconf 74' lang='grc' dir='ltr'>καὶ</span> <span class='ocrx_word' id='word_1_550' title='bbox 2857 3755 3107 3825; x_wconf 78' lang='grc' dir='ltr'><strong>ἀποθάνῃ</strong></span> <span class='ocrx_word' id='word_1_551' title='bbox 3149 3750 3255 3805; x_wconf 83' lang='grc' dir='ltr'>ὑπὸ</span> <span class='ocrx_word' id='word_1_552' title='bbox 3279 3749 3382 3810; x_wconf 75' lang='grc' dir='ltr'><strong>τὰς</strong></span> <span class='ocrx_word' id='word_1_553' title='bbox 3412 3747 3602 3818; x_wconf 80' lang='grc' dir='ltr'>χεῖρας</span> <span class='ocrx_word' id='word_1_554' title='bbox 3630 3743 3725 3796; x_wconf 79' lang='grc' dir='ltr'><strong>αὓ-</strong></span> 
     </span>
    </p>
   </div>
   <div class='ocr_carea' id='block_1_90' title="bbox 2144 3836 3722 3928">
    <p class='ocr_par' dir='ltr' id='par_1_90' title="bbox 2144 3836 3722 3928">
     <span class='ocr_line' id='line_1_90' title="bbox 2144 3836 3722 3928; baseline -0.019 -12"><span class='ocrx_word' id='word_1_555' title='bbox 2144 3861 2263 3927; x_wconf 84' lang='grc' dir='ltr'><strong>τοῦ,</strong></span> <span class='ocrx_word' id='word_1_556' title='bbox 2300 3860 2458 3928; x_wconf 80' lang='grc' dir='ltr'>δίκην</span> <span class='ocrx_word' id='word_1_557' title='bbox 2489 3853 2944 3922; x_wconf 80' lang='grc' dir='ltr'>ὲκδικηθήσεται·</span> <span class='ocrx_word' id='word_1_558' title='bbox 2993 3845 3089 3898; x_wconf 72' lang='grc' dir='ltr'><strong>ἐὰν</strong></span> <span class='ocrx_word' id='word_1_559' title='bbox 3119 3844 3176 3897; x_wconf 83' lang='grc' dir='ltr'>δὲ</span> <span class='ocrx_word' id='word_1_560' title='bbox 3208 3838 3475 3909; x_wconf 77' lang='grc' dir='ltr'>διαϐιώσῃ</span> <span class='ocrx_word' id='word_1_561' title='bbox 3507 3836 3722 3928; x_wconf 78' lang='grc' dir='ltr'><strong>ἡμέραν</strong></span> 
     </span>
    </p>
   </div>
   <div class='ocr_carea' id='block_1_91' title="bbox 2149 3925 3724 4024">
    <p class='ocr_par' dir='ltr' id='par_1_91' title="bbox 2149 3925 3724 4024">
     <span class='ocr_line' id='line_1_91' title="bbox 2149 3925 3724 4024; baseline -0.019 -17"><span class='ocrx_word' id='word_1_562' title='bbox 2149 3925 2280 4024; x_wconf 81' lang='grc' dir='ltr'>μίαν</span> <span class='ocrx_word' id='word_1_563' title='bbox 2305 3949 2337 4021; x_wconf 81' lang='grc' dir='ltr'>ἢ</span> <span class='ocrx_word' id='word_1_564' title='bbox 2367 3925 2483 4014; x_wconf 62' lang='grc' dir='ltr'>δυο,</span> <span class='ocrx_word' id='word_1_565' title='bbox 2507 3948 2606 4000; x_wconf 83' lang='grc' dir='ltr'>οὐκ</span> <span class='ocrx_word' id='word_1_566' title='bbox 2640 3940 3081 4013; x_wconf 77' lang='grc' dir='ltr'>ὲκδικηθήσεται.</span> <span class='ocrx_word' id='word_1_567' title='bbox 3109 3932 3183 3987; x_wconf 75' lang='grc' dir='ltr'>Τὸ</span> <span class='ocrx_word' id='word_1_568' title='bbox 3207 3932 3317 4003; x_wconf 79' lang='grc' dir='ltr'><strong>γὰρ</strong></span> <span class='ocrx_word' id='word_1_569' title='bbox 3342 3928 3608 4001; x_wconf 79' lang='grc' dir='ltr'>ἀργύριον</span> <span class='ocrx_word' id='word_1_570' title='bbox 3626 3925 3724 3978; x_wconf 76' lang='grc' dir='ltr'><strong>αὐ-</strong></span> 
     </span>
    </p>
   </div>
   <div class='ocr_carea' id='block_1_92' title="bbox 2145 4044 2441 4101">
    <p class='ocr_par' dir='ltr' id='par_1_92' title="bbox 2145 4044 2441 4101">
     <span class='ocr_line' id='line_1_92' title="bbox 2145 4044 2441 4101; baseline -0.024 0"><span class='ocrx_word' id='word_1_571' title='bbox 2145 4044 2238 4101; x_wconf 75' lang='grc' dir='ltr'><strong>τοῦ</strong></span> <span class='ocrx_word' id='word_1_572' title='bbox 2274 4045 2441 4097; x_wconf 77' lang='grc' dir='ltr'>ἐστιν.</span> 
     </span>
    </p>
   </div>
   <div class='ocr_carea' id='block_1_93' title="bbox 2226 4113 3723 4207">
    <p class='ocr_par' dir='ltr' id='par_1_93' title="bbox 2226 4113 3723 4207">
     <span class='ocr_line' id='line_1_93' title="bbox 2226 4113 3723 4207; baseline -0.019 -15"><span class='ocrx_word' id='word_1_573' title='bbox 2226 4138 2289 4192; x_wconf 84' lang='lat'><strong>&#39;0</strong></span> <span class='ocrx_word' id='word_1_574' title='bbox 2327 4136 2402 4207; x_wconf 80' lang='grc' dir='ltr'>μὴ</span> <span class='ocrx_word' id='word_1_575' title='bbox 2430 4127 2979 4203; x_wconf 79' lang='grc' dir='ltr'><strong>συμπεριφερόμενος</strong></span> <span class='ocrx_word' id='word_1_576' title='bbox 3025 4121 3103 4194; x_wconf 80' lang='grc' dir='ltr'><strong>τῷ</strong></span> <span class='ocrx_word' id='word_1_577' title='bbox 3132 4113 3328 4175; x_wconf 73' lang='grc' dir='ltr'>ἑαυτοῦ</span> <span class='ocrx_word' id='word_1_578' title='bbox 3358 4117 3496 4189; x_wconf 83' lang='grc' dir='ltr'>οῑκφ</span> <span class='ocrx_word' id='word_1_579' title='bbox 3525 4113 3723 4185; x_wconf 77' lang='grc' dir='ltr'>κληρο-</span> 
     </span>
    </p>
   </div>
   <div class='ocr_carea' id='block_1_94' title="bbox 2147 4227 2658 4300">
    <p class='ocr_par' dir='ltr' id='par_1_94' title="bbox 2147 4227 2658 4300">
     <span class='ocr_line' id='line_1_94' title="bbox 2147 4227 2658 4300; baseline -0.02 -14"><span class='ocrx_word' id='word_1_580' title='bbox 2147 4230 2374 4300; x_wconf 85' lang='grc' dir='ltr'>νομήσει</span> <span class='ocrx_word' id='word_1_581' title='bbox 2403 4227 2494 4280; x_wconf 84' lang='grc' dir='ltr'><strong>ἁνέ</strong></span> <span class='ocrx_word' id='word_1_582' title='bbox 2503 4242 2658 4294; x_wconf 85' lang='grc' dir='ltr'>μους.</span> 
     </span>
    </p>
   </div>
   <div class='ocr_carea' id='block_1_95' title="bbox 2219 4300 3722 4393">
    <p class='ocr_par' dir='ltr' id='par_1_95' title="bbox 2219 4300 3722 4393">
     <span class='ocr_line' id='line_1_95' title="bbox 2219 4300 3722 4393; baseline -0.021 -15"><span class='ocrx_word' id='word_1_583' title='bbox 2219 4322 2312 4393; x_wconf 85' lang='grc' dir='ltr'><strong>Μὴ</strong></span> <span class='ocrx_word' id='word_1_584' title='bbox 2345 4320 2456 4376; x_wconf 75' lang='grc' dir='ltr'>ἴσθι</span> <span class='ocrx_word' id='word_1_585' title='bbox 2476 4319 2550 4380; x_wconf 78' lang='grc' dir='ltr'><strong>ὡς</strong></span> <span class='ocrx_word' id='word_1_586' title='bbox 2574 4316 2713 4370; x_wconf 81' lang='grc' dir='ltr'><strong>λέων</strong></span> <span class='ocrx_word' id='word_1_587' title='bbox 2748 4315 2805 4368; x_wconf 89' lang='lat' dir='ltr'><strong>tv</strong></span> <span class='ocrx_word' id='word_1_588' title='bbox 2829 4313 2897 4381; x_wconf 74' lang='grc' dir='ltr'>τῇ</span> <span class='ocrx_word' id='word_1_589' title='bbox 2924 4307 3070 4377; x_wconf 76' lang='grc' dir='ltr'><strong>οἰκίᾳ.</strong></span> <span class='ocrx_word' id='word_1_590' title='bbox 3100 4320 3217 4366; x_wconf 83' lang='grc' dir='ltr'>σου,</span> <span class='ocrx_word' id='word_1_591' title='bbox 3245 4300 3341 4354; x_wconf 81' lang='grc' dir='ltr'><strong>καὶ</strong></span> <span class='ocrx_word' id='word_1_592' title='bbox 3365 4312 3722 4393; x_wconf 63' lang='lat' dir='ltr'><strong>(pain-amoue-</strong></span> 
     </span>
    </p>
   </div>
   <div class='ocr_carea' id='block_1_96' title="bbox 2152 4391 3722 4476">
    <p class='ocr_par' dir='ltr' id='par_1_96' title="bbox 2152 4391 3722 4476">
     <span class='ocr_line' id='line_1_96' title="bbox 2152 4391 3722 4476; baseline -0.02 -6"><span class='ocrx_word' id='word_1_593' title='bbox 2152 4416 2271 4469; x_wconf 80' lang='grc' dir='ltr'><strong>πῶν</strong></span> <span class='ocrx_word' id='word_1_594' title='bbox 2300 4391 2359 4467; x_wconf 84' lang='lat' dir='ltr'><strong>tv</strong></span> <span class='ocrx_word' id='word_1_595' title='bbox 2387 4413 2500 4476; x_wconf 82' lang='grc' dir='ltr'>τοῖς</span> <span class='ocrx_word' id='word_1_596' title='bbox 2526 4410 2763 4470; x_wconf 78' lang='grc' dir='ltr'><strong>οἰκέταις</strong></span> <span class='ocrx_word' id='word_1_597' title='bbox 2793 4421 2909 4471; x_wconf 86' lang='grc' dir='ltr'>σου,</span> <span class='ocrx_word' id='word_1_598' title='bbox 2941 4401 3036 4455; x_wconf 69' lang='grc' dir='ltr'>καὶ</span> <span class='ocrx_word' id='word_1_599' title='bbox 3059 4395 3333 4452; x_wconf 82' lang='grc' dir='ltr'>ταπεινῶν</span> <span class='ocrx_word' id='word_1_600' title='bbox 3357 4393 3484 4455; x_wconf 79' lang='grc' dir='ltr'>τοὺς</span> <span class='ocrx_word' id='word_1_601' title='bbox 3514 4391 3722 4458; x_wconf 78' lang='grc' dir='ltr'>ὑποχει-</span> 
     </span>
    </p>
   </div>
   <div class='ocr_carea' id='block_1_97' title="bbox 2072 4499 2442 4578">
    <p class='ocr_par' dir='ltr' id='par_1_97' title="bbox 2072 4499 2442 4578">
     <span class='ocr_line' id='line_1_97' title="bbox 2072 4499 2442 4578; baseline -0.014 -16"><span class='ocrx_word' id='word_1_602' title='bbox 2072 4499 2125 4561; x_wconf 82' lang='grc' dir='ltr'><strong>Ῑ)</strong></span> <span class='ocrx_word' id='word_1_603' title='bbox 2154 4508 2301 4578; x_wconf 84' lang='grc' dir='ltr'>ρίους</span> <span class='ocrx_word' id='word_1_604' title='bbox 2324 4522 2442 4559; x_wconf 88' lang='grc' dir='ltr'>σου.</span> 
     </span>
    </p>
   </div>
   <div class='ocr_carea' id='block_1_98' title="bbox 2234 4573 3716 4668">
    <p class='ocr_par' dir='ltr' id='par_1_98' title="bbox 2234 4573 3716 4668">
     <span class='ocr_line' id='line_1_98' title="bbox 2234 4573 3716 4668; baseline -0.008 -14"><span class='ocrx_word' id='word_1_605' title='bbox 2234 4599 2362 4655; x_wconf 83' lang='grc' dir='ltr'><strong>Ἐὰν</strong></span> <span class='ocrx_word' id='word_1_606' title='bbox 2390 4597 2649 4668; x_wconf 79' lang='grc' dir='ltr'><strong>κακώσῃς</strong></span> <span class='ocrx_word' id='word_1_607' title='bbox 2673 4595 2764 4649; x_wconf 83' lang='grc' dir='ltr'><strong>τδν</strong></span> <span class='ocrx_word' id='word_1_608' title='bbox 2791 4591 2957 4648; x_wconf 80' lang='grc' dir='ltr'>παῖδά</span> <span class='ocrx_word' id='word_1_609' title='bbox 2983 4604 3098 4656; x_wconf 81' lang='grc' dir='ltr'><strong>σου,</strong></span> <span class='ocrx_word' id='word_1_610' title='bbox 3124 4583 3219 4639; x_wconf 74' lang='grc' dir='ltr'>καὶ</span> <span class='ocrx_word' id='word_1_611' title='bbox 3250 4582 3475 4650; x_wconf 70' lang='grc' dir='ltr'>ἀπάρας</span> <span class='ocrx_word' id='word_1_612' title='bbox 3496 4573 3716 4643; x_wconf 70' lang='grc' dir='ltr'>ἀποδρᾷ.</span> 
     </span>
    </p>
   </div>
   <div class='ocr_carea' id='block_1_99' title="bbox 2151 4684 3017 4763">
    <p class='ocr_par' dir='ltr' id='par_1_99' title="bbox 2151 4684 3017 4763">
     <span class='ocr_line' id='line_1_99' title="bbox 2151 4684 3017 4763; baseline -0.015 -16"><span class='ocrx_word' id='word_1_613' title='bbox 2151 4694 2210 4747; x_wconf 85' lang='lat' dir='ltr'><strong>tv</strong></span> <span class='ocrx_word' id='word_1_614' title='bbox 2239 4691 2370 4763; x_wconf 81' lang='grc' dir='ltr'>ποίᾳ</span> <span class='ocrx_word' id='word_1_615' title='bbox 2398 4690 2502 4759; x_wconf 87' lang='grc' dir='ltr'>ὁδῷ</span> <span class='ocrx_word' id='word_1_616' title='bbox 2532 4688 2789 4760; x_wconf 77' lang='grc' dir='ltr'><strong>ζητήσεις</strong></span> <span class='ocrx_word' id='word_1_617' title='bbox 2820 4684 3017 4747; x_wconf 85' lang='grc' dir='ltr'>αὑτόν;</span> 
     </span>
    </p>
   </div>
   <div class='ocr_carea' id='block_1_100' title="bbox 2236 4756 3720 4853">
    <p class='ocr_par' dir='ltr' id='par_1_100' title="bbox 2236 4756 3720 4853">
     <span class='ocr_line' id='line_1_100' title="bbox 2236 4756 3720 4853; baseline -0.018 -15"><span class='ocrx_word' id='word_1_618' title='bbox 2236 4756 2487 4846; x_wconf 49' lang='lat' dir='ltr'><strong>meo...</strong></span> <span class='ocrx_word' id='word_1_619' title='bbox 2507 4756 2828 4853; x_wconf 57' lang='grc' dir='ltr'><strong>[[ζάδίκως]</strong></span> <span class='ocrx_word' id='word_1_620' title='bbox 2876 4769 3431 4837; x_wconf 75' lang='grc' dir='ltr'><strong>καταδουλωσάμενος</strong></span> <span class='ocrx_word' id='word_1_621' title='bbox 3474 4762 3504 4816; x_wconf 86' lang='grc' dir='ltr'><strong>δ</strong></span> <span class='ocrx_word' id='word_1_622' title='bbox 3552 4756 3720 4853; x_wconf 72' lang='grc' dir='ltr'>πατὴρ</span> 
     </span>
    </p>
   </div>
   <div class='ocr_carea' id='block_1_101' title="bbox 2152 4850 3718 4953">
    <p class='ocr_par' dir='ltr' id='par_1_101' title="bbox 2152 4850 3718 4953">
     <span class='ocr_line' id='line_1_101' title="bbox 2152 4850 3718 4953; baseline -0.017 -24"><span class='ocrx_word' id='word_1_623' title='bbox 2152 4875 2334 4944; x_wconf 76' lang='grc' dir='ltr'>διφῆκέ</span> <span class='ocrx_word' id='word_1_624' title='bbox 2371 4891 2455 4926; x_wconf 87' lang='grc' dir='ltr'>σοι</span> <span class='ocrx_word' id='word_1_625' title='bbox 2483 4850 2689 4936; x_wconf 73' lang='grc' dir='ltr'><strong>δοῦλον,</strong></span> <span class='ocrx_word' id='word_1_626' title='bbox 2713 4869 2801 4933; x_wconf 68' lang='grc' dir='ltr'><strong>δὸς</strong></span> <span class='ocrx_word' id='word_1_627' title='bbox 2834 4863 3099 4934; x_wconf 78' lang='grc' dir='ltr'>αὐτῷτὴν</span> <span class='ocrx_word' id='word_1_628' title='bbox 3127 4855 3464 4927; x_wconf 70' lang='grc' dir='ltr'><strong>ἐλευθερίαν,</strong></span> <span class='ocrx_word' id='word_1_629' title='bbox 3495 4850 3718 4953; x_wconf 43' lang='grc' dir='ltr'>διά-ξείνῳ</span> 
     </span>
    </p>
   </div>
   <div class='ocr_carea' id='block_1_102' title="bbox 2154 4952 3719 5037">
    <p class='ocr_par' dir='ltr' id='par_1_102' title="bbox 2154 4952 3719 5037">
     <span class='ocr_line' id='line_1_102' title="bbox 2154 4952 3719 5037; baseline -0.021 -15"><span class='ocrx_word' id='word_1_630' title='bbox 2154 4971 2493 5037; x_wconf 69' lang='grc' dir='ltr'>κουφοτὲραν</span> <span class='ocrx_word' id='word_1_631' title='bbox 2544 4964 2791 5032; x_wconf 76' lang='grc' dir='ltr'>ποιήσεις</span> <span class='ocrx_word' id='word_1_632' title='bbox 2825 4961 2925 5028; x_wconf 81' lang='grc' dir='ltr'><strong>τὴν</strong></span> <span class='ocrx_word' id='word_1_633' title='bbox 2957 4956 3209 5026; x_wconf 77' lang='grc' dir='ltr'>βάσανον,</span> <span class='ocrx_word' id='word_1_634' title='bbox 3239 4952 3334 5004; x_wconf 71' lang='grc' dir='ltr'>καὶ</span> <span class='ocrx_word' id='word_1_635' title='bbox 3386 4952 3599 5012; x_wconf 78' lang='grc' dir='ltr'>σεαυτῳ</span> <span class='ocrx_word' id='word_1_636' title='bbox 3631 4952 3719 5008; x_wconf 63' lang='grc' dir='ltr'><strong>την</strong></span> 
     </span>
    </p>
   </div>
   <div class='ocr_carea' id='block_1_103' title="bbox 2154 5047 3270 5131">
    <p class='ocr_par' dir='ltr' id='par_1_103' title="bbox 2154 5047 3270 5131">
     <span class='ocr_line' id='line_1_103' title="bbox 2154 5047 3270 5131; baseline -0.013 -18"><span class='ocrx_word' id='word_1_637' title='bbox 2154 5058 2418 5131; x_wconf 79' lang='grc' dir='ltr'><strong>ἀληθινὴν</strong></span> <span class='ocrx_word' id='word_1_638' title='bbox 2452 5055 2770 5125; x_wconf 77' lang='grc' dir='ltr'>ἐλευθερίαν</span> <span class='ocrx_word' id='word_1_639' title='bbox 2800 5047 3270 5118; x_wconf 80' lang='grc' dir='ltr'>παρασκευάσεις.</span> 
     </span>
    </p>
   </div>
   <div class='ocr_carea' id='block_1_104' title="bbox 2754 5140 3137 5199">
    <p class='ocr_par' dir='ltr' id='par_1_104' title="bbox 2754 5140 3137 5199">
     <span class='ocr_line' id='line_1_104' title="bbox 2754 5140 3137 5199; baseline -0.021 0"><span class='ocrx_word' id='word_1_640' title='bbox 2754 5142 2976 5199; x_wconf 83' lang='grc' dir='ltr'><strong>ΛΟΓΟΣ</strong></span> <span class='ocrx_word' id='word_1_641' title='bbox 3011 5140 3137 5193; x_wconf 75' lang='lat' dir='ltr'><strong>Kl&quot;.</strong></span> 
     </span>
    </p>
   </div>
   <div class='ocr_carea' id='block_1_105' title="bbox 2581 5232 3317 5310">
    <p class='ocr_par' dir='ltr' id='par_1_105' title="bbox 2581 5232 3317 5310">
     <span class='ocr_line' id='line_1_105' title="bbox 2581 5232 3317 5310; baseline -0.014 -16"><span class='ocrx_word' id='word_1_642' title='bbox 2581 5240 2720 5310; x_wconf 78' lang='grc' dir='ltr'>Περὶ</span> <span class='ocrx_word' id='word_1_643' title='bbox 2751 5239 2989 5293; x_wconf 76' lang='grc' dir='ltr'><strong>δούλων</strong></span> <span class='ocrx_word' id='word_1_644' title='bbox 3014 5232 3317 5304; x_wconf 72' lang='grc' dir='ltr'>χρηστῶν.</span> 
     </span>
    </p>
   </div>
   <div class='ocr_carea' id='block_1_106' title="bbox 2225 5324 3483 5405">
    <p class='ocr_par' dir='ltr' id='par_1_106' title="bbox 2225 5324 3483 5405">
     <span class='ocr_line' id='line_1_106' title="bbox 2225 5324 3483 5405; baseline -0.013 -16"><span class='ocrx_word' id='word_1_645' title='bbox 2225 5338 2408 5405; x_wconf 77' lang='grc' dir='ltr'>θυμον</span> <span class='ocrx_word' id='word_1_646' title='bbox 2439 5334 2629 5404; x_wconf 73' lang='grc' dir='ltr'>ἀνδρὸς</span> <span class='ocrx_word' id='word_1_647' title='bbox 2667 5331 2896 5400; x_wconf 74' lang='grc' dir='ltr'>πραΰνει</span> <span class='ocrx_word' id='word_1_648' title='bbox 2919 5329 3171 5397; x_wconf 77' lang='grc' dir='ltr'>Θεράπων</span> <span class='ocrx_word' id='word_1_649' title='bbox 3194 5324 3483 5395; x_wconf 80' lang='grc' dir='ltr'>φρόνιμος.</span> 
     </span>
    </p>
   </div>
   <div class='ocr_carea' id='block_1_107' title="bbox 2228 5413 3610 5498">
    <p class='ocr_par' dir='ltr' id='par_1_107' title="bbox 2228 5413 3610 5498">
     <span class='ocr_line' id='line_1_107' title="bbox 2228 5413 3610 5498; baseline -0.012 -15"><span class='ocrx_word' id='word_1_650' title='bbox 2228 5429 2460 5498; x_wconf 76' lang='grc' dir='ltr'><strong>Οἰκέτης</strong></span> <span class='ocrx_word' id='word_1_651' title='bbox 2491 5426 2712 5496; x_wconf 82' lang='grc' dir='ltr'>νοήμων</span> <span class='ocrx_word' id='word_1_652' title='bbox 2743 5423 3010 5492; x_wconf 75' lang='grc' dir='ltr'>κρατήσει</span> <span class='ocrx_word' id='word_1_653' title='bbox 3041 5416 3317 5472; x_wconf 83' lang='grc' dir='ltr'>δεσποτῶν</span> <span class='ocrx_word' id='word_1_654' title='bbox 3340 5413 3610 5485; x_wconf 75' lang='grc' dir='ltr'><strong>ἀφρόνων.</strong></span> 
     </span>
    </p>
   </div>
   <div class='ocr_carea' id='block_1_108' title="bbox 2230 5589 3709 5669">
    <p class='ocr_par' dir='ltr' id='par_1_108' title="bbox 2230 5589 3709 5669">
     <span class='ocr_line' id='line_1_108' title="bbox 2230 5589 3709 5669; baseline -0.009 -14"><span class='ocrx_word' id='word_1_655' title='bbox 2230 5601 2455 5655; x_wconf 86' lang='grc' dir='ltr'>Οἰκέτου</span> <span class='ocrx_word' id='word_1_656' title='bbox 2505 5599 2671 5669; x_wconf 73' lang='grc' dir='ltr'>σοφοῦ</span> <span class='ocrx_word' id='word_1_657' title='bbox 2722 5598 2893 5652; x_wconf 77' lang='grc' dir='ltr'>εὖοδοι</span> <span class='ocrx_word' id='word_1_658' title='bbox 2926 5597 3136 5651; x_wconf 75' lang='grc' dir='ltr'>ἔσονται</span> <span class='ocrx_word' id='word_1_659' title='bbox 3185 5592 3436 5667; x_wconf 79' lang='grc' dir='ltr'>πράξεις,</span> <span class='ocrx_word' id='word_1_660' title='bbox 3464 5589 3559 5645; x_wconf 71' lang='grc' dir='ltr'><strong>καὶ</strong></span> <span class='ocrx_word' id='word_1_661' title='bbox 3600 5597 3709 5641; x_wconf 79' lang='grc' dir='ltr'><strong>κατ’</strong></span> 
     </span>
    </p>
   </div>
   <div class='ocr_carea' id='block_1_109' title="bbox 2163 5689 3028 5761">
    <p class='ocr_par' dir='ltr' id='par_1_109' title="bbox 2163 5689 3028 5761">
     <span class='ocr_line' id='line_1_109' title="bbox 2163 5689 3028 5761; baseline -0.006 -13"><span class='ocrx_word' id='word_1_662' title='bbox 2163 5693 2587 5761; x_wconf 80' lang='grc' dir='ltr'>ευθυνθήσονται</span> <span class='ocrx_word' id='word_1_663' title='bbox 2621 5696 2675 5747; x_wconf 80' lang='grc' dir='ltr'>αἱ</span> <span class='ocrx_word' id='word_1_664' title='bbox 2709 5693 2818 5748; x_wconf 77' lang='grc' dir='ltr'>ὁδοὶ</span> <span class='ocrx_word' id='word_1_665' title='bbox 2842 5689 3028 5746; x_wconf 81' lang='grc' dir='ltr'>αὐτοῦ.</span> 
     </span>
    </p>
   </div>
   <div class='ocr_carea' id='block_1_110' title="bbox 2230 5784 3091 5857">
    <p class='ocr_par' dir='ltr' id='par_1_110' title="bbox 2230 5784 3091 5857">
     <span class='ocr_line' id='line_1_110' title="bbox 2230 5784 3091 5857; baseline -0.005 -16"><span class='ocrx_word' id='word_1_666' title='bbox 2230 5785 2465 5853; x_wconf 78' lang='grc' dir='ltr'><strong>Οἰκέτης</strong></span> <span class='ocrx_word' id='word_1_667' title='bbox 2493 5786 2654 5855; x_wconf 73' lang='grc' dir='ltr'>σοφὸς</span> <span class='ocrx_word' id='word_1_668' title='bbox 2680 5787 2809 5857; x_wconf 78' lang='grc' dir='ltr'>ἡδὺς</span> <span class='ocrx_word' id='word_1_669' title='bbox 2836 5784 3091 5855; x_wconf 82' lang='grc' dir='ltr'>δεσπότῃ.</span> 
     </span>
    </p>
   </div>
  </div>
