3992 6252
322 336 463 426 mss

372 478 600 531 Οἰκέται
633 478 787 547 σοφοὶ
820 478 983 542 ίδίους
1015 480 1282 544 δεσπότας
1311 481 1669 537 δανείσουσιν.

378 566 591 631 Γλυκὺς
630 572 657 623 δ
684 568 851 634 ὕπνος
880 571 974 626 τοῦ
1005 571 1214 639 δούλου,
1246 574 1359 626 εἴτε
1402 573 1607 642 ὀλίγον,
1643 573 1751 626 εἴτε
1786 574 1881 626 καὶ

303 657 441 712 πολὺ
469 660 726 728 φάγεται.

372 750 466 822 Μὴ
499 750 759 825 κακώσῃς
780 753 1002 824 οίκέτην
1027 754 1396 826 ἐργαζόμενον
1427 757 1486 809 ἐν
1516 755 1769 828 ἀληθείᾳ.

370 929 603 997 Οίκέτην
659 930 880 984 συνετὸν
939 930 1208 999 ἀγαπάτω
1241 949 1336 987 σου
1383 932 1418 1002 ή
1454 933 1624 1004 ψυχὴ,
1669 934 1762 987 καὶ
1800 933 1876 1004 μὴ

297 1021 577 1095 στερήσῃς
602 1018 768 1075 αὑτὸν
795 1022 1130 1090 ἐλευθερίας.
1186 1052 1189 1055 λ
1522 1052 1525 1053 ⁷
1608 1088 1611 1090 ,

370 1109 571 1180 Οὲκέτῃ
598 1109 806 1182 συνετῷ
839 1111 1113 1182 ἐλεύθεροι
1145 1113 1607 1185 ὑπουργήσουσιν.

371 1200 436 1253 Oi
454 1201 922 1272 δοῦλοι,ἀγαπᾶτε
943 1207 1069 1269 τοὺς
1090 1206 1235 1260 κατά
1254 1207 1429 1279 σάρκσ
1453 1208 1676 1273 κυρίους
1695 1209 1873 1278 ὑμῶν,

298 1293 439 1358 μετά
471 1292 638 1362 φόϐου
669 1295 763 1348 καὶ
789 1296 1016 1365 τρόμου,
1045 1299 1103 1351 ἐν
1127 1299 1394 1370 ἁπλότητι
1433 1300 1721 1371 καρδίαςὺ
1731 1302 1870 1371 μῶν,

294 1382 628 1452 φοϐούμενοι
683 1386 774 1439 τὸν
821 1389 1046 1458 Κύριον,
1080 1392 1174 1445 καὶ
1221 1392 1295 1461 μὴ
1339 1392 1462 1445 κατ’
1501 1393 1874 1464 ὀφθαλμοδου-

295 1473 472 1540 λείαν,
502 1477 578 1539 ὡς
611 1476 1082 1550 ἀνθρωπάρεσκοι,
1112 1482 1229 1536 ἀλλ’
1257 1485 1334 1547 ὡς
1374 1484 1553 1540 δοῦλοι
1600 1487 1866 1557 Χριστοῦ,

294 1568 578 1634 ποιοῦντες
613 1572 674 1626 τὸ
701 1572 914 1644 θέλημα
959 1576 1052 1630 τοῦ
1085 1577 1223 1632 Θεοῦ
1258 1579 1322 1632 ὲκ
1358 1579 1560 1650 ψυχῆς,
1612 1582 1733 1650 μετ’
1777 1584 1870 1635 εὐ-

293 1660 467 1728 νοίας,
521 1661 865 1728 δουλεύοντες
910 1666 989 1737 τῷ
1032 1669 1225 1740 Κυρίῳ
1272 1671 1366 1725 καὶ
1403 1672 1504 1725 οὐκ
1532 1672 1867 1744 ἀνθρώποις,

292 1751 500 1815 εἰδότες
554 1754 638 1808 ὅτι
691 1754 920 1821 ἕκαστος
978 1757 1009 1812 δ
1066 1761 1283 1828 ποιήσει
1329 1764 1555 1832 ἀγαθὸν,
1589 1765 1747 1819 τοῦτο
1776 1784 1869 1821 κο-

1104 368 1277 430 LOCI
1315 369 1757 432 COMMUXES.
1804 385 1879 405 -·-
1922 367 2116 427 PARS
2157 369 2244 428 II.
2287 368 2544 430 SERMO
2586 368 2796 429 XXIV.

1914 490 1956 543 A
2059 480 2216 536 Servi
2241 482 2518 552 sapientes
2545 480 2798 536 dominos
2820 494 2951 536 suos
2980 480 3142 533 utiles
3172 477 3277 534 sibi
3307 476 3558 533 reddunt.

3431 363 3566 429 1066

2054 570 2237 627 Dulcis
2260 588 2485 628 somnus
2518 572 2658 628 servi
2682 580 2784 638 est,
2811 572 2926 626 sive
2952 586 3166 643 parum,
3196 571 3311 624 sive
3334 568 3560 623 multum

1983 664 2090 719 cibi
2117 667 2436 735 sumpserit.

2055 755 2219 813 Eccli.
2254 774 2446 813 χχχιιι.
2477 755 2727 812 Servum‘
2752 756 2963 811 sincere
2988 771 3125 826 opus
3146 754 3427 811 facientem
3490 766 3560 807 ne

1982 849 2123 903 male
2175 858 2428 906 tractato.

2052 942 2379 998 Prudentem
2404 960 2622 1001 servum
2658 964 2721 1003 ex
2757 950 2940 1003 animo
2986 945 3218 1016 diligite,
3268 956 3370 996 nec
3425 950 3554 994 eum

1976 1032 2226 1090 libertate
2248 1035 2517 1093 fraudato.

2051 1124 2240 1194 Sagaei
2267 1143 2426 1183 servo
2478 1129 2636 1186 liberi
2686 1133 3089 1187 ministrabnnt.

2050 1215 2246 1284 Ephes.
2274 1234 2352 1274 vr.
2386 1220 2562 1289 Servi,
2591 1224 2845 1278 dominos
2880 1235 3084 1277 vestros
3109 1220 3404 1274 secundum
3435 1231 3555 1269 car-

1976 1326 2097 1364 nem
2133 1310 2364 1381 diligite,
2397 1324 2704 1370 metuentes
2742 1315 3029 1370 Dominum
3079 1328 3201 1367 cum
3262 1312 3456 1363 timore
3497 1315 3579 1397 et-

1974 1410 2214 1461 tremore
2247 1406 2303 1462 in
2329 1409 2512 1464 cordis
2548 1411 2710 1466 vestri
2737 1409 3128 1480 simplicitate;
3164 1421 3270 1459 non
3306 1403 3544 1473 quidem.

1974 1505 2034 1549 ut
2056 1497 2146 1564 qui
2182 1508 2392 1554 tantum
2417 1503 2660 1557 serviunt
2690 1502 2863 1560 oculis
2892 1501 3118 1564 domini,
3152 1507 3213 1552 ut
3234 1495 3549 1551 hominibus

1973 1585 2248 1656 placeatis,
2274 1590 2369 1645 sed
2415 1602 2473 1645 ut
2521 1592 2724 1648 Christi
2790 1594 2931 1647 servi
2987 1590 3245 1645 facientes
3298 1584 3548 1640 volunta-

1971 1687 2077 1732 tem
2137 1678 2230 1735 Dei
2266 1695 2333 1735 οε
2366 1684 2565 1751 anima,
2620 1699 2742 1739 cum
2779 1684 3145 1740 benevolentia
3199 1679 3446 1740 Domino,
3496 1684 3550 1729 et

1973 1783 2080 1823 non
2111 1771 2421 1828 hominibus
2475 1775 2774 1829 servientes
2803 1790 2818 1842 ;
2850 1776 3082 1829 scientes
3114 1771 3256 1838 quod
3317 1769 3547 1837 quistlu"

296 1848 507 1914 μιεῖται
531 1848 681 1919 παρὰ
710 1849 941 1921 Κυρίου,
965 1850 1075 1908 εἴτε
1103 1854 1308 1924 δοῦλος,
1342 1859 1453 1913 εἴτε
1485 1858 1794 1930 ἐλεύθερος.

1979 1857 2098 1912 boni
2131 1860 2342 1923 fecerit,
2379 1862 2434 1917 id
2487 1878 2515 1915 a
2552 1862 2778 1918 Domino
2802 1878 2928 1918 eum
2963 1870 3392 1932 reportaturum,
3430 1856 3545 1912 sive

350 2025 433 2079 οι
455 2025 650 2091 δοῦλοι,
677 2030 983 2088 ὑπακούετε
1008 2038 1117 2101 τοῖς
1143 2039 1285 2092 κατὰ
1317 2041 1497 2108 σάρκα
1524 2042 1753 2112 κυρίοις,
1793 2043 1868 2112 μὴ

293 2119 357 2171 ὲν
406 2120 947 2194 ὁφθαλμοδουλείαις,
1005 2128 1082 2191 ὡς
1136 2127 1613 2203 ἀνθρωπάρεσκοι,
1664 2136 1781 2188 ἀλλ’
1810 2138 1867 2189 ὲν

290 2208 562 2282 ἁπλότητι
585 2215 831 2283 καρδίας,
862 2218 1187 2289 φοϐούμενοι
1216 2223 1307 2277 τὸν
1333 2222 1536 2295 Κύριον
1556 2241 1573 2259 ο
1605 2229 1701 2280 καὶ
1722 2227 1751 2280 ὃ
1774 2228 1867 2281 ἐὰν

288 2302 503 2372 ποιῆτε,
536 2308 599 2359 ἐκ
626 2307 806 2379 ψυχῆς
826 2309 1151 2379 ἐργάζεσθε,
1188 2313 1267 2376 ὡς
1301 2314 1379 2385 τῷ
1411 2316 1603 2388 Κυρίῳ
1633 2319 1726 2371 καὶ
1768 2317 1867 2371 οὑκ

285 2398 620 2468 ἀνθρώποις,
655 2404 860 2467 εἰδότες
905 2405 989 2459 ὅτι
1034 2408 1189 2478 παρὰ
1231 2410 1438 2481 Κυρίου
1478 2412 1717 2484 λήψεσθε
1764 2415 1866 2484 τὴν

285 2491 558 2546 ἀντίδοσιν
587 2494 688 2565 τῆς
716 2496 1084 2568 κληρονομίας
1115 2500 1293 2571 ὑμῶν.

358 2672 425 2724 Ol
480 2671 713 2737 οίκέτει,
774 2676 1204 2748 ὑποτασσόμενοι
1252 2680 1312 2735 ὲν
1363 2683 1527 2737 παντὶ
1568 2682 1719 2752 φόῦῳ
1750 2685 1863 2747 τοῖς

281 2760 600 2829 δεσπόταις,
649 2767 710 2819 οὐ
763 2767 926 2836 μόνον
964 2770 1079 2832 τοῖς
1126 2771 1352 2838 ἀγαθοῖς
1397 2773 1490 2825 καὶ
1535 2774 1857 2840 ἐπιεικέσιν,

281 2854 422 2919 ἀι).λά
452 2857 546 2909 καὶ
580 2861 689 2920 τοῖς
716 2860 968 2924 σκολιοῖς.
1003 2862 1173 2916 Τοῦτο
1213 2865 1322 2934 γάρ
1353 2866 1512 2935 χάρις
1536 2868 1686 2938 παρὰ
1716 2866 1857 2937 Θεῷν

280 2948 335 2998 εξ
388 2946 474 3000 διὰ
507 2949 814 3020 συνείδησιν
861 2954 1077 3023 ἀγαθὴν
1132 2955 1397 3028 ὑποφέρει
1440 2975 1523 3021 τις
1550 2958 1726 3022 λύπας
1750 2960 1858 3012 πά-

282 3054 433 3107 σχων
487 3040 707 3103 ἀδίκως.
756 3044 915 3097 Ποῖον
964 3046 1072 3117 γάρ
1116 3047 1289 3116 κλέος,
1340 3051 1391 3103 οἱ
1447 3051 1858 3121 ἁμαρτάνοντες

278 3134 379 3183 καὶ
435 3132 874 3204 κολαφιζόμενοι,
937 3137 1272 3208 ὑπομένετες
1356 3144 1498 3196 Ἀλλ’
1544 3145 1594 3196 oi
1654 3144 1924 3236 dyoOo-C

276 3222 563 3287 ποιοῦντες
606 3226 699 3278 καὶ
762 3229 1083 3297 πάσγοντες,

274 3315 435 3383 παρὰ
461 3314 599 3386 Θεῷ.

350 3408 415 3461 Οἱ
443 3409 619 3464 δοῦλοι
656 3413 730 3481 μὴ
762 3415 1048 3484 ὲράτωσαν
1073 3418 1183 3472 ἀπὸ
1206 3418 1300 3471 τοῦ
1324 3418 1507 3481 κοινοῦ
1536 3417 1854 3490 ἐλευθεροῦ-

274 3502 444 3556 σθαι·
479 3502 594 3557 ἀλλ’
624 3505 704 3567 είς
736 3506 896 3572 δόξαν
927 3509 1062 3564 Θεοῦ
1090 3509 1254 3564 πλέον
1298 3511 1721 3578 δουλευέτωσαν,
1764 3513 1853 3567 ἵνα

275 3594 591 3666 κρείττονος
624 3596 939 3669 ἐλευθερίας
966 3602 1076 3656 ἀπὸ
1106 3591 1241 3656 8εοὺ
1272 3603 1531 3675 τύχωσιν.

387 3687 451 3739 Oi
479 3687 534 3740 δὲ
559 3690 792 3756 οἰκέται,
824 3693 919 3745 καὶ
951 3693 1184 3763 μάλιστα
1208 3695 1257 3748 οἱ
1285 3695 1444 3760 Θεοῦ,

384 3781 480 3851 Μὴ
511 3784 863 3852 φευγέτωσαν
893 3789 1097 3841 εὐνοεῖν
1129 3790 1240 3852 τοῖς
1275 3788 1588 3853 δεσπόταις.

1137 3233 1460 3305 ὑπομένετε,
1489 3236 1648 3290 τοῦτο
1690 3237 1850 3308 χάρις

403 3963 704 4037 Ελεύοερον
732 3970 823 4021 καὶ
848 3968 1035 4024 δοῦλον
1068 3972 1095 4023 ὁ
1117 3971 1320 4042 τρόπος
1347 3972 1574 4042 γράφει.

384 4057 496 4111 Καὶ
522 4058 756 4130 Χριστὸς
777 4058 934 4130 ὤφθη
956 4061 1166 4130 δοῦλος,
1194 4063 1313 4120 ἀλλ’
1337 4066 1654 4137 ἠλευθέρου.

349 4332 586 4387 Γλυκεία
640 4334 842 4391 δούλων
894 4339 1084 4401 ἀκοαῖς
1153 4341 1498 4398 δεσποτικῶν
1554 4343 1855 4418 θαυμάτων

273 4423 555 4493 διήγησις.

1971 1966 2165 2008 servus
2191 1956 2285 2016 sit,
2317 1956 2431 2009 sive
2464 1955 2615 2011 liber.

2040 2041 2220 2109 Servi,
2250 2044 2467 2099 obedite
2490 2046 2725 2115 dominis
2752 2045 2951 2103 vestris
2970 2046 3270 2099 secundum
3300 2054 3540 2101 carnem,

1968 2147 2078 2188 non
2115 2133 2218 2191 illis
2242 2138 2308 2189 ad
2347 2138 2566 2191 Oculum
2600 2138 2924 2202 servientes,
2956 2137 3111 2207 quasi
3157 2134 3252 2204 qui
3302 2131 3539 2186 homini-

1970 2229 2070 2282 bus
2087 2229 2263 2282 velitis
2285 2230 2520 2298 placere,
2544 2230 2638 2284 sed
2665 2230 2895 2300 simplici
2926 2229 3089 2283 corde
3116 2227 3401 2281 Dominum
3431 2239 3541 2281 mei

1968 2326 2184 2374 tuentes
2216 2339 2226 2373 :
2252 2330 2307 2374 et
2337 2321 2601 2390 quidquid
2628 2321 2890 2388 feceritis,
2921 2322 2973 2375 id
3000 2336 3068 2375 ex
3098 2319 3280 2373 animo
3333 2315 3538 2371 facieno

1965 2411 2093 2464 dum
2125 2411 2405 2482 suscipite,
2429 2420 2691 2483 tanquam
2721 2413 2947 2466 Domino
2966 2422 3018 2465 et
3040 2426 3148 2465 non
3183 2409 3537 2465 hominibus:

1966 2502 2097 2557 iilud
2140 2518 2248 2557 non
2300 2504 2617 2575 ignorantes
2650 2503 2787 2567 fore,
2826 2512 2885 2558 ut
2927 2517 2956 2557 a
2984 2502 3216 2558 Domino
3263 2500 3542 2572 recipiatis

1966 2594 2467 2650 remunerationem
2491 2594 2825 2651 baereditatis
2855 2602 3072 2649 vestrae.

2034 2682 2066 2738 1
2103 2685 2250 2740 Petr.
2309 2694 2371 2740 tt.
2410 2685 2587 2748 Servi,
2642 2685 2872 2755 subjecti
2928 2693 3104 2739 estote
3148 2683 3202 2735 in
3262 2684 3411 2736 emni
3477 2680 3544 2731 ti.

1962 2789 2114 2829 more
2143 2775 2377 2830 dominis
2409 2776 2627 2841 vestris,
2663 2791 2768 2828 non
2800 2775 2978 2828 solum
3008 2773 3165 2827 bonis
3193 2781 3245 2826 et
3302 2771 3543 2824 clemen-

1961 2864 2129 2931 tibus,
2159 2865 2256 2921 sed
2287 2866 2450 2921 etiam
2479 2866 2806 2933 importunis
2846 2882 2860 2931 ;
2900 2867 3001 2918 hoc
3019 2863 3165 2917 enim
3218 2869 3432 2931 gratum
3454 2869 3540 2913 est

1960 2956 2216 3021 Domino,
2254 2960 2302 3013 si
2324 2957 2449 3027 quis
2481 2957 2621 3012 bona
2640 2957 2975 3013 conscientia
3002 2955 3279 3010 molestias
3306 2960 3360 3007 et
3382 2952 3536 3007 doin-

1959 3062 2048 3103 res
2075 3049 2315 3119 patiatur
2365 3050 2661 3104 immerito.
2723 3049 2862 3115 Quid
2919 3048 3061 3103 enim
3118 3047 3279 3102 habet
3330 3060 3391 3099 ea
3448 3059 3537 3098 res

1959 3138 2165 3207 gloriae,
2197 3140 2243 3194 si
2277 3150 2503 3210 propter
2530 3151 2751 3210 peccata
2786 3137 3185 3218 colaphisqcaesi
3246 3132 3539 3206 patimini?

1958 3230 2065 3286 Sed
2096 3233 2140 3286 si
2173 3231 2400 3286 honeste
2427 3238 2483 3286 et
2507 3243 2695 3287 sancte
2720 3233 2964 3286 viventes
2998 3228 3246 3299 patimini
3303 3237 3357 3282 et
3419 3226 3539 3279 sui.

1958 3324 2133 3390 fertis,
2169 3326 2271 3380 hoc
2299 3328 2516 3379 demum
2554 3324 2662 3378 Deo
2694 3331 2777 3379 est
2807 3334 3041 3393 gratum.

2026 3415 2241 3486 Ignatii.
2272 3416 2421 3471 Servi
2452 3432 2558 3471 non
2583 3425 2828 3487 quaerant
2851 3415 3180 3470 mundanam
3209 3413 3536 3474 libertatem,

1956 3508 2053 3563 sed
2091 3509 2271 3578 petius
2304 3510 2354 3562 in
2410 3508 2566 3579 162
2600 3507 2688 3563 Dei
2722 3507 2948 3578 gloriam
2980 3507 3239 3571 serviant,
3266 3515 3324 3559 ut
3355 3502 3543 3559 melio"

1956 3613 2115 3652 rema
2148 3598 2377 3669 Domino
2400 3608 2803 3669 consequantur
2836 3600 3163 3655 libertatem.

2101 3690 2236 3746 Cum
2268 3706 2476 3754 omnes,
2510 3702 2623 3745 tum
2657 3693 2887 3747 maxime
2924 3691 3015 3745 Dei
3047 3690 3188 3745 servi

2099 3784 2390 3844 Elaborare
2421 3783 2618 3839 debent
2647 3794 2705 3838 ut
2733 3784 2941 3838 Domini
2978 3782 3403 3839 benevolentiam

3026 3872 3459 3936 lconsectentur.

2100 3969 2356 4023 Liberum
2386 3978 2443 4021 et
2483 3982 2696 4021 servum
2739 3981 2915 4020 mores
2949 3964 3264 4027 ostendunt,

2104 4059 2314 4116 Etenim
2344 4058 2599 4116 Christus
2635 4059 2781 4113 visus
2807 4068 2891 4113 est
2916 4071 3129 4120 servus,
3170 4055 3264 4109 sed
3302 4054 3501 4108 liberos

3189 4168 3284 4207 nos
3311 4152 3457 4207 fecit.

2348 4296 2359 4308 .
3024 4246 3340 4319 (Τιίιεοιοθὶ.)

2033 4339 2094 4397 S.
2140 4341 2415 4413 Chrysost.
2465 4340 2770 4398 Iucundum
2821 4351 2903 4396 est
2955 4342 3176 4396 auribus
3223 4356 3529 4409 servorum,

1959 4435 2006 4491 si
2041 4435 2168 4503 quid
2200 4433 2518 4489 admirabile
2553 4435 2618 4488 de
2650 4435 2885 4489 dominis
2909 4442 3178 4488 narretur.

348 4517 624 4584 Μέγιστον
650 4518 925 4588 ἐγκώμιον
964 4522 1180 4577 οἰκέτου
1213 4525 1443 4596 μηδενὸς
1468 4520 1545 4583 ὧν
1577 4528 1645 4584 ἂν
1678 4548 1853 4602 προσ-

2032 4526 2295 4581 Philonis.
2370 4526 2658 4581 Maximum
2705 4536 2785 4580 est
2834 4527 2973 4580 servi
3018 4540 3326 4579 cnconuum
3397 4527 3531 4579 nihil

282 4610 437 4676 τάξει
468 4610 496 4662 ὁ
524 4611 933 4683 οίκοδεσπότης,
970 4613 1277 4687 ὀλιγωρεῖν,
1314 4618 1527 4685 ἀόκνως
1555 4620 1614 4675 δὲ
1637 4625 1731 4676 καὶ
1766 4640 1858 4690 φιο

274 4702 518 4765 λοπὸνως
546 4704 689 4775 ὑπὲρ
719 4704 948 4778 δύναμιν
977 4709 1157 4764 πάντα
1184 4710 1503 4777 σπουδάζειν
1530 4716 1691 4787 αἰσίῳ
1717 4717 1858 4785 γνὼ-

281 4809 355 4865 μῃ
393 4793 715 4866 κατορθοῦν.

876 5015 1099 5071 ΛΟΓΟΣ
1132 5008 1256 5070 ΚΔ⁹.

676 5130 818 5197 Περὶ
850 5130 1091 5185 δούλων
1105 5132 1457 5203 μοχθηρῶν..

354 5241 564 5295 ’ἰδοῦσα
594 5244 774 5316 ’Δγαρ
804 5246 886 5300 ὅτι
912 5248 971 5300 ὲν
1000 5249 1197 5319 γαστρὶ
1220 5247 1357 5319 ἔχει,
1386 5249 1663 5322 ἠτιμάσθη
1697 5254 1729 5323 ή
1760 5271 1855 5308 κυ-

277 5334 370 5403 ρία
420 5335 595 5404 αὐτῆς
646 5335 879 5393 ἐνώπιον
937 5339 1128 5409 αὐτῆς.
1182 5336 1319 5395 Εἷπε
1380 5343 1437 5396 δὲ
1486 5343 1673 5415 Σάρρα
1716 5347 1853 5416 πρὸς

285 5424 585 5497 Ἀϐραάμ*
653 5428 969 5500 ’Δδικοῦμαι
1016 5432 1081 5485 ὲκ
1136 5431 1251 5486 σοῦ.
1311 5433 1451 5503 Ἐγὼ
1496 5436 1702 5489 δέδωκα
1753 5438 1851 5508 τὴν

275 5518 575 5587 παιδίσκην
611 5535 714 5587 μου
740 5522 819 5584 είς
851 5521 941 5574 τὸν
977 5523 1172 5577 κόλπον
1203 5542 1295 5579 σου
1323 5542 1337 5557 ο
1372 5526 1553 5580 ἰδοῦσα
1586 5530 1640 5581 δὲ
1683 5530 1764 5583 ὅτι
1790 5532 1850 5583 ἐν

270 5613 474 5680 γαστρὶ
525 5611 656 5681 ἔχει,
699 5613 1009 5684 ἠτιμάσθην
1065 5616 1307 5670 ἐναντίον
1352 5618 1547 5688 αὑτῆς.
1603 5622 1850 5691 Κρινεῖό

269 5703 404 5766 Θεῦς
440 5703 543 5757 ἀνὰ
569 5705 732 5773 μέσον
752 5705 887 5775 ἐμοῦ
913 5709 1004 5760 καὶ
1032 5710 1143 5761 σοῦ.
1170 5704 1307 5763 Eine
1334 5710 1388 5763 δὲ
1413 5713 1550 5783 αὐτῇ
1569 5714 1844 5783 Ἀϐραάμ·

282 5795 413 5847 Ἰδοὺ
447 5798 478 5865 ἡ
516 5794 773 5865 παιδίσκη
809 5815 902 5850 σου
936 5798 993 5851 ἐν
1022 5802 1143 5861 ταῖς
1175 5801 1332 5869 χερσί
1376 5818 1488 5857 σου.
1520 5804 1650 5872 Χρῶ
1684 5805 1843 5875 αὐτῇ,

565 5890 835 5953 Parnm"
873 5894 987 5955 GR.
1021 5894 1342 5955 CXXXVI.

1963 4635 2151 4674 eorum
2200 4635 2320 4689 quae
2353 4618 2744 4686 praescripserit
2784 4616 2829 4668 ei
2862 4616 3114 4670 dominus
3154 4626 3527 4678 contemnere,

1961 4712 2054 4766 sed
2090 4712 2316 4781 impigre
2340 4721 2393 4765 et
2425 4708 2685 4763 industrie
2712 4723 2875 4775 supra
2907 4707 3048 4760 vires
3088 4706 3372 4774 diligenter
3415 4722 3533 4760 om-

1962 4808 2048 4860 nia
2106 4819 2321 4868 curare,
2377 4812 2436 4855 ut
2471 4802 2613 4854 bono
2670 4798 2898 4852 consilio
2952 4798 3221 4858 absolvat,
3270 4808 3327 4853 ct
3384 4811 3531 4855 recte

1957 4895 2322 4951 administret.

2335 5027 2547 5081 SER“.
2582 5024 2742 5080 XXIV
2796 5024 2895 5097 [αί.
2933 5024 3143 5096 CXIX].

2442 5141 2513 5194 De
2543 5142 2704 5196 servis
2738 5138 3013 5206 improbis.

2025 5257 2156 5315 Gen.
2193 5273 2304 5312 χιιι.
2327 5256 2462 5310 Cum
2494 5251 2719 5306 vidisset
2743 5251 2886 5319 Agar
2914 5267 2973 5306 se
2992 5261 3356 5323 praegnantem
3381 5270 3533 5323 esse,

1953 5349 2169 5419 probris
2204 5345 2382 5402 aﬂecit
2428 5344 2700 5398 dominam
2743 5355 2919 5405 suam,
2946 5357 3009 5395 ac
3036 5358 3146 5411 prii!
3175 5358 3235 5396 se
3283 5356 3525 5397 contem-

1957 5441 2080 5511 psit.
2120 5438 2254 5492 Sara
2305 5446 2482 5490 autem
2509 5433 2649 5503 apud
2680 5433 3047 5487 Abrahamum
3092 5435 3338 5502 queritur
3380 5434 3458 5486 sic
3502 5446 3520 5483 :

1952 5532 2150 5602 lnjuria
2182 5530 2387 5585 aﬂicior
2423 5528 2519 5583 abs
2552 5537 2625 5582 te.
2665 5529 2776 5599 Ego
2803 5528 2940 5581 hanc
2969 5527 3195 5596 puellam
3247 5528 3296 5577 in
3344 5526 3520 5577 sinum

1955 5637 2105 5679 tuum
2129 5621 2421 5684 collocavi;
2454 5630 2507 5674 at
2560 5630 2841 5689 postquam
2873 5633 2932 5672 se
2994 5625 3354 5687 pt‘a‘guutttetn
3404 5627 3526 5670 esse

1952 5714 2108 5777 vidit,
2136 5712 2396 5781 probrosa
2418 5711 2495 5765 illi
2526 5711 2639 5765 visa
2670 5725 2815 5764 sum.
2851 5705 3067 5760 Judicct
3103 5706 3240 5755 Deus
3269 5696 3414 5754 inter
3438 5718 3524 5757 me

1947 5814 2004 5858 et
2030 5813 2104 5859 te.
2136 5801 2482 5859 Abrahamus
2518 5808 2700 5857 autem
2734 5816 2750 5854 :
2789 5796 3018 5854 Ancilla,
3056 5793 3248 5861 inquit,
3282 5796 3382 5847 sub
3428 5805 3518 5852 tua

2938 5883 3014 5944 34
