3832 6244
491 291 631 354 1067
1751 301 2069 364 ANTONII
2107 305 2447 366 MELISSAi
3517 325 3615 395 106.3

487 419 648 458 manu
679 412 782 472 est,
831 415 1003 464 tracta
1033 422 1150 463 eam
1185 418 1242 464 ut
1283 409 1381 465 tibi
1416 409 1712 468 videbitur.
1751 412 1887 469 Sara
1919 430 2000 470 ma

2100 410 2136 474 Α
2163 417 2238 480 ὡς
2270 419 2337 472 ἄν
2373 437 2456 472 σοι
2492 419 2723 492 ἀρεστὸν
2871 423 2983 478 Καὶ
3019 424 3287 481 ἐκάκωσεν
3310 429 3448 504 αὐτὴν
3468 437 3613 512 Σὰῤῥα.

486 497 654 565 cmpit
681 505 938 566 tractare,
973 502 1044 555 ita
1081 510 1138 556 ut
1169 502 1443 573 aufugerit
1470 519 1500 558 ιι
1524 516 1818 574 conspectu
1843 508 1983 577 ejus.

1672 516 1818 570 oectu
1843 508 1983 577 ejus.
2167 512 2258 564 καὶ
2293 511 2503 580 ἀπέδρα
2532 513 2640 566 ἀπὸ
2673 513 2966 584 προσώπου
2996 517 3185 586 αὐτῆς.

557 587 712 643 Prov.
738 607 890 646 χχιι.
922 592 1123 649 Servus
1159 595 1331 651 durus
1366 608 1419 651 et
1461 597 1707 666 pertinax
1734 599 1916 654 verbis
1952 615 2056 654 non

2236 599 2431 666 Λόγοις
2485 602 2546 655 οὐ
2580 603 3002 672 παιδευθήσεται
3047 606 3258 675 οἰκέτης
3293 609 3498 683 σκληρός.
3533 618 3616 671 Ἐἁν

477 681 796 748 erudietur;
831 698 954 738 nam
987 685 1090 740 etsi
1126 687 1412 758 intelligat,
1439 706 1545 744 non
1597 703 1778 745 tamen
1818 691 1990 746 obedit

1818 691 2056 746 obediet.
2165 693 2273 761 γὰρ
2307 693 2398 745 καὶ
2431 695 2618 767 νοήσῃ,
2650 697 2764 750 ἀλλ’
2791 698 2888 767 οὐχ
2918 699 3297 756 ὑπακούσεται.

547 772 662 828 Non
698 779 1031 832 conveniunt
1081 780 1355 847 insipienti
1421 783 1666 840 deliciae:
1699 785 1820 838 etsi
1868 799 2059 840 servus

2238 783 2312 833 Οὐ
2346 785 2611 855 συμφέρει
2639 788 2836 858 ἄφρονι
2858 789 3069 858 τρυφή·
3095 788 3186 840 καὶ
3207 788 3295 842 ἐὰν
3313 793 3488 865 οἰκέτης
3507 799 3617 869 ἄρξῃ,

478 868 800 936 magistratu
841 869 1118 941 fungatur,
1150 873 1414 944 iniuriose
1437 885 1713 946 potestate
1749 886 1953 932 utetur.

1387 891 1414 930 e
1437 885 1713 946 potestate
1749 886 1953 932 utetur.
2170 871 2288 938 μεθ’
2323 872 2531 944 ὕϐρεως
2558 876 2897 932 δυναστεύει.

546 953 710 1012 Prov.
763 973 909 1012 xvvr.
974 958 1268 1029 Flagellum
1321 978 1483 1030 equo,
1547 965 1803 1019 stimulus
1845 967 2004 1021 asino
2037 993 2055 1022 ν

2238 964 2450 1031 Μάστιξ
2494 967 2666 1038 ἵππῳ,
2701 969 2797 1021 καὶ
2832 969 3056 1040 κέντρον
3087 970 3214 1040 ὄνῳ,
3242 973 3624 1052 ρἀδοςδὲοικέτῃ

471 1051 626 1114 »νὴ-κει
659 1063 818 1102 servo
845 1051 1146 1119 insipienti.

888 1051 1146 1119 nsipienli.
2165 1055 2401 1125 ἄφρονι..

556 1137 728 1193 Eccli.
761 1155 934 1194 ιιπιι.
967 1139 1191 1207 Pabula,
1229 1142 1404 1213 virga,
1438 1152 1492 1197 et
1520 1159 1687 1198 onera
1716 1146 1930 1200 asinum
1960 1147 2056 1202 de-

2240 1148 2606 1217 Χορτάσματα
2633 1152 2727 1204 καλ¹
2751 1154 2948 1223 ῥάϐδος
2969 1157 3067 1209 καὶ
3092 1158 3281 1228 φορτία
3311 1159 3401 1228 δνῳ
3416 1177 3430 1192 ο
3453 1163 3576 1232 ἄρτος
3591 1166 3626 1217 δὲ

466 1240 646 1285 cent:
685 1246 900 1284 servum
929 1240 1134 1294 autem,
1180 1232 1358 1300 panis,
1397 1235 1704 1304 castigatio,
1753 1244 1807 1291 ct
1827 1251 1979 1306 opus.

1550 1236 1704 1304 gatio,
1753 1244 1807 1291 ct
1827 1251 1985 1306 opus.
2167 1239 2262 1292 καὶ
2289 1239 2504 1293 παιδεία
2539 1242 2633 1294 καὶ
2665 1243 2828 1313 ἔργον
2859 1247 3063 1319 οἰκέτῃ.

546 1323 686 1376 Cura
711 1332 770 1376 ut
793 1339 982 1379 servus
999 1339 1142 1394 opus
1165 1325 1345 1392 faciat,
1363 1337 1416 1381 et
1439 1328 1674 1397 requiem
1709 1329 1952 1387 invenies
1977 1332 2058 1388 :si

2241 1328 2512 1398 Ἐργασαι
2536 1333 2595 1384 ἐν
2631 1336 2806 1401 παιδὶ,
2839 1337 2935 1390 καὶ
2956 1339 3211 1410 εὑρήσεις
3236 1341 3524 1397 ἀνάπαυσιν·
3548 1344 3631 1407 de;

476 1415 757 1470 remiseris
785 1431 1004 1470 manum
1034 1417 1130 1481 illi,
1160 1418 1705 1487 qumretlihertatcm.

2166 1423 2325 1492 χεῖρα
2363 1424 2530 1496 αὐτῷ,
2567 1428 2661 1481 καὶ
2690 1428 2914 1499 ζητήσει
2939 1431 3273 1503 ἐλευθερίαν.

549 1507 721 1562 Servo
739 1507 984 1578 improbo
999 1524 1067 1564 ne
1097 1510 1464 1567 veretorlatus
1489 1512 1555 1566 ad
1579 1511 1896 1583 sanguinem
1927 1522 2062 1569 tun-

2238 1513 2436 1586 Οἰκέτῃ
2467 1517 2688 1594 πονηρῷ
2710 1519 2788 1592 μὴ
2815 1523 3114 1595 αἰσχυνθῇς
3145 1525 3370 1596 πλευρὰν
3395 1527 3589 1596 αἱμάξαι.

477 1599 630 1656 dere.

544 1695 741 1764 Jugum
771 1702 828 1752 et
853 1696 1029 1751 lorum
1062 1697 1327 1752 cervicem
1359 1695 1600 1770 [duram]
1625 1697 1918 1768 inlleetent,
1949 1715 2057 1756 ser-

2124 1768 2136 1778 .
2239 1694 2410 1762 Ζυγδς
2465 1697 2557 1751 καὶ
2607 1698 2738 1767 εμὰς
2789 1699 3063 1778 τράχηλον
3117 1703 3442 1773 κάμψουσιν,
3483 1704 3637 1771 οξιιέτιζν

476 1803 601 1842 vum
615 1797 794 1843 autem
813 1788 1109 1859 malignum
1128 1767 1394 1845 tormenta
1409 1767 1813 1861 etquaastiones.
1831 1767 1909 1847 Ad
1926 1808 1989 1863 op

2123 1767 2138 1827 ι
2167 1786 2474 1857 κακοῦργον
2521 1791 2774 1861 στρέϐλαι
2955 1767 3226 1861 βάσανοι.
3247 1767 3259 1773 ⁷
3280 1793 3491 1862 Ἐμϐαλε
3526 1767 3636 1846 atati}.

475 1877 784 1939 faciendum
831 1879 1159 1950 compellito,
1192 1895 1262 1936 ne
1312 1881 1406 1936 fiat
1450 1882 1755 1938 desidiosus
1803 1891 1858 1940 et
1906 1884 1988 1954 ign

2168 1878 2251 1939 εἰς
2305 1879 2594 1949 ἐργασίαν,
2644 1883 2729 1936 ἴνα.
2789 1885 2863 1953 μὴ
2919 1885 3098 1954 ἀργῇ·
3154 1886 3348 1955 πολλὴν
3377 1887 3468 1953 γὰρ
3505 1889 3640 1938 araxira

475 1983 578 2024 vus
599 1987 613 2025 :
634 1970 798 2028 multa
823 1971 966 2027 enim
987 1971 1116 2027 vitia
1142 1973 1535 2028 docuitotium.
1566 1974 1622 2029 In
1652 1990 1713 2030 ea
1739 1990 1870 2046 ergo
1890 1991 1988 2046 ope

2169 1969 2404 2036 ἐδίδαξεν
2455 1974 2486 2044 ἡ
2538 1974 2729 2044 ἀργία.
2779 1977 2873 2040 Et;
2912 1975 3049 2047 ἔργα
3093 1978 3418 2049 κατάστησον
3450 1979 3573 2031 αὐτὸν
3592 1978 3638 2037 ὡς

477 2061 749 2130 applicato
777 2077 924 2124 eum,
954 2078 1076 2134 quae
1124 2063 1202 2118 illi
1253 2061 1791 2136 conve’niuntzquod
1844 2068 1890 2124 si
1949 2085 1990 2122 nr

2169 2060 2371 2132 πρέπει
2419 2065 2602 2135 αὐτῷ·
2641 2068 2735 2120 καὶ
2791 2067 2888 2120 ἐὰν
2939 2068 3015 2138 μὴ
3046 2068 3336 2140 πειθαρχῇ,
3362 2069 3552 2139 βάρυνον
3581 2070 3642 2129 τὰς

470 2161 694 2221 pareat,
727 2154 1006 2223 graviores
1028 2153 1192 2225 injice
1242 2155 1316 2210 illi
1373 2157 1684 2227 compedes.

1048 2153 1192 2225 njice
1242 2155 1316 2210 illi
1373 2157 1684 2227 compedes.
2169 2153 2335 2217 πέδας
2371 2155 2555 2214 αὐτοῦ.

549 2243 812 2316 Theologt'.
830 2243 955 2302 Mali
983 2247 1128 2302 enim
1146 2249 1288 2304 servi
1307 2249 1686 2304 estdominum
1730 2251 2055 2306 arridentem

2024 2267 2055 2305 ιι
2239 2241 2438 2298 Δούλου
2467 2246 2638 2300 κακοῦ
2668 2248 2775 2319 γὰρ
2803 2249 3194 2320 προσγελῶντα
3221 2251 3316 2322 μὲν
3345 2252 3502 2305 σέϐειν
3521 2267 3533 2284 ο

1758 2341 1984 2412 [colere,

554 2423 941 2498 obiurgantem
963 2437 1142 2484 autem
1163 2439 1217 2486 et
1242 2431 1594 2500 castigantcm
1627 2433 1824 2487 malum
1849 2443 2052 2505 putare.

2018 2452 2052 2490 ξ,
2237 2425 2342 2480 Τὸν
2370 2427 2635 2499 δεσπότην
2666 2430 2972 2501 πλήττοντα
3008 2433 3054 2485 δ’
3094 2434 3344 2504 ήγεῑσθαι
3371 2433 3531 2487 κακόν.

556 2515 689 2572 lllud
731 2526 814 2572 cst
859 2521 1138 2590 proprium
1174 2522 1437 2577 malorum
1475 2541 1755 2581 servorum
1785 2536 1842 2580 ut
1895 2528 2056 2582 heros

2236 2523 2451 2576 Δούλων
2491 2525 2726 2597 ὑπάρχει
2765 2527 2952 2580 κακῶν
2999 2528 3217 2582 ἀθετεῖν
3257 2527 3550 2589 δεσποτείαν,
3585 2527 3645 2575 tui

484 2623 614 2664 suos
644 2609 911 2680 rcjiciant,
937 2623 992 2666 et
1034 2612 1270 2670 dominis
1310 2617 1583 2679 resistant,
1606 2625 1659 2671 et
1699 2617 1899 2674 liberos
1929 2633 1992 2674 co

2166 2615 2556 2670 ἐπανίστασθαι
2578 2619 2884 2688 κυριότητι,
2901 2620 2996 2673 καὶ
3017 2619 3308 2690 ὁμόδουλον
3330 2619 3517 2680 ἑαυτοῖς
3533 2618 3648 2668 ποιεῖ-

481 2719 670 2760 servos
728 2706 976 2764 reddent.

2166 2705 2288 2759 σθαι
2319 2705 2377 2758 τὸ
2405 2704 2702 2776 ἐλεύθερον.

554 2796 813 2856 Philonis.
828 2798 999 2856 Nemo
1016 2809 1123 2856 tam
1145 2800 1367 2869 insanit,
1387 2804 1677 2875 quamqui,
1694 2821 1881 2862 servus
1899 2807 2054 2879 163

2233 2796 2422 2859 Οὐδεὶς
2453 2794 2593 2850 οὕτω
2621 2799 2883 2868 μέμηνεν,
2921 2800 2996 2864 ὡς
3021 2801 3211 2867 δοῦλος
3253 2801 3328 2856 ὣν
3351 2799 3649 2880 ἐναντιοῦσθαι

483 2900 606 2941 cum
625 2887 718 2953 sit,
753 2888 975 2946 domino
1018 2891 1356 2949 adversatur.

907 2906 975 2946 no
1018 2891 1356 2949 adversatur.
2161 2889 2418 2961 δεσπότῃ.

558 2976 805 3052 Hermog.
864 2980 1067 3037 Natura
1125 2986 1270 3038 enim
1321 2985 1460 3038 servi
1524 2986 1868 3044 dominorum
1922 3001 2051 3049 sunt

1996 3001 2051 3049 ιιι
2229 2980 2392 3036 Φύσει
2416 2981 2524 3052 γὰρ
2547 2981 2739 3052 ἐχθρὸν
2765 2982 2824 3036 τὸ
2849 2981 3032 3038 δοῦλον
3064 2987 3178 3046 τοῖς
3213 2984 3496 3047 δεσπόταις.

486 3084 712 3124 1111111161.

2076 3129 2118 3185 C

876 3269 1107 3328 senno
1159 3273 1636 3347 XXV[M.LXH.

1623 3318 1636 3332 ,
2747 3272 2964 3325 ΛΟΓΟΣ
3004 3275 3131 3327 Keu

920 3389 992 3440 De
1025 3387 1196 3456 probis
1227 3388 1421 3443 credito
1431 3390 1596 3445 ribus.

2508 3386 2648 3453 Περὶ
2698 3385 3037 3440 δανειστῶν
3067 3385 3375 3456 χρηστῶν.

558 3499 734 3555 Exod.
771 3516 905 3554 χχιι.
955 3500 1010 3555 Si
1048 3502 1334 3571 pecuniam
1383 3505 1719 3561 mutuaveris
1765 3505 1921 3562 fratri
1959 3517 2054 3563 tuo

2239 3500 2368 3555 Ἐὰν
2427 3500 2692 3571 ἀργύριον
2740 3501 3056 3573 ὲκδανείσης
3105 3501 3188 3571 τῷ
3243 3500 3451 3568 ἀδελφῷ
3494 3514 3568 3550 σου
3605 3491 3655 3561 τῷ

492 3593 739 3664 pauperi,
778 3595 868 3662 qui
893 3595 1036 3663 apud
1073 3603 1124 3650 te
1152 3603 1427 3664 versatur,
1453 3611 1579 3653 eum
1605 3614 1782 3670 neque
1811 3603 1997 3672 ιιι-ςεὺί

2158 3591 2348 3661 πένητι
2380 3591 2458 3660 τῷ
2481 3593 2634 3662 παρά
2664 3594 2770 3656 σοὶ,
2803 3592 2905 3645 οὐκ
2934 3592 3031 3663 ἔσῃ
3058 3593 3213 3662 αὐτῷ
3240 3591 3572 3659 κατεπείγων,
3594 3586 3662 3638 οὐκ

493 3700 670 3754 neque
702 3700 924 3740 usuram
957 3687 1022 3740 ah
1051 3701 1116 3742 eo
1139 3687 1344 3757 exiges.

2158 3682 2444 3755 ἐπιθήσεις
2473 3683 2562 3737 ἐπ’
2585 3683 2733 3752 αὒτῷ
2761 3685 2941 3741 τόκον.

561 3775 728 3833 Leuit.
757 3793 886 3833 xxv.
914 3775 1117 3836 Tecum
1143 3781 1285 3837 vivet
1311 3782 1505 3838 fratrer
1530 3792 1675 3848 tuus,
1707 3799 1810 3840 nec
1827 3784 1874 3840 ei
1904 3785 2057 3840 dabis

2229 3775 2465 3845 Ζήσεται
2495 3775 2523 3828 δ
2547 3775 2774 3842 ἀδελφός
2805 3793 2899 3830 σου
2929 3777 3066 3846 μετᾶ
3091 3776 3215 3831 σοῦ.
3247 3777 3322 3832 Τὸ
3353 3773 3580 3845 ἀργύριόν
3602 3784 3664 3818 σου

491 3873 774 3939 pecuniam
815 3882 960 3926 tuam
996 3873 1063 3928 ad
1114 3889 1360 3940 usuram,
1392 3890 1490 3931 nec
1553 3884 1613 3930 ut
1657 3877 1782 3946 plus
1825 3876 2004 3945 recipi:

2161 3868 2223 3921 ού
2257 3867 2452 3930 δώσεις
2499 3867 2650 3938 αὐτῷ
2683 3867 2777 3921 ἐπὶ
2823 3869 2990 3941 τόκῳ,
3045 3872 3142 3924 καὶ
3184 3871 3284 3922 ἐπὶ
3322 3860 3604 3930 πλεονασμῷ
3622 3858 3661 3909 οὐ

488 3959 644 4015 dabis
675 3960 722 4014 ei
756 3960 824 4017 de.
852 3962 1124 4018 alimentis
1159 3963 1289 4020 tuis.

2160 3959 2353 4022 δώσεις
2387 3957 2532 4027 αὐτῷ
2557 3959 2626 4012 τὰ
2659 3957 2924 4030 βρώματά
2953 3976 3069 4016 σου.

566 4051 722 4106 Deut.
756 4056 908 4109 χχιιι.
941 4054 1182 4111 Motuum
1216 4057 1344 4112 dato
1366 4058 1612 4126 proximo
1634 4069 1748 4125 tuo,
1783 4071 2050 4132 quantum

2233 4051 2453 4105 Δάνειον
2478 4052 2680 4116 δανιεῖς
2724 4051 2801 4123 τῷ
2833 4052 3060 4123 πλησίον
3093 4071 3215 4115 σου,
3250 4054 3377 4128 ὅσου
3426 4047 3663 4104 ἐπιδέεται·

492 4143 540 4198 ei
589 4159 725 4214 opus
757 4156 860 4212 est,
895 4161 997 4202 nec
1026 4159 1246 4216 gravate
1293 4160 1387 4205 aut
1431 4168 1554 4205 cum
1594 4154 1764 4207 animi
1821 4169 2005 4209 mmrou

2162 4145 2256 4196 καὶ
2291 4143 2350 4195 οὑ
2383 4143 2674 4216 λυπηθήσῃ
2706 4146 2772 4216 τῇ
2806 4144 3004 4216 καρδίᾳ
3032 4162 3126 4198 σου
3159 4146 3400 4204 διδόντος
3427 4161 3511 4195 σου
3534 4135 3668 4198 ait-.5,“

495 4234 683 4301 dabis;
718 4251 842 4295 nam
892 4239 962 4292 ob
996 4238 1152 4294 istam
1198 4256 1420 4296 causam
1454 4242 1757 4298 fortunahit
1791 4245 1885 4299 tibi
1919 4247 2008 4300 Det

2163 4235 2243 4287 ὅτι
2272 4234 2360 4288 διὰ
2383 4235 2457 4300 ,τὸ
2491 4236 2645 4306 ῥῆμα
2673 4236 2833 4289 τοῦτο
2866 4236 3156 4306 εύλογήσει
3194 4255 3260 4290 σε
3307 4236 3545 4307 Κύριοςὸ
3581 4229 3668 4284 θεός

493 4329 675 4381 omnia
709 4344 869 4398 opera
903 4339 1017 4385 tua.

2166 4345 2257 4381 σου
2290 4332 2348 4382 ὲν
2377 4331 2511 4382 πᾶσι
2541 4331 2654 4391 τοῖς
2686 4328 2868 4399 ἔργοις
2907 4345 3027 4384 σου.

560 4418 678 4474 Νοη
732 4420 1090 4479 [ωηθτοὺετὶε
1143 4423 1294 4480 fratri
1349 4435 1445 4480 tuo
1497 4427 1724 4495 cibaria,
1782 4440 1876 4485 aut
1909 4433 2054 4488 aliud

2239 4423 2351 4475 Οὐκ
2404 4422 2671 4483 ὲκτοκιεῖς
2717 4419 2794 4490 τῷ
2825 4419 3040 4491 ἀδελφῷ
3071 4437 3165 4473 σου
3221 4421 3386 4474 τόκον
3416 4416 3671 4511 βρωμάτων.

493 4513 814 4584 quidquam,
850 4519 993 4586 qnod
1032 4517 1188 4572 fratri
1224 4526 1319 4574 tuo
1350 4522 1706 4577 mutuaveris.

2162 4515 2258 4568 xui.
2291 4515 2450 4568 τόκον
2500 4513 2701 4577 παντὸς
2744 4513 3090 4582 πράγματος,
3121 4507 3188 4568 οὗ
3225 4514 3326 4567 ὲάν
3368 4511 3589 4579 ἐκδανιῇς
3623 4507 3674 4568 τῷ

2161 4607 2374 4678 ἀδελφῷ
2407 4623 2524 4662 σου.

565 4693 664 4750 Job
713 4695 1261 4768 xxxr.Syngrapham
1327 4714 1489 4768 quant
1561 4700 1822 4756 habebam
1867 4713 2056 4758 contra

2231 4699 2562 4770 Συγγραφὴν
2587 4699 2656 4769 ἢν
2695 4694 2838 4769 εἶχον
2868 4698 3010 4753 κατά
3057 4714 3232 4764 τινος,
3267 4699 3355 4752 ἐπ’
3386 4695 3539 4764 ὤμοις
3563 4704 3674 4756 περι·

492 4787 801 4855 quempiam
826 4790 1071 4844 humeris
1092 4791 1488 4846 circumdatam
1511 4801 1770 4863 tanquam
1794 4810 2005 4850 corona

2164 4792 2412 4858 θέμενος,
2440 4792 2516 4854 ὡς
2564 4792 2827 4860 στέφανον
2870 4792 3274 4860 ἀνεγίνωσκον,
3311 4791 3407 4842 καὶ
3446 4778 3677 4882 ῥήξας

495 4876 757 4947 legebam,
787 4891 842 4934 et
874 4895 992 4935 eam
1025 4896 1054 4935 a
1105 4895 1192 4936 me
1218 4881 1445 4938 fractam
1473 4884 1704 4952 reddidi,
1729 4886 1866 4942 nihil
1917 4903 2008 4942 acc

2164 4884 2259 4953 τὴν
2295 4884 2575 4951 ἀπέδωκα,
2627 4883 2794 4954 μηδὲν
2836 4881 3175 4953 παραλαϐὼν
3219 4881 3376 4952 παρά
3417 4876 3677 4949 χρεωφειλέ-

496 4972 648 5036 piens
673 4988 703 5026 a
723 4973 977 5045 debitore
1007 4990 1148 5030 meo.

898 4990 977 5028 )re
1007 4990 1148 5030 meo.
2159 4992 2255 5028 του
2286 4993 2411 5045 μου.

569 5041 866 5118 Ρεαι.’χιν.
894 5067 1192 5136 Argentum
1238 5085 1346 5126 non
1394 5071 1543 5127 dedit
1589 5071 1804 5136 faenori,
1844 5080 1898 5126 et
1941 5088 2060 5126 mu-

2233 5067 2306 5118 Τὸ
2361 5065 2625 5137 ἀργύριον
2675 5065 2838 5120 αὐτοῦ
2891 5065 2993 5119 οὐκ
3045 5065 3257 5119 ἔδωκεν
3312 5065 3406 5119 ἐπὶ
3449 5062 3592 5126 τόκῳ.
3616 5049 3679 5102 11‘-

502 5161 630 5202 nera
654 5161 844 5206 contra
873 5156 1191 5214 innocentes
1217 5177 1324 5216 non
1352 5164 1562 5233 accepit
1587 5181 1601 5218 :
1638 5165 1732 5235 qui
1759 5163 1876 5219 haec
1895 5178 2015 5218 exet

2166 5160 2311 5230 δῶρα
2357 5160 2447 5211 ἐπ’
2482 5159 2679 5222 ἀθώοις
2719 5160 2818 5211 οὐκ
2873 5157 3084 5213 ἐλαϐεν.
3127 5158 3191 5211 '0
3247 5158 3422 5211 ποιῶν
3464 5149 3610 5207 ταῦτα
3641 5142 3679 5191 οὗ

501 5248 622 5306 cet,‘
647 5256 754 5295 non
785 5254 1240 5315 conquassabitur
1272 5256 1384 5310 ullo
1417 5266 1680 5324 tempore.

1510 5271 1680 5324 more.
2166 5251 2561 5318 σαλευθήσεται
2597 5251 2677 5312 εἰς
2707 5251 2797 5304 τὸν
2826 5251 3023 5305 αἰῶνα.

572 5331 666 5388 Vir
700 5335 874 5391 bonus
929 5350 1012 5394 cst
1060 5343 1107 5397 is
1140 5346 1232 5413 qui
1285 5347 1577 5402 miseretur
1627 5355 1682 5402 et
1727 5348 2058 5411 commodat,

2237 5343 2486 5414 Χρηστδς
2517 5342 2657 5413 ἀνὴρ
2689 5345 2718 5396 ὁ
2764 5344 3050 5414 οἰκτείρων
3089 5343 3190 5398 καὶ
3242 5341 3485 5414 κιχρῶν·
3534 5334 3687 5385 οἰκειο-

499 5426 740 5496 disponit
770 5415 1053 5483 sermones
1084 5447 1210 5489 suos
1242 5437 1295 5488 in
1325 5437 1551 5506 judicio.

2171 5437 2334 5507 μήσει
2361 5435 2486 5498 τοὺς
2516 5435 2710 5503 λόγους
2745 5434 2911 5487 αὑτοῦ
2947 5439 3004 5489 ἐν
3034 5436 3242 5503 κρίσει.

568 5517 756 5575 Justus
793 5521 1078 5576 miseretur
1107 5535 1160 5578 et
1184 5532 1512 5584 commodat.

2243 5528 2459 5588 Δίκαιος
2493 5525 2750 5594 οἰκτείρει
2786 5527 2881 5579 καὶ
2909 5527 3091 5596 κιχρᾷ.

572 5607 842 5666 Solomon.
875 5611 1212 5670 Creditorem
1247 5617 1414 5672 simul
1466 5630 1522 5674 et
1559 5623 1886 5692 Idebitorem
1938 5637 2066 5679 Con-

2244 5617 2535 5670 Δανειστοῦ
2587 5618 2681 5669 καὶ
2732 5617 3127 5687 χρεωφειλέτου
3168 5613 3428 5680 ἀλλήλοις
3470 5597 3684 5658 συνελθεῖν

505 5699 663 5755 corde
693 5702 932 5762 viventes
964 5707 1180 5777 inspicit
1223 5707 1502 5764 Dominus.

2175 5726 2302 5774 των,
2332 5709 2636 5779 ἐπισκοπὴν
2667 5709 2990 5781 ἀμφοτέρων
3029 5709 3272 5762 ποιεῖται
3315 5705 3531 5775 Κύριοςο
