3992 6252
355 362 491 426 1069

1122 366 1296 427 LOCI
1337 366 1780 431 COMMUNES.
1807 394 1874 406 --
1920 371 2116 430 PARS
2155 371 2231 435 l'l‘.
2276 375 2533 436 SER-MO
2564 377 2777 438 XXVI.

3465 379 3600 443 1070

418 475 661 548 [Ὅστις]
711 477 1082 548 ἐνεχυρασμδν
1128 481 1434 549 οφείλοντος
1494 483 1785 548 ἀποδώσει,
1827 484 1951 537 καὶ.

2096 488 2286 543 Ezech.
2316 503 2410 552 vn,
2449 505 2604 543 xvm.
2631 488 2736 554 Qui
2777 488 3038 544 debitoris
3057 489 3251 560 pignus
3279 489 3598 552 reddiderit,

349 571 412 625 τὸ
440 570 701 642 ἀργύριον
750 572 916 625 αὐτοῦ
971 573 1062 626 ἐπὶ
1103 578 1247 643 τόκῳ
1289 576 1350 628 οὐ
1400 574 1582 640 δώσει,
1617 575 1712 629 καὶ
1763 575 1920 628 πλεο-

351 665 556 737 νασμδν
602 665 664 719 οὐ
715 665 984 735 λήψεται,
1019 667 1222 727 δίκαιος
1254 661 1410 730 οὗτός
1439 669 1575 728 ἔστι,
1607 669 1718 738 ζωῇ
1763 670 1923 738 ζήσε-

349 775 462 818 ται,
499 758 645 824 λέγει
685 757 908 828 Κύριος.

436 849 493 901 '0
517 849 684 900 ποιῶν
706 848 854 911 ἔλεος
874 849 1044 902 δανιεῖ
1074 849 1152 918 τῷ
1191 849 1422 918 πλησίον
1439 866 1455 883 ο
1477 849 1572 902 καὶ
1597 851 1626 902 6
1651 850 1924 918 ἑπισχύων

351 942 416 1010 τῇ
457 941 602 1010 χειρὶ
629 939 794 993 αὑτοῦ
825 943 983 1012 τηρεῖ
1020 943 1260 1005 ἐντολάς.

424 1121 516 1190 Τῷ
552 1121 792 1176 αἰτοῦντί
825 1139 883 1175 σε
932 1123 1099 1187 δίδου,
1151 1125 1366 1178 καὶτὸν
1414 1125 1640 1182 θέλοντα
1685 1128 1792 1181 ἀπὸ
1827 1128 1922 1182 σοῦ

350 1211 702 1267 δανείσασθαι
736 1216 810 1283 μὴ
848 1215 1228 1285 ἀποστραφῇς.

438 1305 566 1356 Ἐὰν
596 1305 879 1372 δανείζητε
904 1307 1036 1377 παρ’
1063 1302 1139 1363 ὧν
1172 1307 1420 1372 ἐλπίζετε
1447 1308 1763 1372 ἀπολαϐεῖν,
1793 1309 1924 1362 ποία

354 1397 486 1463 ὑμῖν
517 1397 674 1466 χάρις
724 1397 877 1464 tari;
929 1400 1022 1451 καὶ
1065 1399 1174 1468 γάρ
1214 1397 1530 1469 ἁμαρτωλοὶ
1579 1398 1925 1469 ἁμαρτωλοῖς

352 1487 708 1554 δανείζουσιν,
743 1488 829 1542 ἵνα
861 1489 1175 1542 ἀπολάϐωσι
1220 1491 1286 1544 τὰ
1336 1493 1451 1545 ῐσα.
1483 1490 1632 1560 Πλὴν
1671 1489 1923 1556 ἀγαπᾶτε

325 1580 481 1642 ιτοὺς
497 1579 727 1648 ἐχθροὺς
750 1580 926 1649 ὑμῶν,
943 1581 1040 1634 καὶ
1065 1583 1461 1648 ἀγαθοποιεῖτε,
1491 1582 1584 1637 καὶ
1603 1581 1877 1647 δανείζετε
1908 1621 1922 1644 ,

358 1673 527 1742 μηδὲν
551 1673 966 1738 ἀπελπίζοντες,
997 1675 1090 1727 καὶ
1117 1674 1271 1727 ἔσται
1297 1677 1324 1727 6
1358 1675 1548 1742 μισθὸς
1573 1675 1730 1745 ὑμῶν
1757 1675 1924 1738 πολὺς

353 1765 416 1815 ἐν
445 1766 560 1827 τοῖς
599 1765 870 1833 οὐρανοῖς.

426 1857 582 1926 Μήτε
617 1857 707 1909 τὶν
752 1856 973 1910 θέλοντα
1008 1857 1360 1912 δανείσασθαι
1403 1857 1783 1931 ἀποστραφῇς,
1832 1859 1927 1913 καὶ

353 1947 416 2000 τδ
443 1947 705 2018 ἀργύριόν
759 1965 853 2001 σου
889 1949 950 2000 οὐ
1001 1949 1192 2012 δώσεις
1232 1949 1323 2004 ἐπὶ
1374 1950 1518 2020 τόκῳ
1544 1967 1557 1979 °
1596 1951 1681 2004 ἵνα
1724 1952 1786 2004 ἐκ
1821 1951 1930 2004 Πα-

353 2038 515 2102 Rata;
547 2048 639 2092 καὶ
665 2039 812 2103 Νέας
856 2041 1130 2111 Διαθήκης
1159 2043 1228 2094 τά
1257 2043 1610 2113 συμφέροντα
1647 2042 1926 2114 διδαχθῇς,

358 2129 503 2197 μετά
527 2131 741 2199 ἀγαθῆς
771 2131 985 2194 ἐλπίδος
1010 2133 1144 2202 πρὸς
1169 2133 1300 2186 Θεὸν
1325 2133 1515 2207 ἀπίῃς,
1545 2135 1662 2187 ἐκεῖ
1681 2135 1808 2196 τοὺς
1841 2136 1929 2188 τό·

359 2236 493 2282 κους
523 2220 633 2272 τῶν
664 2217 893 2288 ’ἀγαθῶν
922 2221 1098 2292 εςγων
1135 2223 1572 2293 ἀποληψόμενος.

431 2311 495 2363 El
528 2311 708 2380 βούλει
733 2311 825 2364 τὸν
854 2313 1087 2382 Χριστὸν
1121 2311 1264 2382 ἔχειν
1289 2314 1443 2383 φίλον
1475 2315 1762 2383 διηνεκῶς,
1796 2315 1929 2368 πολ-

356 2402 463 2455 λῶν
484 2403 648 2456 αὑτὸν
670 2402 1012 2473 κατάστησον
1038 2404 1336 2476 χρεώστην.
1364 2407 1499 2461 Οὐδὲ
1519 2407 1626 2478 γάρ
1646 2407 1788 2461 οὓτω
1809 2407 1932 2478 χαίο

361 2512 446 2546 ost
500 2495 784 2560 δανειστὴς
815 2496 1098 2564 ὀφειλέτας
1142 2497 1286 2567 ἔχων
1312 2518 1326 2532 ο
1380 2500 1472 2552 καὶ
1502 2495 1585 2562 οἷς
1629 2502 1729 2568 μὲν
1758 2499 1928 2570 μηδὲν

351 2585 588 2655 ὀφείλει,
617 2585 837 2649 τούτους
863 2587 960 2641 καὶ
993 2587 1321 2658 ἀποφεύγει⁹
1351 2584 1432 2652 οἷς
1457 2589 1512 2644 δὲ
1542 2589 1773 2657 ὀφείλει,
1802 2588 1924 2642 τού-

355 2694 472 2740 τοις
499 2680 591 2733 καὶ
624 2679 926 2750 ἐπιτρέχει.

937 2771 1156 2825 ΛΟΓυΣ
1192 2771 1334 2838 Kq'.

704 2855 844 2931 Περὶ
883 2864 1214 2919 δανειστῶν
1241 2864 1580 2933 μοχθηρῶν.

431 2955 673 3024 [lg/535x:
703 2957 938 3027 σεαυτῷ,
973 2957 1048 3027 μὴ
1095 2957 1317 3025 γένηται
1349 2958 1500 3026 ρἦα
1538 2954 1779 3024 κρυπτὸν
1804 2955 1929 3008 ἀνό-

360 3067 522 3119 μημα
551 3050 609 3102 ἐν
639 3053 706 3120 τῇ
738 3049 934 3122 καρδίᾳ
971 3067 1084 3115 σου,
1127 3049 1284 3117 λέγον
1307 3065 1324 3080 ο
1368 3047 1608 3116 Ἐγγίζει
1633 3047 1694 3100 τὸ
1719 3047 1840 3108 ἔτος
1866 3045 1928 3098 τὸ

357 3142 588 3208 ἕϐδομον
629 3142 724 3210 τῆς
759 3141 1030 3210 ἀφέσεως.
1076 3141 1184 3194 Καὶ
1232 3139 1630 3210 πονηρεύσεται
1657 3139 1686 3190 6
1721 3137 1928 3205 ὀφθαλ-

363 3232 465 3298 μός
497 3249 590 3284 σου
624 3231 702 3301 τῷ
735 3231 947 3300 ἀδελφῷ
979 3249 1072 3285 σου
1108 3231 1187 3302 τῷ
1215 3232 1568 3302 ἐπιδεομένῳ,
1603 3229 1698 3283 καὶ
1729 3229 1927 3298 οὐδῷς

359 3322 533 3392 αὐτῷ,
587 3325 681 3378 καὶ
733 3324 990 3393 βοήσεται
1024 3326 1166 3377 κατὰ
1218 3323 1314 3377 σοῦ
1370 3323 1508 3394 πρὸς
1567 3323 1794 3393 Κύριον,
1838 3323 1932 3375 καὶ

357 3417 516 3469 ἔσται
549 3433 631 3469 σοι
659 3417 908 3486 ἁμαρτία
951 3417 1183 3486 μεγάλη.

434 3509 668 3571 Πλοῦτος
699 3508 899 3571 ἀδίκως
931 3510 1299 3578 συναγόμενος
1341 3508 1765 3580 ἔξεμηθήσεται.

434 3599 726 3672 Πληούνων
781 3599 872 3650 τὸν
925 3599 1156 3652 πλοῦτον
1199 3599 1364 3652 αὐτοῦ
1419 3601 1559 3670 μετά
1611 3600 1789 3654 τόκων
1834 3598 1932 3652 καὶ

359 3692 746 3760 πλεονασμῶν,
773 3691 854 3761 τῷ
881 3691 1119 3745 ἐλεοῦντι
1148 3692 1399 3762 πτωχοὺς
1425 3691 1650 3760 συνάγει
1675 3691 1856 3744 αὐτόν.

437 3873 714 3942 ’Ὑπαρξις
768 3869 1282 3941 ἐπισπουδαζομένη
1315 3873 1456 3941 μετὰ
1500 3871 1728 3940 ἀνομίας
1771 3871 1934 3925 ἐλάσ-

361 3983 474 4018 σων
499 3965 728 4030 γίνεται.

435 4057 592 4121 Δόσις
617 4058 853 4128 άφρονος
880 4059 942 4111 οὐ
970 4059 1317 4127 λυσιτελήσει
1355 4074 1437 4111 σοι
1466 4057 1704 4111 λαϐόντι.
1732 4058 1794 4110 0i
1825 4049 1934 4126 γάρ

359 4150 633 4219 ὀφθαλμοὶ
660 4148 825 4204 αὑτοῦ
853 4149 973 4204 ἀνθ’
1000 4151 1121 4216 ἑνός
1147 4152 1225 4215 είς
1253 4153 1312 4204 τὸ
1334 4149 1517 4203 λαϐεῖν
1543 4149 1712 4203 πολλά
1736 4167 1749 4180 ·
1777 4149 1936 4215 ὀλίγα

358 4238 546 4305 δώσει,
579 4241 675 4294 καὶ
708 4240 879 4294 πολλὰ
931 4241 1185 4294 ὀνειδίσει
1209 4256 1225 4272 ⁸
1259 4240 1354 4294 καὶ
1411 4226 1612 4305 ἀνοίξει
1645 4239 1707 4292 τὸ
1760 4239 1934 4308 στόμα

361 4333 530 4386 αὖτοῦ
562 4333 639 4396 ὡς
683 4332 877 4403 κῆρυξ.
909 4333 1158 4404 Σήμερον
1199 4332 1391 4398 δανιεῖ,
1425 4332 1518 4385 καὶ
1546 4329 1735 4401 αὔριον
1765 4333 1935 4383 ἀπαι-

360 4420 464 4470 τεῖ.
495 4419 738 4488 Μισητὸς
769 4419 959 4491 Κυρίῳ
990 4422 1083 4473 καὶ
1113 4421 1426 4492 ἀνθρώποις
1455 4423 1482 4474 6
1510 4421 1773 4484 τοιοῦτος.

449 4598 714 4664 Ἐξελθὼν
741 4599 798 4652 δὲ
827 4600 854 4650 6
891 4597 1076 4663 δοῦλος
1117 4602 1344 4665 ἐκεῖνος,
1371 4594 1530 4672 εὗρεν
1555 4603 1652 4656 ἒνα
1675 4605 1784 4658 τῶν
1813 4623 1938 4657 συν-

359 4690 570 4744 δούλων
603 4690 789 4755 αὐτοῦ,
823 4691 879 4754 ὃς
905 4691 1139 4758 ὤφειλεν
1167 4693 1317 4764 αὑτῷ
1340 4695 1536 4748 ἑκατὸν
1553 4696 1780 4768 δηνάρια
1801 4715 1813 4728 ο
1844 4701 1936 4751 καὶ

360 4784 651 4854 κρατήσας
683 4785 868 4850 αὑτὸν,
897 4785 1086 4853 ἐπνιγε
1120 4785 1295 4852 λέγων
1318 4802 1333 4817 ο
1377 4786 1598 4851 Ἀπόδος
1627 4789 1654 4840 ὃ
1685 4807 1738 4841 τι
1785 4791 1936 4858 όφείο

358 4875 497 4938 λεις,
533 4876 721 4930 καὶτὰ
763 4877 912 4946 ἑξῆς.

447 4969 574 5022 Ἐὰν
617 4971 1021 5041 χρεωφειλέτην
1059 4972 1232 5044 λάϐῃς
1267 4972 1704 5044 προσπίπτοντα,
1754 4975 1936 5026 πᾶσαν

361 5061 697 5130 συγγραφὴν
735 5059 920 5114 ἄδικον
971 5061 1271 5115 διάσπασον
1298 5077 1312 5093 ⁶
1365 5061 1636 5132 μνήσθητι
1679 5064 1789 5112 τῶν
1839 5077 1937 5130 μυ-

361 5154 500 5224 ρίων
534 5154 840 5218 ταλάντων,
869 5149 944 5209 ὧν
977 5172 1058 5208 σοι
1088 5155 1323 5225 Χριστὸς
1353 5155 1685 5225 ἐδωρήσατο,
1733 5153 1826 5206 καὶ
1861 5153 1936 5223 μὴ

357 5247 495 5316 γένῃ
524 5249 791 5316 πράκτωρ
823 5247 1019 5316 πικρὸς
1055 5246 1151 5302 τοῦ
1182 5248 1466 5310 ἐλάττονος
1499 5245 1722 5318 χρέους.

433 5337 524 5405 Τῷ
555 5337 668 5390 δντι
693 5337 995 5410 ὑπερϐολὴν
1019 5339 1412 5409 ἀπανθρωπίας
1443 5337 1554 5409 ἔχει
1585 5338 1676 5392 τὸν
1706 5338 1805 5408 μὲν
1829 5339 1936 5390 τῶν

357 5429 682 5496 ὁθαίκαίων
737 5431 927 5495 ἐνδεῶς
975 5430 1166 5500 ἔχοντα
1218 5431 1406 5501 ζητεῖν
1454 5433 1533 5492 είς
1587 5429 1937 5501 παραμυθίαν

367 5544 457 5572 συν
498 5521 636 5589 βίου,
685 5520 774 5572 τὸν
821 5521 878 5574 δὲ
913 5519 986 5592 μὴ
1037 5519 1324 5587 ἀρκεῖσθαι
1375 5520 1452 5589 τῷ
1487 5520 1784 5588 κεφαλαίῳ,
1823 5519 1938 5572 ἀλλ’

359 5613 602 5664 Emtae“
660 5615 723 5664 ὲκ
755 5614 861 5664 τῶν
895 5611 1189 5682 συμφορῶν
1221 5611 1316 5664 τοῦ
1372 5613 1602 5684 πένητος
1643 5612 1936 5684 προσόδους

363 5704 548 5773 ἑαυτῷ
579 5706 672 5758 καὶ
701 5706 962 5776 εὐπορίας
1004 5705 1323 5776 προσάγειν.

441 5817 520 5886 (Ι)
560 5817 622 5870 Id
659 5828 758 5884 est,
796 5833 1058 5872 novarum
1101 5818 1426 5883 tabularum,

2025 585 2078 626 et
2112 586 2396 646 argentum
2446 593 2606 633 suum
2653 578 2849 633 faenori
2903 594 3014 632 non
3069 577 3305 644 dederit,
3356 578 3600 647 nihilque

2027 669 2167 722 ultra
2219 678 2419 724 sortem
2459 672 2746 740 receperit,
2793 671 2840 725 is
2883 670 2968 724 vir
3013 671 3190 726 bonus
3237 677 3344 735 est,
3375 669 3455 724 ait
3487 669 3597 724 Do-

2029 759 2227 824 minus,
2260 769 2314 813 et
2343 776 2506 829 quam
2543 761 2852 817 diutissime
2881 759 3044 816 vivet.

2097 848 2454 905 Eccli.xx1x.
2504 851 2608 918 Qui
2659 852 3095 908 miscricordiam
3152 851 3416 920 impertit,
3469 864 3599 918 pro-

2025 940 2174 995 ximo
2207 954 2454 996 mutuum
2486 943 2637 998 dabit
2663 960 2677 996 :
2703 949 2759 997 et
2798 943 2892 1013 qui
2922 957 3090 998 manu
3130 958 3230 998 sua
3257 941 3598 1006 corroborat,

2029 1041 2297 1102 prmccpta
2331 1043 2534 1090 servat.

2101 1121 2226 1176 Luc.
2256 1139 2326 1177 vr.
2354 1119 2564 1178 Petenti
2611 1123 2708 1179 abs
2772 1121 2823 1179 te
2851 1124 3015 1192 dato;
3048 1132 3104 1180 et
3135 1123 3202 1178 ab
3229 1137 3297 1179 eo
3345 1122 3441 1192 qui
3486 1121 3603 1178 vult

2025 1213 2122 1268 abs
2149 1225 2199 1269 te
2235 1225 2483 1271 mutuum
2515 1231 2752 1282 sumere,
2779 1230 2849 1271 ne
2882 1216 3170 1272 avertaris.

2102 1307 2160 1360 Si
2211 1317 2462 1363 mutuum
2503 1309 2645 1365 datis
2685 1324 2714 1363 a
2743 1309 2945 1378 quibus
2992 1308 3224 1378 speratis
3264 1323 3362 1362 vos
3405 1320 3598 1374 recep-

2026 1409 2200 1461 turos,
2231 1415 2350 1468 quae
2376 1400 2529 1455 vobis
2556 1401 2728 1470 gratia
2779 1398 2897 1454 est?
2924 1399 3125 1453 etenim
3175 1399 3438 1454 scelerosi
3478 1415 3601 1454 mu-

2027 1505 2178 1546 tuum
2201 1491 2332 1545 dant
2364 1491 2671 1555 scelerosis,
2705 1500 2764 1546 ut
2790 1490 2941 1561 paria
2968 1489 3069 1545 sibi
3105 1489 3455 1546 referantur:
3493 1490 3606 1543 imo

2027 1600 2156 1639 vero
2205 1584 2410 1654 diligite
2455 1583 2708 1639 inimicos
2742 1585 2980 1649 vestros,
3023 1597 3088 1637 ac
3129 1580 3457 1644 benefacite,
3491 1596 3610 1634 mu-

2027 1685 2290 1744 tuumque
2335 1675 2461 1729 date
2494 1674 2628 1730 nihil
2672 1675 2798 1729 inde
2830 1683 3135 1741 sperantes,
3167 1683 3220 1726 ct
3249 1674 3354 1727 erit
3393 1687 3604 1727 merces

2027 1779 2204 1821 vestra
2235 1768 2288 1821 in
2321 1767 2476 1822 caelis
2503 1767 2751 1836 copiosa.

1961 1831 2000 1885 Β
2102 1858 2160 1914 S.
2205 1859 2416 1913 Basilii.
2465 1831 2652 1928 Neque
2681 1859 2952 1913 volentem
3001 1857 3099 1911 abs
3127 1865 3177 1910 te
3226 1864 3474 1909 runtuum
3509 1869 3609 1908 su-

2034 1967 2183 2007 mere
2226 1952 2495 2021 rcpellito,
2543 1967 2645 2006 nec
2675 1957 2960 2021 argentum
2996 1958 3146 2003 tuum
3189 1949 3288 2003 des
3321 1947 3518 2002 faenori
3549 1957 3606 1998 ut

2029 2058 2096 2096 ex
2155 2039 2334 2096 Veteri
2383 2051 2438 2096 et
2485 2039 2637 2095 Novo
2693 2041 3048 2095 Testamento
3087 2053 3210 2106 qua:
3267 2037 3421 2091 utilia
3482 2045 3608 2090 suist

2031 2134 2234 2195 diseas.
2261 2133 2513 2201 bonaque
2545 2147 2640 2200 spe
2666 2132 2899 2186 accedas
2931 2132 2998 2185 ad
3039 2131 3229 2196 Deum,
3280 2129 3370 2184 ubi
3409 2144 3608 2185 usuras

2033 2224 2301 2276 honorum
2335 2241 2563 2294 operum
2591 2234 2909 2294 recepturus
2939 2241 3019 2281 es.

2104 2314 2158 2366 Si
2196 2316 2277 2368 vis
2301 2313 2583 2368 Christum
2612 2315 2960 2370 continenter
2988 2316 3224 2370 amicum
3251 2323 3305 2370 et
3331 2312 3605 2370 faventem

2027 2403 2289 2467 retinere,
2326 2397 2618 2458 multarum
2659 2393 2818 2478 165.
2865 2423 3046 2460 rerum
3080 2405 3285 2462 είῆοὶιο
3325 2405 3475 2460 illum
3515 2406 3610 2457 de-

2031 2498 2300 2561 bitorem;
2336 2513 2514 2566 neque
2556 2498 2702 2553 enim
2737 2493 2845 2550 tam
2879 2498 3080 2568 gaudet
3125 2497 3420 2553 faenerator
3453 2494 3610 2550 dehi-

2028 2593 2244 2644 toritius
2274 2609 2286 2643 :
2324 2600 2377 2644 et
2408 2589 2609 2658 quibus
2647 2589 2782 2642 nihil
2811 2589 2994 2653 debet,
3025 2585 3120 2644 eds
3153 2583 3376 2658 refugit,
3404 2583 3610 2658 quibus

2031 2677 2216 2738 aut'em
2251 2678 2436 2741 debet.
2471 2683 2534 2734 ad
2571 2683 2672 2735 h'os
2704 2682 2966 2735 aecurrit.
3051 2662 3064 2674 ’

2410 2773 2642 2829 SERMO
2670 2770 2759 2826 xx
2774 2757 2838 2826 Vl
2869 2769 2964 2843 [aL
3019 2764 3223 2840 Lxut].

2279 2867 2352 2920 De
2384 2867 2561 2919 avaris
2610 2862 2932 2931 etiit‘tprobis
2995 2861 3366 2916 creditoribus.

2099 2961 2260 3019 Deut.
2275 2958 2587 3014 Cavendum
2610 2957 2706 3010 tibi
2732 2963 2810 3010 est
2824 2996 2838 3019 ,
2857 2950 2923 3009 ne
2940 2953 3070 3024 quid
3092 2947 3299 3007 occulte
3315 2951 3535 3019 impium
3557 2945 3609 3002 ili

2029 3054 2216 3107 animo
2258 3055 2468 3107 volute‘s
2515 3049 2616 3103 ista
2670 3046 2898 3112 ratione,
2934 3061 3041 3116 qua
3101 3038 3252 3099 dieas
3311 3041 3606 3113 septimum

2033 3157 2234 3198 artuum
2273 3140 2712 3212 appropinquare
2757 3136 3177 3193 eondonationis
3201 3135 3299 3206 (l),
3329 3135 3496 3204 atque
3533 3131 3607 3186 ‘oh

2030 3252 2150 3296 eam
2178 3249 2398 3290 causam
2427 3232 2504 3287 sis
2527 3231 2764 3300 iniquior
2788 3229 2941 3283 l'ratrt
2968 3237 3063 3283 lttu
3083 3227 3287 3298 egenti,
3313 3241 3416 3281 nec
3438 3225 3534 3279 des
3555 3225 3610 3280 ei

2031 3329 2374 3400 quidquam;
2407 3325 2500 3379 ille
2533 3321 2792 3378 clamabit
2849 3319 2918 3374 ad
2967 3313 3276 3383 Dominum,
3332 3317 3612 3386 peccatum

2032 3426 2213 3471 autem
2247 3422 2401 3468 tuum
2433 3419 2689 3481 magnum
2746 3409 2876 3464 erit.

2100 3505 2200 3562 Job
2235 3516 2327 3560 sx.
2373 3505 2582 3559 Divitle
2617 3499 2817 3572 injuria
2874 3505 3201 3556 coacervata
3256 3503 3602 3554 evomentur.

2102 3597 2307 3654 Salom.
2360 3593 2679 3661 κυπαριιί
2728 3589 3022 3662 ampliﬁcat
3053 3606 3139 3646 res
3184 3590 3510 3646 Suasusuris
3545 3595 3600 3644 et

2033 3697 2224 3760 praeter
2285 3694 2488 3742 sortem
2556 3683 2983 3749 accessionibus,
3009 3682 3057 3737 is
3115 3681 3444 3750 impertienti
3513 3680 3615 3733 iui-

2033 3779 2384 3838 sericordiam
2423 3778 2751 3849 pauperibus
2777 3789 2868 3831 eas
2909 3784 3213 3830 coacervat.

2103 3871 2271 3928 Oseaz.
2296 3871 2504 3924 Divitiae
2529 3884 2621 3938 per
2654 3867 2906 3936 iniuriam
2932 3863 3261 3935 Comparate
3278 3865 3594 3917 minuentur

2107 4054 2161 4109 Si
2197 4053 2328 4123 quid
2359 4047 2586 4120 largitus
2609 4047 2679 4104 sit
2705 4046 2990 4117 insipiens,
3023 4062 3125 4100 non
3146 4043 3387 4114 proderit
3438 4043 3485 4095 ei
3524 4042 3616 4112 qtti

2036 4145 2348 4214 acceperit;
2399 4141 2542 4198 oculi
2605 4141 2750 4196 enim
2821 4125 2998 4209 ipsius
3060 4146 3220 4192 erunt
3256 4152 3352 4206 pro
3390 4150 3518 4198 nuo,
3563 4143 3617 4187 ut

2040 4239 2209 4293 multa
2243 4233 2512 4304 accipiat:
2543 4249 2713 4302 pauca
2741 4232 2908 4292 dabit,
2953 4239 3006 4284 ct
3040 4231 3206 4284 multa
3237 4227 3618 4298 exprobrabit;

2037 4342 2091 4386 et
2124 4331 2204 4386 sic
2224 4330 2424 4399 aperiet
2451 4343 2512 4382 os
2534 4343 2716 4388 suum,
2748 4327 3206 4396 quemadmodum
3240 4336 3420 4393 praeco
3451 4322 3614 4376 solet.

2040 4424 2212 4478 Hodie
2267 4432 2515 4476 mutuum
2548 4421 2720 4481 dabit.
2745 4427 2801 4474 ct
2827 4433 2949 4473 cras
2980 4426 3273 4486 rcposcet:
3305 4413 3616 4469 istiusmodi

1966 4533 2010 4587 ι)
2039 4517 2131 4586 qui
2165 4526 2267 4578 est,
2331 4523 2441 4568 ttnu
2484 4513 2590 4567 Deo
2640 4521 2754 4566 tum
2798 4509 3112 4564 hominibus
3161 4506 3384 4560 odiosus
3410 4514 3514 4559 est.

2112 4607 2305 4660 Matth.
2338 4605 2600 4674 Egressus
2654 4610 2835 4655 autem
2869 4613 3062 4653 servus
3090 4597 3180 4652 ille
3215 4598 3424 4650 invenit
3452 4609 3619 4648 unum

2038 4714 2102 4752 ex
2138 4697 2413 4750 conservis
2474 4694 2606 4754 suis,
2634 4693 2725 4759 qui
2788 4699 3006 4744 centum
3050 4687 3307 4742 denarios
3357 4685 3617 4744 debebat,

2039 4788 2550 4857 apprehensumque
2577 4799 2701 4837 eum
2737 4781 2985 4851 urgebat,
3037 4794 3100 4833 ac
3146 4778 3362 4832 dicebat
3398 4792 3413 4830 ι
3445 4775 3626 4828 Redde

2039 4879 2184 4948 qIImI
2218 4879 2404 4942 debes,
2444 4885 2498 4929 et
2527 4891 2646 4944 quae
2677 4873 2962 4942 deinceps.

2119 4971 2385 5038 Tlteologi.
2421 4969 2476 5024 Si
2511 4968 2810 5022 debitorem
2838 4962 3264 5034 deprehenderis
3299 4961 3624 5029 supplicem,

2042 5072 2210 5118 totam
2251 5061 2617 5132 syngrapham
2678 5058 2924 5127 iniquam
2969 5057 3305 5126 discerpito;
3343 5054 3626 5108 recordare

2050 5158 2240 5212 decem
2289 5154 2458 5207 millia
2500 5152 2849 5216 talentorum,
2885 5164 3007 5220 quae
3039 5150 3137 5203 tibi
3192 5148 3444 5203 Christus
3497 5161 3630 5200 con-

2047 5248 2316 5313 donavit;
2354 5262 2454 5300 nec
2507 5245 2584 5299 sis
2634 5243 2867 5298 acerbus
2916 5239 3138 5296 exactor
3171 5241 3333 5295 debiti
3377 5240 3626 5292 minoris.

2114 5341 2174 5398 S.
2213 5337 2425 5394 Basilii.
2471 5337 2740 5392 Extrema:
2787 5334 3031 5405 proleCto
3081 5333 3494 5388 inhumanitatis
3547 5335 3630 5381 est

2045 5433 2282 5489 subsidia
2299 5433 2422 5485 vitae
2439 5443 2682 5500 quaerere
2713 5427 2783 5482 ab
2804 5441 2870 5482 eo
2891 5427 2978 5481 cui
3004 5426 3308 5482 necessaria
3335 5424 3529 5482 desint,
3551 5419 3628 5473 illi

2049 5541 2176 5578 vero
2222 5535 2425 5578 sortem
2480 5536 2588 5575 non
2621 5520 2754 5574 satis
2783 5533 2926 5582 esse.
2991 5518 3082 5573 sed
3117 5533 3178 5570 ex
3226 5511 3629 5568 calamitatibus

2047 5616 2301 5687 pauperis
2341 5613 2548 5669 reditus
2577 5613 2760 5684 copias
2794 5611 2898 5667 sibi
2943 5623 3135 5680 parare
3165 5605 3429 5672 eugitare.
