3992 6252
413 257 545 324 1071

1642 254 1965 316 ANTONII
2002 253 2348 315 MELISSE

3523 256 3647 325 1072

485 373 707 438 limans,
744 379 804 426 ut
861 371 1085 441 opinor,
1147 368 1497 440 amultiplici
1558 369 1668 425 fetu
1712 372 1839 426 mali
1899 386 1995 426 no-

2171 360 2363 434 Τόκος,
2414 364 2573 441 οἶμαι
2597 407 2615 435 ,
2681 369 2769 425 διὰ
2823 371 2922 441 τὴν
2974 372 3302 442 πολυγονὶαν
3351 371 3443 427 τοῦ
3495 380 3647 433 κακοῦ

413 466 678 519 minatum
705 474 811 528 est,
844 479 945 519 nec
967 461 1186 543 aliunde
1216 479 1232 518 :
1260 463 1348 517 vel
1381 462 1615 518 fortasse
1641 465 1841 519 dicitur
1891 463 1993 521 lte-

2096 464 2528 536 προσηγόρειται
2556 484 2571 499 ο
2605 465 2770 519 πόθεν
2802 466 3065 532 ἄλλοθεν;
3103 468 3136 540 ἢ
3167 467 3310 538 τάχα
3335 469 3487 532 τόκος
3510 471 3650 539 λέγε-

413 573 518 614 uus
547 567 766 629 propter
806 556 1060 611 tristitias
1080 555 1370 610 etdolores
1395 555 1598 625 quibus
1628 554 1765 612 allici
1820 556 1995 613 solent

2118 576 2187 612 ται
2214 558 2304 613 διὰ
2332 559 2432 622 τὰς
2458 558 2649 624 ὀδύνας
2673 561 2770 614 καὶ
2795 559 2973 625 λύπας
3016 561 3095 633 *ἃς
3125 562 3377 628 ἐμποιεῖν
3412 566 3526 627 ταῖς
3562 566 3654 633 ψυ-

414 651 583 708 animi
624 666 814 707 eorum
860 649 954 719 qui
1033 656 1363 704 mutuantur
1421 662 1452 702 a
1513 647 1991 705 lmneratoribus:

418 746 633 800 utenim
665 744 821 799 dolor
841 742 1095 813 parienti,
1129 742 1209 797 sic
1257 741 1374 797 dies
1401 749 1587 797 certus
1621 741 1863 797 obaerato
1916 741 1999 796 in-

417 841 568 895 cidit.
594 839 798 893 anus
816 837 1153 915 cumulatum
1184 836 1410 901 fmnore,
1434 853 1501 892 ex
1520 836 1785 905 improbis
1803 850 2002 906 paren-

414 932 564 987 tibus
616 929 849 1000 improbi
913 929 1089 983 liberi.
1145 926 1437 985 anorum
1495 920 1643 985 fetus
1691 930 1999 999 viperarum

423 1023 601 1091 proles
625 1031 775 1076 recte
796 1021 902 1077 dici
937 1032 1205 1090 possunt;
1262 1029 1492 1076 narrant
1538 1030 1720 1076 autem
1757 1023 1998 1092 viperas,

421 1130 580 1171 erosa
608 1115 797 1171 matris
827 1115 972 1179 alvo,
994 1114 1048 1168 in
1082 1114 1256 1169 lucem
1275 1114 1382 1180 edi,
1410 1124 1461 1169 et
1486 1115 1694 1170 fmuora
1725 1115 2002 1171 devoratis

423 1205 731 1261 debitorum
755 1205 1008 1262 domibus
1043 1214 1419 1274 procreantur.

496 1385 629 1451 Quae
654 1385 829 1454 exigis
854 1399 1016 1438 omne
1048 1384 1470 1439 inlmmanitatis
1506 1399 1676 1455 genus
1700 1394 1959 1455 superant
1987 1402 2003 1440 :

345 1485 356 1496 '
431 1488 497 1530 ex
536 1477 899 1534 incommodis
927 1476 1153 1533 alterius
1180 1476 1338 1548 165
1370 1485 1460 1531 tua
1498 1492 1659 1544 paras
1696 1479 2008 1545 commoda,

438 1586 504 1628 ex
530 1572 785 1643 lacrymis
815 1582 1098 1642 argentum
1132 1571 1364 1643 colligis,
1404 1572 1605 1627 nmium
1625 1571 1864 1644 iugulas,
1886 1590 2011 1627 esu-

422 1663 660 1720 rientem
697 1664 994 1718 verberas:
1036 1662 1181 1718 nulla
1203 1678 1436 1734 usquam
1485 1664 1855 1720 misericordia
1900 1675 2005 1729 est,

429 1773 608 1830 neque
664 1756 1008 1830 cognationis
1071 1758 1190 1826 ejus
1247 1758 1658 1829 quipremitur
1701 1760 2008 1818 recordatio

430 1852 560 1909 ulla.

499 1943 755 2015 Agricola
789 1958 914 2000 cum
947 1943 1115 2000 semel
1180 1943 1389 2012 spicam
1440 1945 1667 2001 seminis
1715 1948 2008 2019 receperit,

429 2036 627 2092 iterum
656 2035 757 2092 sub
779 2034 962 2091 radice
987 2036 1219 2091 scrutari
1253 2051 1358 2090 non
1381 2037 1549 2091 solet:
1581 2046 1633 2089 tu
1663 2052 1791 2091 vero
1816 2047 1871 2093 et
1898 2037 2012 2091 fru-

430 2141 553 2188 ctus
581 2131 768 2194 babes,
796 2144 896 2185 nec
911 2129 1009 2185 tibi
1034 2143 1274 2198 unquam
1297 2143 1420 2184 sors
1440 2127 1786 2184 diminuitnr.
1826 2127 2012 2184 Incer-

432 2231 548 2279 tum
566 2233 655 2282 est
672 2222 761 2279 cui
778 2237 1097 2288 coacerves;
1119 2230 1303 2278 certus
1326 2230 1409 2278 est
1431 2221 1523 2290 qui
1543 2220 1848 2275 faenoribus
1866 2236 2015 2290 pres-

423 2332 531 2373 sus
551 2316 912 2387 lacrymatur,
947 2324 1003 2371 at
1033 2315 1126 2385 qui
1157 2304 1426 2370 lru‘lturus
1444 2315 1642 2370 sitisto
1664 2315 1825 2370 modo
1856 2328 2015 2369 com-

426 2409 643 2480 paratis
673 2409 871 2479 opibus
894 2408 1211 2477 ambiguum
1238 2418 1345 2465 est.

503 2523 683 2582 Canes
713 2522 758 2581 si
789 2524 919 2596 quid
953 2524 1265 2594 acceperint
1323 2523 1645 2581 cicurantur
1679 2542 1693 2578 :
1729 2530 1784 2578 at
1847 2521 2021 2579 imae-

2097 651 2222 720 χαϊς
2251 649 2365 704 τῶν
2399 651 2806 723 δανεισαμένων
2837 653 3105 723 πέφυκεν.
3128 653 3340 723 Ὠσπερ
3362 654 3467 725 γὰρ
3489 655 3522 727 ἠ
3542 655 3655 719 ὠδὶς

2098 746 2164 815 τῇ
2195 743 2485 817 τικτούσῃ,
2532 744 2704 808 οὕτως
2736 744 3049 815 προθεσμία
3094 745 3174 814 τῷ
3215 747 3466 817 ὐπόχρεῳ
3507 748 3657 817 παρίσ-

2101 854 2320 891 σταται.
2356 837 2528 900 Τόκος
2563 838 2657 892 ἐπὶ
2692 839 2861 907 τόκῳ,
2898 837 3152 908 πονηρῶν
3186 840 3391 906 γονέων
3443 840 3659 910 πονηρὸν

2102 929 2298 998 ἔγγυον
2356 927 2424 1002 [ﬂ
2486 929 2757 1002 ἔγγονονῙ.
2818 929 3008 983 Ταῦτα
3065 930 3315 998 λεγέσθω
3368 932 3661 999 γεννήματα

2103 1023 2352 1094 ἐχιδνῶν,
2408 1023 2477 1078 τὰ
2511 1024 2621 1076 τῶν
2647 1023 2824 1076 τόκων
2876 1024 3273 1091 ἀποκυήματα.
3315 1022 3425 1084 Τὰς
3469 1022 3662 1091 ἐχίδνας

2104 1119 2261 1185 φασὶ,
2292 1120 2393 1178 τὰς
2417 1117 2696 1185 γαστέρας
2732 1117 2829 1187 τῆς
2868 1115 3077 1184 μητρὸς
3115 1114 3476 1180 διεσθιούσας,
3504 1115 3664 1168 τίκτε-

2108 1211 2255 1267 σθαι·
2288 1213 2384 1266 καὶ
2409 1211 2460 1264 οἱ
2478 1210 2649 1275 τόκοι,
2671 1210 2799 1273 τοὺς
2822 1208 3008 1271 οῐκους
3025 1206 3136 1261 τῶν
3157 1207 3481 1276 ὀφειλόντων
3509 1208 3664 1277 ἐκφα-

2107 1305 2319 1373 γόντες,
2358 1304 2787 1374 ἀπογεννῶνται.

2186 1399 2255 1451 Ἀ
2283 1397 2610 1466 λαμϐάνεις,
2642 1397 3060 1469 μισανθρωπίας
3091 1394 3400 1466 ὑπερϐολὴν
3432 1394 3665 1464 οὐδεμίαν

2110 1489 2419 1545 ἀπολείπει.
2446 1489 2594 1544 Ἂπὸ
2618 1488 2917 1561 συμφορῶν
2950 1487 3283 1558 κερδαίνεις,
3312 1484 3421 1539 ἀπὸ
3441 1483 3667 1554 δακρύων

2112 1581 2527 1654 ἀργυρολογεῖς,
2566 1581 2660 1635 τὸν
2713 1582 2924 1649 γυμνὸν
2975 1581 3189 1653 ἄγχεις,
3223 1580 3318 1634 τὸν
3349 1576 3668 1647 λιμώττοντα

2116 1677 2360 1737 τύπτεις.
2391 1675 2583 1736 Ἔλεος
2609 1671 2871 1742 οὐδαμοῦ,
2903 1671 3082 1726 ἐννοια
3111 1672 3214 1742 τῆς
3244 1666 3561 1738 συγγενείας
3585 1664 3667 1719 τοῦ

2112 1768 2415 1839 πάσχοντος
2446 1765 2694 1836 οὐδεμία.

2194 1953 2255 2006 '0
2311 1951 2559 2021 γεωργὸς
2594 1950 2687 2004 τὸν
2736 1950 2943 2020 στᾶχυν
2976 1947 3162 2001 λαϐὼν
3213 1933 3312 1999 τοῦ
3361 1943 3668 2013 σπέρματος,

2113 2046 2281 2101 πάλιν
2320 2046 2425 2100 ὑπὸ
2474 2045 2575 2117 τὴν
2610 2045 2767 2114 ῥίζαν
2821 2045 2922 2096 οὐκ
2953 2042 3151 2113 ἐρευνᾷ
3173 2057 3189 2073 ⁸
3225 2041 3292 2094 σύ
3321 2039 3381 2093 δὲ
3432 2039 3523 2092 καὶ
3563 2035 3673 2099 τοὺς

2116 2137 2367 2203 καρποὺς
2418 2137 2587 2205 ἔχεις,
2642 2137 2737 2189 καὶ
2781 2135 2883 2188 οὐκ
2921 2133 3222 2200 ἀφίστασαι
3278 2130 3388 2184 τῶν
3433 2127 3670 2198 ἀρχαίων.

2121 2227 2352 2297 ’Ἄδηλον
2378 2227 2484 2281 τινι
2515 2226 2791 2293 συνάγεις.
2839 2224 2899 2278 Ὁ
2929 2225 3027 2294 μὲν
3059 2221 3316 2294 δακρύων
3346 2220 3439 2274 ἐπὶ
3475 2221 3579 2281 τοῖς
3597 2216 3672 2270 τό·

2120 2338 2238 2384 κοις
2276 2319 2543 2389 πρόδηλος
2569 2335 2584 2350 ο
2622 2321 2651 2372 δ
2679 2319 2734 2371 δέ
2758 2317 3057 2371 ἀπολαύειν
3082 2315 3299 2385 μέλλων
3320 2313 3423 2384 τῆς
3448 2311 3551 2366 ἀπὸ
3572 2307 3674 2363 τού-

2119 2427 2228 2466 των
2261 2411 2579 2481 περιουσίας
2612 2410 2956 2482 ἀμφίδολος.’

2194 2523 2372 2588 Κύνες
2400 2523 2657 2587 λαϐόντες
2697 2524 3037 2593 ἡμεροῦνται
3056 2537 3071 2553 °
3103 2522 3131 2575 ὁ
3156 2519 3217 2575 δὲ
3252 2517 3532 2586 δανειστὴς
3559 2514 3676 2582 λαμ-

434 2630 591 2679 rator
616 2621 910 2691 accipiens,
945 2620 1109 2675 etiam
1140 2620 1393 2676 irritatur
1424 2637 1440 2688 ;
1486 2633 1596 2675 non
1634 2619 1780 2675 enim
1818 2618 2019 2676 desinit

2123 2612 2306 2668 ὁάνων
2356 2614 2830 2686 προσερεθίζεται.
2865 2614 2940 2667 Οὐ
2989 2611 3099 2682 γὰρ
3140 2614 3381 2666 παύεται
3435 2606 3676 2667 ὑλακτῶν,

437 2713 661 2775 latrare,
699 2724 765 2766 ac
787 2709 911 2780 plus
943 2706 1178 2780 plusque
1233 2709 1534 2779 inquirere.
1571 2706 1631 2763 Si
1682 2708 1860 2779 iuras,
1911 2723 2020 2763 non

438 2803 614 2859 credit
648 2819 664 2858 :
693 2817 817 2873 quae
839 2800 987 2858 intus
1016 2807 1169 2869 sunt,
1204 2807 1509 2866 scrutatur,
1547 2802 1603 2856 in
1638 2800 2018 2857 contractibus

438 2895 674 2950 multum
704 2908 884 2964 operae
934 2892 1143 2964 ponit:
1204 2892 1250 2948 si
1300 2907 1332 2948 e
1378 2891 1712 2948 domuncula
1757 2891 2020 2962 prodeas,

440 2990 615 3046 trahit
649 2987 718 3044 ad
750 3003 808 3044 se
833 2998 887 3043 et
919 2985 1125 3042 scindit
1178 2985 1504 3042 vestimenta
1531 2999 1550 3037 :
1601 2983 1689 3040 sin
1734 2995 1916 3040 autem
1972 2994 2025 3039 te

2124 2705 2220 2759 καὶ
2269 2705 2331 2758 τὸ
2388 2705 2551 2759 πλέον
2604 2705 2902 2773 ἐπιζητῶν.
2967 2703 3096 2758 Ἐὰν
3144 2703 3394 2776 ὀμνύῃς,
3446 2699 3675 2754 ἀπιστεῖ·

2125 2799 2329 2870 ἐρευνᾷ
2355 2804 2425 2853 τὰ
2448 2798 2596 2853 ἔνδον
2622 2814 2636 2829 ⁶
2677 2798 2745 2851 τὰ
2781 2797 3211 2867 συναλλάγματα
3244 2787 3361 2849 σου’
3392 2792 3677 2860 πολυπραγ-

2132 2896 2305 2964 μονεῖ.
2353 2892 2480 2946 Ἐὰν
2515 2891 2710 2964 προϊῃς
2760 2891 2856 2945 τοῦ
2907 2891 3210 2960 δωματίου,
3243 2889 3390 2943 ἕλκει
3422 2887 3550 2958 πρὸς
3574 2884 3680 2937 iuu-

2126 2988 2220 3041 τὸν
2269 2988 2366 3042 καὶ
2422 2986 2745 3056 κατασύρει.
2795 2985 2920 3037 Ἐὰν
2971 2985 3030 3037 δὲ
3081 2985 3279 3038 ἑαυτὴν
3332 2977 3677 3051 γατακρὺψῃς,

441 3085 559 3157 ipse
577 3079 959 3149 occultaveris,
1006 3086 1151 3135 astat
1177 3079 1235 3133 in
1258 3077 1531 3134 vestibulo
1555 3085 1613 3133 et
1642 3076 1847 3134 ostium
1900 3076 2019 3147 pul-

2126 3081 2396 3151 ἐφέστηκε
2429 3084 2495 3151 τῇ
2529 3078 2728 3148 αὐλαίᾳ
2752 3082 2843 3130 καὶ
2880 3080 3296 3150 θυροκρουστεῖ.

614 3264 883 3336 Chrysost.
917 3259 1660 3319 Cuminvenerintdebitores
1691 3273 1843 3325 suos,
1868 3272 2025 3328 quasi

2220 3263 2475 3318 Ἐπειδὰν
2521 3263 2727 3334 εὕρωσι
2780 3261 2910 3324 τοὺς
2948 3259 3267 3328 ὀφείλοντας
3317 3257 3370 3308 oi
3418 3252 3680 3321 ἅνθρωποι.

445 3355 686 3429 praedam
726 3355 873 3411 nacti
919 3354 999 3409 sic
1051 3353 1326 3419 laetantur,
1356 3366 1423 3407 ac
1481 3349 1664 3406 omnia
1728 3349 1939 3404 faciunt
1971 3357 2019 3404 ul

2135 3357 2326 3428 ῶσπερ
2355 3356 2581 3427 θήραμα
2604 3354 2879 3423 εὑρόντες,
2909 3350 3085 3410 οὕτως
3109 3347 3402 3419 γεγήθασι,
3424 3348 3515 3398 καὶ
3533 3341 3683 3393 πάντα

448 3461 622 3508 totum
653 3455 925 3521 repetant.
949 3447 1108 3516 Quod
1140 3447 1185 3504 si
1224 3446 1407 3501 minus
1437 3444 1490 3500 id
1530 3452 1765 3514 possunt
1803 3450 2026 3512 propter

449 3559 639 3603 eorum
675 3543 765 3614 qui
796 3542 1000 3597 debent
1026 3540 1297 3611 inopiam,
1324 3540 1463 3595 iram
1491 3537 1736 3609 pecuniae
1758 3551 1925 3593 causa
1946 3536 2033 3589 in-

450 3640 777 3692 ﬂammatam
807 3635 863 3690 in
918 3646 1356 3690 aerumnosorum
1375 3644 1578 3702 corpus
1598 3639 1873 3695 exercent,
1903 3642 2033 3683 con-

2138 3451 2385 3505 ποιοῦσιν
2437 3451 2588 3513 ὅπως
2617 3450 2678 3502 τὸ
2712 3449 2824 3503 πᾶν
2869 3445 3223 3515 ἀπαιτήσωσι
3249 3460 3265 3474 ·
3298 3440 3399 3494 κᾶν
3435 3438 3504 3509 μὴ
3545 3438 3683 3500 δυνη-

2139 3545 2272 3599 θῶσι
2299 3545 2388 3598 διὰ
2412 3545 2511 3616 τὴν
2547 3542 2737 3597 πενίαν
2772 3542 2884 3595 τῶν
2915 3538 3272 3609 ὀφειλόντων,
3304 3536 3402 3604 τὴν
3433 3530 3564 3599 ὑπὲρ
3592 3525 3683 3578 τῶν
3745 3586 3749 3593 .

2140 3636 2443 3708 Χρημάτων
2503 3625 2673 3705 ὀργὴν
2722 3634 2804 3697 είς
2852 3632 2916 3686 τὸ
2968 3628 3318 3700 ταλαίπωρον
3368 3624 3474 3678 τῶν
3510 3617 3683 3708 ἀθλίων

453 3731 739 3786 tumeliose
764 3728 947 3800 ﬂagris
970 3727 1266 3792 caedentes,
1301 3735 1358 3782 et
1383 3725 1766 3790 verberantes,
1799 3731 1855 3778 et
1883 3721 2019 3777 mille

2143 3707 2326 3800 σῶμα,
2362 3727 2705 3799 αἰκιζόμενοι
2736 3724 2836 3779 καὶ
2868 3722 3164 3784 τύπτοντες
3195 3721 3294 3774 καὶ
3330 3712 3495 3787 μυρία
3530 3707 3684 3768 αὐτοῖς

452 3828 574 3885 aliis
597 3824 957 3882 incommodis
987 3821 1304 3879 allicientes.

844 3962 1080 4020 διεκιιο
1113 3959 1307 4016 xxvn
1360 3958 1464 4030 [αι.
1512 3954 1648 4028 LX].

456 4063 532 4118 De
570 4063 633 4116 iis
669 4061 759 4130 qui
784 4066 1097 4130 mutuantur
1138 4062 1187 4107 et
1254 4052 1394 4121 quod
1442 4065 1649 4118 wquum
1694 4054 1773 4101 est
1811 4043 2039 4098 credito-

995 4127 1140 4179 ribus
1169 4134 1351 4195 gratos
1374 4137 1505 4175 esse.

533 4226 807 4282 Salomon.
835 4220 1147 4278 Prudentiae
1178 4226 1261 4273 est
1301 4227 1634 4283 cognoscere
1677 4227 1705 4264 a
1739 4224 1850 4279 quo
1879 4207 2041 4278 proli-

461 4317 702 4374 ciscatur
723 4316 894 4385 gratia
924 4313 1001 4381 (id
1037 4321 1144 4375 est,
1172 4308 1466 4380 gratuitum
1506 4302 1861 4373 beneﬁcium).

535 4410 747 4466 Sirach.
781 4407 1021 4463 Gratiam
1038 4403 1323 4458 hominum
1345 4411 1601 4470 tanquam
1622 4396 1878 4468 pupillam
1904 4410 2040 4450 ocn—

465 4509 497 4563 li
522 4512 868 4563 conservato.

534 4600 635 4668 Qui
668 4598 898 4671 gratiam
925 4592 1122 4659 reddit,
1146 4589 1457 4648 futurorum
1489 4585 1817 4648 meminit,et
1847 4594 2054 4652 tempo-

465 4709 525 4751 re
562 4710 677 4751 sua:
707 4689 1040 4746 calamitatis
1071 4684 1314 4740 inveniet
1344 4679 1802 4738 stabilimentum.

539 4874 596 4929 S.
632 4872 846 4928 Basilii.
879 4870 983 4937 Qui
1009 4869 1077 4923 de
1124 4866 1288 4921 nobis
1330 4864 1470 4919 bene
1544 4860 1722 4915 meriti
1774 4867 1923 4920 sunt,
1974 4854 2044 4909 iis

469 4978 688 5019 omnem
719 4959 1153 5018 benevolentiam
1175 4962 1433 5026 praestare
1459 4951 1745 5008 debemus.

544 5055 812 5126 Tlteologi.
852 5053 1168 5111 lieddamus
1187 5051 1354 5122 igitur
1385 5062 1511 5102 cum
1541 5046 1752 5101 faenore
1810 5042 2050 5097 debitum

474 5151 519 5209 si
545 5148 706 5205 modo
727 5156 935 5202 tantum
964 5146 1247 5217 possidere
1276 5142 1583 5197 videamur.

546 5239 804 5298 Philonis.
825 5237 970 5292 Nihil
1000 5248 1084 5293 est
1122 5237 1267 5308 quod
1325 5235 1540 5291 facilius
1594 5232 2038 5288 benevolentiam

2143 3821 2509 3892 διατιθέμενοι
2539 3819 2710 3887 κακὰ,
2750 3814 3064 3888 ἐναφιᾶσιν.

2745 3954 2966 4009 ΛΟΓΟΣ
3000 3950 3133 4007 ΚΖ’.

2147 4051 2285 4119 Περὶ
2312 4050 2419 4102 δαν
2430 4047 2765 4119 ειζομένων,
2788 4046 2889 4100 καὶ
2915 4047 3012 4119 ὅτι.
3032 4043 3148 4113 χρὴ
3178 4035 3571 4112 εὐγνωμονεῖν
3589 4027 3690 4094 τοῖς

2734 4116 3129 4186 κυριοχρέοις.

2220 4217 2541 4286 Φρονήσεως
2565 4214 2626 4268 τὸ
2657 4213 2859 4267 είδέναι
2883 4210 3026 4273 τίνος
3054 4212 3086 4279 ἡ
3119 4208 3304 4278 χάρις.

2228 4398 2405 4469 Χάριν
2432 4396 2725 4466 ἀνθρωπου
2755 4390 2832 4456 ὡς
2859 4388 3030 4461 κόρην
3058 4382 3342 4457 ὀφθαλμοῦ
3371 4378 3691 4448 συντήρησον.

2235 4579 2298 4631 '0
2331 4573 2720 4636 ἀνταποδιδοὺς
2760 4570 3011 4642 χάριτας,
3051 4565 3329 4637 μέμνηται
3370 4558 3450 4620 είς
3490 4553 3554 4607 τὰ
3584 4545 3695 4642 μειᾶ

2155 4668 2330 4724 ταῦτα
2355 4683 2369 4696 ·
2402 4666 2499 4719 καὶ
2524 4666 2583 4718 ἐν
2629 4661 2810 4735 καιρῷ
2856 4662 3118 4720 πτώσεως
3146 4652 3312 4708 αὐτοῦ
3362 4646 3571 4717 εὑρήσει
3597 4637 3696 4706 στή-

2164 4778 2356 4834 ριγμα.
3316 4790 3321 4798 α
3494 4802 3499 4805 .

2235 4823 2359 4920 Ῐοῖς
2393 4854 2709 4925 εὐεργέταις
2741 4850 2924 4904 πᾶσαν
2973 4845 3189 4901 εὔνοιαν
3233 4833 3534 4911 ἐκπληροῦν
3578 4823 3701 4895 ὀφεί-

2160 4951 2349 5021 λομεν.
2898 5004 2903 5007 Α
3246 4998 3253 5001 μ

2247 5039 2648 5109 Ἀποδώσωμεν
2692 5034 2873 5090 τοίνυν
2920 5031 3019 5085 σῦν
3046 5029 3190 5099 τόκῳ
3220 5026 3279 5081 τὸ
3322 5022 3496 5095 χρέος,
3532 5015 3591 5070 ἂν
3613 5011 3699 5078 ἄρα

2163 5134 2422 5192 τοσοῦτον
2458 5127 2820 5199 εὐποροῦντες
2848 5123 3132 5193 φανῶμεν.
3160 5184 3165 5187 τ
3250 5180 3257 5185 _

2238 5227 2407 5282 Οὐδὲν
2432 5224 2606 5284 οῦτως
2636 5220 2919 5285 εὐάγωγον
2938 5216 3017 5279 είς
3041 5212 3276 5275 εὐνοιαν,
3298 5211 3372 5273 ὡς
3400 5209 3431 5278 ἡ
3460 5203 3557 5258 τῶν
3578 5197 3703 5261 εὐερ-

482 5333 779 5415 coneiliare
834 5331 1027 5400 possit,
1090 5344 1254 5399 quam
1291 5328 1410 5397 ipsa
1463 5325 1851 5381 beneﬁciorum
1902 5328 2019 5395 μοι

2164 5336 2299 5392 γετη
2307 5319 2495 5392 μάτων
2517 5312 2782 5384 εὐφημία.

481 5421 958 5485 commemoratio.

878 5536 1111 5595 SERMO
1136 5536 1358 5592 xxvul
1390 5536 1491 5610 [αι.
1520 5534 1679 5608 LXI].

707 5634 781 5689 De
810 5632 1038 5704 ingratis
1065 5649 1178 5687 cum
1216 5640 1459 5685 mutuum
1491 5628 1828 5696 sumpserint.

565 5722 748 5780 David.
811 5727 1087 5782 Mutuatur
1114 5723 1417 5798 improbus,
1455 5737 1554 5779 nec
1579 5733 1818 5789 unquam
1870 5713 2068 5773 reddit.

2769 5515 2989 5573 ΛΟΓΟΣ
3029 5513 3161 5568 Kﬂ'.

2319 5613 2459 5682 Περὶ
2490 5608 2922 5680 δανειζομένων
2951 5605 3045 5660 καὶ
3080 5593 3583 5671 ἀγνωμονούντων.

2254 5705 2568 5769 Δανείζεται
2605 5704 2633 5757 ὁ
2667 5698 3012 5774 ἁμαρτωλὸς,
3045 5697 3140 5750 καὶ
3180 5693 3273 5746 οὐκ
3305 5683 3553 5742 ἀποτίσει.
