3832 6244
207 405 322 470 1073

979 401 1152 463 LOCI
1196 399 1640 464 COMMUNES.
1677 427 1746 439 —
1775 402 1970 463 PARS
2017 403 2094 464 ΙΙ.
2143 402 2397 464 SERMO
2431 403 2612 463 XXX.

3295 402 3433 466 1074

257 522 339 590 Μὴ
388 517 520 571 ἔστω
555 518 586 588 ὴ
627 517 750 588 χείρ
779 534 872 570 σου
909 519 1247 590 ἐκτεταμένη
1292 519 1372 582 εἷς
1421 519 1480 572 τὸ
1525 518 1731 583 λαϐεῖν,

1877 589 1883 596 ι
1921 518 2090 574 Eccli.
2122 537 2196 575 tv.
2233 521 2312 575 Ne
2341 521 2414 574 sit
2452 535 2646 575 manus
2684 527 2774 572 tua
2808 519 2873 571 ad
2893 517 3272 587 accipiendum
3302 538 3428 591 por-

199 619 280 672 καὶ
309 618 360 668 ὲν
387 613 457 680 τῷ
486 609 797 665 ἀποδιδόναι
831 614 1264 683 συνεσταλμένη.

256 708 428 762 Πολλοὶ
454 704 526 767 ὡς
553 703 776 775 εὕρημα
802 706 1065 776 ἐνόμισαν
1093 707 1274 775 δάνος,
1321 707 1418 762 καὶ
1457 705 1734 778 παρέσχον

197 801 370 860 κόπους
405 796 512 859 τοῖς
545 795 876 868 βοηθήσασιν
905 798 1108 862 αὐτοῖς.

254 977 542 1044 Ἀχρηστος
571 974 630 1028 ὲν
661 974 872 1047 διανοίᾳ
910 975 1296 1048 ἐγκαταλείψει
1330 977 1658 1048 ῥυσάμενον.

248 1157 330 1226 Μὴ
379 1155 535 1226 μόνον
593 1155 938 1226 λαμϐάνοντα
993 1157 1222 1211 σεαυτὸν
1272 1157 1404 1220 νόει,
1453 1157 1590 1211 ἁ).λά
1637 1156 1733 1212 καὶ

189 1247 580 1317 ἀπαιτούμενον.
613 1246 680 1300 Τί
734 1248 1061 1319 πολυπλόκῳ
1109 1249 1286 1320 θηρίῳ
1337 1249 1528 1304 ἑαυτὸν
1557 1267 1731 1320 παρσι⁸

187 1340 437 1405 ζευγνύεις
456 1354 472 1404 ;

259 1430 310 1482 ’0
335 1430 511 1494 τόκοις
539 1431 732 1486 ἑαυτὸν
767 1430 1072 1485 ὒπεύθυνον
1104 1433 1478 1504 καταστήσας,
1517 1427 1593 1486 ὧν
1633 1431 1732 1503 τὴν

184 1540 355 1591 κτησιν
387 1523 485 1593 οὐχ
522 1524 837 1592 ὑφίσταται,
872 1525 1116 1580 δουλείαν
1161 1525 1484 1597 αὐθαίρετον
1510 1523 1733 1590 ἐδέξατο

184 1616 260 1667 διὰ
293 1615 363 1684 βίο
375 1634 419 1670 υ.

251 1709 486 1778 Ὀρῶμεν
520 1708 645 1779 οὐχὶ
676 1702 806 1773 τοὺς
834 1710 942 1764 τῶν
980 1711 1293 1778 ἀναγκαίων
1329 1714 1528 1775 ἐνδεεῖς
1577 1713 1731 1784 ἔρχο-

185 1799 356 1868 μένους
377 1800 466 1853 ἐπὶ
487 1800 548 1853 τὸ
570 1800 799 1856 δάνειονο
818 1802 937 1856 οὐδὲ
959 1803 1064 1874 γὰρ
1097 1805 1279 1874 ἔχουσι
1303 1805 1429 1869 τοὺς
1453 1807 1734 1860 πιστεύον-

178 1907 296 1954 ταςο
341 1892 476 1945 ἀλλά
523 1889 862 1958 δανείζονται
919 1873 1200 1964 ἄνθρωποι
1259 1899 1530 1962 δαπάναις
1582 1899 1731 1952 ἀνει-
1761 1873 1807 1933 Β

183 1984 374 2052 μέναις,
403 1984 499 2038 καὶ
551 1984 925 2048 πολυτελείαις
957 1987 1233 2058 ἀκάρποις
1288 1989 1516 2054 ἑαυτοὺς
1554 1991 1733 2044 ἐπιδι-

175 2077 356 2140 δοντες.

235 2166 378 2224 Εἶδον
429 2170 548 2240 ἐγὼ
613 2173 846 2226 ἐλεεινὸν
901 2173 1105 2243 θέαμα,
1157 2174 1352 2238 παῖδας
1411 2175 1734 2244 ἐλευθέρους

170 2261 296 2333 ὑπὲρ
341 2265 522 2336 χρεῶν
585 2267 867 2336 πατρικῶν
897 2267 1224 2338 ἑλκομένους
1274 2269 1354 2332 είς
1400 2269 1462 2322 τὸ
1519 2272 1732 2340 πρατὴ-

171 2373 288 2422 ριον.

227 2479 295 2530 Οὐ
328 2478 532 2542 νύκτες
570 2480 650 2550 τῷ
683 2481 932 2554 χρεώστῃ
965 2482 1276 2536 ἀνάπαυσιν
1319 2481 1597 2552 φέρουσιν,
1635 2482 1734 2552 οὐχ

169 2573 336 2642 ἡμέρα
365 2573 597 2645 φαιδρὰ,
627 2575 726 2646 οὔχ
759 2576 912 2647 ἥλιος
937 2577 1194 2646 τερπνὸς,
1221 2576 1359 2630 ἀλλά
1389 2576 1733 2644 δυσχεραίνει

163 2664 244 2715 τὸν
273 2665 406 2734 βίον,
459 2669 619 2736 μισεῖ
644 2667 744 2732 τὰς
793 2668 1008 2738 ἡμέρας
1057 2667 1195 2736 πρὸς
1247 2667 1346 2736 τὴν
1389 2668 1732 2738 προθεσμίαν

165 2759 540 2827 ἐπαγομένας,
578 2758 829 2827 φοϐεῖται
870 2761 1000 2822 τοὺς
1052 2760 1225 2827 μῆνας
1254 2762 1332 2823 ὼς
1359 2761 1536 2812 τόκων
1563 2763 1732 2812 πατέ-

163 2867 272 2919 ρας.
303 2853 420 2906 Κᾶν
474 2850 743 2924 καθεύδῃ,
772 2851 1024 2905 ἐνύπνιον
1069 2851 1257 2921 βλέπει
1285 2851 1378 2904 τὸν
1420 2850 1732 2921 δανειστὴν,

159 2944 313 2997 κακὸν
345 2945 475 3015 δναρ
501 2948 574 3016 τῇ
606 2945 815 3015 κεφαλῇ
847 2944 1255 3016 παριστάμενον
1279 2959 1294 2974 ⁸
1321 2943 1426 2997 κᾶν
1453 2945 1728 3015 γρηγορῇ,

158 3035 321 3090 ἔννοια
347 3037 502 3108 αὐτῷ
537 3037 640 3090 καὶ
666 3035 889 3108 φροντὶς
916 3037 944 3090 ὁ
985 3037 1140 3099 τόκος
1165 3036 1305 3091 ἐστί.

1836 626 2021 679 recta,
2049 621 2100 668 ct
2123 615 2188 668 ad
2218 615 2557 669 reddendum
2591 622 2892 668 contracta.

1914 705 1994 760 Ib.
2021 722 2170 782 nix.
2202 705 2355 760 Multi
2420 717 2670 760 mutuum
2743 706 2899 776 quasi
2948 705 3227 760 inventum
3276 706 3428 760 aesti-

1843 807 2016 863 mant,
2045 797 2416 868 exbibentque
2449 799 2732 853 molestias
2765 800 2846 854 eis
2886 800 2976 870 qui
3035 797 3168 867 ipsis
3227 798 3427 852 subve-

1843 890 2046 965 pcﬁnt.
2577 877 2580 881 ’

1925 984 2086 1054 166
2117 982 2330 1037 Stultus
2354 991 2408 1037 et
2439 983 2685 1051 ingratus
2715 997 2840 1037 eum
2891 997 2919 1037 a
2947 997 3057 1052 quo
3111 981 3285 1037 fuerit
3323 983 3422 1036 ali-

1843 1075 2066 1146 quando
2104 1074 2398 1137 liberatus,
2438 1073 2678 1129 deseret.

1913 1166 2034 1223 Non
2093 1167 2272 1220 solum
2315 1175 2402 1220 est
2429 1165 2784 1234 cogitandum
2823 1165 2922 1219 tibi
2971 1180 3095 1220 esse
3146 1165 3422 1234 accipien-

1843 1260 2120 1325 dum,sed
2159 1258 2324 1314 etiam
2367 1257 2728 1322 reddendum,
2788 1272 2912 1311 cum
2969 1265 3244 1324 repetetur
3273 1256 3417 1326 quod

1842 1351 2150 1420 acceperis;
2191 1365 2292 1404 cur
2315 1357 2368 1403 te
2399 1364 2522 1404 cum
2558 1349 2735 1404 bestia
2772 1349 2977 1402 nodosa
3019 1347 3348 1416 conjungis?

1915 1444 2018 1509 Qui
2071 1459 2130 1498 se
2190 1440 2497 1498 [(enoribus
2559 1438 2871 1507 subjectum
2927 1437 3128 1504 reddit,
3181 1452 3416 1507 quorum

1841 1534 2245 1606 possessionem
2285 1549 2396 1587 non
2435 1539 2609 1596 tenet,
2651 1531 3018 1586 voluntariam
3070 1537 3420 1600 perpetuaru-

1845 1644 1951 1699 que
1979 1627 2212 1696 suscipit
2242 1627 2585 1682 servitutem.
2849 1618 2861 1626 '

1913 1719 2030 1775 Non
2064 1719 2308 1774 videmus
2364 1732 2458 1772 eos
2507 1716 2705 1786 quibus
2753 1717 3062 1770 necessaria
3091 1714 3310 1769 “desunt
3350 1713 3415 1767 ad

1839 1822 2091 1869 mutuum
2129 1810 2452 1867 sumendum
2504 1809 2801 1874 accedere;
2858 1824 2966 1862 non
3015 1808 3161 1862 enim
3215 1806 3416 1862 habent

1836 1906 1930 1976 qui
1987 1905 2124 1975 ipsis
2187 1903 2464 1969 credant;
2511 1901 2607 1956 sed
2689 1903 2723 1954 ii
2775 1900 2874 1955 soli
2925 1909 3266 1962 mutuantur,
3319 1900 3411 1970 qui

1836 1999 2145 2068 sumptibus
2196 1995 2438 2068 profusis
2465 2005 2518 2049 ct
2549 1995 2699 2048 luxui
2734 1994 3071 2048 infructuose
3106 2007 3161 2047 se
3195 1991 3418 2046 dedide-

1754 2081 1771 2094 ’
1836 2097 1985 2143 runt.

1907 2177 2043 2233 Rem
2106 2179 2476 2234 miserabilem
2529 2178 2811 2248 spectavi,
2867 2175 3070 2229 liberos
3129 2172 3433 2235 homines,.

1836 2285 2066 2339 quorum
2101 2271 2426 2340 patrimonia
2455 2279 2643 2326 essent
2675 2271 2935 2330 ob:erata,
2963 2266 3056 2336 qui
3112 2265 3414 2318 traheban-

1842 2371 1931 2414 tur
1964 2367 2025 2414 ut
2063 2360 2347 2416 vaenircnt.

1925 2478 1984 2535 S.
2016 2479 2229 2535 Basilii.
2287 2478 2406 2534 Non
2472 2488 2660 2536 noctes
2711 2478 2943 2534 debitori
2993 2475 3229 2546 quietem
3287 2471 3421 2526 atie-

1837 2584 1990 2636 ruut,
2017 2588 2126 2628 non
2158 2574 2274 2628 dies
2304 2575 2353 2630 ei
2377 2573 2645 2642 jucunda,
2677 2589 2784 2626 non
2841 2572 2924 2626 sol
2962 2571 3281 2629 delectans;
3319 2565 3413 2620 Sed

1837 2681 1932 2735 per
1960 2681 2175 2720 omnem
2211 2667 2382 2720 vitam
2433 2673 2489 2720 in
2529 2666 2757 2719 tristitia
2795 2671 3048 2717 versatur
3081 2677 3096 2714 :
3131 2661 3248 2714 dies
3279 2657 3416 2718 odit,

1835 2758 1930 2827 qui
1978 2759 2045 2811 ad
2103 2759 2486 2827 prmscriptum
2544 2765 2759 2825 tempus
2810 2761 3143 2824 pr0perant;
3202 2765 3418 2803 menses

1837 2848 2118 2912 formidat,
2155 2851 2315 2918 quasi
2355 2863 2650 2903 usurarum
2683 2847 2991 2917 genitores;
3034 2848 3078 2900 si
3107 2842 3417 2904 dormierit,

1838 2945 1891 2998 in
1934 2944 2145 3000 somnis
2173 2944 2320 2999 videt
2370 2945 2754 3000 faeneratorem
2797 2942 2962 3012 capiti
3017 2940 3415 3000 imminentem,

1837 3032 2140 3088 infaustum
2200 3033 2514 3098 somnium;
2579 3033 2660 3087 sin
2723 3031 2986 3104 vigilat-it,
3049 3029 3318 3098 cogitatio
3366 3035 3430 3080 et.

1837 3125 2154 3181 sollicitudo
2184 3124 2251 3180 de
2279 3126 2466 3180 usuris
2505 3134 2609 3180 est.

220 3216 472 3270 Τοιοῦτον
501 3218 536 3288 ή
576 3215 659 3278 είς
690 3215 818 3278 τοὺς
847 3213 1178 3285 ἀχαρίστους
1225 3213 1406 3284 χάρις.
1450 3211 1597 3266 ’Δντὶ
1621 3212 1731 3282 γὰρ

1907 3215 2043 3274 Tale
2071 3218 2330 3288 quiddam
2368 3219 2420 3272 in
2457 3218 2705 3288 ingratos
2731 3216 2893 3274 efiieit
2922 3216 3174 3272 beneﬁcii
3205 3214 3377 3286 gratia
3403 3230 3418 3276 ;

152 3302 219 3362 ὧν
247 3310 644 3380 ὠφελήθησαν,
697 3309 1003 3380 παρέχουσι
1048 3311 1147 3372 τάς
1201 3308 1468 3378 μεγίστας
1520 3306 1731 3377 ζημίας

148 3403 250 3466 τοῖς
280 3404 749 3473 εὐεργετήσασιν.

754 3539 976 3594 ΛΟΓΟΣ
1009 3537 1137 3592 ΚΘ’.

146 3657 275 3725 Περὶ
316 3654 846 3727 ἐκμισθουμένων.
875 3653 1009 3727 ἤτοι
1053 3653 1378 3727 κυριέργων
1425 3648 1727 3720 χρηστῶν,

592 3727 692 3780 καὶ
711 3725 969 3792 μισθίων
1001 3723 1304 3791 χρηστῶν.

202 3841 334 3898 Εῖπε
362 3843 568 3896 Λάὸαν
603 3838 679 3907 τῷ
711 3836 906 3891 Ἰακώϐ
927 3851 941 3866 ο
978 3835 1099 3888 Ὀτι
1129 3834 1234 3904 γὰρ
1282 3808 1508 3900 ἀδελφός
1541 3850 1642 3900 μου
1683 3828 1735 3885 εἴ

142 3938 218 4000 σὺ,
250 3937 310 3990 οὐ
347 3936 682 3994 δουλεύσεις
711 3949 802 4001 μοι
847 3928 1056 3995 δωρεάν
1080 3944 1094 3958 ο
1146 3927 1464 3996 ἀνάγγειλὸν
1501 3943 1592 3995 μοι
1624 3927 1650 3978 ὃ
1679 3943 1732 3977 τι

135 4045 222 4080 σου
255 4031 284 4082 ὁ
314 4027 526 4098 μισθός
557 4027 706 4078 ἐστι.

200 4121 273 4173 Οὐ
299 4118 724 4188 κοιμηθήσεται
756 4115 784 4168 ὁ
814 4113 1002 4186 μισθὸς
1028 4110 1122 4165 τοῦ
1164 4108 1438 4182 μισθωτοῦ
1473 4107 1622 4177 παρά
1651 4106 1734 4160 σοι

129 4214 225 4278 ἕως
255 4217 439 4288 πρωΐ.

197 4308 312 4360 Οὐκ
340 4305 728 4374 ἀπαδικήσεις
774 4301 965 4373 μισθὸν
995 4299 1227 4366 πένητος
1272 4296 1370 4352 καὶ
1403 4293 1618 4357 ἐνδεοῦς
1671 4295 1734 4346 ἐκ

123 4402 224 4452 τῶν
251 4402 521 4469 ἀδελφῶν
550 4415 675 4461 σου,
701 4397 733 4466 ἢ
760 4399 821 4450 ὲκ
853 4394 960 4450 τῶν
986 4391 1364 4464 προσηλύτων,
1397 4391 1502 4442 τῶν
1533 4390 1588 4441 ἐν
1616 4389 1734 4450 ταῖς

126 4493 309 4545 πόλεσί
335 4510 461 4544 σου.
497 4488 829 4559 Αὑθημερδν
854 4485 1155 4546 ἀποδώσεις
1190 4484 1282 4536 τὸν
1317 4481 1509 4552 μισθὸν
1542 4477 1731 4532 αὐτοῦ.

1833 3323 1933 3378 pro
1966 3309 2033 3366 iis
2061 3309 2204 3365 enim
2253 3308 2536 3365 beneficiis
2581 3309 2781 3380 quibus
2826 3309 2996 3378 adjuti
3041 3318 3191 3370 sunt,
3233 3306 3432 3361 multis

1833 3401 2050 3456 damnis
2082 3401 2324 3458 aliieiunt
2357 3403 2423 3457 de
2450 3417 2510 3456 se
2546 3401 2686 3457 bene
2721 3402 2968 3456 meritos.

2222 3536 2457 3591 SERMO
2491 3535 2661 3591 XXIX
2699 3536 2801 3608 [αι.
2833 3535 3024 3604 CXX].

1834 3653 1913 3708 De
1940 3652 2174 3707 mercede
2197 3650 2628 3707 conducentibus.
2656 3667 2746 3704 seu
2779 3654 3157 3718 operariorum
3184 3646 3416 3701 dominis

2525 3721 2724 3787 probis.

1907 3832 2040 3889 Gen.
2079 3847 2234 3886 χχιι.
2273 3831 2419 3885 Dixit
2488 3831 2744 3886 Labanus
2794 3832 3000 3886 Jacobo
3026 3850 3038 3885 :
3068 3830 3422 3897 Quandoqui-

1835 3926 1955 3980 dem
2010 3939 2165 3978 meus
2231 3923 2398 3979 frater
2447 3939 2528 3988 cs,
2594 3922 2725 3976 mibi
2781 3923 2952 3994 gratis
3003 3938 3108 3976 non
3174 3922 3416 3986 servies;

1834 4016 2052 4071 declara
2087 4014 2246 4077 mihi,
2281 4030 2442 4083 quam
2481 4015 2784 4069 mercedem
2822 4015 3103 4086 postulas?
3422 3994 3432 4012 ’

1904 4104 2078 4159 Leuit.
2117 4120 2231 4159 xix.
2267 4105 2386 4159 Non
2443 4105 2792 4174 pernoctabit
2837 4107 3168 4163 mercenarii
3209 4121 3439 4162 merces.

1836 4199 1979 4268 apud
2017 4209 2068 4253 te
2103 4215 2277 4268 usque
2314 4199 2368 4252 in
2399 4199 2724 4254 crastinum.

1910 4291 2027 4346 Non
2094 4276 2738 4364 fraudabis'pauperem
2815 4311 2915 4350 sua
2979 4295 3271 4362 merccde',
3321 4310 3424 4352 nec

1838 4393 2090 4454 egentem
2127 4402 2192 4440 ex
2227 4384 2494 4440 fratribus
2521 4388 2631 4444 tuis
2657 4397 2749 4442 aut
2781 4389 3033 4456 advenis,
3061 4391 3152 4460 Qui
3191 4405 3418 4446 versan-

1840 4489 1926 4535 tur
1948 4481 2002 4534 in
2025 4482 2132 4536 tuis
2152 4481 2502 4549 civitatibus;
2528 4497 2591 4536 eo
2618 4485 2735 4552 ipso
2761 4484 2850 4538 die
2878 4487 3182 4540 mercedem
3207 4485 3420 4544 reddes.

121 4588 230 4639 UL):
276 4585 628 4639 ὲπιδύσεται
677 4583 703 4634 ὁ
734 4581 882 4650 ἥλιος
938 4578 1024 4631 ἐπ’
1059 4577 1228 4647 αὐτῷ,
1261 4575 1348 4629 ὄτι
1391 4577 1559 4644 πένης
1591 4571 1730 4637 ἐστὶ,

1869 4588 1939 4626 ιοο
1975 4573 2186 4627 occidet
2236 4573 2318 4626 sol
2369 4588 2532 4641 super
2578 4587 2678 4639 ea;
2731 4589 2936 4643 pauper
2971 4575 3119 4629 enim
3153 4577 3235 4629 est
3270 4582 3324 4628 ct
3363 4576 3416 4628 in

118 4681 206 4729 καὶ
233 4679 324 4733 ἐπ’
359 4677 532 4745 αὐτῷ
567 4675 683 4744 ἔχει
706 4673 805 4742 τὴν
832 4672 1041 4725 ἐλπίδα.

180 4772 272 4840 Μὴ
325 4769 622 4838 κακὼσῃς
683 4765 901 4833 οἰκέτην
959 4760 1325 4832 ἐργαζόμενον
1384 4761 1442 4810 ἐν
1479 4757 1730 4826 ἀληθείᾳ,

115 4861 246 4927 μηδὲ
277 4859 522 4929 μίσθιον
549 4855 765 4908 διδόντα
789 4855 888 4924 τὴν
917 4853 1093 4923 ψυχὴν
1123 4850 1308 4905 αὐτοῦ.

176 4951 267 5021 Τῷ
296 4946 694 5021 ἐργαζομένῳ
721 4947 748 4997 ὁ
774 4944 962 5015 μισθὸς
988 4943 1048 4996 οὐ
1076 4941 1348 5010 λογίζεται
1382 4939 1524 4993 κατὰ
1548 4938 1728 5008 χάριν,

104 5044 239 5096 ἀλλὰ
277 5045 439 5097 κατὰ
482 5041 806 5109 ὀφείλημα.

789 5172 1010 5228 ΛΟΓΟΣ
1033 5173 1114 5226 Λ’.

98 5296 237 5364 Περὶ
282 5291 845 5366 ἐκμισθουμένων,
878 5288 1012 5358 ἤτοι
1056 5286 1382 5356 κυριέργων
1426 5283 1728 5352 πονηρῶν.

165 5483 261 5553 Μὴ
301 5475 761 5546 καταϐοήσηται
794 5471 936 5525 κατά
972 5467 1068 5522 σοῦ
1120 5468 1149 5520 δ
1186 5467 1397 5538 μίσθιος
1448 5467 1583 5538 πρὶς
1614 5465 1728 5517 Κύ.

94 5593 232 5638 οῖον,
273 5577 378 5629 καὶ
405 5574 590 5626 ἔσται
629 5570 685 5621 ὲν
718 5567 800 5621 σοὶ
827 5564 1092 5635 ἁμαρτία.

162 5668 662 5734 Ἐπικατάρατος
711 5663 741 5714 ὁ
790 5661 1035 5730 ὑστερῶν
1063 5659 1253 5730 μισθὸν
1289 5655 1596 5728 μισθωτοῦ·
1637 5654 1728 5706 καὶ

87 5767 206 5832 ἐρεῖ
233 5767 351 5828 πᾶς
389 5764 420 5816 ὁ
450 5759 633 5820 λαὸς,
667 5756 900 5819 Γένοιτο,
931 5753 1163 5822 γένοιτο.

1841 4681 1901 4718 ca
1945 4663 2056 4727 ipsa
2094 4679 2251 4733 spem
2288 4664 2478 4718 habet.

1915 4753 2082 4810 Eccli.
2117 4771 2208 4808 vn.
2240 4754 2467 4809 Servum
2497 4771 2636 4825 opus
2662 4771 2790 4812 vere
2845 4757 3137 4813 facientem
3182 4776 3249 4812 ne
3279 4761 3420 4814 male

1846 4857 2104 4913 tractato,
2141 4863 2239 4902 nec
2278 4849 2677 4903 mercenarium
2716 4851 2807 4918 qui
2845 4851 2935 4902 dat
2965 4851 3204 4904 animum
3242 4867 3418 4904 suam.

1920 4940 2072 4993 liam.
2123 4956 2194 4994 Iv.
2228 4939 2377 5008 Opus
2441 4940 2660 4993 facienti
2719 4958 2929 4996 mcrcrs
2985 4959 3090 4994 non
3147 4942 3421 5000 beneﬁcii.

1841 5033 1934 5088 sed
1974 5033 2141 5088 debiti
2173 5033 2294 5084 loco
2325 5030 2649 5085 restituatur.

2229 5166 2462 5222 SERMO
2499 5166 2643 5222 XXX
2681 5167 2780 5239 [αι.
2814 5168 3026 5241 CXXI].

1840 5285 1917 5338 De
1947 5282 2180 5337 mercede
2212 5279 2646 5341 conducentibus,
2678 5297 2768 5334 seu
2804 5285 3169 5351 operariorum
3192 5284 3412 5339 dominis

2490 5351 2766 5419 improbis.

1916 5467 2080 5521 Levii.
2116 5481 2228 5520 xix.
2268 5464 2402 5519 Vide
2435 5477 2502 5518 ne
2533 5465 2908 5520 mercenarius
2945 5477 3070 5521 tuus
3103 5465 3295 5519 clamet
3343 5461 3408 5513 ad

1842 5561 2129 5613 Dominum
2163 5567 2353 5612 contra
2415 5567 2488 5622 te,
2546 5565 2600 5611 et
2646 5569 2925 5628 peccatum
2970 5559 3020 5611 in
3073 5564 3124 5606 te
3169 5553 3263 5606 sit.

1914 5650 2067 5704 Deut.
2109 5663 2278 5702 XXVII.
2346 5648 2676 5703 Exsccratus
2723 5649 2812 5711 sit,
2856 5647 2949 5715 qui
3011 5639 3422 5697 mercenarium.

1843 5745 2000 5814 167
2039 5743 2290 5797 mercede.
2347 5741 2698 5799 fraudaverit.
2753 5749 2807 5795 ct
2866 5739 3012 5792 dicat
3048 5745 3280 5790 cunctus
3315 5753 3409 5807 po-

1841 5839 2021 5906 pulus,
2054 5834 2196 5901 Fiat,
2235 5836 2346 5890 fiat.
