3832 6244
177 362 290 427 ῙΟΠ

949 353 1118 412 LOCl
1155 353 1600 415 COMMUNES.
1638 374 1706 390 ’-
1746 353 1940 411 PARS
1979 352 2062 412 ll.
2107 351 2364 410 SERth
2401 350 2616 414 XXXI.

3231 344 3365 408 1078

155 475 477 546 ἐπιγνώσεται
507 470 680 536 αὐτά;
710 470 845 524 διότι
871 471 1078 524 εὐθεῖαι
1102 473 1156 525 αἱ
1189 471 1298 524 ὁδοὶ
1330 471 1562 540 Κυρίου,
1592 471 1683 524 καὶ

1864 473 1976 526 haec
2007 471 2305 541 agnoscet?
2333 470 2475 541 quod
2503 479 2665 526 recta:
2683 476 2809 524 sunt
2841 465 3050 521 Domini
3086 467 3205 528 viae,
3228 481 3369 533 quas

156 572 328 623 δίκαιοι
358 564 715 635 πορεύσονται
748 565 806 617 ὲν
836 563 1052 628 αὐταῖς.

212 661 400 712 Δίκαιοι
435 658 512 720 είς
540 657 631 710 τὸν
671 658 846 712 αἰῶνα
893 656 1053 724 ζῶσι,
1084 657 1180 710 καὶ
1208 661 1266 710 ὲν
1312 657 1508 728 Κυρίῳ
1536 659 1562 710 ό
1598 675 1687 726 μι-

157 751 258 814 σθὸς
287 749 474 815 αὐτῶν,
520 750 615 802 καὶ
645 750 679 819 ἡ
732 749 953 818 φροντὶς
1001 747 1182 801 αὐτῶν
1227 747 1379 818 παρά
1421 747 1686 818 Ὑψίστῳ.

157 844 238 896 Διά
261 842 402 895 τοῦτο
437 840 699 908 λήψονται
752 842 815 894 τὸ
860 839 1132 910 βασίλειον
1182 839 1284 905 τῆς
1333 840 1688 911 εὐπρεπείας,

153 935 308 989 καὶτὸ
339 933 569 1003 διάδημα
607 933 701 986 τοῦ
745 933 976 995 κάλλους
1022 931 1088 984 ὲκ
1120 932 1304 1004 χειρὸς
1336 933 1574 1003 Κυρίου·
1609 933 1692 985 ὅτι

155 1029 210 1097 τῇ
237 1024 368 1096 δεξιᾷ
397 1025 558 1077 αὑτοῦ
593 1027 858 1080 σκεπάσει
902 1024 1124 1090 αὐτοὺς,
1173 1025 1272 1080 καὶ
1317 1023 1398 1094 τῷ
1445 1023 1692 1096 βραχίονι

153 1120 455 1188 ὑπερασπιεῖ
489 1118 690 1173 αὐτῶν.

211 1213 408 1275 Δίκαιος
468 1211 564 1266 ίάν
609 1212 792 1284 φθάσῃ
840 1211 1208 1285 τελευτῆσαι,
1271 1212 1331 1265 ὲν
1383 1206 1694 1265 ἀναπαύσει

151 1307 303 1358 ἔσται.

209 1400 367 1468 Χάρις
387 1399 481 1451 καὶ
505 1398 655 1462 ἔλεος
677 1399 738 1451 ὲν
768 1401 881 1463 τοῖς
907 1401 1186 1464 ἐκλεκτοῖς
1217 1397 1412 1465 αὑτοῦ,
1443 1398 1543 1452 καὶ
1573 1397 1697 1452 ἔπι-

153 1492 306 1560 σκοπὴ
335 1491 389 1542 ὲν
419 1492 534 1553 τοῖς
567 1492 739 1554 ὁσίοις
773 1491 965 1545 αὑτοῦ.

217 1581 406 1649 Ἀγαθά
445 1583 560 1644 τοῖς
591 1581 818 1649 ἀγαθοῖς
869 1582 1122 1637 ἔκτισται
1175 1583 1270 1637 ἀπ’
1319 1583 1518 1654 ἀρχῆς,
1553 1579 1698 1634 οὕτω

146 1677 242 1738 τοῖς
270 1676 615 1746 ἁμαρτωλοῖς
644 1677 815 1731 κακά.

215 1769 268 1824 ’0
315 1771 515 1840 ἀγαθὸς
560 1771 852 1842 ἄνθρωπος
904 1771 970 1822 ἐκ
1015 1769 1110 1824 τοῦ
1156 1769 1368 1840 ἀγαθοῦ
1414 1767 1692 1841 θησαυροῦ

146 1863 232 1934 τῆς
251 1863 468 1932 καρδίας
492 1863 664 1918 αὐτοῦ
697 1866 964 1936 προφέρει
993 1863 1196 1932 ἀγαθά.

204 1957 394 2026 Δικαίῳ
425 1958 593 2027 νόμος
625 1958 687 2009 οὐ
722 1960 926 2012 κεῖται.

215 2051 268 2102 '0
298 2050 502 2118 ἀγαθὸς
529 2051 752 2120 ἀγαθῶν
780 2052 898 2104 ἐστι
930 2051 1290 2121 παρεκτικός.

213 2142 420 2208 Ῥάϐδος
468 2144 685 2198 δικαίου
716 2143 1049 2215 κρείσσωνῆ
1082 2143 1218 2214 τιμὴ
1252 2144 1447 2197 κακοῦ.

201 2326 256 2379 Οί
280 2325 386 2396 γὰρ
419 2326 639 2397 ἄριστοι
665 2325 760 2380 καὶ
790 2326 986 2393 ξείνοις
1014 2325 1294 2380 τελέθουσι
1319 2325 1647 2396 προσηνέιςς.

205 2503 301 2557 Τοῦ
335 2505 452 2574 γὰρ
473 2504 686 2573 ἀγαθοῦ
715 2503 812 2558 καὶ
855 2502 916 2556 τδ
961 2504 1135 2573 τραχὺ
1174 2503 1446 2574 προσηνὲς
1475 2501 1563 2554 διὰ
1598 2502 1701 2569 τὴν

144 2595 388 2662 ὠφέλειαν
409 2613 422 2626 ·
469 2595 570 2650 τοῦ
599 2597 658 2649 δὲ
689 2595 932 2667 πονηροῦ
973 2597 1070 2650 καὶ⁸
1107 2595 1168 2648 τὸ
1192 2595 1427 2666 χρηστὸν
1457 2594 1702 2648 ὕποπτον

140 2688 215 2741 διὰ
239 2689 294 2741 τὸ
324 2690 622 2760 κακόηθες.

203 2780 383 2844 Οὐδεὶς
427 2781 662 2850 ἀγαθὸς,
718 2781 766 2832 εί
807 2779 882 2850 μὴ
918 2779 1078 2848 μόνος
1109 2778 1141 2831 ὁ
1191 2779 1323 2842 Θεός
1348 2795 1361 2808 ·
1404 2780 1466 2832 τὸ
1517 2781 1702 2848 ἄκρως

140 2871 342 2938 ἀγαθὸν,
373 2875 533 2942 φησὶ,
572 2871 736 2940 μόνου
770 2872 931 2925 Θεοῦ.

201 2965 298 3018 Τὸν
327 2964 712 3031 πνευματικὸν
749 2966 845 3018 καὶ
877 2964 1155 3035 ἀπόνηρον
1203 2959 1346 3018 εἶναι
1387 2965 1470 3018 δεῖ
1499 2963 1706 3022 ἁπλοῦν

138 3058 220 3111 καὶ
265 3059 476 3124 ἄδολον,
527 3058 790 3128 καθάπερ
833 3060 861 3112 ό
895 3059 1130 3127 Χριστός
1166 3075 1372 3129 φησιν·
1429 3075 1448 3108 ι
1490 3055 1598 3111 Εάν
1633 3058 1705 3128 μὴ

140 3152 425 3220 στραφῆτε,
461 3154 566 3204 xat‘t.
597 3150 827 3221 γένησθε
872 3152 948 3214 ὡς
977 3152 1044 3203 τὰ
1077 3153 1290 3219 παιδία,
1321 3152 1382 3204 οὐ
1416 3152 1490 3222 μὴ
1534 3151 1709 3204 εἰσέλ-

136 3244 251 3313 θητε
285 3247 366 3308 είς
396 3244 499 3314 τὴν
532 3243 817 3314 βασιλείαν
843 3243 952 3294 τῶν
981 3244 1038 3295 οὐ
1052 3245 1250 3313 ρανῶν.
1294 3263 1313 3297 ι

207 3336 314 3392 ’Δεὶ
363 3338 466 3407 μὲν
505 3337 609 3390 οῦν
636 3337 742 3406 χρὴ
789 3336 1089 3404 θαυμάζειν
1113 3337 1210 3408 τὴν
1240 3339 1394 3407 ἰσχὺν
1437 3338 1546 3392 τῶν
1579 3357 1713 3408 μετ-

136 3430 306 3482 ιόντων
351 3432 455 3500 τὴν
499 3430 736 3501 ἀρετὴν,
773 3431 1009 3499 μάλιστα
1047 3430 1103 3483 δὲ
1137 3431 1264 3484 ὅταν
1301 3431 1512 3484 πολλῶν
1544 3433 1715 3504 αὐτὴν

133 3521 528 3590 ἀπολιπόντων,
557 3521 832 3594 εὑρεθῶσί
862 3540 1008 3587 τινες
1040 3525 1214 3594 αὐτῆς
1262 3524 1638 3596 ἀντεχόμενοι.

201 3706 260 3758 ’0
291 3709 358 3777 τῇ
395 3705 572 3774 φύσει
597 3703 799 3774 ἀγαθὸς
829 3705 926 3759 καὶ
953 3705 1176 3774 ἀγαθῶν
1199 3705 1420 3759 πάντων
1453 3723 1717 3776 παρεκτιο

128 3795 211 3858 κὸς
241 3798 482 3866 γίνεται.

193 3889 406 3959 Ὥσπερ
445 3891 524 3945 τά
568 3889 744 3961 εὗὼδη
773 3889 886 3944 τῶν
930 3890 1244 3960 ἀρωμάτων
1295 3889 1395 3960 τῆς
1433 3890 1568 3953 ἰδίας
1621 3890 1717 3942 εὑ-

125 3981 309 4046 πνοίας
338 3984 438 4038 τὸν
468 3983 891 4054 παρακείμενον
938 3983 1075 4052 ἀέρα
1120 3983 1303 4053 πλήρη
1345 3983 1512 4047 ποιεῖ,
1545 3979 1718 4046 οὕτως

125 4070 306 4140 ἀνδρὸς
332 4073 563 4144 ἀγαθοῦ
596 4072 867 4143 παρουσία
900 4074 1028 4137 τοὺς
1061 4073 1237 4137 πέλας
1265 4073 1527 4145 ὀνίνησιν.

193 4164 358 4221 Ἵδιον
389 4167 614 4231 παντὸς
635 4165 842 4236 ἀγαθοῦ
866 4165 928 4220 τὸ
953 4166 1202 4236 ὠφελεῖν.

191 4349 379 4405 Ἔστω
413 4347 636 4420 (ἔσται)
671 4365 774 4402 που
802 4347 1021 4408 πάντως
1048 4345 1475 4417 γνωριμώτατος
1505 4348 1532 4400 ό
1560 4346 1722 4416 φιλά-

121 4459 290 4508 ρετος,
351 4444 455 4496 καὶ
511 4441 764 4510 ἀρίστων
821 4440 1267 4510 ἐπιτηδευμάτων
1331 4440 1718 4508 ἀποτελιεστὴς.

1791 562 1946 632 probi
1983 563 2386 630 ingredientur.
3249 621 3255 626 .

1859 652 1990 724 Sap.
2023 654 2136 709 Viri
2175 654 2300 709 boni
2343 653 2525 707 vivent
2553 661 2844 715 mternum,
2875 663 3107 718 quorum
3157 660 3369 700 merces

1792 741 1844 795 in
1874 742 2106 796 Domino
2138 755 2243 808 est,
2275 751 2329 795 et
2355 757 2484 797 cura
2523 741 2664 810 apud
2693 740 3082 803 celsissimum,
3109 738 3178 791 ob
3205 751 3369 806 quam

1792 845 2011 886 causam
2035 848 2258 903 regnum
2284 833 2542 888 decorum
2567 831 2961 899 adipiscentur,
2984 837 3038 882 et
3075 827 3374 896 pulcherrio

1794 939 1940 976 mum
1971 923 2217 977 diadema
2250 924 2501 977 manibus
2527 921 2738 978 Domini
2769 922 2848 977 eis
2876 921 3208 989 imponetur,
3240 917 3389 986 quia.

1792 1013 2014 1069 dextera
2044 1030 2142 1070 sua
2170 1023 2314 1084 teget
2349 1029 2465 1080 eos,
2499 1021 2553 1069 et
2583 1014 2808 1068 brachio
2848 1027 2948 1066 suo
2986 1010 3263 1066 defendet.

1863 1191 2056 1250 Justus
2082 1195 2128 1249 si
2169 1210 2235 1249 ex
2263 1194 2365 1248 hac
2394 1193 2500 1248 vita
2531 1190 2853 1255 decesserit,
2901 1189 2955 1243 in
2989 1187 3178 1259 requie
3224 1184 3374 1240 futu-

1794 1303 1890 1344 l'llS
1921 1297 2024 1343 03L

1865 1380 2053 1436 Gratia
2079 1392 2131 1434 et
2163 1376 2544 1434 misericordia
2571 1376 2627 1430 in
2653 1374 2846 1431 electis
2876 1375 3020 1445 ejus,
3054 1386 3108 1433 et
3133 1379 3380 1434 visitatio

1795 1476 1850 1529 in
1881 1473 2087 1528 sanctis
2117 1472 2260 1541 ejus.

1867 1563 2036 1620 Eccli.
2071 1581 2254 1619 xxxix.
2290 1562 2358 1618 Ut
2398 1565 2537 1619 bona
2583 1566 2746 1622 bonis
2796 1582 2826 1622 a
2869 1566 3137 1638 principio
3187 1575 3391 1633 paratar

1795 1667 1944 1723 sunt,
1968 1659 2047 1712 sic
2072 1659 2213 1713 mala
2249 1659 2424 1715 malis.

1863 1749 1996 1805 Luc.
2027 1769 2100 1805 vr.
2147 1751 2252 1817 Qui
2311 1753 2489 1808 bonus
2518 1762 2601 1809 est
2630 1768 2695 1808 ex
2729 1753 2872 1807 bono
2917 1750 3102 1806 cordis
3136 1749 3222 1805 sui
3261 1749 3383 1804 the-

1723 1859 1768 1918 3
1799 1859 1964 1901 sauro
1993 1845 2133 1900 bona
2164 1848 2386 1915 promit.

1870 1936 2008 1990 Tim.
2040 1953 2078 1990 ι.
2108 1937 2269 1993 Justo
2294 1941 2440 1994 nulla
2473 1941 2557 1996 lex
2591 1940 2846 2008 imposita
2883 1947 2987 1994 est.

1869 2028 1927 2084 S.
1962 2031 2174 2085 Basilii.
2203 2031 2386 2088 Bonus
2412 2034 2678 2089 bonorum
2713 2042 2798 2088 est
2827 2032 3076 2103 largitor.

1872 2123 2137 2194 Theologi.
2177 2123 2339 2196 Virga
2371 2127 2498 2184 boni
2529 2128 2634 2181 viri
2683 2127 2878 2182 melior
2915 2137 3021 2194 est,
3047 2141 3209 2196 quam
3251 2127 3391 2181 mali‘

1801 2216 2071 2270 laudaﬁo.

1871 2310 2069 2377 Optimi
2109 2309 2252 2364 enim
2303 2310 2546 2366 externis
2591 2310 2756 2366 etiam
2803 2318 2935 2366 sunt
2988 2310 3138 2367 lenes
3184 2317 3240 2364 et
3277 2309 3377 2364 hu-

1801 2416 1966 2456 lilﬂlll.

1878 2493 2007 2564 Boni
2055 2496 2204 2550 enim
2251 2496 2354 2550 viri
2401 2496 2487 2552 vel
2520 2496 2789 2566 asperitas
2823 2497 2964 2553 lenis
3005 2504 3110 2557 est,
3167 2503 3390 2565 propter

1803 2588 2116 2653 utilitatem,
2144 2605 2308 2658 qualn
2354 2590 2596 2643 continet
2624 2607 2638 2644 :
2667 2589 2792 2642 mali
2821 2597 3002 2643 autem
3037 2587 3197 2642 etiam
3235 2587 3396 2641 beni-

1803 2683 1980 2750 gnitas
2010 2691 2262 2750 suspecta
2294 2692 2515 2751 propter
2542 2696 2752 2734 morum
2785 2681 3211 2750 improbitatem.

1887 2773 2080 2828 Nullus
2129 2775 2304 2827 bonus
2338 2773 2440 2826 nisi
2493 2774 2642 2826 solus
2688 2771 2867 2832 Deus;
2916 2773 3000 2824 his
3033 2772 3212 2824 verbis
3247 2770 3402 2838 quod‘

1806 2875 2019 2914 summe
2062 2860 2264 2913 bonum
2299 2867 2384 2914 est
2415 2860 2684 2914 asseritur
2721 2859 2810 2914 Dei
2850 2860 3020 2915 solius
3051 2877 3193 2915 esse.

1877 2953 1935 3007 S.
1975 2954 2244 3024 Clirgsost.
2286 2953 2600 3024 Spiritualis
2633 2955 2782 3007 omni
2831 2954 3035 3008 malitia
3070 2955 3388 3012 cat-crede-

1807 3045 1918 3106 bet,
1945 3047 2144 3099 astutia
2168 3056 2222 3100 et
2244 3045 2392 3110 dolo,
2430 3045 3154 3115 quemadmodumChristus
3180 3048 3390 3115 inquit:

1815 3154 1832 3186 ι
1868 3135 1985 3191 Nisi
2017 3138 2412 3192 convertamini
2442 3147 2498 3192 et
2521 3137 2699 3194 eﬂ‘ecti
2733 3139 2946 3194 fueritis
2971 3140 3176 3193 similes
3205 3141 3406 3211 parvis-

1817 3231 2022 3298 pueris,
2059 3247 2167 3284 non
2205 3231 2502 3286 introibitis
2538 3246 2764 3301 regnum
2799 3232 3042 3286 cmlestc.
3087 3251 3106 3283 ι

1890 3323 2068 3390 Atque
2097 3322 2264 3376 robur
2292 3324 2510 3392 quidem
2563 3337 2752 3377 eorum
2783 3323 2895 3390 [qui
2944 3322 3193 3376 virtutem
3237 3338 3394 3377 exer-

1818 3423 1971 3480 cent,
2004 3415 2368 3470 admiratione
2395 3425 2650 3484 perpetua
2687 3414 2908 3482 dignum
2936 3425 3057 3478 est;
3094 3417 3394 3482 przesertim

1821 3521 1950 3560 vero
1980 3521 2104 3561 cum
2144 3507 2331 3562 multis
2371 3523 2490 3562 eam
2543 3509 2925 3563 deserentibus
2970 3508 3213 3561 nonnuili
3249 3523 3410 3576 ιονιξ-ρ

1818 3599 2038 3654 riuntur
2067 3600 2158 3668 qui
2201 3599 2385 3654 virtuti
2415 3600 2811 3656 adhzerescant.

1891 3688 2048 3761 Greg.
2081 3690 2243 3760 Nysi.
2272 3692 2377 3758 Qui
2403 3702 2598 3748 natura
2625 3695 2803 3752 bonus
2832 3705 2936 3762 est,
2970 3695 3113 3751 idem
3155 3696 3218 3751 ad
3255 3696 3418 3752 bona-

1818 3785 2002 3838 omnia
2037 3783 2318 3853 largienda
2351 3801 2658 3856 propensus
2692 3799 2798 3844 est.

1894 3871 1961 3926 Ut
1995 3872 2294 3944 fragrantia
2325 3885 2567 3931 aromata
2619 3893 2721 3932 suo
2769 3880 2943 3934 odore
2988 3881 3388 3934 circumfusum

1818 3965 2092 4036 complent
2128 3981 2334 4033 aerem,
2382 3969 2464 4022 sic
2493 3968 2620 4023 boni
2649 3970 2750 4024 viri
2787 3973 3077 4039 prmsentia
3115 3973 3394 4041 proximo.

1813 4059 1991 4128 juvat.

1890 4151 1948 4206 S.
1987 4153 2194 4225 (ἴεν-ἰαί.
2231 4155 2517 4226 Proprium
2569 4165 2656 4212 est
2706 4157 2972 4214 bonorum
3001 4161 3245 4215 omnium
3281 4160 3424 4214 aliis.

1819 4247 2104 4315 prodesse.

1893 4337 2011 4392 Erit
2040 4353 2172 4395 sane
2197 4340 2434 4396 maxime
2464 4341 2698 4414 insignis
2721 4343 2941 4400 virtutis
2964 4346 3163 4407 cultor,
3189 4357 3242 4399 et
3272 4363 3419 4416 prmo

1823 4431 2254 4489 clarissimorum
2281 4451 2505 4504 operum
2531 4446 2744 4492 auctor.
2765 4437 3235 4504 Quemadmodum
3261 4442 3404 4493 enim

122 4533 326 4606 Ὃνπερ
350 4536 472 4604 γὰρ
517 4533 727 4602 τρόπον
755 4531 824 4585 τά
857 4531 966 4585 τῶν
1016 4532 1326 4602 ἀρωμάτων
1375 4532 1695 4602 εὐοσμότατι

1851 4522 2206 4580 >doratissima
2259 4536 2507 4581 aromata
2563 4538 2617 4581 et
2657 4529 2892 4594 eximia,
2940 4531 3151 4583 etiamsi
3183 4533 3234 4583 in
3267 4545 3407 4606 vase
3489 4596 3492 4597 ν

115 4625 204 4675 ni.
230 4625 538 4694 ἐξαίρετα,
574 4622 680 4676 κάν
721 4623 778 4674 ὲν
810 4621 1019 4690 ἀγγείῳ
1050 4621 1402 4690 κρύπτοιντο,
1437 4622 1536 4691 τῆς
1576 4622 1726 4676 ἐνού-

117 4733 211 4784 σης
246 4719 448 4780 αὐτοῖς
477 4714 760 4784 εὐοσμίας
791 4713 1100 4783 ἐμπίπλησι
1133 4714 1234 4781 τὴν
1281 4713 1553 4783 αἴσθησιν,
1600 4713 1727 4783 οὐχὶ

111 4808 164 4858 δέ
190 4825 296 4860 που
327 4808 537 4878 μόνοις
567 4806 684 4866 τοίς
714 4803 907 4872 ὲγγὺς,
933 4802 1069 4856 ἀλλά
1092 4802 1201 4873 γὰρ
1230 4805 1324 4854 καὶ
1348 4805 1461 4864 τοῖς
1488 4803 1724 4873 μακράν*

113 4896 282 4963 οὕτως
326 4898 468 4953 ὁτίσι
497 4894 661 4966 ψυχὴ
697 4896 793 4948 καὶ
820 4895 1114 4964 φιλάρετος
1134 4934 1148 4959 ,
1201 4895 1298 4946 καὶ
1329 4893 1441 4946 τῶν
1472 4894 1554 4956 είς
1576 4893 1730 4947 εὐσέ-

109 4989 258 5042 ϐειαν
292 4987 845 5058 ἀνδραγαθημάτων
898 4986 1100 5056 ἔχουσα
1151 4985 1334 5053 λόγον,
1369 4985 1472 5038 κᾶν
1509 4984 1730 5055 λεληθό-

110 5100 236 5152 τως,
281 5088 483 5155 πάντη
515 5099 586 5136 τε
607 5082 703 5134 καὶ
732 5081 950 5145 πάντως
981 5083 1140 5136 ἔσται
1163 5080 1586 5152 γνωριμωτάτη.

173 5265 608 5335 Φιλάνθρωπος
627 5261 668 5313 Δό
696 5262 913 5325 ἀστεῖος
944 5261 1042 5314 καὶ
1068 5260 1323 5331 εὐμενὴς,
1359 5260 1453 5314 καὶ
1485 5260 1730 5329 συγγνώ-

107 5375 245 5424 μων,
300 5357 510 5410 οὐδενὶ
570 5351 928 5423 μνησικακῶν
982 5349 1540 5420 τδηπαράπαν,νάλλὰ
1571 5353 1730 5423 νικᾷν

103 5451 229 5512 τοὺς
264 5448 533 5520 ἐχθροὺς
583 5443 774 5511 ἀξιῶν,
808 5444 868 5498 ἐν
899 5441 978 5514 τῷ
1008 5445 1185 5497 ποιεῖν
1211 5441 1274 5497 εὖ
1306 5443 1509 5512 μᾶλλον
1537 5444 1571 5514 ἢ
1601 5444 1730 5514 pid—

98 5557 283 5592 πτειν.

173 5632 308 5695 Τοῖς
345 5626 615 5698 ἀγαθοῖς
671 5625 888 5695 ἀγαθάς
940 5625 1165 5697 ὑπέχειν
1198 5625 1423 5698 γνώμας
1478 5627 1666 5682 ἔοικεν
1701 5631 1729 5682 ὁ

96 5725 254 5789 Θεὸς,
280 5722 361 5776 δι’
395 5717 486 5776 ὦν
517 5718 868 5786 ὠφελοῦντες
898 5718 1368 5788 ὠφεληθήσονται.

171 5816 428 5884 ’Δνδρες
457 5809 700 5878 ἀγαθοὶ,
729 5812 1136 5880 τροπικώτερον
1168 5810 1366 5889 είπείν,
1395 5809 1572 5887 agiagi;
1594 5814 1718 5877 εἱσι,

1836 4615 2054 4671 condita
2081 4619 2208 4683 sint,
2246 4619 2542 4689 fragrantia
2569 4635 2665 4674 sua
2695 4631 2872 4673 tamen
2898 4623 3118 4689 explent
3140 4602 3410 4674 adorantij

1835 4719 2077 4772 sensum,
2120 4709 2278 4779 169
2301 4725 2406 4763 non
2435 4710 2608 4765 solum
2632 4725 2819 4764 eormn
2847 4710 2941 4780 qui
2973 4725 3141 4781 prope
3169 4710 3424 4773 adstant,

1836 4800 1931 4852 sed
1957 4800 2122 4852 etiam
2148 4816 2336 4854 eorum
2368 4803 2460 4870 qui
2491 4801 2708 4870 longius
2738 4802 3090 4857 semotisunt
3123 4818 3137 4854 :
3181 4803 3254 4854 ita
3286 4817 3412 4855 san-

1835 4896 1957 4941 ctus
1989 4889 2208 4942 animus
2243 4898 2296 4942 et
2331 4890 2552 4944 virtutis
2588 4890 2821 4959 cupidus
2842 4932 2856 4952 .
2899 4899 2953 4945 et
2983 4891 3212 4946 honeste
3244 4891 3419 4946 facto-

1835 4996 1956 5035 rum
1985 4989 2039 5035 et
2062 4981 2127 5034 ad
2157 4981 2413 5052 pietatem
2441 4984 2832 5053 pertinentium
2860 4983 3128 5038 rationem
3178 4983 3407 5046 habens,

1836 5071 1921 5124 vel
1953 5071 2095 5126 nihil
2121 5072 2226 5126 tale
2264 5072 2541 5141 cogitans,
2560 5073 2817 5129 omnibus
2846 5071 3022 5128 modis
3052 5073 3160 5128 erit
3186 5075 3412 5130 nobilis—

1837 5164 2017 5220 simus
2047 5171 2102 5217 et
2131 5163 2502 5219 clarissimus.

1912 5258 2170 5314 Philonis.
2212 5256 2500 5313 Humanus
2532 5258 2776 5314 urbanus
2802 5267 2856 5312 ct
2887 5261 3064 5314 comis
3084 5270 3137 5315 et
3163 5261 3230 5314 ad
3265 5261 3417 5329 igno-

1838 5351 2098 5404 scendum
2132 5361 2453 5418 propensus;
2479 5348 2682 5404 nuliins
2711 5350 2939 5405 omnino
2963 5350 3178 5421 injuriae
3206 5362 3420 5403 memor.

1838 5451 1942 5506 est,
1976 5442 2071 5497 sed
2103 5442 2324 5496 vincere
2366 5442 2554 5498 hostes
2585 5444 2740 5513 cupit
2771 5441 3188 5505 benefaciendo,
3239 5438 3422 5505 magis

1838 5550 1999 5606 quam
2026 5534 2296 5589 laedendo.

1909 5627 2075 5682 Bonis
2118 5627 2261 5682 Deus
2290 5629 2428 5681 bona
2458 5627 2772 5699 suppeditat
2815 5631 2870 5680 et
2912 5621 3112 5678 inserit»
3147 5615 3377 5670 consilia
3400 5656 3415 5683 ,

1823 5719 2062 5791 quibus,
2093 5735 2216 5775 cum
2251 5719 2376 5774 aliis
2400 5723 2633 5791 prosint,
2663 5717 3014 5790 ipsimaxime
3036 5711 3319 5779 iuvantur.

1915 5813 2023 5867 Viri
2057 5813 2204 5878 boni,
2249 5826 2306 5867 ut
2345 5815 2575 5887 ﬁgurate
2602 5813 2799 5869 dicam.
2831 5806 3093 5860 columnae
3119 5811 3262 5864 sunt,
3307 5817 3399 5868 po-
