3832 6244
116 369 225 441 1081

179 486 261 544 ’0;
287 482 483 535 δίκαιον
500 478 686 551 ’κρίνει
737 466 830 534 τδν
867 478 1073 545 ἄδικον,
1093 481 1277 536 ἄδικον
1311 480 1370 534 δὲ
1419 479 1510 534 τὸν
1566 480 1647 534 δί-
1677 497 1727 555 Α

108 594 259 649 καιον,
285 575 579 644 ἀκάθαρτος
605 570 701 626 καὶ
732 571 1019 643 βδελυκτὸς
1041 575 1193 644 παρὰ
1216 572 1429 643 Κυρίῳ,

168 750 288 803 Τάδε
336 747 479 816 λέγει
535 745 741 817 Κύριος
786 745 1218 817 παντοκράτωρ·
1276 744 1443 798 Αὐτοὶ
1490 745 1640 798 οίκο-

118 842 411 911 δομήσουσι,
456 838 610 909 κάγὼ
669 838 1060 910 καταστρέψωο
1123 837 1222 893 καὶ
1275 836 1642 907 ὲπικληθήσε-

110 950 184 986 ται
214 929 384 993 αὐτοῖς
425 929 546 1001 ὅρια
596 929 848 999 ἀνομίας,
888 930 986 985 καὶ
1014 929 1143 993 λαὸς
1175 928 1261 998 ἐφ’
1290 930 1349 983 ὃν
1393 926 1637 999 παρατέ-

111 1039 277 1074 τακται
313 1021 514 1091 Κύριος
573 1019 681 1084 ἕως
732 1020 951 1088 αἰῶνος,
1003 1020 1064 1074 οὐ
1099 1019 1176 1092 μὴ
1212 1019 1376 1093 μείνῃ
1429 1022 1510 1084 είς
1546 1020 1638 1072 τὸν

107 1114 252 1165 ατῶνα
274 1110 459 1180 χρόνον
493 1112 716 1181 σπέρμα
750 1112 1008 1182 πονηρόν.

174 1202 255 1255 Ἕκ
282 1202 587 1270 σπέρματος
634 1199 813 1272 δερεως
842 1203 1188 1270 ἐξελεύσεται
1228 1198 1429 1275 ἔγγονα
1470 1202 1639 1257 ἀσπί-

104 1293 190 1341 δων
212 1332 226 1353 ,
254 1294 316 1345 τὰ
352 1293 406 1347 δὲ
440 1292 637 1362 ἔγγονα
663 1294 844 1347 αὐτῶν
869 1296 1020 1364 δφεις
1050 1297 1360 1367 πετόμενοι.

163 1384 232 1437 Td
258 1384 624 1455 ἁμαρτήματα
658 1387 816 1456 ἡμῶν
848 1387 1115 1459 διίστησιν
1147 1391 1251 1445 ἀνά
1282 1392 1446 1462 μέσον
1480 1393 1638 1465 ήμῶν

102 1479 178 1526 καὶ
217 1476 303 1529 τοῦ
346 1476 480 1530 Θεοῦ
508 1519 524 1544 ,
586 1480 681 1531 καὶ
722 1478 811 1531 διὰ
848 1480 945 1542 τὰς
990 1482 1222 1551 ἀνομίας
1278 1484 1437 1553 ήμῶν
1501 1487 1639 1540 ἀπέο

102 1567 269 1636 στρεψε
298 1568 357 1621 τὸ
386 1570 681 1640 πρόσωπον
708 1572 873 1626 αὐτοῦ
906 1574 1000 1643 ἀφ’
1037 1574 1214 1645 ἡμῶν,
1243 1574 1337 1628 τοῦ
1372 1577 1447 1647 μὴ
1478 1577 1628 1650 ἐλεῆ-

100 1677 191 1715 σαι.

152 1751 259 1806 Υἱοὶ
282 1752 513 1822 ἄφρονές
547 1754 675 1817 εἰσι,
709 1754 801 1807 καὶ
831 1754 894 1807 οὗ
951 1757 1185 1822 συνετοὶ,
1214 1756 1368 1827 σοφοὶ
1397 1757 1493 1814 τοῦ
1530 1777 1633 1815 κα-

96 1844 347 1913 κοποιῆσαι
369 1860 385 1877 ο
413 1845 474 1897 τὸ
508 1845 565 1897 δὲ
597 1844 779 1909 καλῶς
809 1846 1032 1917 ποιῆσαι
1059 1848 1158 1901 οὐκ
1193 1847 1467 1918 ἔγνωσαν.

148 1935 219 1987 Τὰ
246 1936 376 2003 ἔργα
408 1938 594 1989 αὐτῶν
626 1938 764 2009 ἔργα
794 1939 1007 2011 ἄνομα·
1040 1941 1135 1994 καὶ
1178 1943 1228 1995 οἱ
1257 1942 1415 2008 πόδες
1450 1945 1632 2000 αὐτῶν

93 2028 158 2087 εἰς
189 2030 374 2080 κακίαν
398 2028 715 2100 τρέχουσιν.

148 2117 200 2170 Εἰ
227 2119 512 2185 samem.
542 2120 737 2191 Αἰθίοψ
764 2122 826 2176 τὸ
857 2122 1033 2193 δέρμα
1066 2123 1254 2191 αὐτοῦ,
1286 2126 1384 2179 καὶ
1425 2126 1632 2198 πάρδα-

89 2207 154 2270 λις
184 2209 243 2263 τὰ
280 2214 617 2283 ποικίλματα
648 2216 842 2286 αὐτῆς,
889 2218 984 2269 καὶ
1027 2216 1187 2288 ὑμεῖς
1225 2218 1523 2291 δυνήσεσθε
1570 2217 1631 2277 εὖ

88 2302 275 2369 ποιῆσαι
310 2306 699 2375 μεμαθηκότες
728 2306 889 2360 κακά.

141 2394 334 2458 Πτῶσις
359 2397 518 2468 κακῷ
545 2398 688 2453 κατά
717 2402 954 2471 σπουδὴν
983 2400 1125 2472 ἥξει.

146 2484 279 2550 Ὅδὸς
318 2489 669 2560 ἁμαρτωλῶν
715 2490 1076 2561 ὡμαλισμένη
1114 2494 1227 2547 ἀπὸ
1279 2493 1466 2563 λίθων,
1531 2500 1631 2553 καὶ

86 2577 155 2627 ἐπ’
181 2579 414 2650 ἐσχάτων
438 2582 618 2651 αὐτῆς
658 2583 848 2655 βόθρος
889 2585 1039 2654 ᾆδου.

137 2665 230 2721 Τὸν
270 2671 663 2741 ἁμαρτά-νοντα
707 2674 783 2737 είς
836 2677 937 2744 τὴν
980 2672 1162 2746 ψυχὴν
1208 2676 1376 2732 αὐτοῦ
1420 2678 1503 2743 τίς
1551 2679 1632 2731 διο

81 2760 277 2816 καιὼσει
302 2780 319 2830 ;

137 2853 299 2910 Τέκνα
327 2857 598 2929 βδελυκτὲ
626 2858 832 2927 γίνεται
857 2860 1021 2913 τέκνα
1044 2860 1417 2933 ἁμαρτωλῶν.

137 2946 331 3018 Ὀνομα
378 2949 697 3021 ἀνθρώπων
776 2951 1120 3021 ἁμαρτωλῶν
1177 2953 1630 3025 ἐξαλειφθήσεται

141 3040 195 3097 '0
231 3038 470 3114 πονηρὸς
508 3036 795 3108 ἄνθρωπος
839 3044 902 3093 ἐκ
936 3042 1029 3096 τοῦ
1062 3043 1302 3113 πονηροῦ
1349 3044 1627 3116 θησαυροῦ

826 361 996 423 LOCI
1028 361 1472 439 COMMUNES.
1508 388 1580 402 —
1610 365 1807 428 PARS
1843 362 1928 428 II.
1971 362 2230 426 SERMO
2266 364 2516 428 XXXII.

3187 368 3322 433 1082

1824 480 1926 548 Qui
1977 481 2185 551 justum
2239 480 2503 550 injustnm
2548 482 2801 551 indicat:
2839 484 3181 552 etinjnstnm
3239 489 3327 555 jn-

1744 581 1912 635 stnm,
1947 571 2257 642 isintpurns
2309 575 2454 644 apud
2512 573 2803 629 Dominum
2836 584 2891 630 et
2933 577 3326 634 abominamlus

1742 674 1848 721 est.

1813 758 2052 814 Malach.
2086 759 2351 816 Dominus
2385 760 2735 830 omnipotens
2774 761 2856 816 sic
2914 762 3158 830 loquitur
3198 780 3212 816 :
3248 763 3324 816 llli

1741 854 2108 918 aediﬁcabant,
2140 868 2241 923 ego
2286 869 2415 908 vero
2443 854 2678 918 diruam,
2720 864 2779 909 ut
2807 863 3077 909 vocentur
3106 856 3323 909 termini

1742 946 2066 1014 iniquitatis,
2100 957 2155 1002 et
2194 947 2430 1017 pupulas
2466 948 2553 1001 cui
2587 947 2856 1004 Dominus
2899 963 2957 1003 se
2989 958 3224 1019 Opponet
3268 948 3322 1000 in

1742 1042 2003 1095 sarculum
2053 1059 2067 1095 :
2120 1054 2227 1095 non
2250 1054 2525 1109 mansura
2554 1051 2638 1095 est
2679 1040 2738 1095 in
2766 1040 3026 1096 saeculum
3059 1040 3326 1109 temporis

1740 1129 1884 1200 impr
1896 1132 2004 1187 oba
2040 1132 2353 1202 progenies.

1810 1220 1930 1277 Isa.
1956 1237 2067 1277 ιιι.
2096 1222 2175 1277 Ex
2210 1222 2422 1277 semine
2450 1222 2722 1294 serpentis
2754 1222 3050 1292 prodibant
3073 1223 3320 1292 aspidum

1741 1315 1931 1381 catuli,
1957 1323 2015 1368 at
2046 1314 2261 1370 illarum
2293 1313 2499 1383 posteri
2531 1313 2782 1370 volantes
2809 1322 3091 1383 serpentes
3134 1324 3321 1367 erunt.

1810 1407 2045 1463 Peccata
2070 1417 2259 1464 nostra
2284 1408 2586 1463 dissociant
2624 1421 2728 1462 nos
2762 1420 2791 1459 a
2826 1406 2959 1471 Deo,
2988 1413 3323 1475 propterque

1742 1500 2063 1572 iniquitates
2091 1510 2310 1557 nostras
2359 1500 2558 1557 avertit
2591 1514 2623 1555 a
2674 1498 2838 1556 nobis
2870 1498 3080 1554 vultum
3113 1513 3276 1553 suum
3300 1536 3319 1559 .

1740 1603 1800 1648 ut
1816 1609 1924 1649 non
1946 1591 2295 1650 misereatur.

1807 1770 2138 1841 lnsipientes
2162 1781 2291 1827 sunt
2321 1784 2423 1826 nec
2451 1784 2695 1841 sagaces,
2723 1769 2866 1826 docti
2898 1771 2964 1824 ad
2990 1770 3316 1826 maleficicn-

1667 1844 1709 1898 Β
1739 1866 1890 1933 dum,
1928 1866 2159 1921 honeste
2185 1865 2372 1920 facere
2397 1880 2508 1920 non
2541 1872 2769 1919 norunt.

1809 1957 1984 2025 Opera
2016 1956 2253 2021 illorum,
2280 1969 2446 2024 opera
2481 1956 2707 2026 injusta,
2742 1963 2797 2010 et
2832 1955 2995 2027 pedes
3040 1970 3227 2009 eorum
3262 1955 3318 2009 in

1735 2047 2063 2103 maleficium
2089 2056 2340 2103 currunt.

1804 2137 2005 2192 larem.
2046 2154 2166 2193 xttt.
2198 2137 2254 2191 Si
2290 2136 2524 2192 mutabit
2550 2135 2805 2207 IEtltiops
2836 2147 3013 2191 cutem
3048 2152 3229 2204 suam,
3265 2145 3322 2191 et

1736 2230 1979 2300 pardalis
2007 2230 2302 2285 varietates
2336 2243 2492 2294 suas,
2517 2238 2569 2282 et
2595 2242 2694 2283 vos
2726 2227 2976 2298 poteritis
3002 2228 3322 2282 benefacere

1733 2337 1855 2377 cunt
1885 2321 2025 2376 mala
2057 2321 2382 2376 didiceritis.

1804 2413 1982 2468 Ruina
2019 2413 2252 2484 improbi
2283 2428 2408 2470 sero
2435 2413 2649 2469 tandem
2683 2413 2885 2468 veniet.

1802 2507 1902 2563 Via
1932 2505 2332 2561 scelerosorum
2382 2506 2651 2576 elapidata
2685 2514 2739 2561 et
2790 2506 3137 2576 complanata
3162 2543 3180 2571 ,
3220 2505 3320 2562 sed

1733 2595 1788 2651 in
1817 2604 2063 2651 extrema
2101 2596 2218 2665 ipsa
2248 2596 2551 2652 inferorum
2578 2605 2660 2651 cst
2687 2597 2856 2651 fossa.

1801 2685 2126 2743 Peccantem
2157 2688 2213 2741 in
2244 2690 2481 2742 animam
2514 2703 2671 2743 suam
2700 2689 2825 2754 quis
2857 2686 3145 2741 absolvet?

1805 2869 1984 2925 Liberi
2013 2866 2363 2924 abominandi
2397 2877 2527 2922 sunt
2552 2881 2616 2920 ex
2646 2864 2907 2935 improbis
2938 2867 3214 2935 prognati.

1802 2957 2008 3011 Nomen
2040 2954 2430 3011 sceleratorum
2456 2954 2734 3008 hominum
2763 2953 3058 3010 delebitur.

1804 3048 1997 3103 Matth.
2039 3062 2113 3102 ιιι
2145 3056 2200 3103 et
2229 3045 2362 3104 Luc.
2405 3061 2483 3100 νι.
2522 3045 2696 3101 Malus
2743 3062 2809 3101 ex
2845 3045 3023 3102 cordis
3055 3046 3138 3101 sui
3175 3047 3318 3102 malo

74 3130 156 3197 τῆς
183 3131 407 3203 καρδίας
455 3131 635 3185 αὐτοῦ
683 3131 947 3202 προφέρει
996 3132 1065 3185 τὰ
1099 3134 1332 3206 πονηρά.
1376 3135 1474 3188 Ἐκ
1517 3138 1627 3208 γὰρ

1768 3140 1996 3196 hesauro
2033 3155 2155 3210 qua:
2202 3139 2344 3194 mala
2394 3147 2542 3206 sunt,
2596 3139 2797 3208 promit
2828 3157 2842 3195 :
2875 3154 2944 3194 ex
2977 3139 3313 3197 abundantia

72 3220 149 3273 τοῦ
181 3224 628 3296 περισσεύματος
656 3228 756 3294 τῆς
790 3225 1017 3294 καρδίας
1051 3224 1203 3277 λαλεῖ
1229 3226 1289 3278 τὸ
1321 3226 1521 3295 στόμα.

129 3314 288 3371 Τοῦτο
315 3320 374 3372 δὲ
403 3319 739 3389 γινώσκετε,
758 3320 838 3372 ὅτι
862 3321 928 3372 ἐν
946 3320 1066 3381 ταῖς
1090 3319 1346 3390 ἐσχάταις
1372 3322 1629 3392 ἡμέραις,

70 3406 396 3478 ἐνστήσονται
431 3411 629 3479 καιροὶ
650 3408 897 3482 χαλεποί.
931 3410 1188 3465 Ἔσονται
1217 3411 1327 3484 γάρ
1351 3414 1399 3467 οί
1421 3413 1635 3485 ἀνθρω-

70 3514 145 3548 ττοι
178 3500 427 3567 φίλαυτοι
454 3543 472 3568 ,
510 3503 611 3555 καὶ
638 3500 708 3554 τά
736 3501 883 3573 ἑξῆς.
1518 3512 1522 3516 ’

131 3588 213 3644 Ἐν
251 3592 525 3661 ἁμίλλαις
582 3594 849 3664 πονηρίας
909 3594 1238 3667 ἀθλιώτερος
1286 3597 1317 3650 ό
1364 3598 1627 3670 νικήσας,

64 3679 176 3735 διότι
203 3671 523 3759 ἀπέρχεταί
549 3686 609 3740 τὸ
641 3685 825 3739 πλεῖον
852 3687 993 3759 ἔχων
1016 3688 1119 3757 τῆς
1153 3689 1452 3759 ἁμαρτίας.

116 3863 181 3915 τὸ
206 3864 443 3936 ἔσχατον
482 3869 553 3920 ὲν
601 3866 841 3939 πονηρίᾳ
869 3868 962 3921 καὶ
1008 3866 1144 3938 πρὸς
1172 3867 1351 3937 ἐαυτῷ
1382 3870 1531 3924 ἐστιν
1562 3873 1627 3925 ἁ-

62 3952 348 4024 σύμφωνον.
1212 3972 1218 3980 ‘
1394 3986 1397 3987 ν
1512 3970 1517 3977 '
1632 3968 1635 3971 '

119 4049 301 4104 Πολλοί
351 4053 469 4105 είσι
518 4051 619 4114 τὰς
660 4052 910 4125 πονηρὰς
954 4055 1187 4122 πράξεις
1217 4040 1645 4127 ἀποδεχόμενοι,

61 4142 137 4189 καὶ
163 4145 430 4211 χαρίεντα
482 4143 590 4212 μὲν
618 4141 708 4194 τὸν
751 4143 1093 4215 εὐτράπελον
1136 4145 1411 4215 λέγοντες,
1456 4146 1548 4200 τὸν
1573 4146 1631 4199 δὲ

56 4234 396 4302 αἰσχρολόγον
429 4234 721 4311 πολιτικόν
741 4251 757 4266 ’
787 4235 889 4309 τὸν
908 4235 1109 4306 πικρὸν
1134 4237 1232 4290 καὶ
1254 4237 1471 4308 ὀργίλον
1496 4238 1633 4290 ἀκα-

57 4325 378 4396 ταφρόνητον
408 4326 777 4396 ὀνομάζουσι’
800 4328 897 4401 τὸν
912 4317 1183 4397 φειδωλὸν
1199 4329 1295 4382 καὶ
1325 4327 1631 4399 ἀκοινώνη-

52 4428 128 4464 τον
155 4414 226 4479 ὡς
254 4417 626 4485 οἰκονομικὸν
666 4418 949 4472 ἐπαινοῦσι
972 4436 989 4451 ο
1026 4419 1119 4474 τὸν
1140 4408 1349 4476 ἄσωτον
1374 4421 1450 4486 ὡς
1482 4406 1643 4475 ὲλεύέ

1734 3234 1877 3287 enim
1907 3232 2089 3288 cordis
2117 3248 2181 3287 os
2211 3232 2476 3300 loquitur.

1766 3336 1769 3341 '
1805 3324 1831 3378 Ι
1867 3323 2007 3379 Tim.
2038 3340 2120 3379 nt.
2148 3323 2286 3380 Illud
2312 3332 2491 3379 autem
2516 3324 2887 3394 cognoscitote
2909 3323 3311 3397 fore,nt171

1734 3411 1788 3465 in
1820 3412 2026 3467 ultimis
2047 3412 2457 3469 diebusinstent
2479 3414 2674 3466 acerba
2700 3423 2748 3466 et
2776 3413 3021 3469 difficilia
3044 3424 3314 3486 tempora.

1638 3524 1643 3529 ·
1734 3503 1909 3558 Erunt
1952 3504 2098 3559 enim
2136 3505 2385 3563 homines
2418 3508 2503 3563 sui
2530 3517 2793 3571 amantes,
2830 3515 2937 3563 etc.

1806 3591 1866 3649 S.
1899 3592 2112 3651 Basilii.
2160 3593 2221 3671 in
2274 3597 2645 3668 improbitatis
2692 3597 2991 3654 certamine
3055 3597 3310 3655 miserior

1733 3687 1928 3755 victor,
1966 3703 2129 3758 quam
2162 3688 2362 3757 victus,
2413 3701 2703 3761 propterea
2734 3690 2881 3761 quod
2927 3689 3019 3745 ille
3063 3691 3317 3759 pluribus

1736 3776 1972 3847 peccatis
2011 3787 2246 3834 onustus
2288 3779 2546 3835 discedit.
2598 3780 2611 3801 "

1793 3869 1996 3925 Ultima
2019 3869 2072 3924 in
2093 3870 2442 3940 improbitate
2459 3872 2620 3926 etiam
2640 3885 2827 3927 secum
2844 3873 2961 3942 ipsa
2983 3871 3317 3941 discrepant.

1803 4051 2125 4121 Complures
2152 4062 2302 4119 sunt,
2345 4052 2439 4123 qui
2476 4052 2721 4109 actiones
2752 4046 2951 4123 prava's
2986 4053 3316 4123 approbent,

1735 4144 1801 4198 ac
1836 4144 2104 4199 urbanum
2136 4144 2356 4214 quidem
2388 4143 2690 4214 gratiosum
2724 4144 3095 4211 nominantes,
3138 4151 3194 4199 et
3215 4148 3318 4201 ob-

1737 4236 2013 4291 scenitate
2043 4238 2333 4292 verborum
2362 4243 2625 4301 utentem,
2649 4236 2867 4292 civilem
2911 4254 2927 4291 :
2969 4237 3226 4297 acerbum
3264 4248 3322 4292 ct

1736 4326 2057 4383 iracundum
2131 4310 2358 4383 minime
2391 4316 2854 4383 contemnendum
2898 4337 3098 4383 vocant
3140 4342 3158 4381 :
3196 4343 3322 4397 par-

1735 4434 1857 4476 cum
1896 4427 1952 4475 et
1986 4419 2223 4475 alienum
2258 4434 2289 4474 a
2326 4420 2652 4476 liberalitate
2707 4410 2862 4491 quasi
2909 4420 2986 4475 rei
3036 4419 3323 4474 familiaris

53 4503 226 4574 θέρον
272 4511 373 4563 τὸν
407 4510 626 4579 πόρνον
655 4510 770 4563 καὶ
810 4509 1020 4581 ἀσελγῆ
1068 4490 1465 4569 ἀπολαυστικόν
1506 4531 1629 4568 τινα

1768 4497 2447 4581 ιᾶιιιίιιίειιιιηόαι’ρθι·ἱιιιιιι
2481 4490 2746 4580 laudant,
2792 4511 3079 4581 prodigum
3106 4549 3122 4572 ,
3159 4513 3343 4588 quasi

49 4599 133 4650 καὶ
169 4601 498 4671 ἀνειμένον.
538 4603 604 4655 Ol
650 4602 885 4656 τοιοῦτοι
944 4601 1022 4672 τῷ
1070 4603 1302 4672 στόματι
1346 4605 1449 4675 μὲν
1486 4605 1635 4659 εὐλο-

50 4690 211 4755 ιοῦσι,
244 4697 313 4764 τῇ
350 4693 415 4747 δὲ
457 4694 668 4765 καρδίᾳ
726 4693 1100 4765 καταρῶνται.
1140 4690 1375 4766 Ἐνγὰρ
1422 4700 1490 4768 τῇ
1524 4699 1638 4752 τῶν

46 4784 293 4851 ῥημάτων
329 4789 607 4859 εὐφημίᾳ
637 4789 822 4842 πᾶσαν
847 4791 1092 4860 κατάραν
1128 4788 1427 4857 ἐπάγουσιν
1458 4791 1636 4844 αὐτῶν

45 4877 100 4936 τῇ
150 4876 291 4949 ζωῇ,
329 4879 647 4941 ὑποδίκους
685 4880 884 4943 αὐτοὺς
929 4883 996 4951 τῇ
1045 4880 1251 4949 αἰωνίῳ
1288 4882 1633 4951 κατακρίσει,

40 4960 96 5015 δι’
122 4962 194 5021 ὧν
221 4968 640 5039 ἀποδέχονται,
676 4971 1068 5037 καθιστῶντες.
1630 4968 1635 4977 “

105 5238 320 5299 Ὄντως
368 5231 784 5301 ἀσυλλόγιστόν
830 5249 887 5287 τι
944 5234 1180 5304 πρᾶγμα
1230 5234 1264 5303 ἡ
1326 5231 1636 5304 μοχθηρία,
1708 5288 1718 5297 ,

34 5329 118 5382 καὶ
159 5329 326 5383 οὐδέν
384 5328 558 5381 ἐστιν
606 5324 636 5377 ὃ
682 5325 811 5388 τοὺς
864 5329 1135 5395 πονηροὺς
1187 5325 1433 5395 βελτίους
1481 5326 1640 5396 ποιή-

35 5437 188 5477 σειεν,
678 5436 705 5459 ι’

88 5514 439 5588 Εὑζήλωτον
479 5508 677 5579 μέντοι
704 5510 802 5563 καὶ
840 5508 1134 5581 πρόχειρον
1170 5511 1408 5580 πρᾶγμα
1449 5512 1484 5577 ἡ
1534 5527 1635 5582 μο.

35 5610 244 5679 θηρία,
273 5608 383 5662 καὶ
418 5602 594 5658 οὐδὲν
631 5602 775 5657 οὕτω
817 5603 1006 5674 ῥᾴδιον
1048 5603 1124 5667 ὡς
1157 5605 1219 5657 τὸ
1252 5605 1511 5672 γενέσθαι
1536 5622 1639 5659 κα-

35 5720 131 5759 ως,

56 5702 437 5847 όΧύςιλιιτ-εειςον
496 5786 602 5855 μὲν
628 5788 689 5842 τὸ
726 5788 934 5857 ἀγαθὸν
979 5790 1047 5860 τῇ
1080 5788 1399 5862 ἀνθρωπίνῃ
1449 5788 1635 5858 φύσει,

1696 4600 2018 4657 ~liberalem
2042 4618 2061 4669 ;
2106 4610 2468 4658 scortatorem
2525 4601 2900 4665 libidinosum,
2949 4597 3317 4666 voluptarium

1737 4692 2028 4759 quemdam
2077 4698 2132 4744 et
2178 4689 2576 4744 remissiorem.
2634 4686 2950 4744 istiusmodi
2999 4684 3319 4740 laudatores

1740 4782 1846 4837 illis
1866 4782 1961 4837 ore
1988 4781 2209 4851 quidem
2239 4781 2377 4835 bene
2403 4789 2714 4849 precantur,
2748 4787 2804 4834 at
2835 4779 3000 4835 corde
3026 4793 3318 4833 exsecran-

1739 4880 1846 4927 tur.
1884 4872 2018 4927 Nam
2070 4874 2123 4927 in
2174 4872 2599 4928 illa'verborutn
2651 4872 2878 4942 pulchra
2921 4885 3322 4927 commemora-

1642 4976 1649 4983 ’
1690 5014 1705 5025 ,
1742 4960 1889 5021 ti'one
1946 4979 2163 5021 omnem
2191 4963 2633 5019 exsecrationem
2677 4965 2735 5019 in
2774 4964 2989 5020 illorum
3033 4966 3200 5017 vitam
3234 4963 3319 5017 in-

1739 5064 1968 5120 ducunt,
2004 5056 2115 5109 inm
2154 5070 2251 5111 eos
2278 5063 2500 5111 aeterna:
2529 5056 2872 5111 damnationi
2900 5055 3170 5111 obnoxios
3201 5056 3324 5111 efrt‘

1740 5151 1912 5214 ciunt,
1959 5149 2073 5216 ipsa
2101 5142 2229 5201 vitia
2260 5148 2677 5216 approbantes.'
2752 5156 2755 5161 ‘
3118 5154 3121 5157 λ
3334 5212 3337 5217 _

1817 5239 2089 5308 Theologi.
2120 5238 2374 5292 Profecto
2404 5253 2495 5292 res
2525 5246 2611 5293 est
2642 5240 2870 5295 rationis
2894 5254 3088 5310 expers
3122 5240 3325 5309 improo

1742 5330 1931 5384 bitas:
1969 5342 2072 5381 nec
2116 5326 2416 5396 quidquam
2450 5336 2533 5382 est
2585 5327 2735 5396 quod
2778 5329 3060 5400 improbos
3106 5326 3328 5385 erucem

1741 5421 1917 5492 possit
1952 5419 2222 5474 meliores.
2330 5434 2394 5463 ε.
2478 5422 2481 5457 1

1812 5513 2138 5582 lmprohitas
2170 5510 2333 5566 facile
2365 5510 2455 5567 sui
2501 5512 2746 5569 studium
2775 5515 2999 5578 excitat.
3044 5519 3206 5578 atque
3262 5508 3321 5562 in

1743 5614 1993 5680 promptu
2038 5611 2147 5669 est,
2196 5603 2443 5675 nihilque
2497 5612 2607 5681 tam
2655 5604 2821 5663 facile
2868 5616 2975 5672 est,
3006 5615 3166 5671 quam
3204 5600 3323 5655 ﬁeri

1743 5695 1971 5748 malum.
2058 5706 2063 5709 ‘
2436 5708 2495 5717 "
2568 5698 2575 5721 ί
2656 5706 2659 5709 ‘
3280 5704 3291 5711 ‘

1818 5784 2341 5845 Ditiicititerhonum
2380 5791 2862 5864 comprehenditur
2894 5801 2927 5841 α
2972 5793 3166 5839 natura
3219 5787 3319 5837 lu)-
