3832 6244
430 365 573 432 1083

427 583 546 634 dior
573 580 852 632 materies.
902 576 971 626 At
1000 572 1174 643 parati
1233 571 1300 624 ad
1331 568 1656 624 maleﬁcium
1716 570 1933 639 plurimi
1973 582 2027 625 et

428 672 701 740 diSpositi.

500 765 697 817 Malum
739 761 954 815 facilius
980 767 1036 814 et
1065 756 1377 830 promptius
1407 755 1720 824 improbum
1753 756 2021 823 sequitur,

429 873 592 928 quam
635 863 1017 908 coerce-antra
1061 851 1307 905 meliore.

499 948 714 1002 Animis
749 944 990 1014 profanis
1025 943 1162 996 nihil
1200 940 1416 995 honesti
1463 938 1597 994 satis
1623 938 1846 1007 dignum
1879 936 2031 990 vidc-

431 1050 541 1103 tur,
578 1041 664 1093 cui
699 1036 1108 1106 persuadendos
1143 1049 1202 1089 se
1245 1033 1544 1103 praebeant.

502 1134 559 1188 S.
602 1132 880 1202 Cltrysost.
933 1130 1036 1195 Qui
1085 1145 1228 1198 saepe
1274 1138 1504 1198 peccant
1549 1142 1650 1181 nec
1701 1125 2026 1195 puniuntur,

435 1236 683 1280 metuere
715 1238 773 1278 et
804 1223 978 1277 vereri
1013 1221 1249 1283 debent;
1283 1228 1554 1288 augentur
1584 1219 1728 1272 enim
1764 1217 1872 1271 illis
1897 1232 2028 1284 sup-

432 1317 593 1385 plicia
643 1329 737 1382 per
802 1312 1054 1381 supplicii
1106 1311 1421 1364 tarditatem
1461 1317 1516 1364 et
1559 1309 1800 1363 divinam
1836 1308 2030 1362 lenita-

437 1419 568 1462 tem.

514 1498 632 1552 Non
676 1505 887 1552 tantum
923 1496 961 1550 ii
995 1496 1089 1564 qui
1137 1496 1401 1551 scelerate
1432 1493 1636 1564 aliquid
1672 1491 1902 1556 faciunt,
1942 1507 2032 1546 ve-

436 1607 558 1645 rum
610 1592 772 1644 etiam
815 1589 906 1658 qui
942 1589 1078 1644 istos
1129 1589 1384 1643 laudibus
1425 1584 1678 1649 eﬂ‘erunt,
1711 1583 2030 1639 eorumdem

437 1702 561 1741 rum
592 1687 698 1740 illis
729 1685 810 1738 vel
847 1686 1009 1740 etiam
1037 1683 1347 1754 graviorum
1381 1681 1680 1753 participes
1707 1687 1872 1734 erunt
1898 1692 2032 1748 sup-

439 1779 752 1848 pliciorum.

1704 351 1952 419 ΛΝΤΟΝ
1967 361 2018 417 I-l
2058 360 2404 420 M-ELISS;E

331 470 338 477 ’
428 491 658 552 ιιιὶιιυυιι,
719 480 1176 554 quemadmodum
1213 478 1392 547 ignem
1445 490 1552 530 non
1582 475 1821 545 concipit
1847 478 2029 530 humi—

2185 498 2322 550 σπερ
2355 478 2448 533 καὶ
2504 477 2564 530 τὸ
2613 476 2724 547 πῦρ
2774 477 2872 548 ὕλῃ
2927 479 2994 548 τῇ
3046 477 3359 547 ὑγροτέρα·
3395 475 3589 544 ἕτοιμοι
3629 480 3671 531 (ιέ

2134 574 2270 644 πρὸς
2304 575 2407 644 τὴν
2427 573 2520 625 τοῦ
2553 566 2742 624 κακοῦ
2771 570 3031 641 ἐργασίαν
3073 571 3122 621 οί
3161 570 3408 622 πλεῖστοι
3456 572 3542 622 καὶ
3578 572 3674 624 ἐπι-

3564 360 3669 420 Ιίεὸί

2130 670 2356 741 τήδειοι.

2201 761 2498 831 ιΙρόχειρον
2547 761 2580 830 ἡ
2617 759 2854 829 πονηρία
2902 758 2982 827 τῷ
3025 755 3186 826 κακῷ
3226 754 3428 826 μᾶλλον
3481 755 3674 809 ἀκολου-

2133 854 2267 919 θεῖν,
2297 853 2328 922 ἦ
2365 853 2468 905 ὑπὸ
2490 851 2584 906 τοῦ
2618 854 2928 922 κρείττονος
2955 851 3385 904 ἀνακόπτεσθαι.

2202 947 2420 1018 Ψυχαῖς
2453 947 2702 1018 βεϐήλοις
2732 946 2887 1000 οὐδὲν
2917 946 3026 1000 τῶν
3049 944 3233 1000 καλῶν
3262 946 3588 1012 ἀξιόπιστον.

2202 1129 2268 1184 Οἱ
2301 1127 2473 1183 πολλὰ
2524 1129 2808 1191 πταίοντες
2842 1129 2936 1182 καὶ
2987 1126 3063 1198 μὴ
3115 1125 3471 1195 κολαζόμενοι
3524 1127 3676 1194 φοὸεἶο

2135 1225 2258 1278 σθαι
2285 1224 2380 1278 καὶ
2411 1223 2710 1277 δεδοικέναι
2748 1222 3084 1291 ὀφείλουσιν.
3111 1220 3351 1284 Αὓξεται
3382 1221 3488 1288 γάρ
3526 1221 3680 1282 αὐτοῖς

2131 1319 2200 1370 τὰ
2232 1318 2332 1388 τῆς
2365 1317 2637 1388 τιμωρίας
2668 1315 2760 1369 διὰ
2802 1316 2903 1387 τῆς
2933 1314 3320 1385 ἁτιμωρησίας
3353 1313 3566 1382 καὶτῆς
3599 1330 3681 1380 μα-

2134 1410 2440 1480 κροθυμίας
2467 1409 2563 1462 τοῦ
2593 1409 2749 1464 Θεοῦ.

2205 1502 2318 1572 Οὐχ
2365 1503 2416 1554 οἱ
2467 1502 2536 1555 τὰ
2581 1501 2761 1571 φαῦλα
2811 1502 3152 1570 πράσσοντες
3194 1500 3379 1570 μόνον,
3426 1497 3557 1552 ἀλλὰ
3609 1499 3688 1549 καὶ

2135 1591 2185 1643 οί
2217 1590 2445 1655 τούτους
2477 1590 2948 1661 ἐγκωμιάζοντες,
2973 1591 3073 1660 τῆς
3115 1589 3287 1660 αὐτῆς
3320 1589 3522 1654 αὐτοῖς,
3553 1587 3689 1657 ῆκαὶ

2135 1685 2549 1756 χαλεπωτέρας,
2582 1690 2976 1757 κοινωνήσουσι
3016 1685 3316 1746 κολάσεως.

516 1872 747 1926 Sanctos
776 1869 996 1940 quidem
1028 1867 1194 1922 lucidi
1226 1875 1447 1922 servant
1481 1863 1660 1936 angeli
1687 1903 1700 1926 ,
1753 1861 2032 1932 improbos

2207 1866 2346 1929 Τοὺς
2376 1867 2474 1936 μὲν
2501 1868 2688 1937 ἁγίους
2720 1868 3049 1938 φωταγωγώ⁸
3072 1867 3446 1938 φυλάσσουσιν
3468 1864 3693 1933 ἄγγελοι,

445 1976 625 2020 autem
663 1963 963 2017 tenebrosi.

514 2056 862 2110 Abundantia
912 2051 1245 2123 cognitionis
1303 2049 1585 2120 sapientia:
1633 2048 1795 2104 nobis
1833 2047 2036 2101 multos

442 2150 697 2203 conciliat
725 2148 955 2212 angelos
994 2161 1006 2197 :
1044 2146 1294 2214 impurtts
1324 2153 1506 2198 autem
1562 2143 1726 2197 etiam
1756 2144 1823 2195 ab
1852 2156 1918 2196 eo
1944 2139 2035 2209 qui

442 2241 543 2312 ipsi
586 2257 614 2294 a
648 2255 819 2308 puero
847 2239 1014 2292 datus
1045 2247 1150 2301 est,
1181 2246 1492 2306 separatur.

518 2333 779 2386 Philonis.
815 2332 1108 2400 Improbus
1144 2330 1290 2384 aliud
1327 2331 1514 2393 sentit,
1547 2327 1692 2381 aliud
1753 2325 2034 2396 loquitur;

445 2427 566 2480 alia:
601 2427 763 2480 etiam
793 2434 924 2478 sunt
953 2423 1070 2487 eius
1119 2423 1367 2477 actiones
1403 2439 1416 2476 :
1458 2422 1694 2490 denique
1739 2421 1952 2476 diversa
1985 2419 2036 2474 ei

447 2521 750 2573 vlomnino
786 2517 1081 2586 pugnantia
1114 2525 1246 2570 sunt
1277 2516 1498 2579 omnia;
1536 2530 1642 2569 non
1676 2515 1821 2567 enim
1859 2511 2040 2581 loqui-

450 2621 560 2672 tur,
613 2626 734 2677 qua}
768 2613 961 2672 sentit,
1005 2617 1059 2662 et
1087 2607 1366 2662 contraria
1423 2607 1662 2661 decrevit
1699 2607 1786 2671 iis,
1831 2620 1952 2674 qua:
1980 2619 2039 2659 se

452 2705 608 2774 172
641 2703 910 2756 facturum
952 2713 1158 2764 narrat,
1207 2716 1306 2755 nec
1341 2702 1423 2754 his
1463 2712 1834 2755 consentanea
1867 2712 2036 2752 exse-

448 2798 656 2867 quitur,
689 2805 746 2848 ut
787 2796 1004 2864 proprie
1032 2793 1217 2847 dicere
1261 2792 1443 2859 liceat,
1485 2793 1715 2860 improbi
1748 2793 1913 2844 vitam
1946 2806 2037 2845 se-

448 2907 570 2944 eum
601 2891 800 2943 bellum
835 2904 1045 2959 gerere.

531 2983 798 3050 lmprobis
821 2981 963 3032 nulla
993 2995 1050 3032 re
1080 2979 1316 3043 gaudere
1338 2992 1659 3032 concessum
1691 2986 1774 3029 est
1805 2991 1822 3028 .'
1851 2991 2042 3044 quem-

461 3075 756 3130 admodum
784 3074 837 3126 in
885 3072 1223 3142 propheticis
1251 3074 1468 3125 canitur
1492 3069 1731 3126 oraculis
1759 3068 2043 3124 :Gautlore

2137 1955 2264 2018 τοὺς
2287 1955 2344 2008 δὲ
2380 1955 2620 2026 φαύλους
2653 1958 2940 2012 σκοτεινοί.

2211 2047 2446 2111 Πλοῦτος
2479 2049 2735 2117 γνώσεως
2776 2051 2969 2118 σοφίας
3001 2050 3361 2120 προστίθησιν
3389 2053 3520 2122 ἡμῖν
3545 2055 3696 2120 ἀγγέ-

2138 2141 2266 2205 λους
2292 2141 2520 2206 πολλούς
2551 2157 2567 2173 ⁸
2599 2144 2627 2196 ὁ
2655 2145 2710 2196 δὲ
2739 2143 3049 2212 ἀκάθαρτος
3094 2146 3182 2198 καὶ
3217 2146 3326 2198 ἀπὸ
3359 2145 3453 2199 τοῦ
3478 2145 3700 2208 δοθέντος

2140 2235 2288 2304 αύτῷ
2313 2239 2377 2288 ἐκ
2415 2236 2606 2300 παιδὸς
2639 2238 2955 2306 χωρίζεται.

2210 2328 2318 2381 Τοῦ
2354 2331 2560 2398 φαύλου
2605 2330 2772 2402 ἕτερα
2819 2332 2917 2400 μὲν
2959 2332 3028 2384 τὰ
3070 2331 3326 2401 ἐνθύμια,
3361 2331 3523 2400 ἕτερα
3549 2331 3602 2383 δὲ
3645 2333 3703 2382 τά

2145 2421 2390 2491 ῥήματα,
2423 2421 2579 2476 ἄλλαι
2606 2423 2664 2477 δὲ
2699 2424 2755 2476 αἱ
2787 2423 3041 2492 πράξεις,
3073 2423 3306 2494 διάφορα
3335 2423 3393 2475 δὲ
3427 2425 3520 2476 καὶ
3549 2424 3703 2492 μαχό-

2145 2530 2281 2581 μενα
2314 2513 2672 2567 παντάπασι·
2735 2515 2884 2584 λέγει
2918 2517 3024 2587 γὰρ
3058 2517 3157 2587 ούχ
3180 2516 3214 2571 ἃ
3248 2519 3458 2587 φρονεῖ.
3507 2522 3595 2571 καί
3625 2518 3704 2584 βε-

2143 2605 2428 2658 6ούλευται
2486 2609 2744 2660 τάναντία
2795 2604 2876 2672 οἷς
2934 2610 3178 2677 διέξεισι,
3236 2612 3334 2665 καὶ
3377 2613 3603 2680 πράττει
3645 2615 3703 2662 τὰ

2141 2697 2351 2760 τούτοις
2388 2698 2463 2770 μὴ
2495 2701 2794 2770 συνᾴδοντα
2817 2717 2831 2732 ’
2871 2701 3039 2768 ὥστε,
3074 2689 3281 2773 κυρίως
3325 2704 3522 2766 είπεῖν,
3554 2705 3581 2755 ὁ
3619 2703 3702 2755 τοᾶ

2144 2790 2351 2860 φαύλου
2383 2791 2498 2862 βίος
2524 2793 2806 2864 πολέμιος.

2216 2978 2320 3032 Τὸν
2359 2977 2566 3047 φαῦλον
2617 2949 2792 3032 ούδενλ
2825 2978 3038 3049 χαίρειν
3097 2980 3336 3049 ἐφίεται,
3381 2979 3630 3052 καθάπερ
3659 2981 3709 3032 ἐν

2147 3073 2515 3139 προφητικαίς
2549 3069 2736 3141 ᾄδεται
2786 3071 2976 3141 ρήσεσι
3001 3085 3014 3100 ·
3052 3070 3280 3141 Χαίρειν
3325 3073 3426 3125 οὐκ
3471 3073 3584 3125 ἐστι
3612 3075 3710 3132 τοῖς

452 3185 562 3222 non
600 3167 725 3220 licet
760 3167 970 3234 impiis,
1005 3164 1146 3218 Deus
1205 3165 1299 3218 ait.
1352 3165 1546 3218 Sermo
1607 3165 1752 3218 enim
1798 3162 2037 3229 divinus,

2187 3162 2421 3226 σεσέσιν,
2462 3159 2619 3216 εἷπέν
2657 3163 2686 3215 ὁ
2715 3163 2867 3227 Θεός.
2912 3164 3082 3232 Λόγος
3112 3168 3222 3235 γὰρ
3257 3165 3426 3229 ὅντως
3455 3168 3544 3220 καὶ
3590 3167 3712 3236 19+,-

453 3277 612 3315 verus
645 3269 700 3314 et
735 3260 883 3314 utilis
919 3267 1000 3312 est
1024 3299 1038 3323 ,
1078 3257 1321 3312 tetricam
1356 3266 1444 3324 .et
1494 3258 1724 3311 tristitiae
1765 3256 2044 3324 deditaru‘,

451 3371 516 3409 ac
562 3354 909 3407 infelicitatis
939 3352 1152 3423 plenam
1189 3367 1312 3406 esse
1356 3351 1749 3421 improbissimi
1779 3351 2048 3420 cujusque

458 3449 650 3502 vitam.

538 3535 825 3592 Instabiles
858 3546 987 3590 Sunt
1018 3535 1288 3590 malorum
1324 3534 1606 3588 hominum
1638 3551 1785 3603 spes,
1818 3536 1909 3604 qui
1941 3534 2044 3589 sibi

459 3630 679 3700 quidem
735 3630 1021 3683 commoda
1071 3639 1385 3698 proponunt
1424 3629 1784 3696 cogitatione,
1849 3627 2049 3697 quibus

447 3734 636 3777 tamen
657 3721 881 3774 adversa
911 3731 963 3773 et
999 3720 1105 3774 illis
1135 3721 1293 3790 digna
1323 3719 1670 3788 contingunt.

531 3815 880 3869 Antisthenis.
912 3813 1270 3868 Antisthenes
1298 3828 1422 3868 cum
1450 3814 1517 3866 ab
1541 3813 1802 3881 improbis
1825 3812 2052 3882 quibus-

454 3912 580 3964 dam
616 3909 952 3969 laudaretur,
1011 3903 1236 3970 Vereor,
1270 3906 1467 3976 inquit,
1498 3923 1565 3960 ne
1588 3907 1720 3974 quid
1763 3905 1889 3958 mali
1912 3921 1942 3958 a
1965 3920 2052 3958 tne

458 4005 804 4072 designatum
837 4003 927 4063 sit,
969 3999 1113 4068 quod
1150 3998 1274 4053 istis
1317 3999 1527 4068 placeo.

532 4095 655 4149 Mali
687 4093 1095 4175 adulationibus
1123 4107 1250 4145 cum
1285 4091 1648 4156 deliniuntur,
1685 4090 1900 4160 pejores
1924 4107 2052 4146 eva-

461 4189 620 4242 dunt.

537 4273 734 4327 Senem
796 4280 1111 4342 peccantem
1166 4287 1233 4325 ne
1280 4287 1548 4339 moneas;
1604 4284 1842 4328 veterem
1907 4275 2050 4328 enim

459 4363 709 4418 arborem
745 4364 1150 4431 transplantare
1183 4362 1403 4417 dilIicile
1438 4373 1542 4418 est.

533 4454 816 4524 Diogenes.
845 4453 1112 4523 Diogenes
1133 4457 1438 4524 improbum
1462 4458 1752 4525 quemdam
1777 4458 2050 4525 monebat,

2157 3255 2315 3325 σιμός
2371 3257 2486 3308 ἐστι
2542 3256 2684 3318 θεῖος
2715 3269 2729 3282 ⁸
2790 3254 3114 3324 σκυθρωπὸν
3171 3258 3263 3309 καὶ
3321 3258 3582 3310 ἐπίλυπον
3630 3259 3714 3309 καὶ

2158 3349 2353 3418 μεστὸν
2389 3348 2814 3419 βαρυδαιμονίας
2867 3345 3008 3402 εἶναι
3065 3350 3158 3402 τὸν
3193 3352 3398 3414 παντὸς
3450 3348 3716 3421 μοχθηροῦ

2158 3440 2291 3510 βίον.

2240 3531 2516 3585 Ἀ6έ6αιοι
2554 3533 2609 3584 αί
2637 3531 2746 3585 τῶν
2781 3534 3034 3602 πονηρῶν
3059 3535 3367 3605 ἀνθρώπων
3389 3536 3618 3598 ἐλπίδες,
3643 3533 3716 3586 εί-

2157 3625 2436 3688 καζὸντων
2470 3625 2569 3694 μὲν
2599 3627 2669 3678 τὰ
2694 3627 3058 3699 χρηστότερα,
3087 3630 3160 3682 τὰ
3185 3629 3244 3682 δὲ
3275 3629 3606 3698 παλίμφημα
3628 3629 3720 3678 καὶ
3774 3617 3776 3619 “

2156 3711 2232 3770 ὦν
2262 3715 2409 3780 ἄξιον
2435 3716 2726 3786 τυγχάνειν
2764 3719 2894 3780 είσὶ,
2931 3719 3274 3790 πασχόντων.

2243 3808 2591 3878 Ἀντισθένης
2633 3810 3030 3880 ἐπαινούμενος
3063 3811 3170 3865 ὑπὸ
3224 3811 3484 3882 πονηρῶν
3525 3809 3724 3879 ἀνθρώ·

2159 3918 2300 3966 πων,
2329 3900 2600 3968 ’Ᾱγωνιῶ,
2651 3900 2778 3970 ἔφη,
2813 3901 2889 3972 μή
2920 3917 2972 3954 τι
3002 3901 3172 3954 κακὸν
3201 3901 3491 3974 εἴργασταί
3519 3918 3628 3970 μοι,
3650 3900 3725 3950 ὅτι

2158 3993 2425 4058 τοιούτοις
2457 3995 2702 4066 ἀρέσκω.

2231 4087 2408 4140 Κακοὶ
2441 4087 2863 4158 κολακευόμενοι
2886 4088 3197 4160 κακώτεροι
3231 4089 3495 4159 γίνονται.

2233 4264 2320 4335 Μὴ
2354 4268 2594 4322 νουθέτει
2625 4249 2858 4340 γέροντα
2903 4270 3320 4342 ἁμαρτάνοντα.
3371 4272 3598 4340 Δένδρον
3633 4271 3739 4338 γάρ

2162 4360 2394 4414 παλαιὸν
2427 4363 2836 4431 μεταφυτεῦσαι
2864 4362 3127 4418 δύσκολόν
3157 4366 3334 4421 ἐστιν.

2233 4453 2496 4522 Διογένης
2517 4455 2794 4509 ἐνουθέτει
2829 4458 2953 4510 τινὰ
2991 4461 3267 4528 πονηρόν⁹
3302 4456 3662 4528 ἐρωτώμενος
3689 4455 3743 4508 δὲ

464 4549 833 4616 interrogatus
885 4554 1068 4600 autem
1126 4548 1259 4616 quid
1309 4557 1536 4618 ageret:
1591 4545 1902 4617 Ethiopem
1939 4551 2046 4621 (in-

2189 4545 2256 4600 πό
2294 4564 2461 4612 τινος,
2483 4547 2548 4600 Τί
2578 4547 2738 4602 τοῦτο
2795 4551 3010 4616 ποιείςς
3067 4549 3211 4620 ἔφηιο
3247 4551 3481 4605 Αἰθίοπα
3527 4552 3744 4620 σμήχει,

468 4641 608 4713 quit)
641 4643 914 4710 absterge,
951 4650 1009 4693 ut
1039 4639 1332 4693 candidum
1365 4639 1609 4693 reddam.

535 4733 732 4789 Medici
766 4734 974 4786 amaris
1011 4733 1430 4787 medicamentis
1477 4746 1597 4802 quae
1647 4731 1903 4800 lingendo
1967 4748 2058 4788 su-

2163 4640 2247 4692 ἵνα
2285 4639 2478 4694 λευκὸν
2512 4641 2746 4712 ποιήσω.

2232 4733 2295 4785 Οί
2331 4732 2433 4801 μὲν
2463 4734 2639 4805 ἰατροὶ
2676 4737 2777 4798 τὰς
2806 4734 2918 4790 τῶν
2971 4735 3275 4790 ἐκλεικτῶν
3317 4736 3635 4806 φαρμάκων
3665 4751 3747 4783 τι·

467 4837 709 4890 muntur,
741 4824 919 4877 mellis
953 4823 1210 4877 nonnihil
1246 4823 1535 4886 adhibent,
1586 4836 1644 4878 ut
1688 4823 1930 4878 dulciora
1983 4826 2046 4877 l'a«

2185 4825 2321 4893 ιρίας
2366 4823 2588 4892 μέλιτι,
2621 4826 2670 4877 ol.
2721 4825 2777 4878 δὲ
2828 4826 2986 4893 σοφοὶ
3033 4826 3134 4890 τὰς
3174 4827 3286 4881 τῶν
3328 4827 3752 4894 δυσκολωτέριων

469 4917 616 4970 ciant
652 4931 665 4966 :
710 4917 791 4968 sic
846 4915 1128 4983 ingeniosi.
1175 4914 1547 4970 diﬂiciliorum
1601 4916 1887 4969 hominum
1927 4931 2058 4970 con-

472 5009 779 5073 gressiones
817 5009 1092 5063 hilaritate
1126 5009 1398 5063 molliunt.

548 5097 620 5149 Ex
654 5099 810 5154 factis
851 5103 1021 5170 magis
1052 5116 1215 5171 quam
1257 5118 1325 5156 ex
1364 5103 1544 5156 verbis
1578 5102 1814 5156 bomims
1849 5103 2062 5170 pericu-

477 5187 586 5239 lum
621 5187 821 5257 facito;
850 5195 1005 5246 multi
1040 5197 1182 5248 enim
1212 5209 1335 5248 cum
1375 5197 1538 5247 vitam
1570 5195 1824 5247 vitiosam
1861 5203 2056 5263 agant,
2084 5215 2092 5244 ς

479 5279 726 5332 oratione
753 5285 906 5336 suavi
937 5295 991 5338 et
1023 5287 1088 5340 ad
1118 5286 1550 5356 persuadcndam
1578 5289 1776 5340 valenti
1811 5297 2061 5340 utuntur.

801 5393 1031 5451 SERMO
1073 5399 1286 5454 XXXIII
1330 5400 1430 5472 [ιιί.
1474 5399 1737 5472 CXXIII].

619 5491 697 5546 De
726 5492 945 5546 muliere
975 5493 1128 5559 forti,
1152 5507 1206 5548 et
1259 5499 1597 5564 tsiitperanti,
1623 5506 1674 5550 et
1705 5512 1920 5566 sagacc.

552 5650 682 5706 Gen.
721 5669 848 5707 χχχι
909 5651 1112 5708 Rachel
1156 5662 1209 5705 et
1242 5652 1334 5706 Lia
1375 5656 1768 5722 respondentes
1839 5655 2064 5720 Iacobo.

485 5741 647 5808 Num,
692 5744 968 5814 inquiunt,
992 5761 1118 5815 pass
1148 5744 1326 5798 adhuc
1352 5745 1507 5799 nobis
1535 5757 1618 5800 cst
1647 5758 1741 5800 aut
1771 5749 2066 5806 hmrcditas

485 5831 542 5884 in
574 5833 734 5889 domo
774 5840 942 5906 patris
978 5836 1191 5894 nostri?
1236 5833 1429 5889 Nonne
1474 5837 1660 5892 alien-.e
1698 5840 1788 5909 ab,
1819 5842 1914 5896 illo
1947 5843 2067 5897 cxi:

2160 4915 2466 4985 ἀνθρώπων
2489 4917 2710 4984 ὁμιλίας
2747 4917 3030 4989 ἱλαρότητι
3059 4920 3470 4987 γλυκαίνουσιν.

2235 5102 2440 5170 Πεῖραν
2463 5101 2758 5172 ἀνθρώπου
2812 5104 2878 5156 ἐκ
2907 5105 3016 5158 τῶν
3044 5105 3228 5175 ἔργων
3261 5105 3511 5177 λάμϐανε
3557 5107 3758 5178 μᾶλλον

2164 5193 2197 5262 ἦ
2234 5195 2298 5244 ἐκ
2345 5193 2455 5246 τῶν
2487 5193 2684 5262 λόγων.
2734 5195 2932 5250 Πολλοὶ
2982 5198 3095 5269 γὰρ
3131 5199 3233 5270 βίῳ
3286 5199 3387 5269 μέν
3413 5200 3535 5255 εισι
3575 5203 3758 5263 κακοὶ,

2165 5283 2309 5355 λόγῳ
2343 5285 2400 5339 δὲ
2431 5286 2672 5341 πιθανοί.

2769 5402 2991 5455 ΛΟΓΟΣ
3020 5401 3144 5456 ΛΓ¹;

2242 5491 2380 5560 Περὶ
2416 5492 2704 5560 γυναικὸς
2738 5493 3041 5576 ἀνδρείας,
3074 5497 3172 5550 καὶ
3213 5495 3563 5565 σώφρονος,
3597 5499 3700 5555 καί

2811 5580 3098 5633 auratac.

2255 5657 2668 5726 ’Λποκριθείσαι
2710 5656 2908 5728 Ῥαχὴλ
2938 5661 3032 5712 καὶ
3061 5661 3182 5722 Λία,
3218 5655 3374 5713 εἶπαν
3406 5662 3493 5731 τῷ
3545 5667 3762 5718 Ἰαιιώὃ·

2170 5750 2262 5819 Μή
2290 5751 2438 5802 ἐστιν
2471 5750 2605 5817 ἡμῖν
2635 5750 2812 5818 μερὶς,
2838 5750 2870 5819 ἢ
2910 5751 3243 5822 κληρονομία
3275 5755 3329 5805 ἐν
3365 5754 3444 5822 τῷ
3489 5759 3643 5827 οἴκῳ
3675 5760 3759 5811 το]

2175 5842 2379 5911 πατρὸς
2434 5841 2622 5910 ἡμῶν;
2677 5843 2789 5895 Οὐκ
2842 5843 3120 5915 ἀλλότριαι
3168 5844 3542 5914 λελογέσμεθα.
3578 5851 3760 5903 25:11,;
