3992 6252
176 374 314 440 1085

915 376 1086 436 LOCl
1123 375 1565 440 COMMUNES.
1593 403 1664 415 —
1695 379 1906 449 PARS,
1930 379 2016 438 Π.
2039 376 2296 445 SERMO
2337 377 2616 439 XXXiII.

3289 381 3422 443 1086

174 491 434 559 Πέπρακε
479 476 586 559 γάρ
636 489 806 560 ἡμᾶς,
851 489 944 544 καὶ
986 491 1262 558 κατέφαγε
1311 491 1654 561 καταϐρώσει
1683 493 1743 544 τὸ

1880 495 2078 552 timata:
2107 493 2337 550 sumus?
2377 493 2617 552 vendidit
2655 491 2810 552 enim;
2836 506 2956 558 nos,
2983 499 3038 551 et
3062 492 3220 561 plane
3258 493 3424 550 devo-

173 581 436 653 ἀργύριον
457 582 640 652 ἡμῶν.

249 676 522 741 Ἤγγισεν
563 672 850 744 Ἀϐιμέλεχ
895 673 999 738 ἕως
1026 676 1126 742 τῆς
1154 674 1328 744 πύλης
1367 674 1460 728 τοῦ
1508 675 1740 744 πύργου,

174 765 462 836 ἐμπρῆσαι
491 765 665 837 αὐτὴν
727 767 785 820 ἐν
830 765 984 836 πυρί.
1034 765 1142 820 Kal
1199 766 1392 837 ἔρριψε
1449 768 1585 836 γυνὴ
1647 766 1746 835 μία

173 859 397 928 κλάσμα
455 857 626 928 μύλου
685 858 783 911 ἐπὶ
835 858 936 928 τὴν
987 857 1226 928 κεφαλὴν
1290 857 1597 927 Ἀϐιμέλεχ,
1651 858 1746 910 καὶ

175 950 373 1022 ἐϐόησε
399 951 535 1020 ταχὺ
566 949 703 1021 πρὸς
743 949 802 1002 τὸ
831 950 1116 1018 παιδάριον
1164 950 1226 1002 τὸ
1263 947 1419 1018 αἰρον
1465 950 1535 1001 τὰ
1577 947 1744 1018 σκεύη

175 1041 365 1106 αὑτοῦ,
399 1041 492 1094 καὶ
518 1037 672 1094 εἶπεν
705 1039 854 1110 αὐτῷ
880 1055 895 1071 ·
943 1041 1161 1093 Σπάσαι
1196 1041 1295 1109 τὴν
1323 1039 1597 1109 ῥομφαίαν
1629 1055 1746 1104 σου,

175 1136 268 1189 καὶ
308 1134 620 1188 θανάτωσόν
657 1151 745 1204 με,
787 1136 861 1204 μή
894 1150 1024 1187 ποτε
1056 1133 1304 1194 είπωσιν,
1351 1131 1433 1184 ὃτι
1465 1131 1602 1201 γυνὴ
1642 1132 1748 1183 ἁπ-

173 1225 416 1278 ἐκτεινεν
444 1226 630 1278 αὐτόν.
660 1225 770 1279 Kal
795 1226 1150 1295 ἐξεκέντησεν
1191 1222 1352 1276 αὐτὸν
1379 1223 1440 1275 τὸ
1461 1223 1748 1293 παιδάριον

173 1315 366 1382 αὑτοῦ,
390 1317 484 1370 καὶ
505 1316 794 1372 ἀπέθανεν.

257 1406 575 1474 Ἀνήγγειλε
615 1405 696 1475 τῷ
731 1404 894 1460 Δαυῒδ
923 1405 1135 1476 Μελχὸλ
1171 1407 1206 1477 ἡ
1255 1406 1394 1476 γυνὴ
1445 1405 1614 1458 αὑτοῦ
1656 1405 1746 1459 λέ-

171 1515 349 1566 γουσα
371 1512 386 1526 ·
425 1498 553 1551 Ἐὰν
587 1499 664 1568 μὴ
706 1498 770 1552 σὺ
805 1497 988 1570 σώσῃς
1011 1499 1108 1570 τὴν
1139 1499 1317 1570 ψυχὴν
1364 1499 1598 1553 σεαυτοῦ
1648 1501 1746 1570 τὴν

169 1589 346 1643 νύκτα
404 1589 632 1658 ταύτην,
668 1587 857 1658 αὔριον
913 1589 1298 1661 θανατωθήσῃ.
1357 1591 1466 1644 Kal
1517 1591 1746 1659 κατάγει

170 1680 402 1751 Μελχὼλ
433 1682 526 1735 τὸν
557 1681 723 1736 Δαυτδ
755 1682 844 1736 διὰ
871 1683 969 1751 τῆς
999 1682 1233 1753 θυρίδος,
1256 1683 1354 1738 καὶ
1384 1683 1618 1754 ἀπῆλθε,
1653 1683 1746 1735 καὶ

170 1773 367 1842 ἔφυγε,
391 1775 484 1827 καὶ
516 1774 719 1846 ἐσώθη.

1851 589 1990 642 rav'tl
2016 594 2297 658 argentum
2325 593 2603 646 nostrum.

1917 677 2100 734 Judic.
2141 678 2497 757 ix..Accessit
2531 676 2916 733 Abimelechus
2955 694 3129 748 usque
3155 681 3222 734 ad
3257 683 3425 735 turris

1847 779 2085 838 portam,
2120 780 2179 822 ut
2213 784 2334 826 eam
2363 769 2716 840 incenderet;
2745 770 2943 827 mulier
2974 780 3154 824 autem
3178 772 3424 840 quaedam

1849 862 2209 930 fragmentum
2251 861 2409 918 tuolse
2439 859 2493 914 in
2526 867 2694 928 caput
2720 859 2840 928 ejus
2869 861 3106 928 conjecit
3146 875 3162 912 :
3211 870 3267 915 et
3313 869 3428 915 sta-

1851 953 1945 1006 tim
1984 952 2229 1007 clamans
2261 952 2498 1006 accersit
2534 966 2786 1019 puerum,
2819 953 2914 1018 qui
2950 966 3098 1004 arma
3129 951 3300 1018 ipsius
3327 967 3424 1020 ge-

1851 1044 2022 1096 rebat.
2055 1041 2179 1105 Cui,
2235 1044 2407 1103 Educ,
2439 1043 2632 1111 inquit,
2665 1041 2903 1111 gladium
2940 1052 3114 1106 tuum,
3141 1051 3196 1096 et
3231 1059 3316 1095 me
3343 1044 3428 1095 itt-

1853 1132 2057 1198 terfice,
2094 1148 2164 1188 ne
2190 1135 2374 1188 dicant
2395 1133 2553 1203 vulgo
2588 1149 2674 1188 me
2705 1148 2742 1188 a.
2777 1134 3006 1188 muliere
3050 1134 3424 1191 interfectum.

1855 1223 1920 1278 Et
1949 1239 2085 1294 puer
2111 1224 2230 1291 ejus
2259 1225 2492 1294 pupugit
2521 1240 2667 1291 eum,
2701 1234 2758 1280 et
2793 1234 3041 1280 mortuus
3074 1235 3178 1280 est.

1922 1402 1954 1461 Ι
1992 1402 2124 1474 Reg.
2149 1421 2262 1460 nux.
2288 1405 2524 1461 Melchol
2552 1419 2690 1460 uxor
2721 1405 2964 1470 Davidis,
2989 1405 3324 1460 renuntiavit
3350 1407 3424 1470 ei,

1850 1496 2038 1554 dicens
2077 1515 2090 1550 :
2117 1495 2234 1551 Nisi
2263 1498 2362 1552 hac
2391 1508 2552 1553 nocte
2578 1498 2888 1554 servaveris
2911 1498 3073 1551 vitam
3101 1506 3272 1562 tuam,
3304 1512 3428 1552 cras

1851 1601 2022 1645 morte
2053 1591 2302 1647 aiIicieris
2327 1608 2344 1659 ;
2371 1603 2423 1648 et
2450 1593 2655 1646 dimisit
2687 1593 2945 1645 maritum
2977 1606 3137 1646 suum
3166 1589 3424 1644 Davidem

1849 1698 1946 1751 per
1985 1683 2300 1739 fenestram.
2339 1684 2541 1754 Sicque
2571 1683 2661 1738 ille
2691 1684 2847 1748 exiit,
2880 1683 3114 1753 aufugit,
3150 1691 3203 1737 e't
3233 1697 3425 1738 serva-

1851 1783 1938 1828 ῑυε
1969 1785 2076 1830 est.

248 1866 346 1928 Τίς
388 1865 554 1920 ἔδωκε
586 1866 830 1935 γυναιξὶν
877 1868 1201 1940 ὑφάσματος
1239 1870 1455 1940 σοφίαν,
1504 1869 1596 1923 καὶ
1629 1883 1746 1920 ποι-

1915 1865 2037 1921 Job.
2080 1866 2212 1932 Quis
2236 1868 2384 1923 dedit
2414 1868 2736 1924 mulieribus
2782 1869 2997 1924 texendi
3048 1868 3376 1938 sapientiam
3402 1903 3421 1931 ,

171 1955 423 2025 κιλτικὴν
454 1958 767 2030 ἐπιστήμην
793 1975 809 2025 ;

245 2048 388 2117 Γυνὴ
415 2048 637 2119 ἀνδρεία
669 2051 931 2118 στέφανος
954 2051 1031 2122 τῷ
1060 2051 1212 2124 ἀνδρὶ
1234 2053 1427 2124 αὐτῆς.

243 2140 390 2210 Γυνὴ
415 2141 739 2212 εύχάριστος
775 2145 983 2215 ἐγείρει
1012 2135 1166 2216 ἀνδρὶ
1191 2146 1372 2212 δόξαν.

250 2235 348 2296 Ὃς
370 2233 499 2306 εὗρε
535 2237 770 2304 γυναῖκα
799 2238 1032 2308 ἀγαθὴν,
1064 2232 1190 2310 εὗρε
1218 2241 1471 2310 χάριτας,
1505 2241 1664 2300 ἔλαϐε
1689 2247 1747 2302 δὲ

171 2324 330 2395 παρὰ
360 2324 563 2394 Κυρίου
598 2325 914 2398 ίλαρότητα.

250 2417 348 2479 ’ος
373 2417 626 2471 ἐκϐάλλει
655 2423 894 2490 γυναῖκα
931 2422 1164 2494 ἀγαθὴν,
1191 2423 1445 2480 ἐκϐάλλει
1474 2429 1654 2502 ἀγαθά
1682 2431 1757 2488 ἐκ,

171 2506 267 2558 τοῦ
299 2508 450 2561 οῖκου
481 2508 669 2563 αὐτοῦ.

256 2602 428 2668 Σοφαὶ
455 2607 713 2670 γυναῖκες
733 2604 1091 2676 ᾠκοδόμησαν
1115 2610 1331 2676 οἴκους·
1371 2614 1405 2686 ή
1454 2615 1510 2668 δὲ
1557 2617 1748 2687 ἄφρων

176 2693 494 2761 κατέσκαψε
523 2698 644 2758 ταῖς
673 2700 859 2767 χερσὶν
889 2700 1084 2768 αὐτῆς.

245 2786 489 2840 Γυναῖκα
544 2789 795 2860 ἀνδρείαν
846 2791 930 2854 τίς
977 2793 1237 2863 εύρήσει;
1283 2796 1587 2868 τιμιωτέρα
1631 2801 1748 2853 ἐστὶ

170 2876 340 2930 λίθων
368 2879 676 2932 πολυτελῶν
710 2881 740 2946 ὴ
771 2882 1014 2952 τοιαύτη.
1039 2884 1243 2955 Θαρσεί
1265 2886 1354 2940 ἐπ’
1383 2889 1518 2958 αὐτῇ
1550 2891 1581 2960 ἡ
1615 2907 1748 2959 καρ-

173 2967 263 3020 δία
293 2967 604 3048 τοῦἡάνδρὺς
633 2970 823 3038 αὐτῆς.
862 2972 927 3027 Ἡ
951 2973 1170 3042 τοιαύτη
1202 2977 1384 3030 καλῶν
1414 2979 1626 3032 σκύλων
1648 2982 1749 3034 οὐκ

171 3061 468 3132 ἀπορήσει.
508 3063 752 3135 Ἐνεργεί
777 3065 854 3135 τῷ
885 3066 1041 3136 ἀνδρὶ
1097 3067 1298 3136 ἀγαθὰ,
1333 3071 1428 3124 καὶ
1473 3072 1535 3124 οὐ
1579 3073 1747 3128 κακά.

173 3153 249 3206 Ού
303 3152 579 3224 φροντίζει
629 3156 735 3208 τῶν
763 3156 822 3207 ἐν
853 3157 987 3226 οῐκῳ
1031 3157 1168 3227 ἀνὴρ
1197 3157 1388 3227 αὐτῆς.
1423 3159 1590 3213 Ὅταν
1645 3179 1747 3217 που

169 3244 424 3318 χρονίζῃ,
467 3245 656 3308 δισσὰς
687 3246 918 3316 χλαίνας
965 3248 1190 3318 ἐποίησε
1234 3249 1314 3318 τῷ
1359 3250 1511 3320 ἀνδρὶ
1557 3252 1747 3320 αὐτῆς.

182 3336 380 3390 Ἥνίκα
422 3334 487 3389 ἂν
518 3337 717 3408 καθίσῃ
748 3339 805 3389 ἐν
833 3336 1100 3408 συνεδρίῳ
1135 3339 1274 3408 μετὰ
1302 3340 1408 3392 τῶν
1447 3339 1750 3409 πρεσϐυτέ-

174 3445 312 3500 ρων,
351 3427 528 3497 στόμα
554 3427 723 3497 αὐτῆς
755 3427 988 3496 διήνοιξε
1023 3430 1406 3499 προσεχόντως
1455 3432 1550 3484 καὶ
1604 3432 1770 3486 ἐννόις

175 3537 318 3589 μως,
351 3519 447 3573 καὶ
479 3519 635 3586 τάξιν
658 3520 966 3574 ἐνετείλατο
1006 3523 1072 3591 τῇ
1120 3520 1342 3592 γλώσσῃ
1379 3521 1568 3590 αὐτῆς.
1622 3523 1751 3576 Στε-

173 3611 263 3664 val
291 3610 349 3663 δὲ
376 3611 654 3681 διατριϐαὶ
697 3614 862 3666 οἴκων
910 3611 1103 3682 αὐτῆς,
1140 3613 1262 3666 σῖτα
1302 3613 1364 3672 δὲ,
1390 3613 1602 3685 ὀκνηρὰ
1649 3615 1751 3666 οὐκ
1794 3665 1800 3670 .

171 3702 408 3770 ἔφαγεν.

246 3795 452 3849 Πολλαὶ
516 3794 812 3866 θυγατέρες
871 3795 1167 3864 ἐκτήσαντο
1238 3796 1487 3861 πλοῦτον,
1554 3796 1751 3852 πολλαὶ

170 3886 442 3956 ἐποίησαν
470 3885 698 3956 δύναμιν
721 3902 734 3917 ·
766 3887 828 3940 σὺ
863 3887 921 3938 δέ
963 3887 1286 3956 ύπέρκεισαι
1329 3888 1424 3941 καὶ
1470 3887 1751 3957 ὑπερῆρας

171 3979 378 4040 πάσας.
421 3979 649 4042 Ψευδεῖς
677 3979 962 4049 άρέσκειαι
1018 3981 1376 4048 καιμάταιον
1421 3979 1622 4042 κάλλος.
1653 3980 1752 4033 οὐκ

171 4071 323 4124 ἐστιν
346 4074 404 4123 ἐν
443 4071 544 4126 σοί.

246 4163 389 4232 Γυνὴ
416 4162 610 4234 συνετὴ
639 4164 977 4232 εὐλογεῖται,
1007 4164 1169 4233 φόϐος
1224 4163 1278 4216 δέ
1332 4163 1536 4233 Κυρίου
1583 4162 1753 4233 αὐτὴν

173 4257 420 4312 αἰνείτω.
442 4259 569 4310 Δότε
591 4259 730 4330 αὐτῇ
765 4259 872 4313 ἀπὸ
903 4260 1130 4327 καρπῶν
1167 4257 1390 4328 χειλέων
1423 4258 1635 4328 αὐτῆς..
1659 4258 1755 4309 καὶ

172 4349 435 4402 αίνείσθω
457 4349 516 4402 ἐν
541 4349 739 4414 πύλαις
772 4350 801 4402 ὀ
827 4351 966 4422 ἀνὴρ
997 4351 1189 4420 αὐτῆς.

246 4439 341 4510 Μὴ
370 4440 586 4511 άστὸχει
632 4442 891 4511 γυναικὸς
932 4443 1100 4510 σοφῆς
1138 4441 1235 4494 καὶ
1287 4440 1502 4511 ἀγαθῆς
1525 4454 1540 4471 ⁸
1583 4441 1617 4510 ή
1645 4440 1753 4510 γὰρ

169 4533 338 4602 χάρις
373 4533 543 4603 αὐτῆς
572 4533 714 4604 ὑπὲρ
746 4535 809 4587 τὸ
841 4535 1085 4606 χρυσίον.

246 4623 424 4692 Χάρις
479 4624 570 4675 ἐπὶ
618 4624 804 4695 χάριτι
853 4624 992 4693 γυνὴ
1059 4622 1300 4691 σιγηράο
1351 4624 1448 4675 xal
1489 4620 1591 4673 οὐκ
1635 4618 1750 4672 ἐστι

171 4716 420 4785 σταθμὸς
450 4716 600 4783 ἄξιος
627 4713 931 4786 ἐγκρατοῦς
954 4714 1136 4784 ψυχῆς
1156 4713 1345 4782 αὐτῆς.

248 4901 515 4964 Γυναικδς
559 4899 770 4971 ἀγαθῆς
807 4909 1074 4970 μακάριος
1121 4897 1150 4949 ὁ
1189 4895 1350 4964 ἀνὴρ,
1388 4895 1480 4948 καὶ
1526 4895 1756 4965 ἀριθμὸς

168 4999 286 5053 τῶν
319 4995 544 5066 ἡμερῶν
574 4995 738 5048 αὐτοῦ
769 4994 1072 5051 διπλάσιος.
1104 4989 1249 5059 Γυνὴ
1270 4986 1754 5058 άνδρείαεὺφραί-

169 5108 259 5146 νει
294 5090 388 5142 τὸν
419 5087 588 5158 ἄνδρα
622 5087 816 5156 αὐτῆς,
843 5087 1033 5139 καὶτὰ
1060 5085 1156 5154 ἐτη
1190 5080 1357 5137 αὑτοῦ
1391 5079 1670 5151 πληρώσει
1705 5081 1761 5130 ἐν

171 5182 394 5254 εἰρήνῃ.
426 5179 568 5251 Γυνὴ
597 5177 778 5247 ἀγαθὴ
819 5177 977 5247 μερὶς
1008 5175 1222 5248 άγαθὴέ
1251 5172 1346 5225 καὶ
1371 5173 1428 5226 ἐν
1457 5170 1640 5242 μερίδι
1669 5187 1762 5236 φο·

171 5273 469 5342 ϐουμένων
500 5270 706 5340 Κύριον
737 5269 1043 5340 δοθήσεται.

247 5367 425 5436 Χάρις
449 5365 707 5430 γυναικὸς
730 5361 1011 5434 εὐφραίνει
1043 5361 1134 5413 τὸν
1163 5359 1333 5430 ἄνδρα
1353 5357 1546 5427 αὐτῆς,
1567 5354 1668 5425 καὶ
1691 5356 1758 5408 τά

166 5462 314 5516 ὀστᾶ
348 5458 516 5513 αὐτοῦ
546 5457 751 5511 πιαίνει
781 5458 814 5526 ἡ
849 5459 1127 5525 ἐπιστήμη
1157 5456 1348 5526 αὺτῆςφ

169 5557 211 5606 Γ
217 5552 449 5614 υναικδς
478 5551 618 5622 ἀνὴρ
642 5549 814 5622 χρῆμ’
841 5549 991 5602 οὐδὲν
1021 5547 1269 5617 ληῖζεται

171 5647 421 5703 Κάλλιον
449 5643 669 5713 ἐσθλῆς,
699 5641 890 5713 ὥσπερ
913 5642 1034 5694 οὑδέ
1063 5645 1245 5710 χεῖρον
1263 5640 1364 5709 τῆς
1392 5641 1636 5702 ἐναντίας
1655 5639 1754 5710 (l).

1850 1968 1903 2011 et
1937 1968 2107 2012 artem
2140 1975 2242 2014 acu
2276 1963 2558 2017 variandi?

1922 2050 2078 2120 173
2112 2049 2272 2106 Prov.
2297 2068 2392 2107 xu.
2427 2052 2572 2108 Uxor
2609 2054 2768 2109 fortis
2821 2069 3024 2109 corona
3055 2063 3138 2110 est
3168 2055 3270 2108 viri
3317 2054 3425 2112 sui.

1922 2139 2075 2196 Uxor
2103 2152 2255 2212 grata
2283 2144 2490 2198 excitat
2515 2146 2633 2200 viro
2669 2147 2928 2216 gloriam.

1918 2230 2021 2296 Qui
2061 2241 2256 2288 nactus
2312 2245 2398 2288 est
2448 2250 2674 2290 uxorem
2729 2238 2952 2304 bonam,
2986 2239 3032 2294 is
3085 2239 3294 2309 gratias
3342 2247 3428 2295 est

1847 2323 2102 2391 adeptus,
2137 2333 2191 2379 et
2226 2340 2256 2378 a
2284 2326 2516 2386 Domino
2547 2331 2757 2398 accepit
2790 2330 3146 2385 hilaritatem.

1917 2412 2018 2481 Qui
2045 2415 2192 2487 ejicit
2222 2431 2445 2497 uxorein
2472 2420 2715 2488 probam,
2737 2420 2884 2490 ejicit
2906 2420 3047 2475 bona
3064 2437 3096 2476 e
3118 2421 3283 2476 domo
3305 2437 3426 2476 sua.

1921 2595 2082 2652 Prov.
2114 2612 2228 2653 xw.
2255 2595 2466 2653 Uxores
2491 2599 2768 2666 sapientes
2786 2600 3195 2656 :ediiicaverunt
3213 2601 3426 2666 domos;

1857 2696 1913 2742 at
1945 2688 2210 2757 insipiens
2232 2691 2348 2743 suis
2369 2691 2622 2745 manibus
2651 2691 2906 2744 demolita
2938 2700 3042 2748 cst.

1921 2776 2080 2833 Prov.
2116 2793 2268 2832 xxxi.
2299 2777 2531 2833 Uxorem
2585 2779 2781 2833 fortem
2831 2783 2954 2849 quis
2985 2766 3272 2837 inveniet?
3304 2782 3427 2838 talis

1850 2869 2024 2939 pluris
2052 2879 2135 2924 est
2159 2871 2475 2923 aestimanda
2493 2885 2654 2935 quam
2685 2871 2886 2938 lapides
2915 2871 3174 2940 pretiosi;
3211 2887 3274 2926 ea
3300 2887 3431 2927 cona-

1849 2960 1968 3016 fidit
1985 2977 2077 3016 cor
2098 2961 2229 3027 viri;
2252 2961 2365 3016 haec
2392 2962 2580 3031 spoliis
2607 2963 2855 3030 pulchris
2878 2979 2986 3017 non
3007 2963 3250 3030 carebit;
3271 2963 3429 3019 bonis

1852 3054 2014 3107 allicit
2038 3053 2212 3105 virum
2236 3067 2420 3117 suum,
2449 3070 2556 3108 non
2591 3055 2776 3109 malis.
2805 3053 3023 3109 Virnon
3044 3065 3129 3111 est
3161 3056 3430 3112 sollicitus

1855 3149 1920 3202 de
1943 3146 2109 3209 rebus
2135 3147 2477 3213 domesticis,
2503 3149 2676 3203 sicubi
2701 3158 2880 3204 autem
2927 3150 3132 3204 diutius
3183 3160 3430 3207 moratus

1855 3238 2042 3306 fuerit,
2071 3240 2188 3307 ipsa
2225 3241 2434 3296 interea
2491 3241 2738 3310 geminas
2783 3240 3016 3297 confecit
3044 3249 3244 3298 vestes.
3292 3244 3429 3298 Cum

1851 3342 2032 3387 autem
2073 3335 2127 3387 in
2157 3349 2418 3390 consessu
2444 3334 2724 3389 seniorum
2747 3334 3016 3400 considet,
3039 3335 3152 3404 ipsa
3172 3351 3236 3391 os
3271 3353 3428 3390 suum

1852 3426 2028 3494 aperit
2055 3434 2259 3480 attente
2287 3433 2341 3479 et
2365 3426 2622 3493 legitime,
2651 3440 2714 3480 ac
2741 3426 2988 3480 ordinem
3011 3427 3091 3480 ori
3121 3442 3221 3482 suo
3245 3437 3430 3482 tenen-

1850 3514 1978 3568 dum
2001 3516 2322 3584 praescribit.
2350 3514 2663 3571 Taciturnae
2683 3524 2868 3572 autem
2905 3526 3034 3572 sunt
3094 3518 3288 3572 domus
3308 3518 3431 3589 ejus

1853 3607 2296 3674 exercitationes,
2338 3607 2522 3662 cibum
2549 3609 2725 3666 otiosa
2759 3624 2866 3664 non
2891 3610 3059 3680 capit.

1921 3790 2102 3845 Multae
2130 3789 2253 3846 ﬁliae
2277 3790 2494 3846 divitias
2516 3798 2576 3846 et
2624 3793 2924 3859 potentiam
2961 3805 3429 3860 comparaverunt,

1854 3891 1911 3938 tu
1939 3892 2121 3936 autem
2151 3881 2420 3950 superasti.
2441 3896 2654 3946 omnes,
2676 3889 2730 3936 et
2760 3897 2925 3950 super
2947 3884 3068 3936 illas
3089 3891 3139 3937 te
3158 3884 3428 3951 extulisti;

1854 3973 1997 4029 falsa.
2026 3972 2315 4029 affabilitas
2348 3982 2402 4028 et
2421 3975 2612 4030 inanis
2636 3975 2984 4046 pulchritudo
3015 3991 3120 4028 non
3157 3985 3239 4030 est
3269 3976 3322 4030 in
3355 3984 3430 4031 te.

1926 4152 2120 4218 Mulier
2149 4167 2314 4227 sagax
2344 4151 2707 4217 benedicitur,
2732 4153 2825 4212 sed
2852 4163 3024 4208 metus
3055 4153 3264 4208 Domini
3308 4171 3429 4209 eam

1859 4247 2237 4311 commendet;
2265 4247 2390 4301 date
2424 4244 2476 4300 ei
2507 4243 2574 4299 de
2591 4243 2863 4301 fructibus
2885 4245 3147 4300 labioruni
3183 4261 3430 4312 suorum,

1857 4346 1912 4392 et
1943 4339 2025 4392 vir
2047 4337 2164 4406 ejus
2187 4337 2444 4392 laudetur
2474 4336 2530 4392 in
2565 4337 2759 4406 portis.

1928 4430 2096 4485 Ecclt'.
2131 4445 2227 4486 vn.
2281 4431 2415 4487 Vide
2449 4445 2518 4486 ne
2572 4430 2796 4485 excidas
2850 4444 3022 4485 uxore
3076 4434 3326 4501 sapiente
3377 4441 3433 4487 et

1787 4534 1831 4590 ι)
1859 4521 2036 4588 bona;
2063 4538 2188 4577 nam
2213 4524 2385 4592 gratia
2414 4522 2533 4589 ejus
2555 4537 2690 4576 auro
2715 4530 2960 4590 praestat.

1931 4613 2118 4668 Gratia
2160 4613 2430 4683 duplicata
2463 4611 2660 4666 mulier
2702 4613 2968 4665 taciturna
2989 4610 3152 4681 [alias
3185 4609 3428 4681 pudica],

1863 4720 1962 4758 nec
1983 4714 2066 4757 est
2089 4705 2385 4772 quidquam
2409 4703 2554 4773 quod
2589 4715 2719 4756 cum
2734 4701 2920 4756 animo
2951 4701 3092 4755 illius
3118 4703 3434 4757 continente

1862 4796 2164 4864 comparari
2200 4795 2390 4862 possit.

1935 4885 2074 4941 Ibid.
2106 4885 2295 4941 Proba:
2326 4885 2569 4939 mulieris
2600 4885 2682 4939 vir
2703 4895 2788 4941 est
2809 4885 3024 4950 beatus,
3061 4894 3116 4939 et
3172 4899 3436 4938 numerus

1863 4978 2074 5035 dierum
2126 4978 2246 5048 ejus
2308 4977 2695 5047 duplicobitur.
2745 4974 2892 5031 Uxor
2950 4975 3108 5033 fortis
3169 4975 3436 5030 exhilarat

1865 5075 2043 5128 virum
2071 5087 2255 5134 suum,
2281 5081 2336 5125 et
2365 5083 2536 5124 annos
2596 5069 2716 5139 ejus
2755 5084 2880 5124 cum
2938 5084 3075 5138 pace
3123 5069 3430 5137 complebit.

1859 5167 2052 5222 Mulier
2080 5167 2250 5236 proba
2287 5163 2467 5234 portio
2497 5162 2757 5218 honaest
2787 5179 2803 5228 ;
2831 5172 2887 5216 et
2920 5161 2974 5215 in
3003 5171 3157 5230 parte
3185 5171 3434 5218 metuen-

1863 5259 1996 5314 tium
2023 5257 2316 5312 Duminum
2332 5255 2579 5311 dabitur.

1939 5347 2137 5404 Uxoris
2188 5351 2363 5419 gratia
2408 5348 2586 5402 virum
2615 5345 2905 5412 exhilarat,
2961 5344 3270 5404 etscientia
3316 5345 3436 5414 ejus

1873 5455 2000 5495 ossa
2037 5441 2138 5494 viri
2173 5442 2409 5508 saginat.

1934 5533 2194 5602 Theologi.
2228 5531 2321 5587 Vir
2348 5531 2559 5586 nullam
2587 5545 2698 5587 rem
2723 5528 3007 5601 acquirere
3041 5536 3220 5599 potest
3266 5537 3436 5578 uxore

1865 5627 2031 5694 pioha
2061 5624 2449 5690 honestiorem,
2477 5621 2936 5695 quemadmodum
2970 5620 3176 5676 nullam
3202 5615 3436 5672 deterio-

1867 5733 1976 5773 rem
2008 5717 2273 5786 improba.

253 5828 335 5900 (l)
371 5825 581 5884 Versus
611 5827 886 5884 constabit
925 5826 968 5882 si
1002 5824 1171 5895 legas,
1205 5821 1440 5876 Κάλλιον
1467 5820 1688 5888 ὲσῖιλῆς,
1712 5835 1740 5869 ο

1880 5815 2051 5884 (εἶρον
2083 5812 2354 5870 ἐναντίας.
