3992 6252
188 253 313 318 1089

250 364 434 419 Πᾶσαν
463 362 734 433 πονηρίαν
767 362 963 432 καὶμὴ
994 361 1259 432 πονηρίαν
1293 357 1579 426 γυναικός.

249 458 342 528 Μὴ
368 454 477 527 δῷς
508 453 663 508 ὕδατι
691 452 943 521 διέξοδον,
980 453 1114 524 μηδὲ
1141 451 1369 521 γυναικὶ
1394 449 1613 519 πονηρᾷ
1634 447 1755 502 ἆνε-

189 567 289 606 σιν.
314 548 380 603 Et
415 548 491 618 μὴ
516 545 814 618 πορεύεται
846 545 990 600 κατὰ
1017 545 1208 617 χεῖράς
1231 561 1347 611 σου,
1370 543 1480 598 ἀπὸ
1498 540 1607 596 τῶν
1627 556 1758 610 σαρ-

191 642 298 695 κῶν
324 657 421 693 σου
445 639 614 691 ἅπότε
623 655 691 708 με
722 637 910 708 αὑτήν.

253 733 584 802 Συνοικῆσαι
607 730 784 785 λέοντι
818 730 919 784 καὶ
947 730 1203 798 δράκοντι
1236 729 1551 800 εὐδόκησαι,
1578 728 1611 800 ἢ
1635 744 1760 783 συν-

190 827 403 896 οικῆσαι
428 824 580 896 μετὰ
608 824 867 892 γυναικὸς
888 825 1158 895 πονηρᾶς.

257 917 448 987 Μικρὰ
475 918 626 970 πᾶσα
649 916 821 970 κακία
847 916 985 985 πρὸς
1008 915 1210 970 κακίαν
1233 902 1497 983 γυναικός
1520 927 1534 942 ·
1562 912 1763 986 κλῆρος

195 1007 520 1081 ἀμαρτωλοῦ
547 1008 783 1078 ἐπιπέσῃ
814 1008 900 1060 ἐπ’
932 1008 1129 1078 αὐτήν.
1234 996 1244 1000 “

278 1101 410 1155 ’Δπὺ
437 1100 700 1168 γυναικὸς
728 1100 870 1170 ἀρχὴ
897 1100 1199 1171 ἁμαρτίας,
1222 1100 1318 1155 καὶ
1344 1099 1395 1153 δι
1440 1099 1609 1168 αὐτῆς
1633 1098 1767 1152 ἀπο-

193 1194 501 1264 θνήσκομεν
532 1192 757 1256 πάντες.

260 1283 353 1353 Μὴ
382 1282 489 1352 δῷς
523 1282 747 1351 γυναικὶ
780 1284 994 1354 πονηρᾷ
1018 1284 1358 1356 παρρησίαν.

275 1463 444 1534 Ὀργὴ
478 1464 690 1535 μεγάλη
722 1463 861 1535 γυνὴ
894 1462 1147 1533 μέθυσος.

266 1559 482 1631 Καρδία
528 1558 745 1627 πονηρὰ
794 1557 893 1612 καὶ
931 1559 1225 1627 πρόσωπον
1277 1555 1627 1629 σκυθρωπὸν,
1675 1557 1771 1611 καὶ

196 1651 382 1724 πληγὴ
419 1649 667 1722 καρδίας,
701 1649 840 1721 γυνὴ
868 1649 1083 1733 πονηρὰ
1106 1648 1543 1719 ἀντιτασσομένη
1573 1647 1653 1716 τῷ
1675 1648 1771 1701 ἀν-

198 1720 304 1813 δρὶ-
321 1720 516 1812 αὐτῆςζ
806 1720 835 1811 ς
932 1724 943 1733 ’
1799 1720 1845 1776 Β

269 1834 505 1905 Πορνεία
538 1831 799 1902 γυναικδς
821 1834 880 1886 ὲν
906 1833 1309 1904 μετεωρισμοῖς
1330 1830 1629 1901 ὀφθαλμῶν
1675 1831 1771 1885 καὶ

200 1932 259 1977 ἐν
289 1929 404 1990 τοῖς
433 1925 728 1997 βλεφάροις
762 1925 933 1996 αὐτῆς
966 1925 1363 2013 γνωσθήσεται.

266 2019 543 2089 Κρεϊσσον
571 2016 811 2089 πονηρία
841 2016 1034 2088 ἀνδρὸς
1064 2016 1097 2088 ἢ
1126 2015 1456 2082 ἀγαθοποιὸς
1480 2016 1639 2083 γυνή.

273 2104 415 2191 ⁹ᾼπδ
444 2104 681 2177 ἱματίων
713 2104 1074 2176 ἐκπορεύεται
1109 2105 1230 2175 σὴς,
1262 2105 1358 2158 καὶ
1385 2105 1491 2158 ἀπὸ
1513 2102 1774 2174 γυναικὸς

196 2195 461 2266 πονηρία.
474 2206 479 2211 ’

284 2286 415 2342 Ἐπὶ
448 2286 674 2356 γυναικὶ
704 2287 925 2358 πονηρᾷ
960 2284 1126 2339 καλὸν
1162 2286 1421 2356 σφραγίς.

273 2378 420 2450 Γυνὴ
453 2378 833 2450 μεγαλόφωνος
861 2377 957 2432 καὶ
979 2377 1304 2449 γλωσσώδης
1326 2378 1516 2452 ῶσπερ
1538 2380 1776 2450 σάλπιγξ

199 2470 481 2541 πολεμίων
509 2471 593 2533 είς
617 2469 827 2541 τροπὴν
856 2470 1293 2541 θεωρηθήσεταιέ

276 2563 495 2633 Ὠσπερ
523 2563 634 2634 γὰρ
663 2562 731 2617 τὸ.
760 2562 1040 2634 ἑπίσαθρα
1080 2563 1190 2617 τῶν
1220 2563 1424 2618 πλοίων
1462 2566 1777 2634 καταιγίδες

200 2653 301 2708 καὶ
345 2652 505 2719 ζάλαι
553 2654 865 2725 ὑποϐρύχια
896 2654 1172 2725 φέρουσιν,
1220 2654 1392 2719 οὕτως
1437 2658 1495 2710 αἱ
1541 2662 1778 2729 πονηραὶ

198 2744 315 2798 τῶν
369 2746 650 2814 γυναικῶν
702 2745 973 2808 διαθέσεις
1026 2746 1126 2810 τὰς
1169 2745 1419 2811 ἀσθενεῖς
1462 2747 1640 2820 ψυχὰς
1669 2750 1778 2803 τῶν

200 2838 610 2892 συνοικούντων
639 2837 1161 2902 καταϐαπτίζουσιν.

274 2929 414 2984 Τότε
470 2927 654 3005 [πότε]
710 2926 804 2983 οὖν
849 2928 1043 3000 ψυχῆς·
1074 2931 1469 3001 ἐπιμελήσεται
1522 2931 1552 2984 ὁ
1590 2948 1780 2999 γυναι-

201 3020 388 3085 κείαις
444 3019 762 3092 ἐπιθυμίαις
822 3021 1254 3091 δεδουλωμένος;
1307 3022 1483 3087 οὐδεὶς
1534 3024 1642 3094 γὰρ
1693 3025 1782 3092 se-

200 3115 372 3185 αρκεῖ
420 3113 674 3183 πλοῦτος,
716 3113 1058 3184 γυναικείαις
1101 3114 1420 3186 ἐπιθυμίαις
1472 3116 1780 3188 ὑπηρετού-

206 3222 397 3276 μενος.

274 3299 345 3353 Δί
373 3299 484 3353 τῶν
523 3298 800 3368 γυναικῶν
852 3302 1277 3372 ἀφρονέσταται,
1304 3300 1608 3370 ἀποροῦσαι
1653 3303 1784 3356 κάλ-

202 3390 338 3454 λους
369 3390 599 3461 οίκείου,
633 3391 770 3461 πρὸς
820 3393 888 3446 τὰ
917 3394 1177 3463 χρήματα
1215 3393 1619 3462 καταφεύγουσι
1641 3411 1658 3427 ο
1692 3396 1785 3448 καὶ

202 3482 375 3545 εἰσὶν,
405 3481 481 3546 ῶς
539 3482 606 3537 ἂν
655 3484 886 3554 εἴποιμι,
935 3484 1182 3554 κοσμίως
1230 3484 1671 3556 θεατριζόμεναι,
1716 3486 1785 3539 δι’

202 3576 632 3649 εὐσχημοσύνην
686 3580 1018 3649 ἀσχήμονες,
1070 3577 1167 3632 καὶ
1208 3577 1285 3635 δι’
1324 3574 1514 3652 αἶσχος
1565 3579 1788 3651 αίσΰίράο

200 3683 390 3737 τεραι.
1112 3728 1117 3737 ,

288 3759 357 3813 Ὠ
388 3761 560 3814 κακὸν
584 3765 757 3817 κακοῦ
787 3765 1069 3831 κάκιστον,
1103 3764 1240 3837 γυνὴ
1267 3762 1502 3836 πονηρῶ

283 3944 470 3997 Δεινδν
497 3943 812 4015 δράκοντες,
845 3946 943 4000 καὶ
975 3946 1287 4019 κακοῦργον
1318 3947 1567 4010 ἀσπίδες.

170 4100 189 4113 θ
283 4035 461 4103 Διπλῆ
493 4036 757 4105 γυναικὸς
790 4037 1034 4109 δεινότης
1057 4042 1116 4093 ὲν
1153 4039 1387 4111 θηρίοις.

286 4124 434 4195 Γυνὴ
469 4125 687 4197 πονηρὰ
728 4126 1007 4181 οὐδέποτε
1032 4127 1361 4199 ἡμεροῦται,
1405 4127 1522 4182 ἀλλ’
1558 4127 1783 4199 ὑϐριζο-

205 4214 355 4285 μένη
385 4215 659 4284 μαίνεται,
690 4219 786 4271 καὶ
816 4219 1227 4290 κολακευομένη
1254 4218 1566 4290 ἐπαίρεται.

288 4393 520 4465 Σίδηρον
550 4395 778 4467 Malm?)
812 4357 1089 4451 νουθετεῖν
1114 4398 1348 4466 γυναῖκα
1377 4398 1527 4470 ῥᾷον.

288 4572 618 4626 Γινωσκέτω
651 4572 679 4624 ὁ
703 4569 844 4642 ἔχων
864 4572 1102 4637 γυναῖκα
1126 4585 1261 4640 πονη
1272 4572 1390 4639 ρὰν,
1425 4570 1507 4626 ὅτι
1533 4570 1634 4643 ἤδη
1668 4570 1797 4635 τοὺς

214 4665 453 4735 μισθοὺς
487 4663 653 4717 αὐτοῦ
681 4666 790 4719 τῶν
816 4662 1057 4732 ἀνομιῶν
1088 4663 1410 4732 ἐκομίσατο.

292 4757 467 4812 οὐδὲν
518 4759 576 4813 ὲν
615 4758 808 4828 κόσμῳ
840 4758 1030 4829 θηρίον
1060 4756 1367 4827 ἐφάμιλλον
1394 4758 1657 4825 γυναικὸς
1698 4776 1812 4818 πο-,

209 4852 422 4921 meac-

297 4940 365 4995 Τί
389 4940 695 5012 δεινότερον
735 4942 949 5005 λέοντος
997 4943 1056 4996 ὲν
1095 4941 1461 5012 τετράποσιν;
1490 4941 1544 4995 τί
1568 4942 1625 4995 δὲ
1657 4942 1803 5012 ὠμό-

205 5051 386 5106 τερον
413 5034 706 5103 δράκοντος
731 5034 789 5089 ὲν
823 5035 1113 5106 ὲρπετοῖς;
1146 5033 1289 5088 Ἀλλ’
1323 5033 1498 5100 οὐδὲν,
1536 5033 1679 5108 πλὴν,
1701 5050 1803 5102 γυ-

208 5127 412 5190 ναικὸς
444 5127 739 5197 πονηρᾶςν
828 5130 831 5133 ’

298 5217 487 5273 Δεινὸν
508 5217 904 5290 πενιχροτέραν
929 5218 1126 5274 ἑαυτοῦ
1148 5218 1336 5273 λαϐεῖν
1359 5220 1616 5286 γυναῖκα,
1631 5216 1805 5270 δεινὸν

209 5312 637 5383 εὐπορωτέραν.
665 5313 739 5367 Τὸ
765 5314 864 5385 μὲν
889 5314 999 5385 γὰρ
1028 5315 1109 5377 είς
1128 5315 1231 5386 τὴν
1275 5315 1465 5368 οὐσίαν
1497 5314 1719 5382 ἔϐλαψε,
1747 5311 1808 5368 τὸ

209 5408 275 5461 δὲ
308 5408 392 5469 εἰς
424 5406 719 5461 αὐθεντίαν
750 5406 845 5460 καὶ
882 5406 1203 5475 ἐλευθερίαν
1230 5407 1323 5459 τὸν
1345 5407 1534 5478 ἄνδρα.

305 5496 449 5552 Ὑπὸ
475 5498 737 5567 γυναικὸς
764 5497 1032 5569 ἄρχεσθαι
1058 5497 1217 5569 ὕϐρις
1237 5496 1304 5550 ἂν
1326 5496 1412 5568 είη
1442 5492 1667 5570 ἐσχάτη.

295 5589 490 5643 Δεινδν
519 5589 661 5659 γυνὴ
687 5588 916 5660 γνώμην
943 5590 1138 5661 ἀνδρὸς
1170 5588 1483 5658 παραλῦσαι
1516 5594 1606 5645 καὶ
1630 5611 1805 5665 παρα-

211 5683 448 5752 γαγεῖν,
480 5680 576 5737 καὶ
611 5679 847 5751 μάλιστα
878 5681 1106 5752 μάχλος.
1139 5680 1339 5734 Ἕνεκα
1373 5683 1481 5749 γὰρ
1531 5682 1624 5736 τοῦ
1674 5702 1800 5740 συν..

945 246 1119 309 LOCI
1158 242 1595 306 COMMUNES.
1642 264 1689 274 -·
1735 239 1929 298 PARS
1969 236 2048 299 ΙΙ.
2092 234 2349 295 SERMD
2379 231 2648 295 XXXIV.

1776 358 1829 416 Α
1923 352 2151 407 Omnem
2188 340 2451 404 malitiam
2483 356 2539 403 et
2571 364 2678 402 non
2729 345 2992 401 malitiam
3027 341 3293 399 mulieris.

3291 227 3433 293 1090

1926 446 2098 514 Aqua:
2128 458 2198 498 ne
2221 443 2320 497 des
2345 443 2553 497 exitum
2571 480 2587 506 ,
2608 455 2707 495 nec
2735 438 2947 493 mulieri
2979 437 3242 508 improbae
3267 438 3434 491 licen-

1860 534 1991 589 tiam
2019 535 2102 591 :si
2127 533 2267 589 nolit
2294 542 2605 589 monentem
2630 541 2683 588 te
2702 530 2913 596 audire,
2946 530 3204 584 desecato
3227 544 3344 583 eam
3367 528 3437 582 de

1861 643 2029 683 carne
2063 637 2179 682 tua.

1937 719 2096 790 175
2149 717 2284 775 Cum
2338 719 2496 774 leone
2548 726 2603 774 et
2637 717 2878 773 dracone
2908 716 3093 784 potius
3147 713 3433 777 babitato,

1864 824 2027 879 quam
2068 824 2194 864 cum
2226 810 2453 865 muliere
2482 809 2752 880 improba.

1934 901 2130 957 Omnia
2158 903 2290 958 vitia
2325 918 2490 972 parva
2529 914 2676 965 sunt,
2728 905 2773 956 si
2822 917 2944 957 cum
2999 901 3246 956 mulieris
3284 896 3435 955 vitiis

1865 1004 2279 1063 comparentur.
2310 992 2444 1048 Sors
2468 993 2724 1049 scelerati
2756 994 2810 1047 in
2846 1008 2964 1047 eam
2996 992 3225 1048 incidat.

1938 1085 2018 1142 Ex
2051 1088 2280 1143 muliere
2317 1086 2524 1156 peccati
2560 1086 2777 1141 initium
2820 1094 2926 1150 est,
2953 1095 3007 1140 et
3033 1102 3128 1155 per
3162 1100 3281 1141 eam
3317 1100 3443 1141 om-

1868 1194 1968 1236 nes
2005 1179 2166 1234 morti
2197 1180 2483 1234 debemur.

1940 1272 2210 1342 Improbat
2253 1271 2464 1326 mulieri
2510 1272 2789 1327 licentiam
2848 1271 3104 1342 loquendi
3154 1288 3221 1326 ne
3252 1288 3444 1327 conce-

1870 1364 2006 1420 dito.

1940 1456 2024 1511 lra
2077 1473 2267 1528 magna
2313 1469 2397 1514 est
2435 1460 2628 1513 mulier
2662 1461 2900 1516 ebriosa.

1940 1549 2049 1605 Cor
2074 1550 2275 1604 malum
2306 1560 2359 1605 et
2412 1553 2596 1607 vultus
2647 1554 2819 1608 tristis
2858 1553 3149 1621 cordisque
3200 1556 3400 1607 vulnus
3427 1591 3444 1617 ,

1874 1641 2017 1695 mala
2050 1641 2245 1697 mulier
2273 1644 2390 1698 viro
2422 1658 2522 1698 suo
2558 1644 2846 1700 resistens.

1948 1815 2220 1872 Scortatio
2267 1817 2512 1873 mulieris
2550 1818 2603 1872 in
2647 1818 2887 1875 elatione
2955 1821 3239 1876 oculorum
3286 1832 3338 1876 et
3389 1822 3445 1877 in

1875 1906 2151 1976 palpebris
2181 1908 2294 1963 suis
2326 1919 2678 1978 agnoscatur.

1952 2000 2174 2053 Praestat
2202 1999 2409 2053 malitia
2446 2002 2569 2067 viri,
2606 2017 2768 2072 quam
2806 2003 3049 2059 benefica
3085 2007 3299 2061 mulier.

1944 2090 2018 2142 Ex
2064 2091 2403 2147 vestimentis
2455 2094 2739 2149 enascitur
2784 2094 2950 2161 tinea,
3008 2107 3061 2152 et
3104 2115 3168 2152 ex
3226 2102 3449 2154 muliere

1878 2178 2107 2232 malitia.

1950 2267 2007 2322 in
2040 2271 2271 2326 muliere
2297 2271 2545 2341 improba
2588 2274 2789 2328 bonum
2815 2283 2899 2329 est
2928 2276 3192 2342 sigillum.

1953 2361 2147 2418 Mulier
2184 2364 2426 2419 clamosa
2486 2375 2537 2421 et
2572 2366 2794 2436 linguax
2835 2368 2997 2438 quasi
3032 2372 3163 2426 tuba
3212 2371 3449 2429 hostium

1881 2453 1948 2508 ad
1984 2453 2164 2523 fugam
2190 2456 2549 2525 spectabitur.

1953 2542 2016 2600 S.
2066 2544 2280 2602 Basilii.
2333 2547 2406 2604 Ut
2451 2550 2597 2603 enim
2646 2566 2815 2608 naves
2864 2562 3052 2623 putres
3102 2557 3349 2625 procellae
3396 2566 3453 2612 et

1883 2644 2238 2706 tempestates
2299 2639 2646 2711 demergunt,
2706 2645 2785 2698 sic
2837 2644 3081 2713 improba
3158 2650 3447 2704 mulierum

1882 2730 2064 2787 studia
2096 2742 2151 2786 et
2205 2730 2520 2787 affectiones
2549 2734 2853 2792 imbecillas
2878 2739 3304 2796 cohabitantium
3335 2744 3452 2798 ani-

1885 2835 2002 2877 mas
2033 2821 2231 2877 misere
2261 2828 2622 2894 snbmergnnt
2671 2834 2723 2880 et
2751 2829 3007 2898 perdunt.

1955 2912 2185 2980 Quando
2235 2917 2399 2986 igitur
2471 2918 2637 2973 animi
2711 2920 2795 2974 sui
2854 2936 3043 2977 curam
3106 2937 3292 2993 geret,
3358 2943 3454 2998 qui

1888 3005 2168 3061 artioribus
2212 3008 2500 3062 mulierum
2568 3012 2725 3087 quasi
2777 3027 2971 3068 servus
3020 3015 3271 3072 addictus
3323 3020 3454 3073 est?

1886 3098 2057 3155 Nullze
2103 3104 2248 3156 enim
2301 3117 2431 3173 opes
2464 3102 2605 3159 Satis
2637 3113 2766 3161 sunt
2814 3108 3205 3177 cupiditatibus
3256 3112 3452 3169 mulie-

1886 3206 2030 3246 rum.

1960 3283 2226 3356 Thealogi.
2251 3284 2508 3344 Mulieres
2538 3288 3016 3360 insipientissima:
3047 3295 3457 3364 pulchritudine

1891 3390 1990 3431 sua
2014 3385 2266 3431 carentes
2297 3380 2362 3434 ad
2419 3382 2680 3449 pecunias
2709 3382 3073 3451 confugiunt:
3113 3399 3176 3437 ac
3213 3396 3342 3439 sunt
3377 3388 3459 3451 (ut

1890 3470 1973 3524 sic
1997 3469 2198 3539 dicam)
2232 3471 2490 3527 theatrali
2516 3483 2710 3528 ornatu
2736 3475 3068 3543 conspicuae,
3102 3488 3322 3545 propter
3352 3475 3462 3530 fur-

1891 3560 2033 3613 niaiu
2080 3558 2352 3616 deformes
2416 3571 2472 3616 et
2541 3573 2761 3634 propter
2815 3562 3218 3619 deformitatem
3273 3563 3457 3619 defor-

1891 3654 2116 3711 miores.

1960 3748 2021 3805 S.
2053 3752 2322 3823 Clirysost.
2360 3752 2404 3808 Ο
2434 3752 2633 3806 malum
2671 3752 2864 3822 quovis
2897 3751 3041 3806 malo
3084 3750 3237 3821 pejus
3272 3752 3464 3806 mulie-

1894 3857 2008 3902 rem
2044 3846 2346 3917 improbam
2375 3844 2389 3897 !
2647 3850 2651 3859 ‘

1965 3930 2171 4008 Asperi‘
2204 3947 2334 3994 sunt
2380 3938 2683 4015 dracones,
2728 3933 2948 4005 aspides
3000 3933 3307 3994 maleﬁcae;

1916 4048 1919 4049 '
1968 4033 2075 4087 Sed
2107 4033 2348 4087 mulieris
2381 4030 2648 4106 asperitas
2685 4020 3126 4103 acerbior'quam
3161 4026 3424 4080 ferarum.

1966 4123 2217 4195 [inproba
2284 4124 2479 4178 mulier
2511 4136 2788 4192 nunquam
2843 4121 3205 4186 mansuetiet;
3257 4118 3316 4177 .si
3365 4117 3467 4172 du-

1896 4215 2013 4270 rius
2044 4225 2328 4282 tractetur,
2363 4215 2496 4270 furit
2525 4233 2539 4271 :
2573 4217 2619 4272 si
2648 4214 2923 4280 blandius,
2958 4213 3187 4297 tollitur.
3225 4220 3279 4267 et
3327 4211 3467 4266 elata

1893 4315 2015 4364 est.

1825 4398 1873 4455 D
1970 4397 2199 4456 Ferrum
2220 4413 2656 4469 coquere,quam
2692 4398 2974 4455 mulierem
3010 4397 3303 4452 emendare
3330 4394 3467 4451 faci-

1899 4492 2028 4547 lius.

1973 4586 2074 4651 Qui
2125 4584 2291 4639 habet
2334 4597 2557 4638 uxorem
2602 4564 2816 4644 malum,
2853 4596 3078 4636 suorum
3116 4595 3175 4634 se
3216 4586 3465 4649 peccatu-

1902 4692 2022 4732 rum
2058 4675 2365 4730 mercedem
2395 4672 2673 4740 accepisse
2702 4672 2985 4743 intelligat.

1974 4767 2129 4822 Nulla
2161 4767 2214 4818 in
2244 4763 2444 4819 mundo
2465 4764 2643 4818 bellua
2667 4770 2770 4829 est,
2795 4778 2917 4832 quae
2946 4779 3069 4818 cum
3098 4762 3327 4817 muliere
3354 4762 3457 4816 im-

1905 4860 2073 4931 proba
2102 4844 2434 4912 conferatur.
2460 4924 2463 4927 Α

1974 4949 2114 5013 Quid
2160 4949 2316 5001 leone
2362 4947 2505 5000 inter
2556 4946 2936 5015 quadrupedes
3002 4946 3275 5002 ferocius?
3326 4945 3497 5014 Quid-

1906 5041 2182 5113 crudelius
2211 5042 2445 5095 dracone
2484 5039 2624 5094 inter
2655 5040 2966 5109 serpentia?
2992 5039 3141 5094 Nihil
3194 5042 3296 5097 nisi
3351 5057 3472 5098 mu-

1906 5134 2006 5187 lier
2039 5133 2304 5202 improba.
2346 5114 2351 5121 ’

1978 5224 2246 5278 Acerbum
2277 5230 2362 5277 est
2382 5223 2757 5292 pauperiorem
2791 5223 3015 5279 duxisse
3045 5239 3294 5289 uxorem,
3323 5242 3474 5282 acer—
3506 5270 3507 5275 η

1908 5318 2037 5370 bum
2070 5315 2197 5370 item
2227 5316 2621 5384 opulentiorem
2644 5331 2657 5367 :
2680 5316 2810 5370 illud
2832 5317 2974 5371 enim
3007 5334 3146 5381 rem,
3167 5320 3267 5372 hoc
3292 5331 3476 5373 aucto—

1913 5411 2126 5461 ritatem
2163 5416 2217 5462 et
2245 5408 2551 5461 libertatem
2585 5408 2922 5477 virimiuuit
2956 5420 3010 5465 et
3049 5412 3212 5465 lanlit.

1987 5498 2247 5563 Philonis.
2281 5497 2490 5553 Mulieri
2521 5515 2713 5570 parere
2737 5502 3067 5556 contumelia
3090 5511 3169 5555 est
3199 5511 3473 5566 suprema.

1991 5592 2152 5663 176
2185 5592 2612 5648 Callidissitnum
2660 5603 2742 5650 est
2792 5596 3036 5650 mulieris
3087 5591 3361 5660 ingenium
3413 5591 3479 5643 ad

1919 5693 2159 5738 mettum
2201 5684 2300 5738 viri
2335 5684 2630 5740 luxandatu
2662 5696 2714 5741 et
2756 5696 2902 5743 statu
2941 5700 3039 5741 suo
3070 5680 3484 5750 deturbandam,
