3992 6252
557 251 679 316 1091

1783 242 2097 304 ΑΝΤῡΜΙ
2141 241 2483 302 ΜΕίρῐὸδᾳΕ

3676 241 3818 302 1092

561 363 803 419 maxime
831 360 877 416 si
912 360 1084 416 .l'uerit
1121 360 1511 429 intemperans;
1560 357 1862 426 quia‘euim
1905 355 2126 411 conscia

2262 357 2429 418 ιδότος
2460 355 2884 428 μαὶακικωτέρα
2911 357 2972 428 [Ῐ.
3007 357 3394 428 μαχλικωτέρα
3426 360 3511 412 vel
3548 374 3820 426 μαλακω-

562 456 666 511 sibi
703 465 790 510 est
831 453 990 522 hujus
1025 452 1169 516 vitii,
1204 452 1418 504 mollior
1446 449 1683 504 subinde
1711 447 1974 503 redditur.

637 549 731 602 Sui
766 562 956 600 amans
985 553 1069 598 est
1115 543 1329 608 mulier,
1377 552 1433 598 et
1481 544 1725 611 zelotypa
1771 541 2126 595 immoderate

564 656 625 694 ac
664 640 798 691 mire
826 637 1112 699 industria,
1147 644 1204 687 ut
1237 635 1407 704 possit
1447 635 1546 687 viri
1581 649 1760 688 mores
1794 644 2124 703 pervertere.

633 731 900 800 Diogenis.
952 730 1214 798 Diogenes
1263 728 1611 796 conspicatus
1678 726 1940 780 mulieres
1988 725 2131 778 inter

566 840 623 875 se
674 823 1088 890 colloquentes:
1125 820 1310 888 Aspis,
1351 822 1548 888 inquit,
1583 833 1612 870 a
1644 818 1822 887 vipera
1856 833 2126 872 venenum

561 923 863 967 mutuatur.

635 1008 912 1076 Aristippi.
935 1006 1240 1075 Aristippus
1260 1005 1986 1074 Cyrenaeos'philosophus,a
2003 1019 2135 1071 quo-

560 1101 706 1167 piam
740 1101 1126 1166 interrogatus,
1158 1113 1225 1150 an
1247 1097 1346 1151 sibi
1380 1097 1578 1150 ducere
1597 1113 1819 1151 uxorem
1834 1095 2131 1164 expediret,

560 1193 794 1258 negarit.
838 1190 892 1244 Si
935 1191 1079 1244 enim
1135 1191 1356 1244 duxeris
1396 1189 1744 1261 .(inquiebat)
1813 1190 2132 1251 {Oi-mosam,

559 1284 784 1335 habebis
805 1297 1148 1335 communem
1172 1298 1185 1344 ',
1225 1282 1308 1334 sin
1336 1290 1516 1333 autem
1545 1280 1866 1339 deformem.
1897 1294 2131 1348 pennam.

627 1372 822 1427 Mulier
851 1389 912 1427 os
947 1387 1221 1426 exornans
1263 1374 1501 1424 animum
1561 1371 1856 1427 deformem
1905 1369 2131 1424 indicat.

626 1553 870 1606 Democr.
902 1549 1038 1604 Cum
1073 1547 1439 1602 Democritum
1472 1549 1692 1616 quidam
1739 1553 2128 1615 percunctare-

558 1655 667 1708 tur,
698 1659 794 1696 cur
823 1656 1052 1710 magnus
1081 1656 1203 1692 cum
1235 1650 1398 1704 esset,
1448 1654 1667 1706 parvam
1713 1641 1957 1692 duxisset
1987 1654 2124 1692 uxo-

557 1753 672 1790 rem
719 1753 734 1790 :
786 1734 921 1804 Ego,
952 1734 1148 1801 inquit,
1195 1734 1246 1785 in
1286 1733 1428 1785 malo
1468 1732 1743 1802 eligendo,
1789 1732 1932 1801 quod
1967 1731 2127 1784 mini-

562 1845 706 1882 mum
741 1838 879 1892 erat,
915 1827 1069 1894 elegi.

635 1921 894 1974 Socratis.
936 1919 1069 1972 Cum
1113 1927 1165 1972 te
1194 1917 1418 1986 diligere
1462 1927 1515 1971 et
1552 1925 1808 1985 appetere
1844 1923 1896 1969 te
1933 1915 2130 1969 dixerit

563 2013 782 2074 mulier,
831 2021 944 2064 tum
993 2011 1060 2065 ab
1092 2010 1182 2064 illa
1236 2009 1408 2075 magis
1466 2009 1812 2063 metuendum
1884 2007 1982 2061 tibi
2043 2016 2130 2060 est

563 2121 729 2174 quam
770 2118 892 2157 cum
923 2103 1290 2157 conviciator.

633 2195 962 2266 Pratagorw.
1018 2193 1342 2260 Protagoras
1414 2176 1792 2260 interrogatus
1840 2189 1911 2244 ob
1965 2202 2128 2258 quam

557 2303 778 2342 causam
814 2287 1038 2340 inimico
1069 2286 1236 2338 ﬁliam
1265 2297 1495 2353 nuptum
1523 2283 1762 2337 dedisset
1795 2297 1808 2335 :
1842 2280 2008 2347 Quia,
2044 2282 2130 2335 in-

559 2382 699 2448 quit,
736 2379 866 2430 nihil
891 2377 942 2432 ci
971 2377 1101 2430 dare
1135 2386 1378 2444 poteram
1408 2375 1586 2443 pejus.

582 2463 584 2466 ’
631 2471 771 2524 Idem
801 2485 924 2522 cum
956 2469 1176 2522 vidisset
1199 2481 1364 2520 anum
1409 2471 1732 2519 exornatam
1763 2483 1778 2517 :
1813 2463 1898 2532 Si,
1935 2464 2130 2534 inquit,

569 2565 722 2632 viris,
759 2561 1000 2627 falleris;
1035 2559 1080 2614 si
1121 2559 1398 2627 sepulcro,
1431 2566 1622 2610 ornata
1657 2572 1736 2611 es.

630 2742 890 2798 Socratis.
943 2739 1198 2794 Socrates
1232 2739 1413 2792 dicere
1457 2737 1708 2802 solebat,
1753 2737 1856 2791 tria
1901 2751 1966 2794 se
1996 2738 2135 2791 mala

558 2845 893 2900 assecutum,
914 2833 1350 2903 grammaticam,
1378 2836 1750 2898 paupertatem
1782 2836 1838 2883 et
1865 2828 2135 2896 pernicio-

557 2943 674 2984 sam
706 2941 927 2980 uxorem
951 2941 965 2990 ;
994 2939 1226 2992 quorum
1255 2926 1366 2975 duo
1386 2937 1508 2974 cum
1533 2919 1836 2991 ell‘ngisset,
1867 2920 2138 2989 pernicio-

561 3034 675 3074 sam
712 3031 935 3071 uxorem
971 3014 1207 3084 effugere
1236 3028 1341 3066 non
1375 3014 1636 3081 potuisse.

633 3112 776 3164 Idem
829 3124 886 3162 se
936 3105 1355 3161 consulentibus
1413 3104 1483 3159 de
1533 3103 1745 3158 ratione
1793 3103 2132 3158 matrimonii

559 3198 941 3262 contrahendi,
972 3197 1112 3251 dixit
1145 3215 1160 3250 :
1196 3194 1665 3262 Quemadmodum
1699 3197 1900 3263 pisces,
1939 3210 1972 3250 ο
2002 3194 2136 3250 ado-

562 3292 867 3357 lescentuli,
914 3290 1007 3362 qui
1050 3287 1292 3344 nondum
1339 3289 1479 3341 intra
1523 3301 1715 3340 nassas
1764 3297 1916 3350 sunt,
1947 3286 2136 3341 volunt

563 3388 791 3450 intrare,
837 3383 929 3453 qui
965 3390 1147 3436 autem
1193 3381 1302 3450 jam
1356 3381 1504 3433 intus
1547 3386 1697 3444 sunt,
1720 3379 1914 3434 voluut
1945 3377 2131 3444 exire;

564 3479 645 3536 sic
676 3485 730 3531 et
764 3491 856 3529 vos
887 3491 954 3528 ne
989 3473 1130 3527 idem
1164 3469 1318 3526 vobis
1344 3471 1553 3524 accidat
1580 3469 1785 3524 videte.

642 3566 785 3620 Idem
822 3563 1163 3630 Xanthippen
1194 3568 1442 3612 ornatam
1475 3566 1530 3611 et
1559 3557 1623 3610 ad
1655 3555 1964 3626 spectacula
2000 3569 2134 3609 euu-

564 3668 674 3712 tem
709 3655 1058 3726 conspicatus
1094 3671 1108 3706 :
1142 3651 1264 3706 Non
1297 3651 1495 3720 inquit,
1526 3659 1586 3705 ut
1629 3659 1868 3719 spectes,
1902 3663 1935 3702 ο
1970 3661 2133 3713 uxor,

567 3749 705 3810 exis,
736 3747 830 3800 sed
859 3757 917 3800 ut
946 3743 1228 3814 speeteris.

646 3837 950 3891 l’hiioxeni.
1006 3835 1342 3890 Philoxenus
1385 3840 1541 3901 poeta
1579 3847 1701 3885 cum
1736 3829 1956 3900 quidam
2007 3842 2132 3882 eum

572 3939 1043 4001 percunctaretur,
1098 3925 1456 3996 quamobrem
1494 3923 1794 3993 Sophocles
1835 3924 2004 3976 bonas
2050 3920 2132 3972 iu-

569 4022 819 4076 troducat
851 4019 1101 4084 fetutinas,
1163 4017 1277 4085 ipse
1301 4024 1486 4069 autem
1519 4015 1688 4069 malas
1713 4031 1726 4068 :
1750 4011 1911 4078 Quia,
1938 4010 2136 4081 inquit,

568 4117 756 4184 quales
773 4123 988 4183 Oportet
1015 4125 1139 4166 esse
1161 4108 1392 4165 feminas
1421 4107 1717 4178 SOphocles
1741 4106 2004 4172 ostendit,
2027 4121 2130 4176 ego

565 4222 699 4262 vero
737 4204 925 4273 quales
962 4213 1110 4257 sunt.

639 4295 878 4352 Catonis.
937 4294 1139 4347 Omnes
1191 4292 1441 4346 homines
1500 4291 1764 4345 uxoribus
1821 4292 2136 4358 imperant,

568 4402 669 4442 nos
701 4384 958 4440 omnibus
991 4381 1329 4446 hominibus,
1367 4381 1526 4435 nobis
1555 4392 1734 4436 autem
1775 4394 1994 4433 uxores.

982 4578 1216 4635 senuo
1255 4577 1450 4632 xxxv
1496 4575 1599 4650 [αι.
1630 4575 1721 4649 χ).

570 4699 646 4753 De
691 4695 1092 4764 congregatione
1126 4693 1380 4764 bonorum
1407 4691 1673 4764 virorum;
1721 4699 1771 4764 et
1803 4690 2137 4764 pra-stantia-

675 4763 823 4821 simis
871 4763 1247 4819 adltazrendum
1299 4777 1429 4829 esse,
1463 4778 1564 4814 non
1599 4763 1722 4814 item
1757 4763 2029 4828 improbis.

649 4921 804 4991 177
853 4919 1012 4973 Prov.
1049 4932 1168 4971 xm.
1202 4915 1454 4981 Quicum
1484 4915 1816 4983 sapientibus
1848 4927 2139 4968 conversa-

569 5023 679 5074 tur,
711 5011 929 5080 sapiens
963 5009 1176 5064 evadet.

641 5100 695 5154 Si
731 5101 933 5156 videris
965 5114 1214 5169 sagacem
1270 5112 1333 5152 ac
1387 5096 1733 5167 prudentem,
1776 5112 1930 5150 mane
1985 5095 2135 5150 illum

568 5190 738 5256 adito,
771 5205 824 5246 et
849 5193 1033 5247 limina
1072 5195 1362 5263 januarutn
1397 5191 1519 5258 ejus
1565 5188 1792 5258 pedibus
1835 5188 1945 5241 tuis
1988 5188 2139 5242 dcte-

566 5292 692 5336 ιἰιο.

639 5378 695 5430 ln
737 5375 1083 5429 multitudine
1134 5377 1410 5429 seniorum
1461 5381 1622 5436 stato,
1654 5373 1791 5426 etsi
1850 5373 1971 5441 quis
2032 5375 2135 5426 erit

569 5469 809 5538 sapiens,
853 5465 976 5518 huic
1006 5474 1058 5518 te
1094 5465 1392 5534 adjungito.

639 5560 988 5613 Narrationes
1017 5555 1324 5624 sapientum
1359 5573 1425 5611 ne
1459 5567 1802 5620 contemnas,
1836 5565 1889 5610 et
1922 5554 1978 5610 in
2009 5569 2134 5626 pro-

562 5653 761 5707 verbiis
794 5650 1007 5704 illorum
1035 5647 1293 5703 verseris.

2157 3062 2206 3122 ϐ

2231 448 2390 521 τέρα]
2418 452 2648 518 γίνεται.

2299 544 2563 595 Φίλαυτον
2587 544 2746 614 γυνὴ,
2774 545 2865 597 καὶ
2893 543 3195 610 ζηλότυπον
3224 544 3286 597 οὐ
3316 543 3554 614 μετρίως
3586 545 3685 599 καὶ
3711 544 3771 597 δε
3784 565 3824 596 t—

2235 636 2324 687 νὺν
2359 637 2670 706 παραλῦσαι
2700 637 2804 708 ἢθη
2838 639 3050 708 ἀνδρός.

2303 730 2560 799 Διογένης
2614 729 3096 800 κοινολογουμένας
3137 731 3404 798 γυναῖκας
3445 729 3817 799 θεασάμενος,

2234 821 2337 891 ἔφη
2363 838 2378 852 ο
2423 822 2615 885 Ἀσπὶς
2650 823 2781 893 παρ’
2810 824 3026 894 ἐχίδνης
3054 825 3344 893 φάρμακον
3370 821 3706 887 δανείζεται.

2319 1007 2672 1076 Ἀρίστιππος
2726 1006 2754 1056 ὁ
2804 1007 3111 1075 Κυρηναῖος
3163 1006 3475 1073 φιλόσοφος,
3513 1003 3818 1072 ἐρωτηθε“τς

2237 1097 2344 1149 ὑπό
2371 1113 2518 1158 τινος
2563 1100 2612 1151 εἰ
2646 1097 2908 1167 συμφέρει
2944 1098 3092 1168 αὐτῷ
3120 1098 3318 1167 γῆμαι.
3343 1094 3531 1150 εἶπενο
3569 1095 3690 1149 Οῦκ
3718 1114 3732 1127 ο
3769 1098 3815 1147 εξ

2240 1189 2340 1260 μὲν
2376 1192 2484 1262 γὰρ
2519 1191 2710 1260 καλὴν,
2744 1192 2932 1261 κοινὴν
2960 1189 3132 1256 ἕξειςο
3164 1193 3211 1243 εί
3241 1192 3297 1244 δὲ
3320 1190 3555 1260 φαύλην,
3593 1192 3810 1256 ποινήν.

2303 1369 2444 1438 Γυνὴ
2491 1369 2569 1438 τῷ
2623 1367 2902 1440 προσώπῳ
2954 1368 3326 1438 κοσμουμένη.
3363 1368 3467 1438 τὴν
3503 1369 3603 1438 τῆς
3631 1368 3813 1437 ψυχῆς

2237 1461 2514 1530 ἀμορφίαν
2549 1460 2824 1528 ἐμφαίνει.

2302 1555 2630 1623 Δημοκρίτῳ
2658 1550 2762 1621 ἔφη
2792 1566 2897 1612 τις·
2931 1549 3102 1611 Διατί,
3138 1549 3309 1620 μέγας
3331 1547 3428 1612 ὢν,
3451 1549 3658 1619 μικρὰν
3686 1551 3812 1619 ἔτη-

2241 1664 2346 1715 μας
2380 1648 2655 1711 γυναῖκας
2706 1647 2974 1705 Κάκεῖνος
3015 1641 3165 1696 εἷπε·
3201 1642 3306 1696 Τοῦ
3351 1644 3527 1696 κακοῦ
3575 1645 3808 1711 ἐκλογὴν

2236 1736 2586 1805 ποιούμενος,
2621 1734 2683 1787 τὸ
2710 1734 2996 1804 ἐλάχιστον
3029 1731 3382 1802 ἐξελεξάμην.

2306 1923 2476 1976 Ὅταν
2508 1922 2697 1976 ποθεῖν
2726 1939 2786 2005 σε
2829 1923 2925 1973 καὶ
2968 1919 3217 1987 στέργειν
3261 1917 3394 1989 λέγῃ
3434 1919 3602 1986 γυνὴ,
3639 1917 3803 1985 φοϐοῦ

2233 2015 2364 2086 παρ’
2389 2015 2562 2085 αὐτῆς
2597 2015 2779 2078 πλέον,
2806 2008 2880 2067 ὧν
2911 2013 3061 2081 λέγει
3093 2013 3259 2068 κακά.

2306 2189 2676 2261 Βρωταγόρας
2696 2185 3014 2256 ἐρωτηθεὶς,
3042 2185 3142 2237 Διὰ
3165 2185 3283 2237 τίνα
3309 2183 3494 2237 αἰτίαν
3513 2183 3695 2254 ἐχθρῷ
3714 2187 3804 2253 τὴν

2235 2279 2512 2349 θυγατέρα
2567 2277 2809 2338 δέδωκας
2863 2275 3000 2343 πρὸς
3030 2274 3234 2345 γάμον,
3268 2271 3425 2328 εἶπεν
3449 2290 3464 2305 ο
3518 2276 3634 2328 Οὐκ
3665 2273 3804 2346 εἶχον

2231 2375 2343 2444 γὰρ
2376 2371 2526 2441 αὐτῷ
2553 2370 2844 2424 δεδωκέναι
2881 2370 3085 2440 χεῖρον.

2318 2465 2377 2518 Ὃ
2405 2464 2595 2529 αὐτὸς,
2625 2459 2890 2532 ἑωρακὼς
2916 2459 3339 2531 κεκοσμημένην
3365 2463 3564 2531 γραῦν,
3599 2448 3725 2529 ἔφη’
3749 2461 3801 2512 EE

2238 2555 2338 2628 μὲν
2382 2553 2520 2626 πρὸς
2581 2553 2803 2625 ἄνδρας,
2858 2550 3202 2624 έπλανήθηςο
3243 2553 3294 2604 εί
3324 2551 3383 2604 δὲ
3429 2552 3568 2622 πρὸς
3616 2552 3797 2619 τάφον,

2233 2646 2571 2716 ἐκοσμήθης.

2307 2737 2605 2806 Σωκράτης
2654 2736 2783 2806 ἔφη,
2827 2735 3008 2806 Τριῶν
3046 2737 3232 2791 κακῶν
3269 2738 3592 2806 τέτευγμαι,
3625 2753 3796 2805 γραμ-

2241 2829 2497 2901 ματικῆς,
2527 2826 2722 2897 πενίης
2782 2829 2878 2881 καὶ
2911 2828 3206 2899 οὐλομένης
3247 2830 3537 2897 γυναικὸςο
3577 2829 3687 2881 τῶν
3716 2829 3800 2881 δὸο

2239 2923 2522 2992 ἐξέφυγον,
2579 2922 2881 2992 οὐλομένης
2937 2920 3196 2989 γυναικὸς
3243 2917 3506 2992 ἐκφυγεῖν
3551 2921 3653 2974 οὐκ
3692 2924 3798 2974 ἐδυ-

2240 3016 2432 3088 νήθην.

2316 3109 2378 3164 Ὀ
2412 3109 2574 3172 αὐτὸς
2599 3111 2734 3178 πρὸς
2761 3110 2888 3174 τοὺς
2915 3110 3080 3164 αὐτὸν
3115 3109 3661 3180 συμϐουλευομένους
3681 3109 3797 3178 περὶ

2233 3199 2328 3254 τοῦ
2365 3203 2566 3271 γῆμαι,
2597 3203 2738 3272 ﬁeri?
2776 3203 2988 3272 Ὥσπερ
3021 3205 3070 3257 οἱ
3111 3202 3314 3273 ίχθύες,
3341 3197 3388 3256 ὦ
3430 3204 3727 3267 νεανίσκοι,
3752 3201 3796 3253 oi

2236 3292 2366 3362 περὶ
2397 3295 2526 3356 τοὺς
2553 3295 2811 3364 κύρτους,
2843 3296 2892 3348 oi
2929 3295 3030 3366 μὲν
3060 3294 3259 3361 ἔξωθεν
3319 3294 3471 3357 ὄντες
3529 3293 3795 3362 βούλονται

2236 3389 2522 3456 είσελθεῖν,
2567 3389 2618 3442 οἱ
2648 3389 2706 3442 δὲ
2739 3389 2886 3444 ἔνδον
2915 3389 3064 3452 ὄντες
3097 3387 3380 3458 βούλονται
3412 3385 3650 3454 ἐξελθεῖν
3672 3402 3686 3416 ο
3711 3383 3794 3437 οὖα

2235 3497 2346 3544 τως
2373 3480 2432 3534 δὲ
2456 3482 2618 3551 ὑμεῖς
2643 3481 2830 3552 ὁρᾶτε,
2866 3482 2943 3552 μὴ
2975 3481 3034 3535 τὸ
3062 3482 3194 3534 αὐτὸ
3224 3480 3459 3551 πάθητε.

2316 3573 2378 3626 '0
2411 3573 2598 3642 αὐτὸς,
2631 3571 2954 3643 Ξανθίππην
2982 3573 3408 3642 κεκοσμημένην
3437 3572 3531 3625 καὶ
3563 3572 3653 3624 ἐπὶ
3677 3569 3792 3623 θέαν

2237 3665 2620 3734 πορευομένην
2653 3663 2797 3726 ἰδὼν,
2827 3664 2931 3735 ἔφη
2951 3681 2966 3696 ο
2999 3665 3110 3734 Οὐχ
3142 3665 3230 3718 ἵνα
3257 3665 3450 3736 θεάσῃ,
3486 3667 3668 3732 γύναι,
3706 3679 3790 3714 που

2243 3755 2398 3826 ρεύῃ,
2433 3756 2552 3808 ἀλλ’
2579 3756 2664 3809 ἵνα
2700 3755 2920 3826 θεαθῇς.

2306 3847 2585 3912 Φιλόξενος
2623 3849 2650 3900 ὁ
2688 3848 2940 3918 ποιητὴς,
2963 3847 3208 3912 είπόντος
3237 3847 3404 3911 τινὸς,
3431 3847 3532 3899 Διά
3552 3846 3604 3898 τί
3643 3847 3789 3908 Σοφο-

2237 3938 2374 4009 κλῆς
2414 3937 2658 4009 χρηστὰς
2708 3940 3038 4010 παρεισάγει
3093 3940 3194 4002 τὰς
3237 3940 3529 4007 γυναῖκας,
3565 3939 3719 3999 αὐτὸς
3743 3938 3789 3987 δὲ

2238 4028 2468 4097 φαύλας,
2493 4024 2677 4083 εἷπεν·
2713 4030 2834 4084 Ὅτι
2863 4029 3137 4100 Σοφοκλῆς
3171 4031 3269 4099 μὲν
3292 4029 3407 4092 οἵας
3439 4029 3519 4083 δεῖ
3539 4027 3680 4083 εἶναι
3705 4029 3785 4087 τὰς

2237 4123 2500 4188 γυναῖκας
2531 4122 2700 4190 λέγει,
2728 4121 2840 4191 ἐγὼ
2858 4123 2916 4177 δὲ
2941 4119 3054 4176 οἷαι
3082 4122 3241 4176 εἰσίν.

2306 4301 2515 4362 Πάντες
2581 4302 2631 4354 οἱ
2695 4302 2974 4372 ἄνθρωποι
3035 4302 3143 4356 τῶν
3198 4304 3476 4371 γυναικῶν
3528 4304 3786 4374 ἄρχουςιν,

2168 4401 2212 4454 Ι)
2239 4393 2398 4462 ἡμεῖς
2453 4392 2508 4445 δὲ
2569 4393 2872 4465 ἀνθρώπων
2939 4395 3218 4461 ἁπάντων,
3275 4397 3436 4464 ἡμῶν
3491 4394 3549 4448 δὲ
3602 4397 3656 4447 ai
3702 4410 3782 4459 γυ·

2239 4488 2443 4547 ναῖκες.

2835 4599 3052 4651 ΛΟΓΟΣ
3089 4600 3210 4654 ΛΕ’.

2240 4687 2382 4761 Περὶ
2403 4687 2768 4761 ,συναγωγῆς
2800 4689 3079 4761 χρηστῶν
3104 4688 3348 4761 ἀνδρῶν
3374 4707 3389 4723 ·
3439 4694 3540 4745 καὶ
3581 4693 3666 4746 ὅτι
3687 4691 3783 4761 χρὴ

2255 4823 2262 4830 _
2309 4760 2578 4836 ἀρίστοις
2626 4759 2885 4826 ἀνδράσι
2934 4759 3291 4826 κολλᾶσθαι,
3350 4763 3450 4814 καὶ
3491 4761 3578 4831 μὴ
3627 4759 3787 4828 πονη-

2302 4845 2459 4894 ροις.

2323 4940 2386 4995 Ὀ
2420 4941 2896 5011 συμπορευόμενος
2931 4946 3112 5011 σοφοῖς
3145 4944 3306 5013 σοφὸς
3347 4945 3524 5001 ἔσται.

2323 5105 2448 5162 Ἐὰν
2493 5109 2608 5181 ίδῃς
2639 5108 2877 5173 συνετὸν,
2908 5108 3128 5179 ὅρθριζε
3162 5110 3298 5181 πρὸς
3330 5111 3514 5179 αὑτὸν,
3547 5115 3639 5165 καὶ
3672 5109 3785 5180 pali-

2245 5199 2379 5269 μοὺς
2405 5198 2583 5270 θυρῶν
2615 5200 2780 5252 αὑτοῦ
2806 5200 3105 5269 ἐκτρισέτω
3134 5202 3162 5254 ὸ
3199 5203 3334 5264 πούς
3365 5219 3480 5256 σου.

2323 5372 2411 5425 Ἑν
2461 5373 2656 5441 πλήθει
2693 5373 3082 5442 πρεσϐυτέρων
3120 5374 3311 5445 στῆθιο
3368 5377 3462 5429 καὶ
3511 5378 3566 5429 εἰ
3599 5393 3676 5440 τις
3713 5391 3785 5425 σο-

2241 5463 2360 5532 φὸς.
2395 5463 2829 5534 προσκολλήθητι
2863 5465 3032 5534 αὐτῷ.

2313 5555 2403 5623 Μὴ
2442 5555 2672 5627 παρίδῃς
2706 5555 2953 5627 διήγημα
2986 5558 3186 5628 σοφῶν,
3221 5559 3317 5614 καὶ
3349 5562 3408 5615 ἐν
3457 5563 3575 5624 ταῖς
3609 5575 3778 5630 παροι-

2243 5646 2392 5715 μίαις
2426 5647 2602 5699 αὐτῶν
2629 5650 2993 5718 ἀναστρέφων.
