3992 6252
281 250 423 315 1033

345 372 503 438 Λόγῳ
535 371 683 442 σοφῷ
711 375 997 446 παράϐαλε
1027 378 1118 431 σὺν
1153 378 1266 444 οὓς.

351 464 584 534 ΙΙἌνδρες
614 466 813 521 δίκαιοι
845 467 1086 524 ἔστωσαν
1115 472 1423 528 σύνδειπνοι
1453 492 1568 532 σου.

259 629 269 639 .
345 557 502 611 Μετὰ
528 558 721 630 ἀνδρὸς
750 561 1010 626 εὐσεϐοῦς
1047 565 1372 636 ἐνδελέχιζε.

350 647 578 702 [πετεινὰ
622 651 760 719 πρὸς
799 654 866 706 τὰ
895 653 1057 721 ὅμοια
1097 658 1388 711 καταλύειο
1421 659 1726 730 λειτουργοὶ
1753 665 1850 717 αἰ·-

275 739 394 805 τοῦ,
428 742 523 794 καὶ
555 746 697 798 κατὰ
729 745 823 798 τὸν
848 748 1149 819 ἡγούμενον
1183 751 1280 820 τῆς
1307 753 1533 818 πόλεως,
1564 761 1765 821 πάντες
1800 762 1856 820 οῖ

275 832 659 896 κατοικοῦντες
689 837 747 888 ἐν
779 838 942 908 αὐτῇ.
1728 856 1730 859 ’

359 923 827 994 ’Δποστυγοῦντες
883 930 944 983 τὸ
1009 932 1288 1004 πονηρὸν,
1362 934 1693 1006 κολλώμενοι
1771 941 1848 1010 τῷ

273 1015 486 1080 ἀγαθῷ.

350 1105 566 1177 Ὥσπερ
598 1109 647 1162 οῖ
679 1107 962 1182 ζωγράφοι
987 1113 1117 1168 ὅταν
1143 1117 1255 1171 ἀπὸ
1275 1119 1483 1183 εἰκόνος⁹
1503 1121 1690 1178 εἰκόνα
1714 1126 1850 1194 γρά-

276 1215 444 1266 φωσι,
495 1202 676 1255 πυκνὰ
719 1204 860 1274 πρὸς
907 1207 969 1260 τὸ
1013 1209 1374 1281 παράδειγμα
1411 1212 1726 1282 βλέποντες,
1758 1215 1849 1270 τὸν

277 1289 491 1343 ἐκείνου
547 1295 878 1368 χαρακτῆρα
933 1299 1075 1370 πρὸς
1119 1301 1182 1354 τὸ
1215 1302 1430 1357 ἑαυτῶν
1483 1306 1849 1371 σπουδάζουσι

278 1383 594 1450 μεταθεῖναι
624 1386 1028 1460 φιλοτέχνημα,
1060 1392 1205 1447 οὕτω
1230 1393 1294 1464 δὴ
1326 1397 1424 1450 καὶ
1460 1396 1552 1450 τὸν
1580 1399 1850 1453 ἐσπουδα-

274 1475 410 1529 κότα
441 1479 635 1532 ἐαυτὸν
663 1481 800 1535 πᾶσι
827 1484 942 1546 τοῖς
996 1485 1192 1556 μέρεσι
1220 1488 1319 1558 τῆς
1365 1491 1567 1562 ἀρετῆς
1603 1493 1849 1563 ἀπεργά-

277 1569 477 1624 σασθαι
527 1571 758 1636 τέλειον,
795 1574 958 1629 οἱονεὶ
996 1577 1135 1648 πρὸς
1177 1580 1471 1652 ἀγάλματά
1502 1602 1626 1640 τινα
1663 1587 1848 1642 κινού-

277 1678 417 1730 μενα
448 1663 544 1716 καὶ
573 1663 889 1735 ἐμπρακτα,
922 1669 1053 1733 τοὺς
1087 1670 1237 1741 βίους
1270 1675 1379 1729 τῶν
1408 1676 1582 1745 ἁγίων
1615 1680 1847 1736 ἀποϐλέ-

275 1770 403 1807 πειν
433 1754 560 1826 χρὴ,
615 1757 710 1812 καὶ
739 1758 802 1812 τὸ
839 1761 1068 1818 ἐκείνων
1097 1765 1300 1833 ἀγαθὸν
1331 1768 1534 1825 οἰκεῖον
1573 1775 1845 1831 ποιεῖσθαι

272 1847 363 1900 διὰ
396 1849 680 1920 μιμήσεως

357 1938 485 1995 Ἐὰν
507 1941 618 2012 ῐδῃς
653 1945 884 2009 ἐθνικὸν,
937 1948 1053 2018 βίου
1095 1950 1369 2020 σώφρονος
1404 1954 1622 2024 καὶτῆς
1651 1955 1845 2027 λοιπῆς

272 2034 502 2087 κατὰτὸ
531 2032 663 2105 ἦθος
690 2039 945 2103 εὐταξίας
978 2043 1372 2113 ἐπιλαϐόμενον
1402 2045 1562 2098 πλέον
1593 2047 1844 2118 σεαυτοῦ,

270 2127 337 2179 τὸ
365 2129 652 2184 σπουδαῖον
692 2136 980 2189 ἐπίτεινον.

383 2305 444 2358 Ei
471 2309 583 2371 τοῖς
619 2309 804 2371 καλοῖς
840 2310 993 2366 ἕποιο
1026 2315 1469 2386 νουθετούμενος,

377 2399 493 2451 Οὐκ
522 2399 839 2474 ἐντραπήσῃ
869 2406 982 2468 τοῖς
1005 2408 1196 2470 κακοῖς
1230 2407 1560 2478 γελώμενος.

381 2491 568 2559 Σοφῶν
600 2491 772 2564 θύρας
805 2495 1046 2566 ἐκτριϐε,
1078 2498 1348 2555 πλουσίων
1382 2501 1439 2557 δὲ
1469 2504 1570 2574 μή.

344 2672 436 2741 Μὴ
487 2673 711 2747 κλείσῃς
759 2675 828 2728 τὰ
870 2668 982 2728 ὦτα
1007 2677 1150 2746 «pa;
1211 2678 1458 2733 παιδείαν
1502 2681 1711 2753 Κυρίου
1749 2685 1848 2739 καὶ

267 2765 579 2832 νουθεσίαν,
609 2765 682 2829 ὡς
712 2768 878 2831 ἀσπὶς
909 2768 1044 2837 πρὸς
1070 2771 1384 2842 ἐπᾲτματα.

347 2857 425 2910 Οὐ
462 2857 656 2926 μικρὸν
686 2861 798 2922 τοῖς
845 2860 1160 2924 σπουδαίοις
1193 2866 1289 2918 καὶ
1319 2866 1496 2936 μικρὰ
1530 2866 1641 2922 τῶν
1687 2870 1845 2940 μεγίο

271 2965 419 3002 στων
446 2954 478 3022 ἠ
515 2951 769 3022 μίμησις.

1060 265 1228 326 ιρι]
1270 267 1704 330 COMMUNES.
1746 297 1813 308 --
1840 272 2033 333 PARS
2067 273 2157 336 Ῑῐ.
2211 277 2466 337 SERMO
2503 279 2772 342 XXXVI.

3405 281 3543 346 1091.

1877 388 1922 441 Α
2024 387 2278 444 Sermoni
2312 392 2574 460 sapientis
2607 408 2772 451 aures
2817 397 3256 452 accommodato.

2027 480 2143 537 Viri
2175 485 2450 552 sapientes
2481 487 2593 541 sint
2624 487 2702 542 tui
2738 489 3002 544 convivae.

2028 573 2162 630 Viro
2183 577 2279 645 .pio
2310 578 2541 632 multum
2579 580 2912 652 assidueque
2943 583 3133 638 utitor.

2033 665 2296 724 Volucres
2324 671 2388 725 ad
2427 688 2584 739 pares
2611 673 2897 728 divertunt
2932 694 2946 730 :
2982 674 3241 742 ministri,
3266 684 3322 731 et
3343 691 3536 732 omnes

1952 761 2051 829 qui
2082 762 2268 815 urbem
2307 762 2576 831 incolunt,
2609 766 2853 836 prmfecti
2885 783 3066 824 mores
3111 768 3425 825 imitantur.

2033 937 2183 994 Rom.
2220 956 2314 994 xu.
2347 939 2484 996 Odio
2511 942 2581 996 sit
2615 944 2770 1000 vobis
2799 945 3002 1000 malum
3031 965 3045 1003 :
3073 955 3128 1000 at
3162 948 3308 1003 bono
3339 949 3532 1020 agglu-

1953 1033 2227 1086 tinamini.

2026 1123 2083 1179 S.
2117 1124 2312 1181 Basilii
2345 1125 2444 1198 (l).
2477 1127 2951 1195 Quemadmodum
2983 1132 3222 1201 pictores
3250 1149 3371 1188 cum
3398 1135 3535 1189 ima-

1951 1216 2130 1286 ginem
2192 1219 2262 1273 ab
2311 1219 2546 1289 imagine
2579 1223 2830 1290 pingunt,
2869 1222 3162 1278 identidem
3203 1227 3528 1294 exemplaria

1953 1317 2287 1377 spectantes,
2354 1309 2571 1365 illorum
2623 1311 2956 1366 lineamenta
3000 1311 3068 1366 ad
3115 1328 3272 1367 suum
3325 1316 3527 1384 opiﬁeii

1953 1416 2108 1456 usum
2137 1400 2437 1458 transferre
2465 1403 2689 1458 student
2736 1422 2753 1460 :
2809 1405 2891 1458 sic
2920 1404 3016 1475 qui
3049 1406 3232 1460 studet
3258 1422 3319 1462 se
3352 1410 3532 1462 omni-

1951 1494 2056 1549 bus
2120 1495 2342 1552 virtutis
2392 1497 2645 1566 partibus
2707 1495 3009 1568 perfectum
3061 1499 3314 1566 efﬁcere,
3375 1501 3536 1556 debet

1950 1585 2254 1654 elaborare,
2300 1598 2360 1645 ut
2407 1591 2563 1659 quasi
2600 1590 2668 1645 ad
2715 1590 3010 1646 simulacra
3037 1602 3190 1648 motu
3217 1605 3272 1648 et
3315 1593 3536 1650 actione

1957 1681 2209 1752 praedita,
2237 1682 2379 1738 vitas
2405 1684 2529 1739 dico
2559 1691 2901 1751 sanctorum,
2953 1699 3098 1756 sazpe
3143 1686 3336 1742 oculos
3363 1687 3529 1743 animi

1950 1783 2253 1832 convertat.

2022 1957 2078 2014 Si
2119 1961 2326 2018 videris
2359 1962 2665 2028 ethnicum,
2718 1963 2888 2019 vitam
2942 1971 3302 2028 temperatam
3352 1970 3406 2017 et
3440 1976 3530 2017 re-

1950 2052 2157 2122 liquam
2228 2055 2282 2108 in
2356 2056 2599 2109 moribus
2665 2054 3097 2110 moderationem
3168 2053 3527 2123 diligentius,

1951 2161 2116 2216 quam
2157 2146 2415 2216 teipsum,
2452 2162 2796 2209 conservare,
2833 2147 2921 2203 fac
2951 2155 3012 2201 ut
3034 2145 3276 2202 studium
3301 2155 3452 2200 tuum
3477 2151 3532 2198 et

1952 2237 2291 2312 diligentiam
2323 2240 2472 2294 circa
2497 2241 2687 2296 eadem
2719 2255 2945 2310 augeas.

2166 2329 2224 2384 Si
2256 2331 2517 2387 honestos
2551 2331 2797 2402 sequeris
2832 2331 3096 2394 monitus,

2172 2421 2292 2476 Non
2325 2423 2622 2477 erubesces
2658 2437 2687 2476 a
2721 2423 2877 2478 malis
2904 2422 3144 2476 derisus.

2163 2515 2318 2572 Ostia
2346 2518 2678 2587 sapientum,
2710 2531 2822 2570 non
2853 2516 3087 2570 divitum
3118 2513 3311 2568 terito.

3104 2603 3423 2675 (Theologi.)

2017 2700 2099 2757 Ad
2144 2701 2506 2758 eruditionem
2554 2709 2611 2755 et
2669 2699 3025 2754 munitionem
3089 2697 3301 2750 Domini
3337 2711 3404 2748 ne
3433 2695 3529 2748 ob-

1947 2801 2128 2850 turato
2160 2808 2340 2857 aures,
2368 2802 2428 2846 ut
2452 2791 2596 2859 aspis
2624 2791 2690 2844 ad
2730 2791 3160 2844 incantamenta.

2017 2884 2137 2940 Non
2193 2885 2448 2953 exiguum
2489 2881 2618 2952 quid
2658 2882 2874 2935 videtur
2916 2880 3107 2944 bonis,
3154 2877 3285 2932 licet
3329 2876 3526 2946 exigua

1964 2980 2326 3036 maximarum
2359 2994 2538 3033 rerum
2572 2977 2827 3033 imitatio.

348 3043 617 3111 Κρεῖσσον
656 3044 887 3116 δεύτερα
925 3046 1071 3118 ἔχειν
1124 3051 1376 3120 μεγάλων
1407 3054 1439 3123 ἢ
1470 3055 1664 3125 πρῶτα
1699 3075 1848 3113 πενι-

2021 3067 2252 3122 Praestat
2283 3079 2608 3137 magnorum
2641 3074 2826 3134 partes
2861 3061 3163 3127 secundas,
3195 3073 3358 3130 quam
3398 3071 3528 3127 par-

347 3152 446 3190 ων.

347 3152 446 3190 ων.

269 3152 498 3281 χρΦιλεῖ
525 3229 662 3306 πρὸς
691 3230 789 3294 τὰς
815 3233 1166 3307 ἀναστροφὰς
1195 3237 1262 3290 τὰ
1287 3236 1394 3308 ἢθη
1421 3239 1810 3311 ρυθμίζεσθαι.

349 3403 612 3476 Ἔλεγχος
651 3406 843 3477 ἀνδρὸς
882 3409 1044 3481 ἤθους
1088 3412 1122 3480 ἡ
1156 3411 1296 3480 μετὰ
1324 3412 1434 3464 τῶν
1477 3416 1698 3469 τοιῶνδε
1727 3434 1850 3470 συν-

270 3498 471 3552 ουσία⁶
518 3499 547 3551 ὃ
594 3517 654 3553 τε
702 3501 812 3572 γὰρ
845 3501 1048 3569 φαῦλος
1079 3501 1138 3568 ἐξ
1185 3504 1435 3573 ἀνάγκης
1477 3509 1586 3569 τοῖς
1638 3507 1849 3577 ὁμοίοις

273 3591 534 3646 συνέσται
555 3608 570 3624 ο
597 3594 625 3646 ὅ
654 3610 714 3645 τε
748 3595 793 3648 δ’
828 3591 893 3648 αὖ
931 3595 1092 3648 πάλιν
1134 3595 1369 3666 σώφρων
1409 3597 1502 3650 καὶ
1538 3601 1703 3666 σοφὸς
1735 3603 1849 3665 τοῖς
1884 3631 1887 3633 -

269 3691 348 3743 τὰ
375 3689 600 3744 τοιαῦτα
637 3689 932 3758 μετιοῦσιν.

351 3781 529 3834 Καλὸν
555 3781 640 3836 ἀεὶ
680 3782 756 3849 τῷ
789 3783 1062 3852 κρείττονι
1097 3784 1157 3838 τὸ
1203 3789 1386 3856 χεῖρον
1416 3786 1729 3840 ἀκολουθεῖν
1759 3785 1848 3839 διὰ

274 3872 616 3942 βελτιώσεως
646 3874 858 3929 ἐλπίδα.

867 3991 1085 4045 ΛΟΓΟΣ
1113 3993 1252 4060 AG".

275 4101 420 4170 "api
450 4104 829 4173 ,συναγωγῆς
885 4101 1087 4157 κακῶν⁸
1140 4102 1396 4170 ἀνδρῶν·
1445 4103 1545 4157 καὶ
1583 4102 1674 4157 ὅτι
1730 4105 1847 4173 χρὴ

348 4172 593 4239 φεύγειν
619 4173 724 4236 τὰς
755 4171 872 4226 τῶν
895 4173 1216 4242 μοχθηρῶν
1241 4173 1557 4241 ἑταιρείας,
1605 4175 1684 4240 ὡς
1719 4171 1851 4230 δλεὲ

352 4245 495 4309 Oper
530 4242 972 4309 προξενούσας.

364 4333 687 4401 ’Δφανίσατε
710 4336 803 4388 τὸν
829 4335 1065 4408 πονηρὸν
1093 4336 1151 4403 ἐξ
1181 4335 1334 4408 ὑμῶν
1363 4334 1565 4392 αὐτῶν.

349 4426 421 4478 Τὸ
447 4427 746 4497 ἀπέχεσθαι
773 4428 881 4481 ἀπὸ
912 4428 1096 4485 κακῶν
1129 4432 1277 4484 ἐστιν
1301 4431 1598 4502 ἐπιστήμη.

350 4605 638 4675 Μακάριος
662 4607 826 4678 ἀνὴρ,
850 4607 908 4670 ὃς
932 4606 1032 4660 οὐκ
1058 4608 1324 4679 ἐπορεύθη
1345 4612 1402 4663 ἐν
1427 4609 1592 4683 βουλῇ
1614 4612 1850 4681 ἀσεϐῶν,

272 4695 372 4748 καὶ
404 4698 461 4746 ἐν
489 4695 592 4766 ιῖδῷ
629 4697 970 4766 ἁμαρτωλῶν
1009 4696 1109 4749 οὐκ
1135 4697 1292 4767 ἔστη,
1325 4700 1422 4752 καὶ
1450 4699 1544 4754 ἐπὶ
1578 4701 1850 4773 καθέδραν

269 4786 484 4856 λοιμῶν
515 4788 614 4841 οὐκ
657 4788 935 4842 ἐκάθισεν.

351 4879 467 4932 Οὐκ
516 4879 744 4934 ἐκάθισα
791 4883 933 4950 μετὰ
975 4881 1255 4952 συνεδρίου
1307 4883 1695 4956 ματαιότητος,
1755 4888 1852 4940 καὶ

275 4970 424 5040 μετὰ
451 4971 914 5042 παρανομούντων
941 4973 1002 5026 οὐ
1043 4974 1120 5043 μὴ
1171 4973 1422 5030 εἰσέλθω.

354 5063 579 5134 Ἄφρων
602 5063 778 5134 ἐαυτῷ
806 5063 1086 5129 πεποιθὼς
1123 5065 1378 5136 μίγνυται
1403 5066 1614 5138 ἀνόμῳ.

352 5242 474 5308 Υίέ,
511 5243 588 5314 μή
644 5261 705 5297 σε
751 5245 1126 5316 πλανήσουσιν
1181 5248 1374 5319 ἄνδρες
1421 5249 1660 5314 ἀσεϐεῖς,
1713 5252 1852 5322 μήτε

278 5336 555 5408 πορευθῇς
579 5338 638 5391 ἐν
665 5337 770 5409 ὁδῷ
795 5341 912 5410 μετ’
940 5341 1148 5404 αὐτῶν.
1176 5343 1461 5397 Ἐκκλινον
1485 5345 1576 5396 τὸν
1603 5342 1736 5396 πόδα
1760 5360 1852 5396 σου

274 5429 388 5480 ἀπὸ
417 5427 525 5481 τῶν
554 5428 757 5499 τρίϐων
774 5430 974 5486 αὐτῶν.
996 5432 1071 5486 Οὐ
1108 5432 1217 5505 γὰρ
1253 5436 1327 5504 μὴ
1364 5435 1726 5504 ὑπνώσουσιν,
1760 5437 1854 5491 ἐὰν

280 5522 360 5592 μὴ
412 5525 879 5594 κακοποιήσωσιν.

356 5714 430 5782 (1)
473 5712 529 5765 In
563 5712 725 5780 epist.
756 5711 821 5765 ad
876 5708 1036 5781 Greg.
1070 5709 1144 5763 De
1175 5711 1276 5763 vita
1309 5711 1568 5766 sciitaria.

1953 3173 2144 3214 vorum
2176 3159 2382 3228 primas
2425 3165 2632 3213 tenere.

2022 3251 2213 3307 Solent
2241 3250 2309 3305 ad
2340 3251 2608 3305 rationem
2641 3246 3082 3304 conversationis
3110 3241 3526 3303 conviventium

1950 3358 2134 3398 mores
2163 3343 2437 3411 componi.

2023 3434 2307 3504 Cujusque
2333 3434 2610 3504 ingenium
2654 3433 2819 3503 quale
2875 3433 2950 3491 sit
2993 3446 3062 3488 ex
3107 3428 3529 3486 conversatione

1950 3529 2225 3596 arguitur;
2275 3527 2474 3581 etenim
2535 3526 2815 3596 improbus
2886 3523 3201 3581 necessario
3265 3535 3387 3573 cum
3440 3521 3524 3574 sui

1949 3619 2221 3674 sin-ilibus
2249 3619 2600 3685 versabitur;
2639 3625 2838 3672 contra
2888 3625 3072 3670 autem
3130 3621 3443 3680 temperans
3474 3621 3530 3662 et

1948 3710 2164 3780 sapiens
2195 3724 2317 3762 cum
2351 3709 2418 3764 iis
2441 3710 2534 3777 qui
2564 3709 2751 3764 eadem
2779 3715 3054 3762 exercent.

2022 3801 2290 3855 Philonis.
2325 3801 2535 3854 Bnnum
2565 3808 2652 3855 est
2698 3813 2916 3866 semper
2960 3807 3021 3852 ut
3055 3796 3360 3865 improbior
3415 3808 3529 3847 me-

1949 3894 2142 3950 liorem
2181 3902 2472 3962 sequatur,
2506 3900 2722 3961 prepter
2767 3888 3169 3944 emendationis
3208 3902 3383 3956 spem.

2320 4000 2554 4058 ssauo
2585 3999 2806 4055 xxxw
2847 3997 2943 4071 [αι.
2977 3996 3126 4070 XX].

1955 4117 2027 4171 De
2056 4112 2742 4186 congregationepmalmjum
2770 4111 3040 4186 virorum;
3071 4121 3120 4164 et
3159 4109 3300 4186 quod
3324 4121 3526 4180 oportet

2124 4182 2435 4240 sodalitates
2461 4184 2819 4251 improborum
2853 4182 3104 4236 exitiosus
3137 4183 3354 4237 evitare.

2023 4343 2172 4397 Deut.
2210 4356 2248 4394 ι.
2279 4340 2540 4394 Amovete
2570 4354 2636 4392 ex
2668 4339 2820 4394 vobis
2851 4337 3181 4406 improbum.

1878 4425 1924 4480 Ῑ)
2022 4432 2207 4488 ICor.
2255 4450 2304 4490 v.
2359 4433 2429 4486 Se
2493 4431 2765 4486 abstinere
2823 4434 2890 4485 ab
2945 4431 3210 4500 improbis
3269 4429 3423 4493 viris,
3474 4426 3528 4482 id

1950 4526 2170 4580 demum
2197 4523 2427 4579 scientia
2461 4531 2566 4576 cst.

2020 4613 2172 4668 Psal.
2204 4629 2244 4666 1.
2277 4611 2474 4666 Beatus
2496 4611 2588 4680 qui
2614 4610 2668 4662 in
2701 4608 2936 4664 concilio
2961 4609 3250 4676 impiorum
3276 4622 3384 4661 non
3410 4623 3530 4661 am-

1947 4704 2123 4769 bulat,
2159 4717 2261 4757 nec
2304 4701 2356 4754 in
2392 4700 2484 4754 via
2538 4699 2942 4754 scelerosorum
2978 4699 3141 4770 178
3171 4707 3301 4763 stat,
3333 4714 3433 4754 nec
3465 4698 3522 4752 in

1948 4795 2078 4850 sede
2111 4791 2493 4863 pestiferorum
2530 4790 2693 4844 sedit.

2027 4884 2146 4938 Non
2177 4881 2297 4938 sedi
2356 4882 2412 4937 in
2471 4893 2737 4937 consessu
2789 4879 3068 4948 vanitatis,
3102 4894 3206 4936 nec
3251 4879 3527 4953 ingrediar

1952 4992 2078 5034 cum
2105 4972 2412 5044 exlegibus.

2033 5066 2307 5123 Solomon.
2369 5064 2640 5136 insipiens
2683 5063 3026 5121 conﬁdenter
3074 5081 3132 5120 se
3167 5079 3292 5119 cum
3341 5064 3526 5136 exlege

1952 5160 2293 5217 commiscet.

2029 5254 2154 5322 Fili,
2199 5257 2324 5311 vide
2362 5272 2428 5312 ne
2467 5266 2519 5314 te
2573 5259 2838 5316 sedueant
2887 5256 3065 5326 impii,
3117 5269 3218 5310 nec
3275 5255 3526 5325 sequaris

1955 5362 2146 5403 eorum
2184 5349 2458 5405 instituta.
2495 5349 2726 5406 Deﬂecte
2759 5366 2789 5405 a
2817 5349 2918 5404 viis
2946 5348 3203 5413 illorum;
3242 5361 3348 5400 non
3377 5348 3519 5399 enim

1954 5454 2206 5496 somnum
2255 5455 2454 5512 capere
2485 5450 2736 5512 possunt,
2783 5441 2889 5498 nisi
2945 5440 3271 5496 maleﬁcium
3307 5435 3521 5504 aliquod

1956 5532 2352 5589 commiserint.
