3992 6252
501 260 652 328 ’1Ε95

1811 257 2121 317 ΑΝΤΟΝΙΙ
2166 257 2510 318 ΜΕῌΞΞΕ

3645 255 3771 318 lOilG

581 378 698 433 Noli
761 378 1005 434 :emulari
1060 377 1315 447 exleges;
1373 374 1686 444 ubicunque
1753 380 1935 429 castra
1986 389 2064 428 su:

2264 375 2356 444 Μὴ
2392 370 2643 446 ζηλώσῃς
2674 373 2826 436 ὁδοὺς
2859 373 3073 444 ἀνόμων
3100 387 3116 401 ·
3146 370 3204 424 ἓν
3233 363 3278 439 ᾧ
3328 365 3401 426 ἂν
3426 374 3580 442 τόπῳ
3610 391 3773 445 στρα.

509 470 820 542 posuerint,
875 484 941 524 eo
996 469 1082 523 fac
1134 484 1204 523 ne
1253 468 1512 534 accedas;
1561 466 1775 522 declina
1832 466 1956 521 illos
2021 480 2086 518 ac

511 561 725 632 pra-teri
756 578 771 627 ;
807 576 917 614 non
949 560 1095 615 enim
1144 574 1398 615 somnum
1443 559 1685 630 capient,
1718 558 1823 615 nisi
1874 558 2085 612 malati-

507 655 652 707 cium
688 653 1087 708 commiserint.

579 745 736 800 Viam
770 746 1059 814 impiorum
1087 760 1155 801 ne
1180 746 1529 819 ingrediaris,
1564 761 1667 803 nec
1699 745 1942 817 exlegum
1969 744 2083 799 vias

505 838 813 905 quaesieris.

579 930 684 994 Qui
715 944 838 983 cum
880 930 1271 1000 insipientibus
1294 933 1666 1000 congreditur,
1693 940 2042 999 agnoscetur.

580 1020 706 1086 Fili,
737 1024 911 1078 malos
941 1025 1087 1078 viros
1117 1040 1184 1079 ne
1210 1026 1501 1089 a'mnleris,
1530 1041 1629 1080 nec
1662 1026 1873 1078 illorum
1902 1033 2079 1078 castus

507 1114 955 1183 appetas:falsa
1011 1117 1160 1169 enim
1218 1116 1514 1171 meditatur
1574 1132 1669 1171 cor
1723 1117 1962 1180 illorum,
2026 1124 2082 1171 et

506 1205 735 1258 molesta
766 1204 905 1259 labia
939 1206 1255 1259 eorumdem
1300 1204 1616 1274 loquuntur.

581 1295 741 1349 Prov.
778 1311 972 1349 χχχιιι.
1000 1293 1078 1350 Ne
1109 1305 1160 1349 te
1187 1296 1456 1367 adiungas
1504 1297 1746 1352 sodalem
1786 1297 2068 1363 iracundo,

503 1396 598 1440 aut
629 1386 807 1440 amico
835 1388 1103 1442 iracundo
1131 1390 1604 1456 contubernalem,
1646 1405 1714 1445 ne
1754 1391 1932 1445 discas
1961 1403 2079 1444 tan-

503 1478 627 1535 dem
667 1480 813 1535 illius
850 1480 988 1545 vias,
1024 1490 1078 1535 et
1110 1482 1362 1549 laqueum
1395 1481 1580 1549 capias
1610 1482 1804 1536 animo:
1845 1490 1968 1537 tute.

575 1570 687 1627 ha.
714 1574 942 1628 A-bstine
982 1572 1051 1627 ab
1089 1572 1316 1643 injuste,
1364 1582 1419 1628 et
1466 1589 1575 1629 non
1627 1575 1936 1640 terreberis,
1976 1591 2076 1631 nec

502 1670 709 1720 tremor
737 1666 1196 1736 appropinquabit
1228 1666 1342 1722 tibi.

567 1756 599 1810 Ι
627 1756 805 1811 Thess.
840 1775 890 1811 ν.
946 1757 1303 1827 Praecipimus
1356 1760 1537 1826 vobis,
1592 1758 1812 1825 fratres,
1851 1764 2071 1817 nomine

502 1848 711 1903 Domini
760 1851 930 1904 nostri
977 1848 1106 1905 Jesu
1142 1851 1372 1915 Christi,
1424 1860 1482 1906 ut
1514 1853 1784 1908 secedatis
1828 1857 1897 1908 ab
1931 1873 2070 1909 uno-

496 1955 719 2012 quoque
771 1944 939 1997 fratre
997 1944 1359 1999 immoderate
1411 1955 1468 1999 et
1520 1945 1640 1999 sine
1669 1946 1860 2001 ordine
1891 1964 1949 2002 se
1982 1967 2070 2013 ge-

2187 466 2580 527 τοπεδεύσωσι,
2617 464 2692 532 μὴ
2715 464 2954 537 ὲπέλθῃς
2985 464 3132 517 ἐκεῖ·
3164 464 3412 518 ἕκκλινον
3467 466 3567 518 ἀπ’
3592 467 3768 521 αὐτῶν

2187 559 2283 613 καὶ
2314 558 2681 629 παράλλαξον.
2706 559 2784 612 Οὐ
2819 557 2927 629 γὰρ
2959 556 3035 630 μὴ
3065 556 3429 624 ὑπνὼσουσιν,
3455 558 3549 612 ἐὰν
3572 560 3651 628 μὴ
3675 579 3772 614 κα-

2186 651 2583 720 κοποιήσωσιν.
2742 723 2746 726 _

2267 741 2453 804 Ὁδοὺς
2484 739 2701 795 ἀσεϐῶν
2728 738 2805 811 μὴ
2842 738 3099 811 ὲπέλθῃς,
3147 739 3282 811 μηδὲ
3322 738 3568 813 ζητήσῃς
3614 742 3768 805 ὁδοὺς

2183 834 2543 904 παρανόμων.

2264 927 2324 980 '0
2355 928 2904 997 συμπεριφερόμενος
2941 927 3143 996 ἄφροσι
3172 926 3579 997 γνωσθήσεται.

2254 1018 2374 1086 Υἱὲ,
2404 1019 2479 1091 μὴ
2504 1020 2757 1090 ζηλώσῃς
2781 1020 2984 1080 κακοὺς
3009 1019 3230 1086 ἄνδρας,
3259 1020 3393 1090 μηδὲ
3416 1020 3765 1090 ἐπιθυμήσῃς

2181 1110 2322 1167 εἶναι
2348 1110 2466 1183 μετ’
2496 1113 2699 1166 αὐτῶν.
2723 1111 2913 1183 Ψευδῆ
2933 1114 3042 1181 γὰρ
3069 1111 3319 1183 μελετᾷή
3345 1113 3545 1182 καρδία
3563 1114 3763 1179 αὐτῶν,

2180 1204 2275 1259 καὶ
2299 1206 2494 1267 πόνους
2519 1205 2588 1257 τὰ
2617 1204 2771 1274 χείλη
2810 1203 2992 1259 αὐτῶν
3021 1203 3191 1259 λαλεί.

2251 1295 2344 1365 Μὴ
2374 1293 2486 1348 ἴσθι
2519 1296 2734 1365 ἑταῖρος
2774 1293 2932 1364 ἀνδρὶ
2963 1294 3226 1365 θυμώδει,
3270 1294 3406 1367 μηδὲ
3439 1294 3763 1353 συναυλίξου

2178 1392 2318 1462 φίλῳ
2346 1391 2570 1464 ὀργίλῳ,
2601 1392 2808 1460 μήποτε
2841 1391 3019 1464 μάθῃς
3043 1391 3154 1444 τῶν
3175 1389 3311 1443 ὁδῶν
3343 1389 3533 1455 αὑτοῦ,
3554 1392 3649 1445 καὶ
3673 1391 3763 1445 λά-

2179 1487 2281 1556 ειις
2317 1483 2546 1555 βρόχους
2576 1488 2641 1554 τῇ
2680 1489 2744 1555 σῇ
2777 1484 2944 1556 ψυχῇο
3166 1546 3169 1547 κ

2258 1579 2490 1648 Ἀπέχου
2519 1576 2614 1632 τοῦ
2642 1577 2849 1644 ἀδίκου,
2883 1577 2979 1631 καὶ
2999 1578 3060 1631 οὐ
3084 1576 3395 1650 φοϐηθὴσῃ,
3433 1576 3532 1629 καὶ
3561 1577 3763 1647 τρόμος

2176 1671 2277 1726 οὐκ
2304 1674 2480 1739 ἐγγιεῑ
2498 1689 2601 1726 σοι.

2250 1765 2714 1835 Παραγγέλλομεν
2740 1766 2890 1833 ὑμῖν,
2923 1763 3162 1828 ἀδελφοὶ,
3190 1765 3246 1815 ὲν
3266 1763 3489 1834 ὀνόματι
3522 1764 3618 1816 τοῦ
3648 1763 3762 1815 Κι-

2179 1858 2295 1929 ρίου
2325 1857 2484 1929 ἡμῶν
2521 1856 2696 1926 Ἰησοῦ
2722 1858 2983 1922 Χριστοῦ,
3012 1856 3295 1908 στέλλεσθε
3318 1857 3461 1924 ὑμᾶς
3490 1857 3598 1908 ἀπὸ
3630 1874 3760 1908 παν-

2172 1950 2268 2014 τὸς
2300 1950 2536 2018 ἀδελφοῦ
2567 1950 2819 2012 ἀτάκτως
2874 1948 3327 2018 περιπατοῦντος,
3358 1948 3457 2001 καὶ
3489 1948 3567 2018 μὴ
3615 1950 3756 2000 κατὰ

496 2043 671 2096 rente,
698 2042 751 2089 et
790 2050 897 2090 non
948 2051 1009 2090 ea
1058 2038 1270 2091 ratione
1305 2052 1470 2109 quam
1524 2054 1552 2091 a
1603 2039 1763 2094 nobis
1814 2042 2064 2097 traditam

2192 2043 2273 2113 τὴν
2306 2040 2608 2108 παράδοσιν
2635 2038 2703 2110 ἢν
2731 2036 3075 2107 παρελάϐετε
3112 2035 3242 2106 παρ’
3278 2035 3438 2106 ἐμοῦ.

496 2125 850 2192 accrperatis.

567 2213 760 2280 Ριιμίιθ
793 2217 1127 2273 imitationes
1166 2219 1676 2275 condemuatorum.

561 2304 593 2359 Ι
628 2305 749 2361 Cor.
786 2324 837 2362 ν.
870 2309 928 2362 Si
963 2312 1115 2378 quis,
1141 2310 1310 2366 frater
1354 2326 1481 2367 cum
1517 2314 1847 2379 nominetur,
1905 2315 2069 2369 fuerit

499 2400 584 2450 vel
621 2409 917 2464 scortator,
948 2403 1033 2455 vel
1057 2402 1483 2456 simulacrorum
1527 2401 1729 2466 cultor,
1767 2404 1850 2456 vel
1883 2407 2071 2458 conri-

494 2491 693 2555 ciator,
729 2488 810 2543 vel
832 2504 1023 2559 rapax,
1055 2506 1179 2545 cum
1197 2491 1481 2560 ejusmodi
1532 2507 1600 2547 ne
1631 2491 1814 2547 cibum
1846 2496 2064 2563 quidem

492 2580 724 2647 sumite;
769 2581 942 2637 tollite
977 2598 1043 2637 ex
1080 2583 1234 2638 vobis
1264 2585 1597 2653 improbum.

482 2693 495 2697 '
565 2672 780 2727 Sirach.
808 2673 944 2730 Cum
976 2674 1268 2744 disciplina
1307 2677 1623 2733 carentibus
1677 2693 1746 2734 ne
1793 2678 2062 2739 colludas.

492 2777 560 2818 ne
596 2773 850 2833 parentes
875 2767 952 2820 tui
987 2766 1188 2835 probro
1217 2767 1540 2825 alliciantur.
1608 2806 1611 2809 -

563 2855 623 2911 S.
658 2856 871 2913 Basilii.
893 2858 1223 2916 Perniciosa:
1260 2871 1390 2917 sunt
1429 2864 1696 2919 malorum
1724 2866 2066 2935 congressio-

486 2966 583 3004 ncs
603 2966 618 3004 :
637 2951 905 3019 siquidem
927 2952 1043 3006 haec
1059 2960 1141 3007 est
1165 2953 1417 3008 amicitia:
1434 2955 1516 3009 lex
1543 2970 1605 3010 ac
1624 2958 1982 3025 consuetudo,
2007 2970 2065 3013 ut

2242 2224 2481 2293 Φεύγετε
2510 2224 2611 2285 τὰς
2642 2224 2905 2292 μιμήσεις
2941 2222 3049 2274 τῶν
3084 2220 3577 2290 κατεγνωσμένων.

2256 2317 2381 2371 Ἐάν
2411 2334 2496 2380 τις
2523 2312 2750 2383 ἀδελφὸς
2774 2312 3174 2384 ὀνομαζόμενος
3207 2307 3241 2391 ᾖ
3276 2312 3503 2383 πόρνος,
3529 2314 3564 2382 ἢ
3600 2314 3753 2367 εἰδω-

2172 2408 2528 2482 λολάτρης,ἢ
2574 2408 2900 2479 λοίδορος,ἢ
2959 2407 3168 2480 ἅρπαξ,
3200 2406 3279 2478 τῷ
3326 2409 3561 2478 τοιούτῳ
3617 2411 3753 2479 μηδὲ

2174 2503 2480 2556 συνεσθίειν
2512 2517 2528 2533 ·
2594 2498 2828 2572 ἐξάρατε
2874 2500 2968 2553 τὸν
3023 2499 3262 2568 πονηρὸν
3326 2498 3387 2564 ἐξ
3447 2500 3606 2570 ὑμῶν
3651 2502 3751 2555 αὖ·

2253 2614 2302 2648 ν.

2169 2614 2335 2753 fugin
2363 2681 2673 2754 πρόσπαιζε
2724 2681 3095 2749 ἀπαιδεύτοις,
3138 2684 3226 2737 ἴνα
3256 2682 3333 2755 μὴ
3378 2685 3752 2755 ἀτιμάζωνται

2169 2781 2220 2833 oi
2255 2781 2435 2846 γονεῖς
2461 2795 2579 2831 σου.

2164 2870 2169 2875 ”
2240 2870 2514 2939 Βλαὸεραὶ
2539 2868 2595 2921 αἱ
2629 2866 2768 2938 πρὸς
2801 2866 2927 2928 τοὺς
2962 2865 3169 2928 κακοὺς
3201 2867 3487 2919 συνουσίαι
3515 2883 3531 2898 ο
3563 2868 3748 2937 ἔπειδῆ
3850 2912 3854 2914 ι

2165 2965 2328 3034 νόμος
2354 2957 2509 3026 οὗτος
2535 2960 2716 3031 φιλίας
2741 2958 2810 3013 δι’
2831 2959 3145 3029 ὁμοιότητος
3164 2959 3465 3026 πεφυκέναι
3490 2961 3605 3022 τοῖς
3626 2977 3749 3012 συνο

493 3056 591 3111 per
629 3043 1037 3098 similitudinem
1073 3044 1419 3114 ingeneretur
1444 3047 1778 3117 conjunctis.
1810 3047 1882 3103 Ut
1910 3050 2053 3106 enim

2192 3055 2491 3125 ιπτομένοις
2534 3050 2871 3121 ἐγγίνεσθαι.
2908 3051 2998 3113 Ὠς
3035 3050 3144 3119 γὰρ
3185 3051 3243 3102 ὲν
3297 3052 3414 3113 τοῖς
3448 3055 3747 3114 νοσοποιοξ

492 3136 546 3188 in
591 3135 977 3204 pestilentibus
1005 3136 1141 3190 locis
1172 3136 1434 3205 paulatim
1465 3153 1559 3192 aer
1606 3140 1888 3196 immiss‘us
1912 3157 2059 3197 mor-

490 3229 618 3279 bum
651 3227 865 3283 occulte
910 3228 1023 3283 illic
1060 3230 1384 3301 degentibus
1416 3232 1676 3299 immittit,
1733 3235 1814 3290 sic
1859 3228 2066 3305 impro-

490 3318 682 3372 Iorum
741 3320 1086 3376 consuetudo
1130 3322 1298 3376 multa
1338 3324 1507 3399 \mala-
1550 3325 1830 3394 importat,
1859 3328 2056 3382 ctiam-

488 3405 537 3458 ιιὶ
569 3406 850 3463 calamitas
874 3408 931 3463 in
957 3413 1246 3479 praesentia
1274 3414 1466 3467 oculos
1506 3413 1692 3484 fugiat.

637 3586 814 3644 Bonos
848 3605 954 3644 non
997 3590 1159 3648 bonis
1185 3607 1405 3662 semper
1434 3599 1774 3667 anteponito.

628 3677 764 3732 Nam
788 3680 834 3734 si
859 3695 984 3736 cum
1007 3681 1162 3740 malis
1182 3685 1442 3753 verseris,
1464 3688 1638 3743 malus
1661 3690 1884 3745 omnino
1913 3690 2031 3746 fies.

1597 3782 1616 3846 (
1624 3779 1913 3852 Tlteologi.)

560 3865 621 3921 S.
657 3866 933 3938 Cltrysost.
971 3866 1244 3926 Delicatos
1273 3879 1328 3926 et
1358 3871 1661 3928 dissolutos
1693 3889 1756 3929 ac
1784 3875 2059 3944 improbos

486 3962 685 4026 vitato,
720 3975 785 4016 ac
809 3961 972 4016 etiam
1009 3975 1106 4018 eos
1141 3962 1234 4031 qui
1278 3975 1461 4024 scorta
1495 3964 1738 4023 ductant.

558 4052 620 4108 S.
650 4054 909 4109 Albanas.
939 4053 1056 4110 Non
1086 4057 1247 4111 modo
1283 4072 1314 4110 a
1363 4057 1507 4113 vitiis
1536 4072 1729 4115 cavere
1771 4058 2054 4129 debemus,

489 4163 553 4200 ac
606 4162 669 4202 ea
694 4148 888 4214 vitare,
951 4163 1142 4203 verum
1190 4149 1356 4204 etiam
1391 4165 1488 4205 eos
1532 4152 1624 4221 qui
1670 4152 1798 4207 talia
1846 4152 2054 4209 faciunt

481 4249 745 4288 aversarh

558 4325 721 4396 179
755 4325 815 4381 S.
850 4327 1058 4396 Cyrilli.
1090 4330 1360 4400 Improbis
1385 4314 1709 4399 connivere,
1731 4344 1782 4390 et
1826 4314 2048 4392 noxium

480 4408 564 4472 'est
593 4427 648 4474 et
668 4415 1078 4487 vituperatione
1098 4421 1341 4490 dignum.

551 4509 855 4566 Clementis.
876 4510 919 4566 A
940 4513 1222 4569 sceleratis
1251 4514 1492 4579 liberari,
1525 4525 1608 4570 est
1632 4517 1792 4571 saluti
1822 4518 2048 4576 initiari.

550 4602 889 4661 Nili.'Probi
914 4606 1013 4662 viri
1064 4608 1131 4663 ad
1169 4610 1444 4681 improbos
1482 4616 1820 4672 'aCCedentes
1883 4616 2053 4670 multo

477 4696 693 4753 facilius
719 4684 845 4753 vitia
869 4700 1111 4767 trahunt,
1141 4716 1303 4772 quam
1338 4688 1603 4762 virtutem
1625 4709 1958 4778 impertiant.

552 4875 811 4932 Philonis.
843 4875 1168 4933 Perniciosa!)
1208 4880 1337 4934 sum
1384 4873 1675 4939 stultorum
1711 4887 2049 4955 congressio-

479 4981 578 5023 nes
616 4985 629 5021 :
665 4976 719 5023 et
762 4969 943 5024 animo
1006 4985 1148 5039 saepe
1204 4973 1441 5028 audienti
1503 4976 1717 5031 illorum
1766 4977 2049 5035 dementiae

475 5057 767 5113 simulacra
799 5062 1207 5133 imprimuntur.

544 5147 661 5202 Non
708 5166 800 5206 rus
839 5154 1133 5224 improbos,
1186 5174 1291 5214 non
1338 5160 1465 5214 urbs
1510 5163 1677 5216 bonos
1716 5160 1903 5227 eﬂicit,
1952 5164 2045 5220 sed

474 5237 664 5296 talittm
693 5248 1052 5303 consuetudo.

863 5359 1093 5417 SERMO
1128 5364 1361 5421 XXXVII
1400 5366 1492 5439 [αι.
1530 5368 1671 5444 XII].

571 5452 644 5507 De
674 5451 782 5506 illis
805 5452 895 5522 qui
919 5454 1142 5522 optimos
1175 5469 1221 5510 et
1252 5470 1466 5513 sanctas
1488 5464 1627 5516 viros
1660 5467 1942 5519 honorant.

542 5608 674 5662 Gen.
705 5627 794 5665 xx.
825 5608 1207 5666 Abimelechus
1252 5614 1396 5668 mille
1438 5615 1753 5670 didraclnna
1806 5618 2038 5688 argenti,

474 5710 624 5761 oves.
656 5705 872 5768 vitulos,
898 5718 1096 5767 pueros
1122 5713 1175 5759 et
1204 5707 1414 5776 puellas
1447 5709 1753 5764 Abrahamo
1778 5710 2036 5766 donavit:

2171 3148 2393 3221 χωρίοις
2413 3145 2556 3199 κατὰ
2592 3145 2757 3212 μέρος
2788 3142 3246 3211 ἀναπεμπόμενος
3274 3142 3301 3193 ὁ
3321 3140 3431 3211 ἀήρ
3459 3142 3747 3196 λανθάνον-

2171 3257 2272 3292 σαν
2305 3237 2462 3290 νόσον
2490 3237 2604 3295 τοῖς
2619 3231 3058 3302 ἐνδιαιτωμένοις
3077 3231 3489 3301 ὲναποτίθησιν,
3519 3232 3689 3285 οὕτως
3710 3235 3743 3302 ἡ

2169 3331 2307 3401 πρὸς
2336 3329 2463 3391 τοὺς
2489 3325 2728 3396 φαύλους
2763 3324 3022 3377 συνουσία
3058 3322 3271 3392 μεγάλα
3319 3322 3470 3376 κακά
3498 3327 3619 3388 ταῖς
3642 3310 3751 3392 Qu;

2166 3423 2289 3494 χαίς
2317 3418 2595 3487 ὲναφίησι,
2624 3415 2728 3470 κᾶν
2754 3414 2854 3485 τὴν
2885 3414 3202 3482 παραυτίκα
3224 3413 3482 3482 αἴσθησιν
3520 3414 3583 3468 τὸ
3620 3414 3744 3485 βλα-

2167 3513 2229 3566 σε
2239 3502 2331 3583 ῥὸν
2360 3509 2648 3580 διαφεύγῃ.

2250 3604 2365 3657 Ἀεὶ
2389 3603 2635 3673 προτίμα
2662 3602 2790 3663 τοὺς
2823 3600 3025 3663 καλοὺς
3061 3598 3171 3652 τῶν
3209 3598 3283 3669 μὴ
3320 3598 3461 3654 καλᾶ

2236 3699 2446 3762 Κακοίς
2470 3696 2516 3750 δ’
2537 3693 2742 3765 ὁμιλῶν
2761 3692 2855 3748 καὶ
2885 3692 3056 3756 κακὸς
3089 3692 3307 3755 πάντως
3336 3691 3459 3763 ἔσῃ.

2231 3876 2403 3945 Φεῦγε
2432 3876 2557 3938 τοὺς
2583 3872 2790 3942 βλάκας
2817 3872 2912 3925 καὶ
2945 3869 3204 3934 ἐκλύτους
3228 3869 3431 3940 ἄνδρας
3447 3871 3549 3924 καὶ
3574 3884 3731 3938 nosn-

2164 3971 2314 4041 ροὺς,
2345 3969 2440 4022 καὶ
2481 3966 2875 4036 ήταιρηκότας.

2233 4062 2326 4113 Δεῖ
2355 4059 2429 4129 μὴ
2469 4059 2631 4127 μόνον
2667 4057 2967 4125 ἀπέχεσθαι
3024 4056 3132 4109 τῶν
3185 4055 3399 4120 κακῶν,
3456 4055 3599 4111 ἀλλά
3646 4055 3733 4109 καὶ

2156 4155 2285 4217 τοὺς
2311 4152 2384 4206 τὰ
2407 4150 2632 4205 τοιαῦτα
2660 4151 3004 4219 πράσσοντας
3018 4147 3491 4218 ἀποστρέφεσθαι.

2230 4331 2305 4384 Τὸ
2333 4306 2737 4384 συνδιαιτᾶσθαι
2770 4330 2882 4391 τοῖς
2915 4328 3141 4398 φαύλοις
3169 4327 3466 4393 ὲπιϐλαϐὲς
3496 4331 3591 4385 καὶ
3621 4330 3729 4383 ἐπί-

2086 4431 2134 4490 D
2158 4426 2347 4496 ψογον.
2410 4442 2416 4449 ”

2236 4518 2303 4569 Ἦ
2350 4516 2459 4569 τῶν
2515 4516 2704 4569 κακῶν
2748 4514 3043 4584 ἀπαλλαγὴ
3092 4513 3365 4585 σωτηρίας
3391 4515 3548 4569 ἐστὶν
3571 4515 3724 4585 ἀρχή.

2162 4628 2167 4633 ·
2224 4606 2494 4671 Πολλάκις
2538 4608 2729 4677 ἄνδρες
2780 4606 2996 4675 ἀγαθοὶ,
3032 4608 3221 4669 κακοῖς
3274 4606 3719 4678 προσγενόμενοι,

2156 4699 2335 4769 πολλῷ
2369 4700 2561 4754 θᾶττον
2589 4699 2786 4761 κακίας
2845 4696 3160 4767 μέτελαϐον,
3208 4694 3243 4766 ἢ
3281 4696 3579 4766 μετέδοσαν
3608 4698 3722 4766 ἀρε-

2150 4808 2266 4853 της.

2160 4810 2266 4863 της.

2160 4899 2165 4903 ·
2221 4883 2498 4952 Βλαὸεραὶ
2530 4882 2640 4936 τῶν
2681 4882 2924 4953 ἀνοήτων
2973 4882 3030 4961 αξ
3080 4882 3397 4935 συνουσίαιο
3446 4882 3541 4934 καὶ
3569 4880 3716 4934 ἀκού-

2147 4995 2283 5032 ουσα
2330 4975 2587 5040 πολλάκις
2642 4974 2809 5045 ψυχὴ,
2859 4970 2960 5044 τῆς
3011 4975 3236 5028 ἐκείνων
3303 4973 3714 5044 φρενοϐλαϐεἴας

2148 5068 2450 5139 ἀπομάττει
2478 5068 2545 5122 τά
2565 5058 2778 5122 εἴδωλα.

2219 5160 2296 5214 Οὐ
2327 5161 2475 5233 ποιεί
2507 5158 2677 5227 ἀγρὸς
2728 5158 2987 5228 φαύλους,
3039 5157 3159 5211 οὐδὲ
3189 5159 3324 5212 ἄστυ
3375 5156 3703 5217 σπουδαίους,

2145 5249 2260 5304 ἀλλ’
2286 5253 2322 5324 ἠ
2356 5249 2492 5322 μετά
2523 5249 2635 5304 τῶν
2666 5249 2888 5304 τοιῶνδε
2919 5249 3292 5318 συνδιατριὸή.

2734 5363 2953 5417 ΛΟΓΟΣ
2997 5363 3117 5417 ΛΖ’.

2146 5456 2286 5526 Περὶ
2339 5455 2457 5511 τῶν
2509 5455 2654 5524 τοὺς
2680 5453 3114 5543 ἀρίστρυςῃκαὶ
3139 5452 3348 5523 ἁγίους
3387 5451 3606 5520 ἄνδρας
3629 5464 3703 5502 τι·

2794 5541 3063 5595 μωντων.

2216 5622 2327 5675 Καὶ
2356 5620 2546 5674 ἔλαϐεν
2592 5619 2883 5688 Ἀϐιμέλεχ
2930 5618 3078 5699 χίλια
3111 5616 3384 5686 δίδραχμα
3420 5613 3692 5685 ἀργυρίου.

2144 5711 2239 5765 καὶ
2291 5709 2559 5777 πρόϐατα,
2609 5709 2704 5762 καὶ
2752 5709 3009 5778 μόσχους,
3036 5706 3132 5758 καὶ
3169 5706 3364 5766 παῖδας
3411 5705 3502 5756 καὶ
3536 5701 3691 5756 παιδί-
