3992 6252
453 306 596 370 1099

1737 306 2058 380 ,ΑκτοΝιι
2103 309 2450 371 MELtssa

3566 309 3593 376 1
3605 310 3700 375 1'00

524 417 677 473 Prov.
700 432 847 474 xm.
877 415 1161 488 Sapientes
1184 425 1239 472 ct
1257 430 1480 486 sagaces
1499 413 1783 485 improbos
1809 425 2024 469 vocant.

2203 419 2341 484 Τοὺς
2374 418 2573 488 σοφοὺς
2601 421 2695 474 καὶ
2725 435 2982 481 συνετους
3007 419 3245 488 φαύλους
3278 415 3560 475 καλοῦσιν.

523 508 631 564 Viri
665 509 1158 579 sanguinariiquod
1178 515 1425 563 sanetum
1458 515 1562 571 est,
1595 507 1850 561 oderunt.

520 600 938 655 Abominandus
969 608 1052 654 est
1080 600 1351 655 scelerato
1393 599 1618 655 divinus
1646 601 1852 656 cultus.

526 692 585 746 in
612 693 831 760 regione
864 690 1154 762 impiorum
1185 693 1339 763 probi
1371 677 1593 765 gemunt
1618 710 1632 746 :
1656 704 1710 749 at
1741 695 1792 747 in
1819 694 2031 747 illorum

451 785 617 838 cxitio
644 785 768 838 boni
798 786 1158 854 augebuntur.

524 875 635 929 Isa.
674 891 752 931 In.
790 867 951 931 MiScr
978 879 1196 930 animus
1236 875 1615 945 iilorum,quia
1645 876 1841 933 malum
1879 890 2034 943 cepe-

454 974 580 1017 runt
612 966 902 1020 consilium
941 976 1131 1021 contra
1159 966 1392 1038 scipsos,
1451 966 1697 1022 dicentes
1730 983 1742 1020 :
1785 963 2034 1022 Vinculis

454 1057 898 1127 eonstringamus
951 1061 1185 1126 justum,
1239 1058 1364 1127 quia
1409 1057 1566 1112 nobis
1613 1063 1696 1112 est
1741 1057 2032 1114 obnoxius.

456 1147 598 1217 Ergo
629 1148 840 1204 fructus
876 1165 1102 1218 operum
1139 1150 1354 1204 illorum
1429 1149 1787 1204 devorabunt.

526 1240 750 1308 Sap.1v.
793 1242 847 1297 Si
878 1241 1111 1294 viderint
1135 1242 1368 1313 justum,
1399 1251 1790 1298 contemnent:
1850 1242 2036 1296 Domi-

457 1351 562 1389 nus
591 1344 770 1388 autem
837 1334 1084 1389 irridebit
1143 1351 1236 1390 eos
1272 1350 1285 1386 :
1324 1335 1516 1390 deinde
1572 1335 1932 1406 ignominiose
1983 1341 2038 1391 et

461 1428 854 1480 contumeliose
881 1428 1282 1481 tractabuntur.

536 1519 677 1573 Ibid.
714 1535 766 1573 ν.
792 1517 946 1573 Tunc
975 1535 1096 1573 cum
1132 1533 1325 1587 magna
1351 1519 1654 1574 constantia
1668 1518 1835 1574 stabit
1860 1517 2040 1588 justus

460 1613 724 1668 adversus
754 1628 847 1666 ora
877 1627 1059 1666 eorum
1095 1611 1186 1679 qui
1227 1613 1405 1679 ipsum
1453 1611 1746 1666 aﬂlixeriut
1785 1650 1800 1672 ,
1843 1619 1900 1664 et
1945 1609 2042 1679 qui

457 1704 882 1774 repudiaverunt
903 1706 1121 1759 labores
1147 1704 1347 1774 ipsius,
1366 1717 1599 1772 cumque
1630 1701 1888 1769 viderint,
1915 1717 2040 1773 gra-

2210 513 2436 584 Ἀνδρες
2467 513 2718 583 αἱμάτων
2750 513 2967 586 μέτοχοι
2999 514 3322 583 μισήσουσιν
3355 513 3530 569 ὅσιον.

2205 606 2487 674 Βδέλυγμα
2521 605 2832 676 ἁμαρτωλῷ
2877 606 3176 662 θεοσέϐεια.

2217 698 2308 754 Ἐν
2336 699 2524 764 τόποις
2545 699 2759 753 ἀσεϐῶν
2785 700 3030 754 στένουσι
3048 699 3274 753 δίκαιοι·
3305 701 3362 753 ἐν
3386 698 3442 752 δὲ
3470 700 3538 770 τῇ
3566 697 3703 754 bui-

2133 809 2240 846 νων
2276 792 2520 864 ἀπωλείᾳ
2562 792 3029 864 πληθυνθήσονται
3059 791 3276 846 δίκαιοι.

2207 884 2340 938 Οὐαὶ
2380 887 2448 957 τῇ
2497 887 2642 956 ψυχῇ
2678 885 2878 948 αὐτῶν,
2934 885 3017 938 ὅτι
3074 883 3453 954 βεϐούλευνται
3511 884 3705 954 βουλὴν

2136 977 2381 1044 πονηρὰν
2405 975 2526 1029 καθ’
2545 976 2770 1040 ἑαυτῶν,
2795 975 3059 1038 εἰπόντεςο
3077 977 3339 1046 Δήσωμεν
3357 976 3448 1038 τὸν
3476 976 3704 1043 δίκαιον,

2137 1070 2218 1123 ὅτι
2244 1068 2578 1139 δύσχρηστος
2600 1069 2732 1138 ἡμῖν
2761 1069 2929 1122 ἔστιν.
2958 1067 3147 1122 Τοίνυν
3170 1067 3237 1121 τὰ
3263 1069 3582 1139 γεννήματα
3603 1069 3708 1123 τῶν

2139 1161 2317 1234 ἔργων
2350 1163 2530 1216 αὐτῶν
2562 1163 2849 1230 φάγονται.

2213 1252 2472 1324 Ὄψονται
2496 1252 2590 1306 τὸν
2623 1253 2830 1309 δίκαιον
2859 1253 2954 1306 καὶ
3000 1251 3445 1323 ἒξουθενήσουσιν
3467 1267 3482 1283 ο
3513 1251 3710 1314 αὐτοὺς

2139 1344 2194 1400 δὲ
2223 1345 2426 1417 Κύριος
2457 1343 2832 1414 ὲγγελάσεται·
2863 1345 2960 1398 καὶ
3007 1344 3222 1398 ἔσονται
3259 1341 3399 1415 μετὰ
3426 1342 3591 1398 τοῦτο
3635 1345 3713 1408 εἰς

2141 1437 2344 1508 πτῶμα
2376 1436 2570 1507 ἄτιμον
2602 1437 2696 1490 καὶ
2723 1439 2800 1500 εἰς
2829 1435 3010 1506 ὓϐριν.

2213 1528 2347 1583 Τότε
2381 1529 2642 1600 στήσεται
2666 1531 2725 1583 ὲν
2750 1529 3038 1601 παρρησίᾳ
3064 1527 3233 1598 ποδιλῇ
3283 1529 3312 1581 ό
3335 1526 3545 1589 δίκαιος
3572 1525 3712 1579 κατὰ

2144 1621 2436 1691 πρόσωπον
2463 1619 2573 1674 τῶν
2609 1619 2911 1688 θλιψάντων
2941 1618 3124 1686 αὐτὸν,
3159 1619 3255 1674 καὶ
3301 1618 3413 1672 τῶν
3463 1615 3718 1671 ἀθετοῦν-

2143 1729 2252 1766 των
2275 1714 2402 1776 τοὺς
2438 1712 2632 1776 πόνους
2658 1710 2848 1765 αὐτοῦ.
2889 1711 3111 1774 Ἰδόντες
3162 1710 3220 1764 δὲ
3269 1710 3714 1780 ταραχθήσονται

379 1853 394 1860 .,
462 1799 514 1853 vi
550 1809 694 1853 metu
729 1799 1115 1860 turbabuntur,
1146 1805 1200 1852 et
1247 1796 1615 1865 obstupeﬁent
1645 1795 1711 1850 ad
1743 1793 2034 1851 admirabi-

2160 1802 2288 1874 ρόϐῳ
2317 1801 2496 1873 δεινῷ,
2533 1799 3009 1872 καὶέκστήσονται
3041 1800 3136 1854 ἐπὶ
3176 1798 3257 1870 τῷ
3279 1797 3570 1869 παραδόξῳ
3617 1800 3715 1864 τῆς

461 1889 567 1944 lem
630 1889 777 1943 illius
829 1888 1023 1944 salutis
1077 1890 1391 1943 rationem:
1427 1901 1614 1942 secum
1685 1887 1830 1942 enim
1883 1886 2037 1942 taciti

460 1981 752 2052 loquentur
784 1981 1110 2049 pmnitentes
1136 1997 1150 2034 :
1180 1979 1282 2036 llic
1308 1988 1392 2034 est
1426 1994 1585 2048 quem
1649 1978 1786 2049 risui
1848 1977 2038 2034 habui-

461 2084 582 2122 mus
609 2067 948 2137 insipienter,
969 2076 1022 2123 et
1051 2067 1313 2123 conviciis
1341 2067 1725 2137 proscidimus,
1751 2082 1815 2123 ac
1841 2067 1894 2122 in
1913 2082 2038 2123 eum

461 2160 834 2216 conviciorum
865 2160 1146 2230 proverbia
1165 2161 1416 2230 iecimus,
1440 2160 1495 2215 in
1517 2161 1626 2216 vita
1645 2176 1770 2216 eum
1800 2161 2042 2217 insanire

462 2255 815 2324 putabamus,
853 2261 907 2309 et
931 2263 1162 2308 mortem
1214 2253 1388 2323 ipsius
1433 2255 1853 2324 ignominiosam
1893 2253 2040 2309 arbi-

462 2347 588 2400 trati
613 2362 800 2401 sumus
837 2365 851 2401 :
890 2346 1162 2415 quomodo
1204 2361 1332 2401 vero
1363 2345 1756 2401 adnumeratus
1779 2353 1864 2400 est
1900 2347 2042 2402 inter

473 2438 616 2492 ﬁlios
647 2439 762 2503 Dei,
790 2444 841 2492 ct
873 2437 1016 2492 inter
1043 2447 1263 2493 sanctos
1300 2452 1422 2493 sors
1457 2437 1576 2507 ejus
1600 2437 1840 2492 cecidit?
1899 2439 2042 2509 Ergo

465 2529 839 2586 aberravimus
879 2545 907 2583 a
939 2531 1044 2594 via.
1078 2539 1133 2585 et
1161 2529 1392 2601 iustitia:
1453 2531 1542 2586 lux
1577 2531 1737 2588 nobis
1772 2546 1880 2586 non
1913 2532 2039 2587 illu-

466 2623 564 2689 xit,
602 2632 654 2678 et
681 2622 757 2677 sol
792 2621 948 2677 nobis
982 2637 1089 2677 non
1119 2634 1200 2678 est
1231 2630 1490 2688 exortus;
1525 2621 1652 2693 quid
1690 2621 1894 2692 profuit
1927 2637 2041 2678 no-

472 2715 554 2770 bis
587 2706 882 2784 superbia?
909 2715 1036 2784 quid
1072 2715 1351 2783 opulentia
1382 2727 1506 2769 cum
1542 2714 1847 2778 arrogantia
1885 2714 2040 2771 nobis

467 2806 737 2860 contulit?
763 2806 1028 2876 praeterita
1067 2812 1194 2860 sunt
1225 2804 1316 2860 illa
1347 2806 1558 2872 omnia,
1620 2805 1776 2876 quasi
1829 2805 2039 2874 umbra,

467 2908 520 2953 et
555 2898 710 2966 quasi
757 2898 896 2952 fama
923 2899 1332 2968 prmtervolans.

537 2992 562 3045 I
606 2991 740 3046 Tim.
785 3009 863 3052 ut.
892 2991 1213 3062 Quicunque
1248 2992 1436 3047 volunt
1482 2989 1570 3061 pie
1595 2990 1776 3046 vivere
1796 3005 1859 3044 ex
1889 2989 2044 3044 Clari-

469 3082 688 3139 stiJesn
724 3085 991 3151 instituto,
1029 3084 1064 3138 ii
1127 3083 1594 3152 persecutionibus
1653 3084 1806 3152 181
1869 3086 2040 3153 agita-

471 3180 710 3233 buutur:
744 3178 974 3246 improbi
1026 3185 1208 3232 autem
1266 3176 1516 3232 homines
1539 3184 1590 3230 et
1616 3176 2039 3246 praestigiatores

471 3270 534 3324 ad
567 3270 747 3340 pejora
776 3270 1057 3340 proﬁcient
1086 3269 1406 3324 seducentes
1437 3276 1491 3324 et
1513 3268 1822 3322 seducendi.

539 3358 597 3414 S.
630 3359 842 3413 Basilii.
910 3357 1298 3430 Saepenumero
1345 3357 1470 3412 boni
1521 3357 1684 3412 etiam
1738 3359 1789 3411 in
1849 3373 2072 3414 manus.

472 3453 761 3528 impiorum
792 3451 1106 3514 traduntur,
1132 3467 1240 3504 non
1272 3459 1332 3506 ut
1359 3451 1681 3530 illibonorc
1715 3450 2044 3518 adiciantur,

471 3546 564 3599 sed
593 3555 651 3599 ut
691 3545 740 3598 bi
771 3552 1084 3613 contemptu
1120 3543 1438 3613 probentur.

544 3659 809 3730 Tlieologi.
847 3659 1122 3728 Siquidem
1159 3675 1265 3727 me,
1287 3659 1465 3714 malus
1493 3675 1617 3716 cum
1641 3659 2050 3728 sim,optitnum

472 3754 778 3820 existimas,
803 3753 934 3823 quid
966 3752 1098 3808 mibi
1124 3750 1432 3808 faciendum
1462 3754 1586 3808 est?
1612 3753 1698 3807 An
1746 3751 2050 3822 improbior

471 3859 590 3908 ero,
628 3853 687 3899 ut
743 3845 918 3915 magis
962 3844 1208 3913 placeam
1246 3843 1382 3899 tibi?
1410 3843 1764 3914 Nequaquam
1805 3857 1930 3898 vero
1961 3843 2052 3899 sic

475 3937 602 3992 mibi
637 3937 937 3994 consulam.
964 3935 1164 3994 Eodem
1189 3936 1349 3991 modo
1381 3951 1483 3992 nec
1514 3936 1584 4001 si,
1613 3950 1734 3992 cum
1763 3943 1907 3991 recte
1929 3933 2052 3989 fun-

473 4045 569 4100 gar
589 4029 765 4086 oliicio
793 4044 932 4096 meo,
964 4029 1070 4084 labi
1103 4037 1157 4085 et
1204 4043 1387 4087 errare
1441 4044 1530 4086 me
1574 4029 1776 4092 credis,
1828 4035 2038 4084 rectum

477 4120 713 4176 oilicium
740 4129 959 4191 propter
985 4126 1038 4176 te
1060 4120 1308 4175 deseram
1351 4137 1367 4175 :
1432 4121 1556 4176 vivo
1579 4122 1725 4176 enim
1779 4135 1886 4176 non
1955 4117 2052 4174 tibi

474 4215 648 4283 magis
671 4228 834 4284 quam
863 4213 995 4270 mihi
1028 4212 1154 4281 ipsi.
1586 4232 1618 4248 -

544 4324 908 4394 Fabricantur
975 4323 1222 4380 scelerati
1273 4340 1435 4395 supra
1488 4326 1712 4380 dorsum
1784 4334 2052 4394 nostrum,

2143 1893 2438 1964 σωτηρίας.
2480 1889 2696 1961 Ἑροῦσι
2719 1890 2826 1963 γὰρ
2852 1893 2907 1945 ὲν
2932 1891 3142 1954 ἑαυτοῖς
3170 1887 3578 1960 μετανοοῦντες·
3612 1881 3718 1944 Οὓς

2139 1989 2231 2052 τός
2264 1988 2411 2041 ἔστιν
2442 1987 2500 2040 δν
2525 2003 2656 2040 ποτε
2680 1987 2912 2057 ἔσχομεν
2943 1988 3024 2050 εἰς
3060 1985 3274 2054 γέλωτα
3299 1985 3398 2037 καὶ
3429 1985 3511 2046 είς
3535 1999 3720 2054 παρα-

2142 2079 2303 2150 ϐολὴν
2326 2077 2634 2148 όνειδισμοῦ
2663 2079 2712 2131 οί
2740 2079 2971 2148 ἄφρονες
2995 2094 3010 2110 σ
3059 2076 3149 2130 τὸν
3183 2075 3295 2145 βίον
3328 2071 3496 2128 αὑτοῦ
3541 2074 3719 2140 ἐλογι-

2145 2169 2363 2242 σάμεθα
2390 2168 2611 2240 μανίαν,
2642 2169 2740 2223 καὶ
2761 2168 2859 2239 τὴν
2880 2168 3136 2238 τελευτὴν
3162 2166 3326 2220 αὐτοῦ
3344 2165 3562 2234 ἄτιμον·
3599 2163 3720 2226 πῶς

2143 2262 2600 2333 κατελογίσθηρὲν
2628 2262 2764 2324 υίοῖς
2796 2259 2954 2326 Θεοῦ,
2983 2259 3078 2314 καὶ⁸
3125 2259 3184 2311 ὲν
3237 2257 3414 2325 ἁγίοις
3464 2258 3492 2308 ὁ
3520 2255 3722 2324 κλῆρος

2142 2353 2306 2409 αὑτοῦ
2341 2354 2524 2420 tactv;
2553 2352 2698 2424 Ἀρα
2747 2349 3131 2420 ὲπλανήθημεν
3180 2348 3289 2403 ἀπὺ
3339 2345 3480 2412 ὁδοῦ,
3515 2347 3616 2399 καὶ⁵
3661 2347 3724 2396 τδ

2141 2445 2240 2515 τῆς
2266 2443 2622 2514 δικαιοσύνης
2654 2442 2770 2512 φῶς
2822 2441 2924 2495 οὐκ
2991 2439 3306 2510 ἐπέλαμψεν
3365 2440 3517 2508 ἡμῖν,
3544 2439 3641 2490 καὶ
3694 2437 3722 2488 ὁ

2142 2536 2291 2606 ἥλιος
2339 2535 2439 2588 οὐκ
2490 2535 2769 2589 ἀνέτειλεν
2827 2535 2980 2606 ἡμῖν.
3021 2533 3088 2587 Τί
3142 2532 3428 2602 ὠφέλησεν
3483 2531 3638 2598 ἡμεῖς
3688 2531 3723 2598 ἡ

2145 2628 2530 2698 ὑπερηφανία;
2569 2627 2660 2680 καὶ
2685 2627 2736 2679 τί
2757 2629 2785 2680 ὁ
2809 2624 3036 2688 πλοῦτος
3074 2624 3209 2694 μετὰ
3237 2623 3560 2688 ἀλαζονείας
3583 2639 3725 2690 crup-

2147 2721 2410 2790 ϐέϐληται
2449 2721 2621 2790 quivi;
2674 2718 2964 2788 Παρῆλθεν
2994 2719 3180 2771 ἐκεῖνα
3226 2716 3404 2771 πάντα
3435 2714 3514 2781 ὡς
3567 2715 3723 2779 σκιὰ.

2143 2814 2240 2870 καὶ
2261 2814 2336 2878 ὡς
2365 2812 2598 2883 ἀγγελία
2639 2812 3081 2884 παρατρέχουσα.

2217 2993 2424 3056 Πάντες
2449 2992 2497 3045 οἱ
2531 2989 2776 3054 θέλοντες
2827 2985 3068 3050 εὐσεϐῶς
3099 2985 3201 3058 ζῇν
3238 2985 3298 3038 ὲν
3354 2981 3579 3054 Χριστῷ
3619 2984 3725 3050 ’1η-

2147 3085 2242 3140 σοῢ
2273 3085 2692 3156 διωχθήσονται·
2728 3083 2956 3152 πονηροὶ
2983 3080 3043 3133 δὲ
3075 3079 3355 3148 ἄνθρωποι
3385 3078 3480 3130 καὶ
3531 3076 3726 3146 γόητες

2143 3179 2512 3250 προκόψουσιν
2539 3178 2633 3231 ἐπὶ
2666 3174 2728 3230 τὸ
2748 3177 2948 3246 χεῖρον,
2988 3172 3300 3234 πλανῶντες
3347 3170 3444 3224 καὶ
3510 3167 3724 3224 πλανώ-

2147 3291 2322 3344 μενοι.

2218 3364 2606 3433 Παραδίδονται
2639 3361 2900 3424 πολλάκις
2926 3362 3020 3413 καὶ
3046 3361 3247 3415 δίκαιοι
3270 3360 3351 3422 είς
3380 3357 3569 3428 χεῖρας
3595 3356 3724 3410 doe-

2150 3457 2282 3521 ϐῶν,
2321 3457 2421 3525 οὐχ
2449 3456 2539 3510 ἵνα
2564 3456 2765 3509 ὶκιῖνοι
2784 3452 3112 3525 τιμηθῶσιν,
3142 3451 3260 3506 ἀλλ’
3287 3451 3376 3508 ἵνα
3407 3442 3554 3504 οὗτοι
3577 3448 3723 3502 δοκι-

2153 3548 2400 3620 μασθῶσι
2429 3547 2518 3602 διὰ
2550 3547 2650 3616 τῆς
2694 3545 3127 3618 περιφροσὺνης.

2222 3665 2286 3719 Εἰ
2310 3664 2364 3717 δέ
2397 3681 2462 3734 με
2495 3665 2624 3718 ὄντα
2667 3661 2833 3716 κακὸν
2879 3661 3102 3730 ἄριστον
3132 3657 3538 3724 ὑπελάμϐανες,
3571 3653 3626 3706 τί
3657 3669 3722 3722 με

2151 3759 2328 3809 ποιεῖν
2358 3756 2524 3828 ἐχρῆν
2550 3772 2567 3823 ;
2600 3750 2740 3809 εἶναι
2769 3753 2969 3826 μᾶλλον
2989 3751 3182 3812 κακδν,
3207 3751 3298 3804 ἵνα
3321 3748 3484 3803 πλέον
3507 3747 3722 3816 ἀρέσκω

2154 3869 2235 3905 σοι
2260 3867 2275 3918 ;
2309 3851 2424 3903 Οὐκ
2473 3849 2538 3904 ἃν
2581 3847 2742 3900 τοῦτο
2787 3845 3008 3916 ἐμαυτῷ
3066 3842 3483 3920 συνεϐούλευσα.
3542 3838 3722 3916 Οὕτως

2152 3942 2271 3996 οὐδὲ
2306 3944 2354 3994 εί
2399 3937 2771 4011 κατορθοῦντά
2820 3956 2888 4009 με
2939 3936 3157 3991 πταίειν
3208 3933 3635 4002 ὑπολαμϐάνεις,
3665 3928 3721 3981 τδ

2154 4033 2454 4103 κατορθοῦν
2486 4031 2572 4084 διὰ
2605 4031 2664 4083 σε
2697 4030 3098 4101 μεταθ-ήσομαι.
3136 4026 3222 4079 Ζῶ
3250 4025 3357 4096 γὰρ
3381 4024 3442 4077 οὐ
3479 4024 3562 4074 σοι
3597 4019 3723 4090 μᾶλ-

2155 4125 2246 4179 λον
2280 4124 2313 4195 ἢ
2342 4121 2583 4194 ἐμαυτῷ.

2227 4302 2618 4386 Τεκταίνουσιν
2649 4326 2741 4381 ἐπὶ
2768 4324 2860 4379 τὸν
2891 4324 3061 4376 νῶτον
3089 4320 3247 4391 ἡμῶν
3277 4320 3326 4372 oi
3384 4314 3719 4386 ἁμαρτωλοὶ,

475 4415 718 4487 factique
741 4431 931 4472 sumus
969 4407 1265 4474 commune
1295 4417 1569 4472 theatrum
1627 4425 1680 4472 et
1739 4418 1946 4488 angelis
1997 4426 2044 4473 et

2160 4426 2250 4482 καὶ
2304 4422 2611 4493 γεγόναμεν
2669 4419 2898 4473 θέατοον
2952 4415 3129 4469 κοινὸν
3175 4411 3270 4467 καὶ
3330 4410 3586 4478 ἀγγέλοις
3635 4407 3721 4461 καὶ

481 4508 818 4567 hominibus.-

553 4621 613 4676 S.
643 4619 912 4693 Chrysost.
943 4620 1085 4676 Fieri
1118 4637 1224 4677 non
1259 4630 1440 4691 potest
1474 4632 1533 4676 ut
1557 4623 1651 4692 qui
1675 4621 1860 4676 virtuti
1901 4623 2050 4678 dedi-

485 4717 524 4772 ti
548 4725 696 4780 sunt,
723 4717 864 4787 apud
895 4731 1086 4772 omnes
1117 4717 1342 4772 audiant
1375 4718 1535 4772 bene.

549 4827 934 4886 S.Athanasii.
983 4826 1299 4888 Traduntur
1323 4844 1466 4900 saepe
1503 4829 1666 4885 etiam
1693 4829 1829 4900 justi
1861 4829 1914 4884 in
1933 4843 2051 4885 sce-

481 4921 790 4977 lerosorum
841 4937 1060 4984 manus,
1090 4936 1198 4975 non
1241 4922 1406 4978 utisti
1447 4923 1803 4987 honorentur,
1839 4921 1933 4978 sed
1991 4931 2054 4976 ut

483 5010 557 5064 illi
615 5013 915 5082 probentur
971 5029 987 5067 :
1032 5011 1350 5067 deridentur
1401 5011 1454 5066 in
1512 5027 1751 5082 praesens
1804 5011 2050 5082 quandiu

383 5105 462 5186 4',
485 5102 684 5158 Christi
716 5104 934 5160 bonitas
962 5103 1252 5176 permittit,
1287 5105 1636 5161 occultantur
1655 5105 2050 5175 aliquantisper

426 5210 429 5214 ·
485 5209 676 5263 magna
693 5205 745 5249 et
763 5204 969 5251 secreta
991 5197 1285 5266 penetralia
1311 5213 1498 5252 earum
1528 5213 1710 5252 rerum
1729 5212 1848 5268 qua:
1874 5197 2046 5252 utris-

485 5299 588 5354 que
619 5295 744 5341 snnt
781 5297 1068 5343 reservatis
1093 5291 1146 5343 in
1181 5289 1312 5342 illul
1353 5297 1590 5359 tempus,
1617 5304 1742 5344 cum
1766 5299 1819 5344 et
1848 5290 2050 5352 oratio.

407 5433 412 5437 ,
484 5388 536 5436 et
570 5378 732 5443 actio,
753 5385 805 5430 ct
831 5379 1086 5446 cogitatio
1102 5386 1271 5449 requis
1301 5380 1548 5435 lancibus
1585 5381 2050 5455 pelidentur,cum

455 5481 668 5546 'surget
706 5470 772 5524 ad
800 5469 1153 5540 iudicandum
1188 5476 1494 5527 universam
1532 5483 1755 5538 terram,
1785 5473 2040 5537 consilia,

491 5567 795 5619 voluntates
825 5575 877 5618 ct
907 5579 1071 5634 opera
1095 5565 1206 5634 ipsa
1267 5564 1702 5635 congregaturus’
1727 5575 1778 5620 et
1812 5564 2052 5638 aperitug

486 5669 578 5743 rus
607 5674 724 5725 qua:
757 5657 896 5728 apud
929 5659 1104 5726 ipsum
1166 5660 1486 5730 consignata
1523 5669 1574 5712 et
1619 5659 1804 5713 clausa
1831 5671 2055 5713 servan-

491 5753 596 5797 πυτ.

2155 4515 2464 4589 ἀνθρώποις
2480 4553 2494 4568 .

2231 4632 2308 4686 Οὐ
2338 4626 2562 4684 δυνατὸν
2587 4624 2713 4690 τοὺς
2763 4623 2823 4676 ὲν
2867 4621 3036 4694 ἀρετῇ
3087 4617 3250 4681 ὄντας
3309 4613 3466 4687 παρὰ
3515 4615 3720 4669 πάντων

2160 4727 2381 4782 ἀκούειν
2414 4720 2612 4785 καλῶς.
3315 4723 3324 4728 '

2232 4835 2626 4906 Παραδίδονται
2687 4827 2949 4889 πολλάκις
3003 4823 3102 4879 καὶ⁸
3160 4821 3360 4877 δίκαιοι
3417 4821 3498 4882 εις
3547 4819 3720 4906 χεῖρας

2160 4902 2528 4999 ἁμαρτωλῶν,
2558 4923 2658 4993 οὐχ
2676 4919 2762 4974 ἵνα
2795 4912 3344 4986 ἑκεϊνοιᾏιμηθῶσιν,
3366 4911 3486 4964 ἀλλ’
3516 4910 3603 4964 (va
3633 4902 3717 4960 οὖν

2161 5039 2243 5076 τοι
2267 5014 2689 5087 δοκιμασθῶσιν.
2719 5007 3144 5077 Καταγελῶνται
3185 5005 3321 5074 πρδς
3341 5003 3404 5056 τὸ
3431 5004 3625 5073 παρὸν.
3651 5001 3718 5060 ὡς

2163 5112 2282 5166 ἔστι
2304 5107 2372 5181 Π.
2397 5104 2502 5176 ἐτι]
2530 5106 2562 5176 ἡ
2591 5101 2683 5156 τοῦ
2714 5097 2850 5153 Θεοῦ
2878 5095 3181 5169 χρηστότης
3199 5092 3526 5165 κρύπτεται,
3551 5090 3642 5144 καὶ
3657 5088 3720 5140 τὰ

2168 5203 2380 5274 μεγάλα
2409 5198 2608 5268 ταμεία
2632 5193 2740 5248 τῶν
2766 5191 2995 5258 ὓστερον
3015 5186 3396 5256 ἀποκειμένων
3423 5183 3720 5274 ἑκατέροις,
3745 5261 3752 5269 ⁸

2164 5269 2329 5363 ⁴ἡνίκα
2355 5290 2450 5344 καὶ
2480 5287 2636 5355 λόγος
2668 5283 2764 5337 καὶ
2814 5277 3016 5350 πρᾶξις
3044 5277 3141 5331 καὶ
3188 5274 3460 5344 διανόημα
3514 5274 3622 5333 τοῖς
3648 5269 3717 5363 δι·

2164 5361 2341 5446 καίοις
2392 5377 2652 5448 σταθμοῖς
2699 5371 3110 5430 ταλαντεύεται,
3165 5367 3296 5419 ὅταν
3341 5364 3547 5432 ἀναστῇ
3606 5361 3717 5429 κρί-

2163 5494 2251 5530 ναι
2285 5474 2383 5546 τὴν
2418 5473 2542 5541 γῆν,
2573 5471 2671 5538 τὴν
2709 5463 2902 5536 βουλὴν
2930 5459 3129 5515 καὶτὰ
3168 5457 3304 5530 ἔργα
3336 5457 3604 5522 συνάγων,

2163 5542 2389 5637 γυμνῶν
2450 5565 2518 5618 τὰ
2571 5555 2984 5630 ὲσφραγισμένα
3037 5550 3168 5607 παρ’
3213 5549 3362 5622 αὐτῷ
3421 5548 3515 5602 καὶ
3565 5542 3717 5608 σωζό-

2166 5678 2328 5730 μενα.
