3992 6252
537 272 567 332 3

537 272 567 332 3
1119 283 1124 286 .

432 272 532 338 MO
837 374 1071 433 SERMO
1111 378 1202 432 XL
1234 378 1332 451 [aL
1377 379 1564 454 XVII].

413 488 491 544 De
529 490 595 546 iis
627 508 714 562 qm
748 494 902 548 malis
935 494 1290 563 delectantur,
1329 499 1654 560 probamque
1687 502 1996 569 improbita-

1139 577 1263 620 tem.

481 651 725 708 Davidis.
753 653 1306 724 Comprehenduntur
1333 660 1386 716 in
1415 659 1694 720 insidiosis
1726 664 1841 719 suis
1868 679 1996 721 con-

419 743 561 799 siliis
593 760 716 813 quae
749 745 1157 818 excogit‘arunt,
1211 751 1337 820 quia
1391 752 1648 810 laudatur
1689 757 1999 821 scelerosus

417 836 471 890 in
499 837 889 908 cupiditatibus
941 842 1106 898 animi
1140 845 1247 910 sui,
1277 853 1331 900 et
1370 846 1671 918 iniuriosus
1705 850 1761 906 in
1789 849 1994 908 eisdem

411 932 548 986 bene
587 932 759 988 audit.
783 950 787 959 '
883 970 988 990 --κ

481 1022 632 1079 Psal.
665 1041 808 1082 χιιι.
851 1026 1081 1094 Quando
1113 1030 1336 1087 videbas
1370 1031 1570 1099 furem,
1609 1051 1714 1090 una
1746 1051 1870 1093 cum
1902 1039 1997 1096 illo

411 1118 691 1183 currebas,
733 1128 936 1176 etcum
970 1122 1212 1177 adultero
1238 1124 1558 1180 societatem
1591 1126 1790 1183 inibas.

482 1210 626 1276 Quid
672 1211 939 1281 gloriatur
986 1216 1228 1284 potentia
1259 1217 1526 1284 prmdilus
1574 1219 1625 1274 in
1666 1222 1841 1276 vitio?
1890 1223 1994 1278 ini-

413 1301 679 1369 quitatem
710 1311 850 1358 totos
877 1303 991 1360 dies
1014 1313 1064 1360 et
1095 1305 1351 1360 iniuriam
1383 1318 1750 1365 commentata
1775 1319 1861 1370 est
1892 1311 1996 1371 lin-

415 1407 515 1461 gua
546 1402 660 1450 tua.

485 1484 589 1549 Oui
621 1485 758 1541 dicit
786 1487 1017 1557 impium
1047 1487 1255 1555 justum
1287 1505 1426 1556 esse,
1461 1494 1504 1548 is
1534 1503 1865 1552 exsecratus
1895 1513 1994 1568 po-

418 1577 565 1644 pulis
599 1578 723 1645 erit,
759 1587 812 1633 et
841 1581 985 1649 genti
1016 1581 1264 1638 odiosus.
1406 1638 1426 1650 ,

483 1665 528 1722 Ο
568 1655 661 1738 qui
713 1670 874 1726 malis
908 1670 1280 1736 delectamini,
1327 1689 1391 1730 ac
1442 1679 1800 1746 perversitate
1849 1682 1992 1738 mala

1681 266 2007 329 ANTONII
2050 271 2394 340 MELISSJE

3538 290 3556 354 l
3573 292 3669 357 104

2717 401 2939 457 ΛΟΓΟΣ
2965 404 3056 459 Μ’.

2102 506 2240 576 Περὶ
2267 511 2642 578 καιρεκάκων
2685 514 2784 568 καί
2815 515 3280 587 ἀποδεχομένων
3312 517 3387 572 τὰ
3411 523 3666 590 πονηρά.

2168 664 2649 735 Συλλαμόάνονται
2683 669 2741 721 ἐν
2775 669 3102 737 διαδουλίοις
3125 669 3204 737 οἷς
3245 631 3662 742 διαλογίζονται.

2099 753 2224 807 Ὀτι
2257 756 2560 810 ἐπαινεῖται
2601 758 2628 808 ὁ
2677 759 3005 828 ἁμαρτωλὸς
3060 762 3118 814 ὲν
3171 764 3291 824 ταῖς
3345 764 3664 842 ἐπιθυμίαις

2096 845 2194 915 τῆς
2218 847 2397 917 ψυχῆς
2422 847 2612 913 αὑτοῦ,
2647 851 2738 905 καὶ
2769 854 2802 906 δ
2837 853 3040 908 ἀδικῶν
3065 855 3451 924 ὲνευλογεῖται.

2167 1028 2229 1082 Ei
2262 1026 2524 1097 ὲθεώρεις
2553 1031 2822 1103 κλέπτην.
2855 1034 3178 1106 συνέτρεχες
3205 1035 3380 1108 αὐτῷ,
3401 1037 3494 1091 καὶ
3529 1039 3665 1107 μετὰ

2099 1119 2287 1190 μοιχοῦ
2321 1122 2422 1192 τὴν
2454 1123 2652 1192 μερίδα
2686 1141 2780 1178 σου
2820 1125 3005 1197 ὲτίθης
3422 1117 3441 1126 ’

2167 1213 2232 1266 Τί
2287 1215 2537 1286 ἑγκαυχᾷ
2563 1216 2624 1269 ἐν
2677 1217 2848 1290 κακίᾳ
2879 1220 2909 1272 ὁ
2965 1219 3229 1288 Gevart;
3263 1219 3496 1291 ἀνομίαν
3539 1222 3664 1295 ὃλην

2094 1305 2192 1375 τὴν
2231 1307 2467 1377 ἡμέραν,
2499 1306 2712 1363 ἀδικίαν
2747 1309 3034 1380 ἐλογίσατο
3056 1314 3090 1385 ἠ
3113 1313 3335 1382 γλῶσσά
3367 1333 3490 1370 σου.

2178 1489 2234 1542 '0
2257 1489 2427 1544 alr:th
2452 1492 2545 1544 τὸν
2566 1491 2762 1564 ἀσεϐῆ,
2789 1493 2870 1548 ὅτι
2896 1495 3105 1559 δίκαιός
3127 1494 3296 1562 ἔστιν,
3327 1497 3664 1571 ὶπικατάρσρ

2092 1595 2184 1642 τος
2215 1579 2368 1644 λαοῖς
2405 1581 2583 1650 ἔσται,
2617 1584 2710 1637 καὶ
2746 1586 2975 1654 μισητδς
3003 1585 3168 1641 ἔθνει.

2174 1669 2236 1722 Ὢ
2272 1670 2322 1724 oi
2350 1671 2767 1743 εὐφραινόμενοι
2789 1675 2880 1726 ἐπὶ
2909 1677 3122 1741 κακοῖς,
3143 1675 3242 1728 καὶ
3268 1677 3555 1749 χαίροντες
3577 1680 3663 1734 ἐπὶ

415 1760 690 1830 gaudetis,
722 1776 955 1832 quorum
994 1764 1097 1820 viae
1134 1773 1412 1835 tortuosae,
1443 1728 1515 1825 [et
1545 1768 1765 1841 obliqua
1797 1786 1992 1831 cursus

2117 1766 2396 1834 ἰιαστροφῇ
2427 1728 2599 1835 κακῇ,
2617 1728 2702 1819 ’ὧν
2722 1765 2780 1820 αί
2806 1763 2984 1836 τρίόοι
3004 1728 3240 1834 σκολιαὶ,

414 1852 662 1919 vestigia.

486 1945 644 2015 183
674 1945 935 2012 Quaereris
996 1948 1134 2003 mala
1171 1952 1664 2021 comprehendetur
1693 1957 1762 2012 ab
1790 1957 1920 2015 illis.

483 2035 588 2101 Qui
632 2035 860 2092 alterius
889 2037 1112 2094 interitu
1153 2041 1370 2110 gaudet,
1412 2059 1518 2102 non
1550 2046 1657 2101 erit
1700 2049 1987 2107 innocens.

481 2128 684 2193 Quovis
713 2137 957 2199 tempore
985 2131 1129 2186 oculi
1163 2132 1540 2202 improborum
1572 2140 1870 2198 admittunt
1895 2140 1994 2198 ila-

413 2220 565 2290 gitia.

480 2314 662 2371 Amos.
693 2313 771 2370 Ne
792 2317 1051 2386 gaudeas,
1082 2321 1301 2379 inimica
1325 2338 1464 2389 mea,
1488 2325 1628 2394 quod
1661 2325 1950 2383 ceciderim
1974 2343 1990 2391 ς

412 2421 537 2460 nam
573 2423 874 2480 resurgam,
906 2423 1188 2485 propterea
1223 2417 1369 2487 quod
1449 2416 1666 2474 etiamsi
1702 2417 1898 2474 sedero
1935 2416 1992 2472 in

414 2500 682 2570 tenebris,
731 2501 996 2564 Dominus
1046 2506 1345 2564 illustrabit
1391 2523 1480 2564 me
1526 2528 1540 2562 :
1592 2509 1730 2565 iram
1777 2509 1991 2566 Domini

412 2592 720 2662 sustinebo,
751 2595 877 2665 quia
909 2596 965 2652 i-n
998 2612 1122 2652 eum
1155 2601 1379 2670 peccavi
1415 2599 1592 2656 donec
1632 2601 1750 2670 ipse
1783 2599 1988 2671 justiﬁ-

410 2687 552 2743 carit
609 2702 834 2744 causam
868 2704 1066 2756 meam,
1102 2700 1154 2746 et
1190 2691 1444 2748 eduxerit
1472 2707 1557 2749 me
1592 2693 1646 2752 in
1675 2693 1888 2760 lumen,
1930 2707 1995 2748 ac

413 2776 591 2845 ipsius
625 2777 896 2849 justitiam
931 2778 1142 2835 videro.
1181 2779 1396 2840 Videbit
1443 2783 1571 2839 item
1622 2783 1796 2840 hostis
1832 2798 1949 2838 mea
1976 2821 1993 2848 ,

361 2874 366 2880 ’
415 2883 470 2926 et
504 2871 827 2927 confusione
860 2872 1005 2942 turpi
1042 2872 1320 2938 induetur,
1365 2890 1488 2946 quae
1519 2875 1652 2930 mihi
1683 2876 1870 2931 dicere
1901 2889 1994 2931 so-

415 2966 582 3033 lebat,
613 2966 720 3024 Ubi
749 2978 836 3025 est
865 2967 1126 3026 Dominus
1162 2969 1305 3026 Deus
1339 2973 1501 3027 tuus?

489 3055 602 3112 Isa.
639 3075 693 3114 ν.
720 3057 901 3114 Miseri
932 3073 1048 3124 vos,
1097 3061 1191 3130 qui
1222 3060 1403 3118 dicitis
1435 3063 1636 3118 malum
1668 3063 1872 3119 bonum
1892 3101 1908 3129 ,
1937 3068 1991 3116 et
2018 3091 2062 3152 ο

410 3149 653 3206 vicissim
699 3153 903 3208 bonum
939 3153 1144 3208 malum
1185 3171 1200 3206 :
1232 3155 1326 3225 qui
1373 3157 1576 3225 ponitis
1615 3157 1869 3214 tenebras
1908 3157 1993 3212 lu-

413 3259 554 3307 cem,
591 3251 646 3298 et
678 3243 855 3300 lucem
892 3245 1188 3302 tenebras:
1222 3245 1464 3318 itemque
1506 3262 1752 3303 amarum
1803 3247 1995 3314 dulce,

417 3344 472 3389 et
502 3333 662 3390 dulce
697 3349 969 3391 amarum.
1578 3341 1580 3344 '

487 3426 706 3493 Laqueo
740 3428 1029 3499 capientur
1062 3429 1155 3499 qui
1191 3429 1404 3501 piorum
1441 3430 1599 3486 ruina
1635 3431 1871 3502 gaudent
1895 3473 1910 3498 ,
1942 3440 1996 3487 et

416 3523 709 3575 vehemens
734 3519 892 3576 dolor
921 3520 1171 3578 conficiet
1207 3521 1354 3592 ipsos
1387 3531 1514 3580 ante
1546 3533 1792 3579 mortem.

488 3694 605 3750 Non
637 3696 889 3751 convenit
920 3695 1247 3752 scelerosum
1276 3696 1534 3753 laudibus
1563 3697 1764 3754 eiierri.

484 3786 801 3843 Scelerosus
833 3786 1038 3841 amicos
1062 3802 1188 3842 suos
1213 3786 1471 3851 turbabit,
1501 3795 1556 3842 et
1583 3789 1725 3842 inter
1766 3802 1860 3844 eos
1901 3787 1990 3858 qui

416 3880 642 3953 paeiiiec
677 3881 886 3945 vivunt,
922 3879 1129 3949 lnjiciet
1156 3878 1512 3934 calumniam.

491 3975 591 4042 Qui
624 3973 863 4043 gestiunt
893 3972 1092 4044 gaudio
1127 3981 1346 4043 propter
1375 3971 1474 4027 viri
1509 3971 1671 4037 maia,
1699 3971 1768 4028 iis
1797 3985 1992 4026 conse-

418 4075 642 4124 uescent
673 4065 837 4120 mala.

489 4159 642 4213 Rom.
669 4174 711 4212 ι.
748 4156 848 4223 Qui
884 4156 1104 4226 quidem
1135 4156 1284 4224 justa
1331 4153 1424 4211 Dei
1471 4155 1688 4211 decreta
1723 4169 1846 4210 cum
1895 4170 1991 4211 eo-

417 4256 700 4323 gnoscant,
732 4262 934 4317 eosque
965 4247 1057 4317 qui
1085 4247 1212 4301 talia
1234 4248 1616 4317 designassent
1646 4246 1842 4302 mortis
1865 4261 1992 4317 sup-

416 4342 581 4412 plicio
600 4341 790 4410 dignos
807 4353 950 4404 esse,
977 4352 1084 4392 non
1120 4339 1295 4392 solum
1325 4337 1414 4391 illa
1443 4335 1669 4401 faciunt,
1699 4337 1792 4393 sed
1825 4337 1988 4394 etiam

417 4433 723 4504 approbant
749 4446 846 4488 eos
877 4431 970 4502 qui
1004 4429 1231 4485 faciunt.

429 4542 431 4544 ·
486 4525 734 4582 I'roditio
763 4532 847 4580 est
884 4521 1170 4586 veritatis,
1211 4528 1264 4574 et
1309 4519 1636 4576 assuefactio
1684 4519 1754 4575 ad
1803 4533 1985 4577 rerum

413 4617 837 4676 iudill‘erentiam
871 4614 1116 4683 improbe
1155 4614 1447 4669 viventium
1487 4613 1743 4684 receptio.
1964 4681 1973 4688 _

481 4713 636 4776 Multi
705 4709 878 4765 malas
953 4708 1194 4763 actiones
1243 4707 1562 4776 approbant,
1622 4722 1688 4761 ac
1733 4705 1987 4764 festivum

418 4806 717 4878 gratiosum
759 4801 948 4858 dicunt
979 4816 994 4854 :
1029 4808 1079 4854 et
1127 4799 1467 4854 obscenitate
1512 4797 1800 4854 verborum
1831 4807 1988 4855 uten-

416 4907 526 4951 tem
587 4896 799 4951 civilem
849 4890 1136 4948 nominant
1169 4905 1183 4944 :
1216 4898 1271 4946 et
1301 4904 1422 4958 qua:
1447 4889 1709 4960 deinceps
1738 4905 1985 4961 sequun-

417 4999 524 5042 tur.

334 5085 390 5146 «gl
485 5079 602 5134 Non
637 5081 811 5136 solum
840 5080 1026 5136 vitium
1051 5078 1278 5142 imitari,
1303 5075 1398 5134 sed
1421 5076 1584 5132 etiam
1616 5089 1739 5131 cum
1763 5081 1989 5144 peccato

419 5172 666 5228 viventes
737 5171 980 5238 laudare,
1015 5184 1177 5242 penna
1221 5169 1445 5240 dignum
1486 5175 1572 5222 est
1615 5176 1673 5221 et
1721 5167 1988 5236 supplicio

418 5281 527 5324 non
560 5264 772 5334 vulgari
812 5279 825 5314 :
857 5273 909 5318 et
938 5273 997 5318 ut
1045 5264 1209 5319 etiam
1243 5261 1566 5318 admirabile
1609 5259 1870 5330 quiddam
1903 5259 1990 5315 di-

416 5375 559 5427 cam,
617 5359 662 5413 sl
709 5355 862 5420 licet,
922 5355 1080 5409 nobis
1119 5355 1339 5423 gravius
1387 5353 1637 5408 imminet
1685 5349 1990 5420 periculum

416 5457 582 5520 quam”
607 5447 675 5504 iis
715 5446 805 5518 qui
843 5446 896 5501 in
941 5447 1059 5515 ipSo
1107 5446 1312 5500 scelere
1335 5445 1568 5510 vivunt;
1603 5456 1726 5497 nam
1769 5442 1988 5500 laudare

419 5541 966 5610 peccantes‘majore
1049 5535 1525 5593 animadversione
1585 5535 1812 5602 dignum
1863 5543 1985 5598 est,

2095 1855 2152 1909 αί
2175 1857 2390 1926 τροχιαὶ
2412 1856 2612 1912 αὐτῶν.

2178 1949 2542 2017 Ἐκζητοῦντα
2573 1953 2719 2007 κακὰ
2751 1953 3128 2026 καταλήψεται
3161 1958 3350 2014 αὐτόν.

2179 2039 2238 2092 '0
2267 2039 2570 2111 ἐπικαίρων
2598 2043 2959 2114 ἀπολλυμένῳ
2989 2044 3087 2098 οὐκ
3114 2045 3530 2119 ἀθωωθήσεται.

2168 2133 2353 2186 Πάντα
2381 2133 2473 2186 τὸν
2511 2133 2703 2204 χρόνον
2743 2136 2790 2189 οἱ
2826 2134 3099 2207 ὀφθαλμοὶ
3128 2137 3237 2192 τῶν
3269 2139 3460 2193 κακῶν
3498 2156 3663 2212 προσ-

2095 2224 2340 2294 δέχονται
2373 2224 2544 2279 κακά.

2164 2315 2254 2384 Μὴ
2283 2313 2536 2386 ἐπίκαιρὲ
2579 2332 2691 2384 μοι,
2742 2318 2916 2389 ἐχθρά
2962 2336 3090 2390 μου,
3117 2321 3201 2375 ὅτι
3249 2323 3540 2388 πέπτωκα,
3575 2324 3665 2378 καὶ

2095 2405 2500 2478 ἀναστήσομαι.
2533 2408 2680 2464 Διότι
2708 2409 2803 2462 καὶ
2829 2411 2926 2464 ἐὰν
2965 2411 3174 2465 καθίσω
3217 2413 3276 2466 ὲν
3317 2415 3522 2481 σκότει,
3560 2415 3665 2468 Κῦ-

2097 2516 2210 2569 ριος
2243 2501 2434 2568 φωτιεῖ
2457 2516 2569 2570 μοι.
2605 2499 2808 2571 Ὀργὴν
2841 2501 3050 2572 Κυρίου
3089 2503 3320 2570 ὑποῐσω,
3374 2505 3456 2558 ὅτι
3491 2507 3666 2577 ἦμαρ-

2093 2609 2186 2646 τον
2221 2592 2390 2662 αὐτῷ,
2426 2592 2530 2656 ἕως
2556 2591 2652 2646 τοῦ
2679 2593 2972 2649 δικαιῶσαι
3012 2595 3176 2649 αὐτὸν
3207 2596 3306 2667 τὴν
3357 2597 3515 2668 δίκην
3545 2616 3665 2668 μου,

2096 2683 2189 2738 καὶ
2214 2683 2392 2749 ἐξάξει
2425 2701 2494 2754 με
2521 2684 2602 2749 είς
2636 2683 2776 2752 φῶς,
2818 2685 2914 2738 καὶ
2951 2685 3157 2756 ὂψομαι
3188 2687 3286 2758 τὴν
3319 2688 3668 2759 δικαιοσύνην

2096 2776 2284 2831 αὐτοῦ.
2320 2776 2429 2830 Καὶ
2468 2775 2660 2844 ὄψεται
2685 2778 2718 2846 ὴ
2767 2777 2940 2847 ἐχθρά
2985 2795 3108 2845 μου,
3145 2779 3240 2833 καὶ
3290 2779 3666 2850 περιϐαλεῖται

2099 2869 2386 2940 αἰσχύνην,
2424 2869 2456 2938 ή
2509 2868 2744 2938 λέγουσα
2773 2869 2912 2940 πρός
2946 2887 3037 2939 με,
3069 2870 3182 2924 Ποῦ
3226 2870 3436 2941 Κύριος
3484 2872 3513 2925 ὁ
3541 2872 3667 2936 Θεός

2099 2977 2226 3028 σου;

2169 3054 2306 3108 Οὒαὶ
2336 3056 2385 3108 οἱ
2413 3053 2664 3122 λέγοντες
2692 3053 2753 3108 ob
2793 3055 3030 3129 πονηρὸν
3060 3057 3246 3124 καλὸν,
3280 3057 3374 3110 καὶ
3416 3057 3477 3111 τὸ
3508 3057 3668 3113 καλὸν

2099 3147 2356 3218 πονηρόν
2386 3147 2436 3200 oi
2483 3145 2722 3210 τιθέντες
2774 3147 2835 3201 τὸ
2888 3148 3076 3213 σκότος
3129 3151 3266 3215 φῶς,
3322 3152 3416 3204 καὶ
3460 3151 3522 3204 τὸ
3554 3152 3666 3219 φῶς
3761 3164 3788 3186 ⁸

2100 3237 2310 3300 σκότος’
2343 3237 2390 3290 οἱ
2422 3235 2660 3300 τιθέντες
2694 3237 2754 3292 τὸ
2793 3239 2991 3310 πικρὸν
3023 3239 3218 3308 γλυκὺ,
3255 3240 3350 3295 καὶ
3379 3241 3442 3294 τὸ
3494 3241 3666 3309 γλυκὺ

2099 3332 2316 3398 πικρόν.

2168 3424 2365 3493 Παγίδι
2391 3423 2690 3484 ἁλώσονται
2715 3424 2764 3478 oi
2797 3426 3215 3498 εὐφραινόμενοι
3242 3427 3332 3481 ἐπὶ
3355 3425 3562 3479 πτώσει
3581 3427 3668 3480 εὖ·

2099 3517 2296 3582 σεϐὦν,
2327 3517 2419 3570 καὶ
2449 3517 2609 3590 ὀδύνη
2637 3517 3015 3576 καταναλώσει
3066 3520 3262 3584 αὐτοὺς
3303 3519 3412 3592 πρὸ
3441 3519 3536 3574 τοῦ
3568 3519 3666 3572 ϐα-

2097 3607 2259 3660 νάτου
2301 3605 2503 3660 αὐτῶν.

2168 3699 2244 3752 Οὐ
2277 3699 2515 3769 καθῆκον
2558 3700 2782 3764 δοξάσαι
2833 3700 3002 3772 ἄνδρα
3038 3701 3386 3772 ἀμαρτωλόν.

2178 3791 2344 3860 Ἀνὴρ
2374 3793 2695 3862 ἁμαρτωλὸς
2727 3792 2954 3863 ταράξει
2985 3792 3196 3862 φίλους,
3228 3797 3324 3849 καὶ
3363 3791 3473 3847 ἀνὰ
3503 3791 3667 3864 μέσον

2097 3883 2487 3951 είρηνευδντων
2524 3883 2678 3952 βαλεῖ
2706 3884 2980 3953 διαϐολήν.

2166 3975 2290 4040 Τοῖς
2328 3975 2632 4046 γαυριῶσιν
2676 3977 2768 4030 ἐπὶ
2796 3979 2862 4048 τῇ
2911 3974 3080 4048 κακίᾳ
3112 3976 3366 4048 συγγηρᾷ
3394 3975 3464 4031 τὰ
3498 3977 3660 4032 κακά.

2165 4155 2376 4218 Οίτινες
2407 4154 2476 4206 τὰ
2508 4153 2852 4220 δικαιώματα
2887 4153 2982 4208 τοῦ
3025 4152 3162 4206 Θεοῦ
3213 4154 3556 4221 ἐπιγνόντες,
3580 4155 3663 4210 ὅτι

2093 4249 2144 4301 oi
2177 4246 2249 4300 τὰ
2290 4245 2516 4301 τοιαῦτα
2565 4245 2902 4316 πράσσοντες
2956 4245 3096 4311 ἄξιοι
3122 4245 3357 4300 Θατάτου
3405 4243 3565 4310 (ictu,
3595 4245 3662 4300 οὐ

2097 4342 2260 4412 μόνον
2287 4341 2430 4394 αὐτὰ
2475 4338 2746 4403 ποιοῦσιν,
2797 4338 2935 4392 ἀλλὰ
2985 4338 3081 4392 καὶ
3141 4336 3522 4392 συνευδοκοῦσι
3550 4338 3664 4401 τοῖς

1976 4480 1980 4486 .
2018 4448 2064 4505 ι)
2094 4434 2442 4505 πράττουσιν.

2161 4522 2430 4594 Προδοσία
2473 4521 2572 4590 τῆς
2607 4518 2878 4588 ,ἀληθείας
2939 4520 3058 4580 ἐστὶ
3109 4519 3203 4572 καὶ
3260 4518 3486 4588 ἐθισμὸς
3527 4519 3666 4590 πρὸς

2089 4615 2412 4686 ἀδιαφορίαν
2441 4617 2474 4685 ἠ
2499 4615 2614 4668 τῶν
2646 4631 2782 4684 πονη
2793 4614 3104 4684 ρευομένων
3132 4612 3396 4683 ἁποδοχή.

2163 4709 2357 4762 Πολλοί
2381 4709 2520 4764 είσιν
2549 4709 2597 4762 oi
2639 4708 2738 4773 τὰς
2768 4707 3014 4780 πονηρὰς
3060 4707 3294 4778 πράξεις
3324 4707 3666 4777 ἁποδεχόμε·

2090 4819 2191 4864 νοι,
2225 4802 2320 4856 καὶ
2345 4803 2608 4872 χαρίεντα
2635 4801 2734 4870 μὲν
2770 4801 2863 4857 τὸν
2896 4799 3232 4868 εὐτράπελον
3259 4797 3536 4866 λέγοντες,
3571 4798 3666 4853 τὴν

2089 4892 2146 4945 δὲ
2177 4892 2529 4962 αίσχρολόγον
2557 4889 2857 4956 πολιτικὸν,
2891 4890 2988 4943 καὶ
3009 4889 3076 4943 τὰ
3105 4888 3254 4956 ἑξῆς.

2158 5074 2232 5128 Οὐ
2264 5073 2323 5128 τὸ
2349 5070 2544 5140 ζηλοῦν
2582 5068 2802 5135 κακίαν,
2852 5066 2990 5122 ἀλλά
3017 5067 3110 5121 καὶ
3157 5068 3219 5120 τὸ
3246 5069 3372 5131 τοὺς
3416 5068 3475 5120 ἐν
3523 5066 3670 5136 αὐτῇ

2091 5167 2301 5232 ζῶντας
2329 5165 2594 5224 ιπαινεῖν.
2623 5162 2783 5232 φέρει
2829 5161 2953 5214 τινὰ
2981 5160 3200 5228 κόλασιν
3247 5159 3310 5213 οὐ
3339 5157 3674 5228 τὴντυχοῦο

2090 5276 2190 5314 σαν
2219 5259 2375 5329 ἡμῖν,
2404 5259 2500 5312 καὶ
2527 5257 2575 5310 εί
2603 5257 2708 5325 χρή
2735 5255 2903 5310 τίκα).
2925 5253 3240 5323 θαυμαστὸν
3256 5252 3454 5315 εἰπεῖν,
3481 5249 3676 5304 αὐτῶν

2088 5351 2198 5406 τῶν
2246 5352 2304 5402 ὲν
2353 5347 2591 5418 πονηρίᾳ
2645 5346 2868 5410 ζώντων
2931 5343 3361 5415 χαλεπωτέραν·
3419 5341 3516 5396 τοῦ
3552 5341 3673 5410 γὰρ

2091 5439 2428 5510 ἁμαρτάνειν
2460 5438 2704 5492 ἐπαινεῖν
2733 5437 2860 5515 τους
2907 5434 3322 5504 ἁμαρτάνοντας
3349 5431 3487 5486 πολὺ
3539 5431 3676 5502 μεῖ-

2090 5533 2180 5596 ζον
2207 5533 2290 5595 είς
2320 5528 2591 5590 κολάσεως
2615 5527 2792 5596 λόγον,
2820 5529 2917 5584 καὶ
2941 5525 3084 5594 μάλα
3118 5524 3366 5588 εἰκότως.
3393 5521 3684 5590 Διεφθαρο

421 5647 582 5699 quam
611 5648 858 5704 peccare,
885 5637 940 5686 et
973 5629 1189 5684 merito.
1222 5629 1318 5683 Est
1345 5627 1492 5683 enim
1529 5625 1772 5695 corrupti
1817 5625 1984 5680 animi

2117 5624 2260 5692 ιένης
2276 5620 2385 5690 γάρ
2418 5621 2535 5673 ἐστι
2564 5618 2812 5690 γνώμης,
2841 5617 2937 5670 καὶ
2959 5614 3139 5686 ψυχῆς
3154 5615 3349 5668 ἀνίατα
3374 5611 3678 5682 νοσούσης,

425 5733 478 5803 et
516 5727 702 5780 morbo
738 5724 1028 5781 incuraliili
1053 5721 1354 5778 laborantis
1385 5721 1502 5776 haec
1527 5716 1796 5774 sententia
1825 5725 1878 5773 et
1903 5717 1988 5789 ju-

2091 5714 2230 5786 αὕτη
2263 5716 2297 5786 ἡ
2329 5715 2529 5785 ψῆφος.
2604 5710 2664 5764 '0
2719 5710 2827 5782 γὰρ
2863 5707 3102 5766 ἐπαινῶν
3128 5705 3398 5774 πονηρίαν
3447 5705 3554 5769 τῆς
3610 5705 3684 5757 ὲκ
