3992 6252
344 363 509 433 -1105

1166 374 1336 437 LOCI
1377 375 1822 438 COMMUNES.
1857 370 2142 434 *PARS
2185 375 2566 442 I'l.~SERMO
2615 381 2804 444 XLII.

3482 389 3614 454 1106

357 488 479 546 τοῦ,
517 488 849 559 μετανοῆσαι
908 491 1206 564 θεραπείας
1261 499 1455 552 ἑαυτὸν
1507 499 1885 570 ἀπεστέρησεν
1918 510 1964 547 ἠ

2051 492 2263 550 diciurn.
2291 498 2392 565 Qui
2425 501 2566 556 enim
2585 502 2918 588 probitatem
2939 503 3143 572 laudat,
3173 504 3218 559 is
3245 517 3302 560 se
3322 510 3615 576 pcenitendi

356 579 498 636 ὥστε
527 581 751 662 εἰκότως
775 585 934 640 τοῦτο
959 587 1170 642 ἐκείνου
1216 590 1602 662 χαλεπώτερον
1635 594 1663 646 ό
1721 591 1934 655 Παῦλος

355 667 496 727 εἶναι
527 654 907 746 ξνομοθέτησε.
936 678 1035 732 Διὰ
1059 654 1346 752 τοῦτοηούχ
1381 684 1430 736 oi
1456 654 1524 737 τά
1544 683 1726 753 φαῦλα
1753 683 1934 756 πράτ-

357 780 543 828 σοντες
579 766 763 832 μόνον,
799 769 936 822 ἀλλά
974 772 1068 826 καὶ
1094 774 1142 824 oi
1196 773 1420 838 τούτους
1464 776 1932 847 ἐγκωμιάζοντες,

354 857 456 924 τῆς
485 859 655 929 αὐτῆς
682 861 714 931 ἢ
745 863 836 917 καὶ
863 863 1250 938 χαλεπωτέρας
1273 869 1508 932 ἐκείνοις
1536 873 1930 950 κοινωνήσουσι

354 951 628 1016 κολάσεως
649 987 664 1008 .
1148 989 1150 991 ›
1374 974 1376 976 '
1509 973 1515 975 ·

437 1043 895 1120 Ἐπιχαιρεκακία
945 1054 1225 1128 ἀλλότριον
1255 1062 1459 1130 σοφῶν.

935 1229 1155 1284 ΛΟΓΟΣ
1200 1233 1336 1287 MA'.

657 1389 659 1392 γ
762 1321 902 1390 Περὶ
952 1326 1222 1383 πολιτῶν
1253 1329 1514 1398 ἀγαθῶν.
1595 1377 1598 1380 .

425 1404 590 1462 Εἶπεν
634 1409 883 1484 Ἀϐραὰμ
923 1418 1061 1487 πρὸς
1120 1422 1344 1492 Κύριον⁹
1387 1425 1514 1478 Ἐὰν
1560 1419 1664 1484 ὦσι
1731 1432 1928 1502 πεντή-

354 1514 523 1553 κοντα
553 1501 753 1557 δίκαιοι
801 1505 860 1557 ἐν
905 1509 972 1577 τῇ
1018 1510 1194 1577 πόλει,
1235 1514 1525 1581 ἀπολέσεις
1555 1520 1755 1583 αὐτούς
1781 1537 1796 1590 ;
1825 1501 1924 1576 οὐκ

356 1590 582 1660 ἀνήσεις
615 1595 788 1648 πάντα
819 1595 911 1651 τὸν
942 1599 1107 1656 τόπον
1138 1603 1300 1658 ’ἑνεκα
1345 1607 1453 1660 τῶν
1485 1612 1822 1680 πεντήκοντα
1849 1613 1926 1668 διο

350 1683 558 1752 καίων;
618 1687 885 1760 μηδαμῶς
924 1693 984 1748 οὐ
1017 1698 1271 1766 ποιήσεις
1325 1699 1388 1752 τὸ
1442 1700 1596 1774 ῥῆμα
1643 1704 1803 1758 τοῦτο
1831 1706 1922 1760 τοῦ

350 1775 676 1834 ἀποκτεῖναι
733 1781 945 1838 δίκαιον
999 1788 1137 1857 μετὰ
1184 1791 1436 1858 ἀσεϐοῦς,
1468 1795 1566 1849 καὶ
1596 1797 1752 1852 ἔσται
1779 1797 1807 1852 ὀ
1846 1798 1923 1852 δί-

2039 591 2323 645 curatione
2355 593 2553 660 privat,
2579 602 2636 647 ut
2667 596 2864 651 merito
2894 594 3100 652 Paulus
3132 597 3238 652 hoc
3268 599 3360 655 illo
3397 603 3615 670 gravius

2033 694 2159 746 esse
2189 681 2473 750 iudicarit.
2522 682 2714 754 Itaque
2761 703 2867 742 non
2910 687 3070 743 modo
3106 689 3204 758 qui
3243 689 3491 759 improbe
3531 692 3613 768 fa-

2035 772 2216 838 ciunt,
2249 773 2344 829 sed
2381 776 2542 830 etiam
2603 779 2721 847 qui}
2750 780 2888 834 istos
2937 766 3183 844 laudant,
3238 783 3480 853 ejusdem
3531 766 3615 838 vel

2036 864 2202 918 etiam
2241 865 2544 922 acerbioris
2589 869 2882 940 participes
2907 879 3070 926 erunt
3101 872 3615 930 animadversionis.

2109 1045 2378 1102 Philonis.
2414 1047 2790 1105 Malevolentia
2839 1067 2903 1107 ac
2940 1062 3161 1125 propter
3205 1054 3336 1109 vitia
3381 1053 3614 1111 delecta-

2032 1138 2106 1194 tio
2141 1139 2302 1213 184
2325 1156 2356 1195 a
2385 1142 2721 1210 sapientibus
2745 1143 2920 1198 aliena
2946 1155 3052 1200 est.
3542 1169 3545 1171 ·

2494 1231 2725 1289 δειιιιο
2754 1233 2867 1289 XLI
2901 1235 2998 1302 [αι.
3036 1235 3153 1309 Xl].

2567 1323 2644 1378 De
2675 1325 2824 1380 bonis
2855 1327 3074 1382 civibus.

2099 1412 2241 1470 Gen-
2263 1429 2416 1470 XVIII.
2453 1416 2597 1469 uixit
2627 1416 2930 1473 Abraantus
2963 1419 3028 1474 ad
3065 1419 3343 1476 Dominum
3371 1437 3384 1475 :
3412 1421 3468 1477 Si
3495 1421 3614 1477 fue—

2027 1506 2137 1562 rint
2181 1507 2575 1579 quinquaginta
2621 1508 2753 1578 justi
2808 1511 2860 1564 iu
2913 1511 3156 1580 civitate,
3219 1515 3416 1584 perdes
3478 1516 3616 1570 eos?

2027 1613 2210 1653 nonne
2260 1601 2600 1656 cumlonabis
2669 1611 2891 1671 propter
2938 1604 3336 1676 quinquaginta
3386 1605 3616 1678 iustos?

2028 1685 2384 1757 Nequaquam
2423 1689 2570 1745 istud
2599 1693 2934 1757 committas,
2970 1694 3256 1764 utjustum
3291 1711 3414 1752 cum
3445 1697 3614 1768 impio

2033 1779 2354 1849 interficias,
2387 1782 2566 1854 sitque
2591 1783 2780 1838 eadem
2812 1785 3129 1841 conditione
3155 1787 3339 1858 justus
3364 1804 3487 1845 cum
3513 1789 3615 1844 im-

350 1881 508 1964 καιος
540 1869 615 1964 ᾡς
647 1874 674 1925 ό
703 1875 910 1946 ἀσεϐὴς
937 1880 1230 1950 μηδαμῶς.
1283 1883 1343 1936 Ὀ
1373 1885 1576 1955 κρίνων
1606 1890 1790 1943 πᾶσαν
1827 1891 1926 1964 τὴν
1961 1860 1964 1911 ί

2051 1874 2128 1945 aio
2159 1892 2176 1930 :
2209 1890 2578 1950 nequaquam,
2606 1879 2698 1949 qui
2735 1878 2951 1948 iudicas
3002 1881 3316 1938 universam
3364 1889 3568 1937 terram
3594 1922 3611 1946 ,

348 1958 457 2051 γῆν
505 1961 568 2035 οὐ.
623 1965 871 2035 ποιήσεις
948 1971 1162 2039 κρίσιν;
1221 1968 1356 2028 Eius
1415 1977 1473 2030 δὲ
1526 1978 1762 2051 Κύριοςο
1802 1958 1927 2038 Ἐἀν

351 2050 500 2120 εὕρω
532 2057 614 2110 ’ἐν
663 2056 920 2128 Σοδόμοις
968 2065 1312 2136 πεντήκοντα
1363 2050 1628 2137 δικαίους,
1656 2075 1759 2128 οὑκ
1792 2075 1926 2129 ἀπο-

338 2139 493 2202 λέσω
526 2148 686 2204 ἕνεκα
725 2153 832 2207 τῶν
871 2161 1238 2228 πεντήκονταο
1271 2165 1365 2216 καὶ
1393 2163 1462 2219 τὰ
1495 2165 1646 2236 ἑξῆς.

440 2242 526 2296 Ἐν
557 2245 782 2312 ἀγαθοῖς
807 2248 1036 2306 δικαίων
1062 2256 1512 2328 κατωρθώθησαν
1537 2260 1745 2326 πόλεις.

436 2420 530 2475 Ἕν
558 2424 835 2492 εὐλογίαις
864 2428 1088 2487 δικαίων
1117 2432 1463 2508 ὑψωθήσεται
1498 2439 1674 2504 πόλις.

438 2512 724 2579 Ἐπαύλεις
753 2517 982 2575 δικαίων
1009 2522 1383 2594 εὐλογοῦνται.

2029 1981 2138 2020 non
2170 1965 2342 2022 facias
2364 1966 2658 2037 judicium.
2688 1968 2954 2028 Dominus
2987 1980 3170 2027 autem
3206 1989 3220 2026 :
3269 1972 3349 2038 Si,
3406 1973 3610 2044 inquit,

2029 2057 2292 2116 invenero
2315 2058 2566 2130 sodomis
2591 2063 2988 2136 quinquaginta
3005 2065 3207 2135 iustos,
3235 2075 3459 2138 propter
3489 2065 3614 2122 illos

2029 2153 2422 2224 quinquaginta
2447 2164 2560 2210 non
2591 2158 2815 2225 perdam
2845 2175 2864 2225 ;~
2905 2165 2960 2214 et
2993 2158 3226 2230 reliqua.

2100 2243 2258 2300 Prov.
2287 2262 2346 2303 II.
2389 2247 2622 2319 Propter
2650 2249 2948 2307 bonitatem
2992 2249 3268 2320 iustorum
3315 2251 3612 2309 fortunatae

2029 2337 2251 2393 fuerunt
2289 2339 2561 2396 civitates.

2097 2428 2156 2483 III
2190 2429 2666 2487 benedictionibus
2707 2431 2987 2502 iustorum
3019 2435 3354 2491 exaltabitur
3391 2438 3611 2494 civitas.

2099 2519 2476 2578 llabitationes
2503 2523 2777 2593 iustorum
2819 2525 3107 2581 fortunata:
3139 2536 3194 2582 et
3221 2527 3431 2584 felices.

2102 2613 2205 2668 Per
2246 2616 2412 2683 unius
2439 2618 2664 2686 sagacis
2698 2617 2937 2673 hominis
2969 2618 3318 2690 prudentiam
3352 2620 3612 2692 frequens

2025 2709 2131 2764 erit
2159 2708 2355 2764 incolis
2387 2709 2598 2763 civitas.

422 2784 531 2843 Καί
588 2806 649 2859 γε
691 2791 848 2848 τοῦτο
893 2792 1054 2863 εἶδον,
1105 2801 1298 2870 σοφίαν
1348 2803 1454 2857 ὑπὸ
1482 2805 1573 2859 τὸν
1601 2806 1773 2877 ἥλιον.
1813 2811 1923 2864 Καὶ
1961 2842 1964 2850 ι

2099 2800 2272 2856 Eccle.
2306 2801 2417 2856 lloc
2463 2802 2632 2856 etiam
2674 2802 2804 2869 vidi,
2856 2803 3178 2872 sapientiam
3227 2805 3331 2860 sub
3376 2805 3513 2869 sole,
3561 2817 3620 2862 et

348 2880 568 2949 μεγάλη
610 2884 728 2936 ἐστὶ
775 2885 914 2953 πρός
966 2903 1034 2956 με
1066 2889 1219 2954 πόλις
1259 2893 1454 2963 μικρὰ,
1504 2895 1600 2949 καὶ
1641 2897 1833 2969 ἄνδρες
1861 2900 1923 2952 ἑν

2051 2907 2221 2963 uagua
2257 2901 2344 2949 est
2374 2895 2516 2964 apud
2553 2910 2639 2950 rue
2669 2910 2835 2966 parva
2876 2897 3088 2961 civitas,
3139 2905 3193 2952 et
3237 2898 3393 2968 pauci
3442 2900 3497 2954 in
3545 2915 3610 2955 ea

346 2973 489 3044 αὐτῇ
529 2973 740 3044 ὀλίγοιο
785 2981 883 3034 καὶ
916 2979 1046 3052 ἔλθῃ
1087 2982 1174 3036 ἐπ’
1207 2985 1378 3056 αὐτὴν
1430 2987 1686 3056 βασιλεὺς
1723 2992 1920 3060 μέγας,

2051 2983 2152 3050 'iri,
2194 2985 2463 3042 adversus
2492 3001 2657 3057 quam
2687 2987 2840 3042 venit
2873 3001 2966 3042 rex
3000 3002 3253 3057 magnus,
3286 2989 3615 3060 obseditque

349 3065 446 3118 καὶ
499 3065 773 3123 κυκλώσει
832 3073 1021 3145 αὐτὴν,
1081 3076 1174 3129 καὶ
1228 3078 1574 3150 οἰκοδομήσει
1616 3083 1703 3135 ἐπ’
1752 3083 1921 3156 αὐτὴν

2051 3087 2081 3132 :t
2113 3093 2338 3149 magnos
2363 3094 2588 3150 aggeres
2611 3080 2876 3136 adversus
2902 3095 3022 3136 eam
3051 3081 3332 3151 congessit
3355 3089 3409 3136 et
3427 3081 3615 3135 obval-

345 3155 599 3226 χάρακας
626 3161 916 3228 μεγάλουςο
963 3163 1056 3218 καὶ
1092 3163 1227 3237 εὕρῃ
1261 3167 1319 3220 ὲν
1339 3168 1476 3240 αὐτῇ
1513 3168 1681 3240 ἄνδρα
1712 3155 1919 3242 πένητα
1951 3220 1964 3250 Ι

2051 3166 2179 3221 avit.
2218 3165 2482 3234 iuventus
2503 3177 2684 3223 autem
2713 3177 2796 3222 est
2827 3181 3032 3239 pauper
3060 3168 3114 3222 in
3139 3182 3220 3235 ca,
3247 3169 3338 3224 sed
3367 3168 3612 3250 sapiens,

345 3249 445 3300 καὶ
492 3251 699 3321 σοφὸν,
735 3255 829 3308 καὶ
880 3255 1124 3330 διασώσῃ
1176 3261 1339 3325 αὐτὸς
1395 3261 1495 3333 τὴν
1541 3263 1697 3318 πόλιν
1743 3267 1802 3320 ἑν
1854 3269 1920 3338 τῇ
1950 3249 1964 3277 ¹

2051 3261 2118 3330 [ui
2156 3275 2277 3316 eam
2309 3261 2502 3317 urbem
2535 3261 2741 3317 salvam
2779 3259 3038 3332 praestitit
3067 3275 3176 3316 sua
3193 3261 3506 3348 sapientia.

347 3343 515 3416 σοφίᾳ
560 3347 745 3404 αὐτοῦ.
1248 3409 1250 3411 .

425 3437 637 3509 Ὥσπερ
684 3443 758 3496 τά
804 3443 977 3518 εὐώδη
1021 3447 1128 3502 τῶν
1171 3449 1485 3521 ἀρωμάτων
1515 3454 1617 3520 τῆς
1663 3455 1804 3519 ιδίας
1835 3457 1925 3511 εὐ·

347 3527 543 3591 πνοίας
573 3531 663 3582 τὸν
695 3537 1098 3606 παρακείμενον
1126 3540 1266 3610 ἀέρα
1315 3541 1496 3614 πλήρη
1552 3548 1715 3613 ποιεῖ,
1749 3546 1921 3612 οὕτως

343 3619 540 3690 ἀνδρὸς
572 3623 778 3690 ἀγαθοῦ
809 3631 1078 3700 παρουσία
1106 3633 1232 3696 τοὺς
1256 3635 1421 3699 πέλας
1447 3637 1706 3708 ὀνίνησιν.

434 3715 574 3783 Ἐγὼ
603 3718 732 3773 ὅταν
759 3721 882 3776 τινὰ
925 3724 1035 3777 τῶν
1065 3728 1370 3784 σπουδαίων
1415 3731 1773 3802 διαιτώμενον
1799 3735 1919 3788 κατ’

2097 3717 2358 3774 Philonis.
2400 3718 2538 3775 Cum
2572 3719 2750 3775 virum
2785 3719 3021 3791 aliquem
3053 3722 3259 3778 bonum
3308 3722 3393 3779 vel
3434 3723 3490 3777 in
3538 3720 3616 3778 fa-

343 3805 584 3878 οἰκίανῆ
627 3809 779 3864 πόλιν
823 3811 1126 3882 θεάσωμαι,
1181 3817 1281 3889 τὴν
1320 3820 1504 3874 οὶκίαν
1551 3820 1584 3888 ἢ
1621 3821 1721 3892 τὴν
1767 3823 1921 3877 πόλιν

2051 3811 2171 3865 uilia
2193 3808 2486 3880 aliquavel
2513 3811 2566 3865 in
2589 3813 2816 3868 civitate
2840 3815 3045 3869 versari
3074 3813 3472 3880 animadverto,
3491 3827 3614 3868 eam

347 3897 569 3969 ἐκείνην
595 3900 978 3971 εὐδαιμονίζω,
1013 3906 1108 3959 καὶ
1144 3901 1304 3976 οἶμαι
1333 3909 1433 3980 τήν
1478 3927 1536 3964 τε
1577 3913 1686 3966 τῶν
1713 3915 1918 3983 παρόν-

2051 3904 2288 3959 amiliam
2322 3913 2422 3959 aut
2444 3904 2723 3960 civitatem
2767 3906 2980 3962 beatam
3013 3908 3273 3975 praedico,
3320 3906 3614 3990 existimo-

343 4006 456 4044 των
486 3991 707 4059 ἀγαθῶν
737 3995 1039 4050 ἀπόλαυσιν
1071 3997 1318 4068 βεϐαίαν,
1359 4002 1454 4056 καὶ
1492 4001 1591 4072 τὴν
1611 4004 1723 4060 τῶν
1755 4008 1922 4061 ἀπόν-

2051 4011 2128 4067 [ιιε
2150 4010 2270 4052 eam
2301 4005 2357 4052 et
2389 3996 2758 4067 prarsentibu-s
2791 3998 2959 4053 bonis
3007 3997 3215 4068 perfrui
3273 3999 3526 4064 ﬁrmiter,
3560 4009 3615 4056 et

342 4100 457 4138 των
493 4087 822 4155 προσδοκίαν
849 4091 1355 4167 τελεσφορουμένην
1379 4098 1629 4168 σχήσειν,
1658 4099 1751 4152 τοῦ
1779 4101 1918 4155 Θεοῦ

2051 4104 2208 4144 orum
2242 4103 2366 4158 quae
2391 4089 2591 4143 desunt
2620 4090 2925 4160 exspectari
2973 4106 3080 4146 non
3120 4091 3335 4154 frustra
3362 4092 3614 4162 copiam,

343 4179 439 4232 τιιν
477 4179 859 4252 ἀπεριόριστον
907 4187 1003 4239 καὶ
1059 4189 1443 4258 ἀπερίγραφον
1491 4191 1722 4246 πλοῦτον
1751 4195 1918 4251 αὐτοῦ

2055 4181 2313 4237 quDeus
2339 4180 2608 4236 inﬁnitam
2638 4191 2691 4237 et
2719 4182 3252 4255 incircumscriptam
3281 4183 3620 4254 Opulentiam

438 2603 572 2662 Ἀπὸ
605 2608 726 2674 ἑνὸς
759 2614 984 2668 συνετοῦ
1020 2619 1496 2690 συνοικισθήσεται
1532 2625 1712 2688 πόλις.

2095 3443 2167 3501 Ut
2197 3447 2703 3503 aromata-odorata
2738 3445 3036 3516 fragrantia
3069 3457 3168 3500 sua
3217 3441 3612 3501 circumfusum

2024 3551 2202 3592 aerem
2260 3536 2558 3604 complent,
2591 3537 2674 3592 sic
2703 3537 2805 3589 viri
2847 3535 2972 3592 boni
3004 3532 3295 3604 praesentia
3335 3536 3612 3604 proximis

2025 3628 2288 3682 utilitates
2320 3628 2497 3683 adfert
2521 3627 2809 3698 plurimas.

344 4269 440 4325 διὰ
470 4273 596 4337 τοὺς
635 4275 822 4341 ἀξίους
859 4278 954 4331 καὶ
995 4279 1122 4344 τοὺς
1152 4281 1414 4348 ἀναξίους·
1432 4283 1806 4356 δωρουμένου.

421 4363 872 4434 Εὐδαιμονιστὲον
903 4369 1003 4437 μὲν
1052 4372 1148 4424 καὶ
1201 4373 1387 4443 χώραν
1413 4375 1509 4428 καὶ
1553 4375 1758 4443 οἰκίαν,
1785 4377 1916 4432 ὅταν

343 4452 445 4526 ἔχῃ
475 4457 600 4509 τινὰ
629 4459 936 4513 σπουδαῖον’
984 4463 1502 4534 κακώαιμονιστέον
1525 4465 1606 4536 δὲ,
1635 4467 1766 4521 ὅταν
1790 4469 1916 4540 ἐρη-

343 4563 449 4616 μος
556 4549 822 4608 τοιούτου.

421 4637 626 4696 Ἕνεκα
680 4642 782 4713 μὲν
809 4645 918 4700 τῶν
949 4647 1172 4712 φαύλων
1199 4649 1430 4719 οὐδεμία
1465 4651 1618 4712 πόλις
1657 4651 1922 4722 ὴρέμισεν

337 4737 432 4794 ἄν·
465 4737 778 4808 διαμένουσι
821 4739 880 4793 δὲ
912 4741 1260 4796 ἀστασίαστοι
1315 4742 1384 4796 δι’
1417 4743 1534 4806 ἑνὸς
1575 4744 1608 4814 ἢ
1666 4745 1922 4814 δευτέρου

343 4829 746 4900 συνοικοῦντος,
772 4832 830 4886 οὗ
857 4835 889 4905 ή
914 4833 1080 4904 ἀρετὴ
1102 4833 1198 4894 τὰς
1220 4832 1503 4897 πολιτικὰς
1535 4835 1722 4897 νόσους
1751 4837 1922 4902 idus,

339 4924 518 4994 γέρας
549 4925 918 4997 ἀπονέμοντος
961 4926 1052 4981 τοῦ
1085 4927 1380 4997 φιλαρέτου
1416 4925 1558 4980 Θεοῦ
1610 4928 1925 4996 καλοκαγα-

339 5017 490 5080 θίας,
544 5018 604 5071 τι
641 5019 714 5090 μὴ
751 5020 916 5089 μόνον
957 5020 1146 5088 αὐτὸν,
1183 5019 1318 5074 ἀλλά
1369 4999 1467 5074 καὶ
1512 5019 1640 5083 τοὺς
1685 5023 1922 5092 πλησιά-

345 5106 548 5171 ζοντας
583 5109 836 5178 ὠφελεῖν.

424 5201 655 5270 Ἄνδρες
682 5203 946 5270 -ἀγαθοὶ,
1001 5205 1407 5275 τροπικιὶηερον
1456 5204 1636 5258 εἰπεῖν
1666 5241 1682 5270 ,
1740 5203 1920 5269 κίονάς

343 5292 478 5353 είσι,
515 5291 690 5360 δῆμον
722 5293 844 5346 ὅλον
871 5294 1273 5364 ὑπερείδοντες,
1312 5293 1572 5365 καθάπερ
1605 5292 1788 5358 οἰκίας
1813 5310 1920 5364 -με-

345 5383 543 5452 γάλας,
579 5385 675 5448 τὰς
711 5383 896 5449 πόλεις
925 5386 1018 5439 καὶ
1053 5385 1151 5449 τὰς
1183 5386 1492 5450 πολιτείας.

946 5475 1165 5532 ΛΟΓΟΣ
1187 5477 1323 5532 MB’.
1525 5488 1528 5490 '
1610 5483 1663 5524 Γ

751 5569 891 5639 Περὶ
921 5568 1184 5624 πολιτῶν
1202 5568 1546 5640 μοχθηρῶν.

421 5666 485 5720 Ut
518 5664 796 5735 ἄνθρωποι
819 5665 870 5717 οι
904 5665 960 5716 ιν
984 5663 1236 5732 Σοδόμοις
1263 5665 1579 5736 ἁμαρτωλοὶ
1637 5666 1732 5723 καὶ
1764 5681 1921 5736 πονη-

351 5759 431 5828 ρο¹ε
469 5757 712 5810 ἐναντίον
739 5755 831 5810 τοῦ
861 5755 996 5810 Θεοῦ
1029 5757 1254 5827 σφόδρα.

419 5849 495 5903 Οὐ
531 5849 768 5920 πορεύσῃ
798 5848 985 5932 δολίως
1010 5851 1066 5904 ἐν
1091 5848 1167 5918 τῷ
1201 5847 1344 5904 εθρνει
1375 5863 1490 5903 σου.

2017 4285 2178 4328 suam
2205 4283 2424 4343 propter
2451 4271 2647 4341 dignos
2679 4272 2918 4345 indignis
2943 4277 3110 4332 etiam
3143 4277 3329 4349 largiri
3361 4278 3555 4334 soleat.
3581 4299 3583 4302 ⁴

2091 4362 2240 4423 Felix
2271 4364 2512 4436 iudicari.
2535 4374 2776 4422 meretur
2797 4375 2852 4423 et
2875 4367 3071 4425 civitas
3096 4376 3152 4426 et
3188 4370 3346 4442 regio
3368 4379 3425 4426 et
3455 4369 3616 4424 fami-

2021 4458 2120 4524 lia,
2149 4473 2274 4514 cqu
2309 4459 2549 4529 aliquem
2584 4459 2783 4514 virtute
2808 4461 3098 4530 praeditum
3129 4462 3383 4518 habuerit
3414 4477 3429 4514 :
3467 4462 3605 4516 infe-

1948 4575 1998 4637 ο
2023 4550 2097 4605 lix
2129 4560 2335 4617 autem,
2377 4565 2501 4606 cum
2532 4551 2624 4606 tali
2669 4552 2786 4606 viro
2823 4554 3082 4606 caruerit.
3164 4589 3170 4595 ο

2057 4688 2066 4694 .
2098 4641 2482 4713 lmproborum
2506 4643 2727 4710 quidem
2754 4657 2918 4698 causa
2944 4643 3092 4698 nulla
3128 4643 3438 4712 respublica
3469 4653 3618 4698 tran-

2027 4736 2198 4805 quilla
2248 4743 2432 4799 esset,
2478 4733 2572 4790 sed
2631 4733 2751 4796 sine
2804 4732 3074 4788 seditione
3130 4733 3341 4788 durant.
3386 4741 3614 4803 propter

2028 4842 2195 4882 unum
2254 4835 2348 4880 aut
2390 4826 2622 4879 alterum
2681 4825 2876 4890 civem,
2927 4825 3083 4895 cujus
3136 4826 3312 4880 virtus
3358 4825 3613 4882 civilibus

2027 4918 2236 4976 morbis
2264 4917 2538 4982 medetur,
2569 4915 2680 4972 Deo
2713 4916 2825 4987 (cui
2856 4916 3038 4972 virtus
3055 4924 3112 4971 et
3143 4915 3389 4986 probitas
3419 4917 3616 4987 placet)

2027 5011 2134 5067 hoc
2165 5013 2446 5082 praemium
2473 5009 2694 5065 virtutis
2727 5010 2927 5064 cultori
2973 5009 3269 5075 tribuente,
3308 5018 3368 5065 ut
3409 5011 3465 5066 id
3506 5024 3615 5067 non

2033 5103 2210 5158 solum
2251 5104 2518 5173 seipsutn,
2557 5102 2652 5156 sed
2685 5101 2846 5157 etiam
2876 5101 3155 5170 proximos
3183 5100 3424 5172 adjuvet.
3519 5115 3526 5127 λ

2101 5195 2235 5249 Boni
2269 5195 2372 5250 viri
2412 5196 2496 5265 (ut
2532 5193 2817 5264 ﬁguratius
2835 5193 3038 5259 dicam)
3064 5193 3331 5250 columna:
3359 5204 3488 5250 sunt
3519 5209 3615 5264 po-

2030 5289 2220 5357 pulum
2243 5297 2420 5343 t0tuni
2451 5287 2815 5350 sustinentes,
2835 5294 3096 5356 tanquam
3125 5299 3354 5358 magnas
3383 5287 3570 5344 domos
3593 5326 3609 5350 ,

2027 5381 2280 5437 civitates
2316 5387 2370 5435 et
2410 5379 2770 5447 reSpnblicas.

2013 5485 2016 5489 -
2429 5469 2662 5526 sanan
2696 5468 2834 5525 XLII
2872 5469 2971 5543 [αι.
3003 5468 3228 5542 XXIX].

2496 5561 2590 5616 De
2620 5561 2818 5617 civibus
2851 5561 3126 5630 improbis.

2101 5657 2260 5728 185
2287 5654 2416 5712 Gen.
2468 5669 2579 5708 xu.
2632 5653 2794 5709 Cives
2842 5651 3202 5708 Sodomorum
3257 5642 3518 5702 scelerosi
3551 5652 3612 5711 et

2026 5751 2262 5822 improbi
2293 5749 2343 5803 in
2372 5757 2671 5816 conspectu
2711 5745 2801 5800 Dci
2843 5745 3214 5799 vehementer.

2100 5842 2268 5900 Leuit.
2301 5856 2412 5897 xIx.
2447 5839 2511 5896 ln‘.
2543 5839 2739 5910 populo
2768 5845 2860 5892 tuo
2888 5847 2956 5890 ne
2980 5831 3173 5889 dolose
3209 5830 3385 5903 agito.
