3832 6244
213 317 350 382 1109

211 525 439 596 καρδίαν
467 540 585 589 σου,
622 524 715 576 καὶ
744 522 1118 595 καρτέρησον·
1154 525 1250 578 καὶ
1300 524 1376 594 μὴ
1435 524 1675 595 strain“;
1723 525 1781 576 ὲν

209 617 387 688 καιρῷ
433 616 754 684 ἐπαγωγῆς.
793 615 1104 687 Κολλήθητι
1165 615 1336 686 αὐτῷ,
1390 616 1593 686 καὶμὴ
1647 616 1784 670 ἀπο-

211 712 363 778 στῇς,
394 707 744 778 ῖναναύξηθῇς
773 708 860 761 ἐπ’
896 708 1142 778 ὲσ-χάτων
1169 723 1283 761 σου·
1321 709 1428 763 πᾶν
1478 707 1507 762 6
1560 708 1653 762 ἐὰν
1683 709 1786 761 ὲπ-

212 804 352 873 αχθῇ
382 819 486 868 σοι,
512 802 681 867 δέξαι’
707 802 800 854 καὶ
821 804 878 855 ὲν
907 801 1214 871 ἀλλάγματι
1269 801 1650 863 ταπεινώσεως
1692 819 1785 856 σου

213 895 680 964 μαιιιροθύμησον⁸
717 893 799 948 ὅτι
851 895 908 946 ὲν
955 893 1090 964 πυρὶ
1135 893 1494 964 δοκιμάζεται
1542 895 1784 965 χρυσός·

210 989 298 1038 καὶ
349 986 627 1054 ἄνθρωποι
672 984 852 1038 δεκτοὶ
902 986 961 1036 ἐν
1005 985 1226 1055 καμίνῳ
1269 983 1678 1047 ταπεινώσεως.

295 1077 386 1131 Ἑν
449 1080 603 1149 μέσῳ
659 1076 906 1146 ἀδελφῶν
955 1077 984 1129 6
1037 1075 1340 1146 ἡγούμενος
1409 1077 1590 1132 αὐτῶν
1645 1078 1790 1131 ἔντι-

214 1187 314 1237 μος
325 1209 339 1224 .

282 1261 376 1329 Μὴ
411 1259 674 1313 ὲκλύεσθε
727 1257 933 1330 ἰσχύειν
965 1259 1024 1312 ὲν
1070 1257 1289 1330 Κυρίῳ,
1343 1259 1434 1314 ῖνα
1471 1260 1790 1333 κραταιὼσῃ

211 1354 356 1422 ὑμᾶς
395 1353 583 1414 αὐτὸς.

280 1445 373 1514 Μὴ
403 1444 737 1514 περιδλέπου
786 1446 845 1499 ὲν
901 1445 1102 1510 πύλαις
1152 1445 1384 1514 πόλεως,
1438 1445 1532 1506 καὶ
1566 1447 1624 1500 ὲν
1661 1447 1782 1511 ταῖς

210 1534 493 1597 πλατείαις
530 1535 698 1604 αὐτῆς
731 1534 805 1605 μὴ
837 1534 1040 1590 πλανῶ.

295 1623 631 1695 Ἥγούμενόν
668 1641 726 1678 σε
784 1626 1154 1698 κατέστησαν,
1181 1625 1264 1697 μὴ
1322 1626 1578 1696 ὲπαίρου.
1632 1627 1671 1680 Γ
1679 1626 1788 1680 ίνου

209 1718 396 1779 αὐτοῖς
441 1716 516 1781 ὡς
567 1711 649 1782 είς
706 1718 768 1784 ἐξ
823 1719 1046 1771 αὐτῶν·
1098 1720 1391 1790 φρόντισον
1440 1719 1642 1786 αὐτῶν,
1694 1721 1788 1774 καὶ

980 313 1150 376 LOCI
1174 315 1608 378 COMMUNES.
1652 339 1719 352 ··-
1771 315 1966 376 ΡΑΒὸ
2006 316 2085 379 ll.
2128 315 2384 376 SERMO
2427 315 2643 380 XLIII.

214 449 387 505 μασον
434 431 534 500 τὴν
581 429 762 502 ψυχήν
793 445 887 485 σου
929 431 1008 492 είς
1045 432 1352 504 πειρασμόν
1376 449 1391 466 ο
1433 431 1657 485 εὔθυνον
1687 431 1786 502 τὴν

1916 431 1956 486 ιδ
2010 433 2364 488 tentationem
2417 433 2660 488 animum
2731 441 2880 489 tuum
2937 446 3260 507 praeparato.

3282 304 3459 384 'ttto

3351 437 3460 493 Cor

1887 531 2039 577 tuum
2078 533 2286 579 rectum
2309 524 2499 593 facito,
2532 532 2590 580 et
2641 526 2861 591 durato,
2925 541 3024 580 nec
3082 525 3307 581 festines
3346 528 3464 598 ipso

1885 616 2221 684 captivitatis
2252 625 2497 688 tempore
2529 637 2542 684 ;
2579 619 2816 690 abjuuge
2862 626 2914 672 te
2968 617 3044 672 illi
3089 633 3188 672 nec
3228 618 3464 686 tleftcito,

1887 716 1948 762 ut
1976 707 2044 761 ad
2065 715 2370 762 extremum
2395 724 2648 778 augeare.
2675 708 3127 781 Quidquidgrave
3147 709 3464 780 impositum

1890 797 2074 862 fuerit,
2101 797 2152 852 id
2181 798 2420 867 suscipe.
2463 797 2646 854 Viccm
2677 799 3004 868 aijctiouis
3040 807 3094 854 et
3141 798 3466 854 humilitatis

1890 888 2214 944 tumlenitev
2255 887 2440 944 ferto:
2483 891 2614 958 quia
2661 898 2720 944 ut
2759 891 2883 960 igne
2935 905 3126 944 aurum
3183 891 3465 960 probatur,

1888 982 1970 1038 sic
1997 983 2248 1040 homines
2272 983 2478 1052 accepti
2503 983 2556 1036 in
2595 982 2924 1038 humilitatis
2972 983 3220 1040 fornace.

1961 1075 2018 1130 In
2054 1075 2236 1130 medio
2264 1074 2492 1140 fatrum,
2524 1075 2635 1146 qui,
2658 1075 2855 1131 ductor
2893 1088 2976 1132 est
3008 1076 3249 1140 illorttm,
3278 1075 3332 1130 in
3371 1076 3468 1132 bo-
3491 1069 3504 1078 ”

1890 1183 2023 1221 nore
2061 1177 2161 1222 85L

1961 1261 2036 1316 Ne
2069 1260 2361 1327 deficitote,
2405 1276 2500 1316 seu
2531 1269 2775 1319 va.entcs
2799 1266 2978 1316 estote
3047 1259 3260 1314 Domini
3311 1261 3470 1315 auxi-

1889 1353 1990 1421 lio,
2029 1363 2087 1408 ut
2119 1354 2234 1424 ipse
2269 1369 2368 1410 vos
2390 1354 2730 1409 corroboret.

1961 1441 2156 1499 Portas
2187 1443 2340 1499 urbis
2373 1458 2473 1498 nec
2508 1441 2913 1513 circumspicito
2946 1443 3187 1508 curiose,
3230 1458 3327 1498 nec
3375 1459 3470 1513 per

1893 1535 2010 1589 vias
2039 1535 2160 1602 ejus
2192 1545 2398 1590 errato.

1967 1625 2023 1679 Si
2051 1635 2102 1678 te
2123 1625 2286 1680 alicui
2311 1625 2527 1680 muneri
2562 1625 2915 1696 pra-positum
2943 1626 3167 1691 vltleris,
3219 1640 3286 1679 ne
3333 1623 3468 1680 effe-

1896 1729 2034 1779 rare,
2071 1717 2162 1771 sed
2197 1726 2256 1771 ut
2286 1731 2430 1770 unus
2451 1717 2518 1771 de
2548 1716 2735 1771 multis
2763 1725 2920 1772 esto:
2970 1730 3157 1770 curam
3197 1730 3322 1784 gere
3353 1714 3472 1769 illo-

215 1811 387 1873 οὕτως
427 1810 655 1865 κάθισον
679 1827 694 1841 °
732 1812 825 1866 καὶ
861 1813 1046 1867 πᾶσαν
1079 1811 1178 1883 τὴν
1211 1814 1400 1884 χρείαν
1432 1831 1527 1868 σου
1558 1815 1788 1886 ποιήσας

1916 1823 2038 1874 ἰιιιι,
2087 1809 2276 1878 sicque
2320 1808 2508 1864 sedeto
2544 1821 2825 1880 :cumque
2861 1817 2914 1866 te
2974 1808 3232 1864 omnibus
3291 1809 3465 1864 modis

219 1905 485 1960 ἀνάπεσε.

291 1998 384 2066 Μὴ
419 1997 613 2066 φοϐοῦ,
659 2000 722 2052 τὸ
756 1999 956 2068 μικρὸν
1005 1997 1277 2070 ποίμνιον,
1310 1999 1394 2054 ὅτι
1423 1999 1728 2071 ηὐδόκησεν
1763 2003 1792 2056 6

227 2087 419 2158 Πατὴρ
447 2089 622 2154 ὑμῶν,
657 2090 843 2144 δοῦναι
867 2091 996 2160 ὑμῖν
1023 2090 1121 2160 τὴν
1151 2091 1456 2161 βασιλείαν.
1500 2091 1794 2163 Πωλήσατε

219 2182 286 2233 τά
321 2182 637 2251 ὑπάρχοντα
667 2181 854 2252 ὑμῶν,
910 2185 1002 2236 καὶ
1035 2184 1153 2238 δότε
1188 2185 1582 2256 ἐλεημοσύνην.
1631 2187 1794 2255 Ποιή-

219 2290 350 2325 σατε
382 2274 600 2336 ἑαυτοῖς
634 2273 917 2344 βαλάντια,
957 2273 1033 2346 μὴ
1080 2274 1486 2346 παλαιούμενα,
1519 2278 1793 2348 θησαυρὸν

211 2365 572 2420 ἀκέκλειπτον
629 2370 687 2420 ὲν
743 2370 857 2431 τοῖς
914 2368 1166 2436 οὐρανοῖς
1193 2409 1208 2433 ,
1241 2370 1376 2424 ὅπου
1424 2370 1666 2442 κλέπτης
1691 2373 1792 2426 οὐκ

211 2454 446 2521 ἐγγίζει,
488 2455 609 2509 οὐδὲ
659 2455 756 2529 σὴς
803 2457 1137 2531 διαφθείρει.
1187 2461 1364 2514 Ὅπου
1401 2461 1513 2532 γάρ
1557 2463 1712 2516 ἐστιν
1763 2465 1792 2518 6

209 2547 486 2616 θησαυρὸς
540 2548 693 2618 ὑμῶν
723 2589 739 2613 ,
777 2551 896 2603 ἐκεῖ
931 2551 1027 2604 καὶ
1076 2553 1110 2622 ἡ
1161 2552 1360 2622 καρδία
1416 2553 1570 2623 ὑμῶν
1618 2553 1791 2610 ἔσται.

219 2641 515 2694 Ἔστωσαν
555 2638 614 2693 δὲ
636 2642 690 2694 ai
727 2640 929 2708 ὀσφύες
954 2640 1109 2712 ὑμῶν
1137 2642 1595 2713 περιεζωσμέναι,
1623 2645 1719 2700 καὶ
1743 2645 1792 2698 οί

207 2728 400 2800 λύχνοι
427 2733 732 2800 καιόμενοι,
762 2735 859 2786 καὶ
887 2733 1048 2804 ὑμεῖς
1074 2733 1252 2802 ὅμοιοι
1283 2734 1592 2806 ἀνθρώποις
1625 2754 1796 2808 προσ-

205 2823 528 2892 δεχομένοις
573 2823 666 2876 τὺν
718 2824 910 2894 κύριον
969 2823 1185 2890 αὐτῶν,
1244 2827 1374 2879 πότε
1435 2827 1793 2883 ἀναλύσειὲκ

206 2916 322 2965 τῶν
368 2914 586 2982 γάμων,
638 2913 726 2968 ἵνα
779 2915 1024 2979 ὶλθόντος
1068 2917 1230 2970 αὑτοῦ
1305 2917 1402 2971 καὶ
1435 2919 1790 2988 κρούσαντος,

206 3006 418 3069 εύθέως
473 3007 761 3073 ἀνοίξωσιν
809 3008 980 3080 αὐτῷ.
1023 3009 1303 3080 Μακάριοι
1345 3012 1394 3064 oi
1429 3010 1607 3066 δοῦλοι
1651 3013 1794 3066 ἐκεῖ·

1896 1901 2080 1956 tttilem
2109 1902 2429 1972 praebueris,
2472 1904 2797 1958 recutnbito.

1963 1993 2095 2052 Luc.
2137 2009 2231 2052 xu.
2258 1986 2566 2062 Ne'metue,
2593 1995 2785 2064 exigue
2813 1994 3101 2064 grex,qnia
3130 1992 3274 2050 Patri
3301 1994 3471 2063 placi-

1892 2091 2007 2140 tum
2039 2095 2121 2142 est
2165 2087 2297 2142 dare
2329 2088 2483 2142 vobis
2514 2101 2764 2158 regnum.
2797 2088 3021 2144 Vendite
3065 2087 3200 2143 bona
3236 2103 3354 2154 quae
3378 2088 3476 2141 lia-

1893 2180 2057 2241 betis,
2091 2189 2145 2234 et
2169 2181 2234 2232 ad
2262 2177 2680 2234 beneficentiam
2744 2178 3023 2234 conferte:
3081 2188 3268 2247 parate
3318 2180 3473 2235 vobis

1892 2273 2144 2330 sacculos
2173 2271 2266 2342 qni
2307 2285 2413 2327 non
2454 2273 3046 2328 sentiuntzvetnstatem
3085 2289 3100 2326 :
3135 2272 3473 2339 thesaurum,

1893 2364 1986 2434 qui
2022 2379 2132 2418 non
2162 2364 2378 2418 deficiat
2407 2363 2460 2418 in
2490 2365 2667 2423 ccelis.
2702 2380 2810 2434 quo
2840 2363 2927 2418 fur
2981 2379 3086 2417 non
3121 2364 3359 2425 accedit.
3419 2373 3475 2418 ct

1895 2459 1987 2514 ubi
2018 2458 2159 2513 tinea
2189 2473 2302 2512 non
2328 2457 2632 2528 corrumpit
2667 2473 2682 2510 :
2717 2457 2810 2511 ubi
2864 2458 3008 2511 enint
3041 2455 3204 2511 fuerit
3257 2458 3475 2512 thesau~

1895 2563 1990 2603 rus
2021 2558 2222 2612 vester,
2251 2549 2325 2604 ibi
2350 2549 2454 2603 erit
2482 2556 2536 2602 et
2558 2562 2654 2603 cor
2680 2557 2947 2603 vestrum.
2977 2546 3102 2601 Sint
3134 2558 3315 2602 autem
3335 2547 3476 2600 lum-

1893 2641 1948 2695 bi
1975 2639 2142 2694 vestri
2177 2639 2480 2708 praecincti,
2536 2646 2591 2692 et
2630 2639 2868 2692 lucernae
2928 2637 3204 2701 ardentes,
3260 2646 3314 2692 et
3375 2651 3474 2689 vos

1894 2732 2100 2787 similes
2134 2731 2199 2785 iis
2227 2732 2320 2800 qui
2347 2737 2669 2799 exspectant
2709 2728 2987 2784 dominum
3042 2743 3226 2792 suum,
3256 2727 3476 2796 quando

1886 2831 2253 2878 .revertature
2281 2822 2509 2890 nuptiis,
2565 2830 2780 2874 utcum
2844 2821 3054 2874 venerit
3110 2829 3164 2873 et
3219 2811 3472 2890 pulsarit,

1893 2916 2076 2972 statim
2110 2914 2360 2985 aperiant
2381 2914 2457 2968 illi
2484 2930 2499 2967 :
2528 2911 2670 2968 beati
2699 2921 2830 2967 sunt
2853 2913 2997 2966 servi
3057 2913 3152 2977 illi,
3183 2927 3321 2984 quos
3352 2929 3476 2968 cum

1894 3009 2105 3062 venerit
2172 3007 2429 3062 dominus
2488 3005 2732 3074 ipsorum
2808 3004 3094 3073 vigilantes
3185 3006 3475 3060 invenerit.

206 3117 318 3164 νοι,
344 3098 439 3162 οὓς
485 3099 656 3154 ἐλθὼν
688 3102 716 3154 6
742 3099 934 3169 κύριος
968 3101 1150 3155 αὐτῶν
1187 3103 1415 3174 εὑρήσει
1460 3105 1788 3174 γρηγοροῢν·

1916 3099 2018 3154 [loc
2050 3097 2194 3152 enim
2235 3097 2391 3152 vobis
2420 3095 2685 3152 confirmo
2710 3094 2844 3158 fore.
2870 3105 2930 3148 ut
2953 3095 3045 3148 ille
3083 3110 3144 3150 se
3196 3098 3485 3167 succingut

206 3206 334 3253 ταςο
367 3191 518 3261 ἀμὴν
560 3190 706 3259 λέγω
731 3192 861 3262 ὑμῖν
885 3233 900 3258 ,
937 3194 1020 3247 ὅτι
1053 3194 1421 3262 περιζώσεται
1447 3194 1542 3248 καὶ
1575 3195 1799 3252 ἀνακλι-

207 3282 298 3333 νεῖ
327 3281 550 3347 αὐτοὺς,
579 3281 674 3336 καὶ
706 3283 997 3353 παρελθὼν
1026 3284 1339 3353 διακονήσει
1363 3286 1575 3350 αὐτοῖς.

295 3373 540 3437 Ἐκεῖνος
571 3376 598 3427 6
622 3371 805 3438 δοῦλος
829 3375 876 3444 {6
911 3375 1076 3444 γνοὺς
1118 3376 1178 3429 τὸ
1231 3376 1444 3448 θέλημα
1485 3378 1580 3433 τοῦ
1607 3381 1798 3452 κυρίου

203 3463 404 3529 αὑτοῦ,
431 3463 526 3518 καὶ
553 3465 627 3536 μὴ
663 3467 918 3536 ποιήσας,
953 3467 1253 3540 δαρήσεται
1299 3469 1538 3534 πολλάς’
1572 3475 1603 3526 6
1631 3474 1687 3528 tu
1720 3474 1796 3546 μὴ

207 3557 412 3625 γνοὺς,
447 3559 684 3644 ποιήσας
709 3559 767 3612 δὶ
795 3559 920 3624 ἄξια
965 3561 1214 3644 πληγῶν,
1246 3565 1543 3636 δαρήσεται
1586 3567 1794 3636 ὀλίγας.

208 3649 393 3703 Παντὶ
441 3649 498 3702 δὲ
537 3643 581 3717 ᾧ
634 3651 791 3720 ἐδόθη
834 3652 968 3705 πολὺ
994 3692 1010 3718 ,
1057 3654 1194 3707 πολὺ
1240 3655 1622 3726 ζητηθήσεται
1660 3657 1795 3728 παρ’

204 3739 410 3794 αὑτοῦ·
443 3743 538 3794 καὶ
570 3735 613 3810 ᾧ
650 3743 948 3813 παρέθεντο
997 3746 1158 3814 πολὺ,
1201 3748 1591 3819 περισσότερον
1629 3732 1798 3803 ἀπαι-

203 3835 388 3904 τήσου
399 3850 480 3888 σιν
514 3835 696 3890 αὐτόν.

288 4013 487 4074 Οὐδεὶς
534 4012 750 4082 οἰκέτης
801 4013 1031 4068 δύναται
1089 4012 1208 4066 δυσι
1252 4013 1464 4081 κυρίοις
1499 4011 1796 4068 δουλεύειν.

301 4102 479 4171 ’Λμὴν
510 4101 658 4170 ἀμὴν
707 4102 850 4170 λέγω
891 4103 1044 4172 ὑμῖν,
1087 4103 1266 4166 οὐδείς
1311 4106 1458 4157 ἐστιν
1487 4103 1544 4168 ὃς
1585 4105 1798 4174 ἀφῆκεν

197 4193 420 4259 οἰκίας,
459 4193 490 4262 ἢ
521 4195 721 4260 γονεῖς,
757 4194 789 4266 ἢ
824 4195 1107 4263 ἀδελφοὺς,
1140 4196 1173 4265 ἢ
1218 4193 1452 4264 γυναῖκα
1480 4236 1496 4261 ,
1538 4197 1569 4266 ἢ
1606 4197 1794 4260 τέκνα,

195 4285 410 4338 ἔνεκεν
442 4285 542 4355 τῆς
589 4286 870 4357 βασιλείας
923 4286 1016 4340 τοῦ
1047 4286 1206 4354 Θεοῦ,
1246 4287 1305 4350 6;
1329 4288 1391 4342 οὐ
1427 4287 1504 4358 μὴ
1545 4285 1796 4358 ἀπολάϐη

194 4376 632 4432 πολυπλασίονα
666 4379 722 4430 ἐν
760 4376 839 4448 τῷ
890 4379 1069 4451 καιρῷ
1084 4378 1298 4450 -τούτῳ,
1333 4380 1429 4433 καὶ
1462 4381 1520 4432 ὲν
1543 4379 1622 4450 τῷ
1655 4381 1790 4450 μὲλ-

191 4470 363 4524 λοντι
407 4468 558 4539 ζωὴν
593 4469 838 4524 αἰώνιον.

282 4563 352 4615 Οί
384 4562 442 4613 ἐν
473 4561 672 4630 σταδίῳ
695 4559 980 4630 τρέχοντες
1011 4561 1212 4626 πάντες
1245 4564 1348 4634 μὲν
1375 4565 1685 4634 τρέχουσιν,
1715 4559 1798 4628 εἷς

187 4657 261 4709 δὲ
304 4651 580 4723 λαμϐάνει
612 4651 672 4703 τὸ
711 4651 991 4722 βραδεῖον.
1047 4653 1204 4706 Οὕτω
1238 4656 1480 4724 τρέχετε,
1514 4657 1599 4710 ἵνα
1631 4673 1800 4711 κατα-

189 4747 445 4816 λάϐητε.
480 4746 590 4806 Πᾶς
622 4744 679 4796 δὲ
725 4744 753 4796 6
793 4743 1198 4814 ἀγωνιζόμενος
1244 4747 1422 4800 πάντα
1465 4748 1799 4818 ἐγκρατεύε-

186 4858 328 4894 ταιο
365 4840 571 4890 ἐκεῖνοι
623 4835 746 4906 μὲν,
794 4835 883 4889 ῐνα
935 4834 1173 4906 φθαρτὸν
1227 4838 1490 4904 στέφανον
1536 4839 1796 4907 λάϐωσιν,

191 4934 386 5006 ἡμεῖς
416 4929 474 4982 δὲ
511 4927 811 4998 ἄφθαρτον.

299 5113 577 5184 Ἀδελφοὶ,
607 5113 809 5184 ἑδραῖοι
859 5113 1101 5182 γίνεσθε,
1153 5114 1575 5183 ἀμετακίνητοι,
1609 5132 1801 5186 περισ-

189 5207 473 5270 σεύοντες
524 5208 583 5257 ἐν
633 5204 710 5276 τῷ
741 5206 887 5276 ἔργῳ
923 5207 1015 5259 τοῦ
1059 5207 1268 5276 Κυρίου
1314 5206 1568 5273 πάντοτε,
1601 5209 1801 5273 εἰδότες

187 5302 302 5354 ὅτι
334 5299 364 5350 6
399 5298 572 5360 κόπος
596 5295 752 5365 ὑμῶν
775 5297 879 5350 οὐκ
922 5297 1039 5350 ἔστι
1075 5299 1229 5360 nevi);
1261 5298 1320 5350 ὲν
1351 5296 1563 5368 Κυρίῳ.

303 5473 579 5542 Ἀδελφοί,
620 5471 1025 5543 ἐνδυναμοῦσθε
1082 5475 1140 5527 ὲν
1183 5475 1416 5548 Κυρίῳ,
1452 5477 1550 5530 καὶ
1595 5477 1653 5531 ὲν
1716 5479 1792 5549 τῷ

182 5568 418 5637 κράτει
453 5564 556 5633 τῆς
593 5562 778 5634 ίσχύος
813 5563 979 5618 αύτοῦ
1019 5565 1318 5623 ὲνδύσασθε
1346 5569 1448 5640 τὴν
1491 5569 1798 5624 πανοπλίαν

182 5657 318 5716 τοῦ
353 5656 516 5711 Θεοῦ.

286 5749 689 5823 Μνημονεύετε
730 5751 836 5805 τῶν
863 5751 1185 5822 ἡγουμένων
1231 5752 1410 5824 ὑμῶν,
1444 5752 1640 5819 οἵτινες
1675 5753 1802 5810 ua-

1899 3200 1954 3248 et
1988 3193 2112 3247 illos
2137 3191 2409 3246 accubare
2426 3190 2637 3260 jubeat,
2666 3201 2730 3244 ac
2759 3187 2869 3244 illis
2897 3188 3354 3245 accumbentibus
3377 3191 3484 3244 mi-

1899 3284 2119 3339 nistret.

1971 3372 2114 3429 Ibid.
2151 3373 2353 3429 Servus
2411 3371 2502 3427 ille
2563 3370 2657 3441 qui
2714 3370 3048 3426 voluntatem
3106 3369 3316 3423 domini
3391 3369 3478 3424 sui

1901 3466 2064 3527 norit,
2100 3479 2200 3518 nec
2230 3464 2482 3534 explerit,
2522 3463 2754 3532 largiter
2815 3460 3116 3527 vapulabit,
3172 3461 3486 3529 multasque

1899 3557 2127 3625 accipiet
2149 3557 2334 3626 plagas
2370 3573 2385 3611 :
2419 3557 2510 3625 qui
2574 3564 2756 3610 autem
2789 3569 2898 3609 non
2933 3554 3095 3617 norit,
3155 3554 3248 3608 sed
3304 3551 3484 3624 plagis

1899 3650 2059 3717 digna
2133 3646 2346 3713 fecerit,
2403 3661 2604 3717 paucas
2655 3647 2907 3717 accipiet.
2940 3647 3256 3717 Cuicunque
3295 3655 3477 3701 auten.

1899 3739 2130 3794 multum
2155 3742 2342 3793 datum
2375 3745 2478 3801 est,
2511 3739 2579 3792 ab
2619 3753 2686 3792 eo
2713 3739 2831 3807 ipso
2896 3739 3126 3792 multum
3184 3748 3478 3808 repetetur,

1899 3839 1953 3886 et
1983 3830 2072 3886 cui
2107 3830 2339 3884 multum
2375 3829 2732 3886 commissum
2765 3829 2950 3894 fuerit,
2984 3831 3053 3883 ab
3082 3846 3147 3884 eo
3177 3831 3298 3899 plus
3321 3845 3480 3900 repo-

1901 3933 2108 3980 εεθιυι.

1971 4014 2162 4071 Nullus
2197 4031 2388 4074 servus
2414 4027 2595 4088 potest
2622 4005 2842 4074 duobus
2873 4017 3109 4072 dominis
3141 4015 3372 4070 servire.

1969 4106 2079 4162 Pro
2108 4119 2255 4164 certo
2285 4109 2390 4164 hoc
2445 4112 2606 4166 vobis
2641 4111 2926 4176 confirmo,
2963 4109 3167 4163 nullum
3204 4123 3326 4163 esse
3385 4110 3478 4179 qui

1899 4199 2185 4269 reliquerit
2238 4201 2455 4269 domos,
2513 4211 2608 4258 aut
2674 4212 2952 4272 parentes,
2989 4211 3080 4256 aut
3139 4200 3354 4263 fratres.
3390 4211 3483 4256 aut

1897 4291 2208 4362 coniugem,
2253 4302 2346 4348 aut
2383 4293 2586 4350 liberos
2623 4285 2798 4364 gratia
2863 4295 3014 4363 regni
3073 4293 3339 4358 cmlcstis,
3386 4295 3484 4362 qui

1897 4400 2006 4440 non
2038 4396 2354 4457 recepturus
2384 4388 2476 4456 sit,
2501 4389 2604 4444 Itoc
2631 4390 2852 4458 quidem
2881 4400 3125 4458 tempore
3151 4386 3312 4456 187
3343 4386 3488 4440 ntul-

1820 4474 1870 4535 ι)
1899 4488 1952 4533 to
1976 4477 2152 4545 plura,
2177 4489 2228 4534 et
2256 4479 2309 4534 in
2344 4479 2592 4535 futurum
2623 4481 2788 4535 vitam
2820 4489 3098 4535 mternam.

1975 4569 2000 4624 Ι
2036 4570 2164 4625 Cor.
2198 4587 2271 4625 Ix.
2301 4573 2361 4626 In
2397 4573 2672 4628 curriculo
2730 4587 2920 4626 omnes
2962 4571 3180 4640 quidem
3231 4579 3482 4634 currunt,

1910 4666 2004 4718 sed
2039 4679 2181 4717 unus
2213 4663 2410 4732 accipit
2440 4666 2748 4732 praemium.
2802 4663 2894 4717 Sic
2949 4663 3154 4717 currite
3197 4672 3254 4716 ιιι
3294 4679 3488 4735 apprc-

1915 4755 2192 4809 ltcudatis.
2226 4754 2550 4825 Quicunque
2577 4763 2754 4810 certat
2797 4755 3048 4810 omnibus
3075 4755 3252 4810 modis
3306 4758 3488 4812 conti-

1912 4861 2048 4899 nens
2079 4855 2163 4899 est
2192 4861 2207 4898 :
2235 4844 2408 4908 atilll,
2446 4853 2507 4898 ut
2538 4843 2880 4913 corruptioni
2917 4843 3206 4898 obnoxiam
3225 4859 3486 4900 coronam

1910 4936 2180 5004 accipiant
2205 4950 2221 4987 :
2256 4950 2352 4990 vos
2373 4947 2581 5000 autem,
2608 4943 2668 4990 ttt
2691 4935 3054 4990 immortaiem
3072 4943 3126 4990 et
3143 4936 3489 5007 corruptioni

1911 5028 2135 5081 minime
2163 5027 2479 5082 obnoxiam.
3145 5067 3148 5070 .

1985 5117 2230 5183 Fratres,
2267 5117 2409 5172 firmi
2455 5129 2653 5184 estote,
2705 5115 3032 5183 immobiles,
3065 5117 3492 5190 diligentis'sime

1911 5221 2194 5264 versantes
2219 5210 2272 5262 iu
2302 5224 2467 5278 opere
2504 5209 2718 5264 Domini
2742 5209 2982 5273 assidue,
3018 5210 3149 5266 illud
3179 5213 3486 5284 intelligen-

1915 5309 1996 5355 tes
2029 5299 2268 5354 laborem
2302 5310 2544 5356 vestrum
2580 5301 2798 5356 Domini
2833 5317 3005 5360 causa
3061 5319 3171 5360 non
3203 5321 3326 5362 esse
3370 5307 3487 5357 ina-

1913 5406 2062 5447 nent.

1986 5483 2227 5550 Fratres,
2272 5487 2440 5543 fortes
2468 5498 2525 5544 et
2578 5490 2792 5547 robusti
2841 5500 3013 5547 estote
3064 5492 3120 5544 in
3147 5487 3396 5553 Domino.
3436 5495 3494 5544 ει

1915 5574 2232 5634 infirmitate
2260 5579 2474 5636 roboris
2500 5582 2618 5653 eius
2646 5585 2857 5641 induite
2873 5583 3110 5639 divinam
3134 5587 3495 5638 armaturam.

1986 5755 2312 5816 Mementote
2341 5775 2529 5818 eorum
2565 5765 2657 5834 qui
2691 5761 2875 5823 .yobis
2903 5759 3159 5815 ductores
3214 5761 3501 5830 prapositi.
