  <div class='ocr_page' id='page_1' title='image "/cluster/home/n/w/nwhite01/storage/ocr_20150623/136/mdp.39015038093210/563.png"; bbox 0 0 3992 6252; ppageno 0'>
   <div class='ocr_carea' id='block_1_1' title="bbox 432 269 564 372">
    <p class='ocr_par' dir='ltr' id='par_1_1' title="bbox 432 269 564 372">
     <span class='ocr_line' id='line_1_1' title="bbox 432 269 564 372; baseline 0.008 -19"><span class='ocrx_word' id='word_1_1' title='bbox 432 269 564 372; x_wconf 73' lang='lat' dir='ltr'><strong>int</strong></span> 
     </span>
    </p>
   </div>
   <div class='ocr_carea' id='block_1_2' title="bbox 1713 282 2428 352">
    <p class='ocr_par' dir='ltr' id='par_1_2' title="bbox 1713 282 2428 352">
     <span class='ocr_line' id='line_1_2' title="bbox 1713 282 2428 352; baseline 0.003 -5"><span class='ocrx_word' id='word_1_2' title='bbox 1713 287 2032 352; x_wconf 74' lang='lat' dir='ltr'><strong>ANTONII</strong></span> <span class='ocrx_word' id='word_1_3' title='bbox 2081 282 2428 351; x_wconf 66' lang='lat' dir='ltr'><strong>MELISSE</strong></span> 
     </span>
    </p>
   </div>
   <div class='ocr_carea' id='block_1_3' title="bbox 3572 279 3682 352">
    <p class='ocr_par' dir='ltr' id='par_1_3' title="bbox 3572 279 3682 352">
     <span class='ocr_line' id='line_1_3' title="bbox 3572 279 3682 352; baseline -0.036 0"><span class='ocrx_word' id='word_1_4' title='bbox 3572 279 3682 352; x_wconf 65' lang='lat' dir='ltr'><strong>illi</strong></span> 
     </span>
    </p>
   </div>
   <div class='ocr_carea' id='block_1_4' title="bbox 430 395 2009 478">
    <p class='ocr_par' dir='ltr' id='par_1_4' title="bbox 430 402 2006 478">
     <span class='ocr_line' id='line_1_4' title="bbox 430 402 2006 478; baseline -0.003 -16"><span class='ocrx_word' id='word_1_5' title='bbox 430 417 582 473; x_wconf 77' lang='lat' dir='ltr'><strong>sunt,</strong></span> <span class='ocrx_word' id='word_1_6' title='bbox 611 405 704 478; x_wconf 83' lang='lat' dir='ltr'><strong>qui</strong></span> <span class='ocrx_word' id='word_1_7' title='bbox 776 403 931 462; x_wconf 84' lang='lat' dir='ltr'><strong>vobis</strong></span> <span class='ocrx_word' id='word_1_8' title='bbox 981 402 1311 460; x_wconf 80' lang='lat' dir='ltr'><strong>annuntiant</strong></span> <span class='ocrx_word' id='word_1_9' title='bbox 1346 403 1586 459; x_wconf 81' lang='lat' dir='ltr'><strong>divinum</strong></span> <span class='ocrx_word' id='word_1_10' title='bbox 1645 419 1957 462; x_wconf 84' lang='lat' dir='ltr'><strong>sermonem</strong></span> <span class='ocrx_word' id='word_1_11' title='bbox 1991 421 2006 458; x_wconf 90' lang='lat'><strong>:</strong></span> 
     </span>
    </p>
   </div>
   <div class='ocr_carea' id='block_1_5' title="bbox 2128 395 3672 478">
    <p class='ocr_par' dir='ltr' id='par_1_5' title="bbox 2128 395 3672 477">
     <span class='ocr_line' id='line_1_5' title="bbox 2128 395 3672 477; baseline 0 -19"><span class='ocrx_word' id='word_1_12' title='bbox 2128 414 2288 476; x_wconf 68' lang='lat' dir='ltr'><strong>madv</strong></span> <span class='ocrx_word' id='word_1_13' title='bbox 2318 405 2450 477; x_wconf 73' lang='grc' dir='ltr'>ὑμῖν</span> <span class='ocrx_word' id='word_1_14' title='bbox 2489 403 2584 458; x_wconf 73' lang='grc' dir='ltr'><strong>τὸν</strong></span> <span class='ocrx_word' id='word_1_15' title='bbox 2608 402 2770 474; x_wconf 82' lang='grc' dir='ltr'>λόγον</span> <span class='ocrx_word' id='word_1_16' title='bbox 2811 400 2906 458; x_wconf 85' lang='grc' dir='ltr'><strong>τοῦ</strong></span> <span class='ocrx_word' id='word_1_17' title='bbox 2937 395 3209 473; x_wconf 65' lang='grc' dir='ltr'>Θεόῦιιῶν</span> <span class='ocrx_word' id='word_1_18' title='bbox 3245 401 3672 474; x_wconf 76' lang='grc' dir='ltr'><strong>ἀναθεωροῦντες</strong></span> 
     </span>
    </p>
   </div>
   <div class='ocr_carea' id='block_1_6' title="bbox 424 495 2007 568">
    <p class='ocr_par' dir='ltr' id='par_1_6' title="bbox 424 495 2007 568">
     <span class='ocr_line' id='line_1_6' title="bbox 424 495 2007 568; baseline -0.001 -15"><span class='ocrx_word' id='word_1_19' title='bbox 424 509 656 568; x_wconf 70' lang='lat' dir='ltr'><strong>Quorum</strong></span> <span class='ocrx_word' id='word_1_20' title='bbox 698 497 1127 568; x_wconf 84' lang='lat' dir='ltr'><strong>contemplantes</strong></span> <span class='ocrx_word' id='word_1_21' title='bbox 1149 495 1590 553; x_wconf 72' lang='lat' dir='ltr'><strong>conversationis</strong></span> <span class='ocrx_word' id='word_1_22' title='bbox 1611 500 1818 553; x_wconf 77' lang='lat' dir='ltr'><strong>exitum</strong></span> <span class='ocrx_word' id='word_1_23' title='bbox 1846 497 2007 552; x_wconf 84' lang='lat' dir='ltr'><strong>fidem</strong></span> 
     </span>
    </p>
   </div>
   <div class='ocr_carea' id='block_1_7' title="bbox 423 589 743 646">
    <p class='ocr_par' dir='ltr' id='par_1_7' title="bbox 423 589 743 646">
     <span class='ocr_line' id='line_1_7' title="bbox 423 589 743 646; baseline 0.003 -2"><span class='ocrx_word' id='word_1_24' title='bbox 423 589 743 646; x_wconf 87' lang='lat' dir='ltr'><strong>imitamini.</strong></span> 
     </span>
    </p>
   </div>
   <div class='ocr_carea' id='block_1_8' title="bbox 495 682 2009 754">
    <p class='ocr_par' dir='ltr' id='par_1_8' title="bbox 495 682 2009 754">
     <span class='ocr_line' id='line_1_8' title="bbox 495 682 2009 754; baseline 0 -17"><span class='ocrx_word' id='word_1_25' title='bbox 495 683 688 738; x_wconf 82' lang='lat' dir='ltr'><strong>Parete</strong></span> <span class='ocrx_word' id='word_1_26' title='bbox 717 684 1044 739; x_wconf 88' lang='lat' dir='ltr'><strong>ductoribus</strong></span> <span class='ocrx_word' id='word_1_27' title='bbox 1101 685 1322 750; x_wconf 82' lang='lat' dir='ltr'><strong>vestris,</strong></span> <span class='ocrx_word' id='word_1_28' title='bbox 1383 694 1438 740; x_wconf 88' lang='lat' dir='ltr'><strong>et</strong></span> <span class='ocrx_word' id='word_1_29' title='bbox 1464 683 1662 750; x_wconf 85' lang='lat' dir='ltr'><strong>cedite,</strong></span> <span class='ocrx_word' id='word_1_30' title='bbox 1729 682 1832 754; x_wconf 87' lang='lat' dir='ltr'><strong>ipsi</strong></span> <span class='ocrx_word' id='word_1_31' title='bbox 1865 683 2009 738; x_wconf 87' lang='lat' dir='ltr'><strong>enim</strong></span> 
     </span>
    </p>
   </div>
   <div class='ocr_carea' id='block_1_9' title="bbox 423 775 1255 844">
    <p class='ocr_par' dir='ltr' id='par_1_9' title="bbox 423 775 1255 844">
     <span class='ocr_line' id='line_1_9' title="bbox 423 775 1255 844; baseline 0.005 -18"><span class='ocrx_word' id='word_1_32' title='bbox 423 775 650 842; x_wconf 71' lang='lat' dir='ltr'><strong>Vigilant</strong></span> <span class='ocrx_word' id='word_1_33' title='bbox 675 790 774 844; x_wconf 91' lang='lat' dir='ltr'><strong>pro</strong></span> <span class='ocrx_word' id='word_1_34' title='bbox 807 775 1007 830; x_wconf 87' lang='lat' dir='ltr'><strong>animis</strong></span> <span class='ocrx_word' id='word_1_35' title='bbox 1038 776 1255 833; x_wconf 78' lang='lat' dir='ltr'><strong>vestris.</strong></span> 
     </span>
    </p>
   </div>
   <div class='ocr_carea' id='block_1_10' title="bbox 495 865 2007 939">
    <p class='ocr_par' dir='ltr' id='par_1_10' title="bbox 495 865 2007 939">
     <span class='ocr_line' id='line_1_10' title="bbox 495 865 2007 939; baseline 0.001 -19"><span class='ocrx_word' id='word_1_36' title='bbox 495 865 664 921; x_wconf 74' lang='lat' dir='ltr'><strong>Nemo</strong></span> <span class='ocrx_word' id='word_1_37' title='bbox 721 866 962 922; x_wconf 90' lang='lat' dir='ltr'><strong>militans</strong></span> <span class='ocrx_word' id='word_1_38' title='bbox 1019 867 1256 939; x_wconf 79' lang='lat' dir='ltr'><strong>negotiis</strong></span> <span class='ocrx_word' id='word_1_39' title='bbox 1309 883 1409 938; x_wconf 91' lang='lat' dir='ltr'><strong>pro</strong></span> <span class='ocrx_word' id='word_1_40' title='bbox 1464 869 1608 923; x_wconf 86' lang='lat' dir='ltr'><strong>victu</strong></span> <span class='ocrx_word' id='word_1_41' title='bbox 1667 867 2007 937; x_wconf 87' lang='lat' dir='ltr'><strong>implicatur,</strong></span> 
     </span>
    </p>
   </div>
   <div class='ocr_carea' id='block_1_11' title="bbox 431 958 2012 1032">
    <p class='ocr_par' dir='ltr' id='par_1_11' title="bbox 431 958 2012 1032">
     <span class='ocr_line' id='line_1_11' title="bbox 431 958 2012 1032; baseline 0.004 -22"><span class='ocrx_word' id='word_1_42' title='bbox 431 966 492 1012; x_wconf 87' lang='lat' dir='ltr'><strong>ut</strong></span> <span class='ocrx_word' id='word_1_43' title='bbox 529 958 576 1012; x_wconf 88' lang='lat' dir='ltr'><strong>ei</strong></span> <span class='ocrx_word' id='word_1_44' title='bbox 608 958 700 1028; x_wconf 90' lang='lat' dir='ltr'><strong>qui</strong></span> <span class='ocrx_word' id='word_1_45' title='bbox 734 974 795 1015; x_wconf 90' lang='lat' dir='ltr'><strong>se</strong></span> <span class='ocrx_word' id='word_1_46' title='bbox 827 960 879 1014; x_wconf 89' lang='lat' dir='ltr'><strong>in</strong></span> <span class='ocrx_word' id='word_1_47' title='bbox 911 960 1156 1015; x_wconf 73' lang='lat' dir='ltr'><strong>militiam</strong></span> <span class='ocrx_word' id='word_1_48' title='bbox 1192 961 1831 1032; x_wconf 70' lang='lat' dir='ltr'><strong>ar-cersiverit,fplaceat:</strong></span> <span class='ocrx_word' id='word_1_49' title='bbox 1866 961 2012 1032; x_wconf 89' lang='lat' dir='ltr'><strong>quod</strong></span> 
     </span>
    </p>
   </div>
   <div class='ocr_carea' id='block_1_12' title="bbox 318 1048 2010 1125">
    <p class='ocr_par' dir='ltr' id='par_1_12' title="bbox 318 1048 2010 1125">
     <span class='ocr_line' id='line_1_12' title="bbox 318 1048 2010 1125; baseline 0.004 -24"><span class='ocrx_word' id='word_1_50' title='bbox 318 1071 327 1092; x_wconf 83' lang='lat'><strong>-</strong></span> <span class='ocrx_word' id='word_1_51' title='bbox 425 1048 472 1102; x_wconf 75' lang='lat' dir='ltr'><strong>si</strong></span> <span class='ocrx_word' id='word_1_52' title='bbox 495 1050 620 1120; x_wconf 83' lang='lat' dir='ltr'><strong>quis</strong></span> <span class='ocrx_word' id='word_1_53' title='bbox 641 1058 838 1118; x_wconf 80' lang='lat' dir='ltr'><strong>certet,</strong></span> <span class='ocrx_word' id='word_1_54' title='bbox 863 1068 971 1107; x_wconf 93' lang='lat' dir='ltr'><strong>non</strong></span> <span class='ocrx_word' id='word_1_55' title='bbox 994 1062 1294 1109; x_wconf 82' lang='lat' dir='ltr'><strong>coronatur</strong></span> <span class='ocrx_word' id='word_1_56' title='bbox 1313 1054 1601 1120; x_wconf 89' lang='lat' dir='ltr'><strong>continuo,</strong></span> <span class='ocrx_word' id='word_1_57' title='bbox 1635 1055 1741 1110; x_wconf 86' lang='lat' dir='ltr'><strong>nisi</strong></span> <span class='ocrx_word' id='word_1_58' title='bbox 1767 1054 2010 1125; x_wconf 82' lang='lat' dir='ltr'><strong>legitime</strong></span> 
     </span>
    </p>
   </div>
   <div class='ocr_carea' id='block_1_13' title="bbox 425 1143 738 1197">
    <p class='ocr_par' dir='ltr' id='par_1_13' title="bbox 425 1143 738 1197">
     <span class='ocr_line' id='line_1_13' title="bbox 425 1143 738 1197; baseline 0.003 -1"><span class='ocrx_word' id='word_1_59' title='bbox 425 1143 738 1197; x_wconf 83' lang='lat' dir='ltr'><strong>certaverit.</strong></span> 
     </span>
    </p>
   </div>
   <div class='ocr_carea' id='block_1_14' title="bbox 492 1232 2012 1308">
    <p class='ocr_par' dir='ltr' id='par_1_14' title="bbox 492 1232 2012 1308">
     <span class='ocr_line' id='line_1_14' title="bbox 492 1232 2012 1308; baseline 0.009 -22"><span class='ocrx_word' id='word_1_60' title='bbox 492 1232 682 1289; x_wconf 80' lang='lat' dir='ltr'><strong>Videte</strong></span> <span class='ocrx_word' id='word_1_61' title='bbox 726 1250 796 1291; x_wconf 87' lang='lat' dir='ltr'><strong>ne</strong></span> <span class='ocrx_word' id='word_1_62' title='bbox 841 1235 1082 1306; x_wconf 85' lang='lat' dir='ltr'><strong>perdatis</strong></span> <span class='ocrx_word' id='word_1_63' title='bbox 1126 1251 1190 1291; x_wconf 88' lang='lat' dir='ltr'><strong>ea</strong></span> <span class='ocrx_word' id='word_1_64' title='bbox 1235 1237 1350 1307; x_wconf 86' lang='lat' dir='ltr'><strong>ipsa</strong></span> <span class='ocrx_word' id='word_1_65' title='bbox 1381 1252 1501 1308; x_wconf 63' lang='lat' dir='ltr'><strong>quae</strong></span> <span class='ocrx_word' id='word_1_66' title='bbox 1533 1237 1864 1308; x_wconf 77' lang='lat' dir='ltr'><strong>perfecistis,</strong></span> <span class='ocrx_word' id='word_1_67' title='bbox 1917 1242 2012 1299; x_wconf 89' lang='lat' dir='ltr'><strong>sed</strong></span> 
     </span>
    </p>
   </div>
   <div class='ocr_carea' id='block_1_15' title="bbox 424 1323 1414 1394">
    <p class='ocr_par' dir='ltr' id='par_1_15' title="bbox 424 1323 1414 1394">
     <span class='ocr_line' id='line_1_15' title="bbox 424 1323 1414 1394; baseline 0.003 -17"><span class='ocrx_word' id='word_1_68' title='bbox 424 1325 484 1378; x_wconf 85' lang='lat' dir='ltr'><strong>nt</strong></span> <span class='ocrx_word' id='word_1_69' title='bbox 523 1323 736 1392; x_wconf 85' lang='lat' dir='ltr'><strong>plenam</strong></span> <span class='ocrx_word' id='word_1_70' title='bbox 769 1325 1071 1379; x_wconf 88' lang='lat' dir='ltr'><strong>mercedem</strong></span> <span class='ocrx_word' id='word_1_71' title='bbox 1109 1324 1414 1394; x_wconf 81' lang='lat' dir='ltr'><strong>accipiatis.</strong></span> 
     </span>
    </p>
   </div>
   <div class='ocr_carea' id='block_1_16' title="bbox 499 1412 2011 1490">
    <p class='ocr_par' dir='ltr' id='par_1_16' title="bbox 499 1412 2011 1490">
     <span class='ocr_line' id='line_1_16' title="bbox 499 1412 2011 1490; baseline 0.004 -22"><span class='ocrx_word' id='word_1_72' title='bbox 499 1412 559 1470; x_wconf 91' lang='lat' dir='ltr'><strong>S.</strong></span> <span class='ocrx_word' id='word_1_73' title='bbox 593 1414 802 1468; x_wconf 77' lang='lat' dir='ltr'><strong>Basilii.</strong></span> <span class='ocrx_word' id='word_1_74' title='bbox 831 1413 1081 1470; x_wconf 79' lang='lat' dir='ltr'><strong>Certatur</strong></span> <span class='ocrx_word' id='word_1_75' title='bbox 1104 1417 1304 1479; x_wconf 87' lang='lat' dir='ltr'><strong>bonus,</strong></span> <span class='ocrx_word' id='word_1_76' title='bbox 1334 1417 1429 1486; x_wconf 85' lang='lat' dir='ltr'><strong>qui</strong></span> <span class='ocrx_word' id='word_1_77' title='bbox 1466 1420 1636 1474; x_wconf 88' lang='lat' dir='ltr'><strong>semel</strong></span> <span class='ocrx_word' id='word_1_78' title='bbox 1690 1419 1756 1475; x_wconf 89' lang='lat' dir='ltr'><strong>ad</strong></span> <span class='ocrx_word' id='word_1_79' title='bbox 1789 1419 2011 1490; x_wconf 89' lang='lat' dir='ltr'><strong>pietatis</strong></span> 
     </span>
    </p>
   </div>
   <div class='ocr_carea' id='block_1_17' title="bbox 424 1506 2014 1583">
    <p class='ocr_par' dir='ltr' id='par_1_17' title="bbox 424 1506 2014 1583">
     <span class='ocr_line' id='line_1_17' title="bbox 424 1506 2014 1583; baseline 0.004 -21"><span class='ocrx_word' id='word_1_80' title='bbox 424 1507 763 1562; x_wconf 89' lang='lat' dir='ltr'><strong>curriculum</strong></span> <span class='ocrx_word' id='word_1_81' title='bbox 797 1516 996 1562; x_wconf 81' lang='lat' dir='ltr'><strong>exutus</strong></span> <span class='ocrx_word' id='word_1_82' title='bbox 1057 1516 1161 1570; x_wconf 86' lang='lat' dir='ltr'><strong>est,</strong></span> <span class='ocrx_word' id='word_1_83' title='bbox 1200 1506 1416 1565; x_wconf 82' lang='lat' dir='ltr'><strong>fortiter</strong></span> <span class='ocrx_word' id='word_1_84' title='bbox 1463 1521 1518 1566; x_wconf 88' lang='lat' dir='ltr'><strong>et</strong></span> <span class='ocrx_word' id='word_1_85' title='bbox 1546 1527 1811 1583; x_wconf 71' lang='lat' dir='ltr'><strong>generose</strong></span> <span class='ocrx_word' id='word_1_86' title='bbox 1869 1513 2014 1568; x_wconf 87' lang='lat' dir='ltr'><strong>ferre</strong></span> 
     </span>
    </p>
   </div>
   <div class='ocr_carea' id='block_1_18' title="bbox 423 1599 2013 1673">
    <p class='ocr_par' dir='ltr' id='par_1_18' title="bbox 423 1599 2013 1673">
     <span class='ocr_line' id='line_1_18' title="bbox 423 1599 2013 1673; baseline 0.005 -19"><span class='ocrx_word' id='word_1_87' title='bbox 423 1599 591 1654; x_wconf 83' lang='lat' dir='ltr'><strong>debet</strong></span> <span class='ocrx_word' id='word_1_88' title='bbox 613 1599 757 1654; x_wconf 88' lang='lat' dir='ltr'><strong>ictus</strong></span> <span class='ocrx_word' id='word_1_89' title='bbox 823 1600 1297 1668; x_wconf 88' lang='lat' dir='ltr'><strong>adversariorum,</strong></span> <span class='ocrx_word' id='word_1_90' title='bbox 1328 1615 1426 1673; x_wconf 68' lang='lat' dir='ltr'><strong>Spe</strong></span> <span class='ocrx_word' id='word_1_91' title='bbox 1460 1618 1793 1660; x_wconf 85' lang='lat' dir='ltr'><strong>coronarum</strong></span> <span class='ocrx_word' id='word_1_92' title='bbox 1837 1605 2013 1662; x_wconf 90' lang='lat' dir='ltr'><strong>laudis</strong></span> 
     </span>
    </p>
   </div>
   <div class='ocr_carea' id='block_1_19' title="bbox 423 1691 2009 1767">
    <p class='ocr_par' dir='ltr' id='par_1_19' title="bbox 423 1691 2009 1767">
     <span class='ocr_line' id='line_1_19' title="bbox 423 1691 2009 1767; baseline 0.003 -21"><span class='ocrx_word' id='word_1_93' title='bbox 423 1691 810 1760; x_wconf 65' lang='lat' dir='ltr'><strong>adipiscendae.</strong></span> <span class='ocrx_word' id='word_1_94' title='bbox 849 1693 1060 1747; x_wconf 89' lang='lat' dir='ltr'><strong>Etenim</strong></span> <span class='ocrx_word' id='word_1_95' title='bbox 1085 1693 1136 1747; x_wconf 92' lang='lat' dir='ltr'><strong>in</strong></span> <span class='ocrx_word' id='word_1_96' title='bbox 1171 1696 1438 1765; x_wconf 68' lang='lat' dir='ltr'><strong>gymnicis</strong></span> <span class='ocrx_word' id='word_1_97' title='bbox 1471 1697 1866 1754; x_wconf 88' lang='lat' dir='ltr'><strong>certaminibus</strong></span> <span class='ocrx_word' id='word_1_98' title='bbox 1917 1699 2009 1767; x_wconf 88' lang='lat' dir='ltr'><strong>qui</strong></span> 
     </span>
    </p>
   </div>
   <div class='ocr_carea' id='block_1_20' title="bbox 2114 495 3679 568">
    <p class='ocr_par' dir='ltr' id='par_1_20' title="bbox 2114 495 3679 568">
     <span class='ocr_line' id='line_1_20' title="bbox 2114 495 3679 568; baseline -0.001 -18"><span class='ocrx_word' id='word_1_99' title='bbox 2114 500 2216 568; x_wconf 77' lang='grc' dir='ltr'>τὴν</span> <span class='ocrx_word' id='word_1_100' title='bbox 2269 496 2500 552; x_wconf 70' lang='grc' dir='ltr'>ἔκϐασιν</span> <span class='ocrx_word' id='word_1_101' title='bbox 2549 495 2651 566; x_wconf 84' lang='grc' dir='ltr'><strong>τῆς</strong></span> <span class='ocrx_word' id='word_1_102' title='bbox 2707 495 3098 568; x_wconf 82' lang='grc' dir='ltr'>ἀναστροφῆς,</span> <span class='ocrx_word' id='word_1_103' title='bbox 3144 495 3407 568; x_wconf 85' lang='grc' dir='ltr'>μιμεῖσθε</span> <span class='ocrx_word' id='word_1_104' title='bbox 3460 496 3561 568; x_wconf 76' lang='grc' dir='ltr'>τὴν</span> <span class='ocrx_word' id='word_1_105' title='bbox 3606 498 3679 549; x_wconf 77' lang='grc' dir='ltr'>πι-</span> 
     </span>
    </p>
   </div>
   <div class='ocr_carea' id='block_1_21' title="bbox 2116 603 2234 643">
    <p class='ocr_par' dir='ltr' id='par_1_21' title="bbox 2116 603 2234 643">
     <span class='ocr_line' id='line_1_21' title="bbox 2116 603 2234 643; baseline -0.017 0"><span class='ocrx_word' id='word_1_106' title='bbox 2116 603 2234 643; x_wconf 86' lang='grc' dir='ltr'>στιν</span> 
     </span>
    </p>
   </div>
   <div class='ocr_carea' id='block_1_22' title="bbox 2186 681 3682 757">
    <p class='ocr_par' dir='ltr' id='par_1_22' title="bbox 2186 681 3682 757">
     <span class='ocr_line' id='line_1_22' title="bbox 2186 681 3682 757; baseline -0.003 -17"><span class='ocrx_word' id='word_1_107' title='bbox 2186 686 2455 740; x_wconf 77' lang='grc' dir='ltr'>Πείθεσθε</span> <span class='ocrx_word' id='word_1_108' title='bbox 2509 687 2623 750; x_wconf 84' lang='grc' dir='ltr'>τοῖς</span> <span class='ocrx_word' id='word_1_109' title='bbox 2680 685 3008 757; x_wconf 73' lang='grc' dir='ltr'>ἡγουμένοις</span> <span class='ocrx_word' id='word_1_110' title='bbox 3057 683 3233 752; x_wconf 81' lang='grc' dir='ltr'>ὑμῶν,</span> <span class='ocrx_word' id='word_1_111' title='bbox 3268 682 3366 736; x_wconf 65' lang='grc' dir='ltr'><strong>καλ⁸</strong></span> <span class='ocrx_word' id='word_1_112' title='bbox 3406 681 3682 737; x_wconf 72' lang='grc' dir='ltr'><strong>ὑπείκετε·</strong></span> 
     </span>
    </p>
   </div>
   <div class='ocr_carea' id='block_1_23' title="bbox 2114 775 3594 848">
    <p class='ocr_par' dir='ltr' id='par_1_23' title="bbox 2114 775 3594 848">
     <span class='ocr_line' id='line_1_23' title="bbox 2114 775 3594 848; baseline -0.002 -17"><span class='ocrx_word' id='word_1_113' title='bbox 2114 779 2272 831; x_wconf 74' lang='grc' dir='ltr'>αὐτοὶ</span> <span class='ocrx_word' id='word_1_114' title='bbox 2303 777 2414 848; x_wconf 79' lang='grc' dir='ltr'><strong>γάρ</strong></span> <span class='ocrx_word' id='word_1_115' title='bbox 2447 777 2831 846; x_wconf 76' lang='grc' dir='ltr'><strong>ἀγρυπνοῦσιν</strong></span> <span class='ocrx_word' id='word_1_116' title='bbox 2863 776 3007 846; x_wconf 77' lang='grc' dir='ltr'>ὑπὲρ</span> <span class='ocrx_word' id='word_1_117' title='bbox 3041 776 3149 829; x_wconf 88' lang='grc' dir='ltr'><strong>τῶν</strong></span> <span class='ocrx_word' id='word_1_118' title='bbox 3179 775 3373 846; x_wconf 73' lang='grc' dir='ltr'>ψυχῶν</span> <span class='ocrx_word' id='word_1_119' title='bbox 3416 775 3594 846; x_wconf 81' lang='grc' dir='ltr'>ὑμῶν.</span> 
     </span>
    </p>
   </div>
   <div class='ocr_carea' id='block_1_24' title="bbox 2185 864 3680 938">
    <p class='ocr_par' dir='ltr' id='par_1_24' title="bbox 2185 864 3680 938">
     <span class='ocr_line' id='line_1_24' title="bbox 2185 864 3680 938; baseline -0.002 -17"><span class='ocrx_word' id='word_1_120' title='bbox 2185 865 2381 930; x_wconf 76' lang='grc' dir='ltr'>Οὐδεὶς</span> <span class='ocrx_word' id='word_1_121' title='bbox 2415 867 2851 938; x_wconf 83' lang='grc' dir='ltr'>στρατευόμενος</span> <span class='ocrx_word' id='word_1_122' title='bbox 2897 865 3239 936; x_wconf 75' lang='grc' dir='ltr'><strong>ἐμπλέκεται</strong></span> <span class='ocrx_word' id='word_1_123' title='bbox 3290 866 3412 929; x_wconf 89' lang='grc' dir='ltr'>ταῖς</span> <span class='ocrx_word' id='word_1_124' title='bbox 3456 865 3550 919; x_wconf 86' lang='grc' dir='ltr'><strong>τοῦ</strong></span> <span class='ocrx_word' id='word_1_125' title='bbox 3583 864 3680 936; x_wconf 73' lang='grc' dir='ltr'>βίον</span> 
     </span>
    </p>
   </div>
   <div class='ocr_carea' id='block_1_25' title="bbox 2117 959 3684 1035">
    <p class='ocr_par' dir='ltr' id='par_1_25' title="bbox 2117 959 3684 1035">
     <span class='ocr_line' id='line_1_25' title="bbox 2117 959 3684 1035; baseline 0.001 -23"><span class='ocrx_word' id='word_1_126' title='bbox 2117 959 2556 1029; x_wconf 82' lang='grc' dir='ltr'><strong>πραγματείαις,</strong></span> <span class='ocrx_word' id='word_1_127' title='bbox 2589 960 2679 1012; x_wconf 78' lang='grc' dir='ltr'>ἵνα</span> <span class='ocrx_word' id='word_1_128' title='bbox 2713 960 2790 1029; x_wconf 82' lang='grc' dir='ltr'>τῷ</span> <span class='ocrx_word' id='word_1_129' title='bbox 2817 959 3321 1031; x_wconf 85' lang='grc' dir='ltr'>στρατολογήσαντι</span> <span class='ocrx_word' id='word_1_130' title='bbox 3348 961 3536 1035; x_wconf 69' lang='grc' dir='ltr'>ἷάρέσῃ</span> <span class='ocrx_word' id='word_1_131' title='bbox 3563 977 3578 993; x_wconf 79' lang='grc' dir='ltr'><strong>ο</strong></span> <span class='ocrx_word' id='word_1_132' title='bbox 3603 961 3684 1014; x_wconf 70' lang='grc' dir='ltr'><strong>ἐὰν</strong></span> 
     </span>
    </p>
   </div>
   <div class='ocr_carea' id='block_1_26' title="bbox 2115 1049 3684 1124">
    <p class='ocr_par' dir='ltr' id='par_1_26' title="bbox 2115 1049 3684 1124">
     <span class='ocr_line' id='line_1_26' title="bbox 2115 1049 3684 1124; baseline 0.001 -22"><span class='ocrx_word' id='word_1_133' title='bbox 2115 1049 2172 1104; x_wconf 65' lang='grc' dir='ltr'><strong>δὲ</strong></span> <span class='ocrx_word' id='word_1_134' title='bbox 2225 1051 2318 1105; x_wconf 81' lang='grc' dir='ltr'>καὶ</span> <span class='ocrx_word' id='word_1_135' title='bbox 2351 1051 2490 1123; x_wconf 79' lang='grc' dir='ltr'>ἀθλῇ</span> <span class='ocrx_word' id='word_1_136' title='bbox 2522 1068 2630 1117; x_wconf 78' lang='grc' dir='ltr'>τις,</span> <span class='ocrx_word' id='word_1_137' title='bbox 2664 1051 2725 1105; x_wconf 82' lang='grc' dir='ltr'>οὐ</span> <span class='ocrx_word' id='word_1_138' title='bbox 2762 1050 3166 1122; x_wconf 80' lang='grc' dir='ltr'>στεφανοῦται,</span> <span class='ocrx_word' id='word_1_139' title='bbox 3199 1052 3299 1106; x_wconf 71' lang='grc' dir='ltr'><strong>ἐὰν</strong></span> <span class='ocrx_word' id='word_1_140' title='bbox 3337 1051 3415 1124; x_wconf 76' lang='grc' dir='ltr'>μὴ</span> <span class='ocrx_word' id='word_1_141' title='bbox 3448 1052 3684 1123; x_wconf 77' lang='grc' dir='ltr'>νομίμως</span> 
     </span>
    </p>
   </div>
   <div class='ocr_carea' id='block_1_27' title="bbox 2115 1143 2355 1217">
    <p class='ocr_par' dir='ltr' id='par_1_27' title="bbox 2115 1143 2355 1217">
     <span class='ocr_line' id='line_1_27' title="bbox 2115 1143 2355 1217; baseline 0.008 -20"><span class='ocrx_word' id='word_1_142' title='bbox 2115 1143 2355 1217; x_wconf 81' lang='grc' dir='ltr'><strong>ἀθλήσῃ.</strong></span> 
     </span>
    </p>
   </div>
   <div class='ocr_carea' id='block_1_28' title="bbox 2185 1224 3681 1310">
    <p class='ocr_par' dir='ltr' id='par_1_28' title="bbox 2185 1224 3681 1310">
     <span class='ocr_line' id='line_1_28' title="bbox 2185 1224 3681 1310; baseline 0.001 -20"><span class='ocrx_word' id='word_1_143' title='bbox 2185 1237 2424 1292; x_wconf 67' lang='grc' dir='ltr'>Βλέπετε</span> <span class='ocrx_word' id='word_1_144' title='bbox 2461 1239 2726 1308; x_wconf 73' lang='grc' dir='ltr'>ἑαυτὸῦς,</span> <span class='ocrx_word' id='word_1_145' title='bbox 2764 1224 2852 1293; x_wconf 80' lang='grc' dir='ltr'><strong>ῖνα</strong></span> <span class='ocrx_word' id='word_1_146' title='bbox 2892 1239 2972 1310; x_wconf 74' lang='grc' dir='ltr'>μὴ</span> <span class='ocrx_word' id='word_1_147' title='bbox 3014 1239 3326 1310; x_wconf 77' lang='grc' dir='ltr'><strong>ἀπολέσητε</strong></span> <span class='ocrx_word' id='word_1_148' title='bbox 3355 1238 3391 1294; x_wconf 70' lang='grc' dir='ltr'>ἃ</span> <span class='ocrx_word' id='word_1_149' title='bbox 3438 1239 3681 1310; x_wconf 71' lang='grc' dir='ltr'>εἰργάσαο</span> 
     </span>
    </p>
   </div>
   <div class='ocr_carea' id='block_1_29' title="bbox 2117 1330 3212 1402">
    <p class='ocr_par' dir='ltr' id='par_1_29' title="bbox 2117 1330 3212 1402">
     <span class='ocr_line' id='line_1_29' title="bbox 2117 1330 3212 1402; baseline 0.002 -19"><span class='ocrx_word' id='word_1_150' title='bbox 2117 1330 2236 1393; x_wconf 85' lang='grc' dir='ltr'>σθε,</span> <span class='ocrx_word' id='word_1_151' title='bbox 2270 1330 2387 1384; x_wconf 79' lang='grc' dir='ltr'>ἀλλ’</span> <span class='ocrx_word' id='word_1_152' title='bbox 2413 1331 2501 1386; x_wconf 74' lang='grc' dir='ltr'>ἵνα</span> <span class='ocrx_word' id='word_1_153' title='bbox 2537 1331 2732 1402; x_wconf 81' lang='grc' dir='ltr'>μισθὸν</span> <span class='ocrx_word' id='word_1_154' title='bbox 2767 1332 2954 1401; x_wconf 84' lang='grc' dir='ltr'><strong>πλήρη</strong></span> <span class='ocrx_word' id='word_1_155' title='bbox 2984 1331 3212 1402; x_wconf 72' lang='grc' dir='ltr'>λάϐητε.</span> 
     </span>
    </p>
   </div>
   <div class='ocr_carea' id='block_1_30' title="bbox 2186 1415 3685 1494">
    <p class='ocr_par' dir='ltr' id='par_1_30' title="bbox 2186 1415 3685 1494">
     <span class='ocr_line' id='line_1_30' title="bbox 2186 1415 3685 1494; baseline 0 -18"><span class='ocrx_word' id='word_1_156' title='bbox 2186 1422 2292 1477; x_wconf 79' lang='grc' dir='ltr'><strong>Τδν</strong></span> <span class='ocrx_word' id='word_1_157' title='bbox 2336 1424 2648 1494; x_wconf 82' lang='grc' dir='ltr'>ἀγωνιστὴν</span> <span class='ocrx_word' id='word_1_158' title='bbox 2691 1424 2784 1477; x_wconf 85' lang='grc' dir='ltr'>τὸν</span> <span class='ocrx_word' id='word_1_159' title='bbox 2823 1425 2992 1479; x_wconf 72' lang='grc' dir='ltr'>καλὸν</span> <span class='ocrx_word' id='word_1_160' title='bbox 3022 1424 3173 1491; x_wconf 77' lang='grc' dir='ltr'>άπαξ</span> <span class='ocrx_word' id='word_1_161' title='bbox 3203 1426 3294 1478; x_wconf 71' lang='grc' dir='ltr'><strong>ὲπὶ</strong></span> <span class='ocrx_word' id='word_1_162' title='bbox 3329 1415 3392 1478; x_wconf 70' lang='grc' dir='ltr'>τδ</span> <span class='ocrx_word' id='word_1_163' title='bbox 3419 1427 3522 1494; x_wconf 80' lang='grc' dir='ltr'>τῆς</span> <span class='ocrx_word' id='word_1_164' title='bbox 3548 1427 3685 1478; x_wconf 79' lang='grc' dir='ltr'>εὐσε-</span> 
     </span>
    </p>
   </div>
   <div class='ocr_carea' id='block_1_31' title="bbox 2115 1515 3683 1588">
    <p class='ocr_par' dir='ltr' id='par_1_31' title="bbox 2115 1515 3683 1588">
     <span class='ocr_line' id='line_1_31' title="bbox 2115 1515 3683 1588; baseline 0 -19"><span class='ocrx_word' id='word_1_165' title='bbox 2115 1515 2271 1579; x_wconf 76' lang='grc' dir='ltr'>ϐείας</span> <span class='ocrx_word' id='word_1_166' title='bbox 2320 1516 2538 1570; x_wconf 84' lang='grc' dir='ltr'>στάδιον</span> <span class='ocrx_word' id='word_1_167' title='bbox 2575 1516 2939 1582; x_wconf 80' lang='grc' dir='ltr'>ἅποδυθέντα,</span> <span class='ocrx_word' id='word_1_168' title='bbox 2973 1518 3162 1588; x_wconf 77' lang='grc' dir='ltr'>φέρειν</span> <span class='ocrx_word' id='word_1_169' title='bbox 3193 1518 3275 1572; x_wconf 84' lang='grc' dir='ltr'>δεῖ</span> <span class='ocrx_word' id='word_1_170' title='bbox 3299 1515 3568 1587; x_wconf 81' lang='grc' dir='ltr'><strong>γενναίως</strong></span> <span class='ocrx_word' id='word_1_171' title='bbox 3598 1519 3683 1580; x_wconf 76' lang='grc' dir='ltr'>τὰς</span> 
     </span>
    </p>
   </div>
   <div class='ocr_carea' id='block_1_32' title="bbox 2114 1606 3758 1678">
    <p class='ocr_par' dir='ltr' id='par_1_32' title="bbox 2114 1606 3758 1678">
     <span class='ocr_line' id='line_1_32' title="bbox 2114 1606 3758 1678; baseline -0.001 -18"><span class='ocrx_word' id='word_1_172' title='bbox 2114 1606 2332 1678; x_wconf 77' lang='grc' dir='ltr'>πληγάς</span> <span class='ocrx_word' id='word_1_173' title='bbox 2360 1606 2472 1660; x_wconf 78' lang='grc' dir='ltr'><strong>τῶν</strong></span> <span class='ocrx_word' id='word_1_174' title='bbox 2520 1606 2834 1660; x_wconf 77' lang='grc' dir='ltr'>ἀντιπάλων</span> <span class='ocrx_word' id='word_1_175' title='bbox 2875 1607 3051 1661; x_wconf 72' lang='grc' dir='ltr'>ἑλπίδι</span> <span class='ocrx_word' id='word_1_176' title='bbox 3092 1607 3189 1677; x_wconf 86' lang='grc' dir='ltr'>τῆς</span> <span class='ocrx_word' id='word_1_177' title='bbox 3240 1607 3400 1677; x_wconf 73' lang='grc' dir='ltr'>δόξης</span> <span class='ocrx_word' id='word_1_178' title='bbox 3447 1607 3546 1676; x_wconf 84' lang='grc' dir='ltr'>τῆς</span> <span class='ocrx_word' id='word_1_179' title='bbox 3587 1607 3684 1660; x_wconf 71' lang='grc' dir='ltr'><strong>ἀπὸ</strong></span> <span class='ocrx_word' id='word_1_180' title='bbox 3751 1632 3758 1638; x_wconf 92' lang='grc'><strong>·</strong></span> 
     </span>
    </p>
   </div>
   <div class='ocr_carea' id='block_1_33' title="bbox 2113 1696 3683 1770">
    <p class='ocr_par' dir='ltr' id='par_1_33' title="bbox 2113 1696 3683 1770">
     <span class='ocr_line' id='line_1_33' title="bbox 2113 1696 3683 1770; baseline -0.002 -19"><span class='ocrx_word' id='word_1_181' title='bbox 2113 1698 2226 1752; x_wconf 85' lang='grc' dir='ltr'><strong>τῶν</strong></span> <span class='ocrx_word' id='word_1_182' title='bbox 2276 1699 2581 1768; x_wconf 74' lang='grc' dir='ltr'>στεφάνων.</span> <span class='ocrx_word' id='word_1_183' title='bbox 2615 1699 2723 1755; x_wconf 72' lang='grc' dir='ltr'><strong>Καὶ</strong></span> <span class='ocrx_word' id='word_1_184' title='bbox 2755 1699 2868 1770; x_wconf 82' lang='grc' dir='ltr'><strong>γάρ</strong></span> <span class='ocrx_word' id='word_1_185' title='bbox 2899 1701 2960 1752; x_wconf 81' lang='grc' dir='ltr'>ὲν</span> <span class='ocrx_word' id='word_1_186' title='bbox 2989 1702 3106 1764; x_wconf 84' lang='grc' dir='ltr'>τοῖς</span> <span class='ocrx_word' id='word_1_187' title='bbox 3150 1701 3447 1770; x_wconf 78' lang='grc' dir='ltr'><strong>γυμνικοῖς</strong></span> <span class='ocrx_word' id='word_1_188' title='bbox 3489 1696 3683 1766; x_wconf 83' lang='grc' dir='ltr'>ἀγῶσιν</span> 
     </span>
    </p>
   </div>
   <div class='ocr_carea' id='block_1_34' title="bbox 424 1784 2009 1865">
    <p class='ocr_par' dir='ltr' id='par_1_34' title="bbox 424 1784 2009 1856">
     <span class='ocr_line' id='line_1_34' title="bbox 424 1784 2009 1856; baseline 0.006 -18"><span class='ocrx_word' id='word_1_189' title='bbox 424 1784 717 1840; x_wconf 76' lang='lat' dir='ltr'><strong>assuefacti</strong></span> <span class='ocrx_word' id='word_1_190' title='bbox 753 1795 884 1842; x_wconf 90' lang='lat' dir='ltr'><strong>sunt</strong></span> <span class='ocrx_word' id='word_1_191' title='bbox 906 1787 1176 1856; x_wconf 67' lang='lat' dir='ltr'><strong>palaestrae</strong></span> <span class='ocrx_word' id='word_1_192' title='bbox 1207 1788 1508 1854; x_wconf 85' lang='lat' dir='ltr'><strong>laboribus,</strong></span> <span class='ocrx_word' id='word_1_193' title='bbox 1542 1807 1650 1846; x_wconf 90' lang='lat' dir='ltr'><strong>non</strong></span> <span class='ocrx_word' id='word_1_194' title='bbox 1676 1799 2009 1847; x_wconf 85' lang='lat' dir='ltr'><strong>contrahun-</strong></span> 
     </span>
    </p>
   </div>
   <div class='ocr_carea' id='block_1_35' title="bbox 2128 1784 3684 1865">
    <p class='ocr_par' dir='ltr' id='par_1_35' title="bbox 2128 1789 3684 1865">
     <span class='ocr_line' id='line_1_35' title="bbox 2128 1789 3684 1865; baseline -0.001 -22"><span class='ocrx_word' id='word_1_195' title='bbox 2128 1792 2162 1844; x_wconf 81' lang='lat' dir='ltr'><strong>&gt;i</strong></span> <span class='ocrx_word' id='word_1_196' title='bbox 2202 1792 2345 1846; x_wconf 77' lang='grc' dir='ltr'>κατὰ</span> <span class='ocrx_word' id='word_1_197' title='bbox 2384 1792 2482 1856; x_wconf 86' lang='grc' dir='ltr'><strong>τὰς</strong></span> <span class='ocrx_word' id='word_1_198' title='bbox 2517 1791 2862 1865; x_wconf 71' lang='grc' dir='ltr'>παλαῖᾰτρας</span> <span class='ocrx_word' id='word_1_199' title='bbox 2903 1794 3020 1856; x_wconf 84' lang='grc' dir='ltr'>τοῖς</span> <span class='ocrx_word' id='word_1_200' title='bbox 3066 1794 3251 1854; x_wconf 79' lang='grc' dir='ltr'>πόνοις</span> <span class='ocrx_word' id='word_1_201' title='bbox 3310 1789 3684 1862; x_wconf 73' lang='grc' dir='ltr'>προσεθισθένο</span> 
     </span>
    </p>
   </div>
   <div class='ocr_carea' id='block_1_36' title="bbox 429 1879 2010 1952">
    <p class='ocr_par' dir='ltr' id='par_1_36' title="bbox 429 1879 2010 1952">
     <span class='ocr_line' id='line_1_36' title="bbox 429 1879 2010 1952; baseline 0.007 -21"><span class='ocrx_word' id='word_1_202' title='bbox 429 1889 518 1932; x_wconf 88' lang='lat' dir='ltr'><strong>tur</strong></span> <span class='ocrx_word' id='word_1_203' title='bbox 554 1879 619 1933; x_wconf 89' lang='lat' dir='ltr'><strong>ad</strong></span> <span class='ocrx_word' id='word_1_204' title='bbox 662 1881 901 1934; x_wconf 89' lang='lat' dir='ltr'><strong>dolorem</strong></span> <span class='ocrx_word' id='word_1_205' title='bbox 932 1881 1236 1951; x_wconf 77' lang='lat' dir='ltr'><strong>plagarum,</strong></span> <span class='ocrx_word' id='word_1_206' title='bbox 1271 1884 1365 1939; x_wconf 88' lang='lat' dir='ltr'><strong>sed</strong></span> <span class='ocrx_word' id='word_1_207' title='bbox 1408 1885 1706 1952; x_wconf 82' lang='lat' dir='ltr'><strong>cupiditate</strong></span> <span class='ocrx_word' id='word_1_208' title='bbox 1736 1886 2010 1942; x_wconf 79' lang='lat' dir='ltr'><strong>laudatio~</strong></span> 
     </span>
    </p>
   </div>
   <div class='ocr_carea' id='block_1_37' title="bbox 424 1967 2004 2048">
    <p class='ocr_par' dir='ltr' id='par_1_37' title="bbox 424 1967 2004 2048">
     <span class='ocr_line' id='line_1_37' title="bbox 424 1967 2004 2048; baseline 0.006 -25"><span class='ocrx_word' id='word_1_209' title='bbox 424 1967 511 2023; x_wconf 77' lang='lat' dir='ltr'><strong>nis</strong></span> <span class='ocrx_word' id='word_1_210' title='bbox 537 1985 658 2038; x_wconf 78' lang='lat' dir='ltr'><strong>quze</strong></span> <span class='ocrx_word' id='word_1_211' title='bbox 690 1985 718 2023; x_wconf 93' lang='lat' dir='ltr'><strong>a</strong></span> <span class='ocrx_word' id='word_1_212' title='bbox 749 1985 1003 2040; x_wconf 67' lang='lat' dir='ltr'><strong>praecone</strong></span> <span class='ocrx_word' id='word_1_213' title='bbox 1032 1972 1115 2039; x_wconf 86' lang='lat' dir='ltr'><strong>fit,</strong></span> <span class='ocrx_word' id='word_1_214' title='bbox 1148 1988 1273 2028; x_wconf 90' lang='lat' dir='ltr'><strong>eum</strong></span> <span class='ocrx_word' id='word_1_215' title='bbox 1326 1975 1782 2032; x_wconf 88' lang='lat' dir='ltr'><strong>colluetatoribus</strong></span> <span class='ocrx_word' id='word_1_216' title='bbox 1812 1977 2004 2048; x_wconf 86' lang='lat' dir='ltr'><strong>pedem</strong></span> 
     </span>
    </p>
   </div>
   <div class='ocr_carea' id='block_1_38' title="bbox 422 2061 1677 2137">
    <p class='ocr_par' dir='ltr' id='par_1_38' title="bbox 422 2061 1677 2137">
     <span class='ocr_line' id='line_1_38' title="bbox 422 2061 1677 2137; baseline 0.008 -23"><span class='ocrx_word' id='word_1_217' title='bbox 422 2061 574 2116; x_wconf 58' lang='lat' dir='ltr'><strong>conft</strong></span> <span class='ocrx_word' id='word_1_218' title='bbox 587 2071 734 2125; x_wconf 88' lang='lat' dir='ltr'><strong>runt,</strong></span> <span class='ocrx_word' id='word_1_219' title='bbox 761 2063 1050 2134; x_wconf 61' lang='lat' dir='ltr'><strong>praesentia</strong></span> <span class='ocrx_word' id='word_1_220' title='bbox 1079 2065 1263 2121; x_wconf 89' lang='lat' dir='ltr'><strong>omnia</strong></span> <span class='ocrx_word' id='word_1_221' title='bbox 1290 2066 1677 2137; x_wconf 80' lang='lat' dir='ltr'><strong>despicientes.</strong></span> 
     </span>
    </p>
   </div>
   <div class='ocr_carea' id='block_1_39' title="bbox 495 2237 2012 2313">
    <p class='ocr_par' dir='ltr' id='par_1_39' title="bbox 495 2237 2012 2313">
     <span class='ocr_line' id='line_1_39' title="bbox 495 2237 2012 2313; baseline 0.007 -23"><span class='ocrx_word' id='word_1_222' title='bbox 495 2237 748 2296; x_wconf 76' lang='lat' dir='ltr'><strong>Vinculis</strong></span> <span class='ocrx_word' id='word_1_223' title='bbox 807 2240 1160 2298; x_wconf 81' lang='lat' dir='ltr'><strong>ali&#39;cctionum</strong></span> <span class='ocrx_word' id='word_1_224' title='bbox 1250 2251 1303 2298; x_wconf 58' lang='grc' dir='ltr'><strong>υι</strong></span> <span class='ocrx_word' id='word_1_225' title='bbox 1361 2244 1835 2313; x_wconf 82' lang='lat' dir='ltr'><strong>perturbationum</strong></span> <span class='ocrx_word' id='word_1_226' title='bbox 1885 2245 2012 2300; x_wconf 85' lang='lat' dir='ltr'><strong>vitae</strong></span> 
     </span>
    </p>
   </div>
   <div class='ocr_carea' id='block_1_40' title="bbox 424 2325 2011 2406">
    <p class='ocr_par' dir='ltr' id='par_1_40' title="bbox 424 2325 2011 2406">
     <span class='ocr_line' id='line_1_40' title="bbox 424 2325 2011 2406; baseline 0.003 -18"><span class='ocrx_word' id='word_1_227' title='bbox 424 2325 677 2389; x_wconf 71' lang='lat' dir='ltr'><strong>humanae</strong></span> <span class='ocrx_word' id='word_1_228' title='bbox 703 2333 839 2389; x_wconf 82' lang='lat' dir='ltr'><strong>solvi</strong></span> <span class='ocrx_word' id='word_1_229' title='bbox 872 2335 1052 2400; x_wconf 82' lang='lat' dir='ltr'><strong>debet,</strong></span> <span class='ocrx_word' id='word_1_230' title='bbox 1089 2335 1180 2404; x_wconf 83' lang='lat' dir='ltr'><strong>qui</strong></span> <span class='ocrx_word' id='word_1_231' title='bbox 1206 2351 1331 2391; x_wconf 83' lang='lat' dir='ltr'><strong>vere</strong></span> <span class='ocrx_word' id='word_1_232' title='bbox 1359 2335 1526 2390; x_wconf 84' lang='lat' dir='ltr'><strong>Deum</strong></span> <span class='ocrx_word' id='word_1_233' title='bbox 1543 2337 1696 2406; x_wconf 90' lang='lat' dir='ltr'><strong>sequi</strong></span> <span class='ocrx_word' id='word_1_234' title='bbox 1726 2353 1793 2392; x_wconf 83' lang='lat' dir='ltr'><strong>ex</strong></span> <span class='ocrx_word' id='word_1_235' title='bbox 1823 2339 2011 2392; x_wconf 88' lang='lat' dir='ltr'><strong>animo</strong></span> 
     </span>
    </p>
   </div>
   <div class='ocr_carea' id='block_1_41' title="bbox 422 2427 2004 2498">
    <p class='ocr_par' dir='ltr' id='par_1_41' title="bbox 422 2427 2004 2498">
     <span class='ocr_line' id='line_1_41' title="bbox 422 2427 2004 2498; baseline 0 -16"><span class='ocrx_word' id='word_1_236' title='bbox 422 2427 690 2492; x_wconf 81' lang='lat' dir='ltr'><strong>decrevit,</strong></span> <span class='ocrx_word' id='word_1_237' title='bbox 736 2427 786 2479; x_wconf 94' lang='lat' dir='ltr'><strong>id</strong></span> <span class='ocrx_word' id='word_1_238' title='bbox 812 2428 957 2495; x_wconf 87' lang='lat' dir='ltr'><strong>quod</strong></span> <span class='ocrx_word' id='word_1_239' title='bbox 1007 2442 1102 2496; x_wconf 89' lang='lat' dir='ltr'><strong>per</strong></span> <span class='ocrx_word' id='word_1_240' title='bbox 1139 2443 1417 2483; x_wconf 86' lang='lat' dir='ltr'><strong>secessum</strong></span> <span class='ocrx_word' id='word_1_241' title='bbox 1470 2429 1630 2496; x_wconf 83' lang='lat' dir='ltr'><strong>plane</strong></span> <span class='ocrx_word' id='word_1_242' title='bbox 1703 2428 2004 2498; x_wconf 79' lang='lat' dir='ltr'><strong>perfectum</strong></span> 
     </span>
    </p>
   </div>
   <div class='ocr_carea' id='block_1_42' title="bbox 423 2518 2008 2589">
    <p class='ocr_par' dir='ltr' id='par_1_42' title="bbox 423 2518 2008 2589">
     <span class='ocr_line' id='line_1_42' title="bbox 423 2518 2008 2589; baseline 0 -14"><span class='ocrx_word' id='word_1_243' title='bbox 423 2530 480 2576; x_wconf 92' lang='lat' dir='ltr'><strong>et</strong></span> <span class='ocrx_word' id='word_1_244' title='bbox 506 2528 747 2574; x_wconf 83' lang='lat' dir='ltr'><strong>veterum</strong></span> <span class='ocrx_word' id='word_1_245' title='bbox 779 2533 994 2574; x_wconf 90' lang='lat' dir='ltr'><strong>morum</strong></span> <span class='ocrx_word' id='word_1_246' title='bbox 1033 2518 1364 2574; x_wconf 85' lang='lat' dir='ltr'><strong>oblivionem</strong></span> <span class='ocrx_word' id='word_1_247' title='bbox 1401 2529 1546 2574; x_wconf 87' lang='lat' dir='ltr'><strong>recte</strong></span> <span class='ocrx_word' id='word_1_248' title='bbox 1583 2531 1843 2589; x_wconf 86' lang='lat' dir='ltr'><strong>paratur;</strong></span> <span class='ocrx_word' id='word_1_249' title='bbox 1880 2537 2008 2575; x_wconf 87' lang='lat' dir='ltr'><strong>nam</strong></span> 
     </span>
    </p>
   </div>
   <div class='ocr_carea' id='block_1_43' title="bbox 423 2612 2010 2684">
    <p class='ocr_par' dir='ltr' id='par_1_43' title="bbox 423 2612 2010 2684">
     <span class='ocr_line' id='line_1_43' title="bbox 423 2612 2010 2684; baseline -0.002 -15"><span class='ocrx_word' id='word_1_250' title='bbox 423 2615 533 2670; x_wconf 86' lang='lat' dir='ltr'><strong>nisi</strong></span> <span class='ocrx_word' id='word_1_251' title='bbox 583 2622 638 2668; x_wconf 90' lang='lat' dir='ltr'><strong>et</strong></span> <span class='ocrx_word' id='word_1_252' title='bbox 665 2629 696 2667; x_wconf 91' lang='lat' dir='ltr'><strong>a</strong></span> <span class='ocrx_word' id='word_1_253' title='bbox 744 2613 1078 2684; x_wconf 76' lang='lat' dir='ltr'><strong>cOgnatione</strong></span> <span class='ocrx_word' id='word_1_254' title='bbox 1134 2612 1652 2682; x_wconf 85' lang='lat' dir='ltr'><strong>propinquitateque</strong></span> <span class='ocrx_word' id='word_1_255' title='bbox 1695 2613 1928 2678; x_wconf 84' lang='lat' dir='ltr'><strong>carnali,</strong></span> <span class='ocrx_word' id='word_1_256' title='bbox 1955 2622 2010 2666; x_wconf 93' lang='lat' dir='ltr'><strong>et</strong></span> 
     </span>
    </p>
   </div>
   <div class='ocr_carea' id='block_1_44' title="bbox 421 2705 2006 2776">
    <p class='ocr_par' dir='ltr' id='par_1_44' title="bbox 421 2705 2006 2776">
     <span class='ocr_line' id='line_1_44' title="bbox 421 2705 2006 2776; baseline 0.001 -17"><span class='ocrx_word' id='word_1_257' title='bbox 421 2707 547 2762; x_wconf 71' lang='lat' dir='ltr'><strong>vita:</strong></span> <span class='ocrx_word' id='word_1_258' title='bbox 577 2705 975 2761; x_wconf 88' lang='lat' dir='ltr'><strong>communione</strong></span> <span class='ocrx_word' id='word_1_259' title='bbox 1008 2720 1106 2759; x_wconf 89' lang='lat' dir='ltr'><strong>nos</strong></span> <span class='ocrx_word' id='word_1_260' title='bbox 1129 2707 1277 2775; x_wconf 84' lang='lat' dir='ltr'><strong>ipsos</strong></span> <span class='ocrx_word' id='word_1_261' title='bbox 1311 2705 1828 2772; x_wconf 79' lang='lat' dir='ltr'><strong>abalienaverimus,</strong></span> <span class='ocrx_word' id='word_1_262' title='bbox 1850 2706 2006 2776; x_wconf 86' lang='lat' dir='ltr'><strong>quasi</strong></span> 
     </span>
    </p>
   </div>
   <div class='ocr_carea' id='block_1_45' title="bbox 423 2794 2012 2865">
    <p class='ocr_par' dir='ltr' id='par_1_45' title="bbox 423 2794 2012 2865">
     <span class='ocr_line' id='line_1_45' title="bbox 423 2794 2012 2865; baseline 0.001 -14"><span class='ocrx_word' id='word_1_263' title='bbox 423 2798 477 2851; x_wconf 91' lang='lat' dir='ltr'><strong>in</strong></span> <span class='ocrx_word' id='word_1_264' title='bbox 525 2798 758 2851; x_wconf 85' lang='lat' dir='ltr'><strong>alterum</strong></span> <span class='ocrx_word' id='word_1_265' title='bbox 783 2794 1074 2865; x_wconf 88' lang='lat' dir='ltr'><strong>quemdam</strong></span> <span class='ocrx_word' id='word_1_266' title='bbox 1109 2795 1371 2849; x_wconf 89' lang='lat' dir='ltr'><strong>mundum</strong></span> <span class='ocrx_word' id='word_1_267' title='bbox 1394 2796 1788 2852; x_wconf 79' lang='lat' dir='ltr'><strong>exercitatione</strong></span> <span class='ocrx_word' id='word_1_268' title='bbox 1815 2805 1870 2852; x_wconf 85' lang='lat' dir='ltr'><strong>et</strong></span> <span class='ocrx_word' id='word_1_269' title='bbox 1896 2811 2012 2852; x_wconf 90' lang='lat' dir='ltr'><strong>me-</strong></span> 
     </span>
    </p>
   </div>
   <div class='ocr_carea' id='block_1_46' title="bbox 417 2886 2008 2962">
    <p class='ocr_par' dir='ltr' id='par_1_46' title="bbox 417 2886 2008 2962">
     <span class='ocr_line' id='line_1_46' title="bbox 417 2886 2008 2962; baseline 0.003 -21"><span class='ocrx_word' id='word_1_270' title='bbox 417 2889 688 2945; x_wconf 89' lang='lat' dir='ltr'><strong>ditatione</strong></span> <span class='ocrx_word' id='word_1_271' title='bbox 737 2889 1059 2958; x_wconf 77' lang='lat' dir='ltr'><strong>migrantes,</strong></span> <span class='ocrx_word' id='word_1_272' title='bbox 1085 2886 1208 2957; x_wconf 82' lang='lat' dir='ltr'><strong>ejus</strong></span> <span class='ocrx_word' id='word_1_273' title='bbox 1235 2889 1528 2944; x_wconf 86' lang='lat' dir='ltr'><strong>consilium</strong></span> <span class='ocrx_word' id='word_1_274' title='bbox 1563 2900 1876 2961; x_wconf 84' lang='lat' dir='ltr'><strong>sequentes,</strong></span> <span class='ocrx_word' id='word_1_275' title='bbox 1916 2893 2008 2962; x_wconf 88' lang='lat' dir='ltr'><strong>qui</strong></span> 
     </span>
    </p>
   </div>
   <div class='ocr_carea' id='block_1_47' title="bbox 419 2979 1999 3046">
    <p class='ocr_par' dir='ltr' id='par_1_47' title="bbox 419 2979 1999 3046">
     <span class='ocr_line' id='line_1_47' title="bbox 419 2979 1999 3046; baseline -0.001 -11"><span class='ocrx_word' id='word_1_276' title='bbox 419 2980 559 3035; x_wconf 75' lang='lat' dir='ltr'><strong>dixit</strong></span> <span class='ocrx_word' id='word_1_277' title='bbox 593 2997 606 3031; x_wconf 96' lang='lat'><strong>:</strong></span> <span class='ocrx_word' id='word_1_278' title='bbox 648 2999 667 3032; x_wconf 73' lang='grc' dir='ltr'><strong>ι</strong></span> <span class='ocrx_word' id='word_1_279' title='bbox 709 2979 906 3035; x_wconf 78' lang='lat' dir='ltr'><strong>Nostra</strong></span> <span class='ocrx_word' id='word_1_280' title='bbox 934 2987 1118 3033; x_wconf 88' lang='lat' dir='ltr'><strong>autem</strong></span> <span class='ocrx_word' id='word_1_281' title='bbox 1144 2981 1493 3034; x_wconf 86' lang='lat' dir='ltr'><strong>conversatio</strong></span> <span class='ocrx_word' id='word_1_282' title='bbox 1537 2979 1591 3034; x_wconf 93' lang='lat' dir='ltr'><strong>in</strong></span> <span class='ocrx_word' id='word_1_283' title='bbox 1623 2981 1778 3036; x_wconf 72' lang='lat' dir='ltr'><strong>ecelis</strong></span> <span class='ocrx_word' id='word_1_284' title='bbox 1831 2990 1934 3046; x_wconf 90' lang='lat' dir='ltr'><strong>est,</strong></span> <span class='ocrx_word' id='word_1_285' title='bbox 1981 3002 1999 3034; x_wconf 74' lang='grc' dir='ltr'><strong>ι</strong></span> 
     </span>
    </p>
   </div>
   <div class='ocr_carea' id='block_1_48' title="bbox 421 3070 2012 3143">
    <p class='ocr_par' dir='ltr' id='par_1_48' title="bbox 421 3070 2012 3143">
     <span class='ocr_line' id='line_1_48' title="bbox 421 3070 2012 3143; baseline 0.002 -18"><span class='ocrx_word' id='word_1_286' title='bbox 421 3072 645 3126; x_wconf 82' lang='grc' dir='ltr'>οιιιηίιιο</span> <span class='ocrx_word' id='word_1_287' title='bbox 678 3070 793 3125; x_wconf 76' lang='lat' dir='ltr'><strong>fieri</strong></span> <span class='ocrx_word' id='word_1_288' title='bbox 839 3071 1049 3139; x_wconf 86' lang='lat' dir='ltr'><strong>nequit,</strong></span> <span class='ocrx_word' id='word_1_289' title='bbox 1079 3079 1138 3124; x_wconf 90' lang='lat' dir='ltr'><strong>ut</strong></span> <span class='ocrx_word' id='word_1_290' title='bbox 1159 3085 1412 3139; x_wconf 89' lang='lat' dir='ltr'><strong>scopum,-</strong></span> <span class='ocrx_word' id='word_1_291' title='bbox 1432 3073 1524 3141; x_wconf 92' lang='lat' dir='ltr'><strong>qui</strong></span> <span class='ocrx_word' id='word_1_292' title='bbox 1554 3082 1639 3128; x_wconf 85' lang='lat' dir='ltr'><strong>est</strong></span> <span class='ocrx_word' id='word_1_293' title='bbox 1670 3073 1778 3128; x_wconf 86' lang='lat' dir='ltr'><strong>Deo</strong></span> <span class='ocrx_word' id='word_1_294' title='bbox 1804 3073 2012 3143; x_wconf 82' lang='lat' dir='ltr'><strong>gratiﬁ-</strong></span> 
     </span>
    </p>
   </div>
   <div class='ocr_carea' id='block_1_49' title="bbox 2060 3095 2467 3170">
    <p class='ocr_par' dir='ltr' id='par_1_49' title="bbox 2060 3095 2467 3170">
     <span class='ocr_line' id='line_1_49' title="bbox 2060 3095 2467 3170; baseline 0.005 -24"><span class='ocrx_word' id='word_1_295' title='bbox 2060 3150 2080 3170; x_wconf 54' lang='lat'><em>‘</em></span> <span class='ocrx_word' id='word_1_296' title='bbox 2119 3095 2434 3165; x_wconf 75' lang='grc' dir='ltr'>ρεστήσεως</span> <span class='ocrx_word' id='word_1_297' title='bbox 2453 3111 2467 3125; x_wconf 84' lang='lat'><strong><em>°</em></strong></span> 
     </span>
    </p>
   </div>
   <div class='ocr_carea' id='block_1_50' title="bbox 2113 1885 3680 1959">
    <p class='ocr_par' dir='ltr' id='par_1_50' title="bbox 2113 1885 3680 1959">
     <span class='ocr_line' id='line_1_50' title="bbox 2113 1885 3680 1959; baseline -0.002 -17"><span class='ocrx_word' id='word_1_298' title='bbox 2113 1906 2204 1952; x_wconf 90' lang='grc' dir='ltr'><strong>τες</strong></span> <span class='ocrx_word' id='word_1_299' title='bbox 2243 1890 2304 1942; x_wconf 77' lang='grc' dir='ltr'>οὐ</span> <span class='ocrx_word' id='word_1_300' title='bbox 2340 1891 2479 1959; x_wconf 76' lang='grc' dir='ltr'>πρὸς</span> <span class='ocrx_word' id='word_1_301' title='bbox 2513 1889 2573 1943; x_wconf 79' lang='grc' dir='ltr'>τὸ</span> <span class='ocrx_word' id='word_1_302' title='bbox 2602 1888 2853 1955; x_wconf 82' lang='grc' dir='ltr'>ἀλγεινὸν</span> <span class='ocrx_word' id='word_1_303' title='bbox 2897 1888 3281 1944; x_wconf 78' lang='grc' dir='ltr'>συστέλλονται</span> <span class='ocrx_word' id='word_1_304' title='bbox 3309 1887 3411 1956; x_wconf 82' lang='grc' dir='ltr'>τῆς</span> <span class='ocrx_word' id='word_1_305' title='bbox 3458 1885 3680 1957; x_wconf 78' lang='grc' dir='ltr'>πληγῆς,</span> 
     </span>
    </p>
   </div>
   <div class='ocr_carea' id='block_1_51' title="bbox 2113 1976 3686 2053">
    <p class='ocr_par' dir='ltr' id='par_1_51' title="bbox 2113 1976 3686 2053">
     <span class='ocr_line' id='line_1_51' title="bbox 2113 1976 3686 2053; baseline -0.004 -19"><span class='ocrx_word' id='word_1_306' title='bbox 2113 1981 2230 2034; x_wconf 84' lang='grc' dir='ltr'>ἀλλ’</span> <span class='ocrx_word' id='word_1_307' title='bbox 2288 1982 2454 2052; x_wconf 83' lang='grc' dir='ltr'>ὁμόσε</span> <span class='ocrx_word' id='word_1_308' title='bbox 2537 1979 2778 2053; x_wconf 85' lang='grc' dir='ltr'>χωροῦσι</span> <span class='ocrx_word' id='word_1_309' title='bbox 2849 1981 2962 2045; x_wconf 87' lang='grc' dir='ltr'>τοῖς</span> <span class='ocrx_word' id='word_1_310' title='bbox 3017 1979 3376 2042; x_wconf 82' lang='grc' dir='ltr'>ἀντιπάλοις,</span> <span class='ocrx_word' id='word_1_311' title='bbox 3435 1976 3686 2045; x_wconf 66' lang='grc' dir='ltr'>ἐπιθυμία</span> 
     </span>
    </p>
   </div>
   <div class='ocr_carea' id='block_1_52' title="bbox 2115 2071 3686 2148">
    <p class='ocr_par' dir='ltr' id='par_1_52' title="bbox 2115 2071 3686 2148">
     <span class='ocr_line' id='line_1_52' title="bbox 2115 2071 3686 2148; baseline -0.003 -20"><span class='ocrx_word' id='word_1_312' title='bbox 2115 2074 2182 2146; x_wconf 73' lang='grc' dir='ltr'><strong>[Ῑ.</strong></span> <span class='ocrx_word' id='word_1_313' title='bbox 2209 2074 2514 2144; x_wconf 73' lang='grc' dir='ltr'>ἐπιθυμίαν</span> <span class='ocrx_word' id='word_1_314' title='bbox 2547 2073 2630 2148; x_wconf 77' lang='grc' dir='ltr'><strong>δὲ]</strong></span> <span class='ocrx_word' id='word_1_315' title='bbox 2667 2075 2768 2145; x_wconf 80' lang='grc' dir='ltr'>τὴν</span> <span class='ocrx_word' id='word_1_316' title='bbox 2824 2077 2926 2146; x_wconf 81' lang='grc' dir='ltr'>τῆς</span> <span class='ocrx_word' id='word_1_317' title='bbox 2972 2074 3334 2146; x_wconf 77' lang='grc' dir='ltr'>ἀναρρήσεως</span> <span class='ocrx_word' id='word_1_318' title='bbox 3383 2071 3497 2125; x_wconf 86' lang='grc' dir='ltr'><strong>τῶν</strong></span> <span class='ocrx_word' id='word_1_319' title='bbox 3552 2086 3686 2138; x_wconf 81' lang='grc' dir='ltr'>παρ·</span> 
     </span>
    </p>
   </div>
   <div class='ocr_carea' id='block_1_53' title="bbox 2119 2167 2984 2240">
    <p class='ocr_par' dir='ltr' id='par_1_53' title="bbox 2119 2167 2984 2240">
     <span class='ocr_line' id='line_1_53' title="bbox 2119 2167 2984 2240; baseline 0.007 -20"><span class='ocrx_word' id='word_1_320' title='bbox 2119 2167 2548 2222; x_wconf 78' lang='grc' dir='ltr'>αυτίκαπάντων</span> <span class='ocrx_word' id='word_1_321' title='bbox 2578 2168 2984 2240; x_wconf 78' lang='grc' dir='ltr'>ὑπερορῶντες.</span> 
     </span>
    </p>
   </div>
   <div class='ocr_carea' id='block_1_54' title="bbox 2183 2253 3686 2332">
    <p class='ocr_par' dir='ltr' id='par_1_54' title="bbox 2183 2253 3686 2332">
     <span class='ocr_line' id='line_1_54' title="bbox 2183 2253 3686 2332; baseline -0.004 -18"><span class='ocrx_word' id='word_1_322' title='bbox 2183 2261 2430 2332; x_wconf 84' lang='grc' dir='ltr'>Λυθῆναι</span> <span class='ocrx_word' id='word_1_323' title='bbox 2474 2262 2558 2315; x_wconf 84' lang='grc' dir='ltr'><strong>δεῖ</strong></span> <span class='ocrx_word' id='word_1_324' title='bbox 2611 2261 2722 2316; x_wconf 87' lang='grc' dir='ltr'><strong>τῶν</strong></span> <span class='ocrx_word' id='word_1_325' title='bbox 2763 2261 2980 2332; x_wconf 80' lang='grc' dir='ltr'>δεσμῶν</span> <span class='ocrx_word' id='word_1_326' title='bbox 3031 2261 3129 2331; x_wconf 82' lang='grc' dir='ltr'>τῆς</span> <span class='ocrx_word' id='word_1_327' title='bbox 3163 2257 3542 2332; x_wconf 82' lang='grc' dir='ltr'>προσπαθείας</span> <span class='ocrx_word' id='word_1_328' title='bbox 3603 2253 3686 2309; x_wconf 82' lang='grc' dir='ltr'><strong>τοῦ</strong></span> 
     </span>
    </p>
   </div>
   <div class='ocr_carea' id='block_1_55' title="bbox 2114 2352 3683 2426">
    <p class='ocr_par' dir='ltr' id='par_1_55' title="bbox 2114 2352 3683 2426">
     <span class='ocr_line' id='line_1_55' title="bbox 2114 2352 3683 2426; baseline -0.004 -17"><span class='ocrx_word' id='word_1_329' title='bbox 2114 2353 2232 2422; x_wconf 78' lang='grc' dir='ltr'>βίου</span> <span class='ocrx_word' id='word_1_330' title='bbox 2278 2355 2372 2409; x_wconf 83' lang='grc' dir='ltr'>τδν</span> <span class='ocrx_word' id='word_1_331' title='bbox 2415 2355 2687 2426; x_wconf 82' lang='grc' dir='ltr'>ἀληθινῶς</span> <span class='ocrx_word' id='word_1_332' title='bbox 2717 2355 2942 2426; x_wconf 74' lang='grc' dir='ltr'>τῷΘεῷ</span> <span class='ocrx_word' id='word_1_333' title='bbox 2971 2355 3342 2426; x_wconf 79' lang='grc' dir='ltr'>ἀκολουθῆναι</span> <span class='ocrx_word' id='word_1_334' title='bbox 3388 2352 3683 2423; x_wconf 77' lang='grc' dir='ltr'>μέλλοντα·</span> 
     </span>
    </p>
   </div>
   <div class='ocr_carea' id='block_1_56' title="bbox 2113 2442 3688 2516">
    <p class='ocr_par' dir='ltr' id='par_1_56' title="bbox 2113 2442 3688 2516">
     <span class='ocr_line' id='line_1_56' title="bbox 2113 2442 3688 2516; baseline -0.004 -16"><span class='ocrx_word' id='word_1_335' title='bbox 2113 2445 2271 2500; x_wconf 78' lang='grc' dir='ltr'>τοῦτο</span> <span class='ocrx_word' id='word_1_336' title='bbox 2321 2446 2379 2500; x_wconf 74' lang='grc' dir='ltr'><strong>δὲ</strong></span> <span class='ocrx_word' id='word_1_337' title='bbox 2431 2445 2522 2501; x_wconf 83' lang='grc' dir='ltr'><strong>διὰ</strong></span> <span class='ocrx_word' id='word_1_338' title='bbox 2571 2445 2872 2510; x_wconf 77' lang='grc' dir='ltr'>παντελοῦς</span> <span class='ocrx_word' id='word_1_339' title='bbox 2919 2446 3323 2516; x_wconf 80' lang='grc' dir='ltr'>ἀναχωρήσεως</span> <span class='ocrx_word' id='word_1_340' title='bbox 3373 2444 3474 2498; x_wconf 78' lang='grc' dir='ltr'>καὶ</span> <span class='ocrx_word' id='word_1_341' title='bbox 3527 2442 3688 2512; x_wconf 69' lang='grc' dir='ltr'>λήθης</span> 
     </span>
    </p>
   </div>
   <div class='ocr_carea' id='block_1_57' title="bbox 2110 2537 3691 2612">
    <p class='ocr_par' dir='ltr' id='par_1_57' title="bbox 2110 2537 3691 2612">
     <span class='ocr_line' id='line_1_57' title="bbox 2110 2537 3691 2612; baseline -0.003 -18"><span class='ocrx_word' id='word_1_342' title='bbox 2110 2540 2221 2594; x_wconf 87' lang='grc' dir='ltr'><strong>τῶν</strong></span> <span class='ocrx_word' id='word_1_343' title='bbox 2262 2539 2509 2594; x_wconf 88' lang='grc' dir='ltr'>παλαιῶν</span> <span class='ocrx_word' id='word_1_344' title='bbox 2557 2541 2708 2611; x_wconf 79' lang='grc' dir='ltr'>ἠθῶν</span> <span class='ocrx_word' id='word_1_345' title='bbox 2741 2539 3108 2612; x_wconf 70' lang='grc' dir='ltr'>κατορθοῦται</span> <span class='ocrx_word' id='word_1_346' title='bbox 3133 2557 3146 2571; x_wconf 88' lang='grc'>·</span> <span class='ocrx_word' id='word_1_347' title='bbox 3193 2541 3271 2604; x_wconf 83' lang='grc' dir='ltr'><strong>ὡς</strong></span> <span class='ocrx_word' id='word_1_348' title='bbox 3305 2541 3353 2593; x_wconf 78' lang='grc' dir='ltr'>εὶ</span> <span class='ocrx_word' id='word_1_349' title='bbox 3389 2539 3468 2610; x_wconf 77' lang='grc' dir='ltr'>μὴ</span> <span class='ocrx_word' id='word_1_350' title='bbox 3504 2537 3691 2602; x_wconf 79' lang='grc' dir='ltr'>ἀποξεο</span> 
     </span>
    </p>
   </div>
   <div class='ocr_carea' id='block_1_58' title="bbox 2114 2629 3688 2702">
    <p class='ocr_par' dir='ltr' id='par_1_58' title="bbox 2114 2629 3688 2702">
     <span class='ocr_line' id='line_1_58' title="bbox 2114 2629 3688 2702; baseline -0.001 -19"><span class='ocrx_word' id='word_1_351' title='bbox 2114 2630 2393 2702; x_wconf 84' lang='grc' dir='ltr'>νὼσαιμεν</span> <span class='ocrx_word' id='word_1_352' title='bbox 2440 2633 2673 2696; x_wconf 81' lang='grc' dir='ltr'>ἑαυτοὺς</span> <span class='ocrx_word' id='word_1_353' title='bbox 2711 2633 2807 2686; x_wconf 73' lang='grc' dir='ltr'><strong>καὶ</strong></span> <span class='ocrx_word' id='word_1_354' title='bbox 2859 2633 3185 2700; x_wconf 75' lang='grc' dir='ltr'>συγγενείας</span> <span class='ocrx_word' id='word_1_355' title='bbox 3235 2629 3560 2702; x_wconf 83' lang='grc' dir='ltr'>σαρκικῆς,</span> <span class='ocrx_word' id='word_1_356' title='bbox 3605 2630 3688 2682; x_wconf 76' lang='grc' dir='ltr'>καὶ</span> 
     </span>
    </p>
   </div>
   <div class='ocr_carea' id='block_1_59' title="bbox 2111 2723 3688 2796">
    <p class='ocr_par' dir='ltr' id='par_1_59' title="bbox 2111 2723 3688 2796">
     <span class='ocr_line' id='line_1_59' title="bbox 2111 2723 3688 2796; baseline -0.001 -18"><span class='ocrx_word' id='word_1_357' title='bbox 2111 2724 2406 2788; x_wconf 75' lang='grc' dir='ltr'>κοινωνίας</span> <span class='ocrx_word' id='word_1_358' title='bbox 2440 2725 2579 2796; x_wconf 77' lang='grc' dir='ltr'>βίου,</span> <span class='ocrx_word' id='word_1_359' title='bbox 2611 2726 2776 2779; x_wconf 72' lang='grc' dir='ltr'>οἱονεὶ</span> <span class='ocrx_word' id='word_1_360' title='bbox 2827 2725 2966 2795; x_wconf 80' lang='grc' dir='ltr'>πρὸς</span> <span class='ocrx_word' id='word_1_361' title='bbox 3004 2724 3195 2795; x_wconf 75' lang='grc' dir='ltr'>ἕτερον</span> <span class='ocrx_word' id='word_1_362' title='bbox 3231 2725 3440 2794; x_wconf 80' lang='grc' dir='ltr'>κόσμον</span> <span class='ocrx_word' id='word_1_363' title='bbox 3473 2723 3563 2776; x_wconf 82' lang='grc' dir='ltr'><strong>διὰ</strong></span> <span class='ocrx_word' id='word_1_364' title='bbox 3597 2723 3688 2790; x_wconf 74' lang='grc' dir='ltr'>τῆς</span> 
     </span>
    </p>
   </div>
   <div class='ocr_carea' id='block_1_60' title="bbox 2114 2810 3686 2888">
    <p class='ocr_par' dir='ltr' id='par_1_60' title="bbox 2114 2810 3686 2888">
     <span class='ocr_line' id='line_1_60' title="bbox 2114 2810 3686 2888; baseline -0.003 -19"><span class='ocrx_word' id='word_1_365' title='bbox 2114 2815 2404 2888; x_wconf 78' lang='grc' dir='ltr'>ἀσκήσεως</span> <span class='ocrx_word' id='word_1_366' title='bbox 2438 2815 2801 2884; x_wconf 76' lang='grc' dir='ltr'>μεταϐάντες,</span> <span class='ocrx_word' id='word_1_367' title='bbox 2839 2816 2985 2870; x_wconf 82' lang='grc' dir='ltr'><strong>κατά</strong></span> <span class='ocrx_word' id='word_1_368' title='bbox 3033 2817 3125 2870; x_wconf 80' lang='grc' dir='ltr'><strong>τδν</strong></span> <span class='ocrx_word' id='word_1_369' title='bbox 3156 2815 3409 2876; x_wconf 73' lang='grc' dir='ltr'>εἰπόντα,</span> <span class='ocrx_word' id='word_1_370' title='bbox 3438 2833 3457 2866; x_wconf 76' lang='grc' dir='ltr'><strong>ι</strong></span> <span class='ocrx_word' id='word_1_371' title='bbox 3501 2810 3686 2884; x_wconf 82' lang='grc' dir='ltr'>Ἦμῶν</span> 
     </span>
    </p>
   </div>
   <div class='ocr_carea' id='block_1_61' title="bbox 2113 2905 3692 2981">
    <p class='ocr_par' dir='ltr' id='par_1_61' title="bbox 2113 2905 3692 2981">
     <span class='ocr_line' id='line_1_61' title="bbox 2113 2905 3692 2981; baseline -0.004 -19"><span class='ocrx_word' id='word_1_372' title='bbox 2113 2907 2172 2962; x_wconf 73' lang='grc' dir='ltr'><strong>δὲ</strong></span> <span class='ocrx_word' id='word_1_373' title='bbox 2204 2909 2265 2962; x_wconf 66' lang='grc' dir='ltr'><strong>τὸ</strong></span> <span class='ocrx_word' id='word_1_374' title='bbox 2296 2909 2600 2981; x_wconf 82' lang='grc' dir='ltr'>πολίτευμα</span> <span class='ocrx_word' id='word_1_375' title='bbox 2648 2912 2704 2963; x_wconf 79' lang='grc' dir='ltr'>ὲν</span> <span class='ocrx_word' id='word_1_376' title='bbox 2743 2909 3002 2980; x_wconf 73' lang='grc' dir='ltr'>οὐρανοῖς</span> <span class='ocrx_word' id='word_1_377' title='bbox 3053 2905 3316 2978; x_wconf 77' lang='grc' dir='ltr'>ὕπάρχει,</span> <span class='ocrx_word' id='word_1_378' title='bbox 3359 2926 3379 2959; x_wconf 74' lang='grc' dir='ltr'><strong>ι</strong></span> <span class='ocrx_word' id='word_1_379' title='bbox 3416 2906 3692 2977; x_wconf 73' lang='grc' dir='ltr'>ἀμήχανον</span> 
     </span>
    </p>
   </div>
   <div class='ocr_carea' id='block_1_62' title="bbox 2117 2998 3691 3073">
    <p class='ocr_par' dir='ltr' id='par_1_62' title="bbox 2117 2998 3691 3073">
     <span class='ocr_line' id='line_1_62' title="bbox 2117 2998 3691 3073; baseline -0.004 -17"><span class='ocrx_word' id='word_1_380' title='bbox 2117 3001 2267 3070; x_wconf 75' lang='grc' dir='ltr'>ἡμᾶς</span> <span class='ocrx_word' id='word_1_381' title='bbox 2303 3001 2810 3073; x_wconf 79' lang='grc' dir='ltr'>περιγενέσθαιτοῦ</span> <span class='ocrx_word' id='word_1_382' title='bbox 2840 3001 3046 3056; x_wconf 85' lang='grc' dir='ltr'>σκοποῦ</span> <span class='ocrx_word' id='word_1_383' title='bbox 3087 3003 3184 3071; x_wconf 86' lang='grc' dir='ltr'>τῆς</span> <span class='ocrx_word' id='word_1_384' title='bbox 3230 3001 3365 3069; x_wconf 67' lang='grc' dir='ltr'>πρὶς</span> <span class='ocrx_word' id='word_1_385' title='bbox 3411 2999 3549 3052; x_wconf 67' lang='grc' dir='ltr'>Θεὶν</span> <span class='ocrx_word' id='word_1_386' title='bbox 3577 2998 3691 3050; x_wconf 56' lang='lat' dir='ltr'><strong>eta-</strong></span> 
     </span>
    </p>
   </div>
   <div class='ocr_carea' id='block_1_63' title="bbox 2512 3093 3690 3166">
    <p class='ocr_par' dir='ltr' id='par_1_63' title="bbox 2512 3093 3690 3166">
     <span class='ocr_line' id='line_1_63' title="bbox 2512 3093 3690 3166; baseline -0.006 -18"><span class='ocrx_word' id='word_1_387' title='bbox 2512 3095 2606 3148; x_wconf 87' lang='grc' dir='ltr'><strong>τοῦ</strong></span> <span class='ocrx_word' id='word_1_388' title='bbox 2660 3094 2868 3165; x_wconf 74' lang='grc' dir='ltr'>Κυρίου</span> <span class='ocrx_word' id='word_1_389' title='bbox 2933 3094 3231 3166; x_wconf 84' lang='grc' dir='ltr'>ὁριστικῶς</span> <span class='ocrx_word' id='word_1_390' title='bbox 3285 3095 3562 3157; x_wconf 78' lang='grc' dir='ltr'>εἰπόντος,</span> <span class='ocrx_word' id='word_1_391' title='bbox 3617 3093 3690 3143; x_wconf 78' lang='grc' dir='ltr'>ὅτι</span> 
     </span>
    </p>
   </div>
   <div class='ocr_carea' id='block_1_64' title="bbox 417 3153 2009 3258">
    <p class='ocr_par' dir='ltr' id='par_1_64' title="bbox 417 3162 2005 3230">
     <span class='ocr_line' id='line_1_64' title="bbox 417 3162 2005 3230; baseline 0.004 -14"><span class='ocrx_word' id='word_1_392' title='bbox 417 3163 598 3230; x_wconf 78' lang='lat' dir='ltr'><strong>candi,</strong></span> <span class='ocrx_word' id='word_1_393' title='bbox 641 3162 1171 3230; x_wconf 68' lang='lat' dir='ltr'><strong>attingamusmum</strong></span> <span class='ocrx_word' id='word_1_394' title='bbox 1228 3164 1493 3221; x_wconf 89' lang='lat' dir='ltr'><strong>Dominus</strong></span> <span class='ocrx_word' id='word_1_395' title='bbox 1558 3165 1780 3220; x_wconf 86' lang='lat' dir='ltr'><strong>definite</strong></span> <span class='ocrx_word' id='word_1_396' title='bbox 1847 3167 2005 3222; x_wconf 80' lang='lat' dir='ltr'><strong>dixe-</strong></span> 
     </span>
    </p>
   </div>
   <div class='ocr_carea' id='block_1_65' title="bbox 2128 3153 3689 3258">
    <p class='ocr_par' dir='ltr' id='par_1_65' title="bbox 2128 3153 3689 3258">
     <span class='ocr_line' id='line_1_65' title="bbox 2128 3153 3689 3258; baseline -0.003 -20"><span class='ocrx_word' id='word_1_397' title='bbox 2128 3153 2139 3238; x_wconf 63' lang='grc' dir='ltr'><strong>ὲ</strong></span> <span class='ocrx_word' id='word_1_398' title='bbox 2188 3153 2304 3250; x_wconf 73' lang='grc' dir='ltr'><strong>Πᾶς</strong></span> <span class='ocrx_word' id='word_1_399' title='bbox 2362 3153 2430 3252; x_wconf 62' lang='grc' dir='ltr'><strong>ἐξ⁷</strong></span> <span class='ocrx_word' id='word_1_400' title='bbox 2475 3186 2654 3258; x_wconf 85' lang='grc' dir='ltr'>ὑμῶν,</span> <span class='ocrx_word' id='word_1_401' title='bbox 2715 3153 2774 3249; x_wconf 64' lang='grc' dir='ltr'><strong>δὲ</strong></span> <span class='ocrx_word' id='word_1_402' title='bbox 2822 3187 2923 3241; x_wconf 82' lang='grc' dir='ltr'>οὐκ</span> <span class='ocrx_word' id='word_1_403' title='bbox 2963 3153 3336 3242; x_wconf 73' lang='grc' dir='ltr'>ἀποτάσσεται</span> <span class='ocrx_word' id='word_1_404' title='bbox 3383 3187 3501 3249; x_wconf 85' lang='grc' dir='ltr'>τοῖς</span> <span class='ocrx_word' id='word_1_405' title='bbox 3523 3153 3689 3238; x_wconf 71' lang='grc' dir='ltr'>αὑτοῦ</span> 
     </span>
    </p>
   </div>
   <div class='ocr_carea' id='block_1_66' title="bbox 419 3251 2007 3324">
    <p class='ocr_par' dir='ltr' id='par_1_66' title="bbox 419 3251 2007 3324">
     <span class='ocr_line' id='line_1_66' title="bbox 419 3251 2007 3324; baseline 0.004 -19"><span class='ocrx_word' id='word_1_406' title='bbox 419 3252 492 3305; x_wconf 84' lang='lat' dir='ltr'><strong>rit</strong></span> <span class='ocrx_word' id='word_1_407' title='bbox 525 3268 540 3304; x_wconf 88' lang='lat'><strong>:</strong></span> <span class='ocrx_word' id='word_1_408' title='bbox 574 3269 592 3301; x_wconf 77' lang='grc' dir='ltr'><strong>ι</strong></span> <span class='ocrx_word' id='word_1_409' title='bbox 633 3251 958 3320; x_wconf 78' lang='lat' dir='ltr'><strong>Quicunque</strong></span> <span class='ocrx_word' id='word_1_410' title='bbox 999 3266 1062 3306; x_wconf 80' lang='lat' dir='ltr'><strong>ex</strong></span> <span class='ocrx_word' id='word_1_411' title='bbox 1116 3252 1273 3307; x_wconf 89' lang='lat' dir='ltr'><strong>vobis</strong></span> <span class='ocrx_word' id='word_1_412' title='bbox 1301 3269 1408 3308; x_wconf 90' lang='lat' dir='ltr'><strong>non</strong></span> <span class='ocrx_word' id='word_1_413' title='bbox 1440 3255 1623 3309; x_wconf 84' lang='lat' dir='ltr'><strong>valere</strong></span> <span class='ocrx_word' id='word_1_414' title='bbox 1645 3255 1799 3324; x_wconf 87' lang='lat' dir='ltr'><strong>jubet</strong></span> <span class='ocrx_word' id='word_1_415' title='bbox 1823 3256 2007 3311; x_wconf 90' lang='lat' dir='ltr'><strong>omnia</strong></span> 
     </span>
    </p>
   </div>
   <div class='ocr_carea' id='block_1_67' title="bbox 419 3342 1630 3416">
    <p class='ocr_par' dir='ltr' id='par_1_67' title="bbox 419 3342 1630 3416">
     <span class='ocr_line' id='line_1_67' title="bbox 419 3342 1630 3416; baseline 0.001 -18"><span class='ocrx_word' id='word_1_416' title='bbox 419 3357 539 3404; x_wconf 87' lang='lat' dir='ltr'><strong>sua,</strong></span> <span class='ocrx_word' id='word_1_417' title='bbox 569 3356 678 3397; x_wconf 92' lang='lat' dir='ltr'><strong>non</strong></span> <span class='ocrx_word' id='word_1_418' title='bbox 711 3350 891 3412; x_wconf 77' lang='lat' dir='ltr'><strong>potest</strong></span> <span class='ocrx_word' id='word_1_419' title='bbox 919 3358 1042 3399; x_wconf 85' lang='lat' dir='ltr'><strong>esse</strong></span> <span class='ocrx_word' id='word_1_420' title='bbox 1065 3342 1372 3416; x_wconf 79' lang='lat' dir='ltr'><strong>discipulus</strong></span> <span class='ocrx_word' id='word_1_421' title='bbox 1397 3361 1572 3401; x_wconf 89' lang='lat' dir='ltr'><strong>mens.</strong></span> <span class='ocrx_word' id='word_1_422' title='bbox 1611 3364 1630 3399; x_wconf 73' lang='grc' dir='ltr'><strong>ι</strong></span> 
     </span>
    </p>
   </div>
   <div class='ocr_carea' id='block_1_68' title="bbox 493 3433 2010 3505">
    <p class='ocr_par' dir='ltr' id='par_1_68' title="bbox 493 3433 2010 3505">
     <span class='ocr_line' id='line_1_68' title="bbox 493 3433 2010 3505; baseline 0.007 -17"><span class='ocrx_word' id='word_1_423' title='bbox 493 3433 591 3490; x_wconf 85' lang='lat' dir='ltr'><strong>Est</strong></span> <span class='ocrx_word' id='word_1_424' title='bbox 623 3443 804 3490; x_wconf 70' lang='lat' dir='ltr'><strong>autem</strong></span> <span class='ocrx_word' id='word_1_425' title='bbox 839 3443 1115 3505; x_wconf 87' lang='lat' dir='ltr'><strong>postrema</strong></span> <span class='ocrx_word' id='word_1_426' title='bbox 1155 3437 1415 3494; x_wconf 80' lang='lat' dir='ltr'><strong>salutatio</strong></span> <span class='ocrx_word' id='word_1_427' title='bbox 1450 3440 1716 3494; x_wconf 85' lang='lat' dir='ltr'><strong>bonorum</strong></span> <span class='ocrx_word' id='word_1_428' title='bbox 1754 3457 1783 3494; x_wconf 89' lang='lat' dir='ltr'><strong>e</strong></span> <span class='ocrx_word' id='word_1_429' title='bbox 1843 3443 2010 3498; x_wconf 89' lang='lat' dir='ltr'><strong>corde</strong></span> 
     </span>
    </p>
   </div>
   <div class='ocr_carea' id='block_1_69' title="bbox 417 3527 2008 3602">
    <p class='ocr_par' dir='ltr' id='par_1_69' title="bbox 417 3527 2008 3602">
     <span class='ocr_line' id='line_1_69' title="bbox 417 3527 2008 3602; baseline 0.004 -22"><span class='ocrx_word' id='word_1_430' title='bbox 417 3527 684 3598; x_wconf 84' lang='lat' dir='ltr'><strong>profecta,</strong></span> <span class='ocrx_word' id='word_1_431' title='bbox 712 3542 837 3583; x_wconf 91' lang='lat' dir='ltr'><strong>cum</strong></span> <span class='ocrx_word' id='word_1_432' title='bbox 871 3529 937 3582; x_wconf 90' lang='lat' dir='ltr'><strong>ad</strong></span> <span class='ocrx_word' id='word_1_433' title='bbox 1001 3528 1279 3586; x_wconf 72' lang='lat' dir='ltr'><strong>crelestem</strong></span> <span class='ocrx_word' id='word_1_434' title='bbox 1330 3531 1495 3602; x_wconf 75' lang='lat'><strong>1.88</strong></span> <span class='ocrx_word' id='word_1_435' title='bbox 1535 3533 2008 3590; x_wconf 81' lang='lat' dir='ltr'><strong>conversationem</strong></span> 
     </span>
    </p>
   </div>
   <div class='ocr_carea' id='block_1_70' title="bbox 419 3618 1454 3677">
    <p class='ocr_par' dir='ltr' id='par_1_70' title="bbox 419 3618 1454 3677">
     <span class='ocr_line' id='line_1_70' title="bbox 419 3618 1454 3677; baseline 0.003 -3"><span class='ocrx_word' id='word_1_436' title='bbox 419 3629 476 3674; x_wconf 88' lang='lat' dir='ltr'><strong>et</strong></span> <span class='ocrx_word' id='word_1_437' title='bbox 505 3618 1040 3675; x_wconf 79' lang='lat' dir='ltr'><strong>administrationem</strong></span> <span class='ocrx_word' id='word_1_438' title='bbox 1069 3635 1128 3676; x_wconf 88' lang='lat' dir='ltr'><strong>se</strong></span> <span class='ocrx_word' id='word_1_439' title='bbox 1159 3623 1454 3677; x_wconf 87' lang='lat' dir='ltr'><strong>convertit.</strong></span> 
     </span>
    </p>
   </div>
   <div class='ocr_carea' id='block_1_71' title="bbox 492 3711 2009 3788">
    <p class='ocr_par' dir='ltr' id='par_1_71' title="bbox 492 3711 2009 3788">
     <span class='ocr_line' id='line_1_71' title="bbox 492 3711 2009 3788; baseline 0.006 -23"><span class='ocrx_word' id='word_1_440' title='bbox 492 3711 898 3767; x_wconf 89' lang='lat' dir='ltr'><strong>Continentiam</strong></span> <span class='ocrx_word' id='word_1_441' title='bbox 924 3711 1161 3768; x_wconf 85' lang='lat' dir='ltr'><strong>dicimus</strong></span> <span class='ocrx_word' id='word_1_442' title='bbox 1183 3729 1296 3768; x_wconf 88' lang='lat' dir='ltr'><strong>non</strong></span> <span class='ocrx_word' id='word_1_443' title='bbox 1333 3715 1560 3771; x_wconf 88' lang='lat' dir='ltr'><strong>omnino</strong></span> <span class='ocrx_word' id='word_1_444' title='bbox 1592 3719 1772 3774; x_wconf 89' lang='lat' dir='ltr'><strong>omnis</strong></span> <span class='ocrx_word' id='word_1_445' title='bbox 1793 3719 2009 3788; x_wconf 77' lang='lat' dir='ltr'><strong>generis</strong></span> 
     </span>
    </p>
   </div>
   <div class='ocr_carea' id='block_1_72' title="bbox 421 3801 2008 3875">
    <p class='ocr_par' dir='ltr' id='par_1_72' title="bbox 421 3801 2008 3875">
     <span class='ocr_line' id='line_1_72' title="bbox 421 3801 2008 3875; baseline 0.004 -18"><span class='ocrx_word' id='word_1_446' title='bbox 421 3801 671 3858; x_wconf 83' lang='lat' dir='ltr'><strong>ciborum</strong></span> <span class='ocrx_word' id='word_1_447' title='bbox 734 3801 1122 3858; x_wconf 81' lang='lat' dir='ltr'><strong>abstinentiam</strong></span> <span class='ocrx_word' id='word_1_448' title='bbox 1179 3805 1320 3875; x_wconf 77' lang='lat' dir='ltr'><strong>(haec</strong></span> <span class='ocrx_word' id='word_1_449' title='bbox 1364 3805 1507 3860; x_wconf 90' lang='lat' dir='ltr'><strong>enim</strong></span> <span class='ocrx_word' id='word_1_450' title='bbox 1539 3816 1623 3862; x_wconf 87' lang='lat' dir='ltr'><strong>est</strong></span> <span class='ocrx_word' id='word_1_451' title='bbox 1658 3809 1892 3864; x_wconf 86' lang='lat' dir='ltr'><strong>violenta</strong></span> <span class='ocrx_word' id='word_1_452' title='bbox 1926 3810 2008 3864; x_wconf 81' lang='lat' dir='ltr'><strong>vi-</strong></span> 
     </span>
    </p>
   </div>
   <div class='ocr_carea' id='block_1_73' title="bbox 419 3891 2006 3972">
    <p class='ocr_par' dir='ltr' id='par_1_73' title="bbox 419 3891 2006 3972">
     <span class='ocr_line' id='line_1_73' title="bbox 419 3891 2006 3972; baseline 0.006 -23"><span class='ocrx_word' id='word_1_453' title='bbox 419 3891 486 3949; x_wconf 73' lang='lat' dir='ltr'><strong>tae</strong></span> <span class='ocrx_word' id='word_1_454' title='bbox 509 3893 842 3967; x_wconf 87' lang='lat' dir='ltr'><strong>dissolutio),</strong></span> <span class='ocrx_word' id='word_1_455' title='bbox 868 3896 962 3952; x_wconf 86' lang='lat' dir='ltr'><strong>sed</strong></span> <span class='ocrx_word' id='word_1_456' title='bbox 983 3913 1105 3952; x_wconf 90' lang='lat' dir='ltr'><strong>eam</strong></span> <span class='ocrx_word' id='word_1_457' title='bbox 1126 3899 1391 3954; x_wconf 82' lang='lat' dir='ltr'><strong>duntaxat</strong></span> <span class='ocrx_word' id='word_1_458' title='bbox 1411 3915 1532 3970; x_wconf 76' lang='lat' dir='ltr'><strong>qua:</strong></span> <span class='ocrx_word' id='word_1_459' title='bbox 1560 3903 1816 3972; x_wconf 79' lang='lat' dir='ltr'><strong>puritatis</strong></span> <span class='ocrx_word' id='word_1_460' title='bbox 1839 3919 2006 3960; x_wconf 76' lang='lat' dir='ltr'><strong>causa</strong></span> 
     </span>
    </p>
   </div>
   <div class='ocr_carea' id='block_1_74' title="bbox 419 3985 1137 4056">
    <p class='ocr_par' dir='ltr' id='par_1_74' title="bbox 419 3985 1137 4056">
     <span class='ocr_line' id='line_1_74' title="bbox 419 3985 1137 4056; baseline 0.001 -16"><span class='ocrx_word' id='word_1_461' title='bbox 419 3985 742 4056; x_wconf 64' lang='lat' dir='ltr'><strong>suscipitur.</strong></span> <span class='ocrx_word' id='word_1_462' title='bbox 1121 4034 1137 4054; x_wconf 83' lang='grc'><strong>,</strong></span> 
     </span>
    </p>
   </div>
   <div class='ocr_carea' id='block_1_75' title="bbox 488 4075 2006 4148">
    <p class='ocr_par' dir='ltr' id='par_1_75' title="bbox 488 4075 2006 4148">
     <span class='ocr_line' id='line_1_75' title="bbox 488 4075 2006 4148; baseline 0.009 -18"><span class='ocrx_word' id='word_1_463' title='bbox 488 4075 838 4134; x_wconf 90' lang='lat' dir='ltr'><strong>Continentia</strong></span> <span class='ocrx_word' id='word_1_464' title='bbox 869 4087 954 4134; x_wconf 88' lang='lat' dir='ltr'><strong>est</strong></span> <span class='ocrx_word' id='word_1_465' title='bbox 990 4080 1197 4146; x_wconf 86' lang='lat' dir='ltr'><strong>peccati</strong></span> <span class='ocrx_word' id='word_1_466' title='bbox 1255 4081 1539 4148; x_wconf 78' lang='lat' dir='ltr'><strong>detractio,</strong></span> <span class='ocrx_word' id='word_1_467' title='bbox 1597 4085 1668 4140; x_wconf 86' lang='lat' dir='ltr'><strong>ab</strong></span> <span class='ocrx_word' id='word_1_468' title='bbox 1722 4085 2006 4144; x_wconf 77' lang='lat' dir='ltr'><strong>aﬂeetibus</strong></span> 
     </span>
    </p>
   </div>
   <div class='ocr_carea' id='block_1_76' title="bbox 418 4157 2007 4248">
    <p class='ocr_par' dir='ltr' id='par_1_76' title="bbox 418 4157 2007 4248">
     <span class='ocr_line' id='line_1_76' title="bbox 418 4157 2007 4248; baseline 0.008 -24"><span class='ocrx_word' id='word_1_469' title='bbox 418 4157 774 4248; x_wconf 79' lang='lat' dir='ltr'><strong>abalienatio,</strong></span> <span class='ocrx_word' id='word_1_470' title='bbox 815 4173 1064 4241; x_wconf 86' lang='lat' dir='ltr'><strong>corporis</strong></span> <span class='ocrx_word' id='word_1_471' title='bbox 1087 4175 1384 4231; x_wconf 78' lang='lat' dir='ltr'><strong>exstinctio</strong></span> <span class='ocrx_word' id='word_1_472' title='bbox 1409 4191 1583 4248; x_wconf 86' lang='lat' dir='ltr'><strong>usque</strong></span> <span class='ocrx_word' id='word_1_473' title='bbox 1610 4178 1677 4233; x_wconf 91' lang='lat' dir='ltr'><strong>ad</strong></span> <span class='ocrx_word' id='word_1_474' title='bbox 1711 4180 2007 4248; x_wconf 87' lang='lat' dir='ltr'><strong>perturba-</strong></span> 
     </span>
    </p>
   </div>
   <div class='ocr_carea' id='block_1_77' title="bbox 419 4244 1556 4336">
    <p class='ocr_par' dir='ltr' id='par_1_77' title="bbox 419 4244 1556 4336">
     <span class='ocr_line' id='line_1_77' title="bbox 419 4244 1556 4336; baseline 0.006 -20"><span class='ocrx_word' id='word_1_475' title='bbox 419 4244 599 4317; x_wconf 63' lang='lat' dir='ltr'><strong>tio’nes</strong></span> <span class='ocrx_word' id='word_1_476' title='bbox 628 4263 790 4317; x_wconf 80' lang='lat' dir='ltr'><strong>etiam</strong></span> <span class='ocrx_word' id='word_1_477' title='bbox 816 4263 1098 4320; x_wconf 88' lang='lat' dir='ltr'><strong>naturales</strong></span> <span class='ocrx_word' id='word_1_478' title='bbox 1128 4275 1183 4320; x_wconf 90' lang='lat' dir='ltr'><strong>et</strong></span> <span class='ocrx_word' id='word_1_479' title='bbox 1205 4244 1556 4336; x_wconf 79' lang='lat' dir='ltr'><strong>cupiditates.</strong></span> 
     </span>
    </p>
   </div>
   <div class='ocr_carea' id='block_1_78' title="bbox 490 4353 2003 4428">
    <p class='ocr_par' dir='ltr' id='par_1_78' title="bbox 490 4353 2003 4428">
     <span class='ocr_line' id='line_1_78' title="bbox 490 4353 2003 4428; baseline 0.009 -20"><span class='ocrx_word' id='word_1_480' title='bbox 490 4353 809 4409; x_wconf 85' lang='lat' dir='ltr'><strong>institutum</strong></span> <span class='ocrx_word' id='word_1_481' title='bbox 837 4363 893 4410; x_wconf 85' lang='lat' dir='ltr'><strong>et</strong></span> <span class='ocrx_word' id='word_1_482' title='bbox 933 4357 1149 4426; x_wconf 84' lang='lat' dir='ltr'><strong>pietatis</strong></span> <span class='ocrx_word' id='word_1_483' title='bbox 1198 4359 1541 4428; x_wconf 90' lang='lat' dir='ltr'><strong>propositum</strong></span> <span class='ocrx_word' id='word_1_484' title='bbox 1597 4377 1706 4417; x_wconf 92' lang='lat' dir='ltr'><strong>non</strong></span> <span class='ocrx_word' id='word_1_485' title='bbox 1742 4364 2003 4421; x_wconf 85' lang='lat' dir='ltr'><strong>debemus</strong></span> 
     </span>
    </p>
   </div>
   <div class='ocr_carea' id='block_1_79' title="bbox 417 4445 2000 4526">
    <p class='ocr_par' dir='ltr' id='par_1_79' title="bbox 417 4445 2000 4526">
     <span class='ocr_line' id='line_1_79' title="bbox 417 4445 2000 4526; baseline 0.006 -26"><span class='ocrx_word' id='word_1_486' title='bbox 417 4445 736 4501; x_wconf 75' lang='lat' dir='ltr'><strong>existimare</strong></span> <span class='ocrx_word' id='word_1_487' title='bbox 773 4447 867 4502; x_wconf 91' lang='lat' dir='ltr'><strong>otii</strong></span> <span class='ocrx_word' id='word_1_488' title='bbox 893 4456 1214 4519; x_wconf 64' lang='lat' dir='ltr'><strong>pra-textum</strong></span> <span class='ocrx_word' id='word_1_489' title='bbox 1234 4449 1546 4507; x_wconf 84' lang='lat' dir='ltr'><strong>autlaboris</strong></span> <span class='ocrx_word' id='word_1_490' title='bbox 1576 4457 2000 4526; x_wconf 83' lang='lat' dir='ltr'><strong>recusationem,</strong></span> 
     </span>
    </p>
   </div>
   <div class='ocr_carea' id='block_1_80' title="bbox 418 4540 2007 4619">
    <p class='ocr_par' dir='ltr' id='par_1_80' title="bbox 418 4540 2007 4619">
     <span class='ocr_line' id='line_1_80' title="bbox 418 4540 2007 4619; baseline 0.008 -26"><span class='ocrx_word' id='word_1_491' title='bbox 418 4540 514 4619; x_wconf 81' lang='lat' dir='ltr'><strong>sed</strong></span> <span class='ocrx_word' id='word_1_492' title='bbox 538 4551 924 4611; x_wconf 76' lang='lat' dir='ltr'><strong>argumentum</strong></span> <span class='ocrx_word' id='word_1_493' title='bbox 947 4543 1271 4600; x_wconf 86' lang='lat' dir='ltr'><strong>certationis</strong></span> <span class='ocrx_word' id='word_1_494' title='bbox 1293 4552 1348 4598; x_wconf 92' lang='lat' dir='ltr'><strong>et</strong></span> <span class='ocrx_word' id='word_1_495' title='bbox 1375 4545 1613 4614; x_wconf 87' lang='lat' dir='ltr'><strong>plurium</strong></span> <span class='ocrx_word' id='word_1_496' title='bbox 1642 4547 1912 4611; x_wconf 90' lang='lat' dir='ltr'><strong>laborum.</strong></span> <span class='ocrx_word' id='word_1_497' title='bbox 1942 4565 2007 4607; x_wconf 92' lang='lat' dir='ltr'><strong>ac</strong></span> 
     </span>
    </p>
   </div>
   <div class='ocr_carea' id='block_1_81' title="bbox 421 4630 1226 4703">
    <p class='ocr_par' dir='ltr' id='par_1_81' title="bbox 421 4630 1226 4703">
     <span class='ocr_line' id='line_1_81' title="bbox 421 4630 1226 4703; baseline 0.004 -17"><span class='ocrx_word' id='word_1_498' title='bbox 421 4630 478 4686; x_wconf 86' lang='lat' dir='ltr'><strong>in</strong></span> <span class='ocrx_word' id='word_1_499' title='bbox 507 4630 898 4688; x_wconf 78' lang='lat' dir='ltr'><strong>afﬂictionibus</strong></span> <span class='ocrx_word' id='word_1_500' title='bbox 931 4633 1226 4703; x_wconf 67' lang='lat' dir='ltr'><strong>patientiae.</strong></span> 
     </span>
    </p>
   </div>
   <div class='ocr_carea' id='block_1_82' title="bbox 493 4724 2006 4799">
    <p class='ocr_par' dir='ltr' id='par_1_82' title="bbox 493 4724 2006 4799">
     <span class='ocr_line' id='line_1_82' title="bbox 493 4724 2006 4799; baseline 0.008 -21"><span class='ocrx_word' id='word_1_501' title='bbox 493 4724 575 4779; x_wconf 81' lang='lat' dir='ltr'><strong>Ad</strong></span> <span class='ocrx_word' id='word_1_502' title='bbox 613 4724 760 4780; x_wconf 88' lang='lat' dir='ltr'><strong>hunc</strong></span> <span class='ocrx_word' id='word_1_503' title='bbox 785 4725 1006 4782; x_wconf 91' lang='lat' dir='ltr'><strong>modum</strong></span> <span class='ocrx_word' id='word_1_504' title='bbox 1064 4725 1156 4781; x_wconf 87' lang='lat' dir='ltr'><strong>Dei</strong></span> <span class='ocrx_word' id='word_1_505' title='bbox 1209 4729 1470 4798; x_wconf 90' lang='lat' dir='ltr'><strong>templum</strong></span> <span class='ocrx_word' id='word_1_506' title='bbox 1529 4730 1816 4799; x_wconf 85' lang='lat' dir='ltr'><strong>eilicimur,</strong></span> <span class='ocrx_word' id='word_1_507' title='bbox 1853 4735 2006 4790; x_wconf 72' lang='lat' dir='ltr'><strong>&#39;cum</strong></span> 
     </span>
    </p>
   </div>
   <div class='ocr_carea' id='block_1_83' title="bbox 401 4816 2010 4896">
    <p class='ocr_par' dir='ltr' id='par_1_83' title="bbox 401 4816 2010 4896">
     <span class='ocr_line' id='line_1_83' title="bbox 401 4816 2010 4896; baseline 0.006 -24"><span class='ocrx_word' id='word_1_508' title='bbox 401 4816 570 4896; x_wconf 45' lang='lat' dir='ltr'><strong>.curis</strong></span> <span class='ocrx_word' id='word_1_509' title='bbox 599 4817 832 4872; x_wconf 83' lang='lat' dir='ltr'><strong>terrenis</strong></span> <span class='ocrx_word' id='word_1_510' title='bbox 865 4819 1146 4874; x_wconf 88' lang='lat' dir='ltr'><strong>contentio</strong></span> <span class='ocrx_word' id='word_1_511' title='bbox 1176 4823 1456 4877; x_wconf 74' lang='lat' dir='ltr'><strong>memoria-</strong></span> <span class='ocrx_word' id='word_1_512' title='bbox 1493 4832 1756 4894; x_wconf 83' lang='lat' dir='ltr'><strong>perpetua</strong></span> <span class='ocrx_word' id='word_1_513' title='bbox 1787 4841 1896 4880; x_wconf 90' lang='lat' dir='ltr'><strong>non</strong></span> <span class='ocrx_word' id='word_1_514' title='bbox 1929 4828 2010 4881; x_wconf 89' lang='lat' dir='ltr'><strong>in-</strong></span> 
     </span>
    </p>
   </div>
   <div class='ocr_carea' id='block_1_84' title="bbox 403 4913 2010 4987">
    <p class='ocr_par' dir='ltr' id='par_1_84' title="bbox 403 4913 2010 4987">
     <span class='ocr_line' id='line_1_84' title="bbox 403 4913 2010 4987; baseline 0.007 -25"><span class='ocrx_word' id='word_1_515' title='bbox 403 4914 805 4985; x_wconf 81' lang='lat' dir='ltr'><strong>_terrumpttur,</strong></span> <span class='ocrx_word' id='word_1_516' title='bbox 840 4925 964 4968; x_wconf 91' lang='lat' dir='ltr'><strong>cum</strong></span> <span class='ocrx_word' id='word_1_517' title='bbox 1019 4913 1598 4985; x_wconf 78' lang='lat' dir='ltr'><strong>mensinexspectatis</strong></span> <span class='ocrx_word' id='word_1_518' title='bbox 1648 4919 2010 4987; x_wconf 86' lang='lat' dir='ltr'><strong>perturbatio-</strong></span> 
     </span>
    </p>
   </div>
   <div class='ocr_carea' id='block_1_85' title="bbox 398 4997 2012 5081">
    <p class='ocr_par' dir='ltr' id='par_1_85' title="bbox 398 4997 2012 5081">
     <span class='ocr_line' id='line_1_85' title="bbox 398 4997 2012 5081; baseline 0.009 -31"><span class='ocrx_word' id='word_1_519' title='bbox 398 4997 588 5081; x_wconf 54' lang='lat' dir='ltr'><strong>{nibus</strong></span> <span class='ocrx_word' id='word_1_520' title='bbox 613 5016 718 5056; x_wconf 90' lang='lat' dir='ltr'><strong>non</strong></span> <span class='ocrx_word' id='word_1_521' title='bbox 756 5002 1010 5057; x_wconf 87' lang='lat' dir='ltr'><strong>turbatur</strong></span> <span class='ocrx_word' id='word_1_522' title='bbox 1042 5020 1056 5058; x_wconf 91' lang='lat'><strong>:</strong></span> <span class='ocrx_word' id='word_1_523' title='bbox 1091 5003 1187 5059; x_wconf 89' lang='lat' dir='ltr'><strong>sed</strong></span> <span class='ocrx_word' id='word_1_524' title='bbox 1222 5004 1340 5061; x_wconf 71' lang='lat' dir='ltr'><strong>haec</strong></span> <span class='ocrx_word' id='word_1_525' title='bbox 1387 5008 1572 5062; x_wconf 91' lang='lat' dir='ltr'><strong>omnia</strong></span> <span class='ocrx_word' id='word_1_526' title='bbox 1600 5024 1725 5064; x_wconf 90' lang='lat' dir='ltr'><strong>cum</strong></span> <span class='ocrx_word' id='word_1_527' title='bbox 1759 5009 2012 5081; x_wconf 65' lang='lat' dir='ltr'><strong>effugerit</strong></span> 
     </span>
    </p>
   </div>
   <div class='ocr_carea' id='block_1_86' title="bbox 409 5087 2011 5170">
    <p class='ocr_par' dir='ltr' id='par_1_86' title="bbox 409 5087 2011 5170">
     <span class='ocr_line' id='line_1_86' title="bbox 409 5087 2011 5170; baseline 0.007 -26"><span class='ocrx_word' id='word_1_528' title='bbox 409 5087 735 5170; x_wconf 81' lang='lat' dir='ltr'><strong>&#39;tlivinarum</strong></span> <span class='ocrx_word' id='word_1_529' title='bbox 780 5108 968 5150; x_wconf 90' lang='lat' dir='ltr'><strong>rerum</strong></span> <span class='ocrx_word' id='word_1_530' title='bbox 1015 5095 1265 5165; x_wconf 88' lang='lat' dir='ltr'><strong>cupidus,</strong></span> <span class='ocrx_word' id='word_1_531' title='bbox 1312 5098 1379 5151; x_wconf 90' lang='lat' dir='ltr'><strong>ad</strong></span> <span class='ocrx_word' id='word_1_532' title='bbox 1435 5096 1602 5153; x_wconf 92' lang='lat' dir='ltr'><strong>Deum</strong></span> <span class='ocrx_word' id='word_1_533' title='bbox 1653 5104 1829 5170; x_wconf 85' lang='lat' dir='ltr'><strong>ipsum</strong></span> <span class='ocrx_word' id='word_1_534' title='bbox 1855 5117 2011 5159; x_wconf 82' lang='lat' dir='ltr'><strong>sece-</strong></span> 
     </span>
    </p>
   </div>
   <div class='ocr_carea' id='block_1_87' title="bbox 420 5183 2010 5264">
    <p class='ocr_par' dir='ltr' id='par_1_87' title="bbox 420 5183 2010 5264">
     <span class='ocr_line' id='line_1_87' title="bbox 420 5183 2010 5264; baseline 0.008 -24"><span class='ocrx_word' id='word_1_535' title='bbox 420 5183 521 5250; x_wconf 81' lang='lat' dir='ltr'><strong>dit,</strong></span> <span class='ocrx_word' id='word_1_536' title='bbox 553 5198 618 5239; x_wconf 91' lang='lat' dir='ltr'><strong>ac</strong></span> <span class='ocrx_word' id='word_1_537' title='bbox 645 5185 919 5254; x_wconf 87' lang='lat' dir='ltr'><strong>depcllens</strong></span> <span class='ocrx_word' id='word_1_538' title='bbox 955 5206 1018 5246; x_wconf 86' lang='lat' dir='ltr'><strong>ea</strong></span> <span class='ocrx_word' id='word_1_539' title='bbox 1074 5206 1194 5260; x_wconf 78' lang='lat' dir='ltr'><strong>quae</strong></span> <span class='ocrx_word' id='word_1_540' title='bbox 1233 5192 1299 5248; x_wconf 89' lang='lat' dir='ltr'><strong>ad</strong></span> <span class='ocrx_word' id='word_1_541' title='bbox 1361 5193 1488 5249; x_wconf 84' lang='lat' dir='ltr'><strong>vitia</strong></span> <span class='ocrx_word' id='word_1_542' title='bbox 1546 5195 1795 5264; x_wconf 83' lang='lat' dir='ltr'><strong>incitant,</strong></span> <span class='ocrx_word' id='word_1_543' title='bbox 1828 5199 1882 5253; x_wconf 89' lang='lat' dir='ltr'><strong>in</strong></span> <span class='ocrx_word' id='word_1_544' title='bbox 1942 5199 2010 5253; x_wconf 88' lang='lat' dir='ltr'><strong>iis</strong></span> 
     </span>
    </p>
   </div>
   <div class='ocr_carea' id='block_1_88' title="bbox 423 5277 2005 5361">
    <p class='ocr_par' dir='ltr' id='par_1_88' title="bbox 423 5277 2005 5361">
     <span class='ocr_line' id='line_1_88' title="bbox 423 5277 2005 5361; baseline 0.006 -27"><span class='ocrx_word' id='word_1_545' title='bbox 423 5286 638 5342; x_wconf 84' lang='lat' dir='ltr'><strong>tantum</strong></span> <span class='ocrx_word' id='word_1_546' title='bbox 665 5277 987 5336; x_wconf 86' lang='lat' dir='ltr'><strong>immoratur</strong></span> <span class='ocrx_word' id='word_1_547' title='bbox 1014 5283 1206 5341; x_wconf 84' lang='lat' dir='ltr'><strong>olliciis</strong></span> <span class='ocrx_word' id='word_1_548' title='bbox 1224 5295 1277 5340; x_wconf 91' lang='lat' dir='ltr'><strong>et</strong></span> <span class='ocrx_word' id='word_1_549' title='bbox 1296 5288 1638 5356; x_wconf 90' lang='lat' dir='ltr'><strong>muneribus,</strong></span> <span class='ocrx_word' id='word_1_550' title='bbox 1655 5304 1778 5361; x_wconf 75' lang='lat' dir='ltr'><strong>qua:</strong></span> <span class='ocrx_word' id='word_1_551' title='bbox 1802 5289 1869 5344; x_wconf 87' lang='lat' dir='ltr'><strong>ad</strong></span> <span class='ocrx_word' id='word_1_552' title='bbox 1902 5291 2005 5345; x_wconf 87' lang='lat' dir='ltr'><strong>vir-</strong></span> 
     </span>
    </p>
   </div>
   <div class='ocr_carea' id='block_1_89' title="bbox 426 5369 855 5426">
    <p class='ocr_par' dir='ltr' id='par_1_89' title="bbox 426 5369 855 5426">
     <span class='ocr_line' id='line_1_89' title="bbox 426 5369 855 5426; baseline -0.007 0"><span class='ocrx_word' id='word_1_553' title='bbox 426 5378 599 5426; x_wconf 90' lang='lat' dir='ltr'><strong>tutem</strong></span> <span class='ocrx_word' id='word_1_554' title='bbox 627 5369 855 5424; x_wconf 86' lang='lat' dir='ltr'><strong>ducunt.</strong></span> 
     </span>
    </p>
   </div>
   <div class='ocr_carea' id='block_1_90' title="bbox 493 5460 2016 5533">
    <p class='ocr_par' dir='ltr' id='par_1_90' title="bbox 493 5460 2016 5533">
     <span class='ocr_line' id='line_1_90' title="bbox 493 5460 2016 5533; baseline 0.007 -15"><span class='ocrx_word' id='word_1_555' title='bbox 493 5462 556 5520; x_wconf 82' lang='lat' dir='ltr'><strong>S.</strong></span> <span class='ocrx_word' id='word_1_556' title='bbox 590 5460 820 5533; x_wconf 81' lang='lat' dir='ltr'><strong>Ignatii.</strong></span> <span class='ocrx_word' id='word_1_557' title='bbox 854 5461 912 5518; x_wconf 89' lang='lat' dir='ltr'><strong>Si</strong></span> <span class='ocrx_word' id='word_1_558' title='bbox 938 5464 1111 5522; x_wconf 86' lang='lat' dir='ltr'><strong>bonos</strong></span> <span class='ocrx_word' id='word_1_559' title='bbox 1151 5477 1207 5523; x_wconf 89' lang='lat' dir='ltr'><strong>et</strong></span> <span class='ocrx_word' id='word_1_560' title='bbox 1248 5470 1514 5527; x_wconf 87' lang='lat' dir='ltr'><strong>honestos</strong></span> <span class='ocrx_word' id='word_1_561' title='bbox 1573 5479 1788 5527; x_wconf 84' lang='lat' dir='ltr'><strong>tantum</strong></span> <span class='ocrx_word' id='word_1_562' title='bbox 1846 5473 2016 5528; x_wconf 87' lang='lat' dir='ltr'><strong>disci-</strong></span> 
     </span>
    </p>
   </div>
   <div class='ocr_carea' id='block_1_91' title="bbox 427 5553 2012 5636">
    <p class='ocr_par' dir='ltr' id='par_1_91' title="bbox 427 5553 2012 5636">
     <span class='ocr_line' id='line_1_91' title="bbox 427 5553 2012 5636; baseline 0.007 -30"><span class='ocrx_word' id='word_1_563' title='bbox 427 5553 582 5622; x_wconf 89' lang='lat' dir='ltr'><strong>pulos</strong></span> <span class='ocrx_word' id='word_1_564' title='bbox 607 5555 812 5626; x_wconf 72' lang='lat' dir='ltr'><strong>diligis,</strong></span> <span class='ocrx_word' id='word_1_565' title='bbox 844 5555 990 5610; x_wconf 90' lang='lat' dir='ltr'><strong>nulla</strong></span> <span class='ocrx_word' id='word_1_566' title='bbox 1016 5557 1112 5612; x_wconf 91' lang='lat' dir='ltr'><strong>tibi</strong></span> <span class='ocrx_word' id='word_1_567' title='bbox 1144 5561 1317 5626; x_wconf 72' lang='lat' dir='ltr'><strong>gratia</strong></span> <span class='ocrx_word' id='word_1_568' title='bbox 1336 5562 1583 5618; x_wconf 87' lang='lat' dir='ltr'><strong>debetur.</strong></span> <span class='ocrx_word' id='word_1_569' title='bbox 1631 5565 1807 5636; x_wconf 74' lang='lat' dir='ltr'><strong>Magis</strong></span> <span class='ocrx_word' id='word_1_570' title='bbox 1839 5565 2012 5620; x_wconf 85' lang='lat' dir='ltr'><strong>rebel-</strong></span> 
     </span>
    </p>
   </div>
   <div class='ocr_carea' id='block_1_92' title="bbox 426 5635 2013 5722">
    <p class='ocr_par' dir='ltr' id='par_1_92' title="bbox 426 5635 2013 5722">
     <span class='ocr_line' id='line_1_92' title="bbox 426 5635 2013 5722; baseline 0.011 -28"><span class='ocrx_word' id='word_1_571' title='bbox 426 5643 506 5696; x_wconf 89' lang='lat' dir='ltr'><strong>les</strong></span> <span class='ocrx_word' id='word_1_572' title='bbox 549 5636 774 5702; x_wconf 86' lang='lat' dir='ltr'><strong>lcnitate</strong></span> <span class='ocrx_word' id='word_1_573' title='bbox 830 5635 1065 5704; x_wconf 72' lang='lat' dir='ltr'><strong>tractare</strong></span> <span class='ocrx_word' id='word_1_574' title='bbox 1113 5651 1300 5716; x_wconf 85' lang='lat' dir='ltr'><strong>debes,</strong></span> <span class='ocrx_word' id='word_1_575' title='bbox 1361 5665 1423 5709; x_wconf 91' lang='lat' dir='ltr'><strong>ut</strong></span> <span class='ocrx_word' id='word_1_576' title='bbox 1473 5635 1830 5722; x_wconf 85' lang='lat' dir='ltr'><strong>erudiantur;</strong></span> <span class='ocrx_word' id='word_1_577' title='bbox 1905 5675 2013 5712; x_wconf 84' lang='lat' dir='ltr'><strong>non</strong></span> 
     </span>
    </p>
   </div>
   <div class='ocr_carea' id='block_1_93' title="bbox 427 5733 2040 5815">
    <p class='ocr_par' dir='ltr' id='par_1_93' title="bbox 427 5733 2040 5815">
     <span class='ocr_line' id='line_1_93' title="bbox 427 5733 2040 5815; baseline 0.012 -28"><span class='ocrx_word' id='word_1_578' title='bbox 427 5733 575 5787; x_wconf 75' lang='lat' dir='ltr'><strong>enim</strong></span> <span class='ocrx_word' id='word_1_579' title='bbox 607 5751 769 5796; x_wconf 90' lang='lat' dir='ltr'><strong>omne</strong></span> <span class='ocrx_word' id='word_1_580' title='bbox 798 5743 1000 5798; x_wconf 87' lang='lat' dir='ltr'><strong>vulnus</strong></span> <span class='ocrx_word' id='word_1_581' title='bbox 1029 5745 1219 5800; x_wconf 84' lang='lat' dir='ltr'><strong>eodem</strong></span> <span class='ocrx_word' id='word_1_582' title='bbox 1255 5748 1554 5815; x_wconf 82' lang='lat' dir='ltr'><strong>emplastro</strong></span> <span class='ocrx_word' id='word_1_583' title='bbox 1579 5761 1825 5805; x_wconf 76' lang='lat' dir='ltr'><strong>curatur.</strong></span> <span class='ocrx_word' id='word_1_584' title='bbox 1877 5737 2040 5806; x_wconf 30' lang='lat' dir='ltr'><strong>Eva?</strong></span> 
     </span>
    </p>
   </div>
   <div class='ocr_carea' id='block_1_94' title="bbox 431 5823 1399 5904">
    <p class='ocr_par' dir='ltr' id='par_1_94' title="bbox 431 5823 1399 5904">
     <span class='ocr_line' id='line_1_94' title="bbox 431 5823 1399 5904; baseline 0.011 -24"><span class='ocrx_word' id='word_1_585' title='bbox 431 5823 780 5887; x_wconf 59' lang='lat' dir='ltr'><strong>saltationes</strong></span> <span class='ocrx_word' id='word_1_586' title='bbox 806 5835 1216 5904; x_wconf 67' lang='lat' dir='ltr'><strong>perfusionibus</strong></span> <span class='ocrx_word' id='word_1_587' title='bbox 1255 5841 1399 5894; x_wconf 83' lang='lat' dir='ltr'><strong>seda.</strong></span> 
     </span>
    </p>
   </div>
   <div class='ocr_carea' id='block_1_95' title="bbox 2113 3279 3554 3352">
    <p class='ocr_par' dir='ltr' id='par_1_95' title="bbox 2113 3279 3554 3352">
     <span class='ocr_line' id='line_1_95' title="bbox 2113 3279 3554 3352; baseline 0 -20"><span class='ocrx_word' id='word_1_588' title='bbox 2113 3279 2478 3350; x_wconf 81' lang='grc' dir='ltr'>ὑπάρχουσιν,</span> <span class='ocrx_word' id='word_1_589' title='bbox 2531 3282 2592 3333; x_wconf 85' lang='grc' dir='ltr'>οὐ</span> <span class='ocrx_word' id='word_1_590' title='bbox 2637 3280 2863 3334; x_wconf 79' lang='grc' dir='ltr'>δύναταί</span> <span class='ocrx_word' id='word_1_591' title='bbox 2897 3299 2999 3352; x_wconf 86' lang='grc' dir='ltr'><strong>μου</strong></span> <span class='ocrx_word' id='word_1_592' title='bbox 3033 3279 3176 3336; x_wconf 80' lang='grc' dir='ltr'>εἶναι</span> <span class='ocrx_word' id='word_1_593' title='bbox 3223 3280 3501 3352; x_wconf 73' lang='grc' dir='ltr'>μαθητής.</span> <span class='ocrx_word' id='word_1_594' title='bbox 3534 3299 3554 3332; x_wconf 70' lang='grc' dir='ltr'><strong>ι</strong></span> 
     </span>
    </p>
   </div>
   <div class='ocr_carea' id='block_1_96' title="bbox 2212 3437 3690 3526">
    <p class='ocr_par' dir='ltr' id='par_1_96' title="bbox 2212 3437 3690 3526">
     <span class='ocr_line' id='line_1_96' title="bbox 2212 3437 3690 3526; baseline -0.001 -19"><span class='ocrx_word' id='word_1_595' title='bbox 2212 3466 2476 3526; x_wconf 72' lang='grc' dir='ltr'>Αποταγη</span> <span class='ocrx_word' id='word_1_596' title='bbox 2516 3459 2632 3508; x_wconf 53' lang='grc' dir='ltr'>εστι</span> <span class='ocrx_word' id='word_1_597' title='bbox 2659 3472 2894 3526; x_wconf 68' lang='grc' dir='ltr'>καρσ.ας</span> <span class='ocrx_word' id='word_1_598' title='bbox 2923 3437 3284 3525; x_wconf 61' lang='grc' dir='ltr'>ανθρωπίνης</span> <span class='ocrx_word' id='word_1_599' title='bbox 3321 3454 3463 3524; x_wconf 79' lang='grc' dir='ltr'>πρὸς</span> <span class='ocrx_word' id='word_1_600' title='bbox 3511 3451 3607 3523; x_wconf 78' lang='grc' dir='ltr'>τὴν</span> <span class='ocrx_word' id='word_1_601' title='bbox 3637 3451 3690 3505; x_wconf 79' lang='grc' dir='ltr'>ὲν</span> 
     </span>
    </p>
   </div>
   <div class='ocr_carea' id='block_1_97' title="bbox 2110 3542 3066 3619">
    <p class='ocr_par' dir='ltr' id='par_1_97' title="bbox 2110 3542 3066 3619">
     <span class='ocr_line' id='line_1_97' title="bbox 2110 3542 3066 3619; baseline 0.002 -19"><span class='ocrx_word' id='word_1_602' title='bbox 2110 3547 2368 3619; x_wconf 77' lang='grc' dir='ltr'>οὐρανοῖς</span> <span class='ocrx_word' id='word_1_603' title='bbox 2410 3548 2697 3609; x_wconf 69' lang='grc' dir='ltr'>πολιτείαν</span> <span class='ocrx_word' id='word_1_604' title='bbox 2745 3542 3066 3619; x_wconf 74' lang='grc' dir='ltr'>μετάθεσις.</span> 
     </span>
    </p>
   </div>
   <div class='ocr_carea' id='block_1_98' title="bbox 2195 3729 3694 3804">
    <p class='ocr_par' dir='ltr' id='par_1_98' title="bbox 2195 3729 3694 3804">
     <span class='ocr_line' id='line_1_98' title="bbox 2195 3729 3694 3804; baseline -0.003 -19"><span class='ocrx_word' id='word_1_605' title='bbox 2195 3731 2564 3804; x_wconf 79' lang='grc' dir='ltr'>Ἐγκράτειαν</span> <span class='ocrx_word' id='word_1_606' title='bbox 2593 3731 2829 3803; x_wconf 80' lang='grc' dir='ltr'>λέγομεν</span> <span class='ocrx_word' id='word_1_607' title='bbox 2867 3733 2930 3787; x_wconf 80' lang='grc' dir='ltr'>οὐ</span> <span class='ocrx_word' id='word_1_608' title='bbox 2964 3733 3183 3795; x_wconf 63' lang='grc' dir='ltr'>πάντας</span> <span class='ocrx_word' id='word_1_609' title='bbox 3215 3730 3315 3802; x_wconf 81' lang='grc' dir='ltr'><strong>τὴν</strong></span> <span class='ocrx_word' id='word_1_610' title='bbox 3360 3730 3443 3795; x_wconf 73' lang='grc' dir='ltr'>εἷς</span> <span class='ocrx_word' id='word_1_611' title='bbox 3469 3729 3530 3782; x_wconf 79' lang='grc' dir='ltr'>τὸ</span> <span class='ocrx_word' id='word_1_612' title='bbox 3565 3743 3694 3782; x_wconf 64' lang='grc' dir='ltr'>παν.</span> 
     </span>
    </p>
   </div>
   <div class='ocr_carea' id='block_1_99' title="bbox 2110 3822 3692 3898">
    <p class='ocr_par' dir='ltr' id='par_1_99' title="bbox 2110 3822 3692 3898">
     <span class='ocr_line' id='line_1_99' title="bbox 2110 3822 3692 3898; baseline -0.003 -20"><span class='ocrx_word' id='word_1_613' title='bbox 2110 3824 2268 3888; x_wconf 80' lang='grc' dir='ltr'>τελὲς</span> <span class='ocrx_word' id='word_1_614' title='bbox 2311 3826 2526 3896; x_wconf 81' lang='grc' dir='ltr'>ἀποχὴν</span> <span class='ocrx_word' id='word_1_615' title='bbox 2576 3827 2686 3879; x_wconf 88' lang='grc' dir='ltr'><strong>τῶν</strong></span> <span class='ocrx_word' id='word_1_616' title='bbox 2717 3825 3051 3898; x_wconf 80' lang='grc' dir='ltr'>βρωμάτων,</span> <span class='ocrx_word' id='word_1_617' title='bbox 3083 3825 3240 3878; x_wconf 86' lang='grc' dir='ltr'>τοῦτο</span> <span class='ocrx_word' id='word_1_618' title='bbox 3275 3825 3384 3894; x_wconf 78' lang='grc' dir='ltr'><strong>γὰρ</strong></span> <span class='ocrx_word' id='word_1_619' title='bbox 3434 3822 3588 3894; x_wconf 82' lang='grc' dir='ltr'>βιαία</span> <span class='ocrx_word' id='word_1_620' title='bbox 3614 3822 3692 3885; x_wconf 73' lang='grc' dir='ltr'><strong>εἰς</strong></span> 
     </span>
    </p>
   </div>
   <div class='ocr_carea' id='block_1_100' title="bbox 2110 3917 3571 3991">
    <p class='ocr_par' dir='ltr' id='par_1_100' title="bbox 2110 3917 3571 3991">
     <span class='ocr_line' id='line_1_100' title="bbox 2110 3917 3571 3991; baseline 0 -21"><span class='ocrx_word' id='word_1_621' title='bbox 2110 3919 2226 3971; x_wconf 75' lang='grc' dir='ltr'>ἐστι</span> <span class='ocrx_word' id='word_1_622' title='bbox 2255 3917 2501 3980; x_wconf 81' lang='grc' dir='ltr'>διάλυσις</span> <span class='ocrx_word' id='word_1_623' title='bbox 2523 3920 2619 3989; x_wconf 79' lang='grc' dir='ltr'>τῆς</span> <span class='ocrx_word' id='word_1_624' title='bbox 2647 3918 2812 3991; x_wconf 76' lang='grc' dir='ltr'>ζωῆς,</span> <span class='ocrx_word' id='word_1_625' title='bbox 2848 3919 2985 3974; x_wconf 71' lang='grc' dir='ltr'>ἀλλὰ</span> <span class='ocrx_word' id='word_1_626' title='bbox 3017 3920 3116 3990; x_wconf 80' lang='grc' dir='ltr'>τὴν</span> <span class='ocrx_word' id='word_1_627' title='bbox 3155 3918 3248 3970; x_wconf 75' lang='grc' dir='ltr'><strong>ἐπὶ</strong></span> <span class='ocrx_word' id='word_1_628' title='bbox 3275 3917 3571 3988; x_wconf 67' lang='grc' dir='ltr'>καθάρσει.</span> 
     </span>
    </p>
   </div>
   <div class='ocr_carea' id='block_1_101' title="bbox 2191 4093 3694 4168">
    <p class='ocr_par' dir='ltr' id='par_1_101' title="bbox 2191 4093 3694 4168">
     <span class='ocr_line' id='line_1_101' title="bbox 2191 4093 3694 4168; baseline -0.003 -19"><span class='ocrx_word' id='word_1_629' title='bbox 2191 4094 2521 4168; x_wconf 77' lang='grc' dir='ltr'>Ἓγκράτειά</span> <span class='ocrx_word' id='word_1_630' title='bbox 2575 4095 2724 4149; x_wconf 80' lang='grc' dir='ltr'>ἐστιν</span> <span class='ocrx_word' id='word_1_631' title='bbox 2776 4095 3056 4167; x_wconf 72' lang='grc' dir='ltr'>ἁμαρτίας</span> <span class='ocrx_word' id='word_1_632' title='bbox 3109 4095 3444 4166; x_wconf 80' lang='grc' dir='ltr'>ἀναῖρεσις,</span> <span class='ocrx_word' id='word_1_633' title='bbox 3503 4093 3694 4147; x_wconf 76' lang='grc' dir='ltr'>παθῶν</span> 
     </span>
    </p>
   </div>
   <div class='ocr_carea' id='block_1_102' title="bbox 2109 4173 3697 4259">
    <p class='ocr_par' dir='ltr' id='par_1_102' title="bbox 2109 4173 3697 4259">
     <span class='ocr_line' id='line_1_102' title="bbox 2109 4173 3697 4259; baseline -0.001 -18"><span class='ocrx_word' id='word_1_634' title='bbox 2109 4185 2476 4258; x_wconf 80' lang='grc' dir='ltr'>ἀλλοτρῑωσις</span> <span class='ocrx_word' id='word_1_635' title='bbox 2505 4228 2520 4253; x_wconf 92' lang='grc'><strong>,</strong></span> <span class='ocrx_word' id='word_1_636' title='bbox 2557 4187 2811 4257; x_wconf 77' lang='grc' dir='ltr'>σώματος</span> <span class='ocrx_word' id='word_1_637' title='bbox 2860 4191 3128 4259; x_wconf 85' lang='grc' dir='ltr'>νέκρωσις</span> <span class='ocrx_word' id='word_1_638' title='bbox 3165 4189 3331 4259; x_wconf 81' lang='grc' dir='ltr'>μέχρι</span> <span class='ocrx_word' id='word_1_639' title='bbox 3385 4188 3486 4241; x_wconf 77' lang='grc' dir='ltr'>καὶ</span> <span class='ocrx_word' id='word_1_640' title='bbox 3520 4173 3697 4241; x_wconf 75' lang='grc' dir='ltr'>αὐτῶν</span> 
     </span>
    </p>
   </div>
   <div class='ocr_carea' id='block_1_103' title="bbox 2108 4280 3444 4351">
    <p class='ocr_par' dir='ltr' id='par_1_103' title="bbox 2108 4280 3444 4351">
     <span class='ocr_line' id='line_1_103' title="bbox 2108 4280 3444 4351; baseline 0.001 -17"><span class='ocrx_word' id='word_1_641' title='bbox 2108 4280 2220 4334; x_wconf 86' lang='grc' dir='ltr'><strong>τῶν</strong></span> <span class='ocrx_word' id='word_1_642' title='bbox 2248 4280 2497 4349; x_wconf 77' lang='grc' dir='ltr'>φυσικῶν</span> <span class='ocrx_word' id='word_1_643' title='bbox 2527 4280 2872 4350; x_wconf 82' lang='grc' dir='ltr'>παθημάτων</span> <span class='ocrx_word' id='word_1_644' title='bbox 2899 4298 2958 4334; x_wconf 86' lang='grc' dir='ltr'><strong>τε</strong></span> <span class='ocrx_word' id='word_1_645' title='bbox 2987 4281 3082 4334; x_wconf 77' lang='grc' dir='ltr'>καὶ</span> <span class='ocrx_word' id='word_1_646' title='bbox 3107 4281 3444 4351; x_wconf 75' lang='grc' dir='ltr'>ἐπιθυμιῶν.</span> 
     </span>
    </p>
   </div>
   <div class='ocr_carea' id='block_1_104' title="bbox 2179 4371 3699 4444">
    <p class='ocr_par' dir='ltr' id='par_1_104' title="bbox 2179 4371 3699 4444">
     <span class='ocr_line' id='line_1_104' title="bbox 2179 4371 3699 4444; baseline 0 -18"><span class='ocrx_word' id='word_1_647' title='bbox 2179 4373 2255 4426; x_wconf 83' lang='grc' dir='ltr'><strong>Οὐ</strong></span> <span class='ocrx_word' id='word_1_648' title='bbox 2298 4371 2572 4442; x_wconf 80' lang='grc' dir='ltr'>πρόφασιν</span> <span class='ocrx_word' id='word_1_649' title='bbox 2612 4372 2835 4443; x_wconf 80' lang='grc' dir='ltr'>ἀργίας,</span> <span class='ocrx_word' id='word_1_650' title='bbox 2867 4373 2987 4427; x_wconf 73' lang='grc' dir='ltr'><strong>οὐδὲ</strong></span> <span class='ocrx_word' id='word_1_651' title='bbox 3036 4373 3327 4444; x_wconf 76' lang='grc' dir='ltr'>ἀποφυγὴν</span> <span class='ocrx_word' id='word_1_652' title='bbox 3379 4375 3571 4438; x_wconf 77' lang='grc' dir='ltr'>πόνου,</span> <span class='ocrx_word' id='word_1_653' title='bbox 3609 4375 3699 4428; x_wconf 73' lang='grc' dir='ltr'>τὸν</span> 
     </span>
    </p>
   </div>
   <div class='ocr_carea' id='block_1_105' title="bbox 2111 4464 3698 4540">
    <p class='ocr_par' dir='ltr' id='par_1_105' title="bbox 2111 4464 3698 4540">
     <span class='ocr_line' id='line_1_105' title="bbox 2111 4464 3698 4540; baseline -0.003 -17"><span class='ocrx_word' id='word_1_654' title='bbox 2111 4470 2211 4540; x_wconf 80' lang='grc' dir='ltr'>τῆς</span> <span class='ocrx_word' id='word_1_655' title='bbox 2258 4469 2546 4534; x_wconf 78' lang='grc' dir='ltr'>εὖσεσείας</span> <span class='ocrx_word' id='word_1_656' title='bbox 2583 4468 2786 4522; x_wconf 77' lang='grc' dir='ltr'>σκοπὸν</span> <span class='ocrx_word' id='word_1_657' title='bbox 2817 4468 3071 4538; x_wconf 78' lang='grc' dir='ltr'>ἡγεῖσθαι</span> <span class='ocrx_word' id='word_1_658' title='bbox 3109 4467 3252 4539; x_wconf 78' lang='grc' dir='ltr'>χρὴ⁹,</span> <span class='ocrx_word' id='word_1_659' title='bbox 3289 4464 3410 4519; x_wconf 83' lang='grc' dir='ltr'>ἀλλ’</span> <span class='ocrx_word' id='word_1_660' title='bbox 3437 4466 3698 4520; x_wconf 79' lang='grc' dir='ltr'>ὑπόθεσιν</span> 
     </span>
    </p>
   </div>
   <div class='ocr_carea' id='block_1_106' title="bbox 2111 4558 3697 4633">
    <p class='ocr_par' dir='ltr' id='par_1_106' title="bbox 2111 4558 3697 4633">
     <span class='ocr_line' id='line_1_106' title="bbox 2111 4558 3697 4633; baseline -0.001 -17"><span class='ocrx_word' id='word_1_661' title='bbox 2111 4559 2414 4633; x_wconf 82' lang='grc' dir='ltr'>ἀθλήσεως,</span> <span class='ocrx_word' id='word_1_662' title='bbox 2449 4561 2546 4616; x_wconf 84' lang='grc' dir='ltr'>καὶ</span> <span class='ocrx_word' id='word_1_663' title='bbox 2580 4561 2758 4615; x_wconf 88' lang='grc' dir='ltr'>πόνων</span> <span class='ocrx_word' id='word_1_664' title='bbox 2790 4563 3239 4632; x_wconf 82' lang='grc' dir='ltr'>περισσοτέρων,</span> <span class='ocrx_word' id='word_1_665' title='bbox 3275 4560 3372 4614; x_wconf 78' lang='grc' dir='ltr'>καὶ</span> <span class='ocrx_word' id='word_1_666' title='bbox 3417 4558 3697 4631; x_wconf 75' lang='grc' dir='ltr'>ὑπομονῆς</span> 
     </span>
    </p>
   </div>
   <div class='ocr_carea' id='block_1_107' title="bbox 2109 4653 2583 4724">
    <p class='ocr_par' dir='ltr' id='par_1_107' title="bbox 2109 4653 2583 4724">
     <span class='ocr_line' id='line_1_107' title="bbox 2109 4653 2583 4724; baseline -0.002 -16"><span class='ocrx_word' id='word_1_667' title='bbox 2109 4654 2207 4724; x_wconf 75' lang='grc' dir='ltr'>τῆς</span> <span class='ocrx_word' id='word_1_668' title='bbox 2233 4654 2290 4706; x_wconf 80' lang='grc' dir='ltr'>ὲν</span> <span class='ocrx_word' id='word_1_669' title='bbox 2317 4653 2583 4724; x_wconf 58' lang='grc' dir='ltr'>θλίψεσιν.</span> 
     </span>
    </p>
   </div>
   <div class='ocr_carea' id='block_1_108' title="bbox 2179 4745 3696 4820">
    <p class='ocr_par' dir='ltr' id='par_1_108' title="bbox 2179 4745 3696 4820">
     <span class='ocr_line' id='line_1_108' title="bbox 2179 4745 3696 4820; baseline -0.002 -19"><span class='ocrx_word' id='word_1_670' title='bbox 2179 4746 2336 4802; x_wconf 83' lang='grc' dir='ltr'>Οθτω</span> <span class='ocrx_word' id='word_1_671' title='bbox 2362 4746 2625 4818; x_wconf 84' lang='grc' dir='ltr'>γινόμεθα</span> <span class='ocrx_word' id='word_1_672' title='bbox 2655 4748 2783 4812; x_wconf 73' lang='grc' dir='ltr'>ναὸς</span> <span class='ocrx_word' id='word_1_673' title='bbox 2815 4747 2974 4813; x_wconf 87' lang='grc' dir='ltr'>Θεοῦ,</span> <span class='ocrx_word' id='word_1_674' title='bbox 3008 4747 3136 4802; x_wconf 80' lang='grc' dir='ltr'>ὅταν</span> <span class='ocrx_word' id='word_1_675' title='bbox 3179 4747 3256 4820; x_wconf 81' lang='grc' dir='ltr'>μὴ</span> <span class='ocrx_word' id='word_1_676' title='bbox 3291 4746 3545 4818; x_wconf 74' lang='grc' dir='ltr'>φροντίσι</span> <span class='ocrx_word' id='word_1_677' title='bbox 3574 4745 3696 4815; x_wconf 74' lang='grc' dir='ltr'><strong>γηῖὁ</strong></span> 
     </span>
    </p>
   </div>
   <div class='ocr_carea' id='block_1_109' title="bbox 2109 4839 3695 4914">
    <p class='ocr_par' dir='ltr' id='par_1_109' title="bbox 2109 4839 3695 4914">
     <span class='ocr_line' id='line_1_109' title="bbox 2109 4839 3695 4914; baseline -0.002 -20"><span class='ocrx_word' id='word_1_678' title='bbox 2109 4858 2230 4904; x_wconf 88' lang='grc' dir='ltr'>ναις</span> <span class='ocrx_word' id='word_1_679' title='bbox 2263 4842 2322 4895; x_wconf 88' lang='grc' dir='ltr'><strong>τδ</strong></span> <span class='ocrx_word' id='word_1_680' title='bbox 2348 4843 2572 4912; x_wconf 77' lang='grc' dir='ltr'>συνεχὲς</span> <span class='ocrx_word' id='word_1_681' title='bbox 2609 4843 2709 4914; x_wconf 84' lang='grc' dir='ltr'>τῆς</span> <span class='ocrx_word' id='word_1_682' title='bbox 2743 4843 2968 4914; x_wconf 85' lang='grc' dir='ltr'>μνήμης</span> <span class='ocrx_word' id='word_1_683' title='bbox 3008 4842 3399 4912; x_wconf 80' lang='grc' dir='ltr'>διακόπτηται·</span> <span class='ocrx_word' id='word_1_684' title='bbox 3440 4840 3576 4894; x_wconf 84' lang='grc' dir='ltr'>ὅταν</span> <span class='ocrx_word' id='word_1_685' title='bbox 3620 4839 3695 4909; x_wconf 77' lang='grc' dir='ltr'>μὴ</span> 
     </span>
    </p>
   </div>
   <div class='ocr_carea' id='block_1_110' title="bbox 2111 4931 3696 5005">
    <p class='ocr_par' dir='ltr' id='par_1_110' title="bbox 2111 4931 3696 5005">
     <span class='ocr_line' id='line_1_110' title="bbox 2111 4931 3696 5005; baseline -0.003 -20"><span class='ocrx_word' id='word_1_686' title='bbox 2111 4936 2222 4996; x_wconf 88' lang='grc' dir='ltr'>τοῖς</span> <span class='ocrx_word' id='word_1_687' title='bbox 2256 4934 2690 5005; x_wconf 77' lang='grc' dir='ltr'>ἀπροσδοκήτοις</span> <span class='ocrx_word' id='word_1_688' title='bbox 2748 4935 2984 4988; x_wconf 85' lang='grc' dir='ltr'>πάθεσιν</span> <span class='ocrx_word' id='word_1_689' title='bbox 3023 4934 3052 4986; x_wconf 83' lang='grc' dir='ltr'>ὁ</span> <span class='ocrx_word' id='word_1_690' title='bbox 3088 4931 3215 4996; x_wconf 87' lang='grc' dir='ltr'>νοῦς</span> <span class='ocrx_word' id='word_1_691' title='bbox 3263 4931 3696 5001; x_wconf 77' lang='grc' dir='ltr'>ὲκταράττηται,</span> 
     </span>
    </p>
   </div>
   <div class='ocr_carea' id='block_1_111' title="bbox 2111 5024 3696 5096">
    <p class='ocr_par' dir='ltr' id='par_1_111' title="bbox 2111 5024 3696 5096">
     <span class='ocr_line' id='line_1_111' title="bbox 2111 5024 3696 5096; baseline -0.001 -18"><span class='ocrx_word' id='word_1_692' title='bbox 2111 5026 2247 5079; x_wconf 67' lang='grc' dir='ltr'>ἀλλὰ</span> <span class='ocrx_word' id='word_1_693' title='bbox 2281 5029 2460 5080; x_wconf 84' lang='grc' dir='ltr'>πάντα</span> <span class='ocrx_word' id='word_1_694' title='bbox 2513 5026 2702 5096; x_wconf 82' lang='grc' dir='ltr'>φυγὼν</span> <span class='ocrx_word' id='word_1_695' title='bbox 2733 5027 2760 5078; x_wconf 87' lang='grc' dir='ltr'>ὁ</span> <span class='ocrx_word' id='word_1_696' title='bbox 2807 5026 3081 5096; x_wconf 75' lang='grc' dir='ltr'>φιλόθεος,</span> <span class='ocrx_word' id='word_1_697' title='bbox 3130 5026 3224 5080; x_wconf 70' lang='grc' dir='ltr'><strong>ἐπὶ</strong></span> <span class='ocrx_word' id='word_1_698' title='bbox 3267 5026 3360 5080; x_wconf 71' lang='grc' dir='ltr'><strong>τὸν</strong></span> <span class='ocrx_word' id='word_1_699' title='bbox 3396 5024 3534 5078; x_wconf 82' lang='grc' dir='ltr'>Θεδν</span> <span class='ocrx_word' id='word_1_700' title='bbox 3565 5025 3696 5078; x_wconf 72' lang='grc' dir='ltr'>ἀνα-</span> 
     </span>
    </p>
   </div>
   <div class='ocr_carea' id='block_1_112' title="bbox 2111 5119 3696 5191">
    <p class='ocr_par' dir='ltr' id='par_1_112' title="bbox 2111 5119 3696 5191">
     <span class='ocr_line' id='line_1_112' title="bbox 2111 5119 3696 5191; baseline 0 -21"><span class='ocrx_word' id='word_1_701' title='bbox 2111 5121 2306 5191; x_wconf 77' lang='grc' dir='ltr'>χωρῇ,</span> <span class='ocrx_word' id='word_1_702' title='bbox 2350 5121 2446 5174; x_wconf 74' lang='grc' dir='ltr'><strong>καὶ</strong></span> <span class='ocrx_word' id='word_1_703' title='bbox 2485 5120 2789 5187; x_wconf 72' lang='grc' dir='ltr'>ἐξελαύνων</span> <span class='ocrx_word' id='word_1_704' title='bbox 2848 5121 2916 5175; x_wconf 74' lang='grc' dir='ltr'><strong>τά</strong></span> <span class='ocrx_word' id='word_1_705' title='bbox 2973 5121 3112 5191; x_wconf 72' lang='grc' dir='ltr'>πρὸς</span> <span class='ocrx_word' id='word_1_706' title='bbox 3166 5119 3406 5183; x_wconf 77' lang='grc' dir='ltr'>κακίαν,</span> <span class='ocrx_word' id='word_1_707' title='bbox 3448 5121 3565 5182; x_wconf 85' lang='grc' dir='ltr'>τοῖς</span> <span class='ocrx_word' id='word_1_708' title='bbox 3617 5119 3696 5180; x_wconf 84' lang='grc' dir='ltr'>εἰς</span> 
     </span>
    </p>
   </div>
   <div class='ocr_carea' id='block_1_113' title="bbox 2113 5205 3412 5287">
    <p class='ocr_par' dir='ltr' id='par_1_113' title="bbox 2113 5205 3412 5287">
     <span class='ocr_line' id='line_1_113' title="bbox 2113 5205 3412 5287; baseline 0.008 -27"><span class='ocrx_word' id='word_1_709' title='bbox 2113 5209 2314 5281; x_wconf 73' lang='grc' dir='ltr'>ἀρετὴν</span> <span class='ocrx_word' id='word_1_710' title='bbox 2347 5211 2573 5280; x_wconf 79' lang='grc' dir='ltr'>ἄγουσιν</span> <span class='ocrx_word' id='word_1_711' title='bbox 2603 5212 3037 5286; x_wconf 74' lang='grc' dir='ltr'>ἐπιτηδεύμασιν</span> <span class='ocrx_word' id='word_1_712' title='bbox 3072 5205 3412 5287; x_wconf 73' lang='grc' dir='ltr'>ἐνδιατρίϐῃ.</span> 
     </span>
    </p>
   </div>
   <div class='ocr_carea' id='block_1_114' title="bbox 2189 5469 3694 5550">
    <p class='ocr_par' dir='ltr' id='par_1_114' title="bbox 2189 5469 3694 5550">
     <span class='ocr_line' id='line_1_114' title="bbox 2189 5469 3694 5550; baseline 0.001 -16"><span class='ocrx_word' id='word_1_713' title='bbox 2189 5479 2402 5538; x_wconf 78' lang='grc' dir='ltr'>Καλοὺς</span> <span class='ocrx_word' id='word_1_714' title='bbox 2437 5476 2688 5547; x_wconf 76' lang='grc' dir='ltr'>μαθητάς</span> <span class='ocrx_word' id='word_1_715' title='bbox 2719 5476 2814 5531; x_wconf 69' lang='grc' dir='ltr'>ἐὰν</span> <span class='ocrx_word' id='word_1_716' title='bbox 2861 5477 3046 5550; x_wconf 78' lang='grc' dir='ltr'>φιλῇς,</span> <span class='ocrx_word' id='word_1_717' title='bbox 3083 5469 3246 5550; x_wconf 82' lang='grc' dir='ltr'>χάρις</span> <span class='ocrx_word' id='word_1_718' title='bbox 3296 5498 3378 5534; x_wconf 90' lang='grc' dir='ltr'><strong>σοι</strong></span> <span class='ocrx_word' id='word_1_719' title='bbox 3409 5483 3510 5536; x_wconf 72' lang='grc' dir='ltr'>οὐκ</span> <span class='ocrx_word' id='word_1_720' title='bbox 3542 5470 3651 5535; x_wconf 74' lang='grc' dir='ltr'>ἔστι</span> <span class='ocrx_word' id='word_1_721' title='bbox 3677 5497 3694 5511; x_wconf 86' lang='grc'><strong>·</strong></span> 
     </span>
    </p>
   </div>
   <div class='ocr_carea' id='block_1_115' title="bbox 2121 5571 3689 5646">
    <p class='ocr_par' dir='ltr' id='par_1_115' title="bbox 2121 5571 3689 5646">
     <span class='ocr_line' id='line_1_115' title="bbox 2121 5571 3689 5646; baseline 0.001 -20"><span class='ocrx_word' id='word_1_722' title='bbox 2121 5573 2325 5644; x_wconf 68' lang='grc' dir='ltr'>μᾶὶλον</span> <span class='ocrx_word' id='word_1_723' title='bbox 2360 5573 2485 5634; x_wconf 79' lang='grc' dir='ltr'>τοὺς</span> <span class='ocrx_word' id='word_1_724' title='bbox 2530 5571 2961 5642; x_wconf 79' lang='grc' dir='ltr'>ἀπειθεστέρους</span> <span class='ocrx_word' id='word_1_725' title='bbox 2992 5573 3050 5624; x_wconf 80' lang='grc' dir='ltr'>ὲν</span> <span class='ocrx_word' id='word_1_726' title='bbox 3090 5574 3364 5646; x_wconf 78' lang='grc' dir='ltr'>πραΰτητι</span> <span class='ocrx_word' id='word_1_727' title='bbox 3394 5576 3689 5630; x_wconf 70' lang='grc' dir='ltr'>ὑπότασσε.</span> 
     </span>
    </p>
   </div>
   <div class='ocr_carea' id='block_1_116' title="bbox 2117 5663 3696 5743">
    <p class='ocr_par' dir='ltr' id='par_1_116' title="bbox 2117 5663 3696 5743">
     <span class='ocr_line' id='line_1_116' title="bbox 2117 5663 3696 5743; baseline 0.003 -24"><span class='ocrx_word' id='word_1_728' title='bbox 2117 5669 2191 5720; x_wconf 71' lang='grc' dir='ltr'><strong>Ο)</strong></span> <span class='ocrx_word' id='word_1_729' title='bbox 2230 5667 2339 5719; x_wconf 76' lang='grc' dir='ltr'><strong>πᾶν</strong></span> <span class='ocrx_word' id='word_1_730' title='bbox 2367 5663 2588 5734; x_wconf 79' lang='grc' dir='ltr'>τραῦμα</span> <span class='ocrx_word' id='word_1_731' title='bbox 2635 5667 2700 5734; x_wconf 79' lang='grc' dir='ltr'>τῇ</span> <span class='ocrx_word' id='word_1_732' title='bbox 2756 5665 2896 5736; x_wconf 82' lang='grc' dir='ltr'><strong>αὑτῇ</strong></span> <span class='ocrx_word' id='word_1_733' title='bbox 2934 5667 3270 5740; x_wconf 78' lang='grc' dir='ltr'>ὲμπλάστρῳ</span> <span class='ocrx_word' id='word_1_734' title='bbox 3312 5669 3696 5743; x_wconf 75' lang='grc' dir='ltr'>θεραπεύεται.</span> 
     </span>
    </p>
   </div>
   <div class='ocr_carea' id='block_1_117' title="bbox 2119 5759 3204 5832">
    <p class='ocr_par' dir='ltr' id='par_1_117' title="bbox 2119 5759 3204 5832">
     <span class='ocr_line' id='line_1_117' title="bbox 2119 5759 3204 5832; baseline 0 -17"><span class='ocrx_word' id='word_1_735' title='bbox 2119 5763 2258 5826; x_wconf 64' lang='grc' dir='ltr'>Τοὺς</span> <span class='ocrx_word' id='word_1_736' title='bbox 2299 5760 2686 5832; x_wconf 71' lang='grc' dir='ltr'>παροξυσμοὺς</span> <span class='ocrx_word' id='word_1_737' title='bbox 2718 5759 3021 5832; x_wconf 74' lang='grc' dir='ltr'>ἐμϐροχαῖς</span> <span class='ocrx_word' id='word_1_738' title='bbox 3047 5761 3204 5818; x_wconf 79' lang='grc' dir='ltr'>παῦε.</span> 
     </span>
    </p>
   </div>
  </div>
