3992 6252
226 334 361 408 lii-3

961 340 1132 402 LOCI
1173 327 1614 403 COMMUNES.
1646 362 1715 373 -
1753 331 1948 400 PARS
1987 328 2072 404 Π.
2111 329 2373 400 SERMO
2410 336 2631 404 XLIII.

3233 333 3236 336 ’
3347 339 3481 410 1114

303 447 778 521 ’Υποτασσώμεθα
809 449 903 504 καὶ
941 451 1082 522 Θεῷ,
1114 452 1210 504 καὶ
1241 449 1518 520 ἀλλήλοις,
1551 449 1646 501 καὶ
1682 450 1795 506 τοῖς

1980 451 2638 523 Theologi.Sultjicianiur
2677 461 2795 510 tum
2835 451 3100 520 Deo,tum
3147 453 3304 508 nobis
3352 457 3486 511 itwiv

223 546 318 601 ἰπὶ
368 545 469 614 γῆς
503 543 758 614 ἄρχουσιο
785 542 905 611 Θεῷ
939 542 1028 595 διὰ
1056 544 1253 596 πάντα⁹
1287 542 1377 596 διὰ
1408 542 1508 611 τὴν
1552 540 1798 610 φιλαδελ-

225 639 356 709 φίαν
383 636 636 705 ἀλλήλοις
659 652 674 668 ο
708 636 776 688 δι’
808 635 1065 701 εὐταξίαν
1108 639 1218 700 τοῖς
1253 635 1485 704 ἄρχουσι
1512 650 1526 665 ⁸
1573 635 1667 686 καὶ
1709 650 1799 685 το-

227 733 420 786 σοῦτον
454 731 680 801 μᾶλλον,
712 731 935 800 ὅσῳπερ
987 730 1051 783 ἂν
1106 724 1240 782 ὦσιν
1300 729 1650 798 ἡμερώτεροι
1704 725 1796 779 καὶ

224 823 590 894 χρηστότεροι
621 822 814 893 (δεινὸν
852 825 958 891 γὰρ
1015 823 1317 875 ἐπιείκειαν
1353 821 1664 888 δαπανῆσαι
1713 817 1790 889 τῷ

228 918 444 986 συνεχεῖ
473 917 571 983 τῆς
611 917 987 986 συγγνώμης),
1026 915 1112 968 ἵνα
1163 915 1238 985 μὴ
1285 917 1380 968 καὶ
1424 915 1524 982 τῆς
1574 913 1800 966 ἐκείνων

225 1011 564 1082 τραχύτητος
588 1010 911 1073 αὖτοὶδίκας
937 1009 1351 1078 ἀπαιτηθιῖηιεν,
1375 1009 1617 1075 γαλήνην
1636 1005 1802 1060 πνεύ⁴

229 1105 364 1170 ματι
393 1100 678 1162 λύσαντες,
732 1101 826 1154 καὶ
877 1103 1016 1168 φωτὶ
1078 1100 1242 1169 ζόφον
1287 1100 1589 1168 ἐπάγοντες
1625 1136 1642 1162 ,
1705 1100 1802 1152 καὶ

227 1191 408 1262 μέλιτι
442 1191 878 1262 καταμιγνύντες
915 1192 1188 1262 ἀψίνθιον.

297 1373 363 1426 Oi
401 1373 607 1443 κόσμου
637 1373 966 1444 χωρίζοντες
1014 1375 1245 1436 ἑαυτοὺς
1265 1412 1282 1438 ,
1315 1373 1412 1426 καὶ
1461 1372 1561 1443 τὴν
1593 1372 1802 1443 ἔρημον

225 1461 623 1530 ἀσπαζόμενοι,
661 1461 799 1526 ζῶσι
828 1462 970 1531 Θεῷ,
1019 1465 1238 1518 πάντων
1291 1463 1495 1530 μᾶλλον
1528 1465 1802 1532 τρεφομέ-

226 1569 333 1604 νων
356 1554 414 1603 έν
446 1551 662 1623 σώματι
689 1567 702 1582 ⁶
730 1553 780 1606 oi
830 1553 988 1622 μόνον
1019 1555 1108 1605 τὸν
1138 1553 1316 1622 πάντη
1359 1554 1656 1622 μοναδικὸν
1687 1553 1802 1608 δια-

229 1642 682 1712 θλυῦντεςιβίσν,
715 1645 930 1706 ἑαυτοῖς
973 1633 1155 1713 μόνοις
1193 1645 1638 1715 προσλαλοῦντες
1695 1647 1794 1698 καὶ

1910 560 2052 610 cem,
2091 554 2204 599 tum
2245 545 2329 600 his
2355 545 2516 616 quiin
2535 559 2676 600 terra
2707 555 3026 609 potestatem
3061 555 3276 615 gerunt,
3299 563 3362 601 ac
3383 548 3490 602 Deo

1911 637 2130 707 quidem
2156 637 2642 703 omnibusmodis;
2673 637 2903 693 invicem
2943 647 3159 708 propter
3187 641 3484 692 fraternam

1915 723 2232 780 cltat‘itatem
2262 735 2314 780 et
2345 727 2692 791 societatem;
2721 726 3124 796 magistratibus
3152 738 3372 796 propter
3403 742 3490 782 ore

1915 819 2056 874 diuis
2085 819 2576 882 conservationem,
2598 833 2770 888 eoque
2801 819 2997 888 magis,
3027 819 3073 873 si
3106 819 3308 874 iuerint
3337 836 3490 875 man-

1913 911 2180 964 suetiores
2207 920 2261 966 et
2286 910 2654 981 benigniores.
2685 912 3017 980 (Improbum
3045 912 3187 966 enim
3213 922 3294 966 est
3321 913 3492 980 atqui-

1914 1012 2076 1056 Iatem
2111 1017 2436 1057 consumere
2463 1013 2727 1072 perpetuo
2758 1004 3116 1075 ignoscendo)
3150 1013 3296 1059 utne
3320 1009 3484 1058 etiam

1911 1094 2126 1148 illorum
2160 1095 2468 1162 asperitatis
2491 1094 2594 1164 ipsi
2627 1107 2818 1162 poenas
2859 1096 3090 1162 luamus,
3126 1096 3489 1166 tranquillita-

1913 1194 2018 1242 tem
2056 1185 2304 1240 immisso
2326 1196 2485 1242 vento
2508 1188 2802 1251 solventes,
2838 1197 2894 1242 et
2927 1190 3033 1244 luci
3088 1191 3368 1246 tenebram
3402 1193 3487 1245 in-

1915 1281 2196 1343 ducentes,
2211 1287 2261 1335 et
2277 1280 2436 1335 melle
2459 1279 2874 1335 commiscentes
2892 1281 3246 1337 absinthium.

1986 1372 2088 1438 Qui
2116 1371 2283 1442 seipsi
2337 1388 2366 1426 a
2404 1374 2610 1427 mundo
2657 1384 3002 1440 separarum,
3034 1381 3090 1426 et
3137 1373 3484 1428 solitudinem

1915 1467 2340 1533 amplectuntur,
2373 1465 2479 1520 Deo
2543 1465 2750 1528 vivunt,
2803 1463 3051 1519 omnium
3103 1469 3335 1519 maxime
3391 1465 3486 1535 qui
3576 1463 3596 1474 ’

1915 1571 2144 1622 corpore
2171 1557 2388 1610 aluntur
2414 1575 2428 1609 :
2451 1557 2541 1625 qui
2571 1557 2916 1612 solummodo
2941 1571 3164 1624 prorsus
3185 1556 3482 1630 solitariam

1915 1646 2262 1715 praeferentes
2289 1639 2452 1701 vitam
2485 1663 2668 1703 secum
2699 1657 2752 1702 et
2783 1664 2909 1703 cum
2936 1649 3044 1704 Deo
3069 1650 3481 1718 colloquuntur,

225 1735 303 1804 τῷ
329 1735 471 1804 Θεῷ,
496 1737 592 1788 καὶ
621 1734 782 1787 τοῦτο
809 1736 968 1805 μόνον
1001 1735 1209 1806 κόσμου
1242 1737 1465 1800 εἰδότες,
1492 1739 1616 1791 ὅσον
1644 1738 1702 1791 ὲν
1733 1739 1797 1807 τῇ

1914 1739 2040 1793 illud
2075 1748 2283 1794 tantum
2311 1741 2378 1795 de
2412 1742 2616 1796 mundo
2664 1751 3076 1810 c0guoscentes,
3130 1751 3393 1811 quantum
3429 1743 3484 1796 in

227 1828 438 1898 ἐρημίᾳ
465 1826 814 1896 γνωρίζουσυ
849 1831 964 1891 τοῖς
1003 1829 1103 1898 μιν
1133 1831 1321 1891 ἄλλοις
1350 1829 1675 1900 τεθνηκότες
1714 1831 1805 1883 ἁν-

229 1916 496 1988 θρώποις,
539 1919 632 1970 καὶ
665 1921 1016 1989 πράγμασιν,
1046 1921 1148 1976 ὅσα
1192 1923 1251 1976 έν
1287 1921 1437 1991 μέσῳ
1485 1923 1802 1992 στρέφεται,

231 2007 565 2079 στροὸοῦντά
597 2027 656 2063 τε
685 2011 780 2063 καὶ
824 2011 1216 2082 στροόοῦμενα.
1247 2013 1342 2067 καὶ
1374 2013 1638 2078 παίζοντα
1660 2015 1806 2085 ἡμᾶς

227 2101 350 2160 ταες
405 2100 793 2171 ἀγχιστρόφοις
875 2102 1241 2171 μεταϐολαῖς·
1299 2104 1556 2173 ἀλλήλοις
1604 2105 1662 2157 δὲ
1715 2105 1806 2157 κό-

231 2208 371 2261 σμος
421 2192 605 2260 ὄντες,
640 2194 736 2249 καὶ
775 2197 844 2266 τῇ
901 2196 1202 2264 παραθέσει
1259 2199 1326 2268 τῇ
1376 2197 1547 2267 ἀρετῇ
1606 2197 1802 2268 θήγον-

229 2291 346 2349 τις.

302 2380 377 2433 Τὸ
414 2381 672 2450 μονάζειν
714 2381 774 2432 έν
823 2383 886 2451 τῇ
937 2381 1234 2452 εὐσταθείᾳ
1280 2380 1377 2435 τοῦ
1426 2382 1634 2452 τρόπον
1667 2383 1805 2452 util.

229 2472 325 2525 λον
376 2470 410 2540 ἢ
446 2473 512 2542 τῇ
555 2470 648 2526 τοῦ
705 2472 960 2542 σώματος
1001 2473 1352 2544 ἀναχωρήσει
1403 2473 1808 2546 χαρακτηρίζε-

228 2579 347 2619 ται.

313 2657 478 2727 Ὁρᾷς
520 2657 648 2722 τοὺς
703 2656 893 2722 ἅδίους
957 2657 1189 2720 τούτους
1248 2657 1343 2712 καὶ
1386 2657 1677 2722 ἀνεστίους
1710 2658 1807 2712 καὶ

231 2748 528 2818 ἁσάρκους,
563 2749 794 2819 μικροὺς
832 2749 929 2802 καὶ
988 2750 1312 2820 ἁναίμονας,
1373 2750 1468 2804 καὶ
1508 2750 1628 2821 Θέῷ
1662 2751 1807 2804 κατὰ

227 2839 393 2892 τοῦτο
450 2837 877 2909 πλησιάζοντας,
927 2841 1057 2903 τοὺς
1091 2842 1506 2906 ἀνιπτόποδες,
1559 2843 1657 2894 καὶ
1707 2859 1806 2912 χα·

232 2930 524 3001 μαιεύνας,
555 2933 682 2995 τοὺς
731 2931 882 2985 κάτω
943 2933 1040 2985 καὶ
1089 2933 1230 3003 ὑπὲρ
1277 2931 1347 2986 τὰ
1379 2933 1554 2995 κάτω,
1581 2931 1710 2996 τοὺς
1748 2935 1806 2985 έν

153 3033 160 3038 ’
226 3021 542 3090 ἀνθρώποις
572 3024 667 3076 καὶ
693 3023 837 3094 ὑπὲρ
862 3023 932 3078 τὰ
959 3023 1299 3093 ἀνθρώπινα,
1329 3025 1456 3088 τοὺς
1486 3024 1808 3094 δεδεμένους

227 3114 326 3167 καὶ
359 3113 702 3210 ἐλευθέρους,
762 3115 892 3210 τοὺς
931 3117 1380 3188 κεκρατημένους
1432 3119 1527 3174 καὶ
1557 3119 1803 3210 ἀκρατη-
1832 3151 1876 3210 C

225 3219 377 3264 τους*
409 3197 484 3256 ὧν
519 3205 668 3259 οὐδὲν
718 3209 776 3260 ιν
829 3207 1042 3278 κόσμῳ,
1097 3213 1192 3261 καὶ
1225 3209 1403 3262 πάντα
1445 3212 1510 3262 τὰ
1540 3207 1682 3278 ὑπὲρ
1711 3208 1806 3262 κόο

229 3305 392 3362 σμον⁸
443 3287 518 3346 ὧν
543 3293 765 3347 διπλοῦν
799 3296 859 3348 τὺ
893 3295 1016 3367 ζῇν,
1043 3297 1102 3351 τὸ
1132 3297 1231 3366 μὲν
1262 3298 1711 3370 ὑπερορώμενον,
1742 3300 1804 3353 τὸ

226 3386 286 3438 δὲ
339 3385 781 3456 σπουδαζόμενον
807 3405 820 3418 ο
861 3390 991 3450 τοὺς
1018 3389 1106 3443 διὰ
1141 3391 1244 3459 τὴν
1283 3391 1554 3462 νέκρωσιν
1599 3393 1806 3448 ἀθανά-

226 3483 375 3538 τους.
403 3477 527 3539 τοὺς
559 3479 647 3530 διὰ
697 3478 852 3532 λύσιν
893 3479 1030 3550 ,Θεῷ
1071 3483 1479 3552 συνημμένους,
1525 3484 1656 3548 τοὺς
1700 3483 1805 3550 ἔξω

227 3567 418 3633 πόθου,
454 3570 549 3619 καὶ
584 3569 722 3638 μετὰ
763 3568 910 3622 θείου
960 3571 1054 3623 καὶ
1098 3571 1346 3636 ἀπαθοῦς
1382 3571 1606 3643 ἔρωτος’
1647 3567 1724 3628 ὧν
1748 3576 1803 3628 ai

227 3660 407 3729 πηγαὶ
449 3659 544 3713 τοῦ
582 3661 782 3729 φωτὸς,
839 3663 936 3714 καὶ
994 3655 1070 3716 ὧν
1115 3663 1216 3733 ήδη
1250 3663 1317 3717 τὰ
1347 3665 1800 3735 ἀπαυγάσματα³

224 3743 304 3804 ὧν
343 3753 400 3805 αἱ
440 3752 733 3821 ἀγγελικαὶ
777 3752 1108 3824 ψαλμῳδὶαι,
1141 3757 1235 3818 καὶ
1282 3755 1337 3808 αἱ
1385 3757 1642 3825 πάννυχοι
1672 3757 1802 3810 στά-

229 3859 368 3906 σεις,
407 3844 504 3896 καὶ¹
550 3845 582 3913 ή
636 3843 727 3896 τοῦ
780 3844 872 3896 νοῦ
916 3844 1050 3914 πρὸς
1081 3843 1214 3897 Θεὸν
1248 3845 1484 3916 ὲκδημία
1514 3857 1804 3917 προαρπα-

225 3934 492 4006 ξομένουο
543 3930 620 3988 ὧν
656 3936 690 4006 ἠ
725 3936 995 4006 κάθαρσις
1019 3975 1037 4004 ,
1084 3937 1184 3989 καὶ
1214 3929 1288 3990 ὧν
1320 3937 1382 3990 τὸ
1415 3936 1799 4008 καθαίρεσθαι.

301 4117 376 4170 Τὸ
404 4114 716 4184 φιλοσοφεῖν
751 4115 877 4169 ὅσον
913 4116 1196 4185 μέγιστον,
1221 4115 1480 4170 τοσοῦτον
1508 4118 1604 4171 καὶ
1638 4117 1803 4187 χαλιο

227 4207 500 4278 πὼτερον,
543 4207 641 4262 καὶ
664 4209 724 4262 οὐ
757 4207 972 4261 πολλῶν
1016 4209 1076 4260 τὸ
1123 4209 1458 4279 ἐγχείρημα,
1494 4208 1527 4278 ἢ
1558 4209 1667 4264 τῶν
1699 4210 1801 4263 ὑπὸ

226 4300 330 4370 τῆς
370 4296 523 4363 θείας
558 4299 917 4370 κεκλημένων
965 4299 1350 4367 μεγαλονοίας,
1391 4301 1425 4372 ἢ
1463 4302 1575 4364 τοῖς
1628 4317 1802 4376 προῃ-

229 4392 496 4464 ρημένοις
525 4392 708 4455 καλῶς
746 4393 908 4462 χεῖρα
940 4391 1176 4448 δίδωσιν.

1913 1831 2027 1900 ipsa
2054 1832 2350 1886 solitudine
2393 1845 2721 1902 agnoscunt,
2750 1833 2870 1888 aliis
2903 1833 3121 1903 quidem
3153 1836 3351 1888 mortui
3387 1835 3485 1887 ho-

1916 1924 2175 1988 minibus,
2211 1934 2265 1978 et
2291 1926 2457 1981 rebus
2483 1942 2602 1994 qua:
2626 1928 2678 1981 in
2713 1927 2894 1981 medio
2941 1927 3220 1981 hominum
3263 1941 3485 1982 versan-

1908 2026 1998 2071 tur
2025 2027 2136 2072 tum
2163 2019 2599 2088 agitantes,'tttm
2631 2021 2847 2088 agitatae
2880 2019 2933 2074 in
2977 2035 3192 2074 omnem
3250 2031 3480 2089 partem,

1909 2118 2022 2164 tum
2058 2124 2159 2164 nos
2189 2110 2532 2166 ludiﬁcantes
2566 2111 2895 2166 volubilibus
2922 2113 3309 2167 mutationibus
3336 2131 3350 2166 :
3376 2112 3481 2166 sibi

1908 2196 2142 2253 invicem
2188 2215 2318 2255 vero
2377 2201 2619 2257 mundus
2672 2210 2820 2267 sunt,
2871 2211 2928 2258 et
2961 2211 3147 2258 mutua
3196 2203 3484 2260 collatione

1907 2289 2162 2344 virtutem
2192 2301 2418 2346 acuunt.

1979 2379 2165 2435 Solum
2196 2397 2336 2446 esse,
2367 2398 2577 2437 morum
2609 2384 2781 2456 magis
2807 2385 3110 2440 constantia
3138 2385 3298 2456 189
3319 2400 3495 2456 quam.

1907 2473 2155 2542 corporis
2188 2489 2406 2530 secessu
2440 2474 2709 2531 formatur
2737 2493 2800 2532 ac
2825 2477 3172 2544 exprimitur.

1992 2655 2152 2712 Vides
2187 2658 2322 2712 istos
2354 2656 2549 2726 opibus
2595 2664 2652 2712 et
2703 2655 2957 2712 domibus
2982 2665 3250 2720 carentes,
3288 2671 3480 2711 excar-

1909 2763 2030 2814 nes,
2064 2747 2237 2802 exiles
2265 2755 2319 2801 et
2361 2761 2691 2818 exsangues,
2743 2746 2907 2800 etiam
2962 2747 3070 2801 Deo
3116 2746 3220 2801 hac
3269 2747 3477 2800 ratione

1905 2840 2430 2909 appropinquantes,
2457 2838 2621 2892 illatis
2651 2837 2880 2906 pedibus
2911 2848 2966 2892 et
2995 2838 3146 2894 humi
3173 2838 3472 2894 cubantes:

1907 2931 1999 3002 qui
2029 2931 2171 2985 inira
2205 2947 2328 2986 cum
2365 2931 2499 2993 sint,
2529 2931 2786 2986 inferiora
2815 2939 3096 3000 superant,
3133 2942 3188 2985 et.
3217 2930 3358 2985 inter
3383 2931 3476 2986 ho-

1906 3025 2084 3080 mines
2107 3037 2270 3093 supra
2291 3022 2581 3078 humanam
2612 3023 2977 3079 conditionem
3005 3033 3156 3089 sunt,
3178 3025 3385 3080 vinctos
3422 3028 3476 3081 et

1908 3113 2142 3176 liberos;
2173 3113 2424 3167 detentos
2482 3120 2538 3166 et
2567 3121 2747 3166 tamen
2783 3127 2894 3166 non
2927 3113 3134 3180 teneri;
3163 3128 3392 3183 quorum
3423 3114 3477 3168 in

1910 3205 2113 3260 mundo
2136 3203 2272 3258 nihil
2301 3211 2407 3268 est,
2425 3212 2479 3258 et
2501 3203 2684 3258 omnia
2717 3217 2884 3274 supra
2914 3204 3175 3259 mundum
3200 3219 3217 3271 ;
3243 3217 3476 3274 quorum

1907 3298 2104 3366 duplex
2163 3303 2248 3352 est
2289 3295 2423 3364 vita,
2481 3311 2587 3350 una
2631 3311 2750 3365 qua:
2807 3295 3120 3364 despicitur,
3152 3296 3321 3351 altera
3356 3308 3477 3365 qua

1906 3388 2213 3457 appetitur;
2245 3386 2336 3454 qui
2371 3400 2467 3453 per
2493 3383 2970 3439 mortificationem
3018 3393 3146 3439 sunt
3188 3385 3478 3438 immortae

1908 3478 2027 3544 les;
2062 3478 2154 3546 qui
2190 3493 2286 3547 per
2316 3477 2642 3532 solutionem
2671 3474 2780 3529 Deo
2813 3474 3052 3543 copulati
3079 3485 3130 3530 et
3161 3476 3270 3545 apti
3304 3484 3472 3542 sunt;

1906 3571 1996 3640 qui
2020 3576 2208 3626 carent
2236 3569 2438 3624 amoris
2461 3567 2748 3633 desiderio,
2773 3578 2827 3622 et
2866 3568 2922 3621 in
2956 3566 3140 3621 divino
3172 3577 3226 3621 et
3257 3572 3474 3636 pertur-

1906 3661 2144 3717 bationis
2174 3670 2394 3731 experte
2423 3659 2716 3729 cupidine;
2749 3674 2984 3729 quorum
3019 3667 3149 3713 sunt
3178 3657 3355 3714 fontes
3389 3660 3477 3714 Iud

1905 3754 2009 3815 cis.
2031 3762 2084 3807 et
2113 3766 2350 3822 quorum
2375 3750 2489 3819 jam
2517 3761 2646 3807 sunt
2670 3750 3052 3805 irradiationes
3073 3762 3089 3817 ;
3112 3765 3347 3820 quorum
3379 3765 3476 3806 an-

1904 3844 2089 3916 gclicae
2124 3843 2458 3912 psalmodiae,
2479 3851 2532 3896 et
2559 3850 2849 3911 pernoctes
2882 3841 3167 3906 stationes,
3195 3850 3248 3914 et
3278 3841 3472 3896 mentis

1903 3937 1970 3992 ad
2020 3936 2187 3992 Deum
2260 3942 2427 4001 rapta:
2481 3933 2880 4004 peregrinatio;
2942 3947 3173 4003 quorum
3207 3917 3475 4004 Ideulque

1903 4027 2174 4098 purgatio,
2208 4041 2555 4097 quorumque
2589 4027 2874 4096 repurgari
2891 4035 3010 4082 'est.

1975 4119 2356 4188 PliilosOphari
2378 4127 2586 4188 quanto
2609 4127 2692 4174 est
2715 4118 2915 4188 majus,
2951 4126 3104 4174 tanto
3138 4120 3303 4175 etiam
3330 4121 3473 4176 ditii-

1903 4213 2088 4278 cilitts,
2120 4211 2266 4282 quod
2301 4227 2409 4266 non
2461 4209 2619 4266 multi
2669 4209 2850 4266 facere
2881 4219 3172 4276 conantur,
3225 4213 3332 4268 nisi
3377 4229 3472 4283 per

1901 4302 2097 4358 divinae
2137 4300 2334 4356 mentis
2376 4299 2675 4354 imitentur
2718 4297 3118 4364 excelsitatem,
3171 4314 3294 4370 qua:
3341 4298 3471 4354 boni

1902 4393 2179 4463 quippiam
2212 4390 2644 4460 proponentibus
2671 4403 2893 4444 manum
2926 4388 3170 4459 porrigit.

299 4479 396 4547 Οἷς
441 4487 558 4537 ἐστι
592 4483 772 4554 τρυφὴ
810 4485 1134 4554 ἐγκράτεια,
1169 4484 1264 4538 καὶ
1305 4485 1506 4553 πρᾶξις
1544 4485 1578 4558 ἠ
1610 4485 1796 4558 ἀπρα.

1972 4485 2188 4555 Gregor.
2223 4481 2377 4553 Nysa.
2398 4483 2605 4549 Quibus
2638 4481 2846 4536 deliciae
2865 4489 2994 4536 sunt
3028 4481 3386 4546 continentia,
3416 4486 3471 4536 et

223 4579 339 4648 ξία,
381 4580 476 4632 καὶ
503 4577 628 4641 δόξα
656 4577 717 4631 τὸ
746 4575 823 4647 μὴ
850 4575 1241 4644 γινώσκεσθαι»

299 4670 481 4724 Καλὸν
508 4671 542 4740 ἠ
575 4668 813 4740 ἄσκησις
846 4668 985 4738 μετά
1021 4667 1365 4738 συμμετρίας
1411 4668 1508 4724 καὶ
1544 4669 1800 4739 γνώσεως

224 4759 490 4832 ἀληθοῦς.

300 4854 487 4916 Οὕτως
517 4853 722 4920 ὀφείλει
773 4853 800 4904 ὁ
851 4848 1085 4920 μοναχδς
1124 4848 1389 4904 πάντοθεν
1417 4851 1613 4906 ἑαυτὸν
1646 4871 1801 4925 περι-

224 4948 478 5010 σκοπεῖν,
514 4946 608 4998 καὶ
647 4942 904 5013 ἀκίνητον
932 4941 1081 5012 ἔχειν
1110 4941 1247 5010 πρὸς
1279 4942 1377 5010 τὴν
1404 4941 1596 4996 ἑαυτοῦ
1623 4945 1802 5013 φυλα-

222 5040 334 5109 κὴν
364 5038 425 5092 τὸ
455 5037 552 5107 τῆς
575 5035 753 5107 ψυχῆς
800 5034 976 5104 ὄμμα,
1007 5031 1082 5096 ὡς
1116 5034 1174 5086 έν
1230 5033 1381 5104 μέσῳ
1414 5035 1660 5104 παγίδων
1687 5034 1798 5088 διο-

220 5131 397 5186 δεύων
431 5128 539 5184 ἀεί.
575 5143 577 5146 ‘

297 5312 366 5367 οι
421 5310 521 5380 μὶν
571 5308 850 5378 μάρτυρες
901 5304 1160 5368 πολλάκις
1199 5296 1295 5360 καὶ
1347 5305 1405 5358 ἐν
1460 5305 1560 5374 μιᾷ
1605 5301 1801 5374 καιροῦ

226 5407 373 5478 ῥοπῇ
427 5400 832 5470 ἀγωνισάμενοι
873 5393 1268 5467 ἐτελειώθησαν
1294 5411 1308 5426 ο
1346 5397 1380 5467 ἡ
1410 5395 1468 5448 δὲ
1497 5394 1605 5448 τῶν
1635 5411 1803 5464 μονα-

223 5500 341 5572 χῶν
390 5494 632 5549 πολιτεία
658 5530 676 5559 ,
709 5489 833 5546 καθ’
864 5489 1104 5559 ἑκάστην
1157 5487 1376 5558 ἡμέραν
1431 5487 1675 5542 ἀθλοῦσα
1711 5487 1801 5541 διὰ

223 5592 324 5645 τὸν
379 5585 636 5658 Χριστὸν,
681 5582 985 5652 μαρτυρεῖ,
1037 5579 1100 5631 οὑ
1137 5578 1272 5648 πρὸς
1323 5574 1464 5648 αἷμα
1497 5579 1594 5631 καὶ
1625 5577 1805 5648 σάρκα

213 5676 723 5751 ’παρατασσομένη,
778 5672 915 5734 ἀλλὰ
978 5672 1113 5742 πρὸς
1150 5670 1246 5732 τὰς
1288 5668 1484 5741 ἀρχὰς,
1523 5670 1660 5740 πρὸς
1707 5671 1804 5736 τὰς

227 5775 538 5847 ἐξουσίας,
577 5768 713 5840 πρὸς
761 5764 888 5831 τοὺς
925 5761 1514 5849 κοσμοκράτοραςψ-τοιῦ
1553 5763 1804 5846 σκότους,

1902 4580 2048 4634 aetio
2080 4577 2275 4642 otium,
2305 4585 2359 4631 et
2391 4574 2560 4645 gloria
2593 4588 2622 4627 a
2657 4571 2871 4626 nomine
2900 4571 3184 4641 cognosci.

1971 4846 2030 4903 S.
2071 4843 2372 4900 Athanasii.
2402 4841 2640 4898 Honesta
2672 4854 2758 4896 res
2791 4847 2876 4896 est
2936 4837 3279 4902 exercitatio,
3342 4849 3467 4891 cum

1904 4936 2274 4993 moderatione
2310 4945 2366 4990 et
2415 4932 2726 5002 cognitione
2775 4945 2924 4986 vera.
2964 4929 3058 4986 Sic
3090 4929 3250 4985 debet
3283 4941 3471 4983 mona-

1903 5029 2040 5085 chus
2073 5027 2313 5097 undique
2339 5026 2575 5094 seipsutn
2618 5022 3064 5092 circumspicere,
3120 5029 3174 5076 et
3221 5019 3470 5075 immobiJ

1903 5122 2009 5178 lem
2041 5130 2222 5175 tenere
2249 5117 2415 5172 animi
2437 5117 2658 5172 oculum
2681 5114 2750 5169 ad
2781 5129 2936 5170 suam
2959 5111 3288 5179 custodiam,
3312 5114 3471 5182 quasi

1902 5229 2000 5285 per
2029 5211 2240 5267 medios
2267 5210 2491 5280 laqueos
2521 5221 2736 5276 semper
2767 5207 3008 5262 incedat.
3251 5281 3254 5284 ἢ

1973 5306 2242 5376 Martyres
2281 5304 2503 5373 quidem
2555 5315 2700 5375 saepe
2751 5301 2834 5355 vel
2895 5313 3005 5354 uno
3045 5298 3308 5369 temporis
3352 5313 3470 5353 mo-

1905 5407 2087 5456 mento
2103 5411 2227 5452 cum
2258 5402 2587 5457 certassent,
2613 5390 3002 5462 perfectionem
3036 5389 3268 5446 assecuti
3305 5393 3466 5451 sunt:

1904 5499 1960 5545 at
1997 5487 2394 5544 monachorum
2426 5484 2536 5538 vita
2573 5482 2804 5553 singulis
2833 5481 3030 5538 diebus
3063 5497 3158 5551 per
3189 5479 3468 5536 Christum

1903 5585 2125 5635 certans
2174 5584 2380 5646 martyr
2423 5582 2543 5639 est,
2582 5573 2634 5628 id
2696 5583 2801 5638 est,
2850 5573 3222 5630 testimonium
3253 5567 3471 5623 Christo

1906 5671 2062 5733 dicit,
2094 5683 2204 5724 non
2228 5666 2492 5724 adversus
2519 5666 2840 5734 sanguinem
2888 5672 2944 5720 et
2982 5675 3204 5718 carnem
3259 5657 3314 5712 in
3347 5659 3469 5713 acie

1908 5763 2193 5832 instructa,
2240 5759 2334 5817 sed
2369 5757 2632 5816 adversus
2676 5755 3039 5828 principatus,
3079 5750 3340 5808 adversus
3369 5760 3468 5819 po-
