3992 6252
212 379 345 444 lll'l

1025 373 1192 436 ωσι
1232 373 1678 445 COMMUNES.
1713 374 1999 435 -PAT{S
2034 373 2115 436 ll.
2140 370 2396 436 S’EBMO
2436 375 2640 439 XLIV.

3309 377 3448 440 111.8

289 490 611 557 Ἐπανάγων
657 490 765 542 ἀπὸ
789 487 1135 556 δικαιοσύνης
1164 489 1245 551 εἰς
1273 485 1572 556 ἁμαρτίαν,
1605 485 1634 538 ό
1661 482 1776 538 Κύ-
1803 531 1810 545 ι

1949 485 2051 550 Qui
2101 501 2132 540 α
2184 486 2390 553 iustitia
2443 485 2510 540 ad
2549 483 2752 555 ﬂagitia
2797 482 3138 551 ἀσηθείη,ἐί
3191 482 3460 540 Dominus

210 601 324 656 ριος
354 585 634 652 ἑτοιμάσει
665 581 942 650 ῥομφαίαν
971 578 1122 649 αὐτῷ

279 678 372 747 Μὴ
401 675 862 745 καταδεσμεύσεις
884 672 1073 734 δισσὰς
1103 670 1376 744 ἁμαρτίας
1395 688 1411 706 ο
1438 669 1560 726 οὐδὲ
1591 671 1701 741 γάρ
1726 673 1787 725 ιν

212 773 311 843 μιᾷ
345 768 671 841 ἁθωωθήσῃ.

281 945 688 1015 Βαπτιζόμενος
721 944 830 998 ἀπὸ
863 944 1086 1014 νεκροῦ,
1116 945 1210 998 καὶ
1261 943 1427 1000 πάλιν
1477 943 1788 1012 ἁπτόμενος

211 1035 402 1104 αὐτοῦ,
437 1037 489 1090 τί
521 1036 806 1108 ὠφέλησεν
853 1037 911 1089 ἐν
960 1035 1039 1107 τῷ
1085 1033 1295 1106 λουτρῷ
1341 1029 1550 1108 absab;
1603 1031 1788 1095 Οὕτως

119 1162 135 1192 κ
192 1131 500 1206 ἀνθρωπος
542 1105 820 1201 νηστεύων
860 1131 952 1183 ἐπὶ
985 1105 1094 1184 των
1149 1105 1433 1198 ἁμαρτιῶν
1467 1105 1655 1192 αὗτοῦ,
1691 1125 1786 1179 καὶ

210 1222 377 1276 πάλιν
405 1222 793 1292 πορευόμενος,
817 1221 914 1274 καὶ
933 1221 1002 1275 τὰ
1029 1219 1170 1274 αὑτά
1198 1218 1394 1282 ποιῶν,
1425 1218 1526 1288 τῆς
1555 1233 1790 1288 προσευο

207 1314 313 1386 χῆς
345 1315 512 1368 αὐτοῦ
541 1315 621 1375 τίς
647 1312 1026 1368 είσακούσεται
1050 1326 1068 1380 ;
1106 1311 1202 1368 καὶ
1228 1311 1282 1364 τί
1309 1310 1592 1380 ὠφέλησεν
1621 1309 1682 1363 ἐν
1707 1308 1785 1378 τῷ

193 1406 613 1476 ταπεινωθῆναι
639 1406 804 1460 αὐτόν
825 1422 842 1474 ;
1654 1409 1678 1420 ”

284 1497 795 1566 Οὖδε¹ις,ἐπι6αλὼν
831 1498 932 1569 τὴν
981 1497 1140 1568 χεῖρα
1181 1495 1350 1550 αὑτοῦ
1400 1495 1488 1550 ἐπ’
1533 1495 1786 1567 ἄροτρον,

216 1591 309 1643 καὶ
359 1591 617 1662 στραφεὶς
647 1593 728 1654 είς
787 1589 858 1644 τὰ
909 1589 1106 1656 ὀπίσω,
1149 1587 1368 1653 εὔθετός
1421 1591 1568 1642 ἐστιν
1613 1588 1672 1640 ἐν
1718 1589 1786 1658 τῇ

212 1683 466 1755 βασιλείᾳ
497 1682 602 1735 τῶν
640 1681 907 1752 οὐρανῶν.

284 1777 349 1829 Et
379 1775 487 1846 γὰρ
515 1775 890 1843 ἀποφυγόντες
919 1775 990 1829 τά
1031 1774 1316 1845 μιάσματα
1362 1773 1461 1830 τοῦ
1498 1773 1704 1844 κόσμου
1732 1775 1788 1826 ἐν

211 1865 507 1936 ἐπιγνώσει
549 1866 642 1920 τοῦ
693 1867 897 1937 Κυρίου
952 1868 1046 1920 καὶ
1101 1868 1350 1938 Σωτῆρος
1402 1867 1561 1938 ἡμῶν
1609 1865 1786 1936 Ἰησοῦ

196 1955 474 2028 Χριστοῦ,
502 1959 712 2021 τούτοις
758 1959 816 2011 δὲ
862 1957 1025 2013 πάλιν
1062 1957 1456 2028 ἐμπλακέντες,
1496 1959 1783 2028 ἥττηνται,

213 2051 441 2118 γέγονεν
487 2047 669 2110 αὐτοῖς
726 2048 792 2102 τὰ
839 2048 1042 2118 ἔσχατα
1092 2048 1311 2117 χείρονα
1366 2047 1476 2102 τῶν
1525 2042 1785 2116 πρώτων.

195 2143 482 2212 ·Κρεῖττον
531 2152 640 2211 γαρ
678 2135 748 2211 ἦν
781 2141 967 2202 αὐτοῖς
1006 2139 1082 2212 μὴ
1125 2140 1499 2209 ἐπεγνωκέναι
1529 2140 1626 2210 τὴν
1663 2141 1786 2194 όδέν

212 2237 313 2304 τῆς
346 2231 782 2304 δικαιοσύνης,ἢ
827 2233 1140 2303 ἐπιγνοῦσιν
1185 2235 1267 2296 είς
1309 2233 1380 2286 τά
1427 2233 1604 2286 ὀπίσω
1649 2233 1784 2286 ὑπο-

217 2327 450 2397 στρέψαι
478 2328 541 2380 ἐκ
569 2326 664 2396 τῆς
700 2326 1101 2397 παραδοθείσης
1129 2327 1312 2390 αὺτοῖς
1350 2327 1511 2395 ἁγίας
1541 2326 1782 2397 ἐντολῆς.

206 2420 538 2490 Συμῦέὸηκε
589 2420 646 2473 δὲ
691 2419 874 2482 αὐτοῖς
917 2419 978 2473 τὸ
1021 2419 1122 2490 τῆς
1166 2419 1402 2490 ἀληθοῦς
1455 2417 1782 2490 παροιμίας,

209 2514 377 2569 Κύων
427 2514 760 2585 ἐπιστρέψας
819 2515 912 2568 ἐπὶ
971 2513 1034 2565 τὸ
1085 2511 1216 2566 ἴδιον
1274 2512 1538 2582 ἐξέραμα,
1569 2513 1664 2566 καὶ
1719 2504 1782 2576 ῦς

208 2600 522 2675 λουσαμένη
552 2607 632 2668 είς
657 2605 897 2675 κύλισμα
929 2604 1222 2675 βορϐόρου.

293 2695 558 2751 Ἐλεεινὸν
599 2697 800 2766 θέαμα,
839 2696 976 2767 μετά
1032 2697 1307 2767 νηστείαν,
1341 2700 1480 2768 μετά
1530 2701 1780 2772 σκληρα-

207 2790 444 2858 γωγίαν,
503 2789 640 2859 μετά
705 2788 1013 2858 προσευχὴν
1074 2791 1288 2859 ἐκτενῆ,
1343 2794 1485 2859 μετὰ
1543 2793 1781 2866 δάκρυον

197 2873 452 2950 δαψιλὲς.
493 2880 630 2949 μετά
663 2880 986 2948 ἐγκράτειαν
1017 2881 1158 2934 ἐτῶν
1200 2881 1375 2934 είκοσί
1421 2899 1524 2936 που
1560 2885 1593 2957 ἢ
1629 2889 1784 2956 τριά.

207 2987 398 3036 κοντα,
435 2970 498 3023 δι’
527 2965 858 3040 ἀπροσεξίαν
902 2969 1078 3039 ψυχῆς
1129 2971 1221 3024 καὶ
1250 2971 1540 3040 ἀμέλειαν,
1572 2978 1781 3046 γυμνὸν

210 3064 321 3117 ἀπὸ
365 3061 583 3115 πάντων
636 3061 1046 3131 ἀποδειχθῆναι,
1077 3063 1168 3115 καὶ
1216 3065 1600 3135 παραπλήσιον
1627 3069 1780 3136 γενέ-

1873 581 2236 650 praeparabit.
2259 578 2526 651 gladium.
3315 641 3317 644 γ

1962 672 2040 726 Ne
2078 679 2372 726 connectas
2433 669 2648 741 gemina
2697 675 2961 740 peccata;
3012 682 3136 722 nam
3167 682 3232 723 ne
3267 666 3323 721 in
3353 680 3464 720 uno

1873 763 2114 832 .quidem
2143 763 2407 819 innocens
2427 763 2540 819 oris
2567 763 2644 834 (id
2673 770 2774 828 est,
2801 759 2958 832 quasi
2985 759 3248 814 innocens
3279 757 3464 814 absol‘

1889 857 2084 927 veris).

1965 946 2137 1002 Eccli.
2161 961 2351 1003 πτειν.
2386 947 2448 1002 Εἰ
2479 947 2570 1017 qui
2599 963 2658 1004 se
2681 948 2875 1004 laverit
2893 949 2961 1003 ob
2985 957 3186 1003 tactum
3211 945 3462 1011 cadaver,

1893 1050 1946 1095 et
1997 1041 2196 1096 iterum
2253 1040 2398 1096 idem
2444 1039 2637 1111 tangit,
2693 1040 2823 1107 quid
2863 1040 3084 1110 prodest
3138 1037 3464 1094 lavacrum?

1876 1130 2092 1188 Eadem
2125 1142 2216 1192 est
2269 1132 2410 1188 ratio
2462 1131 2584 1202 ejus
2632 1129 2784 1200 191
2837 1131 2928 1200 qui
2978 1130 3194 1200 jejunat
3247 1138 3469 1200 propter

1890 1232 2116 1294 peccata
2148 1240 2270 1290 sua,
2303 1233 2358 1279 et
2386 1225 2585 1279 iterum
2615 1222 2847 1278 reditad
2873 1222 3099 1290 eadem;
3131 1223 3254 1292 quis
3286 1222 3470 1278 istius.

1892 1314 2038 1370 modi
2071 1315 2442 1385 precationem
2479 1311 2709 1368 audiet?
2736 1320 2791 1366 et
2820 1309 2949 1381 quid
2981 1309 3059 1365 illi
3088 1308 3293 1380 profuit
3319 1308 3463 1376 quod

1891 1421 1951 1462 se
1980 1405 2400 1461 humiliaveriti

1955 1495 2088 1552 Luc.
2115 1512 2187 1550 ιε.
2217 1495 2386 1551 Nemo
2414 1510 2536 1551 cum
2578 1509 2797 1550 manum
2841 1508 2996 1549 suam
3027 1501 3211 1548 aratro
3245 1491 3464 1546 admo-

1877 1586 2050 1652 verit,
2099 1595 2154 1643 et
2187 1586 2255 1641 ad
2301 1589 2606 1657 posteriora
2639 1600 2699 1642 se
2730 1583 3062 1641 converterit
3095 1593 3258 1654 aptus
3285 1589 3372 1638 est
3397 1581 3467 1638 ad

1891 1691 2120 1747 regnum
2157 1679 2409 1734 cceleste.

1959 1767 2017 1823 Π
2061 1767 2212 1824 Petr.
2247 1784 2308 1823 tt.
2357 1767 2494 1822 Nam
2526 1767 2594 1836 si,
2629 1776 2984 1838 posteaquam
3017 1765 3336 1836 refugerunt
3382 1762 3470 1816 in-

1891 1862 2245 1930 quinamenta
2273 1861 2464 1916 mundi
2503 1874 2599 1932 per
2631 1859 2964 1930 agnitionem
3007 1857 3218 1912 Domini
3245 1866 3300 1910 et
3339 1854 3470 1909 Ser-

1890 1953 2093 2008 vatoris
2127 1953 2300 2008 nostri
2331 1950 2707 2017 JesuChristi,
2750 1965 2936 2006 rursus
2965 1959 3145 2005 tamen
3180 1949 3263 2003 his
3288 1947 3469 2018 impli-

1889 2046 2006 2112 citi,
2044 2046 2282 2116 superati
2333 2046 2560 2124 fuerint,
2588 2045 2696 2100 illis
2735 2054 3009 2116 postrema
3041 2043 3229 2113 pejora
3277 2041 3468 2110 primis

1887 2140 2223 2195 acciderunt.
2269 2138 2461 2195 Melius
2489 2142 2634 2195 enim
2672 2140 2778 2195 illis
2810 2139 3010 2194 fuisset
3036 2154 3142 2193 non
3173 2136 3466 2207 agnovisse

1889 2233 2030 2286 viam
2053 2232 2301 2301 iustitiae,
2326 2249 2488 2303 quam
2517 2247 2580 2287 ea
2611 2231 2794 2299 agnita
2822 2239 3120 2286 retrorsum
3151 2227 3463 2291 revertisse,

1885 2334 1941 2378 et
1973 2337 2002 2377 a
2037 2333 2229 2379 saneto
2263 2325 2355 2380 illo
2386 2334 2661 2394 praecepto
2708 2323 2844 2393 ipsis
2891 2323 3091 2378 tradito
3140 2319 3465 2384 deﬂexisse;

1887 2415 2090 2470 accidit
2118 2417 2263 2472 enim
2299 2417 2406 2472 illis
2440 2416 2584 2488 quod
2616 2431 2751 2472 vero
2781 2414 3068 2484 proverbio
3114 2411 3221 2466 dici
3270 2411 3408 2464 solet
3450 2426 3464 2462 :

1877 2506 2051 2564 Canis
2088 2523 2345 2565 reversus
2396 2510 2462 2565 ad
2503 2524 2662 2564 suum
2711 2507 2999 2572 vomitum,
3029 2513 3086 2560 et
3127 2518 3224 2560 sus
3259 2502 3368 2558 lota
3396 2500 3464 2555 ad

1883 2600 2228 2654 volutabrum
2263 2601 2428 2656 caeni.

1953 2690 2010 2746 S.
2031 2690 2244 2746 Basilii.
2268 2686 2653 2763 Spectaculom
2675 2692 3007 2756 miserabile,
3028 2699 3150 2759 post
3173 2687 3470 2758 jejunium.

1883 2792 2005 2852 post
2035 2785 2226 2838 duram
2268 2785 2711 2840 exercitationem
2739 2824 2753 2850 ,
2788 2796 2912 2856 post
2946 2791 3291 2857 precationes
3323 2788 3465 2840 assi-

1885 2873 2054 2940 duas,
2084 2886 2202 2944 post
2238 2877 2440 2932 multas
2478 2886 2534 2931 et
2565 2864 2816 2946 copiosas
2854 2880 3141 2951 lacr—yntas,
3177 2892 3302 2952 post
3328 2897 3469 2937 con-

1881 2965 2168 3022 tincntiam
2225 2981 2492 3024 annorum
2518 2970 2710 3040 viginti
2749 2970 2979 3028 fortasse
3019 2974 3100 3028 vel
3151 2978 3315 3030 etiam
3367 2977 3469 3031 tri-

1883 3059 2032 3130 ginta
2050 3073 2146 3128 per
2169 3060 2581 3129 incogitantiam
2608 3070 2664 3118 et
2695 3063 3106 3134 negligentiam,
3133 3063 3467 3122 denudatum

198 3152 339 3208 σθαι
368 3153 434 3223 τῇ
465 3154 696 3223 ἐργασίᾳ
725 3152 834 3208 τῶν
863 3154 1092 3208 ἐντολῶν
1121 3154 1519 3226 εὐθηνούμενον
1548 3159 1776 3230 ἐμπόρῳ
1808 3189 1810 3211 Α

1900 3151 2142 3207 minibus
2207 3151 2468 3218 ostendi,
2532 3167 2596 3209 ac
2656 3167 3049 3225 praceptorum
3127 3159 3468 3228 perfectione

209 3247 321 3300 τινὶ
372 3244 818 3315 μεγαλοπλοῦτῳ,
851 3245 909 3310 ὃς
959 3247 1039 3318 τῷ
1077 3247 1271 3316 πλήθει
1320 3249 1427 3302 τῶν
1479 3250 1784 3322 ἀγωγίμων

201 3334 679 3405 1παγαλλόμενος,
713 3335 771 3400 ἐξ
821 3334 1012 3406 οὐρίας
1051 3337 1201 3408 αὑτῷ
1241 3338 1340 3408 τῆς
1389 3338 1518 3410 νηὸς
1548 3341 1786 3411 φερομέ-

210 3442 335 3495 νης,
373 3425 442 3478 τὰ
492 3425 699 3495 φοϐερά
756 3426 967 3498 πελάγη
1020 3427 1358 3499 διαδραμὼν,
1404 3431 1545 3501 πρὸς
1603 3433 1786 3498 αὐτοῖς

211 3519 330 3581 τοϊς
360 3517 540 3588 λιμέσι
566 3518 996 3590 διαρῤαγγέντος
1035 3518 1129 3571 τοῦ
1160 3520 1372 3587 πλοίου,
1408 3523 1631 3578 πάντων
1656 3523 1787 3599 ἐρη-

219 3628 323 3681 μος
357 3611 567 3680 ἀθρόως
613 3611 904 3680 ἀπεδείχθη
933 3628 948 3644 ο
981 3612 1076 3665 ἐὰν
1125 3614 1222 3669 καὶ
1251 3608 1407 3679 οὗτος
1453 3616 1523 3670 τὰ
1568 3618 1787 3687 μυρίοις

217 3706 407 3768 πόνοις
451 3704 720 3775 κτηθέντα
770 3705 871 3776 μιᾷ
908 3705 1182 3777 προσϐολῇ
1213 3707 1466 3777 δαίμονος
1514 3709 1785 3782 ἀπολέσῃ,

217 3798 409 3867 ὥσπερ
452 3798 560 3851 τινὶ
611 3797 780 3868 ἀγρίᾳ
828 3797 1051 3850 λαίλαπι
1095 3801 1164 3870 τῇ
1213 3799 1459 3871 ἁμαρτίᾳ
1489 3799 1786 3871 βυθισθείς.

219 3891 518 3959 Πρέπουσα
551 3890 701 3961 φωνὴ
745 3889 824 3960 τῷ
856 3892 1034 3944 πᾶσαν
1063 3890 1200 3962 όμοῦ
1243 3891 1343 3962 τὴν
1383 3893 1588 3962 ἀρετὴν
1621 3909 1789 3947 ναυα-

214 3982 476 4050 γήσαντι,
520 3969 723 4032 *Ηλθον
773 3980 854 4042 είς
899 3980 967 4033 τὰ
1021 3980 1158 4052 βάθη
1197 3981 1296 4052 τῆς
1343 3981 1638 4055 θαλάσσης,
1693 3985 1790 4037 καὶ

218 4071 478 4138 καταιγὶς
513 4071 870 4139 κατεπόντισε
907 4087 998 4139 με.
1299 4068 1307 4073 ’

302 4159 366 4212 '0
415 4161 474 4212 ἐν
525 4162 775 4230 προκοπῇ
825 4160 1114 4230 γενόμενος
1161 4161 1382 4230 ἀγαθῶν
1422 4162 1623 4233 ἔργων,
1673 4165 1795 4219 εἶτα

218 4251 663 4322 παλινδρομήσας
709 4252 847 4323 πρὸς
903 4253 1006 4325 τὴν
1055 4254 1288 4324 ἀρχαίαν
1343 4257 1670 4326 συνήθειαν,
1726 4258 1790 4311 οὐ

223 4343 390 4414 μόνον
415 4342 506 4396 τὸν
531 4345 622 4394 ἐπὶ
651 4345 764 4406 τοῖς
794 4345 1197 4414 πεπονημένοις
1247 4346 1439 4416 μισθὸν
1483 4347 1790 4421 ἐζημιώθη,

189 4466 192 4468 ~
219 4434 364 4491 me
396 4434 490 4487 καὶ
529 4433 836 4506 βαρυτέρας
871 4434 1121 4501 ἀξιοῦται
1152 4436 1252 4506 τῆς
1282 4440 1683 4510 κατακρίσεως.

295 4605 369 4667 Et
421 4629 505 4666 σοι
551 4611 715 4681 μηδὲν
740 4611 1003 4682 ἠλπίζετο
1037 4611 1325 4686 δυσχερὲς,
1362 4619 1521 4688 ἡνίκα
1549 4623 1616 4692 τῇ
1643 4622 1798 4691 φιλο.

224 4707 394 4776 σοφίᾳ
424 4705 781 4776 προσέϐαλες,
815 4705 1142 4776 άφιλόσοφος
1172 4709 1205 4778 ὴ
1238 4710 1377 4780 ἀρχή
1403 4727 1418 4743 ο
1447 4711 1497 4764 εί
1531 4713 1590 4767 δέ
1639 4715 1800 4785 ἠλπίι

223 4802 373 4863 ζετο,
409 4800 459 4851 εί
502 4799 603 4869 μὲν
639 4799 740 4854 οὐκ
799 4799 1102 4869 ἀπήντησε,
1139 4797 1216 4869 τῷ
1263 4801 1382 4871 Θεῷ
1419 4803 1616 4874 χάρις·
1658 4808 1706 4860 εἰ
1743 4807 1801 4861 δέ

225 4893 570 4962 ἀπήντησεν,
601 4891 635 4962 ἢ
667 4892 922 4963 καρτέρβι
976 4893 1222 4964 πάσχων,
1248 4892 1282 4964 ἦ
1320 4893 1428 4949 ίσθι
1456 4895 1802 4968 ψευσάμενος

222 4983 330 5055 τὴν
357 4983 672 5054 ὑπόσχεσιν.

301 5075 482 5130 ’Βνιοι
531 5075 922 5148 προκόψαντες
983 5079 1070 5131 ἐπ’
1129 5079 1353 5154 ἀρετὴν,
1421 5081 1802 5153 ῦπενόστησαν

223 5167 432 5238 πρὶνῆ
480 5167 770 5236 ἐφικέσθαι
808 5167 906 5223 τοῦ
955 5171 1167 5239 τέλους,
1197 5173 1302 5244 τὴν
1349 5173 1476 5239 άρτι
1524 5173 1804 5247 φυομένην

223 5259 660 5330 ἀριστοκρατίαν
708 5261 772 5316 ἐν
817 5264 884 5333 τῇ
931 5263 1078 5336 ψυχῇ
1137 5265 1475 5336 καθελούσης
1517 5265 1616 5337 τῆς
1651 5267 1808 5338 όχλοο

197 5349 506 5419 ξπρατίας,
551 5350 587 5422 ἦ
649 5353 790 5421 πρὸς
858 5352 1041 5421 ὀλίγον
1106 5354 1472 5425 ⁴ίῃιπεμείισασα,
1523 5356 1692 5411 πάλιν
1746 5357 1806 5425 ἐξ

197 5442 487 5512 ὑπαρχῆς
518 5443 659 5513 μετά
691 5443 933 5508 πλείονος
963 5443 1249 5515 δυνάμεως
1277 5444 1628 5500 ἀντεπέθετο.

303 5622 502 5677 Πολλοὶ
545 5623 784 5694 ἀσκηταὶ
816 5619 1109 5694 γενόμενοι
1152 5625 1245 5678 ἐπὶ
1279 5625 1390 5680 ατοῦ
1433 5627 1621 5692 τέλους
1652 5631 1808 5700 μετέε

1880 3243 2256 3298 abundantem
2293 3244 2528 3300 similem
2563 3261 2686 3301 esse
2730 3249 3015 3304 mercatori
3050 3250 3211 3305 alicui
3240 3253 3470 3321 opulen-

1881 3335 2126 3400 tissinto,
2146 3336 2240 3406 qui
2267 3337 2423 3406 copia
2451 3338 2716 3393 mercium
2741 3339 3151 3395 advectitiarum
3166 3344 3469 3409 exsultans,

1887 3428 2009 3482 navi
2040 3429 2296 3485 secundis
2325 3429 2704 3501 progrediente
2735 3432 2932 3498 ventis,
2962 3433 3268 3503 periculosa
3297 3436 3469 3490 maria

1885 3528 2298 3592 praetervectus,
2320 3523 2376 3577 in
2407 3523 2524 3592 ipso
2561 3525 2777 3580 tandem
2807 3531 2963 3594 portu
2989 3527 3113 3580 navi
3145 3527 3316 3581 fracta
3348 3528 3470 3582 uni-

1881 3613 2065 3670 versis
2091 3613 2202 3668 illis
2229 3615 2388 3669 simul
2419 3617 2663 3684 privatur
2694 3633 2708 3670 :
2735 3615 2878 3687 quod
2911 3617 3000 3674 hic
3044 3634 3259 3688 quoque
3292 3620 3469 3674 inlini-

1891 3700 1962 3762 ‘is
1990 3705 2270 3762 laboribus
2298 3716 2614 3776 comparata
2675 3725 2787 3764 uno
2813 3709 3015 3765 diaboli
3048 3712 3247 3780 impetu
3287 3713 3469 3782 perdat

1888 3809 1987 3866 per
2018 3805 2323 3866 peccatum,
2362 3798 2518 3867 quasi
2571 3812 2669 3867 per
2700 3802 2994 3870 procellam
3034 3806 3326 3870 quamdam
3364 3806 3470 3871 im;

1890 3899 2106 3940 manem
2130 3887 2468 3942 submersus.
2507 3887 2635 3944 Haec
2657 3905 2763 3946 vox
2788 3891 2837 3946 ei
2862 3895 3118 3948 convenit
3139 3895 3230 3966 qui
3253 3910 3468 3950 omnem

1885 3978 2055 4032 simul
2089 3979 2344 4034 virtutem
2376 3979 2661 4050 naufragio
2697 3981 2947 4040 amiserit
2977 4001 2992 4039 :
3043 3985 3176 4041 Vetti
3209 3987 3261 4040 itt
3299 3990 3467 4042 altum

1893 4083 2065 4134 mare,
2098 4068 2414 4139 etprucella
2442 4071 2740 4128 submersit
2771 4087 2879 4132 me.

1963 4153 2051 4210 Id.
2083 4155 2140 4209 in
2170 4155 2426 4212 Oratione
2456 4167 2643 4213 contra
2672 4161 2864 4218 ebrios.
2897 4161 3000 4229 Qui
3038 4179 3378 4234 prOgrcssnut
3414 4167 3469 4222 itt

1880 4246 2052 4303 'bonis
2078 4248 2386 4306 actionibus
2432 4249 2644 4320 iecerit,
2673 4253 2868 4309 deinde
2896 4257 2964 4312 ad
3001 4258 3285 4328 pristinam
3334 4273 3471 4314 con-

1895 4339 2238 4396 suetudinem
2286 4357 2544 4399 reversus
2604 4343 2808 4414 iuerit,
2861 4364 2966 4403 non
3019 4351 3183 4407 modo
3225 4352 3469 4410 laborum

1896 4433 2298 4503 praeteritorum
2321 4435 2571 4492 mercede
2597 4439 2864 4509 privatur,
2887 4441 2980 4498 sed
3001 4445 3162 4500 etiam
3186 4447 3471 4521 acerbiore

1823 4515 1874 4576 D
1899 4525 2351 4584 condemnatione
2383 4527 2580 4598 dignus
2604 4530 2900 4600 iudicatur.

1971 4614 2235 4687 Theotogi.
2269 4616 2324 4672 Si
2356 4625 2413 4672 tu
2453 4619 2552 4674 tibi
2583 4620 2717 4674 nihil
2755 4621 3126 4678 molestiarum
3163 4625 3278 4682 fore
3312 4639 3470 4698 puta-

1901 4708 2143 4764 bas-cum
2165 4709 2230 4763 ad
2255 4711 2654 4780 philosophiam
2688 4712 2989 4778 accessisti,
3023 4714 3259 4771 alienum
3292 4733 3320 4772 a
3350 4718 3470 4788 phia

1880 4798 2151 4868 'losophia
2191 4799 2292 4854 fuit
2325 4799 2566 4856 initium.
2597 4799 2695 4856 Stn
2744 4803 2974 4871 putabas
3004 4815 3057 4860 et
3090 4823 3198 4862 non
3231 4811 3425 4865 accidit
3452 4849 3469 4877 ,

1905 4889 2020 4946 Deo
2052 4891 2227 4962 gratia
2263 4899 2348 4947 est
2378 4892 2627 4947 habenda
2663 4906 2680 4946 :
2713 4893 2796 4948 sin
2816 4896 3108 4965 acciderit,
3135 4909 3230 4954 aut
3258 4902 3470 4971 patien-

1906 4987 1988 5036 ter
2023 4980 2182 5047 ferto,
2210 4990 2305 5036 aut
2331 4982 2618 5052 promissis
2646 4984 2796 5040 scias
2831 4992 2884 5038 te
2919 5001 3027 5041 non
3055 4989 3296 5047 stetisse.

1976 5067 2239 5126 Philonis.
2274 5071 2528 5128 Nonnulli
2556 5087 2680 5129 eum
2715 5076 2770 5130 in
2825 5074 3026 5132 virtute
3069 5081 3431 5149 profecissent
3454 5123 3470 5150 ,

1891 5161 2242 5219 ‘detlexerunt
2270 5173 2323 5220 et
2352 5176 2742 5224 revocaverunt
2770 5183 2829 5225 se
2857 5171 3174 5241 priusquam
3206 5175 3274 5230 ad
3311 5176 3470 5233 tinem

1909 5259 2304 5326 pervenissent.
2329 5256 2542 5312 Etenim
2573 5257 2832 5328 optimam
2866 5260 3079 5319 vivendi
3114 5268 3375 5325 rationem
3407 5285 3470 5326 ex

1908 5349 2093 5404 animo
2125 5349 2362 5405 detrahit
2412 5351 2726 5406 turbulenta
2776 5359 2830 5408 et
2876 5356 3111 5424 pessima
3156 5363 3321 5427 ratio,
3355 5376 3469 5430 quae

1917 5454 2044 5496 cum
2080 5442 2357 5513 paulisper
2386 5443 2586 5513 quierit
2614 5445 2681 5501 de
2707 5444 2917 5517 integro
2944 5449 3240 5520 majoribus
3273 5453 3469 5506 viribus

1913 5533 2188 5589 renititur.
3312 5550 3314 5552 '
3449 5539 3452 5542 ’

1979 5627 2304 5700 Complures
2329 5631 2825 5698 meditatoresrum
2853 5646 3055 5702 essent,
3082 5638 3146 5692 ad
3177 5643 3469 5692 extremum

227 5717 400 5769 ϐάλον
442 5714 540 5785 τῆς
586 5715 789 5786 ἀρετῆς
821 5713 889 5788 [Ῑ.
915 5717 1016 5784 τὴν
1061 5716 1286 5789 ἀρετήν]
1311 5734 1326 5751 ο
1355 5713 1400 5788 ᾧ
1428 5719 1486 5773 δέ
1522 5722 1752 5792 παρέχει
1781 5724 1810 5777 ό

1911 5719 2164 5775 virtutem
2214 5733 2514 5780 mutarunt.
2556 5725 2712 5796 192
2742 5732 2809 5783 At
2835 5730 2921 5784 cui
2957 5728 3096 5782 Deus
3129 5728 3336 5781 ﬁrmam
3372 5727 3468 5812 litt“

222 5809 368 5870 Θεὸς
402 5808 714 5873 ἐπιστήμην
750 5807 997 5878 Βεσαίαν,
1031 5809 1206 5880 τούτῳ
1248 5805 1470 5866 δίδωσιν
1497 5814 1807 5886 ἀμφότερα,

1913 5811 2056 5884 gitur
2089 5815 2402 5879 scientiam,
2431 5818 2558 5875 huic
2598 5830 2827 5890 utraque
2864 5818 3114 5888 largitur,
3159 5829 3214 5876 et
3244 5805 3470 5877 Vtrtutet
