3992 6252
573 355 711 423 1119
1551 315 1555 320 ’
1790 342 2116 406 ANTONII
2157 333 2505 401 usussa
3672 317 3789 381 nso

552 480 854 535 gexercere,
894 473 950 520 et
997 463 1067 518 ab
1109 461 1302 517 iisdem
1358 469 1638 527 nunquam
1699 455 1973 516 deficere.
2026 453 2120 509 sed

2225 447 2551 520 ἐργάζεσθαί
2605 461 2665 498 τε
2720 443 2824 506 τὰς,
2869 439 3096 509 ἀρετάς,
3146 433 3242 490 καὶ
3297 433 3573 505 μηδέποτε
3632 433 3787 484 aitth

553 533 782 628 'smnper
817 553 1136 620 recondere,
1182 559 1238 608 et
1283 563 1726 620 unamquamque
1760 560 1976 616 semper
2003 559 2129 600 con-

2235 540 2610 613 ἀφίστασθαι,
2677 536 2792 592 ἀλλ’
2853 535 2945 589 ἀεὶ
3009 528 3300 602 ταμιεύειν
3364 526 3462 580 καὶ
3525 523 3791 596 φυλάττειν

567 667 809 710 serv.tre.
1502 691 1506 696 .
2234 632 2500 700 ἑκάστην.

555 719 558 724 Ι
633 745 748 799 Jam
779 742 1000 812 quidam
1030 750 1290 794 novarum
1316 747 1501 790 rerum
1537 730 1722 800 cupidi
1752 738 1807 785 et
1839 727 2131 794 fastidiosi,

2309 724 2449 792 Ἤδη
2482 720 2627 782 τινὲς
2675 717 2954 789 ἁψίκοροι,
3003 714 3330 786 γευσάμενοι
3380 711 3791 780 καλοκαγαθίας,

555 848 689 891 'cnm
732 803 1054 904 probitatem
1106 830 1504 900 degustassent,
1535 840 1600 880 ac
1631 838 1778 893 spem
1812 829 1990 876 status
2029 835 2131 875 me-

2235 817 2329 871 καὶ
2353 815 2543 870 ἐλπίδα
2567 811 2940 883 παρασχόντες
2963 807 3174 878 ὑγείας,
3195 806 3279 870 είς
3305 803 3406 876 τὴν
3426 803 3598 874 αὐτὴν
3621 804 3793 856 ἐπανέ-

565 927 720 982 lioris
749 926 1042 988 dedissent,
1078 922 1136 975 in
1165 919 1421 974 eumdem
1456 915 1698 971 recidere
1729 911 2004 966 morbum.

1111 937 1136 974 [ι
1165 919 1421 974 eumdem
1456 915 1698 971 recidere
1729 911 2004 966 morbum.
2237 906 2477 978 στρεψαν
2509 905 2687 958 νόσον.

919 1033 1150 1090 SERMO
1182 1030 1320 1086 XLV
1350 1029 1448 1102 [αι.
1480 1017 1793 1098 LXXXIX].
2831 1014 3051 1070 ΛΟΓΟΣ
3073 1015 3216 1090 _ME'.

552 1112 645 1200 :De
675 1133 742 1184 iis
793 1132 883 1200 qui
935 1144 1064 1194 opus
1121 1122 1660 1200 libenterfaciuntft
1694 1119 1949 1200 studiose:
1999 1112 2128 1200 Item

2236 1113 2377 1184 Περὶ
2411 1110 2712 1184 φιλεργῶν
2735 1107 3258 1200 ,καξῃσπουδαιωῖο
3291 1106 3383 1159 ὅτι
3416 1103 3538 1173 χρὴ
3585 1105 3794 1171 πονεῖν,

552 1178 603 1204 ’ν
620 1178 982 1256 ἰὰὸὶνᾶἱέιὶιιίιί
1007 1178 1138 1261 esse,
1165 1199 1303 1264 quod
1345 1178 1497 1246 labor
1528 1189 1820 1244 utilitatem
1852 1185 2066 1240 habeat.

1760 1204 1820 1240 ειη
1852 1185 2066 1240 habeat.
2315 1178 2332 1184 ⁷
2412 1178 2428 1184 ⁷
2547 1178 2560 1181 ⁷
2596 1178 2606 1182 ⁷
2716 1179 3016 1250 ὠφέλειαν
3046 1180 3158 1246 τὰρ
3183 1178 3336 1244 ἔχει.

635 1294 761 1350 Gen.
791 1307 869 1344 ιιι.
901 1290 1035 1344 Cum
1066 1288 1266 1340 sudore
1293 1284 1405 1338 oris
1432 1282 1562 1336 edes
1595 1293 1788 1350 panem
1819 1288 1993 1332 tuum.

2325 1275 2416 1328 Ἐν
2448 1273 2631 1344 ἱδρῶτι
2663 1271 2759 1326 τοῦ
2802 1271 3096 1342 προσώπου
3147 1271 3297 1341 φάγῃ
3356 1268 3452 1321 τὸν
3477 1268 3646 1337 ἄρτον
3698 1285 3793 1322 σου.

634 1383 699 1439 II
733 1381 918 1437 Paral.
950 1395 1075 1433 xxv.
1106 1375 1336 1432 Robusti
1364 1381 1559 1436 estote,
1589 1386 1690 1426 nec
1712 1370 2006 1438 fatigentur
2032 1379 2143 1420 ma-

2325 1369 2624 1439 Ἶσχύσατε,
2658 1366 2750 1420 καὶ
2787 1365 2861 1436 μὴ
2895 1361 3278 1418 ἔκλυὲσοωσαν
3323 1363 3381 1416 αἱ
3411 1364 3600 1434 χεῖρες
3638 1361 3794 1432 ὑμῶν,

564 1491 668 1534 nus
704 1484 914 1538 vestrm,
944 1471 1070 1541 quia
1097 1478 1184 1545 est
1211 1481 1420 1520 merces
1449 1478 1629 1532 operte
1659 1471 1873 1516 vestrae.

1826 1477 1873 1516 e.
2239 1461 2378 1517 διότι
2415 1461 2533 1516 ἐστὶ
2573 1457 2766 1527 μισθὸς
2791 1456 2891 1527 τῆς
2923 1455 3186 1527 ιργασίας
3223 1454 3402 1524 ὑμῶν.

631 1565 754 1620 Job.
790 1563 867 1617 Ex
911 1557 1272 1616 sollicitudine
1306 1563 1360 1610 et
1405 1568 1535 1609 cura
1573 1551 1670 1606 tibi
1700 1550 1977 1605 exorietur
2011 1563 2137 1619 pax.

2328 1555 2426 1609 Ἐκ
2461 1551 2732 1622 μερίμνης
2761 1549 2856 1603 καὶ
2880 1547 3163 1619 φροντίδος
3211 1546 3582 1616 ἀναφανεῖται
3615 1562 3694 1599 σοι
3729 1546 3796 1599 εί-

2318 1663 2406 1712 νη.

630 1737 776 1792 Psal.
808 1749 906 1790 cn.
937 1730 1116 1786 Exibit
1147 1732 1310 1785 homo
1336 1729 1402 1783 ad
1433 1742 1572 1798 opus
1601 1742 1762 1784 suum
1785 1767 1802 1794 ,
1837 1733 1893 1782 et
1920 1723 1985 1780 ad
2013 1721 2136 1778 cul-
2172 1791 2206 1801 _

2246 1647 2697 1801 ρήῖ’ἕειίίξελεύσεται
2728 1729 3016 1797 ἄνθρωπος
3066 1727 3159 1782 επὶ
3187 1727 3249 1781 τὸ
3284 1727 3448 1798 ἔργον
3476 1725 3666 1793 αὐτοῦ,
3715 1728 3795 1779 καὶ

552 1805 744 1882 ἰιιιοεηι
772 1839 926 1882 suam
958 1836 1130 1892 usque
1157 1820 1221 1875 ad
1262 1833 1569 1888 vesperam.

2171 1791 2213 1847 Β
2242 1828 2335 1881 ἐπὶ
2362 1791 2464 1894 την
2493 1823 2758 1896 ἐργασίαν
2790 1791 2956 1878 αύτοῦ
2987 1822 3092 1883 ἕως
3129 1791 3394 1889 ἑσπέρας.

553 1904 559 1914 ⁸
638 1918 874 1972 Labores
924 1913 1196 1968 fructuum
1245 1921 1460 1964 tuorum
1508 1909 1661 1974 edes,
1714 1907 1907 1962 beatus
1962 1920 2046 1971 es,
2089 1913 2129 1960 el

2313 1919 2453 1981 Τοὺς
2484 1917 2678 1978 πόνους
2705 1915 2814 1970 τῶν
2849 1913 3079 1984 καρπῶν
3121 1929 3216 1967 σου
3253 1911 3516 1981 φάγεσαι,
3551 1912 3792 1981 μακάριος

570 2006 706 2059 bene
735 2004 829 2058 tibi
853 2003 974 2057 erit.

2242 2007 2315 2077 εἴ,
2346 2009 2443 2063 καί⁸
2471 2009 2652 2072 καλῶς
2686 2024 2769 2061 σοι
2796 2006 2971 2060 ἔσται.

645 2098 802 2151 Prov.
835 2112 912 2152 vt.
951 2095 1006 2149 Si
1047 2093 1277 2164 impiger
1328 2091 1535 2155 fueris,
1581 2089 1759 2145 veniet
1804 2088 1970 2144 veluti
2019 2086 2141 2142 fons

2325 2102 2455 2156 Ἐάν
2487 2102 2682 2163 ἄοκνος
2706 2094 2794 2172 ᾗς.
2817 2095 2937 2170 ἥξει
2961 2096 3150 2166 ὥσπερ
3197 2095 3350 2167 πηγὴ
3383 2097 3413 2149 δ
3444 2095 3650 2165 άμητός
3680 2108 3791 2147 σου·

567 2188 765 2242 messis
800 2193 923 2254 tua;
966 2183 1261 2252 indigentia
1285 2189 1466 2236 autem
1491 2179 1634 2236 velut
1661 2177 1914 2250 egregius
1947 2192 2143 2235 cursor

2241 2194 2277 2264 ἡ
2311 2192 2369 2248 δὲ
2399 2193 2577 2248 ενδεια
2610 2192 2800 2262 ὥσπερ
2855 2189 3021 2254 καλὸς
3058 2189 3294 2260 δρομεὺς
3354 2187 3793 2258 ἀπαυτομολήσει.

564 2278 804 2347 effugiet;

640 2369 834 2425 Manus
870 2367 1095 2423 fortium
1120 2365 1482 2436 locupletant.

2311 2377 2510 2447 Χεῐρες
2532 2374 2792 2444 ἀνδρείων
2823 2371 3230 2437 πλουτίζουσιν.

643 2461 698 2515 In
738 2461 885 2516 omni
917 2459 1152 2517 sollicite
1189 2455 1456 2528 cogitanti
1504 2453 1649 2512 inest
1702 2452 1906 2527 aliquid
1941 2454 2140 2513 redun-

1959 2454 2140 2513 '€d|m‘
2325 2471 2417 2526 ‘Ev
2450 2470 2614 2525 παντὶ
2647 2467 2992 2540 μεριμνῶντι
3035 2466 3214 2522 ἔνεστι
3250 2465 3535 2538 περισσόν.

565 2554 724 2610 dans.

637 2644 742 2711 Qui
772 2643 1088 2700 accumulat
1126 2643 1230 2700 sibi
1261 2657 1385 2698 cum
1411 2642 1633 2713 pietate,
1664 2641 2105 2714 locupletabitur.

2323 2646 2384 2701 '0
2421 2645 2674 2713 συνάγων
2725 2644 2905 2714 ἑαυτῷ
2959 2641 3083 2714 μετ’
3120 2641 3412 2708 εὐσεϐείας
3443 2641 3798 2713 πληθυνθήσε-

2242 2756 2357 2796 ται.

638 2825 799 2880 Prov.
828 2837 980 2878 xxxi.
1011 2820 1262 2878 Porrexit
1293 2819 1516 2876 brachia
1553 2834 1654 2876 sua
1679 2821 1745 2876 ad
1771 2834 1932 2892 opus.
1963 2835 2028 2878 ac
2060 2823 2145 2878 in-

2317 2831 2546 2900 Ἥρεισε
2563 2827 2687 2890 τοὺς
2715 2827 3007 2898 βραχίονας
3029 2827 3202 2896 αὐτῆς
3228 2827 3308 2888 είς
3331 2824 3517 2895 ἔργον,
3548 2826 3641 2880 καὶ
3662 2824 3800 2893 ὲγεύυ

567 2920 774 2974 tcllexit
823 2917 1114 2972 honestum
1155 2929 1278 2971 esse
1313 2914 1568 2984 Operari,
1601 2923 1656 2968 et
1705 2921 1874 2969 totam
1927 2924 2140 2972 noctem

2246 2939 2377 2976 caro
2405 2924 2487 2976 ὅτι
2517 2920 2682 2974 καλόν
2720 2922 2844 2974 ἔστι
2877 2919 2940 2971 τὸ
2981 2919 3312 2990 ἐργάζεσθαι
3338 2933 3352 2948 '
3392 2920 3491 2974 καὶ
3543 2919 3604 2972 οὐ
3654 2937 3801 2974 κατα·

569 3013 794 3066 luccrna
833 3008 1005 3080 ipsius
1042 3022 1150 3062 non
1183 3008 1568 3078 exstinguitur.

2248 3013 2537 3068 σϐέννυται
2565 3013 2593 3065 ὁ
2609 3011 2808 3082 λύχνος
2837 3011 3009 3080 αὐτῆς
3024 3011 3154 3080 ὅλην
3177 3011 3276 3081 τὴν
3305 3011 3499 3067 νύκτα.

635 3101 1030 3158 Condemnabit
1055 3100 1239 3169 justus
1273 3099 1526 3153 laborans
1557 3097 1803 3155 viventes
1839 3097 2060 3168 impios.
2163 3118 2211 3183 α

2315 3107 2649 3174 Κατακρινεί
2695 3103 2904 3168 δίκαιος
2941 3101 3137 3173 καμὼν
3169 3103 3294 3166 τοὺς
3328 3101 3540 3166 ζῶντας
3581 3103 3796 3164 ἀσεϐεῖς.

641 3195 916 3249 Bellorum
951 3193 1198 3246 laborum
1229 3191 1441 3244 fructus
1467 3190 1653 3260 gloriae
1680 3193 2010 3261 conjunctus
2038 3201 2142 3250 est.

1716 3193 2010 3261 onjunctus
2038 3201 2142 3250 est.
2331 3193 2576 3262 Ἀγαθῶν
2597 3192 2778 3247 πόνων
2803 3191 3018 3260 καρπὸς
3040 3190 3292 3261 εὐκλεής.

638 3287 808 3342 Ercli.
845 3286 903 3342 ln
951 3285 1211 3341 omnibus
1257 3283 1518 3354 operibus
1571 3284 1679 3340 tuis
1719 3284 1971 3341 assiduus
1999 3295 2141 3354 esto,

2330 3285 2419 3338 Ἐν
2443 3283 2578 3337 πᾶσι
2607 3285 2722 3346 τοῖς
2755 3281 2941 3354 ἔργοις
2971 3299 3067 3336 σου
3099 3281 3250 3350 γίνου
3274 3283 3557 3352 ἑντρεχὴς,
3587 3281 3678 3336 καὶ
3704 3281 3797 3334 πᾶν

571 3389 626 3435 et
654 3379 834 3434 nullus
861 3387 911 3431 te
940 3377 1163 3432 morbus
1183 3375 1466 3444 corripiet.
2121 3417 2126 3422 .

2121 3417 2126 3422 .
2247 3375 2586 3449 ἀρρώστημα
2615 3377 2677 3429 οὺ
2713 3377 2788 3446 μή
2817 3392 2877 3429 σε
2909 3376 3224 3448 ἀπαντήσῃ.
3455 3425 3463 3436 ,

651 3472 825 3526 Eccle.
867 3486 925 3524 ιι.
955 3469 1126 3524 Crede
1174 3466 1402 3523 Domino
1427 3508 1443 3534 ,
1471 3475 1527 3522 et
1567 3466 1798 3538 persiste
1850 3464 1904 3523 in
1957 3469 2144 3525 labore

2317 3470 2550 3522 Πίστευε
2579 3467 2656 3538 τῷ
2688 3467 2879 3539 Κυρίῳ
2925 3469 3018 3522 καὶ
3062 3467 3270 3538 ἔμμενε
3299 3468 3380 3538 τῷ
3418 3467 3568 3538 πόνῳ
3596 3484 3705 3530 σου,
3727 3467 3800 3520 δτι

570 3573 664 3620 tuo
695 3581 709 3617 :
739 3563 865 3632 quia
900 3561 1015 3616 leve
1040 3568 1122 3615 est
1148 3559 1201 3612 in
1233 3557 1407 3615 oculis
1450 3557 1661 3614 Domini
1709 3568 1931 3630 repente
1964 3560 2144 3616 ditare

2250 3559 2454 3629 κοῦφον
2500 3562 2558 3614 ἐν
2611 3560 2912 3631 ὀφθαλμοῖς
2959 3561 3170 3631 Κυρίου
3222 3559 3488 3632 ἐξαπίνης
3537 3561 3800 3613 πλουτίσαι

572 3668 890 3726 pauperem.

2252 3656 2484 3724 πένητα.

645 3746 813 3800 Eccli.
839 3761 913 3800 LI.
944 3743 1128 3800 Facite
1163 3747 1314 3815 ‘opns
1355 3751 1596 3800 vestrum
1640 3752 1768 3801 ante
1821 3753 2057 3816 tempus,
2090 3751 2144 3800 et

2328 3746 2664 3819 Ἐργάζεσθε
2717 3747 2778 3802 τὸ
2807 3742 2970 3816 ἔργον
2999 3743 3156 3816 ὑμῶν
3203 3743 3309 3815 πρὸ
3357 3743 3579 3815 καιροῦ,
3612 3741 3806 3798 καὶδὼ-

573 3837 723 3893 dabit
751 3837 905 3891 vobis
936 3837 1237 3890 mercedem
1265 3838 1318 3890 in
1347 3844 1591 3904 tempore
1621 3851 1750 3892 suo.

2249 3855 2331 3895 σει
2366 3839 2460 3893 τὸν
2485 3839 2680 3910 μισθὸν
2711 3838 2866 3901 ὑμῶν
2899 3839 2960 3891 ὲν
3000 3837 3079 3906 τῷ
3109 3837 3291 3908 καιρῷ
3323 3835 3514 3892 αὐτοῦ.

646 3929 871 3985 Praestat
913 3928 1008 4000 qui
1063 3929 1119 3982 in
1167 3929 1422 3983 omnibus
1475 3928 1681 3998 aliquid
1738 3926 1924 3992 operis
1987 3925 2142 3992 facit,

2321 3931 2588 4000 Κρεῐσσον
2645 3929 3013 4001 ἐργαζόμενος
3050 3927 3108 3983 δν
3160 3928 3352 3994 πᾶσιν,
3385 3926 3421 3998 ἢ
3468 3923 3806 3996 δοξαζόμενος

575 4039 740 4094 quam
779 4021 872 4091 qui
907 4021 1078 4090 gloria
1109 4019 1360 4086 afﬁcitur,
1391 4019 1552 4091 panis
1586 4020 1858 4092 indigens.

1245 4027 1360 4086 tur,
1391 4019 1552 4091 panis
1586 4020 1858 4092 indigens.
2247 4021 2343 4078 καὶ
2360 4021 2583 4093 ἀπορῶν
2628 4019 2821 4091 ἄρτου.

646 4115 703 4169 In
737 4129 899 4185 opere
927 4122 1021 4168 tuo
1046 4113 1441 4168 consenescito.

2329 4112 2420 4166 Ἐν
2445 4112 2522 4182 τῷ
2558 4111 2708 4183 ἔργῳ
2730 4128 2824 4164 σου
2850 4109 3212 4181 παλαιὼθητι.

645 4205 725 4258 Ad
786 4203 975 4258 boram
1045 4202 1418 4272 praescriptam
1481 4201 1730 4274 surgito,
1794 4215 1901 4258 nec
1957 4199 2148 4259 tardus

2120 4215 2148 4259 β
2331 4203 2420 4259 Ἐν
2449 4207 2518 4276 τῇ
2559 4203 2681 4275 ὥρᾳ
2711 4219 2804 4256 σου
2829 4201 3130 4272 ἐξεγείρου,
3169 4199 3265 4255 καὶ
3290 4199 3370 4272 μὴ
3403 4199 3696 4273 βραδύνῃς.

573 4308 714 4354 θειο.
2265 4347 2269 4352 .

641 4385 804 4441 Joan.
851 4401 905 4442 v.
948 4383 1108 4440 Pater
1148 4398 1304 4441 meus
1359 4383 1541 4440 adhuc
1593 4392 1872 4456 operatur,
1929 4394 1989 4442 et
2043 4399 2147 4457 ego

2328 4389 2389 4443 '0
2409 4387 2601 4459 Πατήρ
2638 4403 2741 4458 μου
2769 4385 2875 4451 ἕως
2901 4386 3028 4458 ἄρτι
3054 4384 3374 4456 ἐργάζεται,
3411 4385 3577 4454 κάγὼ
3607 4381 3805 4456 ἐργάζο-

572 4494 788 4550 operor.
1457 4536 1464 4541 _

1457 4536 1464 4541 .
2181 4474 2226 4532 Ι)
2256 4498 2377 4553 μαι.

645 4570 834 4625 Matth.
865 4583 992 4624 xxv.
1028 4566 1202 4624 Homo
1247 4567 1469 4638 quidam
1523 4583 1752 4640 peregre
1802 4569 2150 4640 profecturus

2331 4570 2650 4642 ΙἈνθριι.νιιεός
2719 4588 2805 4634 τις
2852 4571 3157 4640 ἀποδημῶν
3198 4571 3427 4626 ἐκάλεσε
3477 4573 3615 4635 τοὺς
3671 4572 3805 4631 ἰδίους

574 4665 780 4720 vocatis
830 4661 1006 4718 servis
1035 4663 1151 4717 suis
1176 4661 1327 4717 dedit
1367 4676 1464 4718 sua
1495 4661 1635 4717 bona
1655 4701 1670 4725 ,
1703 4661 1795 4717 alii
1821 4663 2042 4734 quidem
2065 4673 2150 4718 ta-

2254 4662 2496 4729 δούλους,
2530 4665 2627 4718 καὶ
2651 4663 2971 4734 παρέδωκεν
2995 4664 3184 4728 αὐτοῖς
3207 4664 3278 4718 τὰ
3297 4665 3622 4735 ὑπάρχοντα
3645 4662 3802 4720 αὑτοῦ·

572 4749 717 4809 lenta
753 4758 1014 4824 quinque,
1046 4752 1206 4807 alteri
1263 4761 1441 4808 autem
1477 4754 1608 4816 duo,
1653 4753 1806 4808 alteri
1849 4768 2042 4818 unum,
2088 4767 2148 4810 ac

2253 4757 2348 4810 καὶ
2381 4748 2426 4823 ᾧ
2458 4754 2558 4827 μὲν
2585 4756 2754 4810 ἔδωκε
2780 4757 2948 4810 πέντε
2979 4755 3239 4823 τάλαντα,
3272 4749 3318 4824 ᾧ
3347 4755 3406 4810 δὲ
3452 4757 3572 4824 δύο,
3595 4750 3638 4824 ᾧ
3665 4757 3720 4810 δὲ
3743 4756 3802 4816 ἕνα

576 4860 676 4915 pro
711 4844 969 4901 facultate
999 4843 1218 4914 cuique,
1259 4852 1315 4899 et
1363 4858 1589 4917 peregre
1620 4844 2058 4915 profectusest,
2099 4857 2152 4903 et

2255 4847 2469 4918 ἑκάστῳ
2497 4847 2640 4900 κατὰ
2663 4845 2764 4918 τὴν
2816 4846 2955 4901 ἰδίαν
3004 4845 3279 4917 δύναμιν·
3322 4848 3422 4901 καὶ
3475 4848 3806 4920 ἀπεδήμησεν

575 4938 804 5006 rehqua.

2252 4938 2477 5004 εὐθέως,
2505 4939 2600 4994 καὶ
2619 4939 2688 4993 τά
2718 4938 2869 5009 ἑξῆς.

645 5031 767 5084 Act.
816 5045 908 5085 xx.
960 5029 1063 5100 lpsi
1111 5029 1284 5085 nostis
1335 5044 1532 5085 manus
1577 5029 1676 5086 bas
1723 5032 2151 5090 necessitatibus

2323 5027 2492 5081 Αὐτοὶ
2544 5027 2852 5095 γινώσκετε
2880 5029 2963 5084 δτι
3011 5031 3134 5095 ταῖς
3182 5029 3398 5101 χρείαις
3451 5047 3561 5101 μου
3589 5031 3807 5090 καὶτοῖς

576 5120 717 5176 meis
769 5131 824 5175 et
875 5137 1064 5176 eorum
1125 5120 1221 5191 qui
1273 5135 1485 5175 mecum
1539 5129 1698 5176 erant
1743 5123 2087 5179 ministrasse
2131 5139 2147 5178 :

2247 5111 2372 5173 οὖσι
2407 5118 2524 5189 μετ’
2555 5118 2689 5188 ἐμοῦ
2714 5120 3074 5193 ὑπηρέτησαν
3101 5121 3156 5176 αι
3192 5125 3378 5194 χεῖρες
3439 5121 3632 5178 αὗται.
3672 5120 3809 5175 Ὑπί-

576 5213 825 5281 exemplo
857 5213 1222 5269 demonstravi
1261 5211 1416 5283 193
1447 5213 1624 5276 vobis,
1661 5215 1742 5270 sic
1788 5215 2149 5270 laborandum

2253 5211 2403 5278 δειξα
2433 5212 2528 5267 οὖν
2557 5213 2708 5284 ύμῖν,
2753 5214 2836 5268 ὅτι
2862 5212 3038 5278 οὕτως
3085 5214 3398 5276 κοπιῶντας
3429 5214 3514 5268 δεῖ
3571 5214 3813 5279 ἀντιλαμ-

577 5319 723 5367 esse,
760 5316 818 5358 ut
849 5305 1079 5361 infirmis
1124 5307 1519 5371 subveniatur;
1571 5307 1846 5361 recordari
1878 5309 2020 5362 enim
2053 5308 2148 5362 de-

2255 5304 2520 5358 6άνεσθαι
2545 5305 2655 5358 τῶν
2686 5306 3082 5374 ἀσθενούντων,
3120 5304 3486 5377 μνημονεύειν
3519 5322 3584 5358 τε
3617 5301 3812 5358 τῶνλόο

579 5395 718 5453 betis
762 5396 926 5451 verba
975 5395 1210 5463 Domini,
1260 5413 1388 5452 cum
1421 5397 1538 5468 ipse
1576 5399 1817 5453 dixerit:
1863 5416 1880 5450 ι
1913 5397 2149 5455 Felicius

2253 5414 2364 5466 γων
2390 5398 2486 5451 τοῦ
2520 5398 2729 5468 Κυρίου
2775 5396 2971 5467 Ἰησοῦ,
3003 5399 3086 5451 ὅτι
3121 5398 3288 5461 αὐτὸς
3333 5391 3457 5450 εἷπε
3484 5412 3499 5428 ⁸
3545 5396 3812 5464 Μακάρων

575 5500 662 5548 est
692 5489 844 5555 dare,
884 5503 1046 5558 quam
1084 5490 1351 5559 accipere.
1379 5509 1398 5543 ι

2252 5489 2312 5540 τδ
2339 5487 2537 5540 διδόναι
2577 5486 2778 5556 μᾶλλον
2804 5487 2837 5557 ἢ
2865 5487 3183 5557 λαμϐάνειν.

649 5582 681 5638 1
731 5583 913 5639 Thess.
967 5598 1041 5639 tv.
1094 5581 1388 5638 Hortamur
1442 5591 1626 5641 autem
1676 5600 1796 5651 vos,
1828 5583 2060 5649 fratres,
2091 5593 2152 5640 ut

2236 5633 2238 5636 ,
2325 5577 2762 5650 Παρακαλοῦμεν
2817 5578 2876 5632 δὲ
2935 5579 3104 5648 ὑμᾶς,
3176 5577 3418 5646 ἀδελφοὶ,
3487 5577 3812 5650 περισσεύειν

581 5661 1024 5731 abundantiores
1049 5673 1192 5740 sitis,
1225 5682 1280 5730 et
1309 5674 1572 5731 studeatis
1599 5677 1810 5745 quieti,
1847 5685 1902 5731 et
1941 5677 2147 5744 privata

2257 5673 2459 5743 μᾶλλον
2511 5672 2609 5726 καὶ
2665 5673 3068 5744 φιλοτιμεῖσθαι
3123 5672 3438 5744 ἡσυχάζειν,
3505 5677 3599 5728 καὶ
3651 5673 3813 5745 κράσ-

581 5774 748 5832 opera
779 5766 1011 5835 faciatis,
1038 5765 1396 5837 manibusque
1419 5768 1614 5826 vestris
1643 5782 1779 5838 opus
1807 5767 2141 5826 coniiciatis:

2261 5783 2374 5824 σειν
2402 5765 2470 5821 τὰ
2523 5764 2652 5836 ἴδια,
2683 5765 2823 5841 ,καὶ⁸
2853 5764 3186 5837 ἐργάζεσθαι
3230 5765 3353 5831 ταῖς
3409 5767 3597 5836 χερσὶν
3653 5762 3807 5834 optim
