3992 6252
477 445 480 448 ’
581 459 770 501 amara
807 446 974 501 etiam
1017 445 1149 499 dicit
1198 459 1324 499 esse
1370 443 1614 498 dulcium
1649 459 1846 500 causas
1875 442 2120 517 [viatica]
2151 483 2170 511 ,

589 244 729 304 ιηε
1860 247 2181 310 AN'I‘UNM
2225 250 2578 320 MELISSIE‘

651 348 898 422 Dionysii
926 349 1080 404 Alex.
1139 346 1320 406 Fortis
1375 357 1557 406 autem
1600 353 1658 406 et
1687 359 1947 406 accurata
1993 353 2168 410 oratio
2198 362 2243 420 Α

3705 266 3820 330 il?!

2356 357 2413 414 '0
2470 360 2529 415 δέ
2563 377 2625 429 γε
2682 361 3000 435 ὲῤῥωμένος
3052 367 3147 422 καὶ
3197 369 3435 443 ἀκριϐὴς
3469 373 3626 445 λόγος
3655 383 3738 433 καὶ
3766 386 3823 436 τὰ

2274 451 2449 518 πικρά
2480 448 2624 508 εἷναί
2651 471 2786 525 φησι
2814 457 2925 514 τῶν
2955 457 3204 528 γλυκέων
3244 464 3456 532 ἐφόδια.
3479 470 3578 522 καὶ
3607 470 3822 537 γίνεσθε·

2271 545 2521 614 καρποὺς
2541 545 2651 600 τῶν
2685 548 2864 602 πόνων
2883 553 2983 615 τὰς
3014 553 3229 623 ἡδονάς.
3277 557 3518 628 ’Λκμητὶ
3547 560 3655 632 γὰρ
3692 565 3823 622 οὐδὲν

2269 633 2494 696 δύναται
2528 641 2938 709 παραγενέσθαι
2985 645 3172 701 καλόν.

2351 725 2554 797 Ἀρχὴν
2611 727 2682 796 (εί
2736 730 2820 784 δεῖ
2865 733 3097 804 τάληθὲς
3141 736 3342 809 εἰπεῖν)
3395 741 3599 805 παντὸς
3637 743 3817 812 ἀγαθοῦ

2269 816 2365 870 καὶ
2395 819 2600 890 ἀρετῆς
2625 822 2849 893 ἁπάσης
2882 829 2910 880 ό
2952 825 3084 892 Θεὸς
3125 828 3388 895 ενὲδειξεν
3413 832 3716 904 ἀνθρώποις
3735 839 3816 890 πό-

2267 923 2378 962 νονο
2401 909 2461 964 οὖ
2489 914 2659 986 χωρὶς
2677 917 2786 971 τῶν
2812 919 3036 986 ἀγαθῶν
3060 921 3214 976 οὐδέν
3243 923 3357 977 ἐστι
3375 926 3526 995 παρὰ
3557 927 3634 997 τῷ
3660 928 3812 1000 θνητῷ

2267 1001 2418 1069 γένει
2449 1008 2860 1078 συνιστάμενον.
3825 1021 3850 1068 ’τ-

2340 1094 2532 1185 Θνητῷ
2559 1101 2668 1172 γάρ
2711 1102 2888 1158 οὐδενὶ
2921 1106 3118 1177 κτῆσιν
3173 1108 3384 1176 ἀγαθοῦ
3420 1110 3548 1182 δίχα
3596 1113 3809 1185 πόνωνή

2266 1179 2430 1257 φύσις
2463 1184 2790 1260 δεδώρηται.

2333 1274 2485 1348 Αὕτη
2513 1277 2685 1350 ἡδονὴ
2711 1281 2894 1354 ψυχῆς
2920 1285 3226 1359 ἀσκητικῆς
3259 1288 3621 1359 ἧδιστονάντὶ
3642 1295 3808 1367 πικροῦ

2260 1365 2322 1424 τὸ
2353 1373 2539 1425 πονεῖν
2565 1372 3000 1447 ύπολαμδάνειν.

580 549 637 595 et
667 540 913 594 laborum
967 536 1176 592 fructus
1206 551 1333 592 esse
1361 536 1670 606 voluptates
1712 553 1728 590 :
1765 551 1890 592 nam
1928 538 2048 593 sine
2082 538 2164 592 la-

580 629 715 686 bore
743 627 879 682 nihil
908 636 1088 698 potest
1118 627 1331 698 pulchri
1360 627 1701 698 contingere.

650 719 916 773 Philonis.
954 717 1289 788 Principium
1340 719 1520 776 omnis
1557 721 1681 776 boni
1728 729 1785 776 et
1825 721 2068 787 virtutis,
2120 721 2166 778 si

577 825 770 864 verum
812 809 970 865 fateri
1005 812 1282 876 volumus,
1309 810 1550 866 laborem
1584 827 1708 868 esse
1750 812 1895 869 Deus
1930 813 2169 871 hemini-

577 906 683 961 bus
733 907 997 970 ostendit,
1034 923 1147 977 quo
1185 916 1400 962 remoto
1427 907 1583 977 {nihil
1632 909 1767 965 boni
1814 909 1959 982 apud
1993 927 2164 981 genus

578 999 878 1054 humanum
907 998 1165 1054 constitui
1197 1008 1393 1068 potest.

650 1091 851 1146 Natura
877 1093 1020 1146 enim
1055 1093 1192 1147 nulli
1241 1093 1557 1148 mortalium
1587 1094 1718 1151 boni
1745 1097 2162 1166 possessionem

576 1181 698 1238 sine
729 1183 1008 1238 labor-ibus
1035 1184 1226 1254 largita
1262 1195 1368 1241 est.

651 1274 777 1330 Haec
804 1285 885 1330 est
921 1276 1087 1330 animi
1120 1292 1303 1333 rerum
1345 1277 1658 1334 divinarum
1689 1281 2162 1352 contemplatione

571 1370 848 1425 versantis
879 1369 1158 1438 voluptas,
1210 1378 1270 1423 ut
1312 1368 1564 1425 laborare
1596 1371 1871 1428 existimet
1903 1371 2160 1430 dulcissi-

569 1474 739 1514 mum.

641 1553 746 1620 Qui
777 1551 1020 1607 laborem
1074 1549 1235 1622 fugit,
1278 1551 1396 1622 ipsa
1448 1553 1587 1608 bona
1624 1551 1809 1623 fugit:
1841 1552 1934 1622 qui
1975 1561 2146 1609 autem

2338 1545 2401 1604 Ὀ
2437 1545 2537 1619 μὲν
2554 1547 2649 1606 τδν
2677 1552 2840 1608 πόνον
2879 1556 3101 1626 φεύγων
3148 1558 3341 1630 φεύγει
3398 1563 3468 1617 τὰ
3499 1565 3690 1633 ἀγαθὼ
3713 1571 3738 1623 6
3759 1569 3806 1623 δὲ

573 1649 872 1704 toleranter
895 1653 950 1700 et
978 1645 1190 1701 fortiter
1223 1646 1460 1701 sustinet
1484 1645 1729 1709 dura,ad
1761 1643 2146 1701 beatitudinem

2255 1639 2528 1712 τλητικῶς
2573 1649 2670 1698 καὶ
2692 1645 2955 1718 ἀνδρείως
3007 1650 3299 1723 ὑπομένων
3325 1655 3395 1711 τά
3422 1655 3806 1732 δυοκαρτὲριιτα
3875 1681 3880 1684 ·

571 1739 820 1794 festinat.
1628 1705 1640 1709 ⁷
1669 1727 1672 1729 Α

2262 1705 2482 1789 σπεύδει
2508 1705 2668 1806 *πρὸς
2704 1705 3106 1813 μακαριότητα.

644 1833 887 1886 Plurima
915 1843 967 1888 et
993 1830 1233 1886 maxima
1284 1827 1427 1884 bona
1458 1824 1860 1882 certationibus
1891 1822 2157 1881 exercita-

564 1930 732 1986 tionis
763 1927 939 1995 plenis
966 1935 1015 1981 el
1048 1923 1356 1980 virentibus
1383 1920 1664 1977 laboribus
1694 1906 2094 1989 acquiruntur;

639 2022 884 2077 Democr.
915 2017 1160 2073 Labores
1188 2011 1451 2068 debemus
1481 2010 1773 2080 persequi,
1816 2009 2020 2080 quibus
2051 2008 2154 2064 ho-

567 2114 746 2170 mines
783 2125 1009 2182 magnas
1043 2122 1132 2164 res
1159 2114 1215 2161 et
1243 2103 1560 2175 splendidas
1587 2102 1690 2158 sibi
1736 2111 2078 2172 comparant.

637 2217 857 2272 Naturae
893 2214 1149 2268 virtutem
1197 2206 1502 2276 corrumpit
1548 2203 1785 2268 incuria,
1832 2202 2156 2274 improbita.

2332 1829 2415 1885 Τά
2447 1829 2676 1886 πλεῖστα
2711 1833 2806 1887 καὶ
2835 1835 3076 1904 μέγιστα
3098 1835 3209 1890 τῶν
3253 1837 3480 1906 ἀγαθῶν
3511 1841 3813 1914 άσκητικιιῖς

2261 1919 2546 1992 ἀθλήσεσι,
2578 1925 2673 1978 καὶ
2700 1924 2874 1995 ὴδῶσι
2900 1927 3086 1993 πόνοις
3125 1928 3285 1985 είωθε
3325 1933 3720 2002 περιγίνεσθαι.

2332 2017 2426 2069 Δεῖ
2456 2018 2584 2080 τοὺς
2613 2019 2809 2083 πόνους
2833 2019 3072 2092 διώκειν,
3099 2023 3219 2078 ἀνθ’
3263 2015 3341 2080 ὧν
3368 2025 3446 2080 τὰ
3473 2029 3684 2098 μεγάλα
3732 2037 3810 2087 καὶ

2258 2105 2493 2179 λαμπρὰ
2521 2108 2728 2178 γίνεται
2752 2112 2865 2176 τοῖς
2905 2111 3237 2184 ἀνθρώποις.

2330 2201 2552 2266 Φύσεως
2595 2202 2696 2274 μὲν
2748 2204 2858 2275 γὰρ
2912 2205 3118 2279 ἀρετὴν
3176 2206 3488 2280 διαφθείρει
3541 2210 3802 2282 ῥᾳθυμία·

2258 2294 2573 2367 φαυλότητα
2614 2295 2671 2350 δὲ
2697 2297 2992 2370 επανορθοί
3022 2299 3210 2375 διδαχή
3233 2319 3250 2335 ο
3290 2305 3388 2360 καὶ
3416 2304 3486 2359 τὰ
3547 2305 3644 2376 μὲν
3670 2305 3807 2378 ῥᾴδια

2256 2386 2383 2450 τοὺς
2404 2388 2747 2458 ἀμελοῦντας
2781 2392 2995 2462 φεύγει·
3035 2397 3106 2450 τά
3126 2396 3184 2450 δὲ
3231 2397 3446 2470 χαλ-επὶ
3481 2402 3604 2465 ταῖς
3639 2404 3810 2471 herpes,

2256 2478 2432 2545 λείαις
2465 2483 2784 2540 ἁλίσκεταιο
2821 2485 3008 2557 ὥσπερ
3062 2488 3173 2560 γὰρ
3216 2490 3457 2562 ὄργανον
3504 2493 3687 2548 ἄνεσιν
3727 2496 3807 2548 καὶ

2255 2575 2507 2634 ἐπίτασιν
2533 2576 2812 2648 λαμϐάνον
2837 2579 2938 2651 ἡδὺ
2969 2580 3204 2650 γίνεται,
3232 2583 3380 2639 οὕτω
3414 2586 3512 2641 καὶ
3553 2586 3683 2653 βίος.

563 2321 672 2366 tem
711 2305 936 2377 corrigit
973 2302 1246 2360 doctrina.
1270 2300 1336 2354 Et
1378 2290 1558 2352 facilia
1595 2294 2000 2366 negligentibus
2024 2294 2148 2349 ela-

559 2403 765 2456 buntur
798 2395 1078 2452 :diﬂicilia
1108 2406 1236 2447 vero
1267 2389 1416 2446 curis
1447 2386 1760 2457 capiuntur.
1784 2382 1856 2440 Ut
1876 2385 2022 2440 enim
2053 2383 2144 2438 in-

557 2498 928 2548 strumontum
962 2485 1108 2557 quod
1147 2481 1445 2538 remittitur
1469 2489 1522 2535 et
1549 2477 1877 2541 intenditur,
1903 2473 2150 2544 jucunda

558 2585 838 2655 voluptate
871 2580 1108 2638 oblectat
1138 2592 1153 2628 :
1188 2576 1267 2632 sic
1294 2575 1461 2627 etiam
1494 2571 1603 2625 vita
1633 2569 1916 2626 hominum
1950 2565 2146 2642 [otium

559 2679 700 2734 inter
728 2683 784 2730 et
811 2674 1049 2727 laborem
1083 2663 1454 2738 dispertienda
1483 2659 1616 2734 est].

634 2775 896 2844 Socratis.
923 2771 1136 2827 Exerce
1160 2778 1215 2825 te
1242 2765 1526 2822 laboribus
1551 2758 1899 2825 voluntariis,
1933 2767 1992 2816 ut
2014 2773 2146 2830 pos-

2324 2757 2575 2829 Γύμναζε
2613 2761 2812 2815 σαυτὸν
2855 2762 3041 2828 πόνοις
3089 2765 3387 2836 ἑκουσίοις,
3421 2771 3511 2824 ἶνα
3552 2772 3700 2842 δόξῃς
3727 2774 3804 2828 καὶ

559 2871 639 2926 sis
679 2879 734 2922 et
767 2882 875 2921 non
919 2860 1258 2918 voluntarios
1291 2856 1548 2912 tolerare.

631 2959 826 3017 Nullus
858 2970 1100 3028 unquam
1137 2952 1355 3008 laudem
1404 2955 1492 3005 est
1538 2945 1914 3018 voluptatibus
1949 2958 2142 3002 conse-

1853 3035 2060 3108 [eutus.

635 3141 830 3199 Nullus
856 3138 1134 3210 negligens
1171 3133 1399 3208 gloriam
1427 3145 1681 3202 magnam
1711 3137 1796 3185 est
1825 3129 2054 3197 adeptus
2078 3141 2096 3192 ;

633 3237 741 3294 Sed
767 3234 979 3288 labores
1007 3225 1343 3286 fortitudinis
1370 3224 1589 3281 laudem
1619 3224 1861 3294 pariunt.

2170 3071 2228 3138 ο,

2251 2853 2377 2917 τοὺς
2410 2853 2704 2918 ἀκουσίους
2736 2855 3052 2926 ὑπομένειν.

2323 2945 2514 3009 Οὐδεὶς
2543 2944 2765 3002 ἔπαινον
2800 2948 3018 3020 ἡδοναῖς
3038 2951 3328 3024 ἐκτήσατο.

2318 3123 2510 3188 Οὖδεὶς
2544 3123 2792 3196 ῥᾴθυμος
2817 3125 3048 3199 εὐκλεὴς
3074 3129 3215 3202 ἀνήρ
3246 3147 3262 3162 ⁸

2329 3213 2471 3267 Ἀλλ’
2502 3215 2552 3268 oi
2575 3216 2729 3270 πόνοι
2753 3219 3001 3275 τίκτουσι
3027 3220 3128 3293 τὴν
3169 3224 3484 3297 εὐανδρίαν.

1733 3313 2019 3385 (Carciui.)
2083 3342 2095 3352 -

634 3418 1031 3477 Demosthenes
1081 3429 1111 3469 a
1151 3403 1388 3484 quodam
1438 3409 1827 3478 interrogatus,
1877 3407 2142 3476 quemad-

565 3515 787 3570 modum
836 3519 982 3566 esset
1024 3506 1243 3562 dicendi
1295 3501 1619 3559 facilitatem
1669 3498 1922 3567 adeptus,
1973 3495 2144 3565 Plus,

565 3605 764 3675 inquit,
794 3603 894 3656 olei
931 3614 1094 3670 quam
1127 3598 1236 3653 viui
1267 3593 1666 3653 consumendo.

639 3691 801 3768 195
845 3689 1057 3760 Corpus
1089 3685 1368 3742 laboribus
1417 3696 1636 3748 exerce,
1674 3680 1916 3735 animum
1955 3687 2140 3735 autem

560 3785 779 3848 fortiter
806 3793 859 3840 et
882 3795 1144 3853 generose
1168 3776 1413 3850 pericula
1443 3771 1790 3832 sustinendo.

634 3877 1016 3948 Xenophontis.
1047 3877 1185 3930 Deus
1217 3874 1295 3928 sic
1320 3870 1536 3935 statuit,
1567 3878 1629 3922 ut
1678 3865 1790 3921 illis
1825 3865 1920 3937 qui
1967 3865 2145 3924 nolint

561 3973 830 4042 imperare
851 3979 906 4024 et
935 3969 1281 4035 praescribere
1308 3964 1410 4020 sibi
1445 3965 1669 4018 honesta
1704 3959 1867 4026 facta,
1895 3957 2034 4024 alios
2061 3957 2144 4017 eis

563 4063 897 4133 imperantes
936 4059 1158 4111 inducat
1185 4057 1459 4110 dominos.

631 4153 872 4208 Labercs
917 4149 1238 4214 voluntarii,
1291 4164 1396 4200 non
1445 4144 1877 4201 voluntariorum
1923 4155 2146 4214 perpes-

2315 3385 2669 3457 Δημοσθένης
2699 3391 3004 3463 ἐρωτηθεὶς
3037 3396 3142 3451 ὑπό
3173 3415 3341 3467 τινος,
3375 3401 3496 3468 πῶς
3528 3405 3628 3476 τῆς
3665 3409 3799 3476 ῥητο-

2245 3477 2412 3638 ρέκῆς
2442 3481 2818 3556 περιεγένετο,
2854 3486 2982 3559 ἔφη,
3021 3489 3189 3547 Πλέον
3235 3492 3423 3549 ἔλαιον
3452 3496 3599 3552 οἴνου
3645 3499 3794 3554 δοκε·

2245 3585 2273 3623 ν
2320 3586 2439 3632 σας.

2244 3585 2439 3632 νησας.

2315 3661 2569 3734 Γύμναζε
2601 3672 2714 3733 τοῖς
2741 3671 2839 3742 μὲν
2874 3675 3062 3740 πόνοις
3099 3677 3161 3730 τδ
3186 3677 3368 3750 σῶμα,
3413 3683 3516 3755 τὴν
3553 3685 3611 3739 δὲ
3641 3684 3795 3755 ψυχὴν

2243 3759 2505 3822 γενναίως
2536 3761 2832 3832 ὑπομένειν
2865 3767 2992 3832 τοὺς
3033 3771 3335 3838 κινδύνους.

2330 3846 2388 3901 '0
2420 3849 2550 3916 Θεὸς
2577 3853 2750 3919 οὕτως
2779 3858 3031 3930 ἐποίησε,
3060 3865 3189 3926 τοὺς
3215 3867 3291 3937 μὴ
3316 3865 3577 3933 θέλοντας
3599 3870 3793 3934 ἑαυτοὺς

2243 3939 2608 4006 προστάσσειν
2641 3947 2894 4004 ἐκπονεῖν
2943 3954 3012 4008 τά
3030 3953 3236 4024 ἀγαθά,
3264 3956 3464 4024 ἄλλους
3492 3962 3670 4026 αὐτοῖς
3689 3965 3790 4017 ἐπι-

2242 4031 2528 4103 τακτῆρας
2568 4037 2805 4099 δίδωσιν.

2315 4121 2378 4174 Οί
2413 4124 2653 4219 ἑκούσιοι
2699 4131 2852 4189 πόνοι
2909 4133 3010 4208 τὴν
3055 4138 3166 4194 τῶν
3207 4139 3482 4201 ἀκουσίων
3541 4146 3788 4219 ὑπομονὴν

560 4246 772 4302 sionem
801 4241 1046 4300 efﬁciunt
1075 4247 1357 4296 leviorem.

632 4338 778 4394 Idem
811 4336 1166 4407 conspicatus
1196 4334 1452 4402 juvenem
1483 4329 1820 4385 industrium
1849 4335 1905 4382 et
1930 4326 2139 4384 laboris

2241 4209 2614 4287 ἐλαφροτέραν
2647 4225 3190 4294 παρασκευάζουσιν.

2325 4304 2570 4402 Ὀ-αὐτδς
2595 4313 2722 4369 ίδὼν
2748 4319 2968 4375 νεανίαν
2998 4322 3415 4394 φιλοπονοῦντα,
3451 4325 3582 4402 ἔφη’
3613 4329 3786 4392 Κάλλι-

564 4439 860 4494 amantem,
889 4397 1380 4490 iucundissimum,
1413 4421 1612 4494 inquit,
1648 4417 1916 4478 senectuti
1944 4417 2136 4476 condis

2250 4407 2369 4450 στον
2391 4397 2526 4474 ὄψον
2549 4403 2631 4479 τῷ
2669 4409 2870 4480 γήρατι
2894 4411 3062 4481 άρτύε
3072 4429 3144 4478 ις.

558 4521 849 4579 obsonium

984 4649 1222 4709 SERMO
1252 4646 1413 4706 XLVI
1443 4646 1544 4722 [αι.
1570 4644 1708 4719 XC].

563 4770 639 4828 De
679 4769 918 4826 osoribtts
946 4767 1186 4822 laborum
1211 4773 1260 4818 et
1289 4779 1522 4831 operum,
1568 4777 1630 4816 ac
1654 4760 1842 4832 pigris,
1871 4760 2002 4818 nihil
2035 4775 2134 4817 cu-

1048 4835 1289 4891 rentibus
1323 4843 1372 4887 et
1407 4833 1650 4891 incuria.

635 4971 788 5028 Psal.
828 4983 1000 5026 Lxxu.
1048 4966 1106 5022 lu
1162 4964 1446 5021 laboribus
1483 4962 1770 5021 hominum
1818 4977 1926 5019 non
1960 4972 2131 5030 sunt,

557 5072 616 5118 et
642 5079 765 5118 cum
792 5059 1110 5117 hominibus
1135 5055 1316 5126 ﬂagris
1353 5068 1463 5109 non
1493 5052 1792 5108 credentur.

635 5153 796 5208 Prov.
835 5169 911 5206 ix.
947 5150 1026 5206 lto
1057 5153 1122 5206 ad
1158 5147 1467 5211 formicam,
1498 5161 1531 5200 ο
1565 5146 1737 5216 piger,
1785 5155 1839 5201 et
1873 5145 2135 5203 aemulam

559 5245 826 5303 rationem
856 5259 919 5299 ac
953 5243 1094 5298 viam
1122 5241 1287 5306 illius,
1320 5243 1507 5307 sisque
1538 5252 1600 5292 ea
1637 5237 1977 5307 prudentior,
2005 5256 2132 5296 nam

555 5349 683 5391 cum
710 5333 786 5388 illi
813 5334 952 5388 desit
983 5349 1109 5405 ager
1136 5347 1296 5404 quem
1323 5331 1485 5394 colat,
1512 5330 1896 5400 neminemque
1918 5331 2009 5401 qui
2038 5348 2134 5390 co-

557 5439 650 5499 gat
673 5425 740 5481 ad
773 5440 910 5496 opus
936 5425 1155 5486 haheat,
1186 5437 1286 5478 nec
1311 5421 1416 5478 sub
1447 5421 1595 5475 illius
1625 5418 1904 5475 dominatu
1941 5423 2129 5490 vivat,

455 5507 458 5510 ’
558 5531 714 5590 parat
739 5528 919 5572 tamen
973 5525 1158 5571 azstate
1202 5515 1408 5578 cibum,
1457 5513 1802 5582 multumque
1850 5515 1902 5568 in
1957 5530 2133 5573 messe

504 5672 508 5676 _
556 5623 777 5667 acervat
815 5612 960 5682 quod
1013 5611 1115 5665 sibi
1160 5609 1333 5662 hieme
1368 5615 1625 5677 apponat.
1659 5605 1768 5661 Aut
1821 5607 2020 5662 accede
2065 5611 2131 5664 ad

560 5715 736 5767 apem,
777 5703 1035 5770 disceque
1075 5717 1237 5771 quam
1262 5699 1330 5753 sit
1359 5697 1651 5759 laboriosa,
1685 5711 1962 5766 quamque
1988 5715 2126 5768 opus

2727 4685 2736 4697 .
2835 4643 3060 4700 ΑοΓυε
3083 4647 3237 4715 Μςι.

2234 4749 2372 4820 Περὶ
2402 4754 2708 4824 μισεργῶν
2740 4757 2837 4810 καί
2876 4758 3173 4836 εὔαν-’ζωῶν2
3211 4762 3311 4816 καί
3357 4765 3781 4836 καταφρονοῦν

2645 4842 2764 4880 των
2792 4828 2892 4888 καί
2904 4831 3360 4900 ῥᾳθυμούντων.

2319 4961 2408 5016 Ἐν
2441 4961 2632 5026 κόποις
2663 4962 2969 5034 ἀνθρώπων
2996 4967 3098 5022 οὐκ
3144 4971 3274 5037 εἰσὶ,
3301 4970 3399 5025 καὶ
3428 4974 3572 5044 μετὰ
3602 4973 3780 5045 ἀνθρώ·

2237 5069 2354 5106 πων
2376 5054 2439 5106 οὐ
2471 5056 3010 5128 μαστιγωθήσονται.

2311 5145 2416 5200 Ἴθι
2449 5149 2586 5217 πρὸς
2611 5149 2705 5202 τὸν
2739 5151 3034 5220 μύρμηκα,
3071 5146 3116 5208 ὦ
3145 5155 3370 5226 ὀκνηρὲ,
3416 5158 3517 5212 καὶ
3565 5155 3778 5230 ξήλωσον

2235 5239 2334 5303 τὰς
2386 5241 2541 5305 ὁδοὺς
2595 5243 2794 5308 αὐτοῦ,
2849 5244 2946 5298 καὶ
2999 5246 3159 5314 γενοῦ
3213 5249 3429 5305 ἐκείνου
3480 5253 3776 5321 negtiis-apo:

2235 5333 2430 5403 ἐκείνῳ
2475 5335 2586 5404 γάρ
2635 5335 2910 5407 γεωργίου
2972 5338 3046 5410 μὴ
3103 5339 3466 5412 ὑπάρχοντος,
3531 5343 3662 5412 μηδὲ
3707 5341 3774 5394 τοι

2237 5425 2618 5493 ἀναγκάζοντα
2647 5427 2808 5498 ἔχων,
2846 5428 2983 5500 μηδὲ
3010 5431 3116 5483 ὑπὸ
3144 5431 3413 5505 δεσπότην
3459 5433 3558 5501 ὣν,
3590 5432 3770 5502 ἑτοιμά-

2236 5516 2390 5580 ζεται
2417 5517 2613 5587 θέρους
2645 5519 2745 5589 τὴν
2770 5523 3001 5593 τροφὴν,
3051 5523 3253 5596 πολλήν
3286 5542 3344 5579 τε
3389 5529 3449 5579 ἔν
3481 5526 3557 5596 τῷ
3607 5521 3768 5594 ἀμητᾷ

2235 5609 2472 5661 πὶιεῖται
2495 5610 2598 5678 τὴν
2625 5611 2951 5686 παράθεσιν.
2982 5614 3055 5667 Ἦ
3083 5615 3378 5688 πορεύθητι
3422 5620 3557 5689 πρὸς
3582 5620 3671 5688 τὴν
3697 5617 3766 5685 μὲ-

2235 5698 2452 5769 λισσαν,
2483 5700 2577 5757 καὶ
2598 5701 2739 5775 μάθε
2768 5702 2844 5769 ὡς
2875 5703 3099 5778 ἐργάτις
3132 5709 3270 5777 ἐστὶ,
3301 5710 3402 5780 τήν
3427 5727 3487 5764 τε
3535 5708 3762 5780 ἐργασίαι
