3832 6244
152 321 281 382 Ηὲθ
550 355 562 363 ~
1001 321 1170 379 LOCI
1205 318 1655 379 COMMUNES.
1690 344 1756 354 —
1785 320 1980 380 PARS
2025 320 2107 382 ll.
2138 319 2396 381 SEBMO
2433 319 2519 379 LI.
3261 321 3393 384 1130

733 435 951 488 ΛΟΓΟΣ
982 435 1124 490 Ml-l'.
1303 469 1307 474 ς
1745 460 1787 513 Α
2137 439 2246 493 SEI

1745 460 1787 513 Α
2137 438 2377 493 SEBMO
2439 436 2646 492 XLVIII
2688 436 2784 508 [(ιΙ.
2839 435 3048 508 XXIX].

557 553 695 619 Περὶ
740 553 1293 622 ἀναισθητούντων.
2033 551 2070 604 Β

2033 551 2110 604 De
2144 551 2288 604 ηαίιο
2320 566 2477 605 sensu
2503 559 2594 603 aut
2629 549 2890 603 intellectu
2925 548 3182 617 praeditis.

223 666 349 718 Ἐὰν
387 667 678 734 μαστιγοῖς
721 665 814 719 τὸν
848 667 1064 737 ἄφρονα
1100 669 1160 722 ὲν
1196 669 1349 739 μέσῳ
1401 670 1710 738 συνεδρίου,

1898 662 2173 717 Solomon.
2203 661 2256 716 Si
2301 660 2484 730 ﬂagris
2515 659 2859 728 insipientem
2891 657 3155 712 cecideris
3185 656 3240 710 in
3282 669 3393 709 me-

143 756 200 808 οὐ
223 756 301 828 μὴ
327 756 594 826 περιέλῃς
634 759 922 826 ἀτιμάζων
955 758 1054 830 τὴν
1090 759 1412 832 ὰςρροσύντην
1448 761 1642 818 αὑτοῦ.

1877 771 1908 809 o
1973 755 2231 820 concilio,
2295 753 2369 806 illi
2436 767 2542 807 non
2579 751 2881 806 detraxeris
2937 751 3040 804 hac
3085 748 3390 817 ignominia

1275 894 1279 900 .
1444 884 1445 887 η
1818 847 2213 918 insipientiam.

214 933 442 999 ’Λφρων
486 932 857 1002 μαστιγωθεὶς
889 935 990 986 οὐκ
1020 937 1360 991 αἰσθάνεται.

1345 975 1360 991 .
1889 937 2102 992 Stultus
2132 935 2315 1005 ﬂagris
2357 950 2532 990 caesus
2561 949 2666 988 non
2699 936 2855 1003 sapit.

220 1023 625 1093 ᾘσχύνθησαν,
657 1026 754 1079 καὶ
784 1027 883 1096 τὴν
918 1026 1145 1096 ἀτιμίαν
1179 1027 1362 1080 αὐτῶν
1392 1031 1495 1080 οὐκ
1539 1029 1712 1098 ἐγνω-

1886 1027 2083 1083 Jerem.
2156 1026 2525 1088 Erubuerunt,
2587 1034 2641 1080 et
2697 1025 2976 1079 infamiam
3059 1038 3215 1080 suam
3279 1036 3386 1076 non

143 1129 262 1175 σαν,
298 1116 392 1165 καὶ
429 1114 528 1185 οὐχ
556 1115 630 1176 ὡς
663 1117 1125 1186 κατῃσχυμμένοι
1162 1116 1531 1188 ᾐσχύνθησαν.

1872 1127 2170 1186 moverunt,
2218 1131 2319 1171 nec
2378 1124 2437 1170 ut
2481 1115 2752 1172 dedecore
2814 1113 2998 1170 allecti
3033 1111 3385 1170 verecundati

1815 1219 1963 1266 sunt.

213 1291 308 1355 Ὦς
346 1291 376 1343 ὁ
411 1291 704 1361 ἐξεγείρων
751 1289 1114 1352 καθεύδοντας
1172 1292 1237 1344 ἐκ
1277 1289 1465 1359 βαθέος
1517 1289 1709 1354 ὕπνου,

1888 1300 2050 1356 Velut
2082 1301 2173 1370 qui
2205 1301 2408 1356 excitat
2439 1299 2776 1355 dormientes
2796 1314 2864 1354 ex
2912 1298 3021 1353 alto
3043 1312 3260 1362 somno,
3308 1295 3388 1352 sic

135 1385 163 1437 ὁ
188 1385 552 1454 διηγούμενος
581 1383 798 1452 ἄφρονι,
831 1383 928 1435 καὶ
953 1381 1044 1434 ἐπὶ
1073 1380 1216 1435 τέλει
1239 1382 1377 1453 ἐρεῖ,
1416 1382 1480 1436 Τί
1504 1381 1648 1436 τοῦτι

1874 1393 1907 1446 tl
1933 1392 2100 1447 stulto
2119 1392 2320 1462 aliquid
2353 1401 2543 1446 narrat
2564 1407 2579 1444 :
2600 1389 2694 1460 qui
2728 1391 2944 1444 tandem
2985 1389 3052 1443 ad
3078 1399 3387 1442 extremum

140 1476 231 1528 na".
273 1477 367 1528 ἐπὶ
397 1475 684 1544 συντελείᾳ
717 1477 853 1545 ὲρεί,
889 1474 955 1526 Τί
993 1473 1296 1544 πρότερον;

1872 1491 1991 1538 cet:
2027 1482 2168 1548 Quid
2201 1482 2344 1538 istud
2375 1481 2500 1536 est?
2529 1489 2583 1535 et
2607 1482 2660 1534 in
2693 1479 3188 1543 consummatione,
3244 1478 3385 1542 Quid

205 1650 364 1704 Μετὰ
389 1650 624 1720 ἄφρονος
651 1651 724 1720 μὴ
755 1651 1009 1717 πορεύου,
1040 1650 1390 1721 ἀναισθητῶν
1415 1651 1526 1720 γὰρ
1556 1651 1712 1717 ἐξου-

1880 1575 2006 1631 ius?

1887 1667 2026 1721 Cum
2065 1667 2233 1721 stulto
2262 1681 2328 1720 ne
2367 1667 2737 1737 congreditur,
2771 1677 2898 1718 nam
2942 1677 3067 1716 cum
3103 1674 3268 1715 sensu
3300 1673 3393 1714 ca-

139 1747 285 1799 θενεῖ
312 1764 408 1798 σου
447 1746 517 1798 τὰ
545 1746 723 1800 πάντα
748 1761 762 1776 ⁸
799 1746 1036 1816 φύλαξαι
1063 1745 1159 1802 ἀπ’
1179 1745 1369 1810 αὐτοῦ,
1396 1746 1484 1801 ἵνα
1521 1747 1596 1817 μὴ
1624 1765 1652 1801 κ

1877 1764 1963 1825 at,
1995 1757 2178 1812 omnia
2211 1767 2302 1811 tua
2327 1757 2669 1812 contemnit:
2699 1767 2832 1810 cave
2879 1753 3056 1817 illum,
3117 1766 3186 1803 ne
3216 1748 3386 1804 mole.

141 1855 240 1890 πον
267 1838 421 1907 ἔχῃς.

1743 1838 1782 1847 ⁷
1814 1849 1973 1904 stiam
2005 1849 2291 1918 suscipias.

210 1927 543 1996 Συγκολλῶν
580 1921 850 1999 ὄστρακον
881 1932 910 1982 ὁ
940 1928 1209 1984 διδάσκων
1243 1931 1448 1984 αωοόν.

1888 1939 2200 2011 Agglutinat
2228 1948 2420 1993 testam
2454 1939 2546 2008 qui
2572 1939 2802 1992 stultum
2835 1937 3014 1991 docet.

725 2043 944 2098 ΛΟΓΟΣ
979 2044 1106 2099 ΜΘθ.
2170 2051 2238 2106 SE

2170 2051 2402 2106 SERMO
2464 2049 2630 2105 xux
2687 2050 2788 2123 [αι.
2821 2049 3032 2122 GXlll].

185 2157 329 2224 Περὶ
381 2158 674 2227 ὀνόματος
705 2161 976 2228 χρηστοῦ
1024 2159 1123 2214 καί
1163 2161 1340 2230 χάριν
1377 2160 1651 2230 ἔχοντος.

1624 2181 1651 2217 ὀ
2051 2168 2127 2223 De
2151 2167 2356 2222 nomine
2387 2167 2520 2221 bono
2559 2176 2608 2220 et
2643 2165 2873 2237 gratiam
2901 2164 3137 2217 Itabenle.

201 2267 314 2323 Ἶῐν
348 2273 557 2340 Κύριος
588 2275 726 2341 μετὰ
771 2273 988 2342 Ἰωσὴφ,
1024 2273 1117 2327 καὶ
1157 2277 1415 2344 κατέχεεν
1444 2274 1532 2329 ἐπ’
1562 2271 1713 2342 αὐτῷ

1887 2280 2018 2336 Cen.
2051 2296 2237 2336 xxxix.
2264 2279 2389 2335 Fuit
2412 2277 2674 2334 Dominus
2715 2292 2837 2331 cum
2882 2275 3141 2345 Josepho,
3173 2283 3228 2328 et
3286 2273 3387 2327 imo

134 2360 305 2424 ἔλεος,
336 2365 433 2416 καὶ
458 2364 659 2418 ἔδωκεν
682 2362 831 2431 αὐτῷ
862 2365 1024 2434 χάριν
1048 2363 1229 2417 ἔναντι
1260 2361 1354 2416 τοῦ
1385 2363 1647 2434 ἁρχιδεσμ

1870 2375 2000 2428 :rtiit
2023 2373 2072 2427 ci
2105 2371 2560 2435 misericordiam,
2592 2368 2847 2437 deditque
2887 2367 2936 2422 ei
2982 2369 3209 2436 gratiam
3241 2367 3383 2435 apud

133 2456 400 2525 φύλακος.
978 2497 986 2508 .

978 2497 986 2508 ·
1816 2465 2126 2534 praefectum
2175 2463 2431 2518 carceris.

202 2548 583 2618 Αίρετὼτερον
615 2547 781 2617 ὄνομα
807 2547 972 2601 καλὸν
1007 2547 1039 2616 ἢ
1069 2548 1298 2612 πλοῦτος
1329 2549 1499 2612 πολύς
1519 2564 1533 2579 ·
1571 2547 1712 2616 ὑπὲρ

1886 2558 2044 2611 Prov.
2081 2572 2219 2610 xxn.
2277 2555 2448 2626 Magis
2499 2553 2865 2624 expetendum
2917 2559 3002 2606 est
3055 2565 3252 2604 nomen
3288 2549 3388 2602 bo-

127 2643 182 2695 δὲ
221 2641 496 2712 ἀργύριον
527 2641 623 2696 καὶ
647 2640 873 2712 χρυσίον
899 2639 1061 2710 χάρις
1089 2639 1288 2707 ἀγαθή.

1874 2657 2055 2713 estum,
2087 2663 2249 2717 quam
2270 2647 2470 2723 divitiae
2493 2648 2710 2701 multae:
2740 2654 2964 2714 argento
2995 2642 3226 2711 et198
3252 2652 3387 2694 auro

1813 2740 2161 2810 praestantior
2191 2750 2276 2793 est
2326 2739 2468 2794 bona
2499 2738 2695 2806 gratia.

200 2825 384 2890 Χάρις
414 2823 510 2874 καὶ
557 2823 710 2892 φιλία
759 2819 1054 2890 ἐλευθεροῖ,
1098 2817 1166 2882 ἃς
1192 2819 1436 2890 τήρησον
1476 2821 1711 2891 σεαυτῷ,

1887 2829 2071 2884 Gratia
2101 2838 2153 2884 et
2178 2828 2415 2885 amicitia
2440 2828 2669 2882 liberum
2704 2825 2931 2885 faciunt.
2969 2824 3077 2880 llas
3095 2822 3263 2894 igitur
3297 2823 3386 2879 lac

125 2917 202 2986 μὴ
227 2916 598 2978 ἐπονείδιστος
627 2916 780 2988 γένῃ.

1815 2936 1998 2977 serves
2025 2921 2146 2985 tibi,
2177 2937 2245 2974 ne
2307 2920 2382 2976 sis
2421 2919 2739 2990 probrosus.

195 3009 576 3078 Περιποίησαι
610 3008 770 3078 χάριν
807 3009 902 3061 καὶ
931 3007 1140 3062 ἔννοιαν
1169 3005 1386 3076 ἀγαθὴν
1421 3006 1480 3058 ὲν
1515 3003 1708 3074 ὀφθαλ-

1886 3013 2156 3081 Gompara
2177 3013 2406 3083 gratiam
2437 3020 2493 3067 et
2515 3013 2762 3068 notitiam
2788 3014 2985 3068 bonam
3015 3013 3067 3066 in
3092 3011 3265 3066 oculis
3287 3010 3384 3064 Dei

120 3104 246 3167 μοῖς
286 3101 425 3153 Θεοῦ
457 3100 556 3152 καὶ
581 3099 904 3170 ἀνθρώπων.

687 3099 904 3170 ρώπων.
1739 3125 1783 3182 Β
1816 3114 1869 3157 et
1894 3103 2196 3158 hominum.

201 3192 446 3258 Ἀγαθὸν
475 3193 642 3261 ὄνομα
667 3192 810 3258 ὑπὲρ
838 3191 1017 3244 ἔλαιον
1042 3190 1271 3258 ἀγαθόν.

1889 3192 2069 3247 Εεσίε.
2097 3208 2195 3247 vn.
2257 3191 2469 3248 Bonum
2514 3207 2711 3248 nomen
2739 3193 3034 3264 pretiosius
3059 3193 3204 3249 bono
3243 3187 3399 3248 oleo.'

192 3283 505 3351 Φρόντισον
537 3280 666 3352 περὶ
705 3281 990 3351 ὀνόματος·
1025 3280 1157 3334 αὐτὸ
1191 3280 1300 3352 γάρ
1342 3295 1424 3332 σοι
1457 3296 1705 3350 παραμε-

1888 3282 2045 3339 Curae
2079 3284 2264 3339 sittibi
2295 3284 2531 3340 nominis
2563 3283 2744 3352 fama;
2776 3285 2887 3351 ipsa
2918 3286 3058 3337 enim
3089 3285 3183 3338 tibi
3213 3287 3385 3353 magis

119 3380 206 3431 ve!
245 3377 282 3448 ἢ
321 3375 488 3446 χίλιοι
527 3374 754 3445 μεγάλοι
786 3373 1066 3444 θησαυροί.

1818 3375 2073 3445 proderit,
2107 3390 2267 3445 quam
2293 3376 2441 3430 mille
2493 3375 2676 3445 magni
2728 3375 2992 3430 thesauri.

193 3471 386 3540 Χάρις
416 3471 492 3529 ὡς
519 3467 848 3537 παράδεισος
875 3465 1148 3534 εὐλογίας.

1885 3465 2072 3521 Gratia
2105 3477 2189 3522 cst
2207 3467 2374 3522 veluti
2405 3467 2694 3536 paradisus
2719 3465 3143 3520 benedictionis.

202 3561 460 3630 Ἀγαθῆς
483 3559 628 3626 ζωῆς
657 3557 889 3629 ἀριθμὸς
919 3557 1164 3628 ἡμερῶν,
1199 3557 1294 3612 καὶ
1315 3557 1518 3626 ἀγαθὸν
1538 3557 1704 3626 ὄνομα

1883 3555 2137 3612 llonestae
2168 3558 2293 3614 vitae
2324 3572 2586 3614 numerus
2613 3559 2822 3613 dierum
2848 3577 2860 3612 :
2885 3565 2940 3613 et
2963 3560 3190 3614 honesta
3241 3555 3386 3613 fama

104 3655 190 3714 είς
220 3652 325 3705 τὸν
355 3649 532 3704 αἰῶνα
567 3647 748 3715 μένει.

1809 3656 2069 3702 aeternum
2129 3647 2306 3703 durat.

179 3744 380 3812 Χάρις
411 3740 509 3796 καὶ
537 3740 687 3803 ἔλεος
720 3739 779 3793 ὲν
804 3739 916 3803 τοϊς
940 3737 1111 3802 ὁσίοις
1136 3735 1327 3792 αὑτοῦ.

1882 3737 2064 3792 Gratia
2091 3747 2148 3792 et
2189 3739 2562 3795 misericordia
2595 3741 2646 3794 in
2687 3741 2895 3796 sanctis
2931 3740 3096 3795 illius.

740 3855 962 3911 ΛΟΓΟΣ
1011 3852 1095 3910 N'.
2233 3854 2253 3905 ξ

2233 3853 2466 3906 sanna
2498 3851 2537 3905 I.
2589 3852 2686 3923 [αι.
2747 3852 2956 3922 exui].

104 3977 254 4046 Περὶ
296 3976 603 4043 ὀνόματος
636 3971 906 4041 πονηροῦ
947 3969 1044 4024 καί
1081 3968 1260 4038 χάριν
1303 3963 1392 4035 μὴ
1431 3962 1617 4032 ἔχοντε

1962 3967 2037 4021 De
2077 3969 2282 4021 nomine
2312 3965 2452 4019 malo
2487 3975 2535 4021 et
2584 3967 2814 4036 gratiam
2850 3980 2952 4016 non
3005 3963 3245 4021 habente.

187 4094 434 4160 Ὄνομα
483 4088 719 4160 πονηρὸν
761 4086 1026 4158 αἰσχύνην
1072 4083 1169 4138 καὶ
1213 4079 1416 4142 ὄνειδος
1451 4078 1700 4148 κληρονο-

1887 4079 2100 4136 Sirach.
2127 4077 2337 4134 Nomen
2365 4078 2696 4148 improbum
2729 4075 3116 4146 turpitudinem
3155 4084 3212 4133 ct
3227 4074 3389 4133 dede-

95 4191 257 4260 μήσε
269 4204 315 4241 ι.
1277 4223 1282 4228 .
1815 4188 1912 4228 cus
1937 4172 2342 4260 ltzereditarium
2368 4181 2756 4244 consequetur.

181 4280 543 4348 ’Ἄνθρωπος
569 4275 767 4343 ἄχαρις
806 4269 972 4341 μῦθος
1001 4267 1250 4336 ἄκαιρος.
1301 4297 1304 4299 λ

1889 4263 2063 4320 llomo
2087 4253 2259 4334 giatia
2287 4279 2504 4331 carens,
2555 4265 2966 4336 intempestivus
2998 4278 3205 4320 sermo.

180 4374 432 4436 Ὀνομα
465 4363 770 4434 ἀνθρώπων
795 4362 898 4417 οὐκ
927 4359 1152 4428 ἀγαθῶν
1179 4351 1646 4426 ἐξαλειφθήσεται.

1590 4372 1646 4411 ιι.
1885 4354 2090 4411 Nomen
2123 4356 2361 4412 virorum
2383 4371 2493 4412 non
2520 4356 2788 4412 bonorum
2814 4356 3103 4413 deiebitur.

161 4459 407 4531 Μωρδς
439 4457 587 4526 ὲρεϊ’
610 4455 722 4524 Οὐχ
751 4452 988 4522 ὑπάρχει
1019 4467 1110 4521 μοι
1135 4449 1315 4518 φίλος,
1341 4449 1434 4502 καὶ
1461 4445 1561 4501 οὐκ
1594 4443 1674 4499 εστ

1888 4445 2100 4502 Stultus
2161 4460 2421 4517 queretur
2476 4448 2684 4503 nullum
2721 4448 2823 4502 sibi
2858 4463 2978 4504 esse
3031 4449 3289 4512 amicum,
3325 4454 3379 4500 et

85 4556 276 4626 χάρις
303 4551 435 4613 τοῖς
465 4544 691 4616 ἀγαθοῖς
726 4560 852 4614 μου.

1814 4539 2020 4594 nullam
2048 4554 2171 4596 esse
2225 4541 2452 4610 gratiam
2486 4541 2538 4592 in
2568 4539 2721 4594 bonis
2748 4539 2883 4593 suis.

735 4675 953 4733 ΛΟΓΟΣ
991 4676 1120 4728 NA'.

2263 4673 2496 4730 δεξιΜο
2521 4673 2586 4728 Li
2613 4673 2711 4746 [αι.
2745 4673 2928 4744 XLII].

111 4795 276 4868 Περὶ
329 4789 554 4863 ζυγῶν,
598 4789 698 4844 καί
723 4786 1026 4856 σταθμῶν,
1052 4785 1147 4840 καὶ
1170 4787 1403 4854 μέτρων
1427 4783 1624 4839 ἀδίκως

1622 4802 1673 4842 ν.
2066 4787 2138 4841 De
2168 4786 2504 4856 ponderibus,
2540 4785 2755 4840 stataria
2779 4794 2828 4837 et
2858 4785 3135 4838 mensuris.

155 4913 250 4967 Οὐ
295 4907 568 4976 ποιήσεις
599 4903 783 4958 ἄδικον
808 4900 992 4971 κρίσιν
1043 4900 1101 4952 ἐν
1141 4899 1381 4968 μέτροις,
1412 4897 1506 4950 καὶ
1538 4895 1668 4950 σταθ

1885 4899 2047 4956 Levit.
2071 4916 2183 4954 ιιι.
2209 4898 2554 4970 Nihiliniqne
2586 4899 2776 4955 feceris
2816 4899 2869 4952 in
2897 4897 3120 4965 judicio,
3150 4897 3202 4950 in
3224 4910 3381 4950 men-

76 5007 247 5076 μοῖς,
314 4999 429 5053 καὶ
463 4995 668 5064 ζυγοῖς.
720 4993 870 5062 Ζυγὰ
916 4991 1134 5054 δίκαια,
1163 4988 1259 5041 καὶ
1295 4988 1468 5058 μέτρα
1504 4987 1589 5041 δίκ

1870 4997 1978 5060 ιιεὶε,
2010 4992 2227 5050 stateris
2270 5002 2324 5047 ct
2351 4992 2716 5062 ponderibus;
2770 4991 3009 5060 pondera
3067 4989 3223 5045 vobis
3273 4989 3383 5045 sint

70 5098 176 5150 καὶ
208 5091 379 5164 χοῦς
409 5086 619 5150 δίκαιος
653 5085 806 5138 ἔσται
832 5084 982 5151 ὑμῖν.

1807 5091 1976 5158 justa,
2011 5095 2062 5141 et
2080 5098 2347 5140 mensurae
2367 5092 2419 5137 et
2445 5083 2670 5153 congius
2698 5082 2896 5152 justus.

65 5243 72 5248 _
100 5231 112 5244 .
145 5191 289 5242 Οὐκ
342 5182 513 5235 ἔσται
545 5185 603 5231 ὲν
650 5178 730 5244 τῷ
783 5176 1040 5248 μαρσίπῳ
1073 5191 1170 5227 σου
1211 5173 1479 5242 σταθμίον
1512 5189 1574 5241 μι

1886 5178 2040 5230 Deut.
2079 5189 2206 5227 xxv.
2233 5170 2350 5226 Non
2374 5173 2476 5226 erit
2505 5171 2558 5226 in
2601 5171 2882 5238 marsupio
2908 5178 3002 5224 tuo
3034 5171 3242 5240 pondus
3262 5186 3383 5240 par-

66 5285 172 5337 καὶ
224 5278 418 5349 μέγα
442 5288 456 5300 ⁶
494 5273 593 5325 οὐκ
639 5272 791 5324 ἔσται
827 5272 884 5322 ὲν
911 5270 976 5338 τῇ
1007 5267 1157 5336 οίκίᾳ
1207 5283 1299 5318 σου
1335 5268 1534 5335 μέτρον
1567 5283 1579 5336 ι

1867 5283 1938 5323 Im
1973 5276 2027 5322 et
2080 5279 2333 5334 magnum
2361 5304 2374 5328 ,
2435 5276 2536 5316 nec
2580 5277 2840 5316 mensura
2897 5277 3090 5333 magna
3136 5272 3192 5317 et
3217 5277 3379 5331 parva

61 5381 173 5433 καὶ
206 5364 765 5444 μικρόν.Σταθμῐον
788 5360 1041 5431 ἀληθινὸν
1065 5360 1156 5410 καὶ
1185 5357 1391 5411 δίκαιον
1424 5356 1574 5410 ἔσται

1862 5361 1957 5416 )mi
1986 5370 2110 5413 tuae.
2128 5355 2350 5410 Pondus
2373 5367 2563 5408 verum
2600 5361 2653 5406 et
2682 5352 2890 5422 justum
2920 5354 3026 5408 erit
3054 5351 3174 5415 tibi,
3203 5359 3261 5402 ut
3286 5349 3375 5402 diu

61 5473 163 5523 ινα
199 5457 600 5524 πολυήμερος
626 5459 760 5523 γένη
797 5452 888 5506 ἐπὶ
917 5452 1014 5517 τῆς
1036 5452 1160 5520 rit:-

715 5469 760 5523 ἠ
797 5452 888 5506 ἐπὶ
917 5452 1014 5517 τῆς
1036 5452 1160 5520 γῆξο
1810 5453 1963 5506 vivas
1983 5449 2036 5502 in
2066 5457 2228 5502 terra.

140 5546 478 5621 Σταθμίον
504 5545 712 5598 δίκαιον
741 5543 933 5597 δεκτδν
959 5543 1170 5612 Κυρίῳ.

1867 5540 2086 5595 Pondus
2121 5553 2333 5609 aequum
2364 5537 2594 5592 Domino
2624 5547 2707 5594 est
2726 5547 3027 5606 acceptum.

141 5642 365 5712 Ζυγὸς
407 5634 642 5697 δίκαιος,
671 5635 766 5686 καὶ
813 5632 1013 5703 μέτρον
1045 5633 1275 5702 δίκαιον,
1318 5634 1409 5689 καὶ
1437 5633 1610 5705 χοῖνιξ
1637 5634 1654 5687 ε

1884 5632 2076 5686 Ezech.
2110 5648 2239 5687 xxv.
2267 5631 2456 5684 Bilan:
2492 5643 2667 5699 aequa,
2699 5629 2941 5697 itemque
3001 5631 3256 5678 mensura
3319 5625 3380 5677 et

58 5756 240 5804 καιος
279 5732 469 5787 ἔσται
498 5727 647 5793 ὑμῖν.

1707 5705 1717 5716 ’
1766 5711 1774 5717 ’
1815 5722 2033 5779 choenix
2059 5736 2214 5794 aequa
2252 5722 2406 5779 vobis
2437 5722 2567 5777 sint.

463 5819 731 5881 Paeon.
780 5821 826 5880 G
841 5839 892 5880 ιι.
945 5817 1279 5879 CXXXVI.
1959 5896 1974 5905 .
2907 5805 2984 5868 36
