3992 6252
339 296 483 356 U33

1165 300 1330 361 LOCI
1361 301 1684 363 COMMUN
1694 303 1801 363 ES.
1838 327 1905 339 --
1932 305 2128 366 PARS
2148 306 2227 370 ΙΙ.
2260 306 2517 368 SERMO
2556 309 2683 372 Lll.

3443 318 3585 383 1134

329 416 388 468 αι
416 417 472 467 δὲ
505 414 766 486 λοιδορίαι
798 418 1010 488 πληγάς
1032 435 1047 451 ο
1085 419 1287 489 πληγαὶ
1314 419 1367 472 δὲ
1397 419 1688 491 τραύματα
1710 437 1723 449 ·
1760 422 1823 473 ἐκ
1852 420 1908 472 δὲ

2047 423 2261 480 onvicia
2297 424 2463 488 ictus,
2501 423 2641 482 ictus
2665 427 2909 494 vulnera,
2934 435 2987 483 et
3011 441 3150 498 saepe
3182 430 3406 485 vulnera
3438 448 3587 489 mors

329 508 663 577 τραυμάτων
695 509 953 574 πολλάκις
986 511 1223 564 θάνατοι.

398 604 579 670 Θυμδς
616 603 878 668 Βασιλέως
912 606 1142 675 ἄγγελος
1176 606 1404 661 θανάτου
1432 621 1446 636 ⁸
1486 604 1621 676 ἀνὴρ
1645 603 1702 658 δὲ
1739 603 1903 672 σονδς

332 692 570 759 ἐξιλάσει
608 696 790 751 αὐτόν.

402 788 580 858 Θυμὸς
623 791 739 843 ἐστι
769 789 914 854 ζέσις
966 789 1061 844 τοῦ
1113 791 1240 861 περὶ
1288 790 1515 857 καρδίαν
1558 789 1818 859 αἵματος,
1846 791 1905 854 ἐξ

332 881 746 948 ἀναθυμιάσεως
784 882 893 936 τῶν
948 883 1137 953 χυμῶν
1186 881 1610 951 συνιστάμενος·
1659 883 1800 951 ὀργὴ
1845 883 1902 934 δέ

332 975 479 1025 ἐστιν
512 972 691 1043 δ’ρεξις
716 973 1141 1043 ἀντιλυπήσεως.
1178 974 1342 1029 Ὥστε
1373 975 1399 1025 6
1435 973 1532 1041 μὲν
1576 973 1756 1038 ὀξεῖαν
1789 972 1903 1042 ἔχει

329 1067 424 1119 τοῦ
456 1067 663 1129 πάθους
700 1066 799 1133 τὴν
828 1068 1043 1135 κίνησιν
1063 1083 1077 1098 ο
1113 1070 1145 1136 ἠ
1174 1066 1228 1119 δὲ
1256 1069 1632 1137 μονιμωτέραν
1664 1067 1758 1119 καὶ
1798 1084 1902 1119 πα-

331 1159 707 1228 ρατεταμένην
743 1160 996 1230 ἐμφαίνει
1029 1160 1128 1230 τὴν
1155 1161 1248 1213 ἐπὶ
1276 1160 1374 1231 τὴν
1407 1158 1586 1229 λύπην
1612 1160 1902 1231 ἐκπλήρω-

330 1265 436 1301 σιν.

397 1337 534 1392 Οὔτε
568 1341 819 1407 στέφανοι
853 1358 1022 1411 χωρς
1072 1343 1510 1410 ανταγωνιστῶν,
1544 1342 1669 1398 οὔτε
1700 1344 1903 1414 πτῶμα

324 1433 496 1502 χωρὶς
532 1431 856 1488 ἀντιπάλου.

398 1522 607 1592 Τυφλδν
635 1524 663 1576 6
711 1524 880 1593 θυμὸς
912 1526 1007 1578 καὶ
1065 1525 1345 1593 ἐπίλυπον,
1379 1529 1476 1580 καὶ
1505 1526 1740 1598 μάλιστα
1771 1526 1901 1585 ὅταν

326 1617 388 1669 τὸ
427 1617 650 1680 δικαίως
682 1620 1015 1687 ἀγανακτεῖν
1055 1622 1227 1690 παρῇ.

397 1709 545 1760 Πάνυ
587 1708 643 1761 δὲ
674 1709 779 1780 χρὴ
826 1709 998 1779 θυμοῦ
1041 1710 1339 1778 φείδεσθαι,
1374 1713 1470 1763 καὶ
1506 1712 1580 1781 μὴ
1619 1713 1700 1774 εἷς
1727 1711 1898 1784 ὀργὴν

2014 521 2390 587 consequitur.
3666 586 3671 601 ,

2082 610 2243 682 Regis
2272 615 2347 667 ira
2377 618 2566 671 mortis
2599 614 2786 669 nuntia
2820 632 2831 667 :
2870 617 2964 669 sed
2998 615 3213 686 sapiens
3248 616 3483 685 placabit
3513 618 3586 672 il-
3667 620 3674 645 θ

2011 705 2143 759 lum.

2080 805 2364 864 Iracundia
2396 817 2479 864 est
2507 808 2689 863 l‘ervor
2717 809 3026 878 sanguinis,
3066 805 3159 875 qui
3195 801 3573 859 circumfusus

2005 908 2091 954 est
2119 900 2291 965 cordi,
2321 916 2385 955 ex
2413 902 2799 970 evaporatioue
2827 914 3119 955 succorum
3152 904 3415 951 constans
3452 911 3465 947 :
3502 894 3581 946 ira

2006 999 2187 1045 autem
2225 1000 2313 1046 est
2357 993 2525 1048 libido
2574 993 2895 1054 ulciscendi,
2933 1002 2987 1045 et
3024 989 3268 1045 vicissim
3320 983 3582 1041 molestiis

2004 1083 2291 1139 alliciendi.
2321 1084 2507 1154 Itaque
2532 1084 2626 1137 illa
2657 1083 2884 1137 celerem
2920 1082 3083 1136 habet
3121 1077 3581 1149 perturbationem

2002 1184 2057 1230 et
2086 1176 2401 1241 motionem,
2438 1177 2554 1231 haec
2583 1185 2764 1231 autem
2808 1174 3228 1230 diuturniorem.

2079 1351 2344 1423 Theologi.
2369 1352 2479 1410 Nec
2496 1369 2700 1409 corona
2723 1355 2885 1409 datur
2898 1355 3018 1409 sine
3034 1353 3386 1417 adversariis,
3404 1366 3580 1421 neque

2002 1456 2165 1498 casus
2197 1453 2253 1498 et
2284 1444 2471 1514 lapsus
2500 1446 2621 1502 siue
2650 1446 2965 1502 adversario
2998 1446 3371 1513 collut-tatore.

2070 1530 2229 1587 Caeca
2260 1541 2344 1588 est
2369 1535 2470 1598 ira,
2496 1542 2550 1589 et
2589 1534 2964 1591 molestiarum
3024 1535 3203 1604 plena,
3239 1544 3294 1589 ct
3346 1533 3583 1589 maxime

1999 1638 2123 1680 cum
2175 1626 2680 1698 causaimlignandi
2711 1628 2859 1694 justa
2917 1628 3130 1683 subest.

2071 1715 2172 1771 Ira:
2202 1716 2435 1783 maxime
2464 1717 2794 1787 parcendum
2830 1726 2934 1780 est.
2964 1733 3061 1771 nec
3084 1718 3246 1787 200
3268 1717 3452 1772 statim
3476 1715 3583 1773 de-

254 1834 259 1845 .
327 1796 624 1867 προθύμως
678 1801 1106 1871 καταφέρεσθαι,
1157 1796 1295 1873 ᾗτινι
1345 1804 1578 1871 ἄφρονες
1615 1802 1899 1859 δουλεύου-

2042 1807 2166 1862 etin
2202 1808 2361 1865 bilem
2391 1808 2541 1871 ferri,
2569 1808 2727 1879 cujus
2754 1809 2905 1866 stulti
2936 1779 3262 1864 servi—sunt.

328 1904 434 1942 σιν.

397 1979 563 2031 Οὐδὲν
589 1977 729 2031 οὕτω
756 1980 1103 2051 καθαρότητα
1155 1981 1247 2037 νοῦ
1283 1986 1376 2040 καὶ
1412 1986 1471 2038 τὸ
1515 1986 1710 2050 διειδὲς
1757 1985 1904 2040 θολοί

325 2072 435 2127 τῶν
466 2072 697 2142 φρενῶν,
729 2073 805 2137 ὡς
829 2070 997 2144 θυμὸς
1020 2074 1253 2139 ἄτακτος
1282 2077 1374 2130 καὶ
1408 2077 1547 2146 μετὰ
1575 2078 1775 2149 πολλῆς
1801 2078 1901 2146 τῆς

326 2165 509 2235 ῥύμης
542 2168 860 2238 φερόμενος.

409 2257 470 2309 '0
520 2258 687 2327 θυμὸς
714 2259 838 2326 ὀξύς
870 2261 985 2313 ἐστι
1039 2261 1133 2314 καὶ
1169 2260 1536 2332 ὀλιγοχρόνιος
1563 2280 1575 2291 ·
1615 2265 1647 2333 ἠ
1678 2262 1734 2316 δὲ
1763 2262 1902 2334 ὀργὴ

325 2346 626 2418 βραδυτέρα
652 2349 773 2418 μὲν,
808 2353 1154 2423 μονιμωτέρα
1186 2352 1265 2408 δέ.

395 2441 498 2493 Δύο
518 2441 574 2492 ὲν
595 2442 727 2511 ἡμῖν
757 2445 950 2509 γενικά
970 2443 1138 2513 πάθη,
1171 2443 1523 2515 φυσικῶτερα
1557 2443 1665 2497 τῶν
1698 2444 1897 2510 ἄλλων,

326 2533 492 2602 θυμὸς
525 2536 619 2587 καὶ
645 2532 929 2604 ἐπιθυμία.

394 2627 487 2696 Μὴ
516 2626 784 2698 ἀποδέχου
814 2627 1167 2698 ἐγκράτειαν,
1202 2629 1543 2700 διωκομένης
1569 2630 1896 2699 πραότητος.

394 2717 781 2787 Εύτονωτέρας
810 2718 904 2770 ἐπὶ
938 2718 1035 2787 τῆς
1082 2719 1253 2789 ὀργῆς
1303 2721 1577 2792 χρῄζομεν
1606 2719 1703 2790 τῆς
1740 2737 1903 2773 σπου-

321 2809 438 2877 δῆς.
469 2808 802 2873 Τυραννικδν
830 2809 935 2879 γάρ
978 2810 1040 2863 τὸ
1070 2811 1264 2874 πάθος,
1296 2814 1389 2865 καὶ
1426 2813 1688 2874 πολλάκις
1721 2829 1900 2879 παρα-

327 2899 482 2970 σύρει
514 2900 640 2962 τοὺς
669 2900 743 2970 μὴ
771 2902 1058 2969 νήφοντας,
1092 2902 1186 2955 καὶ
1211 2903 1347 2973 πρὸς
1382 2903 1441 2956 τὸ
1462 2903 1739 2974 βάραθρον
1767 2902 1901 2957 αὐτὸ

327 2993 558 3061 κατάγει
591 2994 691 3063 τῆς
730 2994 1029 3060 ἀπωλείας.

394 3086 691 3156 Πρόχειρον
742 3087 816 3150 ὡς
845 3087 934 3140 ἐπὶ
972 3086 1104 3141 πολὺ
1169 3089 1321 3159 παρά
1358 3088 1537 3142 πάντα
1569 3089 1660 3142 τὸν
1691 3087 1805 3159 βίον
1838 3089 1897 3141 τὸ

325 3174 466 3227 κατὰ
499 3176 596 3243 τὴν
626 3175 799 3245 ὀργήν
827 3179 974 3229 ἐστιν
1001 3178 1366 3247 ἀρρώστημα.

394 3267 643 3333 Ὀργίλος
703 3263 784 3333 ei;
840 3267 933 3321 ἔσο
983 3269 1124 3321 κατὰ
1170 3268 1280 3323 τῶν
1333 3271 1745 3341 ἁμαρτημάτων
1792 3269 1901 3343 τῶν

324 3359 523 3412 σαυτοῦ
575 3358 854 3423 τοιοῦτος·
912 3360 1211 3429 ὲπίπληττε
1239 3363 1304 3432 τῇ
1355 3362 1524 3432 ψυχῇ,
1564 3361 1792 3429 μάστιζε
1838 3361 1900 3413 τὸ

324 3448 390 3520 If.
420 3450 518 3521 τὴν
556 3450 885 3525 συνείδησιν]
923 3455 1205 3523 συνειδήσε
1243 3470 1359 3507 σου.
1391 3453 1625 3523 Σφοδρὸς
1659 3453 1751 3507 ἔσο
1777 3470 1900 3524 κρι-

323 3545 448 3614 τὴς,
480 3545 574 3598 καὶ
609 3546 801 3616 πικρὸς
837 3545 1097 3615 δικαστὴς
1125 3549 1235 3609 τοῖς
1264 3546 1486 3609 οἰκείοις
1516 3547 1896 3615 ἁμαρτήμασι.

322 3635 497 3689 Τοῦτο
542 3637 637 3703 τῆς
669 3637 838 3706 ὀργῆς
885 3639 947 3690 τδ
996 3637 1186 3708 κέρδος
1223 3638 1365 3700 ἐστὶ,
1411 3638 1496 3690 διὰ
1553 3639 1709 3690 τοῦτο
1762 3638 1898 3707 ἡμῖν

325 3727 497 3796 αὐτὴν
528 3728 788 3797 ἐνέθηκεν
818 3730 847 3782 6
875 3728 1030 3792 Θεός.

317 3822 325 3839 ⁸
396 3819 641 3890 Καθαροὶ
669 3818 841 3889 θυμοῦ
871 3813 1022 3888 ὦμεν
1042 3834 1056 3851 ⁶
1082 3820 1142 3872 οὗ
1169 3819 1278 3889 γὰρ
1305 3823 1553 3874 κατοικεῖ
1582 3820 1642 3873 τὸ
1670 3820 1893 3889 Πνεῦμα

320 3914 383 3968 τὸ
413 3913 587 3981 ἅγιον,
620 3911 748 3964 ἔνθα
775 3910 965 3979 θυμός.

393 4005 459 4057 Οἱ
517 4003 702 4073 θυμοὶ,
760 4001 1007 4071 καθάπερ
1053 4002 1108 4054 αἱ
1159 4001 1341 4066 κύνες,
1392 4001 1567 4070 τυφλὰ
1620 4000 1896 4055 τίκτουσιν

319 4099 638 4168 ἐγκλήματα
647 4137 660 4149 .

393 4190 457 4242 Οἱ
488 4190 588 4259 μὲν
614 4189 837 4258 τραχεῖς
867 4187 1025 4241 ἵπποι
1074 4188 1186 4249 τοῖς
1244 4187 1501 4257 χαλινοῖς,
1557 4184 1606 4238 οί
1659 4185 1716 4238 δὲ
1751 4183 1894 4250 ὀξεῖς

320 4283 483 4351 θυμοὶ
512 4282 843 4353 μετάγονται
867 4283 980 4344 τοῖς
1011 4281 1311 4350 λογισμοῖς.

385 4373 462 4427 Τδ
496 4373 595 4443 μὲν
626 4372 893 4442 εὔκρατον
921 4371 1062 4443 ὕδωρ
1093 4371 1190 4435 τὰς
1213 4370 1547 4440 φλεγμονὰς,
1583 4373 1611 4423 6
1640 4369 1695 4423 δὲ
1718 4369 1891 4423 ὲπιει-

316 4462 419 4535 κὴς
446 4463 602 4530 λόγος
629 4462 728 4523 τὰς
756 4461 928 4531 ὀργὰς
955 4460 1178 4514 διαλύει.

397 4552 491 4614 ρος
516 4551 623 4621 γὰρ
653 4553 682 4603 6
717 4551 939 4613 καικίας
972 4552 1043 4602 τὰ
1072 4551 1230 4620 νέφη,
1260 4550 1353 4603 καὶ
1376 4554 1402 4603 6
1431 4551 1631 4620 φαῦλος
1662 4552 1778 4622 βίος
1800 4552 1886 4621 ἐφ.

313 4644 508 4700 ἑαυτὸν
540 4644 688 4698 ἕλκει
716 4644 814 4706 τὰς
840 4642 1130 4712 λοιδορίας.

2083 1991 2354 2062 Chrysost.
2390 1991 2537 2045 Nihil
2570 2004 2725 2061 teque
2757 1989 2958 2044 mentis
3005 1988 3293 2058 puritatem
3326 1994 3378 2042 et
3408 1984 3579 2041 animi

1992 2087 2367 2146 sinceritatem
2393 2085 2597 2148 turbat,
2628 2096 2692 2137 ac
2723 2080 3082 2136 immoderata
3108 2079 3211 2144 ira,
3236 2093 3357 2148 quae
3382 2092 3579 2147 magno

1992 2181 2168 2235 fertur
2199 2179 2427 2248 impetu.

2065 2271 2353 2325 Iracundia
2403 2278 2487 2325 est
2514 2270 2708 2326 celeris
2739 2284 2803 2325 ac
2850 2268 3035 2325 brevis
3065 2286 3081 2324 ;
3114 2269 3194 2323 ira
3249 2277 3429 2321 autem
3465 2274 3577 2320 lar;

1993 2363 2112 2417 dior
2143 2362 2388 2431 quidem,
2418 2361 2511 2416 sed
2547 2361 2886 2416 diuturnior.

2067 2455 2193 2509 Duae
2224 2454 2276 2509 in
2301 2455 2458 2509 nobis
2484 2454 2910 2523 sunt’generales
2940 2451 3402 2525 perturbationes.
3421 2458 3580 2505 natu-

1994 2548 2137 2602 rales
2159 2548 2333 2616 magis
2362 2561 2527 2616 quam
2561 2546 2703 2610 alite,
2735 2547 2812 2600 ira
2845 2555 2900 2600 et
2933 2544 3232 2613 cupiditas.

2064 2636 2478 2691 Continentiam
2510 2652 2581 2690 ne
2606 2638 2826 2706 probes,
2859 2638 2949 2691 ubi
2978 2635 3269 2692 clementia
3300 2632 3571 2701 rejicitur.

2060 2725 2117 2780 In
2138 2727 2541 2781 vehementiore
2572 2727 2649 2780 ira
2680 2742 2953 2782 summum
2974 2726 3342 2781 adhibendum
3363 2733 3444 2779 est
3466 2734 3552 2778 stu
3567 2752 3583 2763 -

1993 2817 2139 2873 dium
2167 2826 2222 2872 et
2260 2818 2441 2872 cautio
2462 2835 2476 2881 ;
2500 2826 2583 2873 est
2604 2821 2749 2872 enim
2782 2818 3011 2873 affectus
3044 2818 3379 2888 tyrannicus.
3420 2815 3577 2883 Saepe

1993 2909 2139 2964 enim
2182 2925 2288 2963 non
2324 2909 2539 2964 sobrios
2568 2910 2849 2979 pervertit,
2883 2921 2937 2965 et
2965 2911 3017 2965 in
3067 2910 3381 2964 l,atathrum
3427 2904 3576 2962 Exitii

1993 3002 2253 3057 detrahit.

2075 3093 2328 3161 l’rompta
2362 3091 2477 3147 fere
2510 3106 2603 3162 per
2630 3105 2850 3147 omnem
2874 3090 3040 3145 vitam
3069 3090 3163 3144 irae
3179 3100 3263 3144 est
3288 3086 3576 3157 aegritudo.

2072 3271 2378 3329 Iracundus
2416 3286 2476 3327 es
2501 3271 2524 3325 ’ί
2545 3271 2673 3326 Esto
2703 3269 2756 3324 in
2790 3278 3009 3340 peccata
3041 3277 3133 3323 tua
3158 3267 3316 3323 talis:
3346 3264 3579 3336 objurga

2002 3367 2247 3421 animum
2272 3372 2448 3427 tuum,
2471 3361 2653 3432 ﬂagris
2675 3361 2819 3416 caede
2840 3359 3257 3424 conscientiam,
3285 3357 3578 3411 vehemens

2000 3466 2117 3515 esto
2161 3456 2331 3528 judex
2386 3465 2437 3509 et
2478 3453 2707 3508 acerbus
2755 3453 2807 3506 in
2870 3451 3102 3522 propriis
3157 3449 3429 3519 peccatis;
3473 3446 3577 3500 hoc

2000 3550 2146 3603 enim
2173 3556 2258 3602 est
2282 3548 2375 3600 irm
2412 3545 2650 3612 lucrum,
2686 3545 2756 3599 ob
2792 3544 2932 3599 hanc
2961 3556 3182 3598 causam
3240 3539 3384 3594 Deus
3418 3536 3578 3592 nobis

1998 3653 2118 3693 eam
2155 3637 2363 3692 indidit.

2069 3818 2240 3874 Alieni
2274 3815 2342 3869 ab
2396 3814 2476 3866 ira
2525 3812 2697 3867 simus
2729 3828 2744 3878 ;
2773 3825 2878 3866 non
2913 3808 3058 3866 enim
3124 3808 3215 3863 ubi
3260 3796 3338 3860 ira
3391 3803 3574 3868 fuerit,

2000 3909 2208 3965 habitat
2235 3905 2469 3974 Spiritus
2517 3910 2763 3958 sanctus.

2078 3993 2371 4049 Plutarchi.
2412 3991 2528 4057 Irae,
2563 3990 3022 4061 quemadmodum
3056 4003 3245 4053 canes,
3277 3999 3450 4043 caecas
3473 4000 3575 4055 pa-

1997 4091 2142 4145 riunt
2165 4088 2596 4142 criminationes.

2068 4181 2208 4249 Equi
2233 4180 2353 4234 duri
2421 4178 2613 4243 frenis,
2638 4185 2693 4232 at
2715 4177 2810 4232 irae
2869 4173 3306 4231 vehementiores
3363 4169 3576 4226 ratione

1995 4276 2272 4328 ducuntur
2301 4281 2355 4328 et
2381 4279 2671 4341 reguntur.

2069 4365 2135 4421 Ut
2165 4381 2303 4435 aqua
2348 4365 2526 4434 tepida
2571 4362 3051 4428 inﬂammationes,
3106 4361 3186 4416 sic
3235 4359 3414 4413 oratio
3474 4357 3573 4411 bu-

1914 4467 1966 4525 D
1994 4458 2268 4513 manitatis
2304 4457 2461 4528 plena
2493 4457 2630 4511 iram
2655 4455 2964 4522 restinguit.

2070 4549 2137 4605 Ut
2166 4549 2311 4604 enim
2344 4550 2540 4604 caecias
2590 4548 2782 4615 uuhcs,
2828 4548 2909 4601 sic
2960 4545 3210 4616 improba
3261 4544 3372 4596 vita
3417 4541 3472 4594 in
3515 4553 3574 4595 se

1995 4641 2239 4697 convicia
2274 4638 2520 4694 attrahit.

381 4739 677 4809 Euripidis.
702 4737 970 4793 Nimirum
1001 4737 1053 4791 in
1079 4738 1332 4793 euntibus
1355 4738 1674 4794 hominibus
1703 4738 1914 4794 habitat
1967 4737 2090 4792 ira:
2138 4749 2260 4789 nam
2302 4733 2395 4803 qui
2443 4731 2686 4802 jucunda
2743 4730 3000 4796 audierit,
3040 4730 3317 4799 voluptate
3371 4739 3568 4795 corpus

311 4832 501 4905 implet
529 4851 542 4886 ι
577 4833 671 4903 qui
702 4841 882 4886 autem
920 4830 1194 4887 contraria
1219 4830 1479 4895 audierit,
1499 4841 1713 4886 tumore
1744 4829 2102 4900 allicitur(l).

385 4925 608 4979 Πλάτων
636 4924 988 4994 ὀργιζόμενός
1020 4939 1150 4974 ποτε
1180 4921 1258 4991 τῷ
1291 4921 1500 4994 οἰκέτῃ,
1559 4923 1886 4986 ἐπιστάντος

310 5017 706 5089 Ξενοκράτους,
741 5015 959 5081 Λαϐὼν,
992 5014 1118 5086 ἔφη,
1148 5014 1337 5068 τοῦτον
1374 5015 1718 5083 μαστίγωσον
1737 5029 1751 5043 ⁸
1781 5012 1892 5084 ἐγὼ

308 5109 420 5181 γὰρ
443 5110 756 5179 ὀργίζομαι.

415 5197 625 5261 Κόλαζε
653 5199 872 5269 κρίνων,
904 5198 1037 5251 ἀλλά
1063 5200 1138 5269 μὴ
1167 5198 1531 5270 θυμούμενος.

428 5288 597 5360 Ἀνὴρ
628 5289 936 5359 κακοῦργος
968 5293 1144 5361 πρᾶον
1179 5291 1513 5345 ὑπεισελθὼν
1540 5289 1742 5361 σχῆμα,

421 5464 795 5534 Κεκρυμμὲνη
826 5465 1111 5534 πρόκειται
1138 5467 1309 5535 παγὶς
1339 5469 1450 5530 τοῖς
1472 5467 1715 5540 πλησίον.

413 5557 529 5609 Οὐκ
549 5556 694 5609 ἐστιν
720 5556 912 5626 ὀργῆς,
937 5556 1012 5618 ὡς
1038 5556 1232 5624 ἔοικεν,
1264 5558 1554 5629 φάρμακον

377 5736 459 5815 (Ι)
491 5734 668 5791 Locus
703 5738 802 5796 iste
843 5736 993 5794 deest
1021 5738 1074 5795 in
1114 5739 1320 5799 Graeco.

2065 4917 2248 4973 Plato.
2280 4917 2457 4981 Plato,
2483 4932 2642 4973 servo
2672 4917 2866 4980 iratus,
2893 4914 3091 4971 astanti
3115 4912 3429 4979 Xenocrati,
3459 4910 3561 4968 Ac-

1991 5012 2130 5080 cipe,
2164 5009 2362 5080 inquit,
2381 5017 2437 5064 et
2468 5007 2653 5078 ﬂagris
2679 5010 2825 5063 hunc
2852 5007 3045 5063 caedito
3073 5022 3087 5071 ;
3127 5018 3224 5075 ego
3252 5004 3395 5059 enim
3428 5002 3568 5060 iras-

1994 5119 2110 5158 COI‘.

2058 5193 2360 5249 Democriti.
2387 5192 2603 5263 Castiga
2630 5190 2861 5260 judicio,
2893 5203 3000 5243 non
3032 5189 3112 5242 ira
3150 5186 3415 5242 adhibita.

2060 5285 2155 5340 Vir
2180 5285 2462 5355 improbus
2479 5291 2534 5338 et
2553 5289 2827 5337 veterator
2848 5280 3148 5336 clementiae
3164 5278 3434 5350 obrepens
3464 5278 3562 5331 ha-

3327 5373 3487 5443 [bitu,

2055 5468 2330 5524 Proximis
2363 5466 2521 5539 quasi
2552 5466 2777 5537 laqueus
2804 5466 3055 5524 occultus
3088 5464 3459 5538 praetenditur.

2052 5560 2270 5617 Nullum
2300 5567 2404 5628 est,
2437 5567 2497 5617 ut
2523 5558 2757 5626 videtur,
2788 5559 2879 5616 ira:
2902 5559 3200 5617 remedium
