3992 6252
387 363 526 429 ΠτΠ

1197 366 1372 428 LOCI
1405 366 1850 432 COMMUNES.
1889 388 1960 403 --
1987 363 2185 427 P‘ABS
2225 367 2289 427 II
2345 367 2604 429 SERMO
2635 367 2786 429 LIV.

3499 368 3661 431 1138'

375 489 458 541 δεῖ
483 483 795 555 μεμνῆσθαι
823 482 982 552 μόνον
1001 497 1016 514 ⁶
1061 484 1131 538 ἂν
1166 485 1278 539 τῶν
1308 486 1526 540 οίκείων
1563 485 1952 557 μνημονεύσω-

2067 485 2375 542 meminisse
2394 485 2656 543 debemus
2681 487 2858 543 solum
2882 501 2895 539 :
2937 483 3086 555 quod
3110 483 3157 539 si
3180 492 3490 539 nostrorum
3524 501 3629 541 me-

384 593 504 646 μεν,
536 576 793 630 οὐδέποτε
846 577 912 629 τὰ
937 576 1197 645 ἀλλότρια
1230 577 1587 646 λογιούμεθα.

452 652 550 721 ’Ἂν
578 667 752 736 ἀφῆτε
781 670 890 731 τοῖς
925 669 1145 740 ἐχθροῖς
1196 669 1376 738 ὑμῶν,
1433 671 1768 740 ἀφεθήσεται
1803 670 1951 741 ὑμῖν.

385 758 555 825 Ἀφις
575 758 806 812 δουλικὰ
836 760 1062 832 άμαρτή
1075 779 1241 828 ματα,
1279 761 1369 815 ἵνα
1397 761 1569 833 λάϐῃς
1605 753 1958 832 συγχώρησιν

382 851 707 920 δεσποτικὴν
743 852 1186 922 ἁμαρτημάτων.
1224 854 1289 907 Εί
1334 853 1393 908 δδ
1429 854 1641 925 μεγάλα
1668 853 1957 925 ἠδίκησεν,

381 943 600 1013 ὅτῳπερ
636 943 704 997 ἂν
738 944 962 1013 μείζονα
1020 946 1193 1015 ἀφῇς,
1240 945 1484 1017 τοσούτῳ
1547 945 1770 1016 μείζονα
1809 944 1956 1017 λήψῃ

377 1031 475 1102 τὴν
507 1032 876 1105 συγχώρησιν.
914 1036 1013 1090 Διὰ
1036 1038 1145 1106 γὰρ
1174 1037 1333 1091 τοῦτο
1365 1037 1722 1108 ἐδιδάχθημεν
1749 1038 1955 1105 λέγειν’

384 1127 555 1196 Ἄφες
585 1130 719 1198 ἡμῖν
759 1130 942 1195 καθὼς
989 1133 1265 1201 ἀφίεμεν·
1314 1131 1402 1187 ἵνα
1454 1132 1719 1205 μάθωμεν
1768 1135 1851 1187 ὅτι
1892 1133 1957 1187 τὸ

384 1221 583 1291 μέτρον
637 1224 735 1291 τῆς
773 1224 1020 1290 ἀφέσεως
1075 1225 1403 1296 παρ”ημῶν-
1436 1228 1652 1298 πρῶτον
1685 1228 1955 1298 λαμσάνει

379 1308 479 1377 τὴν
529 1310 726 1380 ἀρχήν.
764 1313 926 1368 Ὥστε
962 1315 1186 1387 ὅσῳπερ
1235 1317 1302 1371 ἂν
1340 1320 1369 1371 ό
1405 1318 1596 1389 ἐχθρὸς
1621 1320 1953 1389 ἐργάσηται,

381 1400 475 1453 καὶ
502 1401 742 1473 τοσούτῳ
772 1405 1033 1473 μειζόνως
1068 1408 1368 1479 εὐεργετεῖ.
1418 1411 1747 1480 Σπεύδωμεν
1776 1412 1955 1467 τοίνυν

379 1489 472 1541 καὶ
495 1490 851 1562 ἐπειγώμεθα
883 1496 1350 1555 καταλλάττεσθαι
1379 1502 1516 1571 πρὸς
1546 1502 1672 1567 τοὺς
1707 1504 1952 1570 λελυπη-

382 1583 568 1647 κότας,
596 1584 661 1639 ἄν
700 1602 758 1638 τε
783 1586 1033 1651 δικαίως.
1060 1590 1126 1644 άν
1153 1607 1212 1643 τε
1236 1591 1437 1655 ἀδίκως
1467 1594 1819 1662 όργίζωνται.
1854 1595 1955 1647 ’Ἂν

385 1671 493 1738 μὲν
513 1673 892 1753 γάρνὲνταῦθα
927 1678 1306 1751 καταλλαγῇς,
1350 1684 1677 1755 ἀπηλλάγης
1706 1686 1807 1755 τῆς
1839 1688 1967 1740 ὲκεΐ

380 1768 645 1838 κρίσεωςο
703 1772 773 1827 ἂν
818 1772 876 1828 δὲ
911 1776 1115 1843 μεταξὺ
1148 1777 1417 1849 μενούσης
1445 1780 1546 1847 τῆς
1598 1779 1819 1851 ἔχθρας,
1855 1782 1946 1835 θά-

381 1874 538 1922 νατος
569 1861 799 1923 ἐπιστὰς
832 1864 1122 1939 ἀπαγάγῃ,
1172 1868 1275 1938 τὴν
1319 1862 1615 1939 ἀπέχθειαν
1647 1871 1953 1943 μεσολαϐή-

381 1964 499 2014 σας,
552 1949 632 2013 είς
661 1952 721 2004 τὸ
765 1953 1116 2026 δικαστήριον
1158 1958 1351 2012 λοιπὸν
1392 1962 1570 2013 ἐκεῖνο
1600 1963 1661 2014 τὸ
1717 1962 1952 2033 φοϐερὸν

376 2041 695 2114 εἰσαχθῆναι
752 2036 865 2112 τὴν
909 2046 1068 2117 δίκην
1112 2049 1327 2119 ἀνάγκη
1353 2067 1369 2083 ο
1432 2052 1527 2105 καὶ⁵
1584 2052 1684 2121 τὴν
1714 2056 1952 2125 ὶσχάτην

376 2130 567 2196 δώσεις
590 2133 856 2204 δίκην-ἐπὶ
877 2140 943 2207 τῇ
973 2138 1139 2208 ψήφῳ
1163 2140 1258 2193 τοῦ
1280 2142 1538 2196 δικαστοῦ
1565 2145 1774 2207 πάντας
1809 2146 1955 2200 ὲκεί-

377 2239 495 2278 νου.
527 2222 636 2277 Καὶ
673 2226 974 2297 ἀμφότεροι
1007 2231 1277 2300 τιμωρίαν
1301 2233 1671 2303 ύποστήσεσθε
1703 2239 1950 2307 ἀπαραί-

376 2330 556 2384 τητον,
589 2317 619 2369 ό
653 2317 752 2385 μὲν
777 2319 978 2381 ἀδίκως
1010 2320 1366 2390 ὀργιζόμενος
1391 2325 1483 2378 διά
1513 2327 1690 2390 τοῦτο,
1723 2330 1806 2387 ὅτι
1841 2331 1954 2386 ἀδίσ

379 2419 513 2469 κως,
535 2405 565 2457 ό
595 2403 651 2458 δὲ
680 2405 903 2469 δικαίως
925 2408 1016 2463 διὰ
1042 2409 1204 2465 τοῦτο
1231 2412 1386 2475 αὐτὸ,
1417 2414 1499 2468 ὅτι
1531 2415 1756 2481 δικαίως
1780 2419 1951 2489 ἐμνη-

382 2494 702 2564 σικάκησεν.

455 2675 524 2729 Ὀ
552 2677 733 2730 τοίνυν
759 2676 847 2733 διά
874 2681 1148 2749 νηστείας,
1181 2680 1274 2734 καὶ
1296 2681 1566 2753 ὀδυρμῶν,
1604 2685 1700 2739 καὶ
1754 2687 1950 2758 εὐχῶν,

378 2766 476 2821 καὶ
500 2768 726 2835 σάκκου,
752 2769 845 2823 καὶ
887 2769 1113 2833 σποδοῦ,
1143 2773 1240 2825 καὶ
1267 2774 1468 2846 μυρίας
1510 2758 1953 2846 ἐξομολογήσεῖἶς

380 2857 534 2928 μόλις
563 2858 741 2931 ἕτεροι
768 2861 1119 2932 κατορθοῦσι,
1155 2863 1217 2933 τὸ
1245 2865 1314 2919 τὰ
1338 2866 1713 2937 ἁμαρτήματα
1742 2869 1955 2936 ἐξαλεί-

380 2964 504 3018 φειν
534 2947 680 3017 λέγω
728 2950 796 3004 τὰ
829 2950 1061 3019 ἑαυτῶν,
1119 2955 1278 3006 τοῦτο
1322 2953 1531 3018 ἔξεστιν
1574 2958 1707 3027 ἡμῖν
1752 2959 1953 3029 ῥᾳδίως

379 3039 557 3091 ποιεῖν
607 3040 777 3108 χωρὶς
834 3040 1043 3094 σάκκου
1098 3041 1194 3095 καὶ
1219 3043 1419 3099 σποδοῦ
1452 3046 1546 3099 καὶ
1574 3047 1849 3115 νηστείας,
1886 3048 1952 3102 ἂν

2014 584 2025 589 “
2060 592 2241 634 mores
2274 578 2502 644 erimus,
2535 594 2816 651 nunquam
2863 577 3040 633 aliena
3077 576 3517 649 supputabimus.

2130 670 2188 725 Si
2233 670 2676 727 condonaveritis
2729 669 2968 726 inimicis
2999 669 3217 733 vestris,
3248 668 3401 723 vobis
3431 667 3629 723 condo-

2059 764 2312 820 nabitur.
2372 762 2599 832 ignosce
2650 778 2937 818 servorum
2979 764 3181 818 erratis
3212 801 3229 825 ,
3256 771 3370 816 uta
3401 760 3631 816 Domino

2055 857 2272 914 veniam
2316 859 2574 926 impetres
2602 857 2763 927 202
2788 864 3160 927 peccatorum.
3190 854 3347 920 Quod
3370 854 3417 909 si
3448 853 3631 923 gravi-

2060 955 2144 1004 ter
2164 948 2423 1020 peccarit,
2447 955 2502 1002 et
2523 957 2576 1003 te
2592 948 2813 1012 laeserit,
2843 956 3051 1018 quanto
3081 947 3291 1016 majora
3321 948 3623 1010 remiseris,

2059 1030 2210 1096 tanto
2274 1041 2536 1109 majorem
2594 1039 2907 1108 impetrabis
2936 1040 3200 1095 iveniam.
3247 1039 3459 1095 Idcirco
3485 1038 3627 1093 enim

2057 1133 2319 1188 desernur
2349 1133 2536 1189 dicere
2565 1150 2578 1186 :
2611 1131 2848 1187 Remitte
2892 1132 3053 1189 nobis
3098 1131 3242 1188 sicut
3267 1132 3626 1195 remittimus,

2060 1233 2121 1278 ut
2148 1225 2517 1295 intelligamus
2548 1223 2897 1279 remissionis
2947 1230 3003 1278 et
3050 1224 3475 1279 condonationis
3508 1238 3630 1278 mo-

2059 1317 2186 1371 dum
2237 1331 2269 1370 a
2327 1314 2492 1371 nobis
2545 1314 2785 1386 primum
2817 1313 3039 1370 initium
3062 1328 3279 1385 capere.
3308 1314 3497 1385 itaque
3522 1312 3629 1368 ini-

2059 1408 2276 1472 rnicus-,
2320 1414 2526 1476 quanto
2578 1405 2770 1475 majori
2833 1405 3077 1461 aﬂecerit
3106 1406 3429 1472 maleﬁcio,
3479 1411 3631 1460 tanto
3661 1435 3672 1445 ~-

2059 1495 2253 1567 niajori
2300 1495 2466 1551 afficit
2511 1494 2800 1552 beneﬁcio.
2833 1494 3185 1551 Festinamus
3214 1494 3382 1565 igitur
3411 1509 3475 1548 ac
3507 1508 3630 1563 pro-

2062 1602 2332 1656 peremus,
2367 1596 2428 1643 ut
2457 1602 2554 1644 eos
2587 1587 2680 1658 qui
2715 1586 2965 1643 molestia
2996 1595 3055 1642 et
3091 1586 3282 1641 dolore
3312 1600 3413 1641 nos
3438 1584 3630 1639 all'ece-

2061 1677 2200 1742 rint,
2258 1675 2377 1731 sive
2417 1676 2542 1747 jure
2591 1676 2706 1731 sive
2752 1675 2953 1745 injuria
3001 1676 3347 1741 irascantur,
3381 1674 3630 1730 reconci-

2057 1768 2274 1824 liemus.
2305 1766 2364 1822 Si
2392 1767 2542 1823 enim
2573 1766 2664 1823 hic
2694 1767 3084 1824 reconciliatus
3104 1766 3294 1827 fueris.
3316 1765 3423 1821 illic
3437 1764 3659 1834 Iudiciis

2058 1858 2515 1914 condemnatione
2554 1858 2909 1914 liberaberis:
2944 1858 3029 1913 sin
3063 1867 3243 1914 autem
3270 1858 3477 1913 interea
3515 1871 3628 1911 mae

2058 1957 2221 2005 nente
2270 1950 2375 2025 ira,
2431 1965 2582 2005 mors
2626 1950 2851 2005 adstans
2884 1965 2986 2006 suo
3027 1950 3337 2006 interventu
3377 1948 3643 2012 abducet,

2055 2040 2429 2095 interveniens
2475 2040 2775 2105 simultati,
2806 2041 2858 2095 in
2898 2039 3164 2111 judicium
3208 2040 3339 2093 illud
3378 2049 3631 2094 metuen-

2055 2130 2205 2198 dum,
2237 2130 2383 2199 quod
2435 2131 2703 2200 reliquum
2750 2139 2855 2197 est,
2896 2144 3120 2186 causam
3165 2130 3362 2185 adduci
3409 2143 3657 2185 necesse-

2054 2228 2161 2285 cst,
2217 2230 2272 2275 et
2324 2230 2571 2276 extremo
2619 2220 2871 2277 aﬂicieris
2921 2220 3194 2291 supplicio
3240 2235 3306 2276 ex
3358 2221 3631 2277 sententia

2055 2313 2204 2370 illius
2226 2315 2472 2368 omnium
2492 2313 2714 2382 judicis.
2741 2313 2805 2370 Et
2833 2314 2999 2368 ambo
3021 2312 3350 2382 supplicium
3373 2311 3641 2368 subibitis

2057 2405 2395 2468 inevitabile,
2415 2406 2550 2461 alter
2573 2405 2776 2475 injuste
2806 2404 3000 2468 iratus,
3032 2405 3159 2473 quia
3189 2402 3430 2473 injustas
3455 2421 3472 2461 :
3494 2404 3647 2461 alter

2059 2512 2189 2553 vero
2234 2496 2382 2566 juste
2413 2507 2637 2567 propter
2680 2497 2876 2566 ipsam,
2913 2508 3188 2567 utcunque
3216 2496 3451 2567 justam,
3491 2496 3629 2565 initio

2058 2590 2155 2645 ria:
2172 2603 2263 2642 um
2292 2589 2633 2644 memoriam.

2127 2679 2283 2747 Quod
2331 2682 2498 2753 igitur
2534 2680 2747 2751 jejunio
2771 2688 2825 2735 et
2853 2680 3129 2745 lamentis,
3163 2682 3438 2750 precibus,
3467 2694 3628 2736 sacco

2056 2781 2112 2828 et
2136 2772 2323 2829 cinere
2359 2780 2414 2827 et
2457 2771 2668 2827 inﬁnita
2694 2770 2988 2829 conﬁtendi
3017 2771 3228 2827 ratione
3253 2772 3338 2825 vix
3375 2771 3466 2826 alii
3500 2786 3625 2839 per-

2057 2864 2270 2931 ficiunt,
2312 2872 2372 2919 ut
2402 2874 2626 2934 peccata
2680 2865 3025 2934 abstergeant
3075 2879 3207 2932 sua,
3225 2864 3278 2921 id
3311 2864 3469 2920 nobis
3503 2865 3643 2920 licet

2055 2953 2218 3009 facile
2263 2954 2480 3024 assequi
2541 2955 2664 3010 sine
2728 2969 2909 3019 sacco,
2967 2953 3152 3010 cinere
3199 2965 3253 3008 et
3306 2954 3535 3023 jejunio,
3580 2954 3626 3011 si

2055 3046 2217 3100 modo
2272 3059 2339 3101 ex
2405 3044 2573 3100 animi
2637 3046 2972 3114 cogitatione
3029 3046 3167 3100 iram
3224 3045 3529 3109 deleamus,
3576 3057 3629 3101 et

380 3125 542 3195 μόνον
571 3128 679 3180 ἀπὸ
710 3128 807 3199 τῆς
832 3130 1070 3193 διανοίας
1103 3131 1481 3204 ἐξαλείψωμεν
1501 3136 1602 3205 τὴν
1632 3139 1820 3209 ὀργὴν,
1858 3141 1949 3197 καὶ

2067 3136 2281 3191 omnino
2314 3151 2382 3191 c1
2434 3137 2621 3192 animo
2670 3136 2738 3191 iis
2783 3138 2878 3207 qui
2924 3136 3082 3195 nobis
3116 3136 3377 3208 iniuriam
3404 3136 3642 3194 fecerint-

380 3217 523 3286 μετὰ
562 3219 911 3291 είλικρινείας
942 3223 1170 3295 ἀφῶμεν
1201 3228 1313 3290 τοῖς
1345 3227 1662 3301 ἠδικηκόσιν
1695 3233 1862 3303 ἡμᾶς.

453 3309 661 3375 Παντὸς
688 3312 1086 3385 ἁμαρτήματος
1110 3317 1172 3369 τὸ
1203 3323 1564 3387 μνησικακεῖν
1598 3324 1807 3392 χεῖρον.

452 3488 794 3562 Συγγνώμην
849 3491 1167 3563 αἰτούμενος
1198 3495 1637 3567 ἁμαρτημάτων,
1682 3501 1951 3568 συγγίνω-

382 3596 481 3632 σκε
510 3580 605 3634 καὶ
627 3581 787 3643 αὐτὸς
816 3584 927 3642 τοῖς
955 3583 1035 3645 είς
1074 3585 1133 3636 σὲ
1160 3584 1583 3655 πλημμελοῦσιν
1603 3605 1617 3621 ·
1642 3590 1726 3643 ὅτι
1758 3590 1950 3658 ἀφέσει

378 3672 704 3727 ἀντιδίδοται
758 3673 970 3740 ἄφεσις,
1023 3674 1121 3728 καλ⁵
1175 3677 1211 3746 ἡ
1271 3678 1407 3748 πρὸς
1454 3678 1581 3742 τοὺς
1624 3681 1951 3750 ὁμοδούλους

378 3763 539 3833 ἡμῶν
597 3756 915 3836 καταλλαγὴ
971 3766 1073 3834 τῆς
1106 3766 1255 3832 θείας
1292 3767 1464 3838 ὀργῆς
1525 3770 1737 3838 γίνεται
1780 3773 1953 3827 ἀπα).-

377 3854 545 3925 λαγή.

463 3944 553 3998 Ἐν
598 3940 681 4010 οἷς
718 3948 975 4018 πλήττειν
1004 3952 1198 4017 ἄλλους
1235 3952 1469 4021 ἐθέλεις,
1500 3955 1559 4008 ὲν
1585 3954 1793 4019 τούτοις
1824 3954 1951 4031 βλά-

379 4036 483 4105 ϐην
508 4036 693 4103 ἔλπιζε
716 4040 816 4110 τὴν
847 4042 1091 4110 μείζονα.

463 4133 688 4206 Ἐχθροῦ
714 4135 999 4207 δεηθέντος
1034 4140 1110 4212 μὴ
1148 4142 1511 4215 ἀποστραφῇς
1543 4146 1642 4217 τὴν
1687 4145 1948 4212 ἀξίωσιν·

380 4226 524 4296 πλὴν
547 4228 851 4299 ἀσφαλίζου
874 4234 1123 4292 σεαυτόν.
1164 4236 1331 4291 Οὐδὲν
1356 4238 1465 4311 γάρ
1493 4242 1652 4306 κυνὸς
1682 4241 1948 4313 διαφέρει.

450 4406 725 4475 Σπούδαζε
753 4412 850 4475 τὰς
881 4412 981 4480 μὲν
1010 4413 1209 4485 ἔχθρας
1233 4417 1626 4490 ὀλιγοχρονίους
1653 4423 1948 4489 ποιεῖσθαι,

375 4497 479 4560 τὰς
500 4498 556 4552 δὲ
576 4500 795 4568 άγάπας
820 4505 1228 4573 πολυχρονίους.

451 4591 836 4661 Μνησικακίαν
865 4594 1113 4650 σϐέννυσι
1144 4598 1289 4669 δῶρα
1309 4616 1326 4633 '
1361 4602 1455 4657 καὶ
1485 4604 1717 4658 πειθέτω
1754 4623 1815 4659 σε
1850 4606 1954 4661 Ἰα-

377 4680 519 4748 κὼϐ,
545 4682 634 4737 τὸν
669 4684 838 4739 Ἠσαῦ
880 4685 1110 4755 δόμοισιν
1145 4689 1388 4746 ὑπελθὼν
1441 4696 1582 4762 μετὰ
1620 4700 1954 4766 τριακοσίων

375 4774 459 4837 εἰς
490 4773 791 4845 ἀπάντησιν
815 4776 1119 4845 ἐξελθόντα.
1167 4780 1307 4834 Ἀλλ’
1342 4784 1502 4854 ήμεῗς
1540 4786 1769 4861 πένητες
1797 4788 1953 4855 ὄντες

373 4868 629 4940 τραπέζῃ
656 4868 753 4938 τὴν
783 4870 970 4939 χρείαν
1006 4870 1404 4943 πληρώσωμιν.

459 5044 521 5099 Ὀ
547 5046 767 5114 δαίμοσι
799 5053 1154 5120 μνησικακῶν
1177 5052 1484 5123 ἀνθρώποις
1503 5056 1564 5109 οὐ
1592 5060 1944 5128 μνησικακεῐο

372 5143 648 5213 είρηνεύει
680 5144 738 5198 δὲ
771 5147 908 5214 μετὰ
941 5146 1214 5216 δαιμόνων
1238 5150 1266 5202 ὁ
1289 5148 1367 5218 τῷ
1396 5149 1609 5223 ἀδελφῷ
1637 5153 1871 5222 μηνιῶν.

448 5317 682 5381 Κροῖσος
705 5317 783 5388 τῷ
814 5317 1118 5391 παιδοφόνῳ
1138 5323 1235 5392 τὴν
1259 5324 1431 5397 ὀργὴν
1459 5326 1678 5395 ἀφεῖναι
1703 5325 1942 5394 λέγεται,

370 5406 566 5459 ἑαυτὸν
598 5409 889 5479 παραδόντι
917 5412 997 5473 εἰς
1036 5414 1305 5497 τιμωρίαν
1324 5454 1341 5480 ,
1375 5418 1472 5471 καὶ
1501 5415 1681 5486 Κῦρος
1715 5419 1743 5471 ό
1772 5418 1944 5488 μέγας

370 5499 524 5567 αὑτῷ
547 5500 719 5573 τούτῳ
745 5504 823 5573 τῷ
853 5503 1073 5576 Κροίσῳ
1104 5506 1253 5574 φίλος
1275 5508 1527 5575 γενέσθαι
1577 5512 1716 5582 μετά
1740 5513 1839 5583 τὴν
1868 5513 1942 5568 νί-

370 5600 494 5655 κην.

2060 3234 2435 3305 ignoscamus.

2129 3327 2334 3394 Quovis
2386 3337 2613 3399 peccato
2665 3326 2993 3396 injuriarum
3066 3326 3332 3383 memoria
3385 3324 3629 3380 deterior

2057 3420 2162 3467 est.

2128 3503 2262 3561 Cum
2290 3504 2613 3562 delictorum
2643 3505 2853 3561 veniam
2892 3505 3059 3575 petis,
3097 3503 3187 3559 fac
3215 3505 3334 3575 ipse
3370 3503 3649 3575 ignoscas,

2058 3599 2128 3654 iis
2160 3598 2250 3669 qui
2281 3598 2338 3652 in
2372 3607 2424 3653 te
2457 3598 2769 3667 peccarint,
2804 3596 2931 3669 quia
2965 3596 3299 3653 condonatio
3345 3596 3625 3653 condona-

2060 3690 2210 3745 tione
2259 3699 2682 3753 remuneratur,
2742 3705 2807 3744 ac
2858 3703 3252 3745 conservorum
3316 3698 3627 3744 nostrorum

2056 3783 2371 3839 conciliatio
2397 3783 2557 3838 nobis
2587 3783 2648 3839 fit
2676 3797 2711 3838 ι
2745 3782 2927 3838 divina
2954 3783 3037 3837 ira
3062 3781 3339 3841 liberatio.

2131 3956 2477 4013 Moschionis.
2513 3956 2569 4010 in
2599 3955 2800 4026 quibus
2830 3955 2969 4012 alios
3010 3955 3412 4026 reprehendere
3439 3957 3542 4021 vis,
3573 3958 3624 4011 in

2059 4052 2125 4107 iis
2150 4049 2538 4106 detrimentum
2568 4047 2743 4115 majus
2770 4062 2893 4102 esse
2914 4048 3249 4103 existimato.

2130 4140 2367 4211 Epicuri.
2400 4139 2554 4194 liosti
2590 4138 2835 4209 precanti
2870 4153 2938 4193 ne
2966 4139 3231 4208 denegata
3282 4140 3427 4209 quod
3459 4141 3626 4209 petit:

2059 4234 2151 4289 sed
2188 4244 2240 4287 te
2271 4232 2390 4302 ipse
2443 4231 2653 4286 munito
2714 4228 2978 4287 adversus
3016 4230 3188 4288 illum.
3239 4229 3386 4286 Nihil
3416 4231 3561 4287 enim
3597 4248 3639 4285 a.

2059 4337 2197 4377 cane
2225 4321 2425 4376 differt.

2134 4412 2452 4483 Theopompi
2496 4412 2571 4466 Da
2616 4426 2833 4483 operam
2889 4419 2949 4468 ut
2997 4409 3314 4468 inimicitias
3364 4412 3635 4479 suscipias

1979 4501 2032 4560 υ
2058 4506 2271 4569 breves,
2306 4504 2574 4559 amicitias
2609 4512 2789 4559 autem
2815 4503 3203 4572 sempiternas.

2130 4595 2373 4665 Evagrii.
2425 4593 2755 4660 lnjuriarum
2804 4594 3123 4665 memoriam
3158 4607 3385 4646 munera
3415 4592 3626 4646 castiu-

2056 4696 2251 4759 guunt,
2288 4687 2340 4741 id
2366 4686 2509 4755 quod
2564 4700 2631 4740 ex
2679 4682 2888 4741 Jacobo
2919 4684 3133 4741 discere
3168 4685 3317 4747 licet,
3350 4684 3440 4755 qui
3470 4699 3529 4739 se
3569 4686 3622 4739 in

2055 4780 2282 4848 gratiam
2314 4778 2456 4832 Esau
2482 4776 2668 4833 fratris
2692 4776 2779 4831 sui
2805 4775 3123 4831 muneribus
3153 4775 3474 4838 insinuavit,
3502 4790 3624 4833 cuin

2055 4869 2309 4924 trecentis
2330 4868 2546 4924 obviam
2571 4867 2935 4922 occurrentis.
2962 4865 3068 4922 Sed
3091 4881 3194 4922 nos
3216 4882 3485 4937 pauperes
3503 4882 3627 4922 cum

2052 4961 2224 5016 simus
2250 4975 2371 5029 qua:
2393 4959 2589 5014 desunt
2615 4972 2815 5014 mensa:
2840 4957 3239 5027 compleamus.

2122 5050 2349 5106 Martini
2375 5058 2732 5107 anachoreta.
2779 5050 2883 5118 Qui
2921 5065 3130 5106 memor
3162 5059 3247 5105 est
3276 5047 3491 5120 injuriae
3517 5051 3625 5105 da:-

2053 5121 2298 5208 rnonum,
2332 5156 2436 5195 non
2472 5140 2721 5197 meminit
2750 5139 2967 5210 injurias
2992 5138 3272 5194 hominum
3308 5156 3324 5195 :
3357 5148 3411 5195 et
3435 5156 3634 5211 pacem.

2049 5246 2171 5286 cum
2203 5230 2542 5287 diumonibns
2574 5230 2707 5301 agit,
2739 5232 2833 5300 qui
2859 5229 3009 5284 fratri
3035 5231 3313 5285 irascitur.

2118 5324 2278 5396 203
2325 5323 2560 5385 (limus.
2610 5323 2835 5381 Crmsus
2885 5323 2978 5378 lilii
3027 5322 3362 5378 interfectori
3370 5359 3409 5401 θ
3439 5321 3621 5390 quise

2048 5419 2115 5471 ad
2164 5417 2486 5486 supplicium
2539 5413 2821 5481 offerebat,
2855 5414 3073 5470 dedisse
3100 5413 3313 5469 veniam
3362 5411 3562 5467 dicitur
3598 5427 3611 5462 :

2043 5522 2099 5568 et
2147 5512 2274 5568 huic
2316 5511 2418 5581 ipsi
2461 5508 2653 5567 Croeso
2700 5525 2929 5582 magnus
2957 5510 3046 5567 ille
3078 5509 3250 5582 Cyrus
3281 5515 3402 5578 post
3424 5504 3601 5560 vieto~

2046 5605 2183 5660 riam
2214 5604 2427 5661 amicus
2460 5602 2640 5660 factus
2661 5618 2782 5660 esse
2815 5604 3010 5658 fertur.

2766 5767 2830 5781 α
