3832 6244
180 353 291 415 ιιιι
942 343 1113 405 LOCl
1153 342 1595 407 COMMUNES.
1638 342 1936 424 —,PARs
1968 348 2047 407 ιι.
2083 349 2339 409 SERMO
2372 350 2483 412 LV.
3257 351 3394 419 ιιιε
3446 340 3451 345 ’

229 469 428 526 Γίνεσθε
472 461 562 519 οὖν
593 465 675 528 εἰς
718 463 982 534 ἀλλήλους
1013 462 1280 534 χρηστοὶ,
1318 459 1706 532 εὔσπλαγχνοι,
1738 512 1742 523 ς

1888 464 2076 521 Estote
2134 466 2300 537 igitur
2334 467 2428 522 alii
2477 467 2531 521 in
2584 466 2721 521 alios
2766 479 2964 521 suaves
2993 474 3048 520 et
3079 472 3348 524 commodi
3380 510 3393 535 ,

173 560 490 634 χαριζόμενοι
522 557 754 618 ἑαυτοῖς,
787 554 968 617 καθὼς
1015 554 1111 607 καὶ
1156 556 1184 607 6
1234 554 1470 623 Χριστὸς
1525 553 1685 624 ἐχαρί

1882 555 2202 613 isericordes
2232 597 2247 622 ,
2299 559 2670 613 condonautes
2719 557 2995 622 vicissim,
3050 560 3395 628 quemadmo-

177 671 290 707 σατυ
324 651 467 719 ὑμῖν.
725 654 729 661 “

1815 645 1946 701 dum
1968 645 2218 705 Christus
2249 649 2404 706 vobis
2445 648 2803 704 condonavit.

234 742 438 798 Γίνεσθε
496 740 589 797 οὖν
637 741 874 810 μιμηταὶ
914 736 1009 791 τοῦ
1062 738 1221 801 Θεοὸ,
1274 738 1349 800 ὡς
1379 736 1548 790 τέκνα
1577 737 1714 804 ἀγα-

1883 737 2071 794 Estote
2109 739 2278 810 igitur
2326 739 2636 796 imitatores
2685 740 2779 794 Dei
2814 749 3068 809 tauquam
3125 742 3223 796 ﬁlii
3273 743 3396 798 cha-

173 836 322 906 πητὰ,
356 833 448 887 καὶ
474 831 823 903 περιπατεῖτε
848 832 907 883 ἐν
929 830 1119 901 ἀγάπῃ
1147 868 1161 893 ,
1191 827 1374 892 καθὼς
1404 830 1498 881 καί
1522 829 1549 881 6
1578 829 1685 897 Χρι

1885 828 2046 896 tsimi,
2081 844 2146 884 ac
2180 829 2238 884 in
2272 830 2564 887 dilectione
2585 830 2883 897 ambulate,
2931 832 3398 899 quemadmodum

129 916 136 928 ’
170 930 276 992 uti);
308 928 589 997 ἠγάπησεν
627 925 800 995 ἡμᾶς,
848 924 947 976 καὶ
1000 922 1317 993 παρέδωκεν
1355 921 1549 976 ἑαυτὸν
1577 921 1642 973 ύτι

1885 934 1936 975 ιθ
1957 919 2214 978 Christus
2242 936 2341 977 vos
2361 922 2574 988 dilexit,
2609 930 2663 977 et
2687 920 2926 990 seipsnm
2952 937 3050 992 pro
3080 923 3237 979 vobis
3272 925 3398 979 olle

171 1019 307 1089 ἡμῶν
355 1018 670 1088 προσφορὰν
716 1018 812 1071 καὶ
859 1015 1050 1069 θυσίαν
1093 1014 1173 1085 τῷ
1232 1014 1351 1084 Θεῷ
1408 1015 1490 1076 εἰς
1534 1013 1680 1083 ὀσμὴ

1884 1011 2044 1067 ndum
2100 1019 2158 1068 et
2198 1012 2552 1069 mactandum
2604 1011 2719 1069 Deo
2756 1011 2985 1068 tradidit
3047 1014 3105 1069 in
3176 1015 3397 1075 odorem

172 1111 402 1174 εὐωδίας.

1817 1102 2241 1157 suaveolentem.

237 1200 569 1264 Ἐνδύσασθε,
623 1200 697 1261 ὡς
744 1198 988 1251 ἐκλεκτοὶ
1051 1196 1143 1250 τοῦ
1189 1195 1345 1261 Θεοῦ,
1393 1194 1566 1263 ἆγιοι,
1617 1196 1715 1248 καὶ

1886 1188 2179 1245 lnduimini
2211 1199 2269 1246 ut
2302 1192 2462 1247 electi
2507 1192 2622 1263 Dei,
2673 1196 2872 1262 sancti,
2919 1196 2988 1251 ab
3037 1197 3158 1269 ipso
3193 1197 3399 1261 dilecti,

162 1295 511 1365 ἠγαπημένοι,
548 1289 833 1361 σπλάγχνα
871 1289 1184 1360 οἰκτιρμοῦ,
1224 1290 1594 1360 χρηστότητα,
1622 1305 1675 1341 τι

1886 1295 2035 1337 scera
2072 1282 2442 1339 miserationis
2466 1324 2481 1349 ,
2542 1286 2865 1340 suavitatem
2895 1287 3086 1353 animi,
3115 1288 3399 1344 demissio-

164 1385 597 1458 πεινοφροσύνην,
636 1384 946 1452 πραΰτητα,
998 1380 1417 1452 μακροθυμίαν,
1456 1380 1677 1451 ἀνεκόμε

1884 1386 1968 1437 ειη,
2001 1371 2372 1439 clementiam,
2410 1372 2721 1440 lenitatem,
2758 1374 2998 1431 ferentes
3023 1392 3122 1432 vos
3164 1377 3397 1434 invicem

157 1496 226 1532 νοι
250 1476 511 1546 ἀλλήλων,
546 1476 641 1528 καὶ¹
668 1471 1020 1544 χαριζόμενοι
1051 1472 1266 1533 ἑαυτοῖς
1289 1511 1304 1536 ,
1337 1471 1434 1525 ἐάν
1463 1488 1546 1534 τις
1582 1475 1670 1540 πρέ

1911 1475 2098 1520 mutuo
2148 1465 2544 1531 condonantes,
2577 1466 2621 1520 si
2656 1468 2780 1536 quis
2829 1482 2954 1522 cum
3010 1469 3193 1539 aliquo
3236 1471 3400 1525 hahet

163 1586 271 1621 τινα
302 1568 398 1639 ἔχῃ
432 1565 691 1635 μομφήν·
726 1563 908 1628 καθὼς
941 1563 1037 1630 καὶ
1082 1565 1111 1617 6
1150 1563 1386 1634 Χριστὸς
1426 1563 1676 1633 ὲχαρίσαι

1892 1558 2313 1626 postulationem
2346 1574 2361 1611 :
2399 1566 2460 1611 ut
2489 1558 2742 1613 Christus
2766 1560 3095 1615 condonavit
3124 1561 3298 1629 vobis,
3321 1563 3401 1617 sic

157 1661 294 1729 ὑμῖν,
328 1657 473 1712 οὕτω
509 1659 606 1711 καὶ
639 1657 820 1725 ὑμεῖς.

1817 1649 1983 1702 etiam
2014 1663 2107 1704 vos
2137 1650 2453 1704 condonare
2475 1648 2688 1705 debetis
2717 1650 2808 1705 alii
2839 1651 2981 1707 aliis.

218 1749 648 1822 Παρακαλοῦμεν
692 1750 858 1819 ὑμᾶς,
914 1748 1164 1816 ἀδελφοὶ,
1220 1745 1523 1801 νουθετεῖτε
1584 1743 1716 1804 τοὺς

1893 1741 2190 1797 llortamur
2223 1756 2341 1809 vos,
2371 1742 2574 1797 fratres
2603 1781 2617 1806 ,
2668 1754 2726 1795 ut
2761 1757 2857 1797 eos
2906 1743 2999 1812 qui
3038 1743 3399 1799 immoderato

155 1846 439 1909 ἀτάκτους,
492 1841 911 1913 παραμυθεῖσθε
958 1841 1083 1902 τοὺς
1128 1838 1524 1909 ὀλιγοψύχους,
1563 1839 1668 1890 ἀντ

1884 1832 2082 1901 illoque
2133 1832 2331 1887 ordine
2383 1844 2601 1888 servato
2648 1847 2709 1888 se
2743 1842 2977 1903 gerunt,
3039 1834 3397 1900 admonentis,

152 1940 299 2009 χεσθε
313 1939 422 1991 τῶν
440 1934 708 2000 ἀσθενῶν,
729 1932 1134 2003 μακροθυμεῖτε
1150 1932 1231 1992 εἰς
1253 1932 1483 1993 πάντας.
1520 1930 1665 1999 Ὁρᾶ·

1883 1939 1917 1978 >s
1951 1923 2044 1994 qui
2080 1938 2251 1993 parvo
2280 1924 2465 1979 animo
2508 1936 2635 1980 sunt
2670 1927 3052 1990 consolemini,
3100 1936 3155 1981 et
3192 1927 3396 1982 debile.-

156 2033 223 2099 μή
251 2046 332 2092 τις
358 2026 536 2082 κακὸν
588 2027 711 2079 ἀντὶ
760 2022 934 2078 κακοῦ
984 2021 1191 2090 ἀποδῷ,
1223 2020 1359 2073 ἀλλὰ
1389 2022 1620 2074 πάντοτε
1658 2038 1669 2053 .

1889 2016 2137 2072 stentetis
2165 2057 2180 2082 ,
2236 2029 2290 2073 et
2345 2017 2497 2072 lenes
2536 2031 2664 2087 erga
2715 2032 2906 2073 oumes
2949 2017 3092 2075 sitis.
3120 2016 3309 2074 Videte
3332 2036 3396 2073 ne

146 2123 335 2191 ἀγαθὸν
369 2122 627 2185 διώκετε,
669 2117 762 2171 καὶ
798 2116 877 2178 εἰς
910 2112 1195 2185 ἀλλήλου·,
1246 2113 1339 2165 καὶ.
1371 2113 1449 2175 εἰς
1485 2112 1659 2165 πάντα

1883 2108 1946 2163 tis
1974 2108 2177 2163 malum
2218 2123 2316 2179 pro
2350 2109 2494 2162 malo
2520 2108 2732 2175 reddat,
2769 2123 3094 2179 semperque
3121 2111 3266 2180 quod
3298 2110 3396 2166 bo-

1819 2216 1949 2254 num
1979 2208 2080 2267 est,
2107 2200 2532 2270 prosequimini,
2566 2210 2678 2255 tum
2715 2215 2842 2272 erga
2871 2216 2971 2257 vos
2999 2203 3256 2272 invicem,
3284 2211 3396 2258 tum

1818 2305 1946 2360 erga
1974 2291 2111 2345 alios
2135 2305 2345 2345 omnes.

209 2390 439 2461 Εἰρήνην
468 2385 705 2441 διώκετε
734 2383 873 2454 μετὰ
908 2382 1141 2447 πάντων,
1171 2380 1266 2432 καὶ
1296 2381 1386 2431 τὸ]
1409 2379 1707 2447 ἁγιασμὸν,

1889 2375 2084 2431 Pacem
2118 2392 2242 2431 cum
2268 2378 2529 2432 omnibus
2556 2388 2610 2434 et
2632 2380 3123 2437 sanctificationem
3142 2384 3400 2453 expetite,

141 2478 194 2536 οὗ
226 2482 389 2553 χωρὶς
422 2478 615 2541 οὐδεὶς
644 2475 834 2544 ὄψεται
864 2475 955 2526 τὸν
989 2472 1213 2542 Κύριον.

1816 2468 1936 2523 sine
1962 2482 2069 2539 qua
2100 2467 2387 2524 Dominum
2423 2485 2584 2524 nemo
2620 2470 2841 2527 visurus
2865 2482 2971 2527 est.

200 2576 471 2634 Ἕκαστος
497 2573 605 2639 τὴν
634 2568 839 2621 κακίαν
872 2564 969 2617 τοῦ
1008 2564 1235 2633 πλησίον
1268 2562 1432 2616 αὑτοῦ
1468 2561 1544 2632 μὴ
1571 2559 1713 2628 λογί-

1894 2558 2037 2613 Vitia
2065 2560 2297 2630 proximi
2327 2561 2412 2618 sui
2437 2576 2597 2618 nemo
2618 2572 2860 2619 vestrum
2896 2564 2951 2619 in
2974 2565 3159 2621 animo
3182 2575 3399 2637 cegttet.

134 2667 281 2730 ζεσῦε
320 2667 379 2718 ὲν
404 2666 534 2725 ταῖς
578 2659 832 2725 καρδίαις
865 2655 1042 2727 ὑμῶν.

196 2759 330 2819 Τοὺς
361 2754 809 2825 ἅμαρτᾶνοντας
844 2748 1077 2801 ἐνώπιον
1110 2746 1327 2800 πάντων
1365 2745 1555 2814 ἔλεγχε
1576 2783 1593 2808 ,
1632 2744 1709 2797 ἵνα

1883 2738 2177 2794 Peccantes
2214 2752 2399 2793 coram
2443 2740 2702 2794 omnibus
2730 2741 3092 2811 reprehendo,
3124 2754 3185 2797 ιιι
3210 2743 3396 2798 caeteri

129 2851 215 2904 ml
243 2851 289 2901 οί
317 2845 509 2900 λοιποὶ
547 2843 725 2912 φόϐον
754 2841 978 2908 ἔχωσιν.

1817 2843 1962 2887 metu
1989 2831 2041 2884 in
2076 2829 2253 2886 ollicio
2295 2831 2658 2886 retineantur.

194 2941 406 3011 Ὠσπερ
440 2941 493 2992 οἱ
532 2938 635 2991 ἐπὶ
677 2936 769 2987 τὸν
802 2929 1054 3000 αἰγιαλὸν
1095 2928 1353 2995 ἑστῶτες,
1384 2929 1496 2992 τοῖς
1526 2927 1585 2981 ἐν
1622 2926 1707 2980 θα-

1904 2918 1963 2976 8.
2001 2920 2218 2975 Basilii.
2255 2919 2325 2975 Ut
2356 2923 2451 2990 qui
2485 2923 2537 2974 in
2580 2922 2762 2976 littore
2813 2922 2914 2977 tuti
2945 2934 3111 2992 sunt,
3151 2941 3274 2980 cum
3307 2941 3400 2981 eo-

130 3032 290 3103 λάσσῃ
340 3029 778 3102 βαπτιζομένοις
828 3025 1276 3095 συμπάσχοντες,
1323 3022 1382 3073 οὗ
1434 3019 1643 3091 προΐενι

1888 3028 1939 3069 m
1970 3014 2064 3082 qui
2098 3015 2153 3068 in
2204 3029 2357 3068 mare
2399 3013 2791 3084 demerguntur
2821 3015 3130 3070 calamitate
3160 3017 3399 3073 alliciun-

131 3124 221 3194 τὴν
256 3122 471 3177 οἰκείαν
503 3119 819 3188 ἀσφάλειαν
870 3119 926 3169 ὲν
956 3118 1024 3187 τῇ
1056 3115 1185 3182 περὶ
1216 3112 1326 3166 τῶν
1375 3111 1644 3165 κινδυνευὲ

1886 3121 1930 3172 r,
1987 3120 2142 3160 suam
2199 3108 2553 3161 seettritatem
2612 3115 2668 3161 et
2719 3114 2887 3161 tutam
2943 3109 3232 3164 stationem
3289 3125 3399 3164 non

124 3232 224 3269 των
248 3214 501 3286 φροντίδι
529 3227 543 3240 ·
583 3208 760 3273 οὕτως
790 3210 912 3262 οὐδὲ
963 3210 1011 3261 οἱ
1046 3208 1158 3269 τοῖς
1203 3205 1571 3274 ἁμαρτήμασι
1605 3218 1636 3253 τ

1887 3195 2081 3252 mittunt
2135 3206 2358 3266 propter
2407 3196 2835 3252 sollicitudinem
2872 3213 3037 3267 quam
3086 3199 3151 3254 de
3182 3201 3400 3270 pericli-

125 3305 285 3367 πέλας
317 3300 836 3371 ὲπιστυγνάζοντες
865 3301 965 3368 τὴν
988 3298 1199 3351 οἰκείαν
1232 3294 1591 3365 ἀφανίζουσιν
1622 3309 1638 3344 ε

1882 3288 2062 3343 ntibus
2104 3288 2411 3358 suscipiunt
2444 3304 2459 3341 :
2499 3288 2578 3342 sic
2609 3289 2771 3341 etiam
2799 3290 2890 3357 qui
2923 3289 2990 3343 de
3022 3289 3395 3358 proximorum

121 3398 417 3469 φροσύνηνο
450 3393 775 3451 τούναντίον
806 3393 905 3462 μὲν
935 3392 1028 3446 οὖν
1056 3390 1153 3442 καὶ
1186 3387 1411 3459 μείζονα
1458 3382 1634 3439 ποιοῦι

1886 3378 2055 3434 ccatis
2104 3389 2379 3445 moerent,
2439 3394 2594 3434 suam
2658 3394 2766 3434 non
2816 3382 3074 3435 amittunt
3126 3382 3398 3440 lJ-titiam.

122 3494 307 3562 αὐτὴν,
344 3490 497 3557 ὑπὲρ
531 3488 652 3542 τῶν
688 3487 769 3550 είς
797 3487 924 3549 τοὺς
954 3483 1222 3552 ἀδελφοὺς
1249 3479 1505 3551 δακρύων
1534 3477 1635 3541 ἁξιι

1886 3473 1914 3523 d
1948 3479 2141 3524 contra
2178 3469 2438 3539 majorem
2488 3486 2608 3526 eam
2644 3471 2896 3535 reddunt,
2933 3471 3063 3525 dum
3096 3487 3194 3541 per
3218 3472 3399 3542 lacry-

118 3601 261 3653 μενοι
296 3587 403 3656 τῆς
447 3584 645 3654 χαρᾶς
675 3578 768 3633 τοῦ
819 3578 1028 3647 Κυρίου
1079 3574 1167 3628 διὰ
1203 3575 1302 3644 τὴν
1339 3569 1631 3640 συμπάθειι

1883 3576 1938 3615 as
1990 3576 2127 3629 quas
2183 3563 2414 3616 fratrum
2489 3577 2658 3617 causa
2737 3562 3119 3631 profuderint,
3186 3565 3396 3621 Domini

116 3678 298 3748 ἐπειδὴ
346 3652 411 3729 τὸ
446 3652 712 3728 τοιοῦτον
743 3671 977 3741 δάκρυον
1016 3668 1187 3722 οίονεὶ
1218 3665 1442 3734 σπέρμα
1479 3666 1573 3718 καὶ
1620 3664 1629 3712 l

1883 3652 2020 3705 ludio
2066 3652 2215 3722 digni
2261 3654 2551 3719 habentur,
2606 3664 2827 3724 propter
2857 3655 3198 3712 affectionem
3250 3658 3396 3714 illam

115 3742 306 3842 νεισμα
339 3770 577 3839 γίνεται
604 3768 710 3834 τῆς
742 3762 964 3817 αἰωνίου
994 3762 1190 3831 χαρᾶς.

1885 3757 1922 3796 ιιι
1956 3742 2153 3797 alienis
2205 3745 2364 3798 malis
2415 3744 2726 3800 afficiuntur
2757 3763 2773 3801 :
2804 3748 2931 3816 quia
2980 3748 3105 3804 talis
3157 3751 3398 3821 lacryuta

1819 3835 1974 3904 quasi
2017 3849 2205 3890 semen
2232 3845 2287 3888 et
2321 3835 2500 3890 ftenus
2530 3838 2718 3891 aeterni
2748 3838 2930 3907 gaudii
2963 3850 3069 3894 est.

185 3948 247 4002 ’0
271 3949 423 4017 ὑπὲρ
459 3948 572 4017 τῆς
610 3944 706 3996 τοῦ
757 3941 988 4011 πλησίον
1035 3939 1314 4010 ἁμαρτίας
1349 3937 1553 4007 θερμὸν
1577 3938 1698 3990 ἀπο·

1890 3924 1996 3990 Qui
2026 3939 2124 3994 pro
2155 3933 2379 3994 peccato
2401 3926 2631 3995 proximi
2665 3926 2963 3982 ferventem
2994 3929 3294 3996 profuderit
3320 3932 3396 3987 ιφ

106 4042 307 4108 στάξας
334 4043 629 4112 δάκρυον,
661 4037 855 4090 ἑαυτὸν
883 4033 1141 4099 ὲξιάσατο
1160 4031 1229 4084 δι’
1261 4025 1338 4085 ὧν
1365 4032 1455 4084 τὸν
1477 4030 1619 4082 ἁδελι

1817 4032 2086 4089 crymam,
2116 4018 2203 4073 hic
2227 4016 2451 4074 fratrem
2484 4018 2820 4088 deplorando
2844 4020 3027 4092 seipse
3057 4023 3287 4078 sanavit.

104 4135 468 4206 ἀπωδύρατο.
1258 4182 1271 4195 ,
1899 4201 1925 4206 Δ
1979 4199 1990 4206 Α
2213 4200 2224 4206 Δ
2330 4200 2340 4206 .
2562 4199 2581 4206 Δ
2700 4200 2711 4206 ι
2851 4203 2861 4206 _
3392 4164 3399 4167 .

172 4230 233 4281 '0
257 4199 663 4298 etp'qcoxa'tCtov
689 4223 784 4275 καὶ
812 4220 888 4291 μὴ
918 4219 1157 4288 ἐλέγχων
1180 4216 1287 4287 τὴν.
1315 4213 1595 4285 ἁμαρτίαν
1621 4229 1681 4265 το

1890 4199 1992 4268 Qui
2023 4200 2391 4270 conquiescit,
2424 4215 2530 4256 nec
2556 4199 2744 4256 fratris
2780 4203 2865 4257 sui
2895 4212 3177 4272 peccatum
3218 4221 3396 4276 repre-

97 4292 332 4392 ἀδελφοί»
357 4292 599 4384 αὐτοῦ,
645 4315 990 4384 ἄσπλαγχνος
1025 4314 1194 4376 ἐστιν,
1225 4308 1413 4378 ὥσπερ
1442 4308 1471 4359 6
1513 4306 1606 4358 τὸν

1886 4293 2029 4356 adit,
2062 4292 2153 4348 hic
2203 4292 2600 4349 immisericors
2651 4306 2758 4360 est,
2807 4304 2867 4348 ut
2896 4297 2990 4366 qui
3027 4297 3083 4351 in
3114 4297 3327 4368 plagam
3369 4315 3399 4353 a

92 4385 314 4484 ἐναφεὶς
351 4415 444 4482 τῷ
482 4409 756 4481 δηχθέντι
787 4408 894 4460 ὑπὸ
926 4404 1021 4458 τοῦ
1059 4402 1287 4456 ίοϐόλου.

1821 4395 2081 4457 serpente
2111 4385 2312 4442 factam
2347 4401 2620 4442 venenum
2657 4386 2993 4445 infunderet.

159 4504 328 4569 Οἶδας
360 4507 419 4559 τί
463 4503 733 4572 ποιήσεις
772 4500 850 4568 τῷ
901 4496 1128 4566 πλησίον
1165 4491 1372 4557 καλόν;
1412 4492 1478 4545 ’Ὀ
1504 4506 1672 4544 σεαυτι

1907 4480 2100 4537 Scisne
2155 4482 2284 4551 quid
2347 4481 2473 4535 boui
2537 4479 2787 4549 proximo
2846 4480 3193 4536 faciendum?
3240 4482 3399 4552 205

88 4602 267 4668 βούλει
299 4601 452 4672 παρ’
485 4596 698 4664 ὲτὲρου
734 4592 1023 4662 γενέσθαι.

1819 4572 1975 4637 Quod
2008 4573 2103 4627 tibi
2141 4573 2257 4641 ipse
2286 4573 2366 4625 vis
2393 4574 2460 4624 ab
2496 4572 2671 4623 altero
2706 4571 2842 4624 fieri.

162 4693 225 4747 '0
264 4662 532 4762 ἀγαπῶν
586 4662 687 4739 *τὸν
735 4685 970 4756 πλησίον
1000 4684 1073 4747 ὡς
1103 4682 1297 4735 ἑαυτὸν
1332 4679 1487 4733 οὐδὲν
1524 4697 1675 4752 περιι

1888 4665 1993 4731 Qui
2039 4666 2357 4735 proximqu
2410 4664 2550 4717 sicut
2582 4662 2822 4731 seipsum
2872 4663 3083 4733 diligit,
3132 4665 3177 4719 is
3220 4665 3391 4719 nihilo

83 4787 309 4857 σότερον
341 4787 650 4851 κέκτηται
686 4777 778 4829 τοῦ
820 4776 1072 4846 πλησίον.

1819 4777 1927 4816 ιιοιι
1955 4759 2179 4828 capisco
2214 4759 2335 4827 plus
2368 4772 2529 4826 quam
2562 4758 2846 4826 proximus
2877 4761 3145 4830 possidet.

151 4850 335 4948 ’Ᾰςρες
384 4879 417 4930 ὁ
479 4850 754 4941 ἀφεθεὶς,
809 4869 1032 4939 ἐλέησον
1062 4870 1089 4920 ὁ
1128 4867 1454 4935 ἠλεημένος*
1510 4854 1664 4934 κτῆσέ

1892 4851 2165 4921 Theologi.
2217 4850 2475 4918 Remitte,
2514 4864 2637 4905 cum
2668 4851 2766 4906 tibi
2798 4853 2871 4907 sit
2920 4854 3205 4908 remissum
3241 4871 3257 4908 :
3298 4855 3398 4908 mi-

74 4972 150 5043 τῷ
182 4942 619 5042 φιλανθρώπῳ
657 4962 719 5015 τὺ
755 4960 1165 5031 φιλάνθρωπον.

1887 4958 2030 5009 rere,
2067 4942 2160 5013 qui
2209 4942 2642 4997 misericordiam
2677 4953 3006 5000 consecutus
3030 4960 3114 5011 es,
3146 4944 3398 5003 Immani-

1824 5045 2041 5105 tateque
2069 5034 2165 5089 tibi
2199 5035 2602 5089 humanitatem
2633 5043 2851 5104 parato.

140 5154 241 5229 Μὴ
272 5157 561 5227 γελάσῃς
602 5146 808 5217 πτῶμα
839 5146 934 5199 τοῦ
970 5145 1161 5208 πέλας·
1185 5140 1428 5196 διάϐαινε
1456 5140 1510 5192 δὲ
1542 5141 1652 5207 ἁσφ

1897 5128 2095 5185 Casum
2132 5127 2368 5199 proximi
2412 5141 2481 5181 ne
2536 5126 2715 5182 rideto
2754 5146 2768 5183 :
2826 5137 2942 5185 tuto
2972 5139 3177 5197 autem,
3218 5134 3398 5203 quoad

68 5253 189 5321 λὴς,
222 5220 339 5318 rion
376 5220 790 5309 cetvbévapt;
825 5238 961 5292 ἀλλὰ
1002 5238 1093 5289 καὶ
1132 5236 1278 5290 δίδου
1322 5235 1485 5303 χεῖρα
1541 5248 1581 5299 χι

1891 5234 1944 5280 te
1995 5224 2108 5279 fieri
2161 5221 2377 5292 poterit,
2417 5221 2686 5286 transito;
2724 5220 2857 5291 quin
2915 5221 3083 5278 etiam
3137 5225 3396 5295 porrigito

66 5344 346 5411 κειμένῳ.

1825 5333 2043 5370 manum
2073 5314 2220 5369 ltumi
2248 5314 2476 5384 jacenti.

130 5405 667 5501 έυγχιυρήσωμέν
692 5437 745 5473 τι
797 5417 1014 5488 μικρὸν,
1049 5416 1138 5472 ἵνα
1175 5413 1364 5485 μεῖζον
1412 5413 1643 5469 ἁντιλὰὁι

1911 5407 2272 5462 Jmtcedamus
2304 5405 2507 5475 aliquid
2540 5407 2828 5477 exiguum,
2863 5420 2921 5464 ut
2947 5411 3120 5479 majus
3148 5409 3393 5471 impetre-

65 5542 187 5590 μεν.
223 5491 471 5592 "Dp-ara
502 5491 732 5583 νδμους
760 5510 1063 5579 ἀθλήσεως,
1092 5509 1187 5561 καὶ
1221 5505 1540 5560 παλαιστῶν
1573 5530 1578 5555 ‹

1881 5512 1965 5563 us,
2003 5512 2197 5565 nempe
2251 5495 2644 5562 concordiam;
2686 5500 2963 5566 patiamur
3011 5510 3110 5549 nos
3141 5491 3306 5555 vinci,
3338 5503 3391 5547 ut

59 5583 334 5685 ὐίσματα,
373 5611 435 5664 οἳ
471 5606 569 5677 τῷ
611 5605 768 5656 κάτω
800 5602 1017 5656 κεῖσθαι
1048 5600 1330 5667 πολλάκις,
1360 5598 1551 5654 νικῶσι

1881 5604 2128 5644 ucamus.
2166 5586 2363 5641 Videte
2417 5588 2749 5642 athletarqu
2797 5583 3293 5645 consuetudinem,
3342 5592 3392 5638 et

1824 5678 2158 5731 luctatorutn
2193 5676 2494 5733 certamina
2525 5717 2543 5741 ,
2592 5676 2683 5743 qui
2724 5683 3096 5743 smpenumero
3128 5668 3229 5721 hoc
3276 5670 3393 5738 ipso

1823 5768 1965 5837 quod
1998 5767 2265 5836 suppos.ti
2304 5775 2452 5831 sunt,
2488 5766 2829 5819 adversarios
2868 5757 2971 5813 sibi
3011 5756 3393 5815 incumbentes

1829 5870 2045 5913 vincunt
2061 5899 2070 5913 .

60 5707 581 5783 υπτρκειμένους.
