3992 6252
389 328 394 332 ’
435 337 584 398 1113

444 543 694 597 meliores
728 539 941 596 eiliccre
966 553 1060 593 eos
1089 537 1183 606 qui
1209 535 1468 606 injuriam
1513 536 1747 605 faciunt,
1784 537 1916 594 dum
1945 543 2024 593 too

446 634 688 687 leramus
716 622 1002 701 patiendo.

406 723 414 784 ,‘
524 721 918 789 Unusquisque
963 727 1211 774 nostrum
1239 717 1448 788 aliquid
1483 717 1662 786 debet,
1696 725 1749 773 et
1775 717 2026 773 Christus

451 813 623 866 multa
677 810 808 866 facit
843 809 1102 864 nomina.
1147 809 1372 865 Veniam
1397 810 1613 874 demus,
1660 818 1721 864 ut
1746 809 1904 866 nobis
1935 823 2027 865 re-

450 903 720 956 mittatur.

529 993 590 1048 Si
619 992 730 1046 Deo
765 991 898 1045 nihil
929 991 1182 1060 supplicii
1210 992 1374 1047 debes
1397 1031 1412 1058 ,

521 1084 642 1153 lpse
673 1099 891 1153 quoque
929 1083 1065 1136 nihil
1115 1081 1372 1138 aﬂiciaris
1411 1082 1724 1138 debentium
1765 1081 2026 1149 miseriis;

528 1259 625 1315 Sin
671 1268 854 1316 autem
889 1260 1000 1316 scis
1051 1271 1106 1317 te
1152 1260 1376 1328 debere,
1413 1267 1470 1315 tu
1504 1261 1651 1328 prior
1697 1260 1895 1315 exhibe
1925 1259 2033 1315 cle-

1645 1349 1930 1423 [mentiam
1943 1391 1955 1405 .

531 1443 638 1500 Pro
669 1442 1044 1499 misericordia
1071 1440 1215 1497 enim
1247 1441 1334 1496 vel
1363 1441 1505 1512 apud
1531 1442 1698 1496 Deum
1726 1443 1902 1512 ipsum
1932 1440 2033 1494 nii-

1268 1533 1587 1604 [sericordia
1624 1534 1958 1604 rependitur.

534 1626 685 1683 Satis
717 1635 801 1682 est
828 1627 1130 1682 moderatis
1162 1625 1380 1695 quidem
1413 1627 1714 1696 injuriosos
1757 1636 1902 1681 metu
1950 1628 2034 1682 af-

1643 331 1966 394 ANTONII
2007 332 2357 412 MELISSIE

512 451 724 505 Bonum
761 457 845 506 est
889 445 1304 502 mansuetudine
1351 445 1636 502 audaciam
1664 448 1905 511 vincere,
1951 456 2005 501 et
2034 454 2082 511 Α

3561 329 3678 394 illi

2194 449 2424 517 Ἀγαθὸν
2474 447 2805 520 χρηστότητι
2851 450 3008 521 νικᾷν
3053 447 3392 518 θρασύτητα,
3427 449 3524 500 καὶ
3577 447 3678 514 βελ-

2127 542 2272 603 τίους
2301 543 2477 596 ποιεῖν
2500 542 2626 604 τοὺς
2657 540 3012 608 ἀδικοῦντας,
3055 537 3138 603 οἷς
3180 537 3564 611 καρτεροῦμεν
3598 538 3680 590 πά-

2131 647 2376 701 σχοντες.

2201 721 2472 786 Ἕκαστος
2495 723 2653 791 ἡμῶν
2684 725 2832 777 ἐστιν
2857 725 2918 778 ὲν
2937 725 3252 793 ἐπιτιμίοις,
3283 723 3379 777 καὶ
3403 725 3549 793 ὀχοίς
3580 723 3685 796 [Ῑ.ὀ

2128 812 2390 886 Χριστὸς]
2423 815 2598 868 πολλὰ.
2619 816 2775 884 φέρει
2805 817 2872 871 τὰ
2897 817 3212 886 ὀφλήματα.
3245 817 3690 886 Συγχωρήσωμεν

2129 901 2243 972 οὖν,
2273 906 2362 959 ἵνα
2392 907 2841 978 συημυρηθῶμεν
2872 923 2887 939 ο
2931 908 3184 978 ἀφῶμεν,
3218 908 3308 962 ἵνα
3339 907 3518 978 ἀφεθῇ
3544 909 3686 978 ἡμῖν.

2236 999 2300 1050 El
2326 999 2494 1069 μηδὲν
2524 999 2707 1068 ὗφλεις
2740 999 2818 1069 τῷ
2839 999 2960 1070 Θεῷ
2993 1001 3270 1070 τιμωρίας
3295 1040 3309 1065 ,

2232 1090 2372 1159 Μηδ’
2397 1090 2555 1153 αὐτὸς
2583 1089 2690 1145 ἴσθι
2710 1093 2822 1156 τοῖς
2845 1092 3122 1161 ὀφείλουσι
3155 1091 3447 1161 συμπαθής
3468 1089 3531 1162 [ι.
3557 1092 3691 1160 ὀφεί-

3107 1181 3202 1234 λου
3212 1181 3259 1232 3'
3288 1179 3594 1250 ὲμπαθής]’

2240 1274 2302 1325 E!‘
2323 1272 2366 1325 δ’
2402 1269 2546 1335 οἶδας
2575 1273 2778 1340 δφλων,
2816 1273 2912 1324 καὶ
2935 1272 3252 1342 πρόχρησον
3277 1272 3338 1323 τὸ
3364 1271 3565 1338 πρᾶον.

2243 1455 2424 1523 Οῑκτῳ
2453 1457 2562 1522 γάρ
2595 1448 2776 1514 οἶκτος
2806 1450 2901 1504 καὶ
2926 1449 3046 1519 Θεῴ
3074 1447 3457 1516 σταθμίζεται.

2207 1636 2487 1708 Δΰταρκες
2515 1638 2626 1697 τοῖς
2677 1651 2740 1700 γε
2775 1633 3016 1702 μετρίοις
3063 1631 3122 1684 τὺ
3169 1630 3278 1684 τῶν
3323 1629 3696 1699 λελυπηκὸτων

457 1719 572 1785 fici,
599 1729 761 1789 atque
816 1733 881 1773 ea
923 1729 1241 1788 exspectare
1289 1718 1491 1787 quibus
1525 1728 1654 1773 sunt
1685 1719 1834 1788 digni
1865 1734 1884 1787 ;
1914 1733 2036 1788 quae

2169 1729 2276 1794 ἐος,
2306 1729 2399 1780 καὶ⁵
2456 1727 2514 1780 τὸ
2565 1725 2931 1796 προσδοκῆσαι
2975 1723 3146 1776 ταῦτα
3199 1722 3416 1784 παθεῖν,
3451 1713 3528 1773 ὧν
3567 1723 3697 1774 εἰσιν

458 1812 608 1868 enim
669 1811 796 1880 quis
849 1821 1108 1880 tanquam
1160 1824 1514 1878 perpessurus
1560 1811 1793 1876 metuit,
1845 1810 2032 1866 eadem

2166 1787 2308 1884 ιξιὲίι.
2346 1819 2410 1871 "A
2437 1816 2544 1887 γάρ
2571 1787 2651 1879 τις
2680 1814 2755 1878 ὡς
2789 1787 3112 1883 πεισόμενος
3140 1812 3371 1874 Micam,
3419 1811 3592 1864 ταῦτ-ι
3622 1811 3706 1861 πι-

461 1904 694 1973 patitur,
726 1901 942 1956 etiamsi
967 1915 1076 1954 non
1101 1899 1361 1968 patiatur,
1384 1907 1439 1954 et
1462 1898 1605 1953 forte
1632 1899 1754 1968 plus
1788 1914 1819 1954 α
1848 1901 2033 1970 seipse

459 1995 710 2079 punitur,
749 2008 910 2063 quam
941 1994 1010 2047 ab
1037 1993 1102 2047 iis
1134 1992 1227 2062 qui
1260 1993 1557 2047 cruciaturi
1581 2001 1786 2048 essent.

536 2087 684 2142 Satis
717 2101 839 2142 esse
872 2086 1192 2140 existimare
1241 2083 1536 2155 debemus,
1571 2085 1618 2138 si
1674 2083 1906 2140 faciendi
1939 2100 2038 2153 po-

463 2183 718 2230 testatem
753 2174 1040 2228 habemus.

539 2267 686 2322 Satis
728 2265 858 2319 mihi
915 2262 1169 2333 supplicii
1204 2271 1287 2316 est.
1319 2262 1584 2318 adversus
1628 2279 1721 2319 eos
1769 2265 1864 2334 qui
1895 2266 2037 2336 inju-

466 2358 606 2412 riam
641 2356 946 2422 intulerint,
970 2355 1027 2409 si‘
1050 2353 1350 2408 ulciscendi
1384 2363 1626 2421 potestas
1655 2354 1838 2410 fuerit.

539 2448 607 2501 Et
649 2461 1026 2516 saepenumero
1067 2445 1144 2514 (l)
1177 2445 1508 2498 mentionem
1541 2445 1682 2500 facio
1710 2447 1879 2502 venite
1910 2448 2041 2502 dan-

469 2544 573 2608 da),
608 2551 665 2596 ut
712 2556 833 2610 qua:
861 2539 930 2593 ad
979 2539 1212 2595 salutem
1261 2537 1470 2606 pudere
1510 2537 1760 2592 alIectum
1790 2554 1912 2594 eum
1944 2541 2041 2616 qui

468 2634 723 2702 injuriam
758 2630 1008 2684 intulerit
1040 2669 1055 2696 ,
1105 2628 1350 2694 reducat,
1381 2635 1434 2680 et
1466 2637 1612 2682 metu
1654 2629 1936 2707 liberatam
1973 2635 2041 2685 ad

470 2738 715 2779 amorem
755 2722 958 2776 alliciat
993 2728 1228 2774 mentem
1265 2734 1385 2788 qua:
1417 2735 1526 2773 non
1563 2734 1790 2788 prorsus
1819 2722 2040 2790 desipit.

536 2816 708 2871 Multo
739 2823 821 2871 est
853 2815 1049 2868 melius
1075 2813 1264 2867 dolore
1314 2813 1512 2882 exiguo
1548 2825 1865 2882 comparare
1896 2815 2044 2866 utili-

467 2918 608 2966 tates
633 2907 925 2970 maximas,
960 2921 1120 2974 quam
1155 2905 1462 2972 voluptates
1495 2904 1772 2972 sequendo
1810 2917 2038 2959 summa:
2080 2935 2102 2952 .

465 3009 635 3058 totius
669 3002 924 3054 damnum
965 2995 1190 3051 inferre.

539 3093 708 3148 Bonis
735 3090 948 3160 praediti
989 3088 1234 3143 moribus
1258 3087 1324 3142 ad
1351 3087 1563 3141 veniam
1596 3086 1830 3142 dandam
1867 3091 2043 3157 parati
2071 3123 2119 3185 ε

469 3191 621 3238 sunt.

544 3276 908 3343 ignoscamus
938 3271 1133 3326 alienis
1185 3271 1241 3326 in
1293 3285 1392 3325 nos
1423 3271 1698 3340 peccatis,
1733 3282 1793 3326 ut
1836 3282 1892 3328 et
1937 3272 2043 3342 ipsi

470 3367 687 3422 veniam
724 3367 1105 3435 impetremus.
1400 3422 1414 3438 ί

540 3457 620 3513 Ne
660 3467 713 3513 te
770 3458 924 3512 fallat
963 3457 1145 3511 inanis
1193 3463 1247 3511 et
1295 3463 1459 3510 stulta
1497 3457 1761 3526 cogitatio
1812 3466 1872 3511 ut
1906 3459 2051 3526 iuste

473 3551 733 3621 persequi
766 3550 1002 3606 crimine
1029 3563 1220 3603 vacare
1258 3548 1422 3618 206
1459 3547 1669 3612 credas,
1701 3557 1756 3603 et
1789 3549 2049 3618 injurium

469 3643 687 3713 legibus
723 3643 937 3697 tradere
968 3641 1327 3711 puniendum.

548 3733 616 3790 Ut
650 3750 775 3790 eum
814 3736 1031 3790 ratione
1065 3736 1307 3798 vincere,
1339 3734 1420 3788 sic
1449 3744 1502 3788 et
1538 3733 1764 3787 lioiieste
1796 3733 1940 3788 vinei
1971 3734 2052 3788 di-

474 3826 732 3881 dicimus.

545 3913 607 3971 S.
639 3901 916 3985 Chryaost.
973 3914 1188 3979 Quanto
1215 3913 1409 3968 fortior
1432 3911 1628 3977 fueris,
1655 3920 1812 3966 tanto
1842 3913 2053 3981 astutius

473 4018 558 4064 est
588 4019 641 4064 te
675 4007 1092 4063 imbecilliorem
1149 4006 1314 4062 ferre.
1376 4003 1495 4061 Non
1542 4005 1689 4060 enim
1743 4006 1846 4061 sibi
1877 4005 2051 4060 solum

442 4153 452 4164 _
476 4102 638 4158 fortis
670 4103 969 4157 essedebet
998 4103 1089 4170 qui
1112 4101 1306 4154 robore
1333 4101 1594 4169 praeditus
1623 4107 1729 4164 est,
1766 4100 1859 4153 sed
1889 4099 2053 4152 etiam

472 4195 619 4250 aliis.
645 4194 802 4260 Quod
825 4195 872 4250 si
902 4195 1040 4249 dicis
1065 4203 1116 4248 te
1134 4195 1328 4248 fortem
1357 4207 1500 4255 esse,
1531 4201 1586 4246 et
1618 4192 1766 4246 illius
1815 4191 2056 4246 imbecil-

472 4288 678 4342 litatem
739 4287 1070 4350 contemnis,
1113 4287 1382 4354 duplicem
1416 4284 1574 4339 dabis
1610 4300 1828 4354 pinnam
1866 4303 1878 4338 :
1923 4300 2048 4339 nam

478 4379 858 4450 unusquisque
901 4389 1153 4433 nosuum
1194 4379 1260 4433 de
1292 4377 1465 4431 salute
1511 4377 1743 4446 proximi
1787 4378 2054 4434 sollicitus

2154 1909 2340 1973 πονθε,
2372 1909 2474 1962 κᾶν
2505 1907 2580 1978 μὴ
2609 1906 2779 1978 πάθῃ.
2813 1907 2904 1959 καὶ
2944 1906 3112 1958 πλείω
3145 1905 3276 1975 παρ’
3307 1904 3504 1956 lati-:96
3537 1902 3703 1969 τυχὶν,

2155 2004 2187 2073 ἡ
2221 2002 2328 2054 τῶν
2361 2000 2669 2070 δρασάντων
2699 1998 3008 2058 κολάζεται.

2222 2092 2502 2163 Αὖταρκες
2553 2090 2808 2162 ἡγεῖσθαι
2851 2089 3028 2160 χρεὼν
3059 2088 3159 2159 τὴν
3202 2086 3296 2140 τοῦ
3345 2086 3519 2137 ποιεῖν
3572 2082 3714 2150 ἔξου-

2155 2188 2296 2243 δίαν.

2232 2280 2519 2349 Αὐτάρκης
2573 2295 2664 2347 μοι
2699 2275 2936 2345 τιμωρία
2986 2276 3128 2326 κατὰ
3176 2273 3285 2326 τῶν
3320 2271 3652 2327 ἀδικούντων
3683 2270 3710 2338 ἡ

2155 2375 2246 2428 τοῦ
2282 2372 2533 2442 άντιδρᾷν
2566 2369 2804 2434 ἐξουσία.

2232 2468 2340 2520 Καὶ
2368 2463 2428 2516 τὸ
2460 2462 2786 2531 συγγνῶμον
2813 2459 3069 2521 πολλάκις
3091 2458 3254 2524 λέγω,
3285 2457 3423 2525 πρὶς
3454 2455 3716 2524 σωτηρίαν

2159 2558 2298 2611 αἰδοῖ
2345 2556 2637 2622 κατεῖργον
2688 2551 2780 2605 τὸν
2829 2550 3190 2618 ἀδικήσαντα,
3233 2550 3328 2601 καὶ
3380 2549 3616 2616 μετάγον
3645 2547 3714 2607 εἰς

2159 2626 2382 2718 φίλτρον
2416 2648 2479 2699 ἐκ
2511 2645 2677 2714 φόϐου
2713 2645 2812 2714 τὴν
2841 2642 3254 2711 ἀσφαλεστέραν
3284 2640 3521 2694 ἔννοιαν.

2230 2739 2415 2809 [Ιολλῷ
2463 2737 2670 2808 βέλτιον
2721 2737 2895 2806 μικρὰ
2949 2735 3268 2804 λυπήσαντα
3319 2733 3560 2800 μέγιστα
3588 2731 3718 2798 ὠφε-

2162 2836 2347 2904 λῆσαι,
2381 2834 2412 2901 ἢ
2445 2831 2505 2882 τὸ
2536 2829 2670 2898 πρὸς
2699 2827 2893 2897 ἡδονὴν
2923 2825 3188 2878 διώκοντα
3219 2824 3502 2894 ζημιῶσαι
3539 2826 3613 2892 τῷ
3637 2839 3716 2876 κερ

2159 2927 2397 2994 φαλαίῳ.

2221 3109 2486 3176 Ἐτοιμον
2510 3105 2569 3158 τδ
2601 3102 2838 3172 χρηστὸν
2865 3101 2946 3163 είς
2979 3098 3337 3170 συγγνώμη*

2223 3284 2682 3356 Συγχωρήσωμεν
2702 3279 2771 3332 τὰ
2803 3277 2882 3338 εἰς
2915 3277 3084 3346 ἡμᾶς,
3118 3277 3204 3332 ἵνα
3241 3279 3337 3333 καὶ
3367 3279 3530 3335 αὐτοὶ
3553 3279 3719 3351 τύχω-

2157 3397 2256 3452 μεν
2287 3377 2709 3447 συγχωρήσεως.

2223 3471 2315 3540 Μή
2349 3487 2412 3523 σε
2443 3469 2710 3522 ἀπατάτω
2740 3471 2970 3538 μάταιος
3000 3466 3282 3536 λογισμὸς,
3303 3466 3387 3519 ὅτι
3412 3465 3477 3518 τὸ
3509 3465 3720 3523 diuini;

2154 3561 2402 3618 ἐπελθεῖν
2450 3560 2741 3616 ἀνεύθυνόν
2795 3562 2934 3626 ἐστι,
2988 3559 3084 3613 καὶ
3133 3559 3196 3611 τὸ
3246 3556 3592 3628 παραδοῦναι
3619 3559 3724 3617 τοῖς

2156 3656 2343 3724 νόμοις
2377 3654 2470 3707 τὸν
2503 3654 2864 3723 ἀδικήσαντα.

2228 3749 2440 3817 Ὥσπερ
2471 3747 2570 3800 σὺν
2611 3745 2756 3816 λόγῳ
2782 3747 2967 3816 νικᾷν,
2996 3745 3169 3808 οὕτως
3216 3744 3314 3797 καὶ
3344 3741 3602 3797 νικᾶσθαι
3631 3759 3728 3794 κα-

2155 3843 2263 3904 λῶς
2294 3839 2718 3912 μεμαθήκαμεν.

2231 3932 2491 4001 Ὄσῳπερ
2525 3929 2593 3983 ἂν
2635 3930 2990 4001 ἰσχυρότερος
3011 3925 3100 4002 ᾖε,
3133 3930 3374 4000 τοσούτῳ
3398 3930 3730 3999 δικαιότερος

2158 4019 2224 4072 ἂν
2257 4017 2375 4086 εἴης
2410 4018 2500 4071 τὸν
2528 4016 2918 4084 ἀσθενέστερον
2946 4017 3330 4082 διαϐαστάξαι.
3364 4018 3442 4070 Οὐ
3474 4019 3580 4087 γάρ
3606 4019 3730 4069 ἑαν-

2156 4108 2233 4177 τῷ
2272 4109 2455 4178 μόνον,
2501 4107 2638 4162 ἀλλὰ
2686 4110 2780 4161 καὶ
2809 4109 3018 4178 ἑτέροις
3066 4109 3285 4179 ἰσχυρὸν
3319 4104 3464 4162 εἶναι
3493 4110 3596 4179 χρὴ
3631 4109 3720 4160 τὸν

2161 4201 2432 4270 ἰσχύοντα,
2483 4201 2658 4266 Εξδὲ,
2705 4201 2882 4269 λέγων
2917 4201 3144 4270 ἰσχύειν,
3191 4201 3290 4270 τὴν
3324 4202 3608 4254 ἀσθένειαν
3637 4201 3731 4267 τὴν

2159 4294 2368 4347 ἐκείνου
2400 4294 2688 4363 περιορᾷς,
2720 4292 2918 4364 διπλῆν
2947 4292 3140 4356 δώσεις
3173 4291 3357 4362 δίκην.
3399 4293 3731 4351 ἰ’πεύθυνος

2159 4387 2265 4456 γὰρ
2299 4386 2525 4448 ἕκαστος
2559 4385 2719 4456 ἡμῶν
2745 4387 2844 4455 τῆς
2881 4385 2977 4439 τοῦ
3010 4385 3238 4453 πλησίον
3267 4388 3547 4454 σωτηρίας
3579 4383 3726 4437 ἐστί·

470 4486 594 4528 esse
621 4472 746 4542 jure
767 4471 960 4526 debet:
982 4472 1167 4539 itaque
1192 4483 1298 4523 non
1325 4477 1536 4522 tantum
1557 4470 1838 4524 commoda
1867 4478 2049 4525 nostra

2166 4476 2244 4528 it‘z
2273 4475 2434 4528 τοῦτο
2459 4477 2579 4546 οὐχὶ
2622 4470 2692 4528 τά
2740 4475 2949 4530 ἑαυτῶν
2982 4477 3204 4528 σκοπεῖν
3251 4477 3440 4544 μόνον,
3471 4475 3606 4527 ἀλλὰ
3637 4472 3730 4523 καὶ

472 4575 726 4636 spectare
756 4573 810 4618 et
835 4577 1030 4632 parare
1060 4562 1198 4631 jussi
1225 4577 1440 4626 sumus,
1467 4561 1558 4614 sed
1590 4563 1753 4614 etiam
1787 4563 2058 4630 proximo-

2154 4568 2222 4620 τά
2253 4568 2363 4618 τῶν
2395 4567 2562 4629 πέλας
2597 4566 3022 4635 ὲκελεύσθηρεν.
3056 4566 3236 4634 Τιμῆς
3264 4565 3680 4636 ὴξσοράσθημεν·
3705 4564 3731 4616 ἀ

472 4674 618 4713 rum.
646 4657 828 4712 Pretio
855 4657 1026 4726 empti
1058 4669 1289 4722 sumus;
1316 4653 1408 4723 qui
1445 4662 1626 4706 autem
1665 4668 1766 4708 nos
1804 4655 2049 4720 redemit,

2166 4659 2209 4712 Σὲ
2245 4659 2523 4728 ἀγοράσας
2573 4658 2723 4727 ἡμᾶς
2770 4657 2929 4711 τοῦτο
2962 4657 3297 4728 προσέταξεν
3331 4655 3428 4708 ἐπὶ
3461 4658 3528 4727 τῇ
3579 4656 3728 4720 κοινῇ

471 4750 582 4805 hoc
616 4749 958 4819 pra‘scripsit
989 4749 1056 4801 ad
1093 4761 1439 4801 communem
1471 4747 1718 4800 omnium
1746 4748 2054 4801 utilitatem.

547 4841 664 4896 Non
694 4840 1016 4911 simpliciter
1047 4840 1116 4893 ad
1137 4839 1458 4894 delictorum
1493 4840 1717 4893 modum
1745 4840 2055 4895 adhibenda

475 4946 559 4988 est
589 4934 926 5003 objurgatio,
978 4931 1062 4986 vel
1107 4930 1432 5000 castigatio:
1472 4933 1566 4987 sed
1617 4933 2051 5001 delinquentium

473 5024 759 5078 consilium
807 5026 970 5079 etiam
1013 5025 1468 5079 considerandum
1496 5033 1609 5080 est:
1640 5040 1706 5079 ne
1735 5026 2061 5080 dumdissu-

476 5124 591 5169 tum
617 5129 883 5172 censuere
917 5117 1023 5185 vis,
1055 5115 1380 5173 deteriorem
1421 5116 1628 5172 ellicias
1661 5126 1966 5186 rupturam.

547 5294 774 5351 Dillicile
805 5312 923 5352 esse
958 5297 1197 5352 arbitror
1234 5308 1288 5352 ut
1317 5297 1411 5367 qui
1449 5296 1674 5353 futurus
1715 5305 1797 5352 est
1828 5297 2059 5352 aliorum

474 5390 838 5460 reprehensor
865 5399 917 5442 et
946 5391 1266 5458 castigator,
1307 5392 1548 5444 animum
1591 5406 1750 5446 suum
1787 5390 1855 5445 ab
1879 5390 2053 5444 auda-

473 5487 558 5538 cia
590 5496 644 5539 et
682 5483 938 5552 superbia
980 5484 1300 5549 longissime
1331 5485 1602 5550 abducat,
1639 5491 1693 5539 et
1731 5484 1909 5538 verbis
1937 5493 2055 5537 tau-

477 5589 613 5642 tum,
645 5595 752 5634 non
786 5578 1102 5630 verberibus
1136 5588 1276 5645 agat.

547 5776 622 5845 (Ι)
666 5781 932 5840 Videntur
961 5783 1076 5841 haec
1105 5781 1378 5852 iungenda
1411 5783 1740 5853 praecedenti
1775 5786 1982 5842 versui.

2155 4750 2373 4803 πάντων
2403 4751 2738 4818 λυσιτελείᾳ.

2175 4847 2181 4852 ’
2230 4841 2343 4911 Οὐχ
2383 4841 2567 4903 ἁπλῶς
2599 4841 2735 4910 πρὸς
2778 4838 2837 4892 τὸ
2877 4838 2984 4893 τῶν
3020 4839 3494 4908 παραπτωμάτων
3541 4841 3733 4908 μέτρον

2158 4933 2236 4985 δεῖ
2261 4935 2361 5002 τὴν
2393 4934 2715 5003 ἐπιτίμησιν
2735 4933 2985 5002 ἐπάγειν,
3008 4933 3143 4986 ἀλλὰ
3176 4934 3270 4984 καὶ
3302 4935 3400 5001 τῆς
3424 4931 3535 4984 τῶν
3560 4933 3734 5000 ἁμαρ-

2159 5025 2432 5078 τανόντων
2488 5027 2845 5095 στοχάζεσθαι
2905 5027 3299 5097 προαιρέσεως,
3341 5025 3418 5095 μή
3478 5040 3626 5086 ποτε,
3677 5019 3736 5071 τὸ

2158 5118 2460 5188 διερρωγὸς
2520 5118 2692 5188 ῥάψαι
2760 5119 3121 5188 βουλόμενος,
3183 5120 3370 5189 χεῖρον
3424 5117 3486 5170 τὸ
3535 5116 3736 5186 σχίσμα

2162 5211 2420 5280 ποιήσῃς.

2234 5305 2416 5356 Δεινίιν
2447 5300 2600 5374 οἶμαι
2643 5305 2734 5357 τὸν
2765 5305 3025 5374 μέλλοντα
3057 5305 3374 5373 ἐλεγκτικὸν
3403 5300 3570 5367 εἶναι,
3603 5299 3739 5370 θρα-

2159 5395 2385 5462 σύτητος
2416 5398 2648 5465 μάλιστα
2681 5399 2774 5453 καὶ
2798 5399 3061 5461 ἀπονοίας
3095 5399 3435 5468 πορρωτάτω
3467 5400 3564 5466 τὴν
3599 5397 3737 5445 ἐαυ-

2157 5488 2250 5540 τοῦ
2283 5489 2462 5560 ψυχὴν
2492 5491 2750 5559 ἁπάγειν,
2788 5493 2884 5544 καὶ
2926 5490 2987 5543 τὸ
3020 5489 3352 5560 δραστήριον
3389 5491 3448 5542 ὲν
3477 5491 3538 5557 τῇ
3572 5485 3738 5553 φύσει

2157 5579 2265 5631 τῶν
2299 5582 2579 5650 ῥημάτων,
2613 5584 2705 5637 καὶ
2749 5584 2823 5654 μὴ
2871 5583 2979 5637 τῶν
3033 5582 3378 5652 πραγμάτων
3431 5582 3735 5632 ἐπιδλκκν

2161 5673 2277 5726 σθαι
2314 5674 2495 5743 μόνον.
