3992 6252
505 310 521 365 l
539 296 634 365 1‘47

1793 309 2108 370 ANTONIl
2154 272 2497 372 muses;

3617 317 3738 383 1128

500 418 666 470 tionis
692 432 876 472 causa.
913 415 1016 472 Sed
1052 433 1158 472 non
1190 418 1394 473 idcirco
1426 419 1589 473 etiam
1622 420 1832 491 nosipsi
1867 421 2064 492 injuria

2184 424 2269 477 καὶ
2322 422 2560 493 μάλιστα
2616 424 2745 479 ὅταν
2793 424 2854 478 τὸ
2908 424 3128 489 δικαίως
3175 425 3513 492 ἀγανακτεῖν
3556 434 3735 500 παρῇ⁹

501 507 825 570 alﬁciemus,
863 524 961 562 nec
990 524 1111 562 eum
1143 510 1233 577 qui
1262 508 1680 578 injuriam‘fecit
1707 520 1916 566 tantum
1942 514 2074 566 ode-

504 600 699 662 rimus,
772 608 1035 662 qnantum
1069 600 1226 655 nobis
1257 617 1364 655 non
1390 602 1650 671 expedit:
1690 619 1790 659 nec
1831 616 2070 659 nostram

501 704 629 758 erga
656 690 820 743 Deum
856 691 1161 744 libertatem
1200 692 1540 756 amittamus,
1575 693 1778 749 inimici
1806 696 2075 751 exsisten—

504 792 584 835 tes
615 797 802 835 eorum
832 782 924 851 qui
964 783 1219 852 injuriam
1257 783 1504 854 fecerint,
1539 794 1590 840 et
1631 802 1800 856 supra
1840 788 2064 843 modum

500 871 868 939 indignantes.

572 963 793 1016 Pet-cata
831 966 1205 1031 observamus,
1266 980 1373 1020 non
1411 976 1466 1020 ut
1523 967 1823 1037 lugeamus,
1862 972 1956 1027 sed
2016 984 2072 1026 ut

501 1051 933 1118 cxprohremus:
970 1070 1069 1108 nec
1100 1064 1157 1110 ut
1188 1070 1470 1121 sanemus,
1531 1060 1624 1113 sed
1695 1068 1753 1114 ut
1818 1071 2071 1128 prmterea

482 1142 895 1200 ivulneremns:
929 1154 983 1200 et
1038 1148 1411 1215 proximorum
1451 1151 1673 1206 vulnera
1715 1150 1812 1222 pro
1852 1167 2072 1211 nostro-

502 1250 621 1288 rum
661 1237 928 1291 mulorum
957 1241 1313 1293 excusatione
1344 1241 1632 1299 habemus.

572 1326 754 1396 Aiqee
789 1328 1042 1382 vitiosum
1072 1338 1157 1386 est
1187 1330 1508 1403 obsequium
1550 1335 1995 1405 immoderatum,
2023 1351 2075 1395 et

500 1418 885 1473 condemnatio
905 1420 1050 1473 omni
1092 1422 1251 1476 venia
1287 1435 1539 1480 semota:
1580 1427 1712 1481 illud
1744 1430 1890 1485 enim
1933 1440 2075 1489 totas

501 1512 649 1565 laxat
685 1513 948 1576 habenas,
992 1515 1110 1570 haec
1143 1517 1438 1573 acerbitate
1472 1520 1754 1589 prazl'ocat.

575 1604 633 1657 S.
662 1604 933 1675 Chrysost.
963 1606 1100 1673 Quid
1138 1620 1313 1677 potest
1335 1627 1457 1667 esse
1486 1613 1804 1682 injuriarum
1831 1624 2075 1689 recorda-

504 1695 651 1747 tione
713 1697 974 1761 deterius,
1017 1714 1138 1768 quae
1190 1700 1583 1757 humanitatem
1641 1706 1847 1762 Domini
1895 1726 2074 1778 prom-

502 1795 642 1856 ptam
683 1796 901 1843 revocat
934 1798 988 1844 et
1018 1792 1321 1847 amolitur?

574 1878 706 1933 Cum
744 1882 1004 1936 memoria
1044 1885 1342 1952 repetimus
1382 1904 1503 1955 qua:
1540 1904 1569 1941 a
1604 1894 1893 1947 conservis
1929 1895 2072 1962 passi

502 1983 709 2036 sumus,
737 1980 791 2024 et
820 1986 941 2040 quae
973 1972 1226 2041 deinceps
1258 1976 1425 2047 208
1465 1991 1768 2048 sequuntur
1798 1983 1896 2053 (l).

571 2060 721 2116 Multi
753 2071 881 2117 sunt
913 2067 1211 2132 pecudibus
1250 2068 1385 2138 ipsis
1407 2072 1725 2139 deteriores,
1778 2077 1871 2144 qui
1902 2092 1969 2131 ne
1992 2093 2077 2132 sa-

501 2156 675 2209 lutare
721 2157 938 2225 quidem
987 2158 1281 2227 dignantur
1333 2163 1560 2229 priores.
1623 2168 1928 2236 proximum
1957 2171 2074 2224 exi-

500 2248 784 2300 stimantes
832 2261 890 2302 se
928 2249 1254 2305 cootumelia
1288 2251 1427 2307 allici
1460 2262 1515 2308 et
1562 2260 1860 2324 contemni,
1894 2260 1938 2313 si
1990 2262 2071 2315 vel

501 2347 714 2391 tenuem
776 2339 1065 2405 quamdam
1121 2340 1437 2409 impertiant
1504 2346 1905 2401 salutationem.
1964 2349 2068 2404 Sed

498 2428 626 2496 quid
645 2444 765 2483 esse
797 2438 971 2498 potest
992 2431 1093 2484 ista
1111 2434 1341 2486 stultitia
1375 2434 1659 2489 ridiculum
1691 2440 1903 2508 magis?
1935 2441 2071 2496 Tun

497 2519 645 2573 enim
677 2522 1003 2576 contumelia
1052 2522 1306 2588 alliceris,
1354 2535 1466 2579 tum
1505 2529 1803 2596 ignominia
1844 2534 2068 2600 notaris,

498 2626 533 2663 ο
564 2610 747 2674 homo,
773 2627 896 2666 cum
928 2615 1078 2682 prior
1110 2624 1161 2671 te
1192 2626 1316 2672 tuus
1347 2620 1624 2687 proximus
1653 2623 1961 2693 alloquitur.

564 2703 679 2759 Non
742 2706 1079 2759 reconciliari
1129 2708 1178 2761 ei
1225 2710 1317 2778 qui
1352 2711 1652 2767 molestiam
1706 2716 2021 2773 exhibuerit
2052 2757 2066 2782 ,

499 2813 604 2849 non
641 2805 749 2850 tam
777 2807 862 2853 est
907 2799 1053 2853 illum
1088 2800 1302 2867 ulcisci,
1335 2819 1499 2872 quam
1529 2810 1864 2865 contumelia
1898 2811 2063 2866 Deum

496 2889 704 2948 allicere
751 2892 840 2962 qui
878 2892 1018 2946 hanc
1049 2893 1217 2961 legem
1242 2898 1596 2967 praescripsit.

888 3026 1120 3087 SERMO
1157 3028 1288 3084 LVll
1332 3031 1424 3103 [ιιι.
1464 3033 1676 3107 XLIII].

749 3139 821 3192 De
849 3141 1013 3209 gratis
1040 3149 1087 3193 et
1117 3140 1367 3201 beneﬁcia
1393 3147 1820 3213 agnoscentibus.

566 3254 717 3310 Psat.
757 3271 881 3310 cxv.
916 3255 1051 3321 Quid
1091 3256 1386 3310 retribuam
1417 3261 1644 3316 Domino
1669 3278 1769 3332 pro
1797 3267 2057 3324 omnibus

491 3361 610 3415 qua:
633 3347 763 3401 mihi
791 3346 1018 3416 largitus
1050 3347 1168 3400 est?

561 3437 945 3495 Psal.cxxxvr.
968 3439 1025 3494 Si
1053 3441 1342 3497 obliviscar
1372 3442 1471 3511 tui,
1496 3441 1823 3513 Jerusalem,
1850 3450 1902 3503 in
1924 3451 2065 3505 obli-

491 3530 708 3585 vionem
734 3532 1120 3587 veniatdextra
1146 3549 1284 3599 mea,
1316 3536 1689 3606 agglutinetur
1727 3539 1911 3612 lingua
1947 3558 2063 3597 mea

490 3620 697 3689 gutturi
728 3637 867 3676 meo.
1548 3635 1553 3639 ’

559 3709 832 3769 Salomon.
864 3713 1171 3770 Prudentia:
1225 3725 1308 3772 est
1365 3732 1630 3789 agnocere
1661 3721 1753 3775 cui
1804 3722 2065 3778 debeatur

486 3803 679 3872 gratia.

560 3895 724 3950 Eccli.
752 3914 902 3953 χιιι.
940 3900 1041 3965 Qui
1085 3900 1314 3970 gratiam
1373 3902 1543 3959 refert
1568 3906 1618 3957 in
1654 3903 1897 3959 futurum
1926 3920 2059 3974 pro-

487 3986 671 4055 spicit,
699 4001 762 4040 ac
785 3988 838 4041 in
868 3996 1109 4059 tempore
1134 3990 1366 4046 miseria:
1399 4008 1513 4047 sua:
1538 3995 1775 4050 inveniet
1815 4009 1922 4062 quo
1948 4002 2064 4049 sta-

486 4077 731 4132 biliatur.

555 4166 739 4220 Gratia
798 4168 1032 4222 hominis
1088 4178 1345 4238 tanquam
1403 4170 1606 4239 pupilla
1661 4171 1805 4226 oculi
1871 4174 2059 4230 obser-

482 4260 679 4310 vanda.

557 4347 687 4400 Luc.
729 4365 859 4405 xvn.
896 4349 1047 4404 linus
1078 4362 1260 4406 autem
1313 4354 1381 4407 de
1413 4354 1642 4423 leprosis
1691 4371 1814 4408 cum
1837 4357 2059 4412 vidisset

2176 515 2316 568 ἀλλὰ
2349 516 2423 587 μὴ
2472 516 2559 570 διὰ
2594 514 2753 569 τοῦτο
2790 518 2885 570 καὶ
2920 518 3066 585 ἡμᾶς
3117 517 3316 580 αὐτοὺς
3368 518 3730 589 ἀδικήσωμεν,

2178 609 2313 679 μηδὲ
2339 607 2593 684 τοσοῦ-τον
2622 608 2713 660 τὸν
2747 608 3058 679 ἠδικηκότα
3091 612 3432 680 μισήσωμεν,
3466 612 3592 667 ὅσον
3617 614 3736 683 ἡμῖν

2174 699 2234 751 οὐ
2268 699 2566 769 συμφέρεν
2600 699 2735 769 μηδὲ
2784 700 2883 769 τὴν
2936 702 3252 772 παρρησίαν
3296 704 3398 772 τὴν
3448 705 3587 777 πρὸς
3615 706 3741 759 θεδν

2175 792 2568 865 ἀποϐάλωμεν,
2609 792 2795 862 ἐχθροὶ
2848 793 2960 856 τοῖς
3009 793 3298 862 ἠδικηκόσι
3335 792 3629 864 φάνέντες,
3657 799 3743 851 καὶ

2176 883 2316 954 ὑπὲρ
2352 883 2412 937 τὸ
2440 883 2639 954 μέτρον
2666 884 3137 951 ἀγανακτοῦντες.

2240 973 2529 1043 Ἰήροῦμεν
2563 973 2662 1037 τὰς
2716 974 3023 1043 ἁμαρτίας,
3074 974 3172 1045 οὐχ
3233 974 3320 1029 ἴνα
3365 975 3737 1046 πενθήσωμεν,

2176 1062 2292 1117 ἀλλ’
2323 1062 2410 1115 ἵνα
2443 1062 2820 1133 ὀνειδίσωμεν·
2852 1062 2963 1116 οὐδ’
3012 1062 3098 1114 ἵνα
3141 1061 3598 1132 θεραπεύσωμιν,
3635 1062 3740 1114 ἀλλ’

2176 1154 2262 1208 ἴνα
2292 1154 2732 1226 προσπλήξωμεν
2757 1172 2769 1185 ·
2800 1154 2896 1208 καὶ
2927 1153 3221 1222 ἀπολογίαν
3248 1154 3446 1223 ἔχομεν
3477 1153 3587 1207 τῶν
3618 1155 3743 1223 ἡμε-

2175 1246 2348 1316 τέρων
2376 1247 2565 1301 κακῶν
2598 1246 2663 1299 τὰ
2694 1244 2804 1297 τῶν
2839 1245 3069 1315 πλησίον
3099 1244 3411 1314 τραύματα.

2255 1339 2490 1409 Ὁμοίως
2535 1338 2645 1407 γάρ
2679 1340 2795 1389 ἐστι
2852 1338 3021 1390 κακὸν
3074 1337 3170 1387 καὶ⁹
3213 1336 3403 1404 ἄρεσις
3445 1334 3743 1403 ἁσωφρόηι-

2179 1449 2325 1496 στος,
2377 1434 2468 1486 καὶ
2518 1434 2865 1500 κατάγνωσις
2922 1430 3362 1500 ἁσυγχὼρητος·
3397 1432 3430 1500 ἡ
3489 1431 3592 1495 μὲν
3625 1428 3743 1496 ὃλην

2179 1528 2394 1593 ἐφιείσα
2431 1526 2531 1594 τὴν
2590 1526 2769 1594 ἡνίαν,
2806 1525 2838 1594 ἡ
2870 1523 2931 1576 δὲ
2959 1522 3037 1591 τῷ
3062 1522 3277 1591 σφοδρῷ
3306 1522 3678 1589 κατάγχουσα.

2251 1621 2316 1674 Τί
2349 1620 2413 1672 ἂν
2461 1619 2673 1687 γένοιτο
2717 1615 3086 1687 μνησικακίας
3130 1617 3330 1684 χεῖρον,
3390 1614 3520 1668 ὅταν
3571 1613 3745 1681 φιλαν-

2182 1712 2429 1783 θρωπίαν
2454 1710 2826 1781 ὲξενεχθείσαν
2852 1708 3192 1778 ἀνακαλῆται
3224 1708 3497 1760 Δεσπότου
3521 1725 3538 1774 ;

2249 1897 2418 1950 Ὅταν
2446 1896 2789 1966 ἐννοήσωμεν
2822 1896 2967 1965 ἆπερ
2997 1893 3275 1963 ἐπάθομεν
3306 1895 3463 1963 παρὰ
3485 1892 3597 1945 τῶν
3630 1909 3745 1945 συν-

2179 1988 2405 2050 δούλων,
2436 1990 2533 2041 καὶ
2564 1990 2633 2041 τὰ
2667 1988 2814 2058 ἑξῆς.

2247 2080 2439 2134 Πολλοὶ
2516 2081 2884 2150 βοσκημάτων
2946 2079 3285 2149 διακείμενοι
3341 2079 3562 2147 χείρους
3630 2076 3745 2132 ο·ἱᾶ

2179 2176 2499 2239 προσειπεῖν
2535 2174 2823 2242 ἀνέχονται
2867 2173 2945 2242 τῷ
2982 2172 3213 2242 πλησίον
3266 2174 3568 2241 πρότερον,
3602 2173 3745 2239 νομί-

2177 2263 2361 2326 ζοντες
2387 2264 2705 2333 ὑϐρίζεσθαι
2756 2266 2847 2317 καὶ
2881 2262 3259 2327 ἐλαττοῦσθαι,
3305 2267 3355 2316 εί
3389 2264 3557 2331 ψιλῆς
3602 2279 3737 2325 τινος

2180 2356 2460 2426 μεταδοῖεν
2489 2358 2869 2427 προσρήσεως.
2900 2356 3011 2410 Καὶ
3040 2355 3095 2407 τί
3122 2356 3326 2426 ταύτης
3350 2355 3740 2423 καταγελαστό-

2174 2465 2331 2518 τερον
2361 2448 2571 2516 γένοιτο
2602 2451 2699 2519 τῆς
2732 2450 2955 2515 ductae;
2988 2449 3124 2503 Τότε
3159 2450 3266 2519 γὰρ
3313 2450 3598 2519 ὖϐρίσθης,
3625 2452 3738 2503 τότε

2175 2541 2505 2609 ἠτιμάσθης,
2548 2540 2827 2612 ἄνθρωπε,
2868 2542 2998 2595 ὅταν
3026 2544 3054 2597 ό
3100 2542 3329 2611 πλησίον
3368 2559 3453 2595 σοι
3478 2545 3737 2614 πρότερον

2177 2636 2476 2707 προσείτῃ.
2730 2682 2733 2685 ,

2245 2727 2315 2779 Τὸ
2356 2728 2431 2796 μὴ
2459 2727 2932 2781 καταλλάττεσθαι
2985 2727 3065 2793 τῷ
3097 2728 3431 2797 λελυπηκότι
3463 2730 3567 2782 οὐκ
3608 2730 3735 2781 ὲκεί-

2174 2816 2261 2868 νόν
2312 2818 2460 2868 ἔστιν
2491 2818 2841 2887 ἀμυνομένου
2875 2821 3149 2882 τοσοῦτον,
3174 2807 3298 2872 ὅσον
3319 2819 3413 2873 τὸν
3436 2819 3571 2873 Θεὸν
3600 2819 3737 2889 569i-

2106 2934 2133 2953 ι-
2173 2907 2359 2972 ζοντος
2390 2910 2482 2962 τὸν
2518 2909 2694 2965 ταῦτα
2727 2913 3193 2982 νομοθετήσαντα.

2766 3052 2986 3105 ΛΟΓοΣ
3023 3054 3150 3106 NZ'.

2241 3167 2378 3235 Περὶ
2406 3168 2929 3236 εὐχαριστούντων
2965 3172 3061 3220 καί
3101 3168 3672 3245 εὺηονωμονούντςυν.

2240 3280 2306 3332 Τί
2337 3281 2699 3334 ἀνταποδώσω
2722 3282 2800 3350 τῷ
2830 3280 3021 3352 Κυρίῳ
3065 3282 3194 3350 περὶ
3246 3280 3466 3335 πάντων
3498 3271 3577 3334 ὧν
3618 3279 3733 3334 ἀντ-

2168 3372 2416 3426 απέδωκέ
2451 3390 2542 3441 μοι
2567 3389 2583 3438 ;

2249 3464 2375 3517 Ἐὰν
2401 3463 2745 3539 agreement
2781 3483 2875 3519 σου
2900 3503 2916 3531 ,
2985 3465 3366 3538 Ἰερουσαλὴμ,
3418 3469 3732 3538 ὲπιλησθείη

2166 3558 2199 3626 ἡ
2234 3555 2382 3621 δεξιά
2419 3574 2543 3627 μου,
2586 3559 2875 3630 κολληθείη
2910 3563 2943 3630 η
2982 3559 3204 3630 γλῶσσά
3240 3579 3343 3630 μου
3373 3562 3454 3631 τῷ
3510 3562 3735 3632 λάρυγγί

2211 3663 2295 3702 ου.

2211 3664 2295 3702 ου.

2171 3664 2209 3716 μ
2234 3738 2551 3807 Φρονήσεως
2577 3738 2752 3791 καὶτὸ
2783 3739 2983 3793 ειδέναι
3016 3739 3161 3803 τίνος
3190 3741 3222 3811 ἡ
3254 3741 3461 3811 χάρις.ἱ

2247 3917 2306 3970 '0
2355 3914 2740 3978 ἀνταποδιδοὺς
2785 3916 3015 3986 χάριτας
3058 3917 3334 3987 μέμνηται
3379 3922 3464 3984 εἰς
3499 3925 3567 3975 τὰ
3604 3923 3734 3994 μετὰ

2164 4005 2357 4070 ταῦτα,
2406 4006 2501 4059 καὶ
2544 4007 2603 4058 ὲν
2636 4008 2812 4076 καιρῷ
2840 4005 3104 4070 πτώσεως
3156 4008 3322 4060 αὑτοῦ
3352 4011 3581 4081 εὑρήσει
3612 4015 3738 4084 στή-

2167 4113 2367 4167 ριγμα.

2233 4188 2410 4258 Χάριν
2444 4189 2731 4261 ἀνθρώπου
2771 4189 2847 4254 ὡς
2903 4191 3072 4264 κόρην
3124 4192 3414 4264 ὀφθαλμοῦ
3471 4199 3738 4265 συντήρη-

2165 4295 2284 4332 σον.

2234 4365 2329 4434 Εἷς
2356 4371 2415 4424 δὲ
2465 4373 2530 4425 ἐκ
2569 4372 2677 4426 τῶν
2705 4373 2920 4445 λεπρῶν
2955 4374 3081 4430 ίδών
3123 4379 3206 4432 ὅτι
3239 4379 3390 4448 ἰάθη,
3429 4381 3733 4451 ὑπέστρεψε

483 4454 543 4493 SC
563 4454 683 4494 0550
725 4450 998 4507 sanatum,
1041 4457 1165 4497 CIIII]
1231 4459 1423 4515 magna
1474 4460 1607 4499 voce
1654 4462 1904 4501 reversus
1947 4459 2051 4513 est,

2184 4461 2306 4515 ιετὰ
2335 4464 2520 4531 φωνῆς
2552 4462 2793 4534 μεγάλης
2814 4444 3065 4529 δοξάζων
3096 4466 3188 4521 τὸν
3219 4467 3377 4532 Θεὸν,
3420 4472 3521 4522 καὶ
3546 4470 3733 4523 ἔπεσεν

485 4528 654 4584 Deum
685 4531 844 4585 laude
881 4533 1185 4600 celebrans,
1239 4546 1293 4589 et
1331 4537 1530 4591 cecidit
1574 4537 1626 4590 in
1662 4538 1852 4592 faciem
1902 4557 2056 4596 suam

486 4622 554 4671 ad
605 4620 768 4689 pedes
812 4619 965 4686 Jcsu,
1017 4625 1225 4691 gratias
1257 4625 1336 4679 illi
1384 4640 1550 4697 agens
1583 4646 1597 4680 :
1627 4626 1673 4681 is
1727 4637 1905 4682 autem
1942 4642 2060 4684 erat

483 4709 882 4764 Samaritanus.

546 4797 607 4853 11
646 4801 825 4855 Thess.
863 4816 914 4858 ν.
941 4802 998 4856 lu
1037 4806 1183 4859 omni
1214 4822 1272 4860 re
1298 4809 1499 4874 gratias
1540 4811 1682 4879 agite
1720 4829 1733 4864 :
1772 4812 1873 4866 hoc
1905 4812 2052 4866 enim

485 4889 624 4943 Deus
649 4890 1132 4960 requiritawbis,
1180 4897 1274 4965 qui
1324 4897 1600 4955 Christum
1655 4900 1840 4959 Jcsum
1887 4920 2054 4971 agno-

479 4982 655 5034 scitis.

548 5070 611 5123 11
649 5072 779 5128 Tim.
819 5091 880 5131 rt.
919 5077 1267 5148 lmpertiatur
1310 5078 1563 5138 Dominus
1617 5085 2048 5141 misericordiam

476 5161 804 5232 Onesiphori
857 5168 1095 5236 familiar,
1161 5172 1287 5241 quia
1323 5188 1466 5243 saepe
1525 5191 1612 5230 me
1672 5178 1937 5233 recreavit.
1994 5187 2049 5233 et

477 5253 691 5320 refecit,
748 5272 850 5312 nec
915 5272 1126 5322 catena:
1186 5279 1319 5319 meae
1367 5281 1491 5319 eum
1539 5269 1896 5336 puduitzsed
1922 5286 2047 5335 eum

474 5347 701 5402 Romam
740 5348 998 5413 venisset,
1035 5368 1248 5408 summa
1310 5356 1589 5427 diligentia
1630 5373 1717 5414 me
1767 5361 2041 5428 quaesivit,

472 5449 526 5491 ct
560 5442 761 5493 Invenit
797 5456 812 5494 :
846 5439 979 5495 faxit
1037 5442 1321 5511 Dominus,
1355 5459 1414 5501 ut
1443 5449 1538 5502 illo
1589 5449 1678 5504 die
1730 5452 2045 5505 misericor-

471 5529 610 5582 diam
642 5541 1026 5603 consequatur.

2159 4552 2249 4604 ἐπὶ
2277 4552 2569 4622 πρόσωπον
2598 4556 2748 4624 παρὰ
2788 4557 2916 4619 τοὺς
2944 4557 3110 4621 πόδας
3143 4559 3237 4612 τοῦ
3283 4560 3486 4629 Ἰησοῦ,
3516 4563 3732 4633 εὐχαριο

2159 4641 2301 4694 στῶν
2336 4643 2511 4714 αὐτῷ.
2540 4644 2652 4698 Καὶ
2686 4644 2846 4708 αὐτὸς
2874 4642 2941 4717 ἦν
2970 4649 3336 4721 Σαμαρείτης.

2242 4824 2327 4877 Ἐν
2355 4825 2516 4878 παντὶ
2549 4825 2926 4897 εὐχαριστεῖτε
2946 4844 2961 4859 ο
3007 4827 3169 4883 τοῦτο
3198 4828 3309 4899 γὰρ
3348 4831 3569 4904 θέλημα
3598 4830 3726 4885 Θεοῦ

2157 4914 2217 4967 ἐν
2245 4916 2467 4986 Χριστῷ
2499 4917 2674 4983 Ἰησοῦ
2702 4919 2783 4982 είς
2815 4918 2976 4988 ὑμᾶς.

2227 5094 2348 5164 Δῴη
2377 5097 2406 5146 ό
2458 5096 2661 5165 Κύριος
2704 5096 2849 5160 ἔλεος
2903 5098 2980 5169 τῷ
3044 5099 3403 5170 Ὀνησιφόρου
3450 5105 3602 5172 οἴκῳ,
3649 5103 3727 5153 ὅ.ι

2157 5186 2414 5251 πολλάκις
2448 5205 2516 5257 με
2566 5190 2825 5257 ἀνέψυξε,
2856 5192 2951 5245 καί
2990 5191 3088 5260 τὴν
3114 5191 3303 5246 ἆλυσίν
3334 5210 3440 5262 μου
3469 5196 3568 5247 οὐκ
3589 5196 3721 5263 ἐπη-

2157 5277 2362 5349 σχύνθη
2386 5295 2399 5308 ·
2435 5280 2573 5333 ἀλλὰ
2601 5281 2891 5351 γενόμενος
2925 5283 2984 5335 ὲν
3040 5280 3250 5354 Ῥώμη,
3293 5287 3725 5355 σπουδαιοτέρως

2154 5370 2457 5439 ἀνεζὴτησέ
2501 5389 2592 5442 με,
2639 5374 2731 5426 καὶ
2761 5369 2888 5445 εὗρε
2908 5393 2923 5406 ·
2953 5373 3064 5446 δῴη
3090 5376 3236 5446 αὐτῷ
3262 5379 3289 5430 ό
3312 5377 3522 5449 Κύριος
3549 5380 3726 5450 εὑρεῖν

2153 5460 2298 5525 ἕλεος
2330 5462 2478 5533 παρὰ
2510 5463 2714 5534 Κυρίου
2751 5468 2809 5520 ὲν
2835 5467 3014 5539 ἐκείνῃ
3040 5471 3105 5539 τῇ
3132 5469 3343 5541 ἡμέρᾳ.

543 5703 615 5769 (ί)
650 5706 783 5767 Vide
812 5728 977 5783 supra
1016 5713 1069 5770 in
1103 5727 1354 5771 sermone
1383 5715 1470 5784 54,
1510 5732 1634 5773 mox
1670 5726 1791 5788 post
1820 5720 2048 5777 citatum
2084 5722 2363 5779 Basilium.
