3992 6252
208 371 351 440 1149

1022 365 1196 427 LOCI
1235 363 1679 427 COMMUNES.
1714 386 1780 398 -
1823 360 2013 422 PARS
2046 359 2130 423 Ιῐ.
2172 356 2431 419 SERMO
2477 355 2686 419 LVIII.

3305 346 3464 412 .1150

277 486 574 556 Πρέπουσα
617 479 925 548 δοξολογίας
980 477 1235 541 ὑπόθεσις
1265 478 1298 548 ἠ
1329 478 1438 531 τῶν
1487 477 1779 547 εὐεργετη-

1958 471 2019 529 S.
2043 471 2256 527 Basilii.
2298 471 2691 527 Beneﬁciorum
2724 475 3077 536 acceptorum
3134 475 3444 518 commento

204 578 394 649 μάτων
421 576 695 645 διήγησις.

270 673 398 732 Τοῖς
425 666 746 738 εὐεργέταις
772 663 1038 729 ἑκουσίως
1065 663 1249 718 πᾶσαν
1273 663 1486 716 εὔνοιαν
1531 657 1771 727 ἀποπλη·

203 765 411 835 ρῶμεν.

286 849 669 919 Ἀποδώσομεν
715 849 897 901 τοίνυν
931 847 1028 900 σὺν
1055 846 1198 915 τόκῳ
1233 843 1294 898 τὺ
1339 842 1517 914 χρέος,
1571 843 1638 896 ἂν
1670 841 1780 912 ἄρα

198 940 455 994 τοσοῦτον
486 940 842 1011 εὐποροῦντες
863 942 1142 1009 φανῶμεν.

287 1033 505 1102 Ἐπειδὴ
534 1032 658 1085 ὅσον
681 1032 966 1102 ὀφείλομεν
998 1034 1077 1094 εἰς
1119 1028 1474 1102 εὐχαριστίαν
1514 1027 1669 1097 ὑμῶν
1701 1025 1777 1077 εί-

200 1128 329 1180 πεῖν
356 1127 457 1179 οὐκ
497 1123 777 1194 ίσχύομεν,
813 1123 1045 1194 λέγομεν
1074 1124 1197 1177 ὅσον
1224 1119 1522 1187 δυνάμεθα.

285 1302 453 1356 Οὐδὲν
482 1302 654 1367 οὕτως
683 1303 962 1372 εὐάγωγον
991 1304 1068 1375 είς
1099 1300 1336 1367 εὔνοιαν,
1359 1298 1783 1372 ὠςήτῶνεύερ-

198 1395 532 1465 γετημάτων
559 1392 824 1465 εὐφημία.
1283 1387 1301 1397 ’

792 1663 1012 1719 ΛΟΓΟΣ
1049 1660 1186 1718 NH'.

309 1801 449 1870 Περὶ
477 1801 986 1871 ἀγνωμονούντων
1023 1798 1121 1853 καὶ
1157 1796 1668 1867 ἀχαριστοῦντων.

288 1935 737 1991 Ἀνταπεδίδοσάν
769 1952 861 2006 μοι
896 1937 1107 2007 πονηρά
1128 1936 1247 1990 ἀντὶ
1269 1934 1513 2004 ἀγαθῶν.

288 2118 436 2171 Ἀντὶ
482 2116 576 2170 τοῦ
637 2117 858 2188 ἀγαπᾷν
905 2135 974 2188 με
1026 2116 1370 2171 ὲνδιέόαλλόν
1424 2134 1491 2187 με
1514 2133 1528 2149 ·
1583 2116 1696 2185 ἐγὼ
1723 2116 1778 2168 δὲ

200 2209 626 2279 προσηυχόμην,
659 2210 751 2262 καὶ
786 2209 969 2262 ἔθεντο
1010 2193 1288 2279 κατ’ἐμοῦ
1318 2209 1463 2263 κακά
1493 2207 1614 2260 ἀντὶ
1646 2208 1782 2274 ἀγα·-

201 2301 338 2366 θῶν,
367 2300 460 2354 καὶ
492 2304 643 2369 μῖσος
668 2300 787 2354 ἀντὶ
814 2301 915 2370 τῆς
939 2298 1271 2370 ἀγαπησεώς
1308 2315 1428 2367 μου.

281 2395 378 2458 Ὃς
399 2393 693 2448 ἀποδίδωσι
728 2392 875 2445 κακά
900 2392 1022 2444 ἀντὶ
1062 2389 1301 2459 ἀγαθῶν,
1338 2391 1398 2443 οὐ
1427 2388 1780 2462 κινηθήσεται

200 2485 353 2541 κακά
382 2486 448 2539 ὲκ
480 2484 575 2538 τοῦ
608 2483 761 2538 οἴκου
794 2483 983 2538 αὐτοῦ.

278 2579 414 2632 Οὐαὶ
445 2578 650 2643 αὐτοῖς,
701 2577 783 2630 ὅτι
816 2576 1179 2646 ἀπεπήδησαν
1229 2575 1322 2629 ἀπ’
1351 2573 1487 2643 ἐμοῦ
1507 2589 1524 2606 ο
1557 2572 1779 2627 δείλαιοι

200 2669 362 2735 εἰσιν,
392 2669 473 2721 ὅτι
515 2667 795 2739 ἠσέϐησαν
846 2669 925 2729 είς
972 2666 1091 2735 ἐμέ.
1146 2664 1289 2733 Ἐγὼ
1328 2667 1437 2734 γάρ
1468 2664 1779 2732 ὲλυτρωσά-

202 2780 318 2831 μην
350 2761 570 2824 αὐτοὺς,
594 2761 743 2813 αὐτοὶ
771 2760 827 2814 δὲ
858 2759 1233 2829 κατελάλησαν
1264 2758 1385 2812 κατ’
1419 2756 1553 2827 ἐμοῦ
1583 2755 1778 2826 ψευδῆ.

246 2855 504 2918 ν”Ακουε,
549 2852 771 2923 οὐρανέ,
807 2852 901 2906 καὶ
951 2851 1209 2915 ὲνωτίζου
1236 2888 1250 2913 ,
1297 2850 1390 2917 γῆ,
1445 2850 1528 2902 ὄτι
1575 2846 1778 2917 Κύριος

1810 1824 1857 1885 Β

1887 564 2026 619 ratio
2063 564 2293 620 honesta
2324 574 2410 620 est
2438 560 2696 618 laudandi
2741 558 2978 615 occasio.

1956 655 2102 710 Bene
2143 655 2351 711 meritis
2387 653 2528 710 ultro
2574 653 2833 708 debemus
2877 660 3093 704 omnem
3138 643 3470 702 benevolen-

1887 747 2015 800 tiam
2042 754 2321 815 praestare.

1958 833 2223 905 Theologi.
2259 835 2566 891 Reddatnus
2605 835 2771 906 igitur
2800 848 2922 888 cum
2964 831 3150 886 fenore
3206 827 3470 888 debitum.

1886 927 1932 982 si
1956 928 2116 982 modo
2149 936 2297 983 tanta
2339 927 2492 995 copia
2530 925 2809 981 abundare
2837 925 3147 1001 videamur.

1958 1019 2018 1075 S.
2053 1019 2322 1090 Chrysost.
2358 1003 2587 1084 Quando
2619 1025 2880 1086 quantum
2933 1014 3197 1069 debemus
3241 1010 3312 1065 ad
3342 1024 3468 1080 gra-

1888 1111 2015 1165 tiam
2039 1111 2193 1166 vobis
2212 1110 2558 1166 referendam
2585 1110 2768 1163 dicere
2800 1121 2907 1161 non
2938 1106 3203 1170 valemus,
3232 1102 3468 1157 dicimus

1887 1216 2147 1277 quantum
2175 1222 2486 1276 possumus.

1966 1301 2223 1356 Philonis.
2257 1299 2401 1354 Nihil
2423 1308 2532 1353 tam
2563 1298 2708 1353 valet
2753 1296 2822 1352 ad
2865 1293 3302 1352 benevolentiam
3332 1307 3467 1348 con-

1889 1396 2174 1451 ciliandnm
2237 1406 2397 1463 quam
2459 1389 2854 1446 beneﬁciorum
2928 1387 3318 1459 depraedicatio
3375 1398 3469 1439 ac-

1888 1498 2192 1559 ceptorum.

2278 1667 2511 1724 SERMO
2547 1663 2823 1739 LVlll[al.
2868 1663 3076 1738 xmvt.

2030 1805 2105 1862 De
2134 1806 2356 1876 ingratis
2390 1815 2437 1859 et
2473 1804 2722 1874 beneﬁcia
2765 1818 2869 1857 non
2902 1801 3324 1873 agnoscentibus.

1862 1962 1889 1991 κ
1958 1941 2106 1997 Prol.
2146 1957 2329 1996 χχιιι.
2384 1940 2551 2011 209
2599 1940 2737 1994 Mala
2768 1951 2870 2009 pro
2909 1937 3072 1995 bonis
3104 1935 3235 1990 mihi
3286 1933 3471 1990 reddi-

1882 2033 2101 2088 derunt.

1953 2123 2437 2179 Calumniabantur
2465 2136 2575 2185 me.
2599 2135 2723 2176 cum
2758 2119 3040 2189 diligerem
3084 2130 3199 2172 eos.
3228 2112 3343 2186 Ego
3368 2127 3473 2167 au-

1884 2226 1989 2272 tem
2017 2215 2279 2286 precabar
2305 2223 2357 2269 et
2391 2213 2528 2268 mala
2555 2228 2654 2283 pro
2685 2211 2846 2268 bonis
2897 2209 3033 2264 mitti
3067 2213 3389 2280 posuerunt,
3417 2211 3472 2258 et

1881 2307 2065 2360 odium
2098 2321 2195 2376 pro
2220 2305 2508 2361 dilectione
2537 2318 2680 2359 mea.

1954 2397 2120 2453 Prov.
2166 2415 2301 2454 xm.
2349 2398 2451 2464 Qui
2483 2399 2622 2452 mala
2658 2413 2757 2466 pro
2792 2397 2949 2451 bonis
2999 2392 3197 2459 reddit,
3235 2405 3303 2447 ex
3351 2389 3473 2460 eius

1883 2488 2082 2542 lantilia
2110 2488 2250 2541 mala
2272 2502 2380 2542 non
2406 2487 2791 2541 movebuntur.

1950 2579 2096 2635 Οεεω
2140 2596 2230 2635 ιιι.
2257 2578 2351 2634 Vae
2383 2579 2510 2640 illis,
2536 2580 2661 2648 quia
2691 2578 3002 2633 resilierunt
3023 2591 3054 2631 a
3080 2591 3199 2643 tne;
3225 2576 3472 2632 infelices

1880 2685 2030 2736 sunt,
2056 2673 2183 2742 quia
2222 2672 2372 2741 impii
2399 2671 2452 2724 in
2481 2684 2567 2722 me
2602 2669 2845 2723 fuerunt.
2885 2668 2994 2739 Ego
3018 2668 3166 2722 enim
3216 2667 3468 2721 redeme-

1880 2780 1992 2818 ram
2024 2778 2141 2827 eos,
2170 2762 2270 2829 ipsi
2297 2775 2428 2815 vero
2461 2759 2700 2813 oblocuti
2736 2768 2864 2814 sunt
2896 2758 3024 2812 mihi
3058 2757 3215 2813 falso.

1950 2854 2060 2909 Isa.
2090 2869 2128 2908 ι.
2156 2853 2321 2918 Audi,
2340 2852 2573 2916 coelum;
2608 2851 2830 2905 auribus
2867 2850 3108 2920 percipe,
3141 2858 3311 2911 terra,
3340 2863 3469 2919 qu.a

197 2946 506 3014 ἐλάλησενο
557 2963 575 2997 ι
616 2945 774 3007 Υίοὺς
826 2944 1090 3012 ἐγέννησα
1136 2942 1226 2994 καὶ
1267 2940 1481 3009 ῦψωσα,
1534 2940 1690 2993 αὐτοὶ
1723 2938 1781 2990 δὲ

1927 2947 2142 3001 ominus
2171 2943 2417 3013 loquitur
2451 2958 2464 2997 :
2506 2942 2673 2997 Filios
2724 2944 3001 3012 procreavi
3066 2950 3121 2996 et
3154 2941 3332 3004 everti,
3364 2940 3465 3008 ipsi

200 3038 275 3110 με
305 3038 599 3108 ἠθέτησαν.
630 3036 813 3103 Ἔγνω
855 3034 980 3105 βοῦς
1009 3036 1100 3087 τὸν
1124 3035 1489 3104 κτησάμενον,
1525 3030 1619 3084 καὶ
1658 3029 1777 3093 ὄνος

1924 3040 2114 3108 erolme
2143 3038 2473 3106 reiecerunt.
2494 3037 2748 3107 Agnoscit
2771 3037 2867 3089 bos
2884 3048 3257 3104 possessorem
3284 3050 3466 3097 suum,

196 3133 303 3201 τὴν
339 3130 547 3201 φάτνην
592 3127 687 3180 τοῦ
745 3128 936 3197 κυρίου
983 3127 1151 3182 αὐτοῦ
1187 3142 1200 3156 ’
1244 3125 1455 3197 Ἰσραὴλ
1488 3125 1545 3178 δὲ
1582 3124 1650 3194 μὲ
1677 3124 1777 3176 οὐκ

1924 3131 2157 3187 tasinus
2208 3144 2450 3200 przesepe
2503 3128 2708 3184 domini
2774 3130 2898 3194 sui;
2972 3128 3134 3182 Israel
3166 3136 3346 3182 autem
3381 3143 3465 3183 me

199 3222 370 3290 εγνω,
402 3223 495 3275 καὶ
524 3222 552 3274 ὁ
581 3219 714 3282 λαός
745 3235 848 3289 μου
877 3220 938 3271 οὐ
971 3217 1224 3287 συνῆκεν.

287 3312 616 3382 ’Δχαρίστου
646 3310 799 3372 ἐλπὶς
824 3311 899 3373 ῶς
930 3294 1210 3380 χειμέριος
1247 3309 1422 3379 πάχνη
1452 3309 1777 3378 τακησεται,

199 3405 304 3460 καὶ
328 3406 592 3476 ῥυήσεται
615 3401 688 3465 ὡς
712 3402 855 3472 ὕδωρ
888 3402 1180 3472 ἄχρηστον.

288 3494 607 3567 ’Δχάριστος
636 3496 695 3547 ὲν
726 3494 936 3565 διανοίᾳ
964 3492 1349 3563 ἐγκαταλείψει
1381 3493 1708 3565 ῥυσάμενον.

271 3682 481 3746 Ξενιεῖς
513 3681 605 3734 καὶ
637 3683 845 3744 ποτιείς
872 3681 1194 3750 ἀχάριστον,
1225 3672 1319 3734 κάι
1348 3680 1489 3751 πρὸς
1539 3680 1629 3733 ἐπὶ
1657 3679 1783 3733 τού-

200 3794 327 3840 τοις
379 3778 553 3845 μικρὰ
605 3774 850 3845 ἀκούσῃ·
886 3774 1146 3828 διπλάσια
1207 3774 1315 3843 γὰρ
1350 3773 1499 3827 κακά
1558 3773 1782 3844 εὑρήσει

202 3887 295 3925 σοι
329 3870 387 3923 ὲν
419 3869 588 3923 πᾶσιν
613 3870 861 3938 ἀγαθοῖς,
890 3860 973 3932 οἷς
1004 3868 1100 3922 ἐὰν
1136 3870 1298 3936 ποιῇς
1327 3864 1499 3936 αὐτῷ.

279 4074 466 4130 Δεινδν
519 4075 613 4131 τὸν
667 4074 1123 4144 εὐεργετηθέντα,
1169 4075 1264 4129 καὶ
1314 4077 1434 4138 ταῖς
1494 4075 1782 4144 μεγίσταις

201 4171 498 4240 ὑπόχρεων
561 4170 783 4241 χάρισι,
820 4169 957 4239 πρὸς
1018 4168 1096 4239 τῷ
1165 4167 1470 4239 ἀχαρίστῳ,
1537 4167 1620 4221 ἐτι
1688 4171 1783 4222 καὶ

201 4256 424 4327 ὕϐρεως
456 4257 550 4310 καὶ
579 4258 800 4328 ἀτιμίας
830 4257 1101 4327 κατάρξαι
1121 4272 1136 4287 ⁶
1163 4257 1335 4312 δεινὸν
1359 4257 1458 4326 μὲν
1479 4299 1494 4323 ,
1540 4258 1675 4313 ἀλλά
1708 4258 1787 4332 τῷ

201 4346 457 4403 ποιοῦντι
490 4350 673 4420 μεῖζόν
699 4351 817 4403 ἐστι
841 4350 1029 4417 κακὸν,
1054 4348 1089 4422 ἢ
1112 4351 1191 4421 τῷ
1221 4350 1507 4420 πάσχοντι.

270 4644 351 4699 -Αῑ
384 4643 669 4715 ἀχάριστοι
695 4641 865 4714 ψυχαὶ
895 4642 952 4696 εν
981 4643 1050 4711 τῇ
1092 4641 1444 4712 ἀλλοτριώσει
1479 4647 1588 4698 τῶν
1647 4646 1788 4712 ἀγα-

204 4738 324 4792 θῶν
390 4736 492 4806 τῆς
542 4736 921 4807 παρελθούσης
970 4737 1191 4806 χάριτος
1231 4737 1655 4790 ἐπαισθάνεσθαι
1688 4756 1785 4791 πε-

203 4829 470 4899 φύκασιν.
504 4829 633 4882 Ὅτε
657 4830 765 4899 γὰρ
792 4828 1066 4883 ἀπέλαυον
1098 4827 1208 4881 τῶν
1254 4830 1659 4898 χρηστοτέρων,
1694 4834 1784 4885 οὐ·

202 4922 404 4991 δεμίαν
437 4921 598 4991 χάριν
651 4921 729 4993 τῷ
776 4922 1031 4975 δεδωκότι
1074 4920 1455 4988 γινώσκοντες.
1511 4924 1650 4991 μετὰ
1685 4925 1785 4996 τὴν

207 5012 472 5084 στέρησιν
504 5011 563 5064 τὸ
594 5012 861 5081 παρελθὸν
895 5012 1310 5083 μακαρίζουσιν.

296 5121 606 5193 ’Υπερῧολὴ
631 5122 789 5176 τοῦτὰ
815 5140 878 5192 γε
905 5125 1319 5195 ἀγνωμοσύνης,
1351 5125 1452 5196 τὴν
1482 5124 1788 5193 φιλανθρω-

206 5213 351 5269 πίαν
385 5213 480 5269 τοῦ
510 5216 803 5285 εὐεργέτου
832 5218 1087 5289 ἀφορμὴν
1112 5218 1434 5288 ἀχαριστίας
1464 5215 1759 5269 ποιεῖσθαι.

283 5416 364 5469 Th
386 5415 494 5469 τῶν
520 5416 1037 5488 δυοαρεστουμένων
1072 5419 1374 5489 πάσχουσιν
1403 5422 1453 5475 οἱ
1497 5420 1703 5482 πολλοὶ.
1730 5423 1792 5476 τὸ

204 5509 321 5582 μὲν
348 5510 526 5579 παρὸν
559 5502 938 5577 ἀτιμάζοντες,
970 5512 1076 5564 τῶν
1099 5512 1155 5585 δέ
1179 5512 1430 5566 ἀπόντων
1460 5514 1793 5585 ἐπιθυμοῦν-

201 5618 329 5665 τες.
363 5602 439 5656 Οὐ
471 5601 580 5673 γὰρ
627 5607 753 5666 τοὺς
783 5584 1205 5675 ὑποδεεστέρους
1233 5605 1417 5659 αὐτῶν
1439 5609 1790 5680 ἀπαριθμοῦ-

203 5712 373 5766 μενοι
398 5694 497 5764 τὴν
528 5694 670 5764 ὑπὲρ
688 5689 763 5749 ὧν
784 5695 998 5767 ἔχουσιν
1026 5698 1381 5769 εὐχαριστίαν
1406 5702 1789 5771 ἀπιιπληροῦσι

195 5787 291 5856 τῷ
322 5787 591 5865 Monday,
629 5787 761 5842 ἀλλὰ
806 5791 872 5860 τῇ
907 5791 1040 5859 προς
1074 5791 1145 5867 ’τὸ
1200 5789 1465 5861 ὑπερέχον
1499 5793 1787 5863 συγκρίσει

1888 3240 1998 3280 non
2030 3222 2295 3297 agnoscit,
2349 3229 2406 3276 et
2444 3223 2676 3291 populus
2705 3235 2860 3275 meus
2898 3236 3007 3276 non
3042 3220 3329 3276 intellexit.

1962 3315 2094 3387 Sap.
2123 3333 2236 3371 ιιι.
2280 3314 2478 3385 Ingrati
2529 3329 2655 3384 spes
2686 3324 2743 3369 ut
2774 3315 3003 3370 hiberna
3052 3316 3242 3385 pruina
3297 3316 3472 3385 lique-

1889 3419 2024 3475 seet,
2059 3419 2111 3463 et
2131 3408 2330 3463 delluet
2363 3418 2422 3461 ut
2452 3406 2655 3461 inutilis
2675 3422 2837 3475 aqua.

1960 3500 2148 3556 Sirach
2180 3515 2293 3553 xu.
2360 3500 2570 3569 Ingrata
2600 3514 2755 3554 mens
2786 3499 3000 3555 deseret
3029 3516 3150 3556 eum
3184 3517 3213 3555 a
3236 3518 3344 3572 quo
3365 3503 3468 3558 ali-

1890 3593 2106 3664 quando
2132 3590 2294 3645 fuerit
2316 3591 2565 3647 liberata.

1962 3682 2100 3737 Ibid.
2144 3676 2391 3751 llospitio
2425 3691 2480 3736 et
2507 3694 2636 3751 potu
2687 3684 2931 3754 excipies
2964 3683 3258 3754 ingratum,
3286 3692 3343 3739 et
3377 3685 3464 3738 in—

1892 3791 2053 3845 Super
2109 3774 2304 3829 acerba
2360 3774 2571 3828 audies.
2630 3773 2875 3844 Duplicia
2925 3777 3069 3831 enim
3133 3777 3271 3831 mala
3315 3792 3468 3832 com-

1892 3868 2109 3939 parabis
2140 3867 2231 3920 tibi
2261 3882 2356 3935 pro
2383 3864 2637 3921 omnibus
2672 3867 2829 3922 bonis
2878 3882 2999 3938 quae
3031 3868 3083 3923 in
3121 3882 3242 3923 eum
3269 3877 3471 3923 contu-

1892 3963 2041 4017 leris.

1962 4074 2021 4133 S.
2065 4076 2275 4132 Basilii.
2345 4077 2569 4144 Indigna
2603 4092 2693 4132 res
2719 4119 2733 4143 ,
2799 4091 2923 4131 eum
2967 4075 3059 4145 qui
3094 4074 3167 4129 sit
3204 4076 3472 4132 beneflcio

1892 4171 2136 4235 affectus,
2180 4172 2262 4228 vel
2296 4171 2549 4227 maximis
2592 4171 3073 4242 oppigneratorum
3128 4169 3471 4226 remissioni-

1893 4266 1993 4320 bus
2021 4274 2078 4320 et
2104 4264 2615 4327 condonationibus,
2649 4273 3008 4335 praeterquam
3046 4264 3191 4332 quod
3223 4262 3472 4332 ingratus

1892 4358 1984 4424 sit,
2014 4356 2176 4411 etiam
2205 4357 2403 4426 injuria
2435 4370 2487 4410 et
2517 4357 2814 4427 ignominia
2841 4356 3147 4423 lacessere;
3179 4352 3462 4425 indignum

1896 4449 2109 4516 quidem
2141 4448 2194 4503 id
2216 4459 2319 4517 est,
2353 4451 2446 4506 sed
2476 4449 2699 4507 facienti
2731 4449 2922 4520 majori
2943 4457 3026 4505 est
3048 4448 3270 4516 damno,
3303 4461 3468 4517 quam

1824 4521 1868 4576 Ῑ)
1896 4543 2143 4613 patienti.

1968 4653 2174 4722 Ingrati
2197 4652 2364 4706 animi
2394 4653 2450 4706 in
2482 4652 2817 4708 alienatione
2849 4651 3115 4706 bonorum
3140 4649 3472 4720 praeteritam

1898 4745 2127 4814 gratiam
2162 4744 2366 4799 sentire
2403 4736 2834 4797 consueverunt.
2883 4742 3018 4796 Cum
3046 4744 3195 4797 enim
3244 4756 3475 4812 accepe-

1900 4836 2012 4889 rint
2037 4850 2066 4888 a
2098 4834 2526 4901 liberalioribus,
2571 4834 2775 4888 nullam
2807 4835 3052 4905 largienti
3102 4834 3306 4889 habent
3349 4848 3477 4904 gra-

1899 4926 2050 4989 tiam,
2082 4924 2277 4994 privati
2307 4931 2491 4978 autem
2518 4925 2791 4993 praeterita
2822 4924 2976 4979 beata
3006 4925 3328 4995 praedicant.

1973 5126 2304 5182 Admiranda
2332 5125 2423 5179 illa
2446 5124 2665 5195 quidem
2698 5126 3036 5196 ingratitudo
3063 5136 3165 5191 est,
3197 5143 3318 5198 quae
3338 5129 3479 5186 bene

1905 5220 2166 5275 merentis
2193 5217 2628 5274 benevolentiam
2686 5216 3097 5287 ingratitudinis
3124 5222 3473 5277 occasionem

1905 5312 2056 5366 facit.

1981 5424 2239 5482 Permulti
2289 5434 2418 5482 sunt
2467 5424 2703 5481 morosis
2774 5423 3086 5480 hominibus
3135 5425 3380 5488 similes,
3426 5419 3485 5476 id

1906 5520 2049 5590 quod
2077 5519 2231 5575 adest
2269 5525 2703 5585 contemnentes,
2727 5527 2783 5574 et
2815 5533 2937 5589 quae
2975 5519 3173 5574 absunt
3205 5517 3485 5583 requiren-

1909 5623 2013 5667 tes.
2041 5611 2125 5668 No
2148 5629 2180 5667 n
2216 5612 2363 5667 enim
2395 5610 2783 5682 iudigentiores
2810 5612 2944 5682 ipsis
2969 5607 3359 5671 enumerando,
3387 5615 3487 5672 pro

1909 5703 1976 5757 iis
2005 5718 2128 5772 quae
2161 5702 2440 5775 possident
2471 5702 2676 5772 gratias
2708 5710 2875 5771 agunt
2902 5700 3132 5753 Domino
3161 5712 3177 5763 ;
3207 5694 3302 5751 sed
3334 5709 3488 5748 com-

1911 5805 2163 5861 parantes
2222 5810 2322 5851 sua
2387 5808 2513 5850 cunt
2575 5790 3069 5854 excellentissimis,
3112 5799 3167 5843 ct
3221 5796 3486 5857 quantum
