4004 6252
519 281 659 348 1159

1790 269 2108 330 ΛΝΤΟΝΙΙ
2152 271 2496 334 ΜΕΙᾸΞΞΕ

3635 281 3771 343 Ιίω

577 394 998 452 (ἶοιιεὶάρτθιιὶιιε
1029 393 1118 447 alii
1154 391 1291 446 alios
1319 390 1383 443 ad
1421 388 1703 445 charitatis
1737 388 2080 456 provocatio-

2264 393 2630 458 Καταννλῶμεν
2669 393 2950 463 ἀλλήλους,
3027 395 3110 464 εἶς
3149 394 3500 464 παροξυσμδν
3551 395 3776 462 ἀγάπης

506 502 628 542 nem
661 494 714 539 ct
739 487 1095 540 honestorum
1129 496 1376 550 Operum.

577 578 842 631 Memores
895 583 1068 629 estote
1117 588 1307 627 eorum
1341 571 1432 641 qui
1479 572 1634 626 vobis
1689 578 1950 638 praesunt,
1983 567 2077 636 qui

505 669 660 723 vobis
711 666 930 721 verbum
984 664 1077 717 Dei
1126 663 1525 724 ministrarnnt,
1557 676 1790 730 quorum
1839 669 2079 712 conteru-

509 760 719 828 plantes
746 755 950 811 exitum
981 754 1415 809 conversationis
1443 750 1731 805 imitamini
1763 751 1949 804 ﬁdem.

579 849 670 902 111
697 847 862 900 Joan.
895 863 933 900 ι.
969 844 1189 909 Dilecte,
1219 846 1329 899 noli
1363 844 1458 898 tibi
1495 845 1695 897 malum
1748 841 1815 896 ad
1863 841 2081 894 imitan-

507 940 634 992 dum
667 953 992 1007 proponere,
1025 939 1117 991 sed
1159 938 1208 990 id
1239 937 1380 1006 quod
1415 936 1616 990 bonum
1647 944 1750 989 est.
1805 933 1908 999 Qui
1942 933 2081 987 bene

510 1030 656 1088 facit,
687 1045 750 1082 ex
783 1029 888 1081 Deo
923 1037 1044 1095 est;
1080 1039 1133 1081 at
1161 1029 1251 1097 qui
1289 1027 1449 1088 male,
1482 1027 1650 1080 Deum
1685 1040 1790 1079 non
1819 1024 1971 1078 vidit.

578 1121 800 1193 Synesii.
866 1123 1098 1177 lmitatio
1157 1122 1468 1177 conciliatio
1522 1130 1626 1187 est,
1688 1129 1743 1174 et
1799 1119 2082 1189 coniungit

505 1228 629 1270 cum
665 1230 729 1268 eo
759 1215 904 1284 quod
931 1213 1251 1268 imitandum
1283 1213 1602 1282 proponitur
1629 1213 1950 1266 imitantem.

577 1307 636 1360 S.
678 1305 889 1360 Basilii.
930 1305 986 1358 Si
1025 1304 1227 1358 videris
1258 1303 1533 1358 ethnicqu
1580 1303 1705 1356 vitze
1764 1309 2082 1369 temperata

504 1407 558 1454 et
599 1399 819 1466 reliqua:
859 1413 1070 1451 morum
1111 1395 1415 1450 honestatis
1459 1393 1763 1449 studiosum
1800 1408 1962 1463 supra
2007 1401 2080 1456 te,

505 1499 659 1542 tuum
723 1490 885 1542 etiam
943 1487 1183 1542 studium
1250 1487 1503 1548 intende,
1561 1495 1620 1538 ut
1671 1483 1769 1538 tias
1825 1483 2083 1538 assimilis

501 1566 802 1636 l‘ructuosa:
853 1580 998 1644 licui,
1039 1595 1160 1648 quae
1199 1594 1295 1648 per
1339 1575 1582 1648 capriﬁci
1638 1576 1891 1629 viciniam
1944 1573 2084 1628 vires

506 1689 636 1729 suas
671 1673 895 1744 colligit,
931 1688 995 1727 ac
1047 1671 1392 1728 diﬂ‘usionem
1423 1668 1685 1725 cohibens
1717 1666 1915 1722 melius
1955 1681 2085 1722 suos

509 1769 716 1821 fructus
743 1766 839 1819 alit
875 1774 928 1818 et
959 1763 1232 1833 producit.

891 1945 1135 2002 SERMO
1167 1943 1326 1999 LXVI
1367 1944 1467 2016 fat.
1499 1943 1712 2016 XVIII].

897 2039 972 2093 De
999 2039 1110 2093 zelo
1135 2047 1183 2091 et
1212 2039 1496 2092 imitatione
1525 2054 1711 2106 prava.

579 2134 739 2189 Letit.
771 2148 924 2188 xvut.
959 2131 1069 2201 Ego
1117 2131 1381 2209 Dominus
1431 2129 1572 2185 Deus
1625 2138 1832 2183 vester.
1880 2127 2088 2182 Secun‘

508 2227 636 2282 dum
664 2229 908 2282 instituta
939 2226 1183 2300 Egypti,
1211 2225 1264 2278 in
1297 2240 1402 2294 qua
1431 2223 1621 2278 incolae
1649 2223 1848 2285 fuistis,
1878 2236 1983 2275 non
2009 2219 2088 2272 vi-

507 2321 644 2376 vetis
681 2338 696 2372 :
731 2335 830 2374 nec
879 2335 943 2373 ex
999 2318 1264 2372 institutis
1295 2317 1729 2372 Chananmnrum
1782 2315 1944 2367 vitam
2002 2313 2084 2364 in-

507 2413 764 2473 stituetis,
804 2413 856 2464 in
900 2427 1134 2478 «litorum
1191 2425 1380 2478 agrum
1423 2424 1520 2462 vos
1567 2407 1847 2471 inducam,
1886 2419 1986 2458 nec
2019 2419 2085 2458 ex

507 2505 712 2576 legibus
755 2520 946 2558 eorum
998 2504 1281 2572 regemini,
1324 2517 1393 2555 ne
1437 2511 1582 2556 terra
1633 2502 1930 2554 detestetur
1964 2512 2084 2561 vos,

505 2601 647 2653 sicut
673 2598 939 2652 detestata
971 2606 1054 2651 est
1079 2611 1172 2649 eos
1201 2595 1294 2661 qui
1325 2592 1646 2649 habitabant
1675 2593 1730 2646 in
1766 2593 1904 2660 ipsa.

583 2775 729 2829 Psal.
757 2794 792 2830 ι.
827 2775 1021 2831 Beatus
1050 2775 1141 2844 qui
1176 2789 1284 2828 non
1329 2774 1462 2828 adiit
1507 2773 1736 2828 consilia
1769 2772 2083 2841 impiorum,

505 2877 557 2922 et
591 2868 646 2920 in
684 2867 766 2919 via
817 2867 1213 2920 sceleratorum
1273 2879 1378 2917 non
1417 2865 1588 2932 ste-tit,
1623 2873 1677 2916 ct
1722 2862 1775 2915 in
1825 2860 2085 2916 cathedra

506 2958 777 3028 pestilenti
810 2972 918 3010 non
950 2958 1109 3011 sedit.

579 3051 698 3104 Noli
721 3050 962 3103 aemulari
992 3051 1255 3103 scelerate
1290 3048 1556 3109 viventes,
1591 3060 1689 3098 nec
1738 3044 1874 3113 legis
1914 3043 2083 3098 viola-
2113 3047 2155 3104 C

510 3154 676 3208 tores,
713 3142 840 3210 quia
874 3141 1018 3194 sicut
1058 3138 1222 3192 herba
1254 3137 1362 3192 cito
1392 3145 1731 3192 exarescent.

580 3318 857 3375 Salomon.
905 3315 1038 3371 Vide
1099 3331 1166 3370 ne
1219 3329 1510 3382 pravorum
1553 3313 1836 3368 hominum
1893 3315 2090 3369 decora

509 3410 767 3474 asciscas,
804 3423 902 3464 nec
937 3408 1054 3462 vias
1080 3406 1294 3460 illorum
1331 3403 1604 3474 sequaris.

581 3499 742 3570 215
773 3498 1022 3553 l’roverb.
1046 3512 1192 3551 utv.
1214 3493 1336 3561 Fili,
1367 3493 1476 3547 noli
1507 3491 1750 3547 aemulari
1782 3490 2086 3562 improbos,

512 3609 614 3648 nec
670 3608 792 3647 cum
845 3591 952 3644 illis
983 3603 1102 3643 esse
1149 3587 1510 3656 concupiscas
1553 3603 1566 3638 :
1611 3585 1895 3640 mendacia
1944 3585 2088 3640 enim

515 3684 810 3738 meditatur
865 3697 961 3736 cor
1009 3695 1223 3743 eorum,
1265 3685 1319 3732 ct
1372 3677 1654 3732 molestias
1705 3677 1850 3732 labia
1898 3691 2088 3732 eorum

512 3777 638 3847 quu
650 3785 834 3829 untur.
1887 3773 1890 3776 ’

589 3870 666 3925 Ne
691 3870 967 3924 delectare
997 3867 1178 3932 malis,
1221 3881 1322 3921 nec
1353 3864 1635 3934 improbos
1665 3863 1947 3918 :emulare.

586 4046 836 4100 Proverb.
871 4061 947 4099 Iv.
985 4044 1109 4109 Fili,
1141 4061 1206 4097 ne.
1237 4043 1369 4115 legis
1401 4052 1837 4112 contcmptorurn
1867 4044 1983 4098 vias
2009 4058 2094 4099 sc-

514 4152 717 4206 quare;
744 4137 1053 4204 ubicunque
1085 4136 1453 4190 castramctati
1494 4133 1714 4202 fuerint,
1743 4150 1808 4190 eo
1834 4150 1902 4191 ne
1939 4150 2092 4190 acce-

515 4231 637 4292 das,
668 4228 880 4282 declina
931 4227 1053 4280 illos
1095 4234 1149 4280 et
1201 4227 1456 4295 praeteri;
1493 4242 1600 4281 non
1657 4225 1805 4280 enim
1839 4241 2091 4280 somnum

516 4333 708 4388 capere
739 4319 940 4381 solent,
972 4319 1078 4372 nisi
1106 4318 1518 4372 malcl'eeerint:
1553 4321 1829 4373 detractus
1862 4327 1944 4374 est
1982 4317 2090 4372 illis

2185 483 2279 533 καὶ
2316 484 2496 534 καλῶν
2523 485 2719 554 ἔργων.

2253 575 2636 642 Μνημονεύετε
2684 578 2792 630 τῶν
2836 577 3156 646 ἡγουμένων
3190 579 3368 644 ὑμῶν,
3419 579 3617 639 οἵτινες
3644 579 3772 631 ἑλάο

2181 666 2354 733 λησαν
2389 667 2514 734 ὑμῖν
2572 667 2662 720 τὸν
2696 668 2851 735 λόγον
2881 668 2972 722 τοῦ
3003 669 3160 731 Θεοῦ,
3213 663 3286 721 ὧν
3322 668 3768 736 ἀναθεωροῦντες

2182 755 2281 827 τὴν
2319 756 2544 810 ἔκϐασιν
2572 758 2669 825 τῆς
2700 757 3066 827 ἀναστροφῆς,
3107 759 3358 826 μιμεῖσθε
3389 758 3489 826 τὴν
3521 758 3730 810 πίστιν.

2262 848 2559 918 ’Λγαπητὲ,
2597 849 2671 918 μὴ
2704 850 2871 919 μιμοῦ
2902 849 2963 902 τὸ
3021 849 3213 911 κακὸν,
3273 849 3409 902 ἀλλὰ
3443 849 3502 901 τὸ
3540 848 3768 924 ἀγαθόν.

2196 939 2254 994 Ὀ
2280 941 2623 1008 ἀγαθοποιῶν
2675 944 2738 994 ἐκ
2781 939 2877 995 τοῦ
2922 941 3056 996 Θεοῦ
3090 945 3271 1009 ἐστιν,
3304 942 3332 996 ὁ
3362 942 3419 995 δὲ
3451 941 3770 994 κακοποιῶν

2182 1032 2280 1100 οὐχ
2303 1031 2512 1100 ἑώρακε
2544 1031 2634 1084 τὸν
2659 1031 2818 1086 Θεόν.

2270 1123 2334 1176 Ἦ
2373 1123 2603 1192 μίμησις
2646 1121 2922 1185 οἰκείωσις
2949 1123 3087 1189 ἐστι,
3137 1121 3231 1173 καὶ
3260 1119 3524 1174 συνάπτει
3557 1118 3693 1190 πρὸς
3740 1119 3773 1173 ὃ

2189 1215 2444 1285 μιμεῖται
2473 1215 2565 1266 τὸν
2599 1211 2956 1282 μιμούμενον.

2269 1307 2396 1360 Ἐὰν
2419 1306 2534 1377 ἴδῃς
2569 1306 2776 1358 ἐθνικὸν
2815 1306 2930 1372 βίου
2979 1303 3258 1374 σώφρονος
3291 1305 3386 1357 καὶ
3433 1303 3536 1371 τῆς
3570 1301 3769 1370 λοιπῆς

2185 1399 2325 1452 κατὰ
2357 1398 2418 1450 τὸ
2445 1393 2576 1467 ἦθος
2615 1396 2866 1460 εὐταξίας
2897 1397 3330 1466 ἐπιμελούμενον
3382 1396 3548 1448 πλέον
3600 1411 3758 1447 σεαυο

2185 1489 2300 1553 τοῦ,
2362 1490 2422 1541 τὺ
2473 1488 2758 1542 σπουδαῖον
2813 1487 3104 1552 ἐπίτεινον,
3155 1488 3240 1540 ἵνα
3280 1488 3411 1557 γένῃ
3471 1485 3765 1556 παραπλήο

2189 1599 2301 1638 ato:
2365 1585 2430 1652 τῇ
2490 1580 2828 1651 καρποφόρῳ
2883 1583 3062 1650 συκῇ,
3126 1581 3190 1633 ἐκ
3240 1580 3341 1650 τῆς
3392 1581 3501 1632 τῶν
3565 1579 3766 1648 ἀγρίων

2188 1675 2485 1744 παρουσίας
2520 1671 2950 1743 συναθροιζούσῃ
2977 1673 3074 1744 τὴν
3105 1671 3357 1741 δύναμιν,
3392 1670 3489 1724 καὶ
3537 1671 3637 1741 τὴν
3665 1670 3767 1739 μὲν

2187 1766 2344 1837 ῥύσιν
2369 1767 2663 1836 ἐπεχούσῃ,
2699 1763 3120 1832 ἐπιμελέστερον
3155 1763 3210 1816 δὲ
3244 1763 3370 1824 τοὺς
3401 1761 3649 1832 καρποὺς
3671 1761 3760 1813 ἐκ·

2185 1859 2381 1932 τρεφού
2391 1875 2477 1929 σῃ.

2778 1951 2818 2002 Α
2834 1949 3004 2001 οΓοΣ
3034 1947 3171 2015 Ξςσ.

2398 2041 2537 2110 Περὶ
2581 2041 2763 2108 ζήλου
2797 2041 2895 2094 καὶ
2927 2041 3235 2109 μιμήσεως
3262 2035 3559 2105 πονηρᾶςλ

2271 2135 2414 2203 Ἐγὼ
2433 2133 2634 2202 Κύριος
2661 2135 2688 2185 ὀ
2722 2131 2857 2193 Θεὸς
2878 2131 3058 2200 ὑμῶν·
3105 2133 3248 2182 κατὰ
3275 2130 3339 2182 τὰ
3362 2127 3764 2197 ἐπιτηδεύματα

2189 2229 2291 2297 τῆς
2323 2225 2600 2294 Αἰγύπτου
2624 2225 2680 2276 ἐν
2773 2225 3141 2293 παρῳκήσατε
3174 2221 3260 2274 ἐπ’
3289 2220 3482 2289 αὐτῆς,
3514 2220 3573 2270 οὗ
3610 2221 3762 2285 ποιή-

2193 2336 2314 2371 σετε
2336 2335 2348 2349 ·
2374 2316 2469 2370 καὶ
2499 2317 2641 2368 κατὰ
2666 2316 2731 2368 τὰ
2760 2313 3163 2382 ἐπιτηδεύματα
3184 2311 3284 2378 γῆς
3313 2311 3555 2372 Χαναὰν,
3595 2309 3673 2371 εἰς
3698 2308 3760 2378 ἢν

2190 2409 2300 2475 ἐγὼ
2327 2408 2606 2475 εἰσαγάγω
2639 2407 2782 2474 ὑμᾶς
2812 2406 2946 2466 ἐκεῖ,
2989 2404 3051 2456 οὑ
3084 2405 3363 2470 ποιήσετε,
3409 2401 3506 2454 καὶ
3534 2403 3647 2464 τοῖς
3679 2418 3763 2452 νο⁹

2191 2503 2380 2573 μίμοις
2407 2499 2586 2554 αὐτῶν
2621 2500 2680 2552 οὑ
2709 2497 3064 2567 πορεύσεσθε,
3105 2495 3190 2547 ἵνα
3227 2494 3301 2562 μὴ
3347 2491 3681 2563 προσοχθῖσῃ
3723 2492 3755 2560 ἡ

2187 2597 2258 2664 γῆ
2293 2595 2445 2663 ὑμῖν,
2484 2591 2664 2654 καθὼς
2702 2590 3078 2660 προσώχθισεν
3107 2587 3165 2638 ὲν
3197 2587 3309 2648 τοῖς
3343 2584 3675 2654 καθημένοις
3702 2586 3757 2638 ιν

2189 2689 2353 2757 αὐτῇ.

2258 2777 2542 2848 Μακάριος
2577 2772 2734 2844 ἀνὴρ,
2764 2771 2821 2834 ὃς
2849 2771 2946 2824 οὐκ
2967 2768 3236 2840 ἐπορεύθη
3262 2769 3318 2821 ὲν
3338 2768 3506 2840 βουλῇ
3532 2767 3759 2830 ἀσεϐῶν,

2191 2871 2286 2924 καὶ
2318 2871 2374 2922 ἐν
2407 2868 2508 2936 ὁδῴ
2541 2865 2887 2936 ἁμαρτωλῶν
2924 2862 3023 2916 οὐκ
3051 2860 3204 2930 ἔστη,
3242 2862 3336 2913 καὶ
3364 2861 3460 2912 ἐπὶ
3493 2860 3758 2928 καθέδραν

2191 2963 2396 3030 λοιμῶν
2423 2960 2522 3012 οὐκ
2559 2958 2834 3011 ἐκάθισεν.

2259 3055 2350 3122 Μὴ
2371 3050 2690 3121 πλραζήλου
2716 3050 2771 3099 ὲν
2798 3043 3275 3116 πονηρευομένοις,
3297 3043 3431 3112 μηδὲ
3453 3042 3617 3114 ζήλου
3640 3041 3757 3102 τοὺς

2196 3145 2487 3208 ποιοῦντας
2515 3145 2614 3214 τὴν
2645 3141 2899 3212 ἀνομίαν,
2953 3140 3034 3192 ὅτι
3061 3136 3196 3190 ὡσεὶ
3233 3139 3430 3206 χόρτος
3469 3135 3608 3206 ταχὺ
3636 3134 3760 3186 ἁπαν

2196 3237 2648 3310 ξηρανθήσονται.

2264 3329 2354 3396 Μὴ
2384 3311 2561 3398 κτήσῃ
2585 3325 2772 3380 κακῶν
2827 3322 3036 3393 ἀνδρῶν
3092 3321 3291 3392 ὀνείδη,
3323 3319 3463 3392 μηδι
3517 3318 3758 3391 ζηλώσῃς

2192 3420 2294 3482 τὰς
2320 3419 2472 3482 ὀδοὺς
2499 3418 2700 3472 αὐτῶν.

2264 3511 2384 3579 Υἱὲ,
2419 3511 2494 3582 μή
2552 3509 2801 3583 ζηλώσῃς
2840 3509 3041 3572 κακοὺς
3070 3507 3288 3576 ἄνδρας,
3328 3506 3466 3576 μηδὲ
3500 3505 3756 3574 ὲπιθυμήυ

2195 3621 2292 3674 an;
2323 3600 2463 3656 εἶναι
2501 3601 2619 3670 μετ’
2645 3600 2844 3655 αὐτῶν.
2873 3599 3060 3668 Ψευδῆ
3094 3601 3203 3668 γὰρ
3247 3599 3450 3666 μελετᾷ
3479 3599 3514 3668 ἡ
3572 3596 3754 3667 καρδία

2194 3695 2398 3762 αὐτῶν,
2437 3693 2531 3748 καὶ
2561 3692 2757 3756 πόνους
2785 3692 2854 3745 τὰ
2890 3691 3042 3762 χειλη
3068 3691 3248 3743 αὐτῶν
3273 3689 3449 3744 λαλεῖ.

2265 3874 2354 3942 Μὴ
2389 3873 2546 3942 καῖρε
2580 3871 2672 3924 ἐπὶ
2725 3871 2916 3932 κακοῖς
2937 3911 2950 3935 ,
3019 3867 3152 3940 μηδὲ
3203 3867 3456 3938 ζηλώσῃς
3510 3867 3754 3938 ἁμαρτω-

2194 3967 2342 4029 λούς.

2265 4059 2383 4124 Υἱὲ,
2412 4056 2487 4128 μὴ
2523 4055 2771 4126 ζηλώσῃς
2797 4052 2949 4115 ὁδοὺς
2980 4051 3334 4120 παρανόμων⁹
3369 4052 3428 4105 ὲν
3456 4045 3502 4121 ᾧ
3531 4052 3597 4107 ἄν
3615 4052 3749 4118 τόπῳ

2197 4148 2722 4221 στρατοπεδεύσωσι,
2768 4143 2842 4214 μὴ
2889 4143 3129 4213 ἀπέλθῃς
3184 4145 3320 4206 ἐκεῖ,
3378 4141 3627 4197 ἐκκλινον
3670 4145 3749 4196 τ’,ν

2199 4242 2334 4295 πόδα
2362 4259 2454 4294 σου
2485 4240 2581 4293 καὶ
2611 4236 2972 4307 παράλλαξον.
3005 4235 3080 4288 Οὐ
3125 4235 3233 4305 γὰρ
3278 4233 3353 4304 μὴ
3405 4235 3743 4298 ὑπνώσουσιν,

2199 4330 2294 4384 ἐὰν
2321 4329 2397 4399 μὴ
2429 4328 2892 4395 κακοποιήσωσιν.
2949 4323 3252 4394 Ἀφῄρηται
3291 4327 3319 4376 ὁ
3353 4322 3527 4385 fimo;
3555 4323 3745 4385 αὐτῶν,

517 4426 764 4474 somnus,
799 4425 900 4466 nec
928 4410 1239 4480 dormiunt.
1276 4409 1372 4464 Isti
1416 4410 1563 4464 enim
1611 4410 1748 4465 cibis
1792 4409 2088 4480 impietatis

2202 4422 2291 4475 καὶ
2314 4420 2374 4472 οὐ
2402 4417 2724 4488 κοιμῶνται.
2755 4416 2877 4469 Οἵδε
2907 4415 3014 4483 γὰρ
3042 4413 3318 4469 σιτοῦνται
3345 4414 3473 4467 σῖτα
3491 4413 3744 4474 ἀσεϐείας,

516 4505 759 4569 aluntur,
790 4513 843 4558 et
874 4504 997 4558 vino
1031 4501 1337 4572 iniquitatis
1369 4501 1736 4556 incbriantur.

588 4597 883 4668 lmpiorum
908 4597 1025 4652 vias
1057 4611 1124 4651 ne
1153 4594 1492 4666 ingrediaris,
1539 4609 1637 4648 nec
1667 4593 1914 4664 cxlegum
1947 4593 2089 4648 viam

514 4703 748 4762 quieras.

591 4782 755 4840 Ecrli.
788 4780 907 4835 Noli
939 4779 1180 4833 :cmulari
1214 4779 1438 4848 gloriam
1470 4778 1861 4834 sceleratorum
1895 4792 1910 4832 ;
1938 4774 2092 4844 igno-

519 4875 781 4938 rna'enim
816 4873 945 4943 quid
980 4871 1157 4926 exitus
1191 4870 1434 4940 ipsorum
1471 4870 1628 4924 lerat.

589 4967 764 5022 Calnl.
795 4981 868 5019 ιν.
901 4964 1129 5032 Semper
1159 4962 1316 5017 decet
1347 4961 1593 5015 aemulari
1635 4960 1885 5014 honesta.

593 5057 654 5111 S.
685 5057 896 5113 Basilii.
928 5056 1118 5127 Fugite
1144 5055 1476 5111 imitationes
1505 5053 2020 5108 condemnatorum.

593 5148 854 5217 Theologi.
888 5150 1007 5204 Noli
1048 5147 1348 5218 quidquam
1377 5145 1620 5201 aemulari
1670 5159 1859 5200 eorum
1891 5142 2094 5213 quibus

519 5256 626 5295 non
661 5243 950 5307 invidetur,
975 5245 1067 5298 sed
1107 5242 1199 5311 qui
1228 5242 1354 5297 odio
1394 5240 1685 5295 habentur.

589 5329 709 5385 Noli
745 5332 984 5400 cogitare
1011 5343 1062 5388 te
1094 5335 1251 5390 malis
1284 5333 1456 5388 videri
1503 5329 1954 5402 praestantiorem,
1993 5325 2086 5383 se:l

519 5425 736 5482 tristarc
768 5422 913 5495 quod
943 5422 1018 5478 sis
1047 5423 1204 5480 bonis
1234 5423 1484 5481 inferior.

2196 4511 2324 4581 οϊνῳ
2365 4509 2422 4563 δὲ
2450 4510 2751 4578 παρανόμῳ
2783 4506 3163 4577 μεθύσκονται.

2278 4601 2462 4664 Ὀδοὺς
2485 4599 2699 4654 ἀσεῦῶν
2733 4599 2807 4668 μὴ
2853 4596 3107 4668 ὲπέλθῃς,
3142 4593 3277 4666 μηδὲ
3321 4590 3570 4664 ζητήσῃς
3613 4589 3746 4649 ὁδοὺς

2197 4694 2550 4764 παρανόμων.

2270 4783 2363 4855 Μὴ
2394 4783 2644 4854 ζηλώσῃς
2675 4782 2832 4848 δόξαν
2861 4779 3220 4851 ἁμαρτωλῶν.
3283 4780 3361 4832 οὐ
3392 4779 3505 4849 γὰρ
3545 4773 3681 4833 οἶδας
3703 4766 3748 4820 τί

2197 4872 2406 4938 τέξεται
2434 4875 2466 4943 ὴ
2498 4870 2851 4941 καταστροφὴ
2897 4869 3097 4922 αὐτῶν.

2267 4964 2446 5017 Καλὸν
2473 4963 2532 5016 τὸ
2560 4961 2851 5032 ζηλοῦσθαι
2883 4963 2941 5013 ἐν
2970 4961 3120 5029 καλῷ
3153 4958 3407 5012 πάντοτε.

2264 5055 2497 5124 Φεύγετε
2526 5055 2626 5118 τὰς
2658 5054 2920 5125 μιμήσεις
2969 5051 3076 5104 τῶν
3103 5049 3591 5118 κατεγνωσμένων.

2266 5147 2358 5216 Μὴ
2387 5147 2636 5217 ζηλώσῃς
2666 5163 2716 5198 τι
2750 5145 2859 5199 τῶν
2889 5144 2949 5198 οὐ
2982 5141 3384 5212 φθονουμένων,
3419 5139 3555 5192 ἀλλὰ
3580 5152 3749 5208 μισου-

2202 5239 2400 5308 μένων.
3052 5229 3054 5233 ’

2271 5331 2364 5402 Μὴ
2394 5332 2579 5402 φρόνει
2604 5329 2711 5384 τῶν
2747 5327 2934 5383 κακῶν
2965 5326 3252 5397 φαίνεσθαι
3282 5327 3566 5399 κρείττων
3591 5318 3753 5379 λυποῦ

2197 5425 2254 5478 δὲ
2282 5425 2392 5480 τῶν
2417 5423 2640 5495 ἀγαθῶν
2681 5420 3012 5495 ἡττώμενος.
