4004 6252
331 338 464 407 1161

997 339 1170 408 LOCI
1210 346 1644 408 COMMUNES.
1687 369 1752 380 -
1791 342 1986 404 PARS
2028 344 2108 406 II.
2149 343 2406 404 SERMO
2454 343 2720 404 LXVIII.

3427 339 3562 408 me
3621 295 3627 302 ’

1639 457 1872 517 SERMO
1903 457 2090 515 van
2119 459 2217 532 (ι).

1282 559 1357 612 De
1385 558 1668 618 charitate,
1703 570 1851 622 pace,
1881 552 2159 608 concordia
2189 558 2237 606 et
2263 551 2520 621 paciﬁcis.

886 677 1108 733 ΛΟΓΟΣ
1145 679 1270 735 ειν.

289 763 433 836 Περὶ
463 768 689 838 μίσους
719 773 816 828 καί
871 771 1094 898 ἕχθρὲις
1141 775 1243 828 καί
1291 774 1409 829 τῶν
1439 776 1636 844 μάχας
1686 789 1872 828 συνα-

934 861 1012 898 πτ
1052 863 1232 898 ντων.

934 861 1232 900 πτοντων.

371 932 718 990 Ἀπέστειλεν
749 937 960 1007 Ἰεφθάε
995 940 1260 1008 ἀγγέλους
1310 941 1446 1008 πρὸς
1481 939 1707 1008 βασιλέα
1738 938 1870 992 υἱῶν

303 1022 551 1093 Ἀμμὼν,
611 1027 802 1096 λέγων,
850 1029 915 1083 Τί
963 1029 1086 1100 ἐμοὶ
1129 1033 1224 1085 καὶ
1289 1031 1393 1095 σοὶ,
1450 1032 1533 1085 ὅτι
1579 1031 1736 1102 ἥκεις
1781 1031 1870 1086 ἐπ’

289 1115 412 1183 ἐμὲ,
445 1116 756 1188 πολεμῆσαί
795 1138 864 1190 με
895 1123 955 1175 ἐν
997 1125 1066 1192 τῇ
1100 1125 1172 1194 γῇ
1206 1140 1351 1190 μου;
1409 1123 1518 1190 ἐγὼ
1546 1123 1644 1194 οὐχ
1682 1124 1868 1193 ἦμαρ-

285 1207 380 1259 τόν
404 1225 511 1274 σοι,
546 1213 640 1264 καὶ
672 1211 736 1264 σὺ
767 1213 942 1276 ποιεῖς
964 1214 1081 1282 μετ’
1114 1214 1247 1284 ἐμοῦ
1287 1214 1554 1286 πονηρίαν
1581 1213 1675 1268 τοῦ
1708 1213 1870 1270 πολε-

287 1299 464 1368 μῆσαι
493 1303 550 1354 ἐν
580 1302 721 1370 ἐμοί.
761 1305 960 1373 Κρίναι
993 1307 1197 1377 Κύριος
1235 1310 1263 1360 ὁ
1313 1309 1535 1376 κρίνων,
1572 1309 1678 1362 ἀνὰ
1708 1307 1871 1377 μέσον

288 1392 424 1444 υἱῶν
472 1394 713 1464 Ἰσραὴλ,
767 1399 865 1449 καὶ
907 1398 1012 1452 ἀνὰ
1063 1399 1227 1467 μέσον
1272 1400 1403 1453 υἱῶν
1449 1399 1700 1470 ’Δμμὼν.
1759 1401 1871 1455 Καὶ

284 1483 387 1536 οὐκ
443 1487 733 1558 είσήκουσε
793 1491 1044 1560 βασιλεὺς
1075 1494 1209 1548 υἱῶν
1244 1495 1476 1565 Ἀμμὼν
1525 1496 1635 1550 τῶν
1691 1494 1869 1562 λόγων

299 1568 532 1656 Ἰεφθάε,
558 1567 634 1628 ὧν
656 1578 947 1632 ἀπέστειλε
981 1581 1120 1652 πρὸς
1149 1583 1330 1649 αὐτὸν,
1367 1585 1459 1638 καὶ
1486 1584 1752 1656 ἐγεννήθη
1775 1585 1868 1640 ἐπὶ

297 1655 508 1728 Ἰεφθάε
537 1664 760 1735 Πνεῦμα
789 1668 1022 1738 Κυρίου,
1070 1672 1165 1724 καὶ
1193 1672 1344 1743 διέϐη
1377 1675 1513 1743 πρὸς
1542 1655 1676 1738 τοὺς
1715 1675 1867 1736 υἱοὺς

297 1751 546 1822 Ἄμμων,
573 1755 669 1810 τοῦ
693 1759 1005 1830 πολεμῆσαι
1033 1763 1252 1828 αὐτούς.
1284 1765 1394 1818 Καὶ
1425 1767 1740 1836 παρέδωκεν
1764 1767 1868 1822 αὐ-

283 1844 412 1908 τοὺς
447 1847 652 1918 Κύριος
681 1853 740 1904 ἐν
769 1854 916 1925 χειρὶ
962 1856 1132 1910 αὐτοῦ
1153 1901 1167 1923 ,
1202 1861 1297 1913 καὶ
1349 1861 1618 1927 ἐπάταξεν
1648 1864 1730 1926 εἱς
1764 1863 1866 1917 αὖ-

282 1935 414 1998 τοὺς
443 1938 615 1993 εἰκοσι
640 1941 846 2010 πόλεις,
881 1946 974 1999 καὶ
995 1946 1376 2019 ὲνετράπησαν
1408 1952 1456 2003 οἱ
1483 1951 1592 2004 υἱοὶ
1632 1952 1866 2023 Ἀμμὼν

282 2026 395 2080 ἀπὸ
422 2029 714 2098 προσώπου
743 2035 873 2088 υἱῶν
902 2037 1146 2107 Ἰσραήλ.

361 2120 576 2177 Παῦσαι
619 2123 729 2179 ἀπὸ
779 2126 1102 2212 ὀργῆςηκαὶ
1133 2132 1471 2198 ἐγκατάλιπε
1527 2133 1700 2203 θυμόν
1729 2147 1745 2165 ⁸
1790 2135 1898 2206 μὴ·

283 2211 608 2282 παραζήλου
639 2215 781 2270 ὥστε
810 2211 1210 2292 πονηρεύεσθαι
1235 2241 1248 2254 ο
1280 2225 1363 2278 ὅτι
1393 2226 1444 2277 οἱ
1487 2228 1866 2297 πονηρευόμε-

282 2318 366 2356 νοι
401 2303 969 2381 ἐξολοθρευθήσονται.
1634 2335 1640 2340 ‘

353 2399 759 2470 Διασκόρπισον
793 2405 922 2475 ἔθνη
962 2409 1030 2461 τὰ
1062 2409 1190 2472 τοὺς
1221 2391 1504 2481 πολέμους
1543 2411 1808 2478 θέλοντα.,

353 2490 528 2554 Μῖσος
563 2493 770 2562 ἐγείρει
799 2499 998 2559 νεῖκος.

352 2575 428 2636 Οῦ
449 2583 545 2637 ἐὰν
578 2586 794 2658 εἰσέλθῃ
830 2587 1008 2661 ὕϐρις,
1034 2592 1150 2646 ἐκεῖ
1173 2593 1267 2647 καὶ
1297 2595 1510 2664 ἀτιμία.

353 2762 517 2836 ’Δνὴρ
554 2765 812 2837 θυμώδης
843 2771 1259 2841 παρασκευάζει
1289 2773 1494 2843 μάχας.

350 2852 686 2925 Ἀντιλογίας
717 2859 922 2929 ἐγείρει
950 2865 1059 2925 πᾶς
1089 2863 1256 2927 κακός
1276 2881 1293 2899 ο
1325 2865 1354 2917 ὁ
1384 2864 1440 2918 δὲ
1474 2865 1679 2936 Κύριος
1698 2865 1868 2936 ἄγγε-

274 2944 370 2999 λον
401 2947 741 3020 ἀνελεήμονα
771 2954 1050 3024 ἐκπέμπει
1077 2955 1247 3026 αὐτῷ-
1505 2941 1514 2956 δ’

354 3040 806 3115 Φιλαμαρτήμων
826 3047 1008 3117 χαίρει
1040 3049 1266 3119 μάχαις.

346 3131 521 3201 Λόγος
546 3135 794 3208 λυπηρὸς
819 3139 1023 3209 ἐγείρει
1050 3141 1242 3210 ὀργάς.

349 3225 442 3288 Μὴ
470 3226 723 3299 ἐπίχαιρε
770 3231 867 3285 καὶ
902 3233 1218 3301 πρόσπιπτε
1272 3236 1354 3298 εἱς
1384 3235 1566 3308 μάχην
1618 3235 1860 3308 ταχέως,

277 3319 369 3373 ἵνα
397 3320 474 3391 μὴ
500 3322 885 3393 μεταμεληθῇς
912 3323 1001 3377 ἐπ’
1027 3325 1278 3396 ἐσχάτων
1303 3344 1421 3381 σου.

1898 685 1945 740 Α

2117 673 2473 744 216-218
2509 669 2740 727 SERMO
2769 669 2974 728 LXVIII
3013 670 3110 743 [αί.
3139 667 3393 740 LXXVI].

2084 767 2162 822 De
2188 766 2310 821 odio
2339 775 2389 821 et
2435 766 2752 832 inimicitiis,
2784 774 2833 819 et
2887 781 3092 836 pugnas
3137 765 3454 820 actentibus.

2045 935 2229 1000 Judic.
2258 960 2319 1000 ll.
2346 941 2580 1014 Jephtha
2628 945 2851 1000 nuntios
2900 943 3051 998 misit
3089 943 3154 998 ad
3211 957 3388 1012 regem
3420 943 3558 997 Am-

1973 1037 2327 1100 monitarum,
2360 1050 2487 1091 cum
2543 1035 2859 1105 huiusmodi
2911 1034 3184 1091 mandatis
3219 1051 3237 1090 :
3269 1034 3412 1101 Quid
3459 1034 3556 1090 t'rbi

1973 1144 2185 1186 mecum
2230 1129 2307 1185 rei
2355 1135 2462 1192 est,
2505 1128 2653 1198 quod
2705 1127 2862 1184 venis
2913 1129 2970 1182 in
3023 1130 3159 1184 ﬁnes
3211 1127 3328 1197 agri
3376 1126 3557 1182 nostri

1973 1221 2271 1278 bellatum?
2298 1221 2437 1276 nihil
2470 1222 2523 1276 in
2559 1230 2608 1274 te
2642 1220 2884 1290 peccavi,
2963 1232 3016 1274 et
3050 1229 3106 1274 tu
3137 1234 3352 1275 mecum
3396 1217 3560 1272 mali-

1971 1313 2109 1369 tiose
2130 1313 2272 1381 agis,
2338 1313 2433 1382 qui
2475 1313 2610 1366 mihi
2643 1312 2843 1367 bellum
2890 1309 3080 1364 infers.
3124 1307 3341 1364 Judicet
3371 1307 3556 1362 Domi-

1970 1421 2078 1461 nus
2114 1405 2182 1460 de
2216 1419 2382 1460 causa
2427 1404 2801 1460 lsraelitarum
2852 1409 2908 1457 et
2935 1401 3398 1465 Ammonitarum.
3439 1398 3557 1454 Rex

1973 1504 2154 1550 autem
2237 1494 2676 1550 Ammoitarum
2765 1507 2876 1548 non
2962 1490 3240 1561 acquievit
3318 1487 3555 1546 orationi

1967 1582 2239 1654 Jepbthae,
2262 1601 2371 1654 qua
2423 1601 2522 1654 per
2547 1584 2770 1639 nuntios
2798 1583 2943 1652 apud
2979 1583 3130 1636 illum
3163 1595 3296 1637 usus
3321 1588 3439 1640 erat
3460 1596 3474 1633 :
3499 1587 3558 1634 et

1969 1678 2237 1748 corripuit
2281 1675 2575 1748 Jcphtham
2613 1677 2854 1748 Spiritus
2890 1677 3198 1743 Domini,et
3228 1688 3554 1746 progressus

1968 1778 2052 1824 est
2091 1768 2158 1822 ad
2188 1768 2388 1824 bellum
2436 1770 2779 1830 inferendum
2815 1771 2942 1826 ﬁliis
2964 1769 3267 1834 Ammonis,
3303 1765 3554 1822 tradidit-

1968 1877 2075 1932 que
2100 1877 2198 1917 eos
2228 1862 2492 1918 Dominus
2527 1863 2583 1916 in
2631 1877 2831 1919 manus
2867 1863 2940 1928 ei,
2975 1861 3322 1930 vastavitque
3359 1857 3555 1929 viginti

1969 1955 2132 2012 urbes
2161 1973 2177 2012 :
2213 1965 2270 2012 et
2296 1955 2625 2012 Ammanitae
2657 1955 2964 2012 timuerunt
2999 1953 3298 2012 lsraelitas.

2039 2136 2237 2192 David.
2259 2135 2401 2192 Seda
2433 2134 2795 2202 iracundiam,
2821 2142 2877 2190 et
2907 2132 3045 2188 iram
3083 2132 3302 2196 omitte;
3339 2128 3446 2184 noli
3479 2127 3556 2182 ita

1969 2229 2215 2284 aemulari
2259 2237 2320 2283 ut
2351 2229 2601 2298 improbe
2640 2241 2814 2297 agas:
2845 2225 2975 2296 quia
3028 2223 3262 2296 improbi
3307 2219 3556 2276 funditus

1969 2321 2248 2391 peribunt.

2042 2411 2301 2480 Disperge
2333 2420 2670 2481 gentes.qu
2701 2411 2844 2467 bella
2876 2410 3093 2467 volunt.

2041 2502 2239 2559 Odium
2267 2501 2469 2557 excitat
2491 2501 2919 2557 contentionem.
3203 2565 3208 2570 α

2040 2595 2380 2667 Quocunque
2411 2593 2656 2663 ingressa
2696 2593 2868 2649 fuerit
2899 2591 3260 2657 contumelia,
3292 2603 3360 2645 eo
3389 2585 3552 2644 etiam

1969 2687 2289 2757 ignominia.

2047 2776 2134 2835 Vir
2166 2778 2469 2835 iracundus
2503 2784 2776 2850 praeparat
2813 2791 3044 2848 pugnas.

2035 2871 2514 2927 Contradictiones
2545 2871 2752 2927 excitat
2791 2869 2974 2924 omnis
3026 2866 3203 2924 malus
3232 2884 3248 2922 :
3281 2864 3552 2922 Dominus

1968 2973 2147 3020 autem
2181 2963 2260 3017 illi
2290 2964 2470 3017 mittet
2500 2963 2749 3031 angelum
2776 2958 3300 3016 immisericordem.

2037 3056 2304 3111 Peccandi
2336 3056 2568 3124 cupidus
2599 3053 2798 3124 pugnis
2828 3051 3052 3122 gaudet.

2037 3147 2266 3203 Molesta
2295 3147 2474 3202 oratio
2497 3147 2705 3202 excitat
2739 3160 2871 3202 was.

2035 3239 2116 3296 Ne
2170 3240 2400 3296 insultes
2432 3248 2527 3295 aut
2565 3240 2744 3295 irruas
2792 3240 2846 3294 in
2890 3237 3142 3310 praelium
3186 3241 3321 3308 cito,
3372 3255 3442 3297 ne
3483 3241 3554 3296 ad

1966 3341 2274 3390 extremum
2316 3342 2368 3387 te
2400 3333 2523 3402 ejus
2553 3334 2837 3402 paeniteat.

347 3413 577 3484 Σίδηρος
613 3415 834 3487 σίδηρον
863 3416 1076 3482 ὀξύνει·
1109 3419 1252 3489 ἀνὴρ
1274 3421 1332 3475 δὲ
1364 3421 1662 3490 παροξύνει
1687 3422 1861 3492 πράσα

2042 3427 2108 3482 Ul
2141 3425 2349 3481 ferrum
2386 3425 2536 3481 acuit
2579 3424 2808 3493 ferrum,
2846 3423 2928 3481 sic
2963 3425 3130 3481 homo
3166 3410 3444 3481 hominem
3477 3426 3554 3480 ir-

273 3521 429 3570 ωπφν
455 3506 668 3576 ἐτέρου.

347 3595 440 3664 Μὴ
468 3595 860 3668 φιλεχθρήσεις
888 3598 1028 3668 πρὸς
1072 3597 1358 3668 ἄνθρωπον
1405 3592 1609 3672 μάτην.
1659 3603 1749 3658 ἵνα
1785 3605 1862 3675 μή

272 3702 329 3741 τι
363 3687 443 3749 εἱς
475 3687 535 3740 σέ
573 3689 879 3759 ἐργάσηται
923 3689 1112 3745 κακόν.

349 3777 676 3850 Σύντριμμα
720 3781 818 3834 xal.
863 3781 1209 3852 ταλαιπωρία
1244 3786 1304 3838 ἐν
1335 3788 1456 3850 ταῖς
1489 3787 1629 3851 ὁδοῖς
1657 3787 1859 3853 αὐτῶν,

271 3871 372 3926 καὶ
395 3873 514 3926 ὁδὸν
542 3875 768 3945 εἰρήνης
794 3877 896 3929 οὐκ
931 3875 1198 3944 ἔγνωσαν,
1252 3879 1347 3932 καὶ
1372 3880 1473 3932 οὐκ
1519 3879 1635 3932 ἐστι
1679 3879 1862 3949 κρίσις

271 3965 335 4018 ἐν
360 3967 476 4028 ταῖς
496 3968 634 4032 ὁδοῖς
656 3967 857 4024 αὐτῶν.
892 3971 958 4024 Αἱ
985 3972 1095 4041 γὰρ
1124 3971 1304 4042 τρίὸοι
1329 3971 1512 4026 αὐτῶν
1563 3973 1861 4044 διεστραμ-

275 4059 440 4130 μέναι
465 4059 532 4122 ἃς
561 4059 828 4127 ὁδεύουσι,
857 4064 954 4117 καὶ
986 4067 1088 4117 οὐκ
1120 4066 1327 4120 οἴδασιν
1373 4067 1648 4138 εἰρήνην.’

351 4150 465 4211 Πᾶς
491 4153 518 4204 ὁ
562 4147 712 4214 οἱκος
745 4153 966 4226 Ἰσραὴλ
1009 4155 1310 4225 φιλόνεικοι
1367 4159 1465 4213 καὶ
1516 4159 1863 4232 σκληροκάρο

273 4241 400 4297 διοι.

345 4333 515 4405 ’Δνὴρ
546 4335 872 4406 ἁμαρτωλὸς
900 4340 1194 4409 παροξύνει
1232 4342 1441 4408 φίλους,
1474 4346 1571 4398 καὶ
1615 4345 1720 4399 ἀνὰ
1762 4345 1863 4416 μὲ-

275 4442 371 4479 σον
403 4427 798 4498 εἱρηνευόντων
830 4429 1014 4499 βάλλει
1036 4432 1314 4502 διαϐολήν.

352 4515 512 4584 Ἔρις
558 4520 1054 4591 κατασπευδομένη
1105 4525 1320 4576 ἐκκαίει
1384 4524 1518 4596 πῦρ,
1569 4526 1664 4580 καὶ
1711 4527 1860 4598 μάχη

272 4610 767 4681 κατασπευδομένη
801 4612 982 4679 ἐκχέει
1024 4609 1184 4681 αἷμα.

351 4704 506 4758 Πᾶσα
538 4703 808 4774 βασιλεία,
848 4707 1170 4776 μερισθεῖσα
1195 4708 1319 4761 καθ’
1369 4709 1594 4778 ἑαυτὴν,
1618 4711 1859 4780 ἐρημοῦ-

271 4811 368 4848 ται
387 4807 400 4822 ·
428 4794 522 4847 καὶ
557 4797 704 4849 πᾶσι
740 4797 895 4860 πόλις
927 4797 1020 4851 καὶ
1042 4798 1210 4862 οἰκία,
1241 4798 1566 4869 μερισθεῖσα
1589 4801 1714 4854 καθ’
1742 4803 1863 4855 ἐαυ·

273 4889 400 4960 τὴν,
427 4888 486 4942 οὐ
521 4889 830 4948 καθίσεται.

348 4981 451 5033 Διὰ
494 4979 557 5032 τὸ
613 4982 992 5053 πληθυνθῆναι
1039 4985 1139 5055 τὴν
1184 4985 1420 5054 ἀνομίαν
1471 4984 1781 5056 ψυγήσεται
1829 4987 1863 5057 ἡ

272 5073 466 5143 ἀγάπη
492 5073 602 5126 τῶν
643 5075 880 5129 πολλῶν.

347 5166 416 5219 Et
441 5183 526 5231 τις
546 5167 695 5222 δοκεῖ
719 5168 1022 5237 φιλόνεικος
1051 5165 1213 5235 εἶναι,
1235 5171 1394 5241 ἡμεῖς
1411 5170 1673 5240 τοιαύτην
1701 5173 1864 5244 συνή-

272 5262 431 5316 θειαν
461 5261 561 5313 οὐκ
583 5261 800 5340 ἔχομεν,
830 5261 950 5314 οὐδὲ
983 5263 1274 5332 ἐκκλησίαι
1309 5263 1402 5317 τοῦ
1429 5264 1589 5317 Θεοῦ.

361 5451 420 5506 '0
455 5453 746 5521 ταράσσων
810 5450 955 5521 ὑμᾶς
1013 5448 1174 5513 αὐτὸς
1233 5449 1495 5519 βαστάσει
1552 5447 1613 5502 τὸ
1661 5447 1862 5518 κρίμα,

269 5549 424 5611 ὅστις
453 5546 519 5601 ἂν

347 5693 424 5763 (l)
457 5691 651 5763 Sermo
697 5685 797 5741 iste
831 5686 966 5763 nihil
1000 5684 1112 5763 fere
1162 5685 1576 5763 continet_qur_)d
1632 5700 1738 5738 non
1776 5685 1851 5740 le-

271 5755 434 5833 gatur
467 5762 519 5833 in
553 5772 803 5833 sermone
827 5756 897 5833 26
937 5755 1340 5833 partisprimac,
1379 5755 1616 5833 ejusdem
1642 5764 1726 5810 est
1766 5770 1852 5810 ar-

273 5823 546 5914 gumenti,
579 5829 653 5882 De
690 5828 952 5880 charitate
1004 5823 1212 5881 scilicet
1242 5839 1334 5878 seu
1364 5823 1662 5892 dilectione,
1693 5842 1842 5896 pace,

594 5925 865 5986 PATROL.
918 5923 1016 5984 Gn
1091 5920 1436 5985 CXXXVI.

1919 3579 1923 3582 λ
1965 3519 2117 3574 ritat.

2033 3608 2152 3666 Noli
2193 3611 2318 3668 sine
2340 3625 2505 3668 causa
2541 3608 2863 3666 inimicitias
2893 3621 3018 3664 cum
3048 3622 3326 3680 quoquam
3373 3610 3553 3666 susci-

1963 3717 2114 3774 pere,
2151 3718 2222 3757 ne
2250 3703 2380 3773 quid
2414 3702 2470 3756 in
2499 3712 2553 3758 te
2581 3702 2704 3756 mali
2733 3702 3027 3772 excogitet.

2034 3794 2149 3849 Ira.
2197 3810 2310 3850 nx.
2343 3793 2616 3849 Contritio
2676 3803 2732 3849 et
2778 3794 3002 3849 miseria
3054 3794 3110 3848 in
3168 3795 3274 3849 viis
3327 3809 3544 3857 eorum,

1962 3901 2068 3943 nec
2099 3887 2241 3942 viam
2280 3885 2432 3956 pacis
2463 3892 2691 3951 norunt,
2720 3900 2822 3940 nec
2851 3893 2936 3942 est
2985 3885 3042 3939 in
3081 3885 3187 3940 viis
3243 3900 3438 3940 eorum
3465 3887 3554 3954 ju-

1965 3979 2208 4045 dicium;
2247 3980 2349 4033 viae
2377 3978 2523 4033 enim
2556 3992 2697 4048 quas
2727 3977 3136 4060 ingrediuntur,
3175 3991 3359 4047 prava:
3396 3986 3548 4042 sunt,

1965 4087 2072 4132 nec
2095 4087 2282 4142 pacem
2314 4079 2609 4127 noverunt.

2034 4165 2232 4220 Ezech.
2265 4163 2400 4219 Tota
2467 4162 2676 4218 familia
2723 4163 3022 4220 Israelitica
3069 4178 3137 4219 ex
3192 4159 3552 4218 contentiosis

1963 4257 2129 4327 219
2159 4271 2213 4312 et
2243 4257 2623 4327 pervicacibus
2655 4265 2891 4312 constat.

2033 4349 2323 4418 Improbus
2353 4349 2649 4404 exacerbat
2677 4349 2908 4413 amicos,
2943 4355 3000 4404 et
3028 4355 3173 4402 mter
3198 4343 3549 4401 concorditer

1963 4443 2212 4497 viventes
2242 4442 2416 4512 injicit
2443 4442 2796 4497 calumniam.

2042 4532 2210 4586 Eccli.
2247 4549 2436 4588 xxvm.
2464 4532 2756 4586 Cnntentio
2802 4530 3058 4585 festinata
3104 4529 3306 4586 emittit
3341 4529 3544 4598 ignem,

1966 4633 2020 4679 et
2051 4639 2230 4694 pugna
2259 4625 2558 4678 accelerata
2591 4620 3200 4688 eliunditsanguinem.

2040 4713 2237 4767 Matth.
2267 4727 2365 4766 xu.
2411 4709 2586 4766 Omne
2637 4724 2868 4780 regnum
2907 4722 3097 4765 secum
3145 4706 3421 4762 dissidens
3449 4707 3549 4761 de«

1967 4803 2198 4867 solatur,
2253 4802 2495 4870 itemque
2531 4799 2728 4854 civitas
2784 4799 2965 4855 omnis
3005 4812 3070 4853 ac
3113 4795 3320 4851 familia
3374 4797 3550 4852 divisa

1964 4895 2229 4949 adversus
2264 4894 2522 4962 seipsam,
2557 4909 2664 4950 non
2699 4891 2891 4946 stabit.

2035 4987 2173 5052 Quia
2203 4986 2650 5056 multiplicabitur
2678 4985 2964 5056 iniquitas,
2997 4984 3255 5055 frigescet
3286 4982 3531 5038 cbaritas

1968 5079 2292 5134 multorum.

2040 5175 2069 5231 1
2089 5174 2214 5230 Cor.
2246 5189 2323 5229 xl.
2356 5172 2411 5227 Si
2437 5171 2562 5242 quis
2603 5171 2821 5226 videtur
2852 5171 3233 5227 contentiosus
3269 5187 3415 5237 esse,
3445 5185 3548 5227 nos

1971 5269 2135 5322 talem
2171 5263 2626 5322 consuetudinem
2678 5277 2785 5317 non
2839 5263 3124 5329 habemus,
3157 5281 3257 5320 nec
3302 5265 3547 5320 ecclesia:

1967 5361 2086 5416 Dei.

2036 5453 2138 5519 Qui
2171 5453 2461 5508 conturbat
2517 5465 2638 5518 vos,
2669 5447 3080 5504 damnationem
3137 5447 3396 5519 portabit,
3424 5444 3544 5513 qui.-

1963 5561 2177 5618 cunque
2206 5548 2298 5603 sit.

1955 5687 2233 5741 concordia
2259 5694 2308 5740 el
2336 5685 2589 5756 paciﬁcis.
2627 5685 2796 5758 Igitur
2821 5701 2884 5741 ex
2918 5682 3132 5738 duobus
3174 5692 3346 5734 unum
3407 5679 3540 5735 feci-

1953 5773 2096 5813 ntus.

3112 5887 3284 5968 37‘
