4004 6252
359 325 384 388 1
401 325 504 390 165

1179 327 1354 390 LOCI
1392 327 1836 393 COMMUNES.
1858 353 1932 366 -
1971 329 2167 393 PARS
2207 329 2295 394 Il.
2329 331 2592 395 SERMO
2627 333 2836 397 LXIX.

3507 333 3642 400 l166
3689 278 3695 284 .

436 439 498 495 '0
527 441 834 498 διαϐάλλων
857 443 951 499 τὸν
996 444 1230 515 πλησίον
1274 444 1443 502 αὑτοῦ
1494 447 1760 516 ἀδελφικὰ
1805 463 1945 518 κρεα
1975 460 2004 520 Α

2123 449 2186 508 S.
2212 449 2490 520 Chrysosl.
2521 450 2624 518 Qui
2665 451 2888 508 fratrem
2932 466 3093 508 suum
3141 451 3486 521 criminatur,
3528 453 3644 510 fra-

359 532 588 604 ἔφαγεν,
640 535 916 606 ὑπόληψιν
947 537 1193 608 τρώσας,
1233 538 1327 595 καὶ
1360 539 1534 610 μυρία
1588 540 1754 612 ἔτερα
1786 542 1952 612 ιργα-

361 624 596 696 σάμενος
617 625 708 680 διὰ
745 627 838 683 τοῦ
866 628 1027 696 λόγου
1068 631 1231 684 κακά.

435 717 652 789 Ὥσπερ
715 718 778 773 se
831 721 1020 785 καλῶς
1042 721 1230 791 λέγειν
1250 725 1345 778 καὶ
1379 724 1752 795 δγκωμιάζειν
1803 725 1950 799 ἀρχὴ

361 809 546 878 φιλίας
575 812 752 878 ἐστὶν,
811 811 956 866 οὕτω
981 813 1044 868 τὸ
1071 817 1262 879 κακῶς
1291 813 1594 884 λέγεινκαὶ
1643 814 1952 872 διαϐάλλειν

364 901 568 972 ἔχθρας
593 903 692 957 καὶ
720 904 1026 975 ἀπεχθείας
1049 907 1147 961 καὶ
1182 907 1398 981 μυρίων
1428 907 1618 962 κακῶν
1668 908 1811 981 ἀρχὴ
1855 910 1954 963 καὶ

364 993 627 1058 ὑπόθεσις
676 995 925 1064 γέγονεν.

439 1087 538 1140 Ἂν
571 1088 670 1158 μὲν
700 1089 942 1164 ὀνειδίσῄ
981 1109 1046 1147 σε
1080 1094 1113 1148 ό
1137 1093 1335 1166 ἐχθρὸς
1359 1095 1690 1168 ἁμάρτημα,
1719 1097 1749 1151 ὃ
1795 1113 1956 1151 σεαυ-

366 1177 447 1248 τῷ
475 1178 746 1248 σύνοιδας,
809 1183 876 1238 σὺ
907 1185 966 1237 δὲ
997 1185 1264 1252 ἀκούσας,
1306 1187 1518 1242 ἐκεῖνον
1553 1189 1654 1254 μιν
1692 1188 1768 1258 μὴ
1802 1186 1958 1258 ὑδρί-

345 1287 496 1342 αις,
527 1273 794 1346 στενάξῃς
817 1276 876 1331 δὲ
906 1278 1130 1349 πικρδν,
1171 1283 1268 1336 καὶ
1311 1279 1406 1335 τὸν
1462 1279 1600 1336 Θεδν
1641 1280 1958 1352 παρακαλε-

375 1379 502 1436 σῃς,
532 1365 744 1430 εὐθέως
773 1367 984 1423 ἀπέθου
1015 1369 1116 1442 τὴν
1145 1372 1429 1443 ἁμαρτίαν.
1460 1371 1704 1428 ἃπασαν.

441 1455 733 1526 Μηδέποτε
779 1459 1042 1531 αἰδεσθῇς
1089 1462 1188 1517 τὸν
1217 1463 1358 1533 πρὸς
1409 1463 1474 1517 σὲ
1520 1464 1955 1532 καταλαλοῦντα,

378 1544 584 1614 μᾶλλον
607 1546 665 1602 δὲ
690 1546 836 1617 λέγε,
869 1550 1112 1617 Παῦσαι,
1163 1553 1387 1624 ἁδελφὶ,
1441 1551 1555 1623 ἐγὼ
1587 1555 1712 1610 καθ’
1742 1555 1958 1627 ἡμέραν

376 1634 735 1708 χαλεπώτερα
795 1640 999 1695 πταίω.
1060 1644 1171 1697 Καὶ
1205 1644 1324 1708 πῶς
1369 1646 1582 1699 ἐκεῖνον
1631 1647 1961 1718 κατακρίνας.

375 1723 649 1797 dtinuit“;
674 1727 932 1803 ,Δύογάρι
951 1735 1257 1805 κερδανεῖς,
1287 1737 1347 1788 δν
1377 1738 1477 1808 μιᾳ
1497 1737 1838 1810 ἑμπλάστρῳ
1864 1738 1958 1793 καὶ

380 1821 608 1876 σεαυτὸν
639 1823 734 1878 καὶ
767 1824 858 1879 τὸν
888 1825 1124 1897 πλησίον
1151 1829 1464 1899 ἰασάμενος.

463 2001 719 2057 Πλάτωνί
745 2019 889 2068 τινος
925 2004 1199 2075 λέγοντος,
1241 2008 1325 2062 ὅτι
1355 2007 1516 2072 Τινὲς
1552 1963 1856 2081 λοιδοροῦσί
1883 2028 1966 2077 σε,

382 2093 488 2164 ἔφη
519 2107 536 2126 ο
572 2093 717 2149 Ἀλλ’
744 2093 858 2165 ἐγὼ
880 2096 1054 2164 οὕτως
1084 2100 1275 2168 διάξω,
1307 2099 1452 2156 ὥστε
1487 2102 1843 2158 ἀπιστεῖσθαι
1871 2104 1970 2159 αὖ-

381 2184 535 2240 τούς.

457 2221 627 2334 ’ὅταν
677 2279 1020 2354 λοιδορηθῗπ.
1077 2283 1276 2340 σκόπει
1326 2286 1404 2356 μή
1456 2287 1514 2342 τί
1542 2304 1629 2343 σοι
1657 2287 1970 2359 πέπρακται

384 2369 486 2440 τῆς
508 2369 773 2443 λοιδορίας
807 2373 958 2439 ἄξιον
979 2389 994 2406 ο
1021 2375 1070 2428 εί
1101 2375 1159 2430 δὲ
1199 2375 1260 2429 οὐ
1287 2375 1628 2448 πέπρακται,
1657 2378 1864 2434 καπνὸν
1895 2373 1972 2432 εῖ-

384 2477 476 2515 ναι
498 2465 597 2532 τὴν
625 2461 894 2535 λοιδορίαν
926 2465 1146 2536 νόμιζε.

460 2553 712 2626 Χαϐρίας
741 2555 847 2610 ὑπὸ
899 2557 1149 2630 πονηροῦ
1205 2560 1382 2616 πολλὰ
1412 2560 1769 2633 λοιδορηθεὶς,
1827 2560 1968 2632 ἔφη’

386 2645 672 2701 Κάλλιστα
697 2647 990 2720 ἐποίησας,
1033 2651 1210 2723 μηδὲν
1247 2652 1356 2707 τῶν
1391 2654 1707 2724 προσόντων
1743 2653 1972 2709 καταλι-

393 2737 542 2792 πῶν.

467 2832 535 2886 Ἦ
563 2833 666 2905 μιν
695 2834 944 2910 μάχαιρα
971 2838 1184 2910 τέμνει,
1219 2839 1254 2911 ἡ
1281 2839 1338 2896 δὲ
1367 2838 1591 2910 διαβολὴ
1622 2838 1847 2910 χωρίζει
1887 2839 1974 2910 φίν

389 2927 538 2992 λους.

464 3019 605 3075 οὔτε
651 3022 943 3094 ἀῤῥώστου
997 3023 1234 3098 πλήγὴν,
1290 3025 1414 3081 οὔτε
1463 3027 1694 3098 ἀνοήτου
1743 3026 1975 3098 ἀπειλὴν

390 3115 477 3169 δεῖ
501 3115 876 3174 εὐλαϐεῖσθαι.

2053 547 2241 598 ternas
2271 556 2468 598 carnes
2493 541 2627 610 edit,
2652 542 3063 601 existimatione
3087 546 3207 616 ejus
3235 545 3384 612 laesa,
3410 553 3466 601 et
3497 547 3646 602 mille

2055 632 2180 688 aliis
2216 632 2375 688 malis
2408 633 2591 704 lingua
2628 634 2878 703 patratis.

2053 731 2077 773 ﬁ
2124 722 2197 781 Ut
2233 725 2561 783 benedicere
2607 734 2664 782 et
2710 727 2938 785 laudare
2979 729 3194 784 initium
3231 729 3485 785 amicitia:
3511 739 3597 786 est
3628 771 3646 798 ,

2055 817 2138 872 sic
2179 817 2504 873 maledicere
2547 825 2604 872 et
2652 818 2940 874 criminari
2996 820 3302 876 inimicitiae
3351 829 3405 877 et
3445 821 3557 877 odii
3590 827 3650 875 et

2059 919 2448 968 sexcentarum
2483 911 2755 968 maiorum
2810 913 3142 985 principium
3191 922 3246 970 et
3289 915 3504 970 occasio
3539 919 3643 968 est.

2135 1091 2194 1146 Si
2240 1091 2334 1147 tibi
2371 1099 2433 1146 ut
2479 1091 2741 1161 probrum
2793 1093 2983 1164 objicit
3031 1093 3294 1149 inimicus
3337 1106 3648 1162 peccatum,

2061 1183 2221 1253 cujus
2281 1192 2339 1238 tu
2399 1184 2494 1240 tibi
2547 1185 2806 1240 conscius
2845 1200 2924 1248 es,
2953 1199 3056 1240 nec
3113 1196 3169 1240 tu
3223 1185 3450 1241 audiens
3496 1186 3648 1240 illum

2060 1274 2459 1333 contumeliose
2490 1277 2720 1349 excipis,
2760 1278 2856 1332 sed
2901 1277 3102 1332 acerbe
3138 1277 3334 1347 gemis,
3371 1276 3654 1348 Deumque

2058 1371 2538 1441 precarisjstatim
2569 1385 2737 1427 omne
2761 1378 3049 1442 peceatum
3083 1379 3198 1426 ate
3232 1371 3542 1426 removisti.
3661 1401 3664 1404 ~

2131 1460 2385 1518 Clamant.
2418 1461 2527 1519 Fac
2559 1478 2840 1533 nunquam
2892 1463 3200 1518 reverearis
3227 1476 3352 1518 eum
3382 1463 3475 1532 qui
3504 1460 3654 1532 apud

2061 1562 2114 1610 te
2133 1555 2362 1613 alterum
2386 1555 2722 1624 proscindit,
2749 1557 2845 1613 sed
2892 1556 3080 1626 potius
3111 1556 3262 1610 illum
3298 1557 3378 1610 sic
3403 1568 3653 1620 moneas,

2061 1645 2251 1702 dicens
2289 1664 2304 1702 :
2351 1647 2573 1714 Desine,
2600 1650 2790 1703 frater.
2841 1648 2955 1718 Ego
3003 1647 3248 1717 quotidie
3299 1648 3520 1717 gravius
3570 1646 3656 1702 la-

2062 1738 2166 1793 hor
2195 1747 2249 1794 et
2285 1754 2452 1809 pecco
2491 1757 2506 1795 :
2546 1749 2602 1796 et
2631 1741 2724 1810 qui
2771 1755 2997 1810 possum
3031 1739 3185 1794 illum
3237 1736 3657 1794 condemnare?

1984 1817 2035 1879 Β
2071 1829 2220 1886 Duos
2240 1831 2385 1887 enim
2415 1831 2740 1898 iucraberis,
2783 1846 2897 1888 uno
2915 1830 3220 1901 emplastro
3255 1839 3310 1887 et
3347 1830 3578 1901 teipsum
3603 1837 3658 1885 et

2072 1923 2382 1994 proximum
2417 1938 2641 1980 sanans.

2143 2013 2330 2071 Plato.
2356 2014 2512 2070 Plato
2541 2030 2664 2071 cum
2699 2016 2925 2086 quidam
2958 2016 3010 2072 ei
3061 2026 3318 2074 narraret
3363 2031 3490 2075 esse
3521 2031 3660 2073 non-

2072 2104 2256 2160 nullos
2303 2104 2398 2175 qui
2448 2104 2628 2175 ipsum
2699 2105 3008 2162 maledictis
3066 2109 3473 2164 insectarentur
3523 2126 3538 2163 :
3591 2107 3663 2162 At

2071 2209 2194 2266 ego,
2233 2197 2433 2267 inquit,
2471 2197 2552 2254 sic
2579 2197 2784 2266 vivam,
2816 2207 2873 2253 ut
2905 2199 3014 2254 illis
3061 2215 3171 2256 non
3202 2201 3474 2258 habeatur
3499 2199 3655 2254 ﬁdes.

2142 2288 2281 2344 Cum
2323 2291 2742 2360 reprehenderis
2793 2293 3139 2356 conviciose,
3167 2293 3290 2348 vide
3313 2303 3442 2348 num
3475 2295 3604 2361 quid
3631 2309 3662 2347 ιι

2073 2387 2128 2435 te
2161 2381 2414 2437 convicio
2464 2383 2690 2453 dignum
2742 2385 3086 2454 designatum
3124 2387 3237 2450 sit;
3273 2387 3317 2441 si
3371 2386 3510 2441 nihil
3554 2387 3665 2442 tale

2072 2481 2256 2529 actum
2284 2483 2388 2540 est,
2422 2473 2632 2530 fumum
2663 2491 2784 2532 esse
2805 2477 3118 2534 convicium
3150 2477 3281 2533 illud
3316 2476 3660 2532 existimato.

2145 2564 2430 2622 Chabrias.
2457 2567 2725 2625 Chabrias
2770 2573 2840 2625 ab
2887 2571 3138 2640 improbo
3186 2569 3424 2641 quodam
3474 2569 3665 2624 multis

2073 2659 2344 2716 conviciis
2378 2660 2644 2716 aﬂ‘ectus:
2675 2661 2842 2727 Bene,
2884 2663 3083 2732 inquit,
3118 2663 3323 2728 fecisti,
3348 2662 3496 2732 quod
3528 2659 3665 2716 nihil

2073 2765 2265 2806 eorum
2297 2766 2420 2822 qua:
2447 2751 2638 2807 insunt
2667 2753 3092 2820 praetermisiSIi.

2142 2838 2370 2898 Gladius
2398 2849 2574 2908 secat,
2603 2841 2878 2896 calumnia
2911 2850 3094 2898 autem
3131 2842 3402 2913 disiungit
3433 2842 3662 2898 amicos.

2144 3014 2335 3087 Neque
2366 3015 2566 3072 inﬁrmi
2599 3019 2765 3087 ictus,
2790 3034 2972 3089 neque
3015 3019 3167 3076 stulti
3200 3021 3380 3078 minas
3417 3030 3661 3080 metuere

2078 3107 2364 3167 debemus.

455 3207 728 3264 ΙΙδίλιαιιπον
759 3209 854 3265 τὸν
905 3210 1260 3284 Ἀλεξάνδρου
1322 3213 1540 3284 πατέρα
1599 3212 1860 3283 ἐλοιδόρει
1899 3229 1984 3276 τις

2158 3201 2464 3276 Philippus.
2495 3203 2802 3276 Philippum
2835 3208 3135 3266 Alexandri
3171 3218 3379 3280 patrem
3415 3209 3674 3267 convicio

392 3301 504 3356 τῶν
525 3300 926 3371 κακογλώττων
949 3303 1258 3375 ἀνθρώπων
1286 3320 1303 3336 °
1346 3304 1442 3358 καὶ
1488 3303 1769 3376 παρῄνουν
1821 3306 1870 3358 οἱ
1899 3305 1990 3376 φί-

393 3392 480 3447 λοι
504 3392 724 3448 διώκειν
751 3394 843 3448 τὸν
869 3394 1160 3464 λοίδορον..
1179 3395 1239 3450 Ὁ
1269 3396 1328 3451 δὲ
1383 3396 1488 3468 ἔφη
1519 3409 1534 3428 ⁶
1580 3398 1696 3450 Οὐκ
1744 3397 1861 3451 ἔστι
1885 3413 1987 3451 κα-

398 3483 497 3539 λὸν
523 3485 683 3540 τοῦτο
714 3487 959 3558 ποιῆσαι,
985 3487 1076 3544 ἵνα
1119 3487 1198 3560 μὴ
1237 3490 1300 3545 ἐν
1332 3489 1546 3544 πλείοσι
1597 3490 1990 3563 περιεχόμενος

400 3579 592 3644 κακῶς
620 3579 756 3653 λέγῃ
782 3581 950 3654 ἡμᾶς·

489 3761 551 3816 ’0
579 3762 741 3826 αὐτὸς
767 3761 974 3832 ἔλεγεν,
1004 3762 1087 3818 ὅτι
1119 3763 1295 3835 Χάριν
1350 3763 1461 3834 ἔχω
1508 3765 1626 3829 τοῖς
1686 3762 1993 3835 λοιδοροῦσί

409 3868 506 3922 με,
561 3853 644 3906 δτι
700 3851 949 3923 βελτίονα
1003 3851 1272 3910 ποιοῦσιν.
1319 3851 1466 3923 Ἐγὼ
1515 3855 1628 3927 γὰρ
1677 3856 1996 3920 σπουδάζων

406 3944 625 4014 ψευδεξ
647 3944 850 4011 αὐτοὺς
880 3943 1228 4018 ἀπελέγχειν,
1255 3946 1312 4000 ετ
1335 3962 1390 4000 τι
1413 3945 1617 4016 φαῦλον
1646 3947 1808 4013 ποιῶ,
1829 3962 1996 4016 μετα·

411 4037 708 4108 ϐάλλομαι.

490 4217 740 4274 Εὑλασοῦ
769 4217 865 4283 τὰς
896 4217 1172 4283 διαϐολὰς,
1200 4216 1304 4272 κᾶν
1325 4215 1546 4286 ψευδεῖς
1577 4209 1733 4270 ὦσιν.
1771 4215 1833 4268 Oi
1889 4211 2014 4283 γὰρ.

2089 3291 2360 3350 alliciebat
2387 3295 2610 3366 quidam
2637 3296 2832 3354 ell'reni
2865 3299 3052 3377 lingty't
3092 3300 3391 3371 praeditus;
3435 3315 3674 3372 cumque

2089 3388 2251 3442 amici
2281 3389 2635 3445 hortarentur
2659 3401 2720 3447 ut
2757 3392 3186 3448 conviciatorem
3217 3405 3674 3464 persequeretur:

2091 3480 2250 3549 22],
2276 3479 2395 3536 Non
2416 3492 2500 3538 est
2537 3482 2664 3548 hoc,
2704 3484 2885 3554 inquit
2933 3484 3048 3550 ille,
3087 3483 3422 3550 faciendum,
3460 3500 3529 3540 ne
3558 3501 3677 3539 ant-

2090 3572 2236 3644 plius
2259 3571 2488 3631 allectus
2507 3583 2564 3631 et
2591 3574 2903 3646 implicatus
2928 3575 3087 3647 plura
3112 3577 3168 3632 in
3195 3592 3296 3634 nos
3319 3577 3486 3648 jaciat
3506 3577 3680 3633 male-

2092 3663 2259 3722 dicta.

2164 3757 2309 3816 Idem
2326 3750 2544 3814 dicebat
2564 3771 2624 3816 se
2646 3759 2763 3816 suis
2781 3761 3248 3817 conviciatoribus
3265 3761 3493 3832 gratiam
3511 3760 3684 3816 habe-

2096 3862 2177 3915 re,
2207 3848 2351 3918 quod
2384 3863 2445 3906 se
2486 3848 2764 3904 meliorem
2797 3850 3110 3906 redderent.
3145 3852 3258 3920 Ego
3281 3853 3451 3917 enim,
3483 3851 3679 3920 inquit.

2097 3941 2327 3996 studens
2357 3941 2480 3998 illos
2517 3941 2787 3997 mendacii
2821 3942 3173 4009 convincere,
3199 3943 3244 3996 si
3277 3943 3408 4010 quid
3439 3943 3686 4012 improbe

2099 4033 2346 4099 fecerim,
2382 4044 2532 4090 muto
2580 4033 2901 4100 consilium,
2967 4043 3022 4089 et
3074 4035 3404 4104 paenitentia
3457 4034 3690 4089 emendo

2100 4124 2328 4179 factum.

2172 4214 2462 4292 Democrit.
2508 4217 2688 4272 Vitato
2718 4215 3027 4272 calumnias
3056 4217 3220 4271 etiam
3243 4216 3410 4274 falsas
3455 4233 3471 4272 :
3525 4215 3685 4271 multi

415 4312 605 4368 πολλοὶ
633 4313 730 4382 τὴν
755 4313 855 4382 μιν
887 4309 1147 4383 ἀλήθειαν
1167 4309 1452 4379 ἀγνοοῦσι,
1473 4311 1608 4380 πρὸς
1637 4307 1696 4362 δὲ
1720 4310 1820 4380 τὴν
1843 4306 2003 4373 δόξαν

2103 4306 2247 4361 enim
2280 4308 2562 4363 veritatem
2587 4309 2904 4379 ignorantes
2947 4308 3371 4366 existimationis
3397 4318 3455 4364 ct
3482 4309 3692 4378 opin-iov

417 4404 817 4460 ἀποϐλέπουσι.

2106 4399 2194 4455 nis
2226 4401 2497 4457 rationem
2534 4411 2748 4456 tantum
2784 4401 3008 4479 habent,

491 4498 612 4552 Τινὶ
638 4496 789 4568 σοφῷ
839 4494 944 4566 ἔφη
977 4512 1081 4558 τις,
1130 4494 1214 4549 δτι
1253 4494 1313 4550 '0
1351 4495 1503 4548 δεῖνα
1546 4492 1734 4556 κακῶς
1775 4510 1835 4546 σε
1868 4492 2004 4548 ἕλοι-

2179 4492 2319 4548 Cum
2344 4495 2574 4564 sapienti
2615 4494 2829 4548 cuidam
2853 4493 3052 4563 aliquis
3082 4493 3308 4560 diceret,
3334 4508 3392 4548 se
3427 4501 3694 4562 prasente

419 4587 572 4661 δόρει
598 4589 690 4642 ἐπὶ
715 4587 872 4660 ἐμοῦ.
904 4587 974 4640 '0
1004 4586 1060 4639 δὲ
1095 4586 1199 4657 ἔφη
1232 4602 1247 4617 ο
1280 4587 1344 4639 Ei
1371 4586 1450 4656 μὴ
1488 4587 1554 4642 σὺ
1573 4585 1744 4656 ἡδέως
1779 4585 2004 4655 ἤκουες,

2111 4586 2214 4656 ipsi
2243 4603 2271 4642 a
2303 4596 2452 4642 certo
2478 4587 2712 4655 quodam
2745 4586 3048 4642 convicium
3120 4585 3348 4652 factum,
3403 4593 3514 4638 tum
3563 4584 3690 4638 ille:

422 4681 529 4734 οὐκ
551 4679 616 4735 ἂν
639 4680 842 4744 ἐκεῖνός
884 4696 953 4750 με
991 4678 1276 4748 ἐλοιδόρει.

495 4861 923 4935 Λοιδορούμενός
951 4879 1033 4924 τις
1054 4860 1158 4913 ὑπό
1204 4875 1349 4918 rtwo;
1381 4857 1665 4929 φαλακροῦ
1708 4854 1864 4912 εἶπεν
1887 4874 1900 4890 ·
1943 4857 2012 4912 Σὲ

2109 4676 2227 4732 Nisi
2256 4686 2336 4742 tu,
2365 4677 2560 4746 inquit,
2597 4677 2833 4731 libenter
2869 4675 3204 4744 audivisses,
3265 4689 3548 4745 nunquam
3605 4673 3696 4726 ille

2112 4765 2245 4821 mihi
2266 4766 2604 4822 conviciatus
2634 4776 2798 4821 esset.
3138 4777 3153 4789 ‘

2181 4859 2318 4914 Cum
2344 4860 2567 4930 quidam
2597 4857 2908 4916 alliccrctur
2944 4863 3202 4918 convicio
3225 4877 3256 4917 a
3277 4861 3432 4917 calvo
3464 4863 3644 4933 aliquo
3675 4877 3692 4916 :

427 4960 533 5033 μὲν
573 4957 672 5028 οὐχ
725 4955 958 5027 ὑϐρισω,
1003 4954 1100 5016 τὰς
1135 4952 1192 5006 δὲ
1240 4951 1435 5022 τρίχας
1476 4967 1572 5005 σου
1615 4951 1907 5016 ἐπαινέσω,
1930 4953 2004 5005 ὅτι

2114 4950 2256 5017 Tibi,
2282 4951 2478 5022 inquit,
2519 4953 2908 5007 contumeliam
2939 4969 3048 5007 non
3083 4954 3281 5020 dicam,
3327 4952 3425 5008 sed
3470 4955 3696 5025 capillos

424 5054 600 5110 κακὸν
619 5051 881 5120 ἐξέφυγον
910 5047 1154 5119 κρανίον.

504 5141 930 5212 Λοιδορούμενός
985 5155 1071 5203 τις
1124 5138 1230 5192 ὑπό
1293 5153 1438 5200 τινος
1491 5135 1783 5207 ἀνεχώρει·
1835 5134 1929 5188 τοῦ
1957 5135 2014 5190 δὲ

425 5236 817 5300 ἐπιδιώκοντος
873 5234 967 5288 καὶ
1022 5232 1295 5301 λέγοντος,
1352 5229 1582 5300 dmi-{etc
1621 5246 1640 5298 ;
1690 5229 1822 5295 Ναὶ,
1856 5228 1963 5301 ἔφη
1995 5246 2014 5264 ο

428 5328 530 5382 τοῦ
567 5329 668 5399 μὲν
692 5327 799 5397 γὰρ
833 5325 1022 5390 κακῶς
1070 5324 1252 5394 λέγειν
1302 5325 1366 5379 σὺ
1413 5324 1514 5394 τὴν
1556 5320 1810 5386 ἐξουσίαν
1846 5321 2013 5393 ἔχεις,

429 5419 529 5475 τοῦ
561 5419 616 5472 δὲ
643 5419 862 5476 ἀκούειν
891 5417 1021 5485 ἐγώ.

508 5511 799 5582 Πολλαχῶς
847 5527 932 5574 τις
957 5509 1351 5578 ὀνειδιζόμενος
1407 5510 1513 5565 ὑπό
1551 5527 1746 5577 τινο;,·
1789 5511 1885 5567 ἐπὶ
1938 5509 2018 5584 τῷ

2116 5053 2239 5100 tuos
2259 5042 2517 5107 laudabo,
2541 5044 2681 5112 quod
2717 5045 2917 5099 malum
2942 5055 3106 5114 caput
3138 5045 3460 5115 rel’ugerint.

2186 5136 2447 5193 Convicio
2471 5137 2757 5193 lacessitus
2783 5137 3002 5207 quidam
3035 5138 3104 5193 ab
3136 5140 3311 5195 altero
3348 5138 3634 5194 disccileba
3677 5149 3696 5196 :

2115 5243 2240 5284 cum
2267 5239 2448 5284 autem
2479 5229 2813 5284 conviciator
2844 5239 3286 5299 persequeretur,
3341 5245 3407 5285 ac
3453 5229 3698 5286 diceret;

2118 5320 2321 5392 Fugis?
2344 5321 2545 5387 Etiam,
2573 5321 2750 5393 inquit
2779 5339 2794 5389 ;
2821 5337 2946 5377 nam
2989 5331 3047 5376 tu
3093 5324 3310 5392 quidem
3345 5315 3698 5377 maledicendi

2118 5423 2438 5488 potestatem
2464 5398 2657 5478 habes,
2700 5429 2802 5485 ego
2833 5423 3012 5470 autem
3039 5413 3319 5471 audiendi.

2191 5509 2330 5564 Cum
2367 5507 2587 5564 cuidam
2619 5508 2807 5564 multis
2841 5507 3017 5563 modis
3073 5505 3272 5576 aliquis
3324 5511 3383 5556 ut
3435 5498 3697 5570 probrum

430 5604 642 5674 γονέων
668 5603 913 5671 ἀγεννῶν
937 5598 1095 5664 εἶναι,
1134 5597 1292 5657 εἶπεν
1319 5616 1334 5632 ⁶
1373 5601 1531 5675 Ἐμοὶ
1560 5605 1661 5676 μὲν
1708 5603 1915 5670 ὄνειδος
1967 5604 2004 5658 oi

2121 5599 2410 5672 obiiceret,
2447 5598 2595 5669 quod
2631 5615 2660 5655 e
2685 5599 3002 5670 parentibus
3035 5601 3327 5668 prognatus
3364 5597 3510 5646 esset
3545 5590 3693 5660 igno-

433 5699 638 5770 γονεῖς,
671 5698 738 5752 σὺ
773 5694 829 5752 δὲ
868 5697 984 5762 τοῖς
1011 5693 1284 5764 γονεῦσιν.

2122 5691 2363 5747 bilibus:
2404 5690 2564 5759 Mihi,
2598 5691 2797 5764 inquit,
2829 5685 3081 5748 dedecori
3125 5689 3255 5743 sunt
3303 5688 3581 5753 parentes,
3638 5687 3701 5738 tit

2124 5799 2252 5843 vero
2285 5783 2624 5856 parentibus.
