4004 6252
407 331 440 394 Ὶ
458 333 551 395 ῒϐῖ

1675 336 1984 395 ΛΝΤΟΝΗ
2033 337 2372 398 ΜΕῘΛΞΒΕ

3512 348 3625 412 Ῑὲῧθ

487 444 766 514 Diogenes.
805 442 1066 512 Diogenes
1093 445 1424 498 convicianti
1451 446 1575 513 sibi,
1627 448 1688 500 At
1715 465 1813 501 nec
1839 447 1992 508 mihi,

2177 451 2468 523 Διογέννης
2493 457 2625 524 πρὸς
2655 455 2748 508 τὸν
2779 455 3190 526 λοιδορούμενον
3212 457 3372 530 αὐτῷ,
3401 461 3525 517 Ἀλλ’
3551 468 3625 519 οὕ-

413 537 611 605 inquit,
647 537 820 591 credit
849 537 1140 604 quisquam
1175 545 1225 590 te
1281 537 1540 601 laudanti,
1595 554 1694 594 nec
1751 540 1850 593 tibi
1910 555 1996 596 me

419 629 772 698 vituperanti.

480 720 616 774 Cum
666 718 898 788 sapienti
952 719 1171 786 quidam
1224 720 1454 787 diceret,
1503 738 1629 778 cum
1670 739 1698 778 a
1735 725 1993 794 quopiam

412 813 660 870 convicio
689 811 994 881 impetitum
1030 810 1186 867 :Non
1219 823 1566 884 praesentem,
1601 816 1798 887 inquit,
1830 817 1994 871 etiam

414 907 668 960 ver-beret
699 919 807 960 me.

811 995 1045 1050 sanun
1091 995 1236 1052 Lxx
1268 994 1369 1068 [αι.
1399 995 1586 1068 XCV].

592 1084 665 1138 De
721 1086 1039 1156 loquacitate
1060 1096 1110 1141 et
1161 1090 1451 1144 temeritate
1492 1089 1547 1142 in
1575 1090 1815 1145 dicendo.

474 1179 674 1234 Matth.
713 1171 809 1234 im.
849 1177 983 1235 Illud
1017 1189 1196 1235 autem
1260 1182 1417 1238 vobis
1458 1183 1724 1240 confirmo
1780 1184 1896 1241 fore
1938 1194 1997 1240 ut

413 1270 480 1325 de
519 1270 874 1326 Olltni.Verb0
896 1272 1074 1326 otioso
1101 1272 1246 1342 quod
1273 1273 1440 1329 locuti
1490 1274 1694 1331 fuerint
1723 1277 1993 1344 homines,

414 1364 469 1416 in
505 1363 596 1417 die
641 1361 836 1432 jndicii
890 1363 1159 1419 rationem
1213 1364 1495 1432 reddant;
1540 1382 1663 1420 nam
1703 1384 1768 1422 ex
1814 1371 1996 1426 verbis

413 1454 524 1509 tuis
554 1453 971 1524 justiticaberis,
999 1464 1054 1510 et
1084 1469 1151 1510 ex
1183 1456 1362 1511 verbis
1392 1457 1498 1513 tuis
1518 1460 1994 1520 condemnaberis.

481 1543 666 1599 Jac.t.
705 1544 787 1600 Sit
817 1546 996 1601 omnis
1026 1547 1190 1600 homo
1222 1545 1375 1601 velox
1416 1549 1482 1602 ad
1534 1551 1883 1616 audiendum,
1940 1560 1997 1606 et

414 1635 606 1689 tardus
638 1635 702 1688 ad
729 1633 1087 1702 loquendum.

489 1726 679 1782 Nullus
708 1741 890 1782 sermo
929 1741 1160 1796 Spurcus
1191 1727 1258 1783 de
1298 1742 1392 1782 ore
1425 1739 1606 1784 vestro
1624 1739 1800 1798 exeat,
1824 1733 1915 1787 sed
1942 1732 1995 1786 is

414 1823 505 1894 qui
566 1832 724 1895 aptus
751 1823 930 1880 estad
961 1823 1385 1880 aediﬁcationem
1422 1826 1568 1881 lidci.

493 2008 661 2064 Eccll.
698 2025 813 2066 vm.
855 2007 987 2065 Cum
1023 2010 1262 2083 linguaci
1307 2011 1414 2066 noli
1481 2026 1746 2082 pugnare,
1801 2027 1902 2068 nec
1943 2013 1995 2068 in

419 2103 598 2170 ignem
624 2101 743 2172 ejus
773 2103 916 2172 ligna
943 2117 1261 2172 congerere.

491 2193 569 2247 Nc
593 2195 788 2248 festina
821 2195 1177 2264 pronuntiare
1203 2196 1427 2250 verbum
1454 2197 1506 2251 in
1539 2207 1828 2268 conspectu
1881 2199 1997 2265 Dei,

413 2286 546 2354 quia
579 2286 722 2340 Deus
752 2287 805 2340 in
836 2285 977 2342 cmlo
1009 2302 1253 2355 sursum,
1289 2299 1340 2343 et
1374 2299 1425 2343 tu
1465 2290 1515 2343 in
1549 2300 1694 2345 terra
1716 2291 1995 2349 deorsum.

491 2469 552 2524 S.
583 2468 796 2525 Basilii.
825 2470 1036 2542 Lingua
1073 2486 1140 2526 ne
1167 2473 1245 2527 sis
1297 2473 1349 2526 in
1391 2474 1650 2530 omnibus
1680 2476 1996 2543 conﬁdenti,

419 2579 488 2618 ne
507 2564 634 2632 quid
669 2563 765 2619 tibi
793 2564 1229 2634 intempestivum
1254 2567 1488 2633 accidat,
1539 2569 1997 2637 quemadmodum

420 2656 618 2710 «icilius
653 2664 825 2710 totum
859 2656 1048 2712 volens
1078 2657 1279 2714 intueri
1303 2658 1499 2726 solem,
1553 2660 1603 2715 id
1631 2661 1793 2715 etiam
1853 2663 1998 2732 quod

421 2747 577 2801 habet
605 2748 788 2802 lumen
819 2748 1016 2816 perdit.

491 2837 763 2908 Theologi.
793 2838 1101 2897 Perniciosa
1131 2849 1213 2897 est
1236 2840 1446 2912 lingua,
1479 2857 1598 2910 qua:
1638 2859 1742 2898 non
1789 2845 2000 2899 ratione

421 2931 651 2997 regitur.

488 3020 651 3091 222
689 3022 958 3093 Chrysost.
1012 3023 1164 3079 Multi
1193 3041 1334 3095 serpe
1386 3028 1548 3080 etiam
1607 3037 1994 3096 temperantes,

416 3129 517 3180 per
549 3115 780 3168 obscena
827 3116 990 3170 verba
1025 3116 1090 3170 ad
1125 3117 1353 3171 vitiosas
1398 3120 1641 3175 actiones
1707 3121 2002 3175 descende-

422 3215 548 3264 tuhl
584 3221 598 3258 ζ
635 3205 816 3260 anima
857 3207 1000 3262 enim
1029 3217 1215 3263 nostra
1246 3224 1345 3262 nec
1377 3209 1518 3262 bona
1547 3219 1630 3263 est
1661 3219 1874 3272 natura,
1899 3225 2000 3266 nec
2027 3178 2070 3236 Ω

421 3297 586 3358 mala,
612 3298 703 3352 sed
741 3313 805 3354 ex
850 3299 1104 3382 institth
1136 3300 1240 3354 hoc
1275 3310 1325 3355 et
1355 3301 1488 3356 illud
1527 3300 1777 3356 edicitur.

494 3387 689 3444 Nullus
721 3390 790 3446 sit
821 3406 1005 3446 sermo
1039 3394 1292 3450 otiosus:
1329 3394 1397 3448 ab
1427 3394 1603 3450 etioso
1630 3395 1775 3449 enim
1815 3395 1867 3450 in
1900 3397 1999 3453 ab-

417 3480 618 3534 surdos
637 3481 958 3536 delabimur.
988 3480 1108 3538 Non
1139 3494 1221 3540 est
1244 3485 1348 3539 hoc
1375 3492 1594 3555 tempus
1631 3485 1864 3550 ridendi,
1904 3488 1997 3542 sed

419 3571 662 3640 lugendi,
709 3573 1064 3629 alllictionum
1110 3587 1161 3631 et
1225 3577 1698 3634 lamentationum.
1747 3577 1830 3634 Tu
1870 3595 2001 3636 vero

419 3676 667 3716 scurram
701 3663 838 3733 agis.
889 3663 1024 3731 Quis
1064 3667 1266 3723 athleta
1309 3667 1364 3722 in
1413 3668 1647 3724 stadium
1691 3672 1997 3740 ingressus,

419 3752 624 3808 omisso
675 3755 974 3812 certamine
1029 3772 1152 3813 eum
1188 3759 1528 3827 adversario,
1576 3762 1785 3818 urbana
1829 3761 2002 3830 jactat

419 3841 613 3894 dicta?
647 3845 806 3899 Astat
841 3843 1114 3911 diabolus,
1140 3847 1392 3903 circumit
1427 3850 1649 3921 rugiens
1681 3852 1746 3905 ad
1779 3851 1999 3920 rapien-

419 3931 572 3998 dum,
606 3936 787 3990 omnia
816 3945 1018 4006 movet,
1077 3940 1260 3994 omnia
1315 3941 1486 3998 volvit
1519 3943 1574 3997 in
1625 3952 1791 4013 caput
1821 3954 1999 4009 tuum,

419 4047 475 4093 ot
508 4041 872 4110 machinatur,
905 4050 966 4096 ut
991 4041 1200 4096 edomﬁ
1231 4041 1283 4095 te
1311 4035 1607 4106 extrudat;
1635 4033 1844 4091 frendit
1873 4037 2000 4090 den-

423 4129 588 4185 tibus.
637 4127 839 4192 lremit,
875 4129 1050 4200 ignem
1086 4130 1266 4185 sumat
1314 4139 1499 4183 contra
1549 4129 1777 4182 salutem
1806 4133 1951 4182 tuam
1983 4140 1998 4180 :

422 4233 472 4275 et
499 4231 555 4275 tu
611 4223 790 4288 sedes,
833 4221 1056 4276 urbanis
1099 4221 1260 4276 dictis
1291 4229 1342 4275 te
1385 4221 1688 4285 oblectans,
1730 4227 1785 4272 et
1836 4219 2000 4272 stulta

421 4313 674 4382 loquens,
705 4326 769 4366 ac
801 4327 864 4366 ea
895 4326 1015 4381 qua:
1040 4325 1146 4365 non
1186 4313 1340 4365 decet
1366 4326 1462 4365 ore
1489 4311 1793 4382 proferens.

2102 558 2161 592 τε
2190 542 2332 608 ἐμοὶ,
2359 543 2484 614 ἔφη,
2522 545 2760 600 πιστεύει
2793 564 2877 610 τις
2905 545 3242 620 εὐφημοῦντῑ
3273 568 3348 618 σε,
3400 553 3508 608 οὔτε
3557 563 3627 613 σοὶ

2105 633 2206 702 ἐμὲ
2241 632 2680 703 βλασφημοῦντι.

2175 721 2324 792 Ἔφη
2358 725 2508 794 σοφῷ
2534 741 2652 790 τις,·
2679 727 2738 780 '0
2771 728 2921 782 δεῖνά
2951 746 3010 782 σε
3039 729 3294 802 ἐλοιδόρει
3325 748 3338 762 ⁶
3385 735 3480 788 ὅδὲ
3521 737 3627 808 ἔφη.

2099 812 2190 882 Μὴ
2216 815 2454 886 παρόντα
2486 818 2578 872 καὶ
2610 819 2860 874 τυπτέτω
2901 837 2994 890 με.
3169 843 3174 846 ·

2731 995 2945 1050 ΛΟΓΟΣ
2983 998 3056 1052 0'.

2433 1067 2453 1097 .
2496 1088 2628 1142 Ἔτι
2667 1088 2801 1156 περὶ
2839 1092 3260 1161 γλωσσαλγίας

2171 1178 2332 1247 Λέγω
2367 1177 2424 1233 δὲ
2459 1180 2623 1249 ὑμῖν,
2659 1181 2743 1233 ὃτι
2782 1182 2890 1234 πᾶν
2926 1183 3079 1252 ῥῆμα
3112 1185 3280 1253 ἀργὸν
3313 1183 3339 1238 δ
3375 1186 3462 1240 ἐάν
3492 1187 3632 1260 λαλή-

2100 1286 2267 1324 σωσιν
2293 1269 2345 1324 οῖ
2371 1269 2675 1338 άνθρωπδι,
2705 1271 3050 1326 ἀποδώσουσι
3081 1290 3146 1326 πε
3158 1274 3210 1343 ρὶ
3239 1275 3395 1328 αὑτοῦ
3423 1277 3563 1344 λόγον
3587 1282 3635 1333 ὲν

2099 1363 2284 1434 ἡμέρᾳ
2313 1363 2573 1432 κρίσεως.
2609 1364 2701 1417 Ἐκ
2725 1364 2834 1434 γάρ
2857 1364 2968 1418 τῶν
2992 1364 3170 1433 λόγων
3198 1383 3290 1420 σου
3319 1368 3632 1443 δικαιωθήσῃ.

2101 1454 2196 1506 καὶ
2227 1454 2292 1506 ὲκ
2318 1453 2430 1506 τῶν
2456 1453 2636 1522 λόγων
2667 1470 2765 1507 σου
2795 1455 3202 1528 κατακριθήσῃ.

2178 1546 2362 1600 Ἔστω
2405 1547 2514 1609 πᾶς
2555 1545 2842 1612 ἄνθρωπος
2873 1545 3048 1616 ταχὺς
3085 1548 3167 1612 si;
3200 1548 3261 1604 τὸ
3296 1550 3531 1616 ἀκοῦσαι,
3560 1551 3639 1606 καὶ

2101 1637 2301 1708 βραδὺς
2333 1639 2414 1700 εἰς
2442 1639 2504 1692 τὸ
2533 1637 2793 1706 λαλῆσαι.

2173 1730 2290 1792 Πᾶς
2319 1729 2478 1798 λόγος
2513 1730 2723 1799 σαπρὸς
2756 1731 2821 1783 ὲκ
2851 1729 2946 1784 τοῦ
2983 1731 3255 1803 στόματος
3287 1734 3436 1804 ὑμῶν
3467 1734 3533 1805 μὴ
3559 1737 3637 1789 ικ-

2031 1817 2072 1874 Β
2105 1821 2425 1894 πορευέσθω
2446 1862 2460 1886 ,
2496 1821 2615 1878 ἀλλ’
2637 1820 2694 1874 εἴ
2724 1839 2809 1886 τις
2849 1823 3057 1892 ἀγαθὸς
3095 1825 3238 1896 πρὸς
3273 1825 3536 1897 οἰκοδομὴν
3567 1828 3642 1881 πί-

2108 1932 2298 1980 στεως.

2173 2005 2493 2061 Γλωσσώδει
2521 2007 2795 2081 ἀνθρώπῳ
2827 2012 2904 2082 μὴ
2934 2011 3208 2083 διαμάχου
3227 2051 3246 2082 ,
3277 2011 3408 2084 μηδὲ
3435 2015 3642 2069 ἔπεσι-οῖς

2106 2094 2238 2160 6αζε
2269 2096 2364 2150 ἐπὶ
2393 2097 2453 2151 τὺ
2487 2098 2598 2172 πῦρ
2631 2101 2796 2156 αὐτοῦ
2831 2100 2986 2167 ξύλα.

2177 2189 2270 2260 Μὴ
2307 2191 2555 2264 σπεύσῃς
2589 2193 2898 2263 ἐξενεγκεῖν
2935 2195 3087 2266 ῥῆμα
3120 2199 3233 2268 πρὸ
3265 2198 3537 2269 προσώπου
3567 2197 3642 2251 τοῦ

2103 2279 2273 2347 Θεοῦ,
2303 2283 2387 2337 ὅτι
2414 2286 2442 2337 ὁ
2463 2284 2603 2363 θεὸς
2633 2287 2692 2340 έν
2717 2285 2799 2358 ’τῷ
2826 2287 3041 2360 οὐρανῷ
3071 2290 3206 2356 ἄνω,
3241 2294 3332 2346 καὶ
3365 2295 3424 2346 σὺ
3452 2293 3535 2344 ἐπὶ
3561 2290 3641 2357 τῆς

2101 2374 2206 2443 γῆς
2241 2374 2418 2430 κάτω.

2173 2465 2265 2537 Μὴ
2294 2465 2476 2520 πάντα
2502 2467 2698 2540 θάῤῥει
2724 2472 2789 2540 τῇ
2822 2471 3042 2544 γλώσσῃ
3061 2512 3076 2536 ,
3108 2472 3196 2526 ῖνα
3229 2473 3302 2544 μὴ
3329 2474 3495 2544 πάθῃς
3521 2474 3651 2526 inal-

2107 2575 2244 2628 ρως,
2282 2558 2539 2628 καθάπερ
2569 2558 2856 2631 ὀφθαλμὸς
2891 2564 3014 2617 ὅλον
3047 2566 3138 2619 τὸν
3173 2565 3325 2635 ἥλιον
3358 2566 3511 2619 θέλων
3538 2567 3648 2617 ἀπο-

2101 2651 2316 2722 ϐλέψαι,
2346 2652 2607 2708 ἀπόλλυσι
2640 2655 2737 2708 καὶ
2763 2655 2791 2709 ὃ
2822 2655 2938 2727 ἔχει
2971 2656 3108 2726 φῶς.

2177 2832 2430 2898 Ὀλισθος
2475 2833 2786 2907 ἀνθρώποις
2830 2837 3054 2906 γλῶσσα
3099 2838 3179 2912 μὴ
3223 2840 3366 2912 λόγῳ
3405 2838 3648 2911 κυϐερνω-

2102 2925 2263 2996 μένη.

2178 3017 2372 3073 Πολλοὶ
2407 3019 2668 3084 πολλάκις
2702 3021 2798 3074 καὶ
2834 3019 3245 3090 σωφρονοῦντες
3280 3021 3385 3075 ἀπὸ
3417 3019 3649 3091 ῥημάτων

2100 3109 2348 3180 αἰσχρῶν
2377 3106 2543 3184 ἦλθον
2578 3116 2671 3167 ἐπὶ
2708 3113 2938 3184 πράξεις
2976 3114 3248 3184 πονηράς.
3285 3114 3358 3167 Οὐ
3393 3115 3493 3181 γάρ
3522 3114 3649 3165 ἐστιν

2099 3200 2134 3268 ή
2169 3199 2320 3274 ψυχὴ
2353 3203 2512 3273 ἡμῶν
2546 3204 2672 3258 οὔτε
2708 3204 2888 3273 ἀγαθὴ
2925 3204 3122 3272 φύσει,
3157 3204 3287 3259 οὔτε
3331 3203 3469 3263 κακὴ
3490 3244 3504 3269 ,
3535 3201 3650 3256 ἀλλὰ

2103 3294 2428 3363 προαιρέσει
2457 3293 2620 3349 τοῦτο
2653 3297 2878 3351 κάκεῖνο
2911 3296 3149 3360 γίνεται.

2127 3433 2130 3436 .
2174 3383 2382 3454 Μηδεὶς
2409 3384 2549 3438 ἔστω
2573 3385 2730 3462 λογος
2757 3385 2930 3457 ἀργός
2955 3387 3111 3445 ’,άπὸ
3137 3387 3250 3458 γὰρ
3275 3388 3366 3441 τοῦ
3393 3384 3551 3458 ἀργοῦ
3576 3383 3653 3437 καὶ

2103 3478 2184 3540 εἰς
2226 3476 2466 3542 ἀτόπους
2505 3479 2948 3549 καταπίπτομεν.
2985 3479 3063 3534 Οὐ
3103 3480 3404 3549 διαχύσεως
3435 3482 3460 3531 ὁ
3492 3478 3650 3543 παρὼν

2105 3569 2322 3641 καιρὸς,
2358 3571 2496 3625 ἀλλά
2529 3571 2785 3636 πένθους,
2821 3573 3056 3642 θλίψεων
3089 3575 3185 3633 καὶ
3219 3573 3483 3644 ὀδυρμῶν.
3517 3571 3578 3623 Σὺ
3604 3568 3650 3620 δὲ

2105 3662 2508 3735 εὐτραπελεύῃ.
2540 3665 2636 3728 Τίς
2664 3663 2905 3736 ἀθλητὴς
2934 3667 3016 3730 si;
3045 3665 3106 3718 τὸ
3138 3666 3356 3721 στάδιον
3386 3662 3646 3724 εἰσελθὼν,

2116 3753 2214 3806 καὶ
2260 3754 2360 3824 τὴν
2407 3756 2649 3824 ἀγωνίαν
2697 3756 2861 3825 ἀφεὶς
2903 3756 3000 3828 τὴν
3049 3757 3187 3827 πρὸς
3235 3758 3330 3810 τὸν
3381 3755 3649 3814 ἀντίδικον,

2103 3844 2295 3898 ἀστεῖα
2327 3845 2653 3915 φθέγγεται;
2687 3847 3021 3918 Ἐφέστηκεν
3047 3849 3076 3902 ὁ
3099 3847 3372 3912 διάϐολος,
3401 3845 3650 3916 περιέρχι-

2103 3952 2193 3989 ται
2237 3936 2552 4007 ώρυόμενος
2600 3939 2851 4008 ἁρπάσαι
2880 3979 2896 4004 ,
2947 3941 3124 3993 πάντα
3177 3942 3322 3994 κινεί
3367 3940 3458 3993 καὶ
3499 3938 3650 3990 πάντα

2107 4027 2332 4094 στρέφει
2364 4027 2505 4080 κατὰ
2536 4029 2634 4097 τῆς
2668 4029 2768 4098 σῆς
2802 4030 3078 4099 κεφαλῆς,
3111 4033 3206 4084 καὶ
3245 4031 3540 4101 μηχανᾶται
3567 4026 3650 4094 τῆς

2103 4115 2297 4179 καλιᾶς
2330 4133 2391 4169 σε
2422 4118 2695 4174 ἐκϐαλεῖν.
2731 4119 2926 4188 Τρίζει
2956 4123 3083 4184 τοὺς
3113 4122 3353 4188 ὀδόντας,
3393 4120 3647 4192 βρυχᾶται,

2097 4208 2214 4278 ,πῦρ
2244 4211 2366 4262 πνεῖ
2391 4211 2533 4266 κατά
2559 4210 2662 4280 τῆς
2692 4213 2966 4282 σωτηρίας
2991 4213 3091 4284 τῆς
3120 4215 3221 4284 σῆς
3248 4232 3262 4246 ο
3294 4217 3388 4268 καὶ
3421 4213 3483 4265 σὺ
3505 4209 3650 4277 κάθη-

2105 4318 2196 4354 σαι
2229 4302 2418 4358 άστεῖα
2451 4303 2628 4372 λέγων
2648 4341 2664 4368 ,
2696 4307 2790 4358 καὶ
2822 4305 3187 4378 μωρολογῶν,
3207 4307 3318 4360 ’καὶ
3346 4306 3412 4359 τά
3445 4305 3514 4375 μὴ
3541 4301 3653 4369 ἁνή·

2104 4411 2269 4448 κοντα
2299 4396 2695 4467 φθεγγόμενος.

497 4491 627 4546 Nili.
660 4492 716 4547 Si
756 4499 999 4548 ventrem
1053 4492 1326 4554 contines,
1357 4494 1575 4548 contine
1615 4503 1669 4547 et
1706 4495 1944 4563 linguam
1979 4516 1990 4549 :

2178 4488 2240 4541 Et
2274 4464 2496 4557 κρατεῖς
2516 4464 2787 4559 γαστρὸς,
2822 4491 3016 4561 κράτει
3050 4493 3140 4545 καὶ
3175 4491 3452 4561 γλώσσης,
3482 4464 3561 4542 ἵνα
3589 4485 3649 4555 μὴ

422 4598 484 4642 ut
511 4603 577 4640 ne
606 4585 928 4641 sisalterius
946 4599 1164 4650 servus,
1199 4584 1429 4640 alterius
1459 4596 1639 4641 autem
1657 4587 1823 4642 stulte
1842 4585 1995 4642 liber.

496 4768 728 4839 Evagrii.
773 4768 1022 4839 Loquere
1069 4783 1189 4838 quae
1217 4769 1392 4833 decet,
1443 4779 1497 4826 et
1516 4772 1735 4840 quando
1765 4772 1920 4828 decet
1949 4783 2002 4829 et
2077 4801 2080 4803 λ

422 4863 493 4916 de
513 4862 672 4916 rebus
705 4859 968 4927 honestis,
1022 4871 1077 4914 et
1101 4874 1208 4914 non
1225 4860 1416 4915 audies
1441 4859 1749 4928 inhonesta,
1769 4878 2001 4933 qumque

420 4953 651 5008 minime
683 4953 859 5008 decet.

500 5044 847 5114 Amygdalas,
871 5016 996 5114 quia
1017 5046 1262 5099 omnium
1292 5046 1542 5115 stirpium
1579 5049 1761 5116 prima!
1782 5047 1998 5113 ﬂorent,

427 5135 626 5206 pruina
668 5149 1020 5206 corrumpere
1049 5140 1228 5192 solet:
1266 5137 1347 5193 sic
1373 5138 1623 5196 homines
1645 5139 1756 5194 fere
1805 5141 2000 5210 lingua:

428 5226 709 5285 temeritas
742 5234 794 5279 et
827 5243 1068 5297 praeceps
1108 5231 1435 5299 loquacitas.

501 5407 775 5464 Isocratis.
818 5405 1090 5474 Quidquid
1125 5407 1371 5463 dicturus
1395 5423 1473 5472 es,
1507 5408 1558 5462 id
1589 5408 1738 5476 prius
1773 5409 1824 5462 in
1885 5410 2002 5463 aui-

431 5515 522 5554 mo
548 5499 898 5557 considerato
928 5513 944 5553 :
974 5497 1270 5553 multorum
1329 5499 1472 5554 enim
1527 5501 1711 5568 lingua
1767 5510 1998 5562 mentun

434 5594 736 5651 praecurrit.

505 5679 771 5738 Isocrates
801 5695 1006 5751 orator,
1040 5697 1163 5738 eum
1185 5682 1408 5738 Carmen
1445 5683 1662 5753 loquax-
1684 5683 1809 5751 ejus
1845 5683 2004 5738 vellet

440 5767 784 5835 frequentare
815 5775 1093 5844 scholam,
1128 5772 1398 5843 duplicem
1435 5773 1649 5843 petebat
1681 5775 2001 5840 mercedem,

2102 4581 2205 4650 τῆς
2247 4581 2345 4654 μὲν
2379 4582 2630 4654 ὑπάρχῃς
2671 4581 2880 4650 δοῦλος,
2915 4586 3014 4652 τῆς
3052 4583 3108 4638 δὲ
3143 4585 3419 4654 τυγχάνῃς
3454 4584 3651 4648 ἀνόητος

2105 4672 2410 4742 ἐλεύθερος.

2174 4765 2340 4818 Λάλει
2369 4767 2404 4821 ἃ
2431 4767 2532 4832 δεῖ,
2560 4769 2654 4822 καὶ
2684 4769 2772 4823 ὅτε
2797 4769 2895 4834 δεῖ,
2925 4770 3019 4824 καὶ
3049 4771 3188 4842 ὑπὲρ
3222 4766 3302 4825 ὧν
3331 4770 3429 4832 δεῖ,
3455 4767 3542 4820 καὶ
3567 4763 3652 4818 οὐκ

2104 4855 2356 4918 ἀκούσεις
2389 4856 2424 4911 ἃ
2454 4858 2530 4929 μὴ
2561 4858 2662 4913 δεῖ.

2179 5036 2291 5098 Τὰς
2325 5037 2426 5104 μὲν
2455 5036 2798 5106 ἀμυγδάλας,
2827 5037 2914 5090 διὰ
2940 5037 2998 5089 τὸ
3027 5036 3134 5106 πρὸ
3164 5037 3385 5090 πάντων
3412 5033 3579 5103 φυτῶν
3600 5029 3650 5083 τὸ

2105 5127 2266 5190 ἄνθος
2295 5129 2568 5199 ἐκφέρειν,
2594 5130 2626 5198 ἠ
2658 5127 2865 5198 πάχνη,
2893 5127 3019 5189 τοὺς
3047 5129 3103 5182 δὲ
3133 5129 3454 5199 ἀνθρώπους
3483 5131 3514 5196 ἡ
3543 5140 3651 5193 προ-

2106 5219 2297 5271 πέτεια
2325 5219 2422 5288 τῆς
2453 5219 2707 5290 γλώσσης
2738 5217 2811 5282 ὼς
2843 5217 2937 5270 ἐπὶ
2969 5218 3030 5271 ea
3063 5218 3317 5272 πλεῖστον
3345 5216 3650 5285 διαφθείρειν

2107 5297 2370 5384 πέφυκεν.

2181 5405 2296 5456 Πᾶν
2323 5405 2350 5456 ὃ
2381 5421 2430 5456 τι
2467 5403 2532 5456 ἂν
2569 5403 2767 5478 μέλλῃς
2803 5406 2966 5476 ἐρεῖν,
2998 5406 3261 5476 πρότερον
3293 5401 3567 5458 ἐπισκόπει
3594 5395 3648 5463 τῇ

2106 5495 2320 5566 γνώμῃ.
2363 5494 2580 5568 Πολλοῖς
2615 5497 2724 5567 γὰρ
2767 5498 2800 5568 ὴ
2840 5497 3064 5565 γλῶσσα
3103 5495 3396 5568 προτρέχει
3429 5493 3522 5560 τῆς
3552 5489 3654 5542 δια·

2107 5587 2276 5650 νοίας.

2195 5679 2508 5750 Ἰσοκράτης
2540 5667 2567 5734 ὃ
2601 5681 2802 5751 ῥήτωρ,
2839 5680 3154 5751 Καραίωνος
3183 5679 3341 5744 Βντος
3373 5676 3547 5734 λάλου,
3572 5666 3652 5724 καὶ

2111 5772 2394 5841 σχολάζειν
2428 5772 2554 5843 παρ’
2579 5773 2726 5844 αὐτῷ
2761 5772 3109 5844 βουλομένου,
3139 5771 3354 5835 διττοὺς
3387 5768 3546 5834 ήτησε
3577 5777 3654 5832 μι-
