4004 6252
399 306 534 373 illi!)

1137 318 1302 378 LOCI
1349 319 1788 383 COMMUNES.
1818 347 1887 356 —
1923 321 2120 384 PARS
2160 324 2243 388 II.
2284 320 2542 384 SERMO
2594 325 2802 386 LXXI.

398 423 557 486 σθούς
576 439 590 454 ο
619 424 713 477 τοῦ
743 426 797 479 δὲ
825 425 1135 498 τὴναίτίαν
1169 433 1499 503 πυθομένου,
1526 435 1666 490 Ἕνα
1697 435 1794 506 μέν
1821 435 1966 506 (ἔφη)

2112 453 2314 508 umque
2363 439 2454 494 ille
2505 453 2724 494 causam
2783 446 3272 508 percunctaretur:
3310 437 3506 507 Unam,
3565 443 3654 496 in-

397 515 481 568 ῑνα
516 515 698 568 λαλεῖν
731 519 931 591 μάθῃς,
961 523 1053 576 τὸν
1079 524 1135 577 δὲ
1162 526 1370 596 ἕτερον,
1401 527 1489 582 ἵνα
1521 529 1700 598 σιγᾷν.

473 607 539 659 Ὀ
583 608 661 680 μὴ
699 609 874 674 Θέλεις
914 615 1152 678 ἀκούειν,
1197 617 1333 687 μηδὲ
1375 618 1571 690 εἴπῃς·
1610 620 1638 672 ὃ
1682 620 1756 690 μὴ
1798 619 1971 683 θέλεις

400 699 598 766 λέγειν,
627 702 762 770 μηδὲ
789 703 974 776 ἄκουε.
1000 707 1173 761 Ὢτων
1199 709 1293 764 καὶ
1317 709 1571 781 γλώσσης
1599 711 1770 780 μέγας
1800 711 1828 764 6
1857 709 1969 762 κίν-

391 791 565 854 δυνος.

461 891 726 961 Κρείττόν
756 893 873 946 ἐστι
904 893 982 962 τῷ
1021 894 1145 948 ποδὶ
1183 895 1510 950 ὀλισθαίνειν
1545 896 1576 965 ἢ
1610 897 1678 966 τῇ
1719 893 1964 966 γλώσσῃ.

467 983 754 1051 Πλεονεξία
780 986 840 1039 τὸ
870 989 1050 1043 πάντα
1075 986 1258 1057 λέγειν
1276 1027 1294 1055 ,
1329 989 1464 1060 μηδὲ
1493 988 1712 1044 ἀκούειν
1737 989 1964 1044 ἐθέλειν.

465 1154 768 1224 Πολυλογία
818 1158 990 1223 πολλὰ
1039 1161 1336 1233 σφάλματα
1386 1163 1536 1233 ἔχει,
1586 1162 1648 1217 τὸ
1694 1161 1752 1215 δὲ
1805 1163 1968 1232 σιγᾷν

392 1245 654 1316 ἀσφαλές.

470 1339 534 1392 Ἀ
568 1340 749 1411 λόγοις
781 1344 1153 1418 ἁμάρτωμεν,
1185 1346 1368 1418 ἔργοις
1398 1347 1497 1418 τὴν
1527 1347 1801 1418 τιμωρίαν
1836 1344 1967 1418 ὑφέ-

392 1431 578 1501 ξομεν.

976 1673 1199 1730 ΛΟΓΟΣ
1251 1671 1373 1728 OA'.

2075 530 2214 599 quit,
2246 540 2312 584 ut‘
2336 530 2480 598 loqui
2520 530 2722 593 discas,
2755 530 2977 584 alteram
3008 539 3183 583 autem
3214 540 3270 581 ut
3307 537 3505 583 tacere.

2159 621 2437 676 Clitarclai.
2466 622 2597 688 Quae
2646 624 2788 678 nolis
2821 622 3026 682 audire,
3077 637 3138 674 ea
3167 637 3234 674 ne
3270 621 3435 674 dicito
3468 639 3482 675 :
3533 638 3652 690 quae

2075 715 2219 768 nolis
2247 714 2456 781 dicere,
2481 730 2543 769 ea
2581 731 2649 769 ne
2684 715 2872 768 audito
2901 715 3142 783 quidem.
3173 715 3406 767 Aurium
3429 714 3571 768 enim
3601 725 3655 769 et

2073 805 2274 874 linguae
2304 821 2564 876 magnum
2607 815 2693 860 est
2718 806 3046 874 periculum.

2150 899 2378 952 Praestat
2397 898 2531 967 pede
2553 914 2716 968 quam
2747 899 2929 968 lingua
2955 900 3085 954 labi.

2142 988 2408 1043 Socratis.
2437 989 2756 1058 Arrogantia
2804 1002 2892 1046 est
2943 991 3126 1046 omnia
3155 991 3358 1058 dicere,
3389 990 3526 1044 nihil
3555 1005 3655 1044 au-

2073 1095 2181 1142 tem
2209 1080 2399 1134 audire
2423 1080 2584 1136 velle.

2144 1171 2536 1242 Theophylacti.
2569 1172 2966 1242 Multiloqniurn
3007 1177 3228 1229 multum
3255 1178 3438 1230 damni
3474 1176 3653 1244 allert,

2068 1263 2164 1319 sed
2200 1273 2379 1320 tacere
2415 1275 2585 1318 lutum
2613 1277 2717 1320 est.

2140 1355 2444 1410 Simocata’.
2475 1357 2605 1422 Quae
2628 1359 2808 1414 verbis
2835 1361 3406 1428 peccarimus,eorum
3443 1361 3656 1434 suppli-

2069 1448 2215 1504 cium
2243 1447 2402 1503 l'actis
2437 1449 2700 1506 feremus.

2425 1652 2657 1730 SERMO
2684 1669 2855 1730 LXXI
2884 1671 2984 1746 [αι.
3034 1671 3298 1746 LXXIX].

445 1784 582 1853 Περὶ
615 1787 981 1857 ἀντιλογίας,
1011 1789 1108 1842 καὶ
1135 1789 1530 1857 θρασύτητος,
1562 1789 1660 1843 καί
1692 1788 1905 1858 ἔριδος.

2153 1768 2230 1838 Βὲ
2275 1785 2705 1855 contradictione,
2761 1795 2810 1842 et
2844 1787 3097 1853 audacia,
3153 1786 3577 1844 «contentione.

461 1900 534 1953 Σὺ
557 1900 641 1964 τίς
668 1895 737 1965 εἷ,
767 1903 796 1955 6
823 1901 1352 1973 ἀνταποκρινόμενος
1372 1903 1448 1974 τῷ
1465 1903 1582 1974 Θεῷ
1605 1921 1621 1970 ;
1658 1904 1734 1974 μὴ
1758 1904 1876 1974 ἐρεῖ
1902 1904 1963 1956 τὸ

392 1993 617 2063 πλάσμα
645 1994 722 2064 τῷ
772 1995 1064 2062 πλάσαντι,
1101 1993 1166 2049 Τί
1217 2013 1288 2066 με
1328 1997 1593 2064 ἐποίησας
1652 1996 1862 2062 οὖτως;
1928 1995 1962 2066 ἢ

388 2083 490 2136 οὐκ
515 2082 626 2153 ἔχει
651 2083 902 2149 ἐξουσίαν
931 2085 959 2138 6
998 2089 1276 2156 κεραμεὺς
1296 2086 1390 2139 τοῦ
1441 2086 1638 2156 πηλοῦ,
1664 2088 1727 2140 ἐκ
1750 2085 1844 2138 τοῦ
1870 2087 1966 2140 αύ-

390 2176 484 2230 τοῦ
534 2177 856 2248 φυράματος
889 2179 1134 2250 ποιῆσαι,
1163 2178 1192 2233 6
1243 2182 1345 2249 μὲν
1377 2181 1457 2244 είς
1488 2179 1656 2250 τιμὴν
1691 2179 1904 2244 σκεῦος,
1936 2177 1964 2230 ὃ

388 2268 446 2321 δὲ
477 2270 556 2332 είς
584 2270 808 2340 ἀτιμίαν
829 2289 843 2338 ;

467 2361 693 2431 Σίδηρος
721 2361 1146 2434 σίδηρονξόξύνει
1168 2377 1183 2394 ·
1210 2361 1348 2432 ἀνὴρ
1377 2361 1434 2415 δὲ
1470 2360 1762 2433 παροξύνει
1787 2361 1962 2431 πρόσ-

389 2467 539 2505 ωπον
569 2451 784 2523 ἐτέρου.

469 2545 582 2615 Πρὸ
610 2545 787 2616 πυρὸς
809 2545 972 2614 ἀτμὶς
1005 2545 1236 2614 καμίνου
1271 2545 1367 2599 καὶ
1393 2545 1599 2609 καπνός
1617 2561 1637 2579 ο
1673 2543 1818 2600 οὕτω
1857 2545 1967 2616 πρὸ

393 2637 642 2707 αἱμάτων
671 2636 953 2704 λοιδορίαι.

449 2732 621 2801 ιἝρις
675 2728 1410 2799 κατασπευδομένηέκκαίει
1464 2728 1610 2800 πῦρ,
1661 2731 1756 2784 καὶ
1809 2727 1961 2798 μάχη

392 2820 843 2878 κατασπεύδουσα
866 2822 1047 2894 ἐκχέει
1077 2817 1241 2892 αἷμα.

465 2916 792 2986 Ἀντιλογίαν
820 2915 1052 2985 πραΰνει
1084 2918 1192 2981 πᾶς
1220 2917 1465 2988 σιγηρός.

467 3009 799 3078 ’Λντιλογίας
829 3010 1032 3080 ἐγείρει
1063 3011 1168 3072 πᾶς
1202 3010 1371 3070 κακός
1390 3023 1405 3038 ⁶
1435 3009 1462 3062 6
1487 3007 1542 3061 δὲ
1570 3008 1772 3080 Κύριος
1798 3008 1965 3078 ἀγγε-

389 3103 482 3154 λον
513 3101 851 3172 ἀνελεήμονα
883 3102 1162 3170 ἐκπέμπει
1196 3101 1368 3170 αὐτῷ.

482 3192 797 3265 Ἀνθρωπος
841 3193 1257 3263 συνεθιζόμενος
1308 3193 1488 3261 λόγοις
1539 3193 1872 3264 ὀνειδισμοῦ,
1907 3194 1966 3247 ἐν

390 3289 594 3350 πάσαις
637 3290 755 3350 ταῖς
782 3287 1020 3357 ἡμέραις
1051 3289 1215 3340 αὐτοῦ
1249 3287 1310 3339 οὐ
1346 3286 1422 3357 μὴ
1453 3286 1746 3356 παιδευθῇ.

469 3376 639 3432 Ὅπου
665 3377 877 3448 ἔχθραι,
910 3379 1079 3449 ἕρεις,
1110 3379 1293 3450 θυμοὶ,
1326 3381 1678 3449 φιλονεικίαι,
1701 3380 1967 3452 θορύϐους

388 3471 682 3538 άσιγήτους
713 3472 835 3534 ταῖς
864 3471 1062 3541 ψυχαῖς
1111 3471 1460 3540 ἐμποιοῦσαι,
1490 3474 1605 3527 ἐκεῖ
1652 3473 1714 3526 τὸ
1747 3473 1968 3544 πνεῦμα

387 3563 486 3630 τῆς
517 3563 822 3633 πραότητος
850 3562 950 3616 οὐκ
981 3561 1346 3622 ἀναπαύεται.

475 3654 538 3706 Ἦ
568 3654 849 3723 ἀντιλογία
878 3653 1424 3726 τδ,αύτοκρατορικὸν
1464 3657 1560 3709 καὶ
1585 3657 1965 3711 ἀνυπότακτον

385 3743 645 3807 δείκνυσι,
680 3743 784 3798 κᾶν
803 3745 862 3798 ἐν
887 3745 1124 3816 σχήματι
1160 3748 1384 3817 γένηται
1414 3750 1816 3812 ταπεινώσεως.

459 3917 609 3970 Φιλεῖ
653 3917 761 3986 γάρ
812 3919 883 3971 τά
942 3921 1162 3986 γενναῖα
1221 3922 1543 3992 φρονήματα
1600 3922 1737 3992 πρὸς
1766 3923 1825 3976 τὸ
1874 3922 1966 3994 βίᾳ

389 4012 626 4078 κρατοῦν
660 4011 1042 4076 αὑθαδὶζεσθαι
1068 4053 1084 4080 ,
1118 4013 1213 4067 κα)⁸
1253 4014 1504 4084 καθάπερ
1536 4016 1668 4084 φλὸξ
1700 4016 1791 4068 ὑπ’
1836 4016 1964 4069 ἀνέ-

391 4120 494 4170 μου
525 4104 846 4177 ριπιξομένη
872 4146 886 4171 ,
934 4109 1176 4178 τοσούτῳ
1205 4107 1408 4177 μᾶλλον
1440 4107 1800 4173 ἀνάπτεσθαι,
1827 4107 1966 4178 ὅσῳ-

387 4211 493 4264 περ
519 4193 585 4248 ἀν
607 4197 962 4268 σφοδρότερον
991 4200 1392 4272 καταπνέηται.

464 4288 524 4341 El
554 4287 708 4352 τέλος
737 4290 984 4354 παιδείας
1004 4291 1063 4344 τὸ
1099 4293 1290 4346 ἑαυτὸν
1318 4292 1692 4364 αἰσχύνεσθαι,
1727 4295 1962 4366 ἐσχάτης

388 4380 742 4445 ἀπαιδευσίας
772 4381 834 4434 τὸ
858 4383 993 4453 μηδὲ
1024 4385 1152 4446 τοὺς
1180 4385 1370 4447 ἄλλους
1400 4386 1777 4456 αἰσχύνεσθαι.

2142 1898 2296 1957 Rom.
2323 1916 2399 1956 ix.
2442 1900 2522 1957 Tu
2549 1902 2676 1972 quis
2705 1917 2786 1968 es,
2844 1903 2939 1972 qui
2975 1918 3040 1957 ex
3098 1903 3326 1957 adverso
3356 1904 3654 1971 respondes

2073 1991 2221 2047 Deo?
2263 1991 2404 2046 Num
2467 1993 2612 2048 dicet
2669 1993 2984 2063 ﬁgmentum
3021 1994 3194 2049 lictori
3224 2008 3328 2049 suo
3376 2009 3390 2046 :
3427 1994 3538 2049 Cur
3563 2007 3651 2047 me

2071 2082 2152 2140 sic
2207 2083 2432 2138 fecisti?
2473 2100 2654 2141 annon
2688 2085 2851 2139 habet
2899 2095 3222 2155 potestatem
3299 2087 3496 2156 ﬁgulus
3529 2087 3652 2147 ltiti,

2071 2192 2138 2232 ex
2167 2179 2356 2233 eadem
2413 2193 2594 2234 massa
2661 2178 2898 2234 faciendi
2953 2179 3100 2235 aliud
3131 2193 3226 2236 vas
3261 2180 3651 2245 honoriﬁcum,

2072 2268 2218 2323 aliud
2250 2269 2636 2326 dedccorosum
2654 2272 2680 2325 ?

2145 2361 2306 2416 Prov.
2330 2378 2496 2418 xxvn.
2523 2361 2747 2420 Ferrum
2766 2363 3156 2431 acuitl‘errum,
3182 2363 3347 2419 homo
3367 2363 3645 2418 hominem

2073 2463 2382 2525 exasperat.

2144 2546 2216 2603 Ut
2244 2555 2370 2602 ante
2399 2547 2577 2616 ignem
2609 2561 2784 2617 vapor
2814 2546 3013 2601 camini
3065 2554 3120 2602 et
3152 2545 3335 2603 fumus
3365 2547 3538 2616 praeit,
3569 2545 3652 2601 sic

2073 2647 2200 2691 ante
2218 2638 2442 2692 vulnera
2469 2640 2793 2710 sanguinem
2817 2643 3084 2698 convicia.
3491 2659 3495 2663 '

2150 2730 2318 2787 Eccli.
2353 2747 2547 2788 xxviii.
2615 2731 2907 2789 Contentio
2932 2735 3235 2790 accelerata
3259 2734 3434 2803 ignem
3459 2748 3653 2788 accen-

2073 2821 2168 2886 dit,
2198 2821 2359 2892 223
2383 2831 2438 2876 et
2463 2838 2641 2893 pugna
2670 2824 2937 2880 festinans
2971 2825 3299 2894 sanguinem
3331 2826 3577 2881 ellundits.

2050 2986 2070 2994 _
2147 2915 2545 2970 Dissensionem
2580 2916 2733 2972 sedat
2760 2920 2940 2972 omnis
2966 2918 3295 2973 taciturnus.

2154 3004 2534 3062 Dissensiones
2563 3008 2768 3063 excitat
2787 3009 2966 3065 omnis
2992 3009 3172 3066 malus
3210 3028 3222 3064 :
3261 3009 3522 3064 Dominus
3547 3023 3649 3063 au.-

1995 3123 2038 3182 ο
2075 3105 2182 3152 tem
2219 3098 2296 3152 illi
2331 3099 2585 3168 angelum
2620 3099 3107 3154 inmisericordem
3140 3101 3323 3156 mittit.

2149 3189 2504 3246 Assucl‘actus
2533 3190 2714 3246 verbis
2745 3190 3024 3259 probrosis
3059 3191 3115 3245 in
3148 3192 3404 3247 omnibus
3459 3191 3653 3246 diebus

2071 3283 2189 3340 suis
2212 3299 2316 3338 non
2349 3283 2732 3353 castigabitur.

2143 3374 2202 3430 S.
2239 3375 2453 3430 Basilii.
2491 3374 2588 3430 Ubi
2623 3375 2769 3441 odia,
2799 3375 2941 3440 lites,
2975 3374 3090 3437 irae,
3113 3375 3516 3439 contentiones,
3539 3390 3656 3428 ma—

2070 3481 2208 3536 gnos
2241 3466 2506 3520 tumultus
2539 3466 2594 3520 in
2627 3467 2827 3522 animis
2851 3465 3114 3533 excitant,
3145 3465 3218 3520 ibi
3251 3465 3464 3536 Spirius
3496 3480 3654 3519 man-

2071 3557 2378 3613 suetudinis
2413 3573 2519 3612 non
2550 3558 2867 3627 requiescit.

2141 3648 2259 3718 Ipsa
2289 3650 2654 3704 contradictio
2685 3650 3102 3719 imperatorium
3159 3652 3418 3724 quiddam
3469 3654 3524 3707 cl
3563 3666 3656 3708 vo-

2068 3742 2336 3796 luntatem
2370 3741 2504 3795 nulli
2537 3759 2596 3796 se
2628 3743 2958 3813 subjiciendi
3033 3745 3261 3814 indicat,
3325 3747 3538 3805 etiarnsi
3597 3750 3651 3804 in

2069 3832 2261 3885 lnnnili
2291 3833 2455 3886 luerit
2485 3833 2699 3887 habitu.

2140 3923 2402 3995 Theologi.
2455 3923 2640 3980 Solent
2723 3929 2868 3982 enim
2946 3943 3145 3998 magno
3169 3929 3364 4000 spiritu
3443 3931 3652 3999 praediti

2068 4015 2322 4071 violentis
2383 4019 2782 4073 contumaciter
2833 4020 3228 4092 pr'efracthue
3257 4023 3538 4080 resistere.
3597 4032 3655 4079 et

2065 4107 2522 4176 quemadmodum
2555 4107 2769 4164 damma
2809 4125 2838 4164 a
2870 4121 3029 4166 vento
3069 4114 3324 4178 excitata,
3357 4123 3503 4167 tanto
3537 4129 3655 4168 ma-

2066 4201 2148 4273 gis
2176 4200 2423 4268 accendi,
2455 4210 2663 4268 quanto
2688 4202 3068 4260 vehementius
3093 4207 3364 4272 sumatur.

2139 4291 2197 4348 S.
2233 4291 2424 4365 Chrys.
2457 4293 2514 4350 Si
2552 4295 2674 4351 linis
2707 4297 2971 4352 doctrina:
3004 4307 3088 4351 (Erl.
3111 4297 3346 4365 seipsum
3380 4299 3648 4363 revereri,

2065 4397 2326 4441 extremae
2345 4396 2428 4440 est
2451 4385 2756 4455 imperitiae,
2791 4404 2858 4441 ne
2898 4386 3033 4440 alios
3077 4389 3296 4456 quidem
3325 4387 3577 4440 reri-reri.

472 4472 852 4542 Ἀναισχυντία
902 4474 1006 4542 μὲν
1060 4475 1192 4530 ἴδιον
1238 4478 1469 4548 φαύλου,
1503 4479 1669 4542 αἰδὼς
1708 4479 1766 4532 δὲ
1797 4496 1966 4532 σπου-

2152 4474 2418 4530 Philonis.
2448 4475 2790 4546 lnqiudcntia
2822 4487 2906 4532 est
2961 4479 3178 4546 propria
3227 4479 3647 4544 sceleratorum,

389 4563 542 4619 δαίου
563 4580 579 4595 ⁸
603 4564 664 4617 τὸ
690 4565 745 4618 δὲ
778 4569 918 4636 μήτε
950 4568 1327 4636 αἰσχύνεσθαι,
1389 4571 1532 4640 μήτε
1566 4571 1970 4641 ἀναισχυντεῖν,

390 4655 488 4710 τοῦ
513 4655 915 4728 ἀκαταλήπτως
949 4657 1170 4727 ἔχοντος
1196 4663 1292 4714 καὶ
1319 4662 1797 4730 ἀσυγκαταθέτως.

465 4835 841 4906 Ἀριστοτέλης
870 4837 1363 4908 βλασφημούμενος
1385 4838 1480 4892 ἀπ’
1507 4813 1974 4909 ἁνθρὼπούὰσελ-

391 4929 544 4998 γοῦς,
575 4930 679 5000 ἔφη
701 4944 715 4960 ⁶
750 4930 823 4982 Σὺ
855 4929 954 5000 μὲν
976 4928 1194 4991 ἀκούεις
1232 4929 1299 4983 τά
1328 4931 1473 4984 κακά
1514 4931 1736 5000 ῥᾳδίως,
1769 4934 1860 4984 καὶ
1887 4932 1970 4984 λέ-

389 5041 510 5092 γεις
528 5025 770 5096 εὐχερῶς
791 5041 806 5055 ⁸
839 5027 959 5097 ἐμοὶ
987 5027 1043 5080 δὲ
1069 5027 1164 5080 καὶ
1194 5025 1372 5096 λέγειν
1396 5026 1584 5098 ἄηθες,
1617 5027 1710 5080 καὶ
1743 5027 1966 5081 ἀκούειν

387 5117 573 5188 ἀηδές.

463 5211 539 5264 T6
570 5210 646 5283 μὴ
671 5211 1022 5283 αἰσχύνεσθαι
1050 5211 1222 5267 κακὸν
1245 5211 1375 5268 ὄντα
1406 5209 1602 5273 κακέας
1633 5210 1929 5282 ὑπερϐολή.

463 5391 690 5466 Γλώσσῃ
719 5393 948 5467 θρασείᾳ
983 5396 1058 5467 μὴ
1115 5396 1390 5468 χρῆσθαιο
1441 5397 1700 5461 πολλάκις
1750 5399 1857 5468 γὰρ
1907 5401 1968 5451 τὸ

391 5483 595 5554 θράσος
644 5486 736 5540 καὶ
762 5487 932 5558 αὐτὴν
961 5487 1184 5541 διώλεσε
1218 5489 1316 5556 τὴν
1347 5490 1609 5560 κεφαλήν.

463 5576 668 5646 Θράσει
725 5579 823 5650 μὲν
864 5579 1036 5644 οὐδεὶς
1070 5580 1301 5647 οὐδέπω,
1342 5586 1488 5654 πόνῳ
1516 5585 1569 5638 δὲ
1605 5584 1695 5638 καὶ
1722 5585 1965 5653 γενναιό-

388 5686 513 5725 τητι
547 5671 641 5723 καὶ
660 5671 931 5744 ἐπιεικείᾳ
961 5673 1161 5746 ἀρετὴν
1190 5675 1550 5744 ἐπεκτήσατο.

2077 4572 2254 4638 pudor
2287 4581 2468 4625 autem
2507 4571 2796 4625 bonorum.
2829 4569 3036 4623 Neutro
3067 4579 3246 4622 autem
3287 4569 3483 4621 horum
3516 4568 3653 4622 alle-

2076 4672 2260 4718 ctuum
2291 4663 2517 4730 moveri,
2559 4678 2748 4718 eorum
2775 4671 2859 4718 est
2902 4665 2996 4732 qui
3053 4663 3187 4716 nihil
3233 4662 3501 4717 aliil'maltl
3559 4671 3654 4715 aut

2076 4752 2477 4807 assentiuntur.

2148 4850 2470 4904 Aristotelis.
2505 4849 2829 4904 Aristotoles
2846 4864 2970 4903 cum
2995 4850 3063 4904 ab
3083 4850 3392 4920 impudente
3418 4853 3652 4919 quodam

2074 4939 2336 4995 conviciis
2371 4941 2720 4996 lacesseretur
2753 4958 2767 4996 :
2795 4940 2898 5008 Tu,
2935 4942 3129 5011 inquit,
3164 4957 3219 4996 et
3244 4943 3493 4996 convicia
3522 4943 3652 4998 faei-

2067 5029 2123 5085 le
2156 5031 2310 5085 audis
2343 5042 2394 5084 et
2417 5031 2648 5086 libenter
2671 5033 2808 5087 dicis
2837 5049 2851 5086 :
2897 5033 3028 5086 mihi
3062 5048 3192 5086 vero
3224 5042 3279 5086 et
3309 5033 3492 5088 dicere
3543 5051 3649 5088 non

2073 5134 2415 5190 consuetum,
2438 5136 2492 5178 et
2522 5123 2712 5179 audire
2737 5124 3119 5194 injucuudum.

2149 5214 2205 5269 Si
2237 5215 2359 5277 quis
2389 5215 2566 5270 malus
2596 5230 2721 5270 cum
2771 5217 2846 5272 sit
2893 5232 3002 5272 non
3036 5217 3334 5283 erubescit,
3367 5219 3654 5290 insigniter

2073 5308 2361 5377 improbus
2387 5319 2491 5364 est.

2148 5399 2406 5455 Sacratis.
2449 5401 2653 5472 Lingua
2701 5402 2960 5472 petulanti
3001 5419 3106 5458 non
3174 5405 3457 5459 eternium.
3495 5401 3649 5470 δάιρο

2073 5492 2212 5546 enim
2245 5491 2468 5546 audacia
2493 5492 2670 5562 ipsum
2691 5493 2924 5564 perdidit
2947 5507 3130 5566 caput.

2142 5583 2437 5650 Euripidis.
2494 5583 2733 5640 Audacia
2785 5587 3004 5656 quidem
3060 5603 3219 5640 nemo
3264 5583 3441 5636 adhuc
3474 5583 3643 5635 virtu-

2073 5683 2178 5728 lt'lll
2212 5678 2570 5746 comparavit,
2608 5678 2699 5735 sed
2729 5679 3015 5742 indUstria,
3043 5675 3401 5744 generositate
3437 5681 3488 5728 et
3533 5673 3645 5730 cleo

2069 5778 2292 5820 mentm.

3516 297 3670 391 tim
3769 379 3771 382 γ
