3910 6242
247 319 365 382 1177

984 321 1153 382 LOCI
1196 321 1635 384 COMMUNES.
1682 350 1752 362 --
1782 325 1978 388 PARS
2010 329 2086 391 Il.
2124 329 2382 390 SERMO
2423 327 2700 387 LXX'IIL

3348 327 3488 392 1178

305 437 388 507 Μὴ
417 435 482 488 τὰ
520 435 701 507 ὑψηλὰ
731 437 990 507 φρονῆτε,
1020 437 1157 494 ἀλλὰ
1182 441 1293 503 τοῖς
1338 439 1616 503 ταπεινοῖς
1664 458 1787 493 συν·

1979 440 2174 498 Videte
2205 460 2272 500 ne
2307 459 2404 499 vos
2432 441 2571 497 elate
2602 439 2829 512 geratis,
2863 437 2954 494 sed
2983 437 3208 507 abjcctis
3235 447 3286 492 et
3310 437 3491 494 humi‘

239 529 525 596 απάγεσθε.

303 624 378 694 Τῇ
403 624 874 696 ταπεινοφροσύνῃ
917 626 1181 695 ἀλλήλους
1231 628 1452 697 ἡγεῖσθε
1502 628 1799 699 ὑπερέχον-

236 733 326 778 τας
350 716 576 780 ἑαυτῶν,
615 717 690 787 μὴ
721 717 787 770 τὰ
817 719 1027 773 ἑαυτῶν
1055 718 1410 785 σκοποῦντες,
1445 719 1582 774 ἀλλὰ
1608 721 1701 773 καὶ
1732 720 1798 773 τὰ

237 806 314 858 ἐτέ
322 823 446 872 ρων.

311 897 368 951 Ὀ
402 898 532 963 Θεὸς
560 899 707 968 ἡμᾶς
735 899 862 964 τοὺς
893 901 1227 964 ἀποστόλους
1271 903 1534 973 ἐσχάτους
1583 904 1798 957 ἀπέδει-

235 993 335 1058 ξεν,
374 992 450 1055 ώς
473 991 897 1056 ἐπιθανατίους·
939 994 1020 1049 ὅτι
1067 994 1294 1063 θέατρον
1340 995 1685 1066 ἐγενήθημεν
1717 996 1796 1067 τῷ

231 1086 434 1154 κόσμῳ,
476 1089 572 1138 καὶ
599 1084 880 1154 ἀγγέλοις,
911 1088 1007 1140 καὶ
1037 1085 1370 1166 ἀχθρώποις.

311 1175 399 1239 Ὦς
459 1177 924 1247 περικαθάρματα
979 1177 1322 1248 ἐγενήθημεν
1371 1180 1465 1232 τοῦ
1542 1178 1794 1249 κόσμου,

225 1267 438 1320 πάντων
469 1267 758 1337 περίψημα
784 1267 890 1331 ἐως
912 1267 1058 1338 ἄρτι.

202 1421 210 1436 ’
291 1359 675 1428 Ταπεινώθητε
709 1357 942 1412 ἐνώπιον
979 1359 1208 1429 Κυρίου,
1242 1360 1336 1414 καὶ
1388 1359 1594 1429 ὑψώσει
1627 1363 1791 1431 ὑμᾶς.

199 1453 203 1456 “
301 1447 360 1500 ⁸0
389 1447 524 1511 Θεὸς
571 1448 940 1519 ὑπερηφάνοις
983 1449 1391 1516 ἀντιτάσσεται,
1425 1452 1704 1513 ταπεινοῖς
1736 1451 1793 1504 δὲ

223 1539 399 1592 δίδωσι
449 1535 633 1609 χάριν.
665 1539 1050 1608 Ταπεινώθητε
1086 1538 1180 1594 οῦν
1233 1542 1337 1594 ὑπὸ
1385 1543 1487 1612 τὴν
1521 1542 1793 1612 κραταιὰν

222 1635 372 1702 χεῖρα
411 1631 510 1684 τοῦ
543 1630 699 1698 Θεοῦ,
731 1631 819 1685 ἵνα
851 1633 996 1702 ὑμᾶς
1026 1632 1220 1704 ὑψώσῃ
1263 1634 1319 1686 ἐν
1355 1631 1534 1704 καιρῷ
1571 1633 1794 1686 ἐπισκοο

223 1741 343 1793 πης.

1901 534 2044 589 libus
2065 552 2161 590 vos
2191 535 2632 590 accommodate.

1975 623 2213 692 Philipp.
2245 640 2306 677 Il.
2335 620 2440 678 Per
2464 624 2830 677 humilitatem
2862 622 3029 676 animi
3058 621 3224 675 alium
3258 620 3488 690 quisque

1903 714 2008 768 sibi
2041 713 2371 768 antecellere
2421 714 2737 767 existimato
2764 752 2778 775 ,
2821 728 2927 766 non
2982 725 3156 767 vestra
3202 712 3487 768 commoda

1901 816 2163 875 spectate,
2193 807 2286 860 sed
2317 806 2483 859 etiam
2517 806 2773 859 aliorum.

1974 896 2002 949 1
2041 897 2168 951 Cor.
2200 911 2274 950 IV.
2312 896 2455 950 Dens
2505 912 2603 951 nos
2649 897 2922 966 apostolos
2970 906 3274 964 postremos
3316 897 3484 961 fecit,

1905 988 2065 1056 quasi
2113 987 2273 1040 morti
2327 986 2601 1052 addictos,
2661 988 2789 1056 quia
2830 989 3201 1055 Spectacnlum
3238 989 3360 1041 lacti
3397 1003 3486 1042 Stl-

1901 1095 2022 1132 mus
2060 1079 2264 1132 mundo
2296 1087 2349 1133 et
2387 1078 2599 1147 angelis
2626 1088 2678 1131 et
2716 1077 3045 1133 IiOmittibus.

1974 1171 2146 1237 Quasi
2185 1171 2373 1224 mundi
2423 1180 2778 1240 purgamenta
2816 1171 2937 1224 lacti
2969 1187 3157 1225 sumus
3184 1211 3199 1235 ,
3237 1171 3479 1225 omnium

1900 1260 2200 1328 peripsema
2235 1274 2407 1327 usque
2439 1237 2638 1312 adhuc.

1967 1348 2088 1403 Jac.
2124 1348 2498 1404 Ilumiliamini
2530 1366 2713 1404 coram
2751 1351 3008 1414 Domino,
3042 1359 3094 1404 ct
3120 1352 3337 1404 extollet
3358 1366 3478 1405 vos.

1971 1447 2004 1498 Ι
2032 1443 2176 1498 Petr.
2213 1460 2264 1498 ν.
2301 1443 2564 1514 Snperbis
2604 1443 2748 1498 Deus
2775 1445 3002 1509 resistit,
3042 1445 3338 1498 humilibus
3379 1461 3479 1496 au-

1899 1543 2004 1590 tem
2057 1535 2149 1588 dat
2197 1535 2459 1605 gratiam.
2495 1517 2869 1588 ilumiliamini
2911 1536 3075 1604 igitur
3117 1536 3218 1590 sub
3273 1534 3478 1602 potenti

1898 1643 2064 1682 manu
2109 1627 2226 1692 Dei,
2257 1635 2317 1682 ut
2356 1643 2453 1682 vos
2477 1628 2681 1682 exaltet
2707 1628 2761 1681 in
2800 1637 3043 1697 tempore
3068 1627 3422 1681 visitationis.

198 1815 205 1852 λ
297 1813 610 1882 Ἀμήχανον
637 1813 745 1882 ζτδν
777 1815 850 1884 μὴ
897 1814 1327 1885 καταδεξάμενον
1373 1815 1433 1868 τὸ
1485 1815 1618 1886 πρὸς
1655 1815 1787 1869 πάν-

1975 1806 2034 1862 S.
2068 1806 2282 1862 Basilii.
2319 1807 2458 1861 Fieri
2512 1824 2615 1862 non
2655 1817 2874 1877 potest,
2908 1817 2965 1861 ut
2999 1810 3041 1862 is
3079 1809 3166 1876 qui
3206 1823 3314 1860 non
3354 1808 3477 1861 inli-

217 1920 308 1966 τας
340 1903 570 1966 ὑποδεές
621 1908 715 1959 καὶ
758 1905 1008 1974 ἔσχατον,
1057 1907 1350 1975 δυνηθῆναί
1394 1924 1523 1960 ποτε
1558 1909 1590 1977 ἢ
1629 1908 1796 1960 λοιδο-

216 1995 501 2064 ρούμενον,
551 1995 722 2065 θυμοῦ
768 1997 1061 2067 κρατῆσαι,
1108 1999 1141 2069 ἢ
1193 1997 1529 2066 θλιϐόμενον,
1564 1999 1651 2051 διὰ
1689 2017 1792 2070 μα-

214 2089 521 2159 κροθυμίας
563 2087 951 2159 περιγενέσθαι
981 2089 1090 2142 τῶν
1124 2089 1472 2160 πειρασμῶν.

183 2284 186 2298 '
274 2269 589 2340 Γυμνάσιον
629 2266 1146 2337 ταπεινοφροσύνης,
1178 2268 1211 2338 ή
1239 2270 1296 2320 ἐν
1337 2271 1450 2332 τοῖς
1479 2270 1791 2322 εὐτελεστέ-

209 2377 318 2430 ροις
373 2358 674 2427 πράγμασι
721 2357 994 2428 διατριϐὴ,
1022 2357 1100 2425 {to
1134 2358 1306 2422 πάθος
1338 2361 1437 2429 τῆς
1485 2360 1790 2429 φιλοδοξίας

207 2449 614 2519 θεραπεύουσα.

271 2540 564 2594 Δείκνυσιν
617 2539 750 2610 ἡμῖν
778 2539 806 2592 δ
839 2537 1043 2608 Κύριος
1087 2539 1335 2610 ἀρίστην.
1367 2539 1487 2594 ὁδὸν
1531 2539 1790 2610 ύψώσεως

203 2632 296 2701 τὴν
331 2633 696 2688 ταπείνωσιν.

270 2723 662 2779 ΤὺἾαπειτὸν
729 2722 868 2795 μετὰ
921 2723 1024 2795 τῆς
1091 2720 1331 2788 εὐδοξίας
1383 2723 1494 2793 ἔχει
1547 2724 1642 2777 καὶ
1689 2724 1789 2795 τὴν

200 2817 408 2884 ἀσφάλε
419 2833 532 2870 ιαν.

268 2910 554 2978 Κρεῖσαον
587 2907 716 2962 ὄντα
772 2905 936 2978 σοφὸν
981 2905 1239 2977 ὑφίεσθαι
1285 2905 1354 2959 δι’
1395 2906 1717 2974 ἐπιείκειαν,
1749 2908 1783 2978 ἢ

193 3001 429 3072 ἀμαθῶς
465 2999 662 3071 ἔχοντα
686 2999 774 3053 διὰ
793 2999 994 3069 θράσος
1023 2999 1529 3068 ὑπερεκτείνεσθαι.

1809 3115 1854 3173 C

260 3181 355 3251 Μὴ
390 3182 455 3234 ἐν
487 3177 679 3249 ἐσθῆτι
700 3178 760 3232 τδ
780 3175 1034 3231 ταπεινὸν
1065 3175 1282 3249 ἔχωμεν
1316 3176 1500 3247 μόνον,
1530 3175 1666 3229 ἀλλὰ
1691 3175 1787 3229 καὶ

194 3273 252 3326 ἐν
299 3271 498 3342 ψυχῆς
553 3269 965 3340 καταστήματι·
1014 3269 1150 3339 μηδέ
1199 3268 1396 3339 θρύψις
1450 3269 1700 3338 αὐχένος,
1749 3267 1783 3338 ἢ

189 3365 382 3430 φωνῆς
412 3358 696 3430 ὖιρεσις,ἦ
730 3357 1022 3430 προσώπου
1054 3359 1260 3424 νεῦσις,
1287 3359 1318 3429 ἢ
1352 3359 1515 3429 βάθος
1545 3359 1782 3429 ὑπήνης,

187 3453 220 3523 ἢ
281 3452 636 3522 βαδίσματος
686 3446 820 3522 ἦθος
865 3451 927 3503 τὺ
988 3452 1244 3506 ταπεινὸν
1299 3453 1666 3524 ὑποκρίνοιτο,
1720 3454 1788 3506 τὰ

189 3544 328 3614 πρὸς
374 3543 572 3610 ὀλίγον
621 3541 969 3610 τυπούμενα,
1018 3543 1112 3596 καὶ
1155 3543 1383 3612 τάχιστα
1434 3544 1783 3612 ἐλεγχόμενα.

185 3637 305 3690 Πᾶν
333 3637 462 3706 γὰρ
500 3636 528 3688 δ
568 3635 938 3706 προσποιητὺν
986 3634 1108 3687 οὐδέ
1152 3635 1408 3704 μόνιμον.
1457 3635 1597 3688 Ἀλλ’
1633 3628 1786 3704 ὦμεν

186 3727 390 3798 ὑψηλοὶ
430 3726 542 3796 μὲν
568 3727 646 3796 τῷ
693 3727 815 3797 βίῳ,
844 3725 1089 3779 ταπεινοὶ
1115 3725 1172 3778 δὲ
1196 3724 1275 3794 τῷ
1307 3725 1650 3794 φρονήματι·
1689 3724 1785 3778 καὶ

178 3820 284 3889 τὴν
319 3820 435 3890 μὲν
483 3818 684 3889 ἀρετὴν
740 3817 1048 3888 ἀπρόσιτοι,
1096 3817 1196 3887 τὴν
1249 3817 1537 3869 συνουσίαν
1582 3816 1640 3868 δὲ
1688 3818 1784 3870 καὶ

179 3912 306 3963 λίαν
349 3910 708 3980 εὐπρόσοδοι.
769 3907 1054 3962 Πολιτικοῦ
1105 3907 1207 3977 μὲν
1253 3908 1362 3977 γὰρ
1424 3907 1584 3977 ἔργον
1640 3902 1784 3960 εἶναι

177 4003 246 4076 [f.
274 3999 480 4074 οἶμαι]
512 4002 692 4055 πάντα
733 4003 904 4054 ποιεῖν
936 4001 1030 4054 καὶ
1060 3999 1261 4068 λέγειν,
1294 4001 1352 4065 ἐξ
1381 3993 1458 4052 ὧν
1494 3999 1784 4070 εὐδοκιμή-

179 4113 268 4147 σει
301 4095 483 4165 παρὰ
512 4091 606 4145 τοῦ
658 4091 722 4164 [Ῑ.
754 4090 886 4164 τῶν]
918 4091 1150 4156 ἔξωθεν·
1187 4089 1560 4159 πνευματικοῦ
1602 4089 1658 4142 δὲ
1690 4088 1782 4143 καὶ

170 4185 275 4240 τοῦ
304 4184 452 4239 καθ’
481 4185 632 4254 ἡμᾶς
655 4183 789 4254 πρὸς
817 4182 876 4235 ἓν
908 4182 1069 4252 μόνον
1090 4181 1336 4251 βλέπειν,
1366 4183 1465 4252 τὴν
1485 4181 1779 4251 σωτηρίαν,

171 4279 209 4350 ἡ
238 4296 305 4333 τε
345 4277 630 4347 ἁπλότης,
661 4276 757 4331 καὶ
779 4275 839 4329 τὺ
862 4275 959 4330 τοῦ
983 4274 1158 4358 nam
1181 4273 1365 4330 ἄδολόν
1396 4289 1456 4329 τε
1483 4276 1579 4328 καὶ
1604 4276 1783 4346 ἀμνη-

171 4373 461 4428 σίκακον.

1902 1917 2045 1954 mam
2079 1913 2130 1956 et
2159 1911 2494 1970 postremam
2545 1913 2746 1957 sortem
2775 1904 2874 1956 sibi
2899 1918 3054 1971 sequo
3084 1903 3265 1956 animo
3293 1903 3478 1957 fcren-

1903 1995 2026 2046 dam
2085 2009 2383 2063 persuasus
2430 1995 2543 2057 sit,
2603 2005 2697 2049 aut
2749 1996 2792 2050 si
2845 1995 3151 2049 convicium
3208 1994 3308 2064 ipsi
3361 1995 3473 2058 ﬁat,

1897 2085 2031 2138 iram
2067 2086 2418 2154 comprimat,
2477 2095 2571 2139 aut
2613 2087 2657 2141 si
2690 2096 2988 2155 prematur,
3019 2085 3276 2155 patientia
3302 2085 3474 2138 victor

1896 2175 2110 2230 evadat.

1968 2265 2305 2322 Exercitatio
2357 2270 2690 2326 humilitatis
2718 2279 2842 2337 cst,
2883 2272 2937 2325 in
2973 2269 3257 2325 vilioribus
3305 2269 3474 2324 rebus

1902 2359 2149 2426 versari;
2188 2360 2270 2416 sic
2298 2361 2444 2415 enim
2483 2361 2665 2432 glorim
2699 2362 2971 2430 cupiditas
2991 2369 3303 2416 coercetur.

1963 2537 2236 2607 Optimam
2270 2538 2553 2608 dignitatis
2590 2538 2732 2591 viam
2786 2539 3018 2593 ostendit
3052 2538 3335 2602 Dominus,
3371 2537 3474 2590 bu-

1890 2629 2181 2683 militatem
2215 2629 2360 2682 dico.

1965 2719 2258 2775 llumilitas
2299 2734 2422 2774 cum
2467 2721 2698 2775 honesm
2731 2719 2874 2773 fama
2922 2719 3084 2773 habet
3117 2727 3170 2773 ct
3200 2718 3470 2774 sccurita-
3553 2754 3562 2763 -

1891 2822 2023 2867 tem.

1959 2902 2188 2957 Praestat
2229 2901 2446 2957 doctum
2481 2903 2548 2958 de
2597 2918 2695 2957 suo
2723 2902 2848 2973 jure
2885 2903 3080 2960 cedere
3124 2903 3414 2958 clementia
3445 2945 3464 2970 ,

1887 3009 2050 3063 quam
2078 2995 2392 3064 imperitum
2421 3010 2518 3064 per
2548 2995 2835 3050 audaciam
2869 2996 3098 3050 nimium
3132 2996 3248 3051 alas
3274 3005 3464 3051 exten-

1888 3088 2034 3141 dere.
2673 3104 2680 3111 ·

1965 3178 2082 3234 Non
2117 3178 2168 3233 in
2201 3189 2350 3235 veste
2395 3181 2570 3234 solum
2599 3190 2823 3235 utamur
2860 3183 3146 3246 modestia,
3179 3183 3270 3236 sed
3302 3183 3465 3238 etiam

1892 3272 1945 3327 in
1981 3274 2149 3328 animi
2207 3275 2634 3339 constitutione;
2699 3290 2875 3344 neque
2917 3275 3058 3328 enim
3109 3277 3340 3330 cervicis
3370 3277 3466 3330 de-

1886 3362 2076 3433 jectio,
2109 3372 2206 3418 aut
2256 3365 2407 3421 vocis
2459 3366 2734 3430 remissio,
2769 3373 2863 3418 aut
2912 3367 3108 3433 capitis
3139 3375 3320 3430 nutus,
3371 3375 3466 3421 aut

1891 3456 2060 3510 barba
2113 3457 2406 3524 promissa,
2439 3467 2530 3510 aut
2586 3458 2833 3510 incessus
2882 3457 3219 3524 compositus
3279 3457 3468 3535 mpde—

1889 3546 2048 3600 etiam
2079 3555 2226 3601 recte
2263 3549 2598 3617 exprimunt,
2627 3556 2814 3616 utpote
2842 3563 2963 3615 quze
3009 3548 3072 3599 ad
3104 3557 3320 3616 tempus
3365 3549 3468 3600 lin-

1889 3644 2114 3703 gun-tur,
2153 3637 2248 3692 sed
2283 3638 2570 3692 celerrime
2610 3637 2743 3692 falsa
2776 3638 3282 3705 deprehenduntur;
3307 3638 3474 3707 quid-

1887 3727 2020 3796 quid
2073 3736 2255 3782 autem
2295 3737 2380 3784 est
2407 3729 2618 3794 ﬁctum,
2659 3729 2803 3783 idem
2842 3745 2947 3783 non
2974 3730 3308 3795 diuturnum
3336 3731 3461 3784 erit.

1888 3819 2077 3874 Simus
2131 3819 2298 3890 igitur
2323 3821 2434 3873 vita
2465 3820 2682 3886 quidem
2707 3820 2833 3872 elati
2859 3858 2874 3881 ,
2921 3823 3015 3872 sed
3058 3822 3250 3888 spiritu
3281 3821 3468 3874 humi-

1888 3911 1990 3975 les,
2023 3923 2076 3966 et
2108 3914 2311 3966 virtute
2341 3911 2556 3981 quidem
2590 3911 3018 3974 inaccessibiles,
3047 3912 3466 3966 conversatione

1886 4010 2068 4056 autem
2092 4002 2392 4058 facillimus
2426 4002 2498 4056 sit
2535 4003 2600 4057 ad
2634 4017 2730 4056 nos
2757 4002 2957 4056 aditus.
2993 4002 3082 4055 Est
3113 4004 3256 4057 enim
3288 4003 3462 4056 homi-

1885 4094 1971 4150 nis
2003 4094 2181 4150 civilis
2228 4095 2489 4161 olIicium,
2525 4104 2585 4148 ut
2643 4095 2826 4149 omnia
2871 4094 3035 4147 faciat
3085 4103 3138 4148 et
3185 4093 3330 4147 dicat
3397 4108 3460 4146 ex

1884 4187 2086 4258 quibus
2150 4188 2219 4242 ab
2297 4187 2420 4242 aliis
2477 4187 2707 4257 gloriam
2756 4185 3460 4255 consequatur:spiritalis

1884 4290 2067 4334 autem
2098 4289 2155 4336 et.
2185 4279 2306 4350 ejus
2340 4278 2434 4350 qui
2461 4279 2756 4336 nobiscum
2795 4278 2985 4345 sentit,
3011 4277 3064 4331 in
3101 4277 3316 4331 unicam
3345 4292 3472 4332 rem:

1884 4379 2135 4439 spectare
2156 4411 2172 4435 ,
2211 4370 2472 4426 nimirum
2503 4371 2735 4426 salutem
2761 4410 2777 4435 ,
2807 4384 2928 4439 quae
2956 4377 3040 4424 est
3084 4369 3138 4423 in
3189 4369 3462 4437 simplici--

1711 4462 1719 4471 '
1816 4454 2027 4527 Dtate,
2065 4471 2120 4516 et
2171 4463 2420 4519 moribus
2468 4462 2697 4517 minime
2748 4460 2977 4525 dolosis,
3013 4473 3078 4514 ac
3135 4459 3469 4528 iniuriarum

243 4658 447 4714 Οὐδὲν
486 4654 659 4720 οὕτως
681 4653 760 4725 τῷ
783 4652 902 4722 Θεῷ
929 4651 1102 4720 φίλον,
1126 4649 1204 4714 ὡς
1231 4648 1293 4704 τὺ
1318 4647 1456 4720 μετὰ
1483 4649 1592 4703 τῶν
1621 4647 1786 4717 ἐσχά-

158 4773 280 4810 των
306 4750 536 4807 ἐαυτδν
559 4747 885 4818 ἀριθμῆσαι.

236 4870 374 4938 Οὐχ
410 4864 596 4927 οὕτως
631 4864 722 4916 τὸν
750 4859 1153 4932 ἁμαρτάνοντα,
1182 4856 1259 4919 ὡς
1291 4855 1382 4910 τὸν
1410 4852 1783 4926 κατορθοῦντα

154 4961 274 5032 χρὴ
306 4956 682 5030 μετριάζειν.

234 5067 768 5139 Ταπεινοφροσύνη
802 5069 919 5120 ἐστὶ
951 5065 1012 5120 τὸ
1044 5063 1245 5136 ὑψηλὸν
1269 5063 1402 5117 ὄντα
1446 5059 1558 5116 ἀπὸ
1583 5076 1784 5130 κατορ-

147 5168 484 5238 θωμάτων
512 5161 798 5216 ταπεινοῦν
825 5159 992 5213 αὐτὸν
1020 5159 1128 5211 ἀπὸ
1164 5155 1428 5217 διανοίας.

227 5279 498 5352 Μηδεὶς
524 5277 721 5330 ἄπονον
751 5273 948 5328 οἰέσθω
983 5274 1077 5327 καὶ
1120 5272 1261 5342 μετὰ
1304 5270 1587 5342 ῥᾳστώνης
1617 5269 1784 5323 ἐκπο-

141 5377 501 5447 ριξόμενον
525 5371 587 5422 τὸ
605 5369 702 5439 τῆς
729 5365 1230 5436 ταπεινοφροσύνης
1253 5361 1607 5433 κατόρθωμα.
1651 5360 1783 5428 Ἐμ-

137 5469 404 5539 πέφυκε
445 5460 563 5529 γὰρ
595 5460 656 5512 τὸ
695 5459 835 5513 κατὰ
866 5461 960 5527 τὴν
994 5457 1224 5527 ἔπαρσιν
1247 5455 1419 5516 πάθος
1448 5453 1614 5544 παντῖ
1643 5467 1767 5521 σχε-

132 5561 238 5614 δὸν
273 5556 375 5626 τῷ
409 5550 699 5607 κοινοῦντι
730 5551 829 5619 τῆς
873 5548 1218 5619 ἀνθρωπίνης
1246 5547 1484 5616 φύσεως.
1518 5545 1610 5596 Διδ
1644 5544 1778 5596 πάν-

133 5667 264 5704 των
306 5647 454 5699 τῶν
513 5641 632 5695 κατ’
660 5643 860 5714 ἀρετὴν
904 5640 1373 5712 ἐπιτηδευομένων
1427 5635 1583 5691 τοῦτό
1627 5639 1800 5696 ἐστιν,

136 5733 639 5801 ἐπιπονώτερον.

1887 4553 2187 4609 oblivione.

1957 4665 2019 4720 S.
2069 4665 2342 4734 Chrysost.
2381 4663 2525 4717 Nihil
2573 4672 2659 4718 est
2702 4673 2810 4717 tam
2847 4664 2958 4718 Deo
3003 4671 3217 4734 gratum
3245 4706 3259 4731 ,
3290 4679 3466 4734 quam-

1887 4755 2128 4824 seipsum
2159 4769 2284 4808 cum
2319 4754 2613 4823 postremis
2647 4768 2958 4810 numerare.

1955 4866 2074 4921 Non
2111 4876 2220 4921 tam
2257 4874 2593 4936 peccantem,
2626 4881 2790 4936 quam
2829 4878 2973 4922 recte
3001 4866 3313 4934 facientem,
3357 4870 3458 4926 de-

1885 4967 1970 5014 cet
2001 4958 2219 5013 modum
2245 4972 2469 5014 servare
2502 4968 2555 5013 et
2577 4958 3029 5015 mediocritatem.

1954 5071 2223 5128 Modestis
2256 5077 2362 5140 est,
2412 5069 2628 5126 fortiter
2675 5053 2835 5126 factis
2882 5080 2937 5126 et
2965 5071 3133 5144 228
3159 5073 3461 5136 virtutibus

1883 5163 2158 5221 excelsum
2195 5163 2380 5216 animo
2411 5161 2653 5231 seipsum
2676 5161 2932 5231 dejicere.

1955 5275 2125 5331 Nemo
2155 5276 2342 5331 credat
2383 5275 2572 5329 labore
2604 5278 2828 5339 carere,
2869 5287 2966 5331 aut
2997 5277 3156 5334 facile
3200 5282 3452 5349 praestari

1883 5383 2045 5440 posse
2072 5367 2352 5423 ntodestizc
2374 5375 2428 5421 et
2456 5367 2781 5422 humilitatis
2803 5368 3062 5425 cilicium.
3094 5371 3337 5424 limatum
3365 5376 3452 5422 est

1882 5461 2028 5516 enim
2062 5458 2334 5529 superbiae
2362 5458 2554 5512 vitium
2578 5459 2835 5516 omnibus
2854 5461 2967 5516 lere
2989 5469 3177 5515 natura
3208 5459 3451 5516 humana

1884 5550 2216 5606 constitutis.
2255 5550 2436 5615 Quare
2480 5550 2583 5606 hoc
2621 5565 2687 5606 ex
2719 5552 2977 5607 omnibus
3012 5549 3232 5606 virtutis
3262 5547 3451 5617 operi-

1884 5641 1986 5696 bus
2020 5639 2394 5696 dillicillimutu
2416 5650 2499 5697 est
