4004 6252
560 265 710 337 1183-

1793 259 2113 324 ANTONII
2149 259 2494 323 MELISSJE

3611 269 3720 337 1181

631 388 764 444 Vere
789 386 934 442 dicta
991 391 1074 440 est
1098 383 1166 439 ab
1219 381 1461 452 antiquis
1517 379 1698 435 inanis
1756 377 1951 449 gleria,
1989 374 2131 447 quod

2306 373 2549 437 Εἰκότως
2582 373 2803 444 εἴρηται
2859 371 3007 439 παρὰ
3060 370 3168 424 τῶν
3220 372 3444 428 παλαιῶν
3489 381 3717 448 κενοδοξία.

552 484 733 541 inanis
766 482 858 548 sit,
891 479 1026 536 nihil
1049 479 1196 534 intus
1226 477 1430 531 habens
1462 473 1608 544 quod
1640 472 1773 527 utile
1807 471 1898 528 sit.

627 686 784 756 (ἔνθα.
821 681 984 753 Nysa.
1010 679 1236 736 Generis
1287 677 1544 733 nobilitas
1583 683 1637 730 et
1697 674 1869 728 fastus
1911 671 2132 742 superbi

556 779 935 849 cngnationem
964 789 1088 829 cum
1121 771 1322 843 ﬁgltnis
1351 769 1609 825 lateribus
1649 767 1875 822 habent.
1908 765 1988 835 (l)

629 873 936 927 Elii-enatus
967 877 1019 922 et
1065 875 1354 936 protervus
1384 875 1497 921 tum
1547 861 1672 918 aliis
1720 858 1860 914 adiri
1896 871 2004 944 non
2037 870 2133 925 po-

559 975 686 1032 test,
717 975 829 1018 tum
863 963 978 1032 ipse
1007 961 1110 1018 sibi
1143 960 1398 1016 inimicus
1429 966 1538 1014 est.

627 1077 683 1132 Si
717 1075 974 1131 detrahas
1037 1073 1308 1129 fastuosos
1340 1085 1544 1135 mores,
1574 1071 1669 1125 iraa
1723 1067 1906 1124 nullus
1969 1067 2134 1122 relin-

556 1178 756 1241 quetur
791 1171 968 1221 locus.

626 1285 814 1339 Elatus
840 1293 922 1336 est
955 1293 1172 1349 semper
1195 1277 1570 1346 arrogantium
1601 1275 1842 1340 animus,
1866 1284 1918 1329 et
1953 1275 2017 1328 ad
2045 1288 2136 1328 su—

556 1377 743 1432 blimia
774 1389 990 1443 semper
1025 1373 1217 1435 fertur,
1250 1371 1540 1424 convivere
1588 1367 1972 1423 humilioribus
2029 1382 2133 1419 non

559 1471 862 1534 sustinens,
909 1475 964 1520 et
1011 1463 1351 1519 moderatum
1398 1470 1456 1517 et
1510 1460 1772 1515 humilem
1821 1458 2132 1528 despiciens

559 1563 830 1634 spiritum.

627 1653 961 1712 Laudatione
1006 1665 1219 1706 summa
1272 1649 1466 1719 dignus
1514 1657 1619 1714 est,
1645 1646 1738 1715 qui
1789 1653 2134 1715 arrogantem

555 1751 692 1814 odit,
727 1746 977 1800 videlicet
1020 1744 1197 1813 ipsum
1230 1716 1556 1810 arrogantiae
1613 1739 1830 1799 vitium,
1858 1735 2002 1805 quod
2054 1743 2137 1788 est
2167 1716 2212 1774 Β

559 1841 806 1896 omnium
851 1837 1120 1891 malorum
1179 1831 1566 1892 foedissimum,
1615 1836 1730 1882 tum
1777 1826 1916 1894 apud
1967 1823 2139 1878 Deum

557 1942 674 1988 tum
697 1931 840 2000 apud
888 1926 1140 1983 homines
1181 1923 1432 1978 odiosum
1486 1933 1540 1974 et
1597 1917 1980 1988 rejiciendum.
2005 1914 2140 1980 Quis

556 2024 702 2080 enim
762 2027 1191 2088 contemptorem
1241 2029 1347 2068 non
1403 2018 1557 2083 putat
1588 2009 1886 2065 ‘molestum
1947 2016 2000 2060 et
2054 2005 2142 2060 in-

555 2110 951 2171 tolerandum?
1011 2107 1134 2177 quis
1183 2106 1458 2174 turgidum
1503 2118 1612 2155 non
1675 2101 1785 2153 odit
1845 2095 2145 2167 spiritum?

556 2207 680 2277 quis
705 2219 812 2258 non
838 2201 1052 2256 inﬂatos
1077 2195 1440 2266 obiurgandus
1468 2193 1658 2264 putat?
1749 2215 1756 2221 η

629 2298 853 2365 Semper
886 2293 1030 2347 enim
1062 2287 1465 2360 quodammodo
1496 2299 1759 2354 arrogans
1817 2291 1898 2338 est
1942 2280 2140 2346 audax,

559 2405 742 2461 asper,
777 2386 1092 2449 iracundus,
1120 2392 1171 2437 et
1201 2379 1469 2449 compesci
1503 2394 1608 2433 non
1630 2387 1824 2446 potest.

631 2477 889 2533 Clement.
921 2471 1154 2525 Excelso
1181 2477 1236 2523 et
1266 2467 1506 2538 glorioso
1555 2466 1712 2519 aﬂixa
1759 2472 1842 2519 cst
1892 2462 2145 2518 volubilis

559 2571 627 2627 ad
668 2567 1024 2624 humilitatem
1055 2561 1288 2617 mutatio
1316 2569 1370 2614 et
1413 2573 1597 2627 casus,
1626 2566 1688 2612 ut
1740 2556 1930 2612 divina
1985 2555 2146 2611 docet

560 2664 1068 2806 dog/36:53am":
1095 2744 1316 2815 quidam
1368 2741 1670 2812 sapientem
1717 2740 1965 2794 omnium
2019 2753 2148 2808 pos-

559 2853 793 2898 tremum
825 2853 1024 2894 exuere
1061 2835 1244 2890 inanis
1273 2831 1464 2903 gloriae
1501 2829 1775 2894 tunicam;
1816 2828 2017 2884 etenim
2087 2836 2148 2882 ut

560 2935 696 2989 alias
739 2929 1180 3003 perturbationes
1219 2933 1462 2995 superet,
1493 2938 1523 2978 a
1563 2921 1736 2992 gloria
1779 2928 1834 2978 et
1882 2934 1913 2975 a
1959 2917 2146 2991 populi

561 3026 872 3081 laudatione
905 3021 1150 3090 superari
1180 3020 1339 3072 solet.

635 3117 713 3170 Ex
761 3117 846 3169 his
877 3115 970 3184 qui
1012 3113 1065 3167 in
1119 3109 1402 3180 republica
1454 3119 1767 3171 versantur,
1797 3105 1845 3161 si
1890 3102 2147 3158 detrahas

563 3209 819 3264 materias
843 3205 923 3278 [id
952 3213 1054 3269 est,
1087 3203 1234 3274 quod
1271 3196 1621 3269 forinsecus],
1645 3197 1807 3253 inane
1841 3195 2148 3266 sepulcrum

561 3300 720 3372 231
754 3299 997 3369 reperies
1032 3303 1215 3351 mente
1245 3305 1466 3349 carens.

632 3416 904 3471 Honorem
929 3421 1020 3467 aut
1051 3409 1429 3479 magistratum
1470 3405 1593 3476 quis
1621 3402 1998 3472 contempsit?
2023 3400 2150 3456 Nul-

560 3511 648 3565 lus
673 3507 788 3563 fere
813 3507 1026 3562 illorum
1055 3502 1148 3573 qui
1178 3501 1360 3556 adhuc
1407 3496 1651 3554 immersi
1709 3496 1939 3553 fuerunt
1993 3494 2145 3550 inani

562 3601 778 3672 gloriae.

633 3705 870 3784 Evagrii.
901 3712 1178 3782 Indignum
1209 3720 1292 3767 est
1324 3718 1386 3767 ut
1453 3711 1500 3767 is
1548 3710 1638 3780 qui
1682 3723 1872 3780 parum
1901 3709 2146 3778 prodest,

560 3805 1111 3876 multumjglorietur.

630 3899 689 3954 In
722 3899 978 3955 omnibus
1011 3897 1176 3952 rebus
1205 3894 1392 3965 opinio
1420 3893 1646 3964 impedit
1686 3892 1816 3947 illud
1865 3890 2013 3963 quod
2062 3897 2147 3948 est

558 4007 771 4048 revera.

633 4080 933 4136 Ventilator
962 4082 1184 4138 virtutis
1213 4081 1428 4136 animus
1453 4084 1749 4151 superbus.

626 4172 876 4228 Cisterna
910 4174 1171 4228 destituta
1197 4173 1380 4242 aquis,
1409 4173 1628 4228 animus
1655 4173 1843 4243 gloriae
1887 4173 2140 4244 cupidus.

626 4262 909 4332 Superbus
943 4264 1160 4320 animus
1184 4265 1544 4320 diversorium
1586 4265 1894 4320 latronum.

629 4355 792 4411 Joan.
826 4355 987 4412 Clim.
1012 4355 1273 4428 Jejunans
1301 4357 1487 4428 gloriae
1517 4358 1698 4414 inanis
1721 4358 1954 4428 cupidus
1987 4374 2136 4426 sum,

2233 466 2494 531 Διὰκενος
2528 466 2637 536 γάρ
2691 469 2840 520 ἐστιν
2897 455 3066 534 ἔνδον,
3111 465 3258 519 οὐδὲν
3287 466 3465 538 ἔχουσά
3501 490 3544 525 τι
3573 477 3722 546 mm.

2238 576 2359 629 μον.

2316 676 2382 728 Ἠ
2436 675 2685 744 εὐγένεια
2727 677 2822 731 καὶ
2856 677 2887 746 ἡ
2920 674 3186 744 σεμνότης
3221 675 3312 728 τοῦ
3342 677 3644 749 ὑπερηφάνου
3675 688 3722 737 τὸ

2239 770 2504 837 συγγενὲς
2531 769 2669 840 πρὸς
2699 767 2798 839 τὴν
2837 767 3058 820 πλίνθον
3087 766 3222 836 ἔχει.

2319 861 2378 915 '0
2406 861 2622 932 ἀπηνὴς
2664 861 2760 914 καὶ
2809 859 3041 928 σο6αρὸς
3077 857 3499 927 ἀπροσπέλαστός
3523 861 3622 913 ἐστι
3645 865 3729 928 τοῖς

2239 951 2545 1020 ἐγγίζουσι,
2569 950 2664 1004 καὶ
2692 949 2963 1019 δυσμενὴς
2989 946 3192 1019 ἐαυτῷ.

2319 1063 2448 1117 Ἐὰν
2491 1062 2698 1134 ὑφέλῃς
2739 1059 2832 1114 τοῦ
2866 1060 3038 1128 τύφου
3067 1060 3130 1113 τὸ
3156 1053 3307 1130 ἦθος,
3335 1061 3508 1132 καιρὸν
3535 1063 3620 1136 οὐχ
3643 1064 3731 1130 ἕξει

2237 1157 2298 1210 τὸ
2324 1156 2458 1209 κατὰ
2483 1154 2654 1225 Θυμὸν
2687 1151 3010 1222 ἐγγενέσθαι
3056 1151 3246 1214 πάθος.

2309 1267 2597 1339 Μετέωρός
2643 1269 2792 1322 ἐστιν
2829 1267 2914 1320 ἀεί
2958 1281 3076 1326 πως
3130 1263 3238 1316 τῶν
3291 1264 3588 1330 ἀλαζόνωνό
3619 1267 3731 1335 νοῦς,

2239 1360 2332 1414 καὶ
2363 1359 2499 1428 πρδς
2547 1357 2616 1411 τὰ
2663 1358 2777 1412 ἄνω
2822 1356 3075 1426 φέρεται,
3111 1353 3337 1423 συζῆσαι
3365 1355 3731 1427 χθαμαλωτέροις

2239 1453 2340 1505 οὐκ
2371 1451 2722 1522 ἀνεχόμενος,
2752 1451 2848 1504 καὶ
2879 1449 2938 1502 τὺ
2973 1447 3197 1518 μέτριον
3225 1445 3316 1499 καὶ
3343 1447 3568 1501 ταπεινὸν
3585 1448 3733 1514 ἀτιμά-

2241 1541 2350 1606 ζων
2381 1541 2668 1613 φρόνημα.

2301 1657 2603 1727 Εὑφημίας
2662 1655 2763 1726 τῆς
2809 1654 3096 1723 ἀνωτάτης
3153 1651 3301 1720 ἄξιος
3355 1653 3381 1705 ό
3433 1651 3515 1706 τὸν
3558 1650 3735 1714 ἀλαζόνα

2245 1748 2440 1816 μισῶν,
2495 1748 2664 1817 ἤγουν
2716 1746 2848 1799 αὐτὸ
2880 1747 2939 1797 τὸ
2989 1745 3181 1815 χρῆμα
3234 1744 3329 1814 τὴν
3387 1742 3734 1807 άλαζονείαν,τὸ

2246 1841 2464 1894 πάντων
2515 1839 2795 1909 αἴσχιστον
2823 1837 2933 1890 τῶν
2963 1837 3179 1900 κακῶν,
3213 1836 3306 1888 καὶ
3353 1835 3490 1906 παρᾶ
3533 1834 3630 1904 Θεῷ
3671 1837 3736 1886 καὶ

2245 1933 2554 2004 ἀνθρώποις
2611 1931 2882 2002 στυγηρδν
2935 1931 3027 1983 καὶ
3079 1927 3405 1999 ἀπόϐλητον.
3453 1927 3538 1988 Τίς
3566 1927 3652 1995 γὰρ
3674 1927 3736 1979 τὸν

2245 2025 2563 2096 ὑπερόπτην
2596 2024 2694 2095 οὐχ
2746 2025 2964 2092 ἡγεῖται
3025 2019 3423 2093 φορτικόν;τῑς
3457 2019 3512 2073 τὸ
3565 2019 3740 2086 ὑπέρογ-

2247 2135 2342 2172 κον
2386 2118 2448 2171 οὐ
2495 2117 2848 2188 παραιτεῖται
2897 2115 3156 2187 φρόνημα
3185 2129 3199 2180 ;
3228 2114 3339 2174 τοῖς
3372 2113 3506 2181 μέγα
3556 2114 3740 2180 φυσῶσιν

2246 2208 2330 2272 τίς
2355 2208 2455 2262 οὐκ
2481 2209 2713 2278 ὲπιτιμᾶ
2739 2225 2754 2274 ;

2331 2299 2444 2353 Ἀεὶ
2467 2299 2577 2369 γάρ
2606 2300 2723 2362 πώς
2752 2299 2903 2352 ἐστιν
2931 2297 2958 2350 6
2982 2297 3201 2363 ἀλαζὼν
3230 2296 3446 2369 θρασὺς,
3471 2295 3554 2348 καὶ
3579 2292 3739 2347 detens-

2251 2407 2362 2456 σος,
2396 2390 2658 2462 δύσοργός
2684 2409 2742 2445 τε
2776 2393 2872 2446 καὶ
2905 2391 3330 2456 ἁκατεύναστος.

2317 2481 2408 2552 Τῷ
2451 2481 2746 2554 ὑψουμένῳ
2796 2485 2892 2537 καὶ
2942 2473 3372 2554 μεγαλυνομένῳ
3416 2477 3743 2550 παραπεπηγεν

2247 2573 2612 2646 ἀγχίστροφος
2642 2575 2675 2644 ἡ
2715 2575 2852 2643 πρὸς
2879 2574 2941 2626 τι
2968 2574 3229 2628 ταπεινδν
3262 2571 3515 2646 μεταϐολὴ
3535 2569 3616 2624 καὶ
3636 2565 3743 2620 πτῶ-

2252 2683 2358 2732 σις,
2391 2666 2466 2732 ὡς
2492 2668 2520 2721 ό
2551 2667 2693 2728 θεῖος
2715 2667 2958 2720 διδάσκει
2991 2666 3178 2736 λόγος.

2321 2757 2458 2811 Φασί
2485 2774 2652 2824 τινες,
2678 2759 2761 2812 ὅτι
2794 2759 3027 2814 ὕστατον
3059 2759 3393 2813 ἀποδύσεται
3417 2757 3498 2810 τὸν
3522 2755 3604 2825 τῆς
3629 2767 3742 2805 xero-

2249 2848 2430 2916 δοξίας
2475 2850 2680 2920 χιτῶνα
2709 2854 2738 2904 6
2773 2852 2958 2922 σοφός.
2992 2853 3105 2905 Καὶ
3138 2851 3249 2920 γὰρ
3277 2849 3382 2902 τῶν
3429 2849 3584 2903 ἄλλων
3607 2844 3745 2898 παθῶν

2252 2948 2656 3015 περικρατὴσει
2682 2961 2698 2976 ο
2730 2945 2868 2998 ἀλλὰ
2899 2948 3001 3015 τῆς
3033 2943 3193 3015 δόξης
3255 2945 3346 2997 καὶ
3390 2941 3476 2996 τοῦ
3517 2939 3642 3010 παρὰ
3669 2935 3746 2995 τοῖς

2251 3034 2468 3099 πολλοῖς
2506 3037 2733 3090 ἐπαίνου
2765 3037 3009 3107 πέφυκεν
3039 3035 3337 3108 ἡττᾶσθαι.

2323 3126 2446 3183 Τῶν
2479 3126 2770 3182 πολιτικῶν
2796 3127 2892 3181 ἐὰν
2918 3128 3018 3190 τὰς
3046 3127 3180 3192 ὔλας
3211 3127 3430 3198 ἀφέλῃς,
3457 3123 3595 3178 κενὸν
3623 3120 3747 3188 τάφον

2251 3219 2533 3294 εὑρήσεις,
2565 3219 2691 3275 νοῦν
2742 3219 2844 3274 οὐκ
2877 3219 3088 3291 ἔχοντα.

2323 3420 2420 3484 Τίς
2472 3419 2698 3491 τιμῆςὴ
2729 3419 2907 3491 ἀρχῆς
2958 3421 3414 3494 καταπεφρόνηκε
3437 3438 3453 3488 ;
3477 3415 3642 3488 Σχεδὸν
3677 3411 3752 3464 τῶν

2253 3509 2336 3564 ἔτι
2389 3509 2760 3582 πεφυρμένων
2789 3513 2848 3564 ὲν
2883 3513 3072 3577 κεναῖς
3123 3511 3308 3578 δόξαις
3354 3510 3518 3573 οὐδεὶς
3545 3507 3595 3558 τὺ
3620 3499 3748 3572 παρὰ·

2251 3609 2382 3653 παν.

2325 3713 2508 3770 Δεινόν
2533 3715 2650 3768 ἐστι
2684 3715 2827 3786 μέγα
2856 3716 3075 3786 φρονεῖν
3105 3717 3285 3787 μικρὰ
3317 3714 3619 3784 πράττοντα.

2247 3957 2249 3959 ι
2333 3891 2421 3943 Ἐν
2452 3890 2616 3943 παντὶ
2646 3890 2707 3944 τὸ
2731 3891 2938 3946 οἴεσθαι
2965 3892 3044 3964 τῷ
3079 3889 3220 3946 εἶναι
3247 3889 3535 3963 ἐμποδίζει.

2321 4089 2626 4159 Λικμήτωρ
2655 4088 2859 4160 ἀρετῆς
2882 4089 3145 4160 λογισμὸς
3176 4092 3540 4162 ὑπερήφανος.

2317 4181 2534 4244 Λάκκος
2560 4180 2787 4252 ἄνυδρος
2821 4181 3096 4250 φιλόδοξος
3123 4184 3300 4256 ψυχή.

2331 4273 2717 4344 Ὑπερήφανος
2745 4271 2890 4344 ψυχὴ
2916 4275 3236 4347 πανδοχεῖον
3280 4275 3504 4348 λῃστῶν.

2317 4364 2616 4436 Νὴστεύων
2655 4365 2944 4432 κενοδοξῶ,
2981 4368 3240 4422 καταλύω
3269 4369 3358 4423 ἴνα
3388 4368 3462 4438 μὴ
3479 4362 3688 4436 γωσθῶ,
3706 4357 3758 4416 ὥς

557 4452 698 4506 abdo
728 4465 814 4506 me
843 4459 902 4504 ut
924 4423 1146 4521 ignotus
1191 4423 1328 4516 sim;
1350 4461 1611 4520 tanquam
1653 4423 1894 4518 prudens
1947 4423 2142 4508 rursus

2251 4423 2518 4530 φρόνιμος
2543 4459 2707 4514 πάλιν
2739 4423 3026 4526 κενοδοξῶ.
3068 4460 3317 4530 Λαμπρὰ
3366 4423 3757 4529 περιδεόλημένις

555 4543 790 4614 gloriam
823 4554 1044 4613 appeto.
1081 4539 1379 4612 Splendide
1409 4541 1641 4597 vestitus
1674 4541 1743 4597 ab
1777 4541 1868 4596 illa
1899 4542 2136 4599 vincor:

552 4635 646 4692 vili
681 4635 869 4690 habitu
903 4643 1098 4700 tectus,
1127 4649 1348 4690 rursum
1399 4632 1630 4706 gloriam
1658 4633 1821 4704 cupio
1852 4650 1867 4688 :
1908 4635 2140 4704 loquens

551 4729 766 4791 vincor,
802 4734 991 4784 tacens
1020 4741 1212 4783 rursus
1256 4728 1434 4783 vietus
1467 4742 1588 4784 sum
1617 4741 1985 4800 :quocunque
2014 4743 2139 4798 pro-

547 4819 746 4889 ieceris
770 4819 936 4876 istum
971 4819 1252 4887 tribulum,
1278 4818 1505 4875 aculeus
1535 4826 1646 4874 stat
1679 4828 1886 4876 rectus.

620 4931 850 4988 Difﬁcile
863 4940 949 4988 est
965 4932 1142 4988 inanis
1165 4932 1353 5003 gloriae
1367 4933 1668 4990 daemonem
1687 4933 1923 5004 eli'ugere
1958 4951 1973 5001 ;
2009 4949 2136 4989 nam

551 5024 815 5094 quidquid
850 5024 1074 5080 molitus
1101 5024 1292 5090 fueris,
1322 5035 1381 5080 ut
1409 5025 1550 5080 hanc
1585 5027 2135 5098 exstirpes,idipsum

551 5113 660 5168 erit
692 5112 918 5169 alterius
949 5114 1127 5171 inanis
1151 5114 1338 5184 glorise
1373 5115 1614 5170 initium.

621 5201 735 5258 Fur
769 5204 942 5260 solem
969 5205 1290 5273 detestatur,
1325 5209 1595 5278 superbus
1627 5208 1909 5267 modestos
1961 5210 2142 5280 despi-

550 5294 648 5351 cit.

621 5388 812 5445 Melior
863 5396 950 5445 est
1005 5403 1128 5444 cum
1161 5392 1374 5448 ratione
1415 5393 1524 5448 vini
1574 5394 1746 5462 potio,
1807 5409 1968 5465 quam
1999 5409 2126 5449 cum

549 5481 690 5537 fastu
727 5495 894 5553 aqua.

2250 4544 2499 4616 ἡττῶμαι
2524 4546 2753 4618 ταύτην,
2777 4548 2874 4600 καὶ
2905 4548 3100 4618 εὐτελῆ
3147 4547 3500 4612 ἐξαλλάσσων
3527 4545 3664 4598 πάλιν
3697 4555 3759 4592 κε.

2249 4636 2448 4701 νοδοξῶ
2473 4653 2487 4669 ο
2519 4637 2695 4692 λαλῶν
2729 4638 3006 4710 ἡττῶμαι,
3035 4640 3129 4692 καὶ
3177 4641 3468 4709 σιωπήσας
3513 4636 3656 4690 πάλιν
3693 4632 3757 4700 ήτο

2248 4727 2442 4797 τήθην.
2487 4729 2578 4792 Ὠς
2610 4730 2677 4784 ἂν
2711 4731 2877 4802 ῥίψῃς
2906 4732 3006 4804 τὴν
3031 4731 3284 4801 τρισολον
3312 4732 3532 4802 ταύτην,
3558 4729 3690 4799 ὀρθὸν
3721 4722 3758 4773 τι

2247 4819 2473 4890 κέντρον
2503 4820 2739 4876 ἵσταται.
2907 4844 2912 4846 -

2318 4931 2573 4986 Χαλεπὸν
2604 4933 2892 5002 διαφυγεῖν
2939 4935 3031 4990 τὸν
3065 4937 3164 5008 τῆς
3217 4940 3524 5005 κενοδοξίας
3566 4933 3757 5000 δαίμονα.

2251 5024 2316 5076 Ὃ
2353 5027 2463 5096 γὰρ
2499 5025 2715 5096 ποιήσει
2749 5043 2833 5091 τις
2864 5027 3228 5102 καθαιρήσειν
3262 5031 3455 5102 αὐτὴν,
3478 5027 3619 5082 τοῦτο
3652 5019 3755 5091 ἀρχὴ

2245 5115 2552 5181 κενοδοξίας
2582 5116 2776 5188 ἐτέρας
2805 5120 3117 5189 γενήσεται.

2315 5205 2673 5262 Βδελύττεται
2694 5208 2851 5279 ἥλιον
2873 5211 3134 5283 κλέπτης,
3163 5214 3517 5286 ὑπερήφανος
3534 5209 3584 5263 δὲ
3607 5202 3753 5279 πραεῖς

2240 5301 2530 5368 ὲξουθενεῑ.

2313 5397 2575 5464 ’Ἄμεινον
2603 5399 2636 5469 ἡ
2674 5399 2817 5467 μετὰ
2842 5399 3000 5471 λόγου
3026 5403 3308 5457 οξωποσὶα
3337 5401 3436 5472 τῆς
3472 5399 3596 5472 μετὰ
3617 5392 3748 5462 τύφου

2239 5485 2586 5556 ὐδροποσίας.

637 5659 712 5729 (l)
733 5657 1001 5714 Nimirum
1027 5658 1156 5730 quia
1181 5673 1374 5718 omnes
1408 5661 1652 5719 homines
1677 5678 1741 5719 ex
1773 5661 1888 5719 luto
1923 5673 1981 5719 ut
2010 5665 2210 5724 lateres
2237 5667 2512 5738 originem
2541 5669 2766 5726 ducunt.
