4004 6252
319 326 452 392 1189

315 533 429 586 ἐστι
471 535 651 604 χρεία.
694 538 886 608 Μαρία
911 540 968 593 δὲ
995 542 1093 611 τὴν
1116 543 1328 614 ἀγαθὴν
1371 546 1566 617 μερίδα
1591 546 1894 618 ἐξελέξατο,

315 623 434 694 ἣτις
466 627 564 679 οὐκ
591 628 1029 702 ἀφαιρεθήσεται
1064 633 1159 701 ἀπ’
1187 633 1378 705 αὐτῆς.

387 717 700 804 Παρακαλῶ
733 715 827 777 οὖν
883 725 1051 795 ὑμᾶς,
1101 721 1346 796 ἀδελφοὶ,
1382 729 1732 801 περισσεύειν
1766 734 1900 804 μᾶλ-

315 813 429 874 λον,
478 803 575 866 καὶ
605 809 1009 886 φιλοτιμεῖσθαι
1039 821 1357 892 ἡσυχάζειν,
1409 825 1504 877 καὶ
1536 803 1805 895 πράσσειν
1833 825 1901 881 τὰ

315 901 444 967 ἴδια,
478 903 574 957 καὶ
604 905 932 975 ἐργάζεσθαι
962 912 1080 973 ταῖς
1112 913 1304 983 χερσὶν
1331 905 1508 984 ΰμῶν.

395 1083 607 1155 Ῥᾴδιον
648 1085 867 1157 ἑκάστῳ
915 1092 1070 1157 ἡμῶν
1119 1092 1606 1166 πολυπραγμονεῖν
1643 1097 1712 1149 τὰ
1745 1093 1906 1149 ἀλλά-ι

315 1190 463 1244 τρια,
487 1176 519 1243 ἦ
559 1179 626 1230 τὰ
650 1181 825 1232 οἰκεία
857 1181 1053 1234 ἑαυτοῦ
1081 1183 1542 1242 διασκέπτεσθαι.

387 1268 581 1322 Πολλοὶ
637 1271 736 1339 μὲν
788 1273 851 1324 τὸ
897 1274 1110 1343 κάρφος
1164 1278 1226 1329 τὸ
1279 1279 1339 1332 ὲν
1390 1279 1469 1349 τῷ
1505 1271 1774 1351 ὀφθαλμῷ
1807 1279 1904 1336 τοῦ

319 1357 553 1427 ἀδελφοῦ
605 1363 954 1428 κατανοοῦσι,
986 1365 1084 1436 τὴν
1129 1367 1189 1420 δὲ
1218 1361 1276 1423 ἒν
1301 1369 1380 1442 τῷ
1404 1373 1593 1442 οἰκείῳ
1641 1372 1908 1446 ὀφθαλμῷ

326 1449 482 1502 δοκὸν
511 1452 610 1504 οὐκ
636 1451 1025 1521 ἐμϐλέπουσινι

391 1541 601 1612 Ὥσπερ
619 1543 730 1614 γὰρ
753 1544 823 1597 τὰ
855 1546 1019 1616 θηρία
1044 1548 1498 1620 εὐκαταγώνιστά
1526 1556 1641 1609 ἐστι
1665 1557 1910 1628 καταψη-

317 1629 537 1701 χθέντα,
565 1632 740 1698 οὕτως
793 1635 1230 1709 ἐπιθυμίαι,ᾮώ¹
1269 1642 1450 1715 ὀργαὶ,
1479 1647 1575 1699 καὶ
1603 1646 1780 1715 φόϐοι,
1816 1647 1911 1702 καὶ

320 1723 517 1789 λύπαι,
567 1728 633 1780 τά
671 1721 858 1782 ίοϐόλα
904 1731 1002 1799 τῆς
1035 1729 1211 1804 ψυχῆς
1255 1736 1422 1800 κακὰ,
1467 1739 1907 1794 κατευνασθέντα

317 1817 408 1871 διὰ
437 1819 535 1888 τῆς
578 1821 828 1891 ἡσυχίας,
878 1797 972 1877 καί
1004 1797 1081 1896 μή
1112 1797 1534 1900 ’ἐξαγριούμενα
1565 1824 1643 1900 τῷ
1691 1829 1907 1902 συνεχεῖ
1942 1797 1984 1860 Β

318 1911 622 1982 ἐρεθισμῷ,
648 1913 1228 1991 εὐκαταγωνιστότερα
1255 1923 1321 1992 τῇ
1357 1921 1587 1993 δυνάμει
1621 1923 1716 1976 τοῦ
1739 1923 1903 1993 λόγου

317 2004 550 2073 γίνεται.

392 2091 467 2144 Τὸ
515 2093 921 2167 ἀπεσχισμένον
949 2094 1048 2156 καὶ
1087 2094 1292 2166 ίόιάζον
1321 2106 1416 2158 τοῦ
1453 2096 1778 2161 κοινωνικοῦ
1809 2105 1905 2160 καὶ

319 2184 602 2256 ἡνωμένου
631 2189 742 2252 τοῖς
775 2191 993 2254 πολλοῖς
1021 2195 1440 2266 προτιμότερον.

398 2275 651 2333 Συντελεῖ
689 2281 824 2350 πρὸς
862 2283 925 2336 τὸ
952 2275 1250 2356 ἀμέριστον
1270 2285 1368 2356 τῆς
1385 2287 1562 2360 ψυχῆς
1593 2293 1654 2345 τὸ
1680 2285 1904 2356 ἱδιάζειν

316 2370 461 2423 κατὰ
491 2369 588 2440 τὴν
623 2366 858 2441 οἴκησιν.
887 2365 962 2428 Τὸ
993 2377 1104 2448 γὰρ
1135 2378 1590 2450 ἀναμεμιγμένην
1623 2382 1769 2454 ἔχειν
1804 2384 1904 2453 τὴν

318 2458 468 2531 ζωὴν
498 2464 611 2524 τοῖς
661 2463 913 2534 ἀφρόνως
957 2468 1053 2520 καὶ
1081 2473 1576 2540 καταφρονητικῶς
1611 2475 1749 2546 πρὸς
1797 2473 1900 2544 τὴν

317 2553 524 2624 ἀκριϐῆ
560 2555 795 2627 τήρησιν
838 2556 950 2611 τῶν
996 2557 1226 2612 ἐντολῶν
1279 2560 1648 2634 διακειμένοις
1706 2564 1905 2635 βλαϐε-

320 2644 437 2715 ρόνὲ

403 2736 645 2806 Ἡσυχία
682 2726 776 2792 οὖν
832 2739 980 2811 ἀρχὴ
1034 2740 1358 2812 καθάρσεως
1411 2740 1480 2816 τῇ
1536 2742 1707 2815 ψυχῇ,
1763 2747 1905 2817 μήτε

319 2826 579 2897 γλώσσης
610 2828 882 2900 λαλούσης
909 2831 979 2884 τὰ
1023 2833 1132 2886 τῶν
1161 2835 1260 2888 ἀνθ
1273 2835 1492 2906 ρώπων,
1536 2839 1673 2907 μήτε
1702 2833 1906 2906 ὀφθαλ-

323 2919 445 2989 μῶν
473 2919 728 2991 εὐχροίας
775 2921 1048 2993 σωμάτων
1096 2927 1192 2980 καὶ
1244 2929 1592 2999 συμμετρίας
1639 2945 1904 3001 περισκο-

317 3010 590 3078 ποῦντων,
620 3015 758 3082 μήτε
789 3015 958 3084 ἀκοῆς
982 3015 1072 3070 τὸν
1091 3011 1242 3070 τόνον
1263 3019 1364 3090 τῆς
1391 3017 1572 3090 ψυχῆς
1602 3011 1907 3092 timeam;

355 339 452 392 189
1090 339 1262 400 LOCl
1303 342 1743 408 COMMUNES.
1773 375 1844 384 -
1881 350 1912 410 Ρ

2025 347 2074 413 .S
2105 355 2184 418 Ιῐ.
2221 353 2486 420 ’ΞΕΙΠΙΟ
2518 361 2778 426 LXXVI.

315 439 534 511 Μάρθα,
572 447 843 518 μεριμνᾷς
866 449 960 502 καὶ
1004 450 1251 523 τυρόἀζῃ
1279 455 1408 524 περὶ
1436 453 1625 510 πολλά.
1669 457 1820 521 Ἐνδς
1849 459 1906 512 δέ

2025 467 2122 534 .ha,
2155 469 2388 538 Martha,
2422 474 2656 531 sollicita
2713 493 2773 534 es

3439 366 3585 436 1190

2826 487 2874 534 et
2926 482 3166 539 turbaris
3191 485 3337 541 circa
3386 488 3583 543 multas

2001 572 2110 626 res,
2145 576 2312 616 unum
2347 574 2526 619 autem
2557 575 2641 621 est
2681 583 2838 638 opus.
2878 569 3042 626 Maria
3075 576 3336 646 optimam
3378 587 3584 647 partem

1998 651 2183 718 elegit,
2206 669 2328 722 qua:
2361 672 2473 713 non
2512 659 2798 716 auferetur
2829 663 2897 719 ab
2931 679 3017 719 ea.

2074 740 2311 815 Philipp.
2348 761 2387 800 ι.
2419 745 2659 806 Obsecro
2702 752 2887 823 igitur,
2932 755 3149 823 fratres,
3200 767 3261 813 ut
3304 763 3477 835 magis
3519 777 3585 819 ac

2003 836 2177 904 magis
2226 837 2554 906 abundetis,
2619 851 2674 898 et
2727 847 2895 914 quieti
2931 864 3025 905 vos
3072 850 3336 920 tradatis,
3367 862 3420 906 et
3470 855 3582 924 pri-

2003 937 2129 982 vata
2183 931 2400 1000 negotia
2438 935 2664 1004 geratis,
2701 946 2756 992 et
2789 940 3042 997 manibus
3078 945 3273 998 vestris
3314 959 3452 1014 opus
3498 947 3584 1000 fa-

2005 1022 2186 1078 ciatis.

2076 1111 2135 1168 S.
2183 1113 2399 1171 Basilii.
2451 1111 2690 1174 Facilius
2749 1128 2835 1174 est
2910 1123 3110 1192 cuique
3159 1133 3402 1178 nostrum
3475 1125 3582 1180 alia

2008 1206 2224 1262 curiose
2254 1217 2524 1276 spectare,
2551 1213 2933 1280 quamfnostra
2961 1215 3179 1284 propria
3209 1217 3578 1270 considerare.

2079 1299 2232 1355 Multi
2269 1301 2532 1357 festucam
2559 1319 2682 1373 qua:
2711 1313 2796 1359 est
2839 1308 2894 1360 in
2921 1307 3080 1361 oculo
3114 1307 3301 1364 fratris
3328 1306 3581 1363 conside-

2011 1403 2156 1460 rant,
2193 1393 2402 1448 trabem
2438 1402 2619 1449 autent
2646 1396 2729 1451 sui
2764 1396 2910 1452 oculi
2948 1413 3056 1453 non
3088 1399 3294 1453 vident.

2084 1572 2158 1629 Ut
2188 1573 2335 1629 enim
2369 1573 2497 1630 fera:
2547 1576 2704 1633 facile
2743 1586 3097 1650 superantur,
3150 1579 3196 1635 si
3234 1579 3581 1648 demulceas;

2015 1666 2095 1722 sic
2147 1667 2492 1736 cupiditates,
2552 1667 2668 1734 irae,
2723 1670 2968 1739 timores,
3028 1672 3264 1740 dolores,
3318 1685 3582 1731 venenata

2017 1758 2186 1813 animi
2217 1760 2383 1822 mala.
2432 1776 2530 1829 per
2581 1761 2822 1832 quietem
2873 1765 3178 1834 consopita,
3229 1780 3330 1820 nec
3363 1765 3585 1820 eﬂerata

2014 1859 2273 1919 perpetua
2321 1848 2671 1919 irritatione,
2725 1853 2775 1910 vi
2829 1854 3057 1911 rationis
3102 1854 3318 1911 facilius
3373 1849 3583 1910 domari

2012 1942 2212 1997 solent.

2078 2118 2232 2184 Quod
2287 2129 2597 2189 separatum
2647 2131 2703 2178 et
2746 2124 3022 2194 privatum
3075 2133 3183 2194 est,
3224 2127 3397 2197 pluris
3443 2125 3587 2184 acsti-

2006 2219 2215 2272 matur,
2241 2228 2402 2277 quam
2427 2211 2571 2283 quod
2593 2229 2887 2269 commune
2913 2217 3100 2272 multis
3127 2228 3181 2272 et
3203 2219 3581 2288 conjunetum.

2076 2299 2240 2373 235.
2271 2300 2414 2357 Utile
2452 2313 2536 2358 est
2587 2305 2840 2372 privatim
2876 2316 2931 2362 et
2974 2309 3267 2376 separatim
3314 2310 3582 2380 habitare,

2004 2400 2064 2447 ut
2091 2395 2308 2448 animus
2336 2393 2388 2447 in
2420 2395 2602 2464 plures
2623 2406 2803 2465 partes
2824 2412 2930 2451 non
2969 2395 3346 2466 distrahatur;
3371 2418 3494 2458 nam
3527 2404 3585 2460 in

2005 2483 2114 2540 vita
2143 2485 2500 2541 commiscere
2533 2499 2594 2542 se
2620 2502 2742 2540 cum
2774 2487 2842 2544 iis
2863 2487 2952 2558 qui
2976 2491 3351 2556 imprudenter
3376 2503 3430 2548 et
3457 2509 3587 2549 con-

2005 2577 2253 2648 temptim
2294 2579 2360 2634 ad
2394 2579 2776 2636 mandatorum
2804 2579 3236 2639 observationem
3259 2586 3583 2655 exquisitam

2007 2668 2188 2723 allecti
2227 2677 2380 2736 sunt,
2415 2672 2612 2726 inutile
2676 2680 2730 2726 et
2768 2674 3136 2741 perniciosum
3167 2685 3269 2730 est.

2078 2759 2252 2827 Quies
2282 2761 2447 2831 igitur
2480 2763 2692 2816 initittm
2727 2773 2810 2818 est
2844 2763 3183 2834 purgationis
3224 2769 3416 2833 animi,
3456 2783 3581 2824 cum

2008 2865 2184 2920 neque
2215 2850 2398 2918 lingua
2441 2865 2527 2905 res
2562 2852 2832 2908 humanas
2859 2853 3122 2922 loquitur,
3155 2871 3255 2911 nec
3284 2857 3424 2910 oculi
3461 2873 3583 2912 cor-

2007 2957 2206 3014 porum
2241 2942 2455 2998 colores
2482 2951 2538 2998 et
2567 2950 2723 3013 aptas
2749 2946 3120 3000 membrorum
3175 2949 3581 3018 compactiones

2010 3035 2592 3104 cirrumspiciunt,nec
2615 3049 2776 3090 aures
2800 3033 2964 3090 animi
2987 3034 3338 3094 intentionem
3365 3039 3584 3100 solvunt

317 3103 379 3154 ἐν
413 3104 673 3174 ἀκροάσει
705 3106 885 3176 μελῶν
915 3110 1050 3180 πρὸς
1079 3109 1278 3180 ἡδονὴν
1315 3110 1730 3184 πεποιημένων,
1764 3113 1902 3185 μήτε

2025 3103 2297 3180 tudiendis
2341 3124 2569 3181 canticis
2604 3123 2671 3181 ad
2723 3126 3056 3196 voluptatem
3109 3127 3424 3199 modulatis,
3487 3141 3583 3188 aut

323 3197 567 3264 ῥήμασιν
614 3199 966 3268 εὐτραπέλων
1006 3204 1099 3256 καὶ
1129 3203 1463 3270 γελοιαστῶν
1517 3203 1846 3277 ἀνθρώπων,
1877 3205 1907 3260 ὖ

2025 3216 2179 3271 lictis
2205 3216 2530 3286 scurrilibus
2558 3227 2612 3271 et
2644 3213 2910 3286 ridiculis,
2939 3235 3048 3290 qua
3071 3235 3131 3275 re
3148 3221 3317 3276 animi
3352 3217 3585 3280 intentio

324 3292 566 3363 μάλιστα
595 3292 745 3346 λύειν
774 3295 872 3362 τῆς
899 3288 1085 3366 ψυχῆς
1117 3297 1210 3351 τὸν
1233 3297 1390 3351 τόνον
1423 3298 1692 3369 πέφυκεν.

398 3383 544 3447 Νοῦς
568 3385 666 3455 μὲν
689 3386 798 3456 γὰρ
830 3388 905 3459 μὴ
937 3389 1199 3444 σκεδαννῦ
1209 3402 1372 3460 μενος
1395 3392 1489 3445 ἐπὶ
1515 3391 1585 3446 τὰ
1614 3386 1740 3460 ἔξω,
1771 3385 1910 3464 μηδὶ

325 3475 436 3530 ὑπο
481 3476 590 3530 τῶν
629 3479 1002 3550 αἰσθητηρίων
1038 3478 1132 3535 ἐπὶ
1162 3482 1256 3536 τὸν
1289 3483 1494 3555 κόσμον
1538 3481 1910 3558 διαχεόμενος,

325 3570 581 3622 ἐπάνεισι
617 3570 716 3640 μὲν
766 3572 902 3639 πρὸς
931 3571 1148 3641 ὶαυτὺν,
1193 3571 1262 3629 δι’
1305 3571 1502 3631 ἑαυτοῦ
1534 3570 1593 3630 δὲ
1636 3578 1776 3649 ’πρὸς
1812 3579 1914 3650 τὴν

327 3664 460 3733 περὶ
509 3662 643 3716 Θεοῦ
688 3662 897 3716 ἔννοιαν
957 3663 1280 3720 ἀναϐαίνει·
1325 3663 1563 3739 κάκείνῳ
1602 3664 1680 3742 τῷ
1727 3671 1914 3725 κάλλει

329 3769 398 3807 πε
409 3754 812 3824 ριλαμπόμενός
834 3773 894 3810 τε
918 3759 1014 3811 καὶ
1044 3759 1478 3832 ὲλλαμπόμενος,
1505 3765 1601 3817 καὶ
1623 3765 1792 3836 αὐτῆς
1814 3767 1912 3836 τῆς

331 3846 551 3916 φύσεως
581 3846 754 3918 λήθην
801 3848 1089 3920 λαμὸἀνει,
1129 3853 1268 3924 μήτε
1323 3853 1460 3924 πρὸς
1502 3857 1713 3927 τροφῆς
1749 3875 1915 3929 φρον-

330 3938 474 4004 τίδα,
506 3940 643 4009 μήτε
689 3941 827 4009 πρὸς
860 3941 1231 4011 περιϐολαίων
1279 3943 1574 4015 μέριμναν,
1603 3949 1699 4016 τὴν
1735 3947 1917 4019 ψυχὴν

332 4029 732 4100 καθελκόμενος
750 4046 766 4062 ’
800 4025 936 4085 ἀλλά
963 4033 1158 4104 σχολὴν
1187 4035 1294 4088 ἀπὸ
1320 4031 1430 4091 τῶν
1461 4031 1666 4106 γηΐνων
1693 4033 1916 4110 φροντί-

333 4122 443 4175 δων
499 4124 668 4191 ἄγων,
723 4125 823 4194 τὴν
876 4126 1060 4178 πᾶσαν
1113 4127 1310 4180 ἑαυτοῦ
1372 4130 1604 4202 σπουδὴν
1667 4133 1762 4185 ἐπὶ
1817 4129 1918 4204 τὴν

332 4212 530 4284 κτῆσιν
571 4209 678 4269 τῶν
718 4214 951 4269 αξωνίων
989 4215 1210 4285 ἀγαθῶν
1252 4218 1600 4289 μετατίθησι,
1635 4223 1751 4285 πῶς
1783 4240 1917 4278 κατ-

277 4359 288 4365 ,
333 4307 550 4378 ορϐωθῇ
599 4307 746 4377 αὐτῷ
804 4309 838 4380 ὴ
877 4308 1204 4379 σωφροσύνη
1237 4309 1332 4363 καὶ
1371 4308 1405 4380 ὴ
1440 4310 1662 4381 ἀνδρίαο
1701 4309 1821 4378 πῶς
1860 4315 1918 4369 δὲ

335 4401 677 4469 δικαιοσύνη,
704 4402 800 4454 καὶ
843 4403 877 4471 ἠ
923 4403 1207 4472 φρόνησις,
1257 4403 1352 4458 καὶ
1382 4402 1439 4456 αι
1479 4402 1665 4464 λοιπαὶ
1700 4404 1915 4476 ἀρεταί.

2013 3307 2366 3379 languescere
2404 3308 2644 3366 maxime
2671 3310 2830 3367 solet.

2091 3402 2244 3456 Mens
2270 3403 2416 3456 enim
2447 3417 2572 3456 eum
2604 3401 2669 3458 ad
2701 3419 2788 3460 res
2848 3413 3108 3462 externas
3131 3421 3240 3462 non
3263 3406 3582 3478 dissipatur,

2017 3507 2118 3547 nec
2167 3493 2222 3546 in
2273 3493 2536 3548 mundum
2590 3510 2686 3565 per
2720 3505 2900 3564 partes
2958 3498 3008 3552 in
3073 3497 3270 3568 quibus
3318 3493 3409 3554 siti
3457 3507 3587 3554 sunt

2017 3599 2216 3640 sensus
2249 3583 2597 3650 diffunditur,
2658 3585 2725 3643 ad
2777 3604 2835 3644 se
2886 3589 3002 3658 ipsa
3044 3591 3463 3680 revertiturkac
3491 3605 3590 3660 per

2018 3691 2140 3733 sese
2170 3676 2238 3732 ad
2275 3675 2368 3732 Dei
2419 3679 2699 3733 notionem
2749 3681 3041 3748 ascendit;
3097 3691 3258 3752 atque
3317 3675 3407 3735 illa
3465 3682 3589 3752 pul-

2018 3764 2332 3825 chritudine
2357 3784 2482 3825 cum
2509 3769 2987 3827 circumlustratur
3018 3781 3181 3842 atque
3224 3772 3586 3836 illuminatnr,

2020 3864 2196 3932 ipsius
2231 3875 2449 3932 quoque
2508 3869 2718 3915 naturae
2769 3861 3137 3928 obliviscitur,
3187 3878 3296 3916 non
3345 3863 3589 3916 alimenti

2023 3967 2154 4008 cura
2182 3961 2277 4007 aut
2324 3950 2650 4016 vestimenti~
2677 3951 2922 4006 anintum
2971 3947 3293 4017 sollicitans,
3327 3950 3419 4007 sed
3451 3951 3591 4005 libe-

2021 4055 2139 4102 rata
2164 4044 2395 4101 terrenis
2418 4044 2565 4099 curis
2586 4057 2802 4098 omnem
2831 4058 2993 4098 suum
3020 4042 3259 4098 studium
3285 4043 3349 4098 ad
3373 4056 3593 4110 campa-

2023 4139 2192 4193 randa
2239 4137 2380 4192 bona
2459 4136 2791 4206 sempiterna
2838 4135 3119 4199 transfert,
3173 4149 3282 4201 quo
3332 4132 3589 4186 nimirum

2022 4227 2436 4297 temperantiam
2486 4235 2540 4281 et
2591 4219 2986 4290 fortitudinem,
3018 4223 3287 4291 justitiam
3341 4231 3397 4279 et
3460 4238 3596 4292 pru-

2024 4321 2287 4385 dentiam,
2315 4329 2367 4375 et
2397 4319 2634 4389 reliquas
2665 4319 2893 4374 virtutes
2930 4318 3128 4374 habeat
3158 4326 3213 4372 et
3251 4324 3524 4375 exerceat.
3596 4314 3598 4319 ’

409 4491 530 4562 Χρὴ
566 4509 619 4544 τι
662 4491 754 4544 καὶ
781 4469 1098 4562 ἡσυχάζειν,
1128 4487 1268 4545 ὥστε
1303 4493 1592 4559 ἀθολώτως
1659 4469 1912 4570 προσομι-

2102 4501 2367 4570 Tlteologi.
2402 4499 2627 4565 Quietus
2664 4511 2765 4551 nos
2799 4511 2924 4551 esse
2971 4504 3202 4564 oportet,
3238 4502 3295 4547 ut
3327 4509 3432 4546 non
3477 4501 3594 4546 tur-

336 4583 454 4638 λείν
479 4578 556 4654 τῷ
580 4581 726 4653 Θεῷ,
777 4578 871 4638 καὶ
901 4585 1099 4654 μικρόν
1141 4593 1195 4637 τι
1240 4579 1500 4654 συνάγειν
1538 4591 1630 4642 τὸν
1657 4587 1783 4643 νοῦν
1815 4591 1912 4646 ἀπε

2027 4596 2249 4652 bulente
2280 4610 2401 4647 cum
2429 4593 2537 4648 Deo
2566 4591 2968 4660 colloquamur,
3015 4598 3072 4644 et
3116 4588 3395 4656 paululum
3436 4601 3593 4639 revo-

338 4674 450 4731 τῶν
481 4668 830 4732 πλανώντων.

2026 4702 2216 4744 cemus
2249 4692 2482 4740 mentem
2518 4683 2586 4738 ab
2616 4681 2683 4736 iis
2711 4696 2832 4752 quae
2867 4679 3141 4735 seducunt
3188 4689 3241 4733 et
3285 4678 3457 4732 errori
3513 4677 3596 4732 in-

2027 4784 2269 4836 volvunt.

2096 4873 2463 4928 Observamus
2485 4865 2717 4922 invicem
2759 4872 2965 4928 errata,
3001 4877 3108 4918 non
3144 4869 3201 4915 ut
3224 4861 3592 4930 deploremus,

2026 4965 2117 5022 sed
2147 4970 2204 5018 ut
2244 4959 2635 5031 exprobremus
2668 4974 2684 5013 :
2718 4971 2820 5012 nec
2851 4964 2913 5010 ut
2957 4970 3235 5018 sanemus,
3276 4953 3370 5008 sed
3397 4960 3480 5005 ~ut
3510 4951 3595 5006 in.

2025 5068 2190 5123 super
2219 5052 2604 5105 vulneremus:
2636 5057 2690 5102 et
2715 5062 2812 5118 pro
2828 5044 3141 5100 defensione
3169 5057 3479 5101 nosuorum
3517 5045 3595 5100 vi-

2028 5143 2228 5199 tiorum
2256 5139 2525 5196 habemus
2552 5138 2927 5210 proximorum
2950 5134 3200 5209 vulnera.

412 4855 700 4932 τηροῦμεν
730 4859 829 4923 τὰς
878 4855 1125 4930 ἀλλήλων
1167 4858 1464 4929 ἁμαρτίας,
1513 4857 1621 4913 οὐδ’
1660 4861 1749 4916 ἵνα
1794 4859 1928 4935 θρη-

339 4955 619 5022 νήοωμεν,
666 4943 780 5004 ἀλλ’
823 4943 913 5003 ἵνα
955 4949 1334 5019 ’ὀνειδίσωμε’ν,
1377 4951 1488 5004 οὐδ’
1517 4949 1608 5004 ἵνα
1655 4953 1927 5022 θεραπεύ-

342 5056 552 5112 σωμιν,
603 5033 719 5096 ἀλλ’
773 5039 868 5097 ἶνα
915 5043 1395 5114 ζπροσπλήξωμεν,
1466 5045 1559 5096 καὶ
1623 5042 1927 5113 ἀπολογίαν

344 5137 562 5206 ἔχωμεν
596 5127 704 5189 τῶν
738 5127 1023 5206 ἡμετέρων
1051 5134 1240 5189 κακῶν
1265 5133 1336 5187 τὰ
1363 5135 1471 5188 τῶν
1499 5135 1730 5206 πλησίον
1757 5129 1923 5204 τραῦ-

341 5241 515 5290 ματα.

431 5320 497 5374 Ἢ
543 5322 857 5392 ἀπράγμων
891 5321 1092 5393 ἡσυχία
1127 5321 1225 5393 τῆς
1259 5320 1319 5374 ὲν
1352 5319 1648 5392 πράγμασι
1690 5335 1928 5391 περιφα-

340 5410 499 5477 ’νεῐας
528 5415 852 5484 τιμιωτέρα.

422 5506 547 5568 Bia;
579 5507 804 5576 ήσύχιος
842 5505 1146 5577 χρημάτων
1187 5498 1398 5560 πολλῶν
1436 5503 1927 5578 περιφανέστερος.

435 5595 723 5663 Ἐπίπονος
775 5602 886 5662 τοῖς
930 5597 1125 5652 νεωστὶ
1146 5598 1609 5668 ἀποτασσσμένοις
1641 5598 1675 5667 ή
1705 5595 1925 5667 ἡσυχία.

357 5690 491 5743 Τότε
522 5689 630 5756 γὰρ
655 5689 846 5758 καιρθιν
875 5685 1118 5740 λαϐοῦσα
1147 5686 1180 5756 ἡ
1213 5685 1426 5757 μνήμη,
1464 5686 1646 5739 πᾶσαν
1681 5685 1931 5738 ἀνακινεῐ

361 5781 456 5852 τὴν
478 5780 533 5850 ἐγ
547 5778 806 5851 κειμένην
825 5778 1194 5869 ἀκαθαρσίαν,
1214 5777 1642 5872 οὑφσχολόιζοΨ
1662 5777 1933 5872 πρότε

2099 5317 2317 5387 Gregor.
2353 5309 2622 5387 Nysseni;
2655 5308 2789 5369 Nili.
2829 5307 3013 5369 Otiosa
3052 5313 3205 5384 quies
3255 5310 3428 5384 pluris
3453 5311 3598 5368 mti-

2028 5412 2249 5479 manda,
2285 5425 2450 5481 quam
2478 5407 2822 5474 negotiorum
2861 5406 3089 5462 illustris
3118 5408 3388 5461 tractatio.

2099 5501 2222 5558 Vita
2249 5505 2432 5572 quieta
2468 5500 2655 5554 multis
2682 5499 2930 5569 pecuniis
2975 5497 3348 5569 anteponenda
3387 5500 3492 5551 est.

2102 5595 2386 5651 Molestum
2422 5593 2489 5647 iis
2517 5592 2608 5662 qui
2634 5605 2826 5647 recens
2877 5596 3245 5650 secesserunt,
3289 5585 3457 5641 otium
3489 5589 3599 5650 est,

2031 5687 2178 5759 quod
2229 5693 2362 5739 tunc
2409 5682 2755 5738 occasionem
2811 5687 2970 5734 nacta
3023 5676 3318 5742 memoria,
3379 5689 3599 5729 omnem

2031 5777 2228 5851 repetit
2256 5783 2312 5834 et
2346 5781 2525 5832 movet
2564 5772 2784 5831 insitam
2819 5768 3236 5835 immunditiem,
3283 5781 3408 5822 cum
3439 5774 3601 5822 antea
