  <div class='ocr_page' id='page_1' title='image "/cluster/home/n/w/nwhite01/storage/ocr_20150623/136/mdp.39015038093210/603.png"; bbox 0 0 3910 6242; ppageno 0'>
   <div class='ocr_carea' id='block_1_1' title="bbox 422 281 565 349">
    <p class='ocr_par' dir='ltr' id='par_1_1' title="bbox 422 281 565 349">
     <span class='ocr_line' id='line_1_1' title="bbox 422 281 565 349; baseline -0.049 0"><span class='ocrx_word' id='word_1_1' title='bbox 422 281 565 349; x_wconf 75' lang='lat'><strong>1191</strong></span> 
     </span>
    </p>
   </div>
   <div class='ocr_carea' id='block_1_2' title="bbox 1682 263 2374 325">
    <p class='ocr_par' dir='ltr' id='par_1_2' title="bbox 1682 263 2374 325">
     <span class='ocr_line' id='line_1_2' title="bbox 1682 263 2374 325; baseline 0 -2"><span class='ocrx_word' id='word_1_2' title='bbox 1682 263 1931 325; x_wconf 82' lang='grc' dir='ltr'><strong>ΛΝΤΟΝ</strong></span> <span class='ocrx_word' id='word_1_3' title='bbox 1943 264 2001 325; x_wconf 90' lang='grc' dir='ltr'>ΙΙ</span> <span class='ocrx_word' id='word_1_4' title='bbox 2026 263 2374 324; x_wconf 62' lang='grc' dir='ltr'><strong>ΜΕΠΞΒᾸΞ</strong></span> 
     </span>
    </p>
   </div>
   <div class='ocr_carea' id='block_1_3' title="bbox 3550 257 3670 321">
    <p class='ocr_par' dir='ltr' id='par_1_3' title="bbox 3550 257 3670 321">
     <span class='ocr_line' id='line_1_3' title="bbox 3550 257 3670 321; baseline -0.008 -1"><span class='ocrx_word' id='word_1_5' title='bbox 3550 257 3670 321; x_wconf 82' lang='lat'><strong>1192</strong></span> 
     </span>
    </p>
   </div>
   <div class='ocr_carea' id='block_1_4' title="bbox 424 369 2012 455">
    <p class='ocr_par' dir='ltr' id='par_1_4' title="bbox 424 376 2003 455">
     <span class='ocr_line' id='line_1_4' title="bbox 424 376 2003 455; baseline -0.013 -7"><span class='ocrx_word' id='word_1_6' title='bbox 424 392 493 448; x_wconf 85' lang='lat' dir='ltr'><strong>ad</strong></span> <span class='ocrx_word' id='word_1_7' title='bbox 548 391 601 446; x_wconf 90' lang='lat' dir='ltr'><strong>id</strong></span> <span class='ocrx_word' id='word_1_8' title='bbox 650 389 953 445; x_wconf 78' lang='lat' dir='ltr'><strong>iaciendum</strong></span> <span class='ocrx_word' id='word_1_9' title='bbox 1038 376 1276 455; x_wconf 83' lang='lat' dir='ltr'><strong>spatium</strong></span> <span class='ocrx_word' id='word_1_10' title='bbox 1322 394 1431 434; x_wconf 89' lang='lat' dir='ltr'><strong>non</strong></span> <span class='ocrx_word' id='word_1_11' title='bbox 1484 376 1734 440; x_wconf 83' lang='lat' dir='ltr'><strong>haberet,</strong></span> <span class='ocrx_word' id='word_1_12' title='bbox 1778 383 2003 445; x_wconf 84' lang='lat' dir='ltr'><strong>prepter</strong></span> 
     </span>
    </p>
   </div>
   <div class='ocr_carea' id='block_1_5' title="bbox 2130 369 3681 455">
    <p class='ocr_par' dir='ltr' id='par_1_5' title="bbox 2130 369 3681 446">
     <span class='ocr_line' id='line_1_5' title="bbox 2130 369 3681 446; baseline -0.003 -19"><span class='ocrx_word' id='word_1_13' title='bbox 2130 378 2261 430; x_wconf 59' lang='lat' dir='ltr'><strong>&#39;oCtO</strong></span> <span class='ocrx_word' id='word_1_14' title='bbox 2290 376 2479 440; x_wconf 81' lang='grc' dir='ltr'><strong>ποιεῖν,</strong></span> <span class='ocrx_word' id='word_1_15' title='bbox 2503 375 2590 428; x_wconf 72' lang='grc' dir='ltr'><strong>διὰ</strong></span> <span class='ocrx_word' id='word_1_16' title='bbox 2621 375 2680 429; x_wconf 79' lang='grc' dir='ltr'>τὸ</span> <span class='ocrx_word' id='word_1_17' title='bbox 2709 373 2909 446; x_wconf 80' lang='grc' dir='ltr'>πλῆθος</span> <span class='ocrx_word' id='word_1_18' title='bbox 2936 372 3044 426; x_wconf 82' lang='grc' dir='ltr'><strong>τῶν</strong></span> <span class='ocrx_word' id='word_1_19' title='bbox 3072 369 3477 442; x_wconf 73' lang='grc' dir='ltr'><strong>περισπώντων</strong></span> <span class='ocrx_word' id='word_1_20' title='bbox 3507 386 3681 441; x_wconf 72' lang='grc' dir='ltr'><strong>πραγ-⁴</strong></span> 
     </span>
    </p>
   </div>
   <div class='ocr_carea' id='block_1_6' title="bbox 425 472 1707 541">
    <p class='ocr_par' dir='ltr' id='par_1_6' title="bbox 425 472 1707 541">
     <span class='ocr_line' id='line_1_6' title="bbox 425 472 1707 541; baseline -0.014 -2"><span class='ocrx_word' id='word_1_21' title='bbox 425 482 832 539; x_wconf 70' lang='lat' dir='ltr'><strong>multitudinem</strong></span> <span class='ocrx_word' id='word_1_22' title='bbox 886 475 1307 533; x_wconf 86' lang='lat' dir='ltr'><strong>distrahentium</strong></span> <span class='ocrx_word' id='word_1_23' title='bbox 1343 472 1707 541; x_wconf 79' lang='lat' dir='ltr'><strong>negotiorum.</strong></span> 
     </span>
    </p>
   </div>
   <div class='ocr_carea' id='block_1_7' title="bbox 496 561 1989 644">
    <p class='ocr_par' dir='ltr' id='par_1_7' title="bbox 496 561 1989 644">
     <span class='ocr_line' id='line_1_7' title="bbox 496 561 1989 644; baseline -0.012 -16"><span class='ocrx_word' id='word_1_24' title='bbox 496 572 728 644; x_wconf 88' lang='lat' dir='ltr'><strong>Sapiens</strong></span> <span class='ocrx_word' id='word_1_25' title='bbox 755 569 990 639; x_wconf 91' lang='lat' dir='ltr'><strong>quietem</strong></span> <span class='ocrx_word' id='word_1_26' title='bbox 1020 574 1074 620; x_wconf 91' lang='lat' dir='ltr'><strong>et</strong></span> <span class='ocrx_word' id='word_1_27' title='bbox 1097 565 1270 619; x_wconf 91' lang='lat' dir='ltr'><strong>otium</strong></span> <span class='ocrx_word' id='word_1_28' title='bbox 1319 561 1690 633; x_wconf 81' lang='lat' dir='ltr'><strong>persequitur,</strong></span> <span class='ocrx_word' id='word_1_29' title='bbox 1725 565 1784 612; x_wconf 91' lang='lat' dir='ltr'><strong>ut</strong></span> <span class='ocrx_word' id='word_1_30' title='bbox 1808 571 1989 612; x_wconf 87' lang='lat' dir='ltr'><strong>rerum</strong></span> 
     </span>
    </p>
   </div>
   <div class='ocr_carea' id='block_1_8' title="bbox 422 649 1996 732">
    <p class='ocr_par' dir='ltr' id='par_1_8' title="bbox 422 649 1996 732">
     <span class='ocr_line' id='line_1_8' title="bbox 422 649 1996 732; baseline -0.015 -6"><span class='ocrx_word' id='word_1_31' title='bbox 422 667 730 726; x_wconf 79' lang='lat' dir='ltr'><strong>divinarum</strong></span> <span class='ocrx_word' id='word_1_32' title='bbox 756 667 1064 732; x_wconf 78' lang='lat' dir='ltr'><strong>opportune</strong></span> <span class='ocrx_word' id='word_1_33' title='bbox 1084 671 1307 725; x_wconf 88' lang='lat' dir='ltr'><strong>compos</strong></span> <span class='ocrx_word' id='word_1_34' title='bbox 1334 654 1449 709; x_wconf 84' lang='lat' dir='ltr'><strong>ﬁat.</strong></span> <span class='ocrx_word' id='word_1_35' title='bbox 1474 652 1706 722; x_wconf 79' lang='lat' dir='ltr'><strong>Sapiens</strong></span> <span class='ocrx_word' id='word_1_36' title='bbox 1731 649 1996 719; x_wconf 86' lang='lat' dir='ltr'><strong>demigrat</strong></span> 
     </span>
    </p>
   </div>
   <div class='ocr_carea' id='block_1_9' title="bbox 423 739 1995 817">
    <p class='ocr_par' dir='ltr' id='par_1_9' title="bbox 423 739 1995 817">
     <span class='ocr_line' id='line_1_9' title="bbox 423 739 1995 817; baseline -0.009 -8"><span class='ocrx_word' id='word_1_37' title='bbox 423 765 479 810; x_wconf 90' lang='lat' dir='ltr'><strong>et</strong></span> <span class='ocrx_word' id='word_1_38' title='bbox 533 751 829 817; x_wconf 75' lang='lat' dir='ltr'><strong>transfugit</strong></span> <span class='ocrx_word' id='word_1_39' title='bbox 880 764 909 804; x_wconf 89' lang='lat' dir='ltr'><strong>a</strong></span> <span class='ocrx_word' id='word_1_40' title='bbox 962 748 1074 802; x_wconf 85' lang='lat' dir='ltr'><strong>vita</strong></span> <span class='ocrx_word' id='word_1_41' title='bbox 1134 745 1365 802; x_wconf 79' lang='lat' dir='ltr'><strong>confusa</strong></span> <span class='ocrx_word' id='word_1_42' title='bbox 1437 754 1494 799; x_wconf 90' lang='lat' dir='ltr'><strong>et</strong></span> <span class='ocrx_word' id='word_1_43' title='bbox 1554 739 1871 811; x_wconf 87' lang='lat' dir='ltr'><strong>perturbata</strong></span> <span class='ocrx_word' id='word_1_44' title='bbox 1926 740 1995 795; x_wconf 83' lang='lat' dir='ltr'><strong>ad</strong></span> 
     </span>
    </p>
   </div>
   <div class='ocr_carea' id='block_1_10' title="bbox 422 836 1649 913">
    <p class='ocr_par' dir='ltr' id='par_1_10' title="bbox 422 836 1649 913">
     <span class='ocr_line' id='line_1_10' title="bbox 422 836 1649 913; baseline -0.009 -12"><span class='ocrx_word' id='word_1_45' title='bbox 422 849 631 904; x_wconf 81' lang='lat' dir='ltr'><strong>beatam</strong></span> <span class='ocrx_word' id='word_1_46' title='bbox 664 843 827 898; x_wconf 84' lang='lat' dir='ltr'><strong>vitam</strong></span> <span class='ocrx_word' id='word_1_47' title='bbox 858 850 913 897; x_wconf 88' lang='lat' dir='ltr'><strong>et</strong></span> <span class='ocrx_word' id='word_1_48' title='bbox 946 839 1186 913; x_wconf 79' lang='lat' dir='ltr'><strong>paciﬁcis</strong></span> <span class='ocrx_word' id='word_1_49' title='bbox 1211 836 1649 893; x_wconf 82' lang='lat' dir='ltr'><strong>convenientem.</strong></span> 
     </span>
    </p>
   </div>
   <div class='ocr_carea' id='block_1_11' title="bbox 496 925 1994 1006">
    <p class='ocr_par' dir='ltr' id='par_1_11' title="bbox 496 925 1994 1006">
     <span class='ocr_line' id='line_1_11' title="bbox 496 925 1994 1006; baseline -0.008 -16"><span class='ocrx_word' id='word_1_50' title='bbox 496 935 607 993; x_wconf 79' lang='lat' dir='ltr'><strong>Res</strong></span> <span class='ocrx_word' id='word_1_51' title='bbox 634 934 881 1006; x_wconf 63' lang='lat' dir='ltr'><strong>proiecto</strong></span> <span class='ocrx_word' id='word_1_52' title='bbox 907 940 1168 989; x_wconf 76' lang='lat' dir='ltr'><strong>constans</strong></span> <span class='ocrx_word' id='word_1_53' title='bbox 1198 939 1252 986; x_wconf 90' lang='lat' dir='ltr'><strong>ct</strong></span> <span class='ocrx_word' id='word_1_54' title='bbox 1286 944 1410 985; x_wconf 89' lang='lat' dir='ltr'><strong>vera</strong></span> <span class='ocrx_word' id='word_1_55' title='bbox 1444 926 1661 983; x_wconf 84' lang='lat' dir='ltr'><strong>exsistit</strong></span> <span class='ocrx_word' id='word_1_56' title='bbox 1688 925 1994 996; x_wconf 70' lang='lat' dir='ltr'><strong>sapientia’;</strong></span> 
     </span>
    </p>
   </div>
   <div class='ocr_carea' id='block_1_12' title="bbox 426 1017 1992 1100">
    <p class='ocr_par' dir='ltr' id='par_1_12' title="bbox 426 1017 1992 1100">
     <span class='ocr_line' id='line_1_12' title="bbox 426 1017 1992 1100; baseline -0.01 -16"><span class='ocrx_word' id='word_1_57' title='bbox 426 1030 523 1100; x_wconf 88' lang='lat' dir='ltr'><strong>qui</strong></span> <span class='ocrx_word' id='word_1_58' title='bbox 555 1037 704 1083; x_wconf 86' lang='lat' dir='ltr'><strong>amat</strong></span> <span class='ocrx_word' id='word_1_59' title='bbox 732 1027 879 1081; x_wconf 87' lang='lat' dir='ltr'><strong>illam</strong></span> <span class='ocrx_word' id='word_1_60' title='bbox 924 1024 1141 1094; x_wconf 85' lang='lat' dir='ltr'><strong>sapiens</strong></span> <span class='ocrx_word' id='word_1_61' title='bbox 1177 1020 1428 1087; x_wconf 80' lang='lat' dir='ltr'><strong>exsistit;</strong></span> <span class='ocrx_word' id='word_1_62' title='bbox 1463 1033 1701 1089; x_wconf 88' lang='lat' dir='ltr'><strong>cumque</strong></span> <span class='ocrx_word' id='word_1_63' title='bbox 1742 1017 1867 1073; x_wconf 89' lang='lat' dir='ltr'><strong>talis</strong></span> <span class='ocrx_word' id='word_1_64' title='bbox 1899 1017 1992 1082; x_wconf 87' lang='lat' dir='ltr'><strong>sit,</strong></span> 
     </span>
    </p>
   </div>
   <div class='ocr_carea' id='block_1_13' title="bbox 429 1108 2000 1188">
    <p class='ocr_par' dir='ltr' id='par_1_13' title="bbox 429 1108 2000 1188">
     <span class='ocr_line' id='line_1_13' title="bbox 429 1108 2000 1188; baseline -0.006 -15"><span class='ocrx_word' id='word_1_65' title='bbox 429 1129 611 1174; x_wconf 86' lang='lat' dir='ltr'><strong>tamen</strong></span> <span class='ocrx_word' id='word_1_66' title='bbox 642 1133 746 1174; x_wconf 90' lang='lat' dir='ltr'><strong>nos</strong></span> <span class='ocrx_word' id='word_1_67' title='bbox 777 1117 1057 1188; x_wconf 88' lang='lat' dir='ltr'><strong>improbos</strong></span> <span class='ocrx_word' id='word_1_68' title='bbox 1114 1111 1402 1184; x_wconf 80' lang='lat' dir='ltr'><strong>praeterit:</strong></span> <span class='ocrx_word' id='word_1_69' title='bbox 1430 1111 1633 1166; x_wconf 88' lang='lat' dir='ltr'><strong>bonum</strong></span> <span class='ocrx_word' id='word_1_70' title='bbox 1682 1108 1826 1164; x_wconf 86' lang='lat' dir='ltr'><strong>enim</strong></span> <span class='ocrx_word' id='word_1_71' title='bbox 1860 1108 2000 1163; x_wconf 87' lang='lat' dir='ltr'><strong>male</strong></span> 
     </span>
    </p>
   </div>
   <div class='ocr_carea' id='block_1_14' title="bbox 424 1205 1217 1267">
    <p class='ocr_par' dir='ltr' id='par_1_14' title="bbox 424 1205 1217 1267">
     <span class='ocr_line' id='line_1_14' title="bbox 424 1205 1217 1267; baseline -0.009 0"><span class='ocrx_word' id='word_1_72' title='bbox 424 1211 744 1267; x_wconf 89' lang='lat' dir='ltr'><strong>comitatum</strong></span> <span class='ocrx_word' id='word_1_73' title='bbox 779 1224 901 1264; x_wconf 90' lang='lat' dir='ltr'><strong>esse</strong></span> <span class='ocrx_word' id='word_1_74' title='bbox 938 1223 1046 1263; x_wconf 89' lang='lat' dir='ltr'><strong>non</strong></span> <span class='ocrx_word' id='word_1_75' title='bbox 1079 1205 1217 1261; x_wconf 84' lang='lat' dir='ltr'><strong>vult.</strong></span> 
     </span>
    </p>
   </div>
   <div class='ocr_carea' id='block_1_15' title="bbox 496 1289 2004 1368">
    <p class='ocr_par' dir='ltr' id='par_1_15' title="bbox 496 1289 2004 1368">
     <span class='ocr_line' id='line_1_15' title="bbox 496 1289 2004 1368; baseline -0.009 -14"><span class='ocrx_word' id='word_1_76' title='bbox 496 1300 753 1368; x_wconf 77' lang='lat' dir='ltr'><strong>Socratis.</strong></span> <span class='ocrx_word' id='word_1_77' title='bbox 792 1299 1047 1353; x_wconf 85' lang='lat' dir='ltr'><strong>Socrates</strong></span> <span class='ocrx_word' id='word_1_78' title='bbox 1099 1297 1510 1364; x_wconf 79' lang='lat' dir='ltr'><strong>interrogatus,</strong></span> <span class='ocrx_word' id='word_1_79' title='bbox 1571 1289 1665 1360; x_wconf 90' lang='lat' dir='ltr'><strong>qui</strong></span> <span class='ocrx_word' id='word_1_80' title='bbox 1722 1289 1841 1343; x_wconf 89' lang='lat' dir='ltr'><strong>sine</strong></span> <span class='ocrx_word' id='word_1_81' title='bbox 1878 1302 2004 1360; x_wconf 80' lang='lat' dir='ltr'><strong>per-</strong></span> 
     </span>
    </p>
   </div>
   <div class='ocr_carea' id='block_1_16' title="bbox 425 1378 2003 1454">
    <p class='ocr_par' dir='ltr' id='par_1_16' title="bbox 425 1378 2003 1454">
     <span class='ocr_line' id='line_1_16' title="bbox 425 1378 2003 1454; baseline -0.011 -5"><span class='ocrx_word' id='word_1_82' title='bbox 425 1392 739 1449; x_wconf 84' lang='lat' dir='ltr'><strong>turbatione</strong></span> <span class='ocrx_word' id='word_1_83' title='bbox 793 1390 1038 1444; x_wconf 85' lang='lat' dir='ltr'><strong>viverent</strong></span> <span class='ocrx_word' id='word_1_84' title='bbox 1074 1402 1089 1440; x_wconf 92' lang='lat'><strong>:</strong></span> <span class='ocrx_word' id='word_1_85' title='bbox 1143 1385 1270 1453; x_wconf 85' lang='lat' dir='ltr'><strong>Qui,</strong></span> <span class='ocrx_word' id='word_1_86' title='bbox 1314 1382 1514 1454; x_wconf 88' lang='lat' dir='ltr'><strong>inquit,</strong></span> <span class='ocrx_word' id='word_1_87' title='bbox 1541 1380 1678 1435; x_wconf 81' lang='lat' dir='ltr'><strong>nihil</strong></span> <span class='ocrx_word' id='word_1_88' title='bbox 1715 1378 1821 1437; x_wconf 90' lang='lat' dir='ltr'><strong>sibi</strong></span> <span class='ocrx_word' id='word_1_89' title='bbox 1867 1393 2003 1434; x_wconf 86' lang='lat' dir='ltr'><strong>con-</strong></span> 
     </span>
    </p>
   </div>
   <div class='ocr_carea' id='block_1_17' title="bbox 428 1480 800 1539">
    <p class='ocr_par' dir='ltr' id='par_1_17' title="bbox 428 1480 800 1539">
     <span class='ocr_line' id='line_1_17' title="bbox 428 1480 800 1539; baseline -0.016 -1"><span class='ocrx_word' id='word_1_90' title='bbox 428 1482 614 1539; x_wconf 83' lang='lat' dir='ltr'><strong>sciunt</strong></span> <span class='ocrx_word' id='word_1_91' title='bbox 652 1480 800 1533; x_wconf 86' lang='lat' dir='ltr'><strong>mali.</strong></span> 
     </span>
    </p>
   </div>
   <div class='ocr_carea' id='block_1_18' title="bbox 498 1560 2003 1647">
    <p class='ocr_par' dir='ltr' id='par_1_18' title="bbox 498 1560 2003 1647">
     <span class='ocr_line' id='line_1_18' title="bbox 498 1560 2003 1647; baseline -0.011 -15"><span class='ocrx_word' id='word_1_92' title='bbox 498 1574 658 1647; x_wconf 81' lang='lat'><strong>235</strong></span> <span class='ocrx_word' id='word_1_93' title='bbox 692 1572 975 1642; x_wconf 73' lang='lat' dir='ltr'><strong>Aristippi.</strong></span> <span class='ocrx_word' id='word_1_94' title='bbox 1030 1569 1339 1641; x_wconf 86' lang='lat' dir='ltr'><strong>Aristippus</strong></span> <span class='ocrx_word' id='word_1_95' title='bbox 1397 1583 1519 1624; x_wconf 88' lang='lat' dir='ltr'><strong>cum</strong></span> <span class='ocrx_word' id='word_1_96' title='bbox 1553 1566 1778 1639; x_wconf 87' lang='lat' dir='ltr'><strong>quidam</strong></span> <span class='ocrx_word' id='word_1_97' title='bbox 1812 1564 1863 1619; x_wconf 92' lang='lat' dir='ltr'><strong>ei</strong></span> <span class='ocrx_word' id='word_1_98' title='bbox 1896 1560 2003 1617; x_wconf 78' lang='lat' dir='ltr'><strong>ob-</strong></span> 
     </span>
    </p>
   </div>
   <div class='ocr_carea' id='block_1_19' title="bbox 422 1662 2003 1743">
    <p class='ocr_par' dir='ltr' id='par_1_19' title="bbox 422 1662 2003 1743">
     <span class='ocr_line' id='line_1_19' title="bbox 422 1662 2003 1743; baseline -0.009 -17"><span class='ocrx_word' id='word_1_99' title='bbox 422 1672 642 1743; x_wconf 84' lang='lat' dir='ltr'><strong>jiceret,</strong></span> <span class='ocrx_word' id='word_1_100' title='bbox 680 1685 744 1725; x_wconf 92' lang='lat' dir='ltr'><strong>ac</strong></span> <span class='ocrx_word' id='word_1_101' title='bbox 771 1671 971 1725; x_wconf 85' lang='lat' dir='ltr'><strong>diceret</strong></span> <span class='ocrx_word' id='word_1_102' title='bbox 993 1685 1007 1723; x_wconf 88' lang='lat'><strong>:</strong></span> <span class='ocrx_word' id='word_1_103' title='bbox 1033 1668 1263 1738; x_wconf 85' lang='lat' dir='ltr'><strong>Pmpter</strong></span> <span class='ocrx_word' id='word_1_104' title='bbox 1293 1677 1344 1723; x_wconf 89' lang='lat' dir='ltr'><strong>te</strong></span> <span class='ocrx_word' id='word_1_105' title='bbox 1371 1681 1500 1737; x_wconf 89' lang='lat' dir='ltr'><strong>ager</strong></span> <span class='ocrx_word' id='word_1_106' title='bbox 1530 1664 1727 1737; x_wconf 86' lang='lat' dir='ltr'><strong>periit;</strong></span> <span class='ocrx_word' id='word_1_107' title='bbox 1765 1662 1843 1717; x_wconf 87' lang='lat' dir='ltr'><strong>An</strong></span> <span class='ocrx_word' id='word_1_108' title='bbox 1872 1673 2003 1726; x_wconf 89' lang='lat' dir='ltr'><strong>non,</strong></span> 
     </span>
    </p>
   </div>
   <div class='ocr_carea' id='block_1_20' title="bbox 2104 486 2308 539">
    <p class='ocr_par' dir='ltr' id='par_1_20' title="bbox 2104 486 2308 539">
     <span class='ocr_line' id='line_1_20' title="bbox 2104 486 2308 539; baseline 0.01 -18"><span class='ocrx_word' id='word_1_109' title='bbox 2104 486 2308 539; x_wconf 84' lang='grc' dir='ltr'>ματων.</span> 
     </span>
    </p>
   </div>
   <div class='ocr_carea' id='block_1_21' title="bbox 2158 552 3673 629">
    <p class='ocr_par' dir='ltr' id='par_1_21' title="bbox 2158 552 3673 629">
     <span class='ocr_line' id='line_1_21' title="bbox 2158 552 3673 629; baseline -0.003 -16"><span class='ocrx_word' id='word_1_110' title='bbox 2158 561 2219 613; x_wconf 83' lang='lat'>&#39;0</span> <span class='ocrx_word' id='word_1_111' title='bbox 2244 559 2407 628; x_wconf 77' lang='grc' dir='ltr'>σοφὸς</span> <span class='ocrx_word' id='word_1_112' title='bbox 2425 556 2662 629; x_wconf 75' lang='grc' dir='ltr'>ἠρεμίαν</span> <span class='ocrx_word' id='word_1_113' title='bbox 2681 556 2773 610; x_wconf 75' lang='grc' dir='ltr'>καὶ</span> <span class='ocrx_word' id='word_1_114' title='bbox 2794 554 3224 627; x_wconf 76' lang='grc' dir='ltr'><strong>ἀπραγμοσύνην</strong></span> <span class='ocrx_word' id='word_1_115' title='bbox 3244 554 3454 615; x_wconf 81' lang='grc' dir='ltr'><strong>διώκει,</strong></span> <span class='ocrx_word' id='word_1_116' title='bbox 3474 552 3562 607; x_wconf 87' lang='grc' dir='ltr'><strong>ῖνα</strong></span> <span class='ocrx_word' id='word_1_117' title='bbox 3578 552 3673 608; x_wconf 80' lang='grc' dir='ltr'><strong>τῶν</strong></span> 
     </span>
    </p>
   </div>
   <div class='ocr_carea' id='block_1_22' title="bbox 2097 644 3670 720">
    <p class='ocr_par' dir='ltr' id='par_1_22' title="bbox 2097 644 3670 720">
     <span class='ocr_line' id='line_1_22' title="bbox 2097 644 3670 720; baseline -0.005 -16"><span class='ocrx_word' id='word_1_118' title='bbox 2097 650 2256 705; x_wconf 87' lang='grc' dir='ltr'>θείων</span> <span class='ocrx_word' id='word_1_119' title='bbox 2287 650 2344 707; x_wconf 74' lang='grc' dir='ltr'>ἐν</span> <span class='ocrx_word' id='word_1_120' title='bbox 2373 648 2625 720; x_wconf 80' lang='grc' dir='ltr'>εὐκαιρίᾳ</span> <span class='ocrx_word' id='word_1_121' title='bbox 2646 648 2900 719; x_wconf 75' lang='grc' dir='ltr'>ἐπιτύχῃ,</span> <span class='ocrx_word' id='word_1_122' title='bbox 2925 646 3095 715; x_wconf 58' lang='grc' dir='ltr'>Σοᾳὸς</span> <span class='ocrx_word' id='word_1_123' title='bbox 3122 645 3372 716; x_wconf 76' lang='grc' dir='ltr'>μέτοικος</span> <span class='ocrx_word' id='word_1_124' title='bbox 3396 644 3492 698; x_wconf 78' lang='grc' dir='ltr'><strong>καὶ</strong></span> <span class='ocrx_word' id='word_1_125' title='bbox 3521 660 3670 715; x_wconf 84' lang='grc' dir='ltr'>μετα-</span> 
     </span>
    </p>
   </div>
   <div class='ocr_carea' id='block_1_23' title="bbox 2097 737 3672 812">
    <p class='ocr_par' dir='ltr' id='par_1_23' title="bbox 2097 737 3672 812">
     <span class='ocr_line' id='line_1_23' title="bbox 2097 737 3672 812; baseline -0.001 -18"><span class='ocrx_word' id='word_1_126' title='bbox 2097 741 2296 812; x_wconf 81' lang='grc' dir='ltr'>νάστης</span> <span class='ocrx_word' id='word_1_127' title='bbox 2328 740 2477 794; x_wconf 76' lang='grc' dir='ltr'>ἐστὶν</span> <span class='ocrx_word' id='word_1_128' title='bbox 2510 742 2575 795; x_wconf 75' lang='grc' dir='ltr'>ἐκ</span> <span class='ocrx_word' id='word_1_129' title='bbox 2602 739 2696 795; x_wconf 90' lang='grc' dir='ltr'><strong>τοῦ</strong></span> <span class='ocrx_word' id='word_1_130' title='bbox 2726 738 3075 811; x_wconf 77' lang='grc' dir='ltr'>πεφυρμένου</span> <span class='ocrx_word' id='word_1_131' title='bbox 3124 737 3241 808; x_wconf 89' lang='grc' dir='ltr'>βίου</span> <span class='ocrx_word' id='word_1_132' title='bbox 3272 740 3412 808; x_wconf 74' lang='grc' dir='ltr'>πρὸς</span> <span class='ocrx_word' id='word_1_133' title='bbox 3442 738 3540 810; x_wconf 79' lang='grc' dir='ltr'>τὴν</span> <span class='ocrx_word' id='word_1_134' title='bbox 3580 756 3672 810; x_wconf 69' lang='grc' dir='ltr'>μα-</span> 
     </span>
    </p>
   </div>
   <div class='ocr_carea' id='block_1_24' title="bbox 2098 828 3290 904">
    <p class='ocr_par' dir='ltr' id='par_1_24' title="bbox 2098 828 3290 904">
     <span class='ocr_line' id='line_1_24' title="bbox 2098 828 3290 904; baseline -0.001 -18"><span class='ocrx_word' id='word_1_135' title='bbox 2098 831 2299 903; x_wconf 86' lang='grc' dir='ltr'>καρίαν</span> <span class='ocrx_word' id='word_1_136' title='bbox 2335 833 2429 886; x_wconf 74' lang='grc' dir='ltr'>καὶ</span> <span class='ocrx_word' id='word_1_137' title='bbox 2456 831 2749 904; x_wconf 89' lang='grc' dir='ltr'>είρηναίοις</span> <span class='ocrx_word' id='word_1_138' title='bbox 2776 830 3093 901; x_wconf 75' lang='grc' dir='ltr'>πρέπουσαν</span> <span class='ocrx_word' id='word_1_139' title='bbox 3121 828 3290 901; x_wconf 81' lang='grc' dir='ltr'>ζωήν.</span> 
     </span>
    </p>
   </div>
   <div class='ocr_carea' id='block_1_25' title="bbox 2178 946 3673 1020">
    <p class='ocr_par' dir='ltr' id='par_1_25' title="bbox 2178 946 3673 1020">
     <span class='ocr_line' id='line_1_25' title="bbox 2178 946 3673 1020; baseline -0.001 -16"><span class='ocrx_word' id='word_1_140' title='bbox 2178 951 2339 1004; x_wconf 86' lang='grc' dir='ltr'>Ἔστι</span> <span class='ocrx_word' id='word_1_141' title='bbox 2369 950 2470 1020; x_wconf 74' lang='grc' dir='ltr'>μὲν</span> <span class='ocrx_word' id='word_1_142' title='bbox 2498 948 2781 1020; x_wconf 85' lang='grc' dir='ltr'>ὗπαρκτδν</span> <span class='ocrx_word' id='word_1_143' title='bbox 2802 947 3040 1017; x_wconf 79' lang='grc' dir='ltr'>πρᾶγμα</span> <span class='ocrx_word' id='word_1_144' title='bbox 3075 946 3270 1016; x_wconf 80' lang='grc' dir='ltr'><strong>σοφίας</strong></span> <span class='ocrx_word' id='word_1_145' title='bbox 3291 962 3309 979; x_wconf 77' lang='grc' dir='ltr'><strong>ο</strong></span> <span class='ocrx_word' id='word_1_146' title='bbox 3361 947 3481 1002; x_wconf 67' lang='grc' dir='ltr'>ἔστι</span> <span class='ocrx_word' id='word_1_147' title='bbox 3506 947 3563 1001; x_wconf 74' lang='grc' dir='ltr'>δὲ</span> <span class='ocrx_word' id='word_1_148' title='bbox 3590 948 3673 1002; x_wconf 72' lang='grc' dir='ltr'>καὶ</span> 
     </span>
    </p>
   </div>
   <div class='ocr_carea' id='block_1_26' title="bbox 2101 1036 3674 1111">
    <p class='ocr_par' dir='ltr' id='par_1_26' title="bbox 2101 1036 3674 1111">
     <span class='ocr_line' id='line_1_26' title="bbox 2101 1036 3674 1111; baseline -0.003 -16"><span class='ocrx_word' id='word_1_149' title='bbox 2101 1042 2132 1096; x_wconf 83' lang='grc' dir='ltr'><strong>ό</strong></span> <span class='ocrx_word' id='word_1_150' title='bbox 2161 1039 2398 1111; x_wconf 72' lang='grc' dir='ltr'>ἐραστὴς</span> <span class='ocrx_word' id='word_1_151' title='bbox 2441 1040 2616 1107; x_wconf 82' lang='grc' dir='ltr'>αὐτῆς</span> <span class='ocrx_word' id='word_1_152' title='bbox 2667 1037 2852 1108; x_wconf 81' lang='grc' dir='ltr'>σοφός.</span> <span class='ocrx_word' id='word_1_153' title='bbox 2898 1037 3181 1107; x_wconf 79' lang='grc' dir='ltr'>’Υπάρχον</span> <span class='ocrx_word' id='word_1_154' title='bbox 3221 1036 3280 1090; x_wconf 67' lang='grc' dir='ltr'>δὲ</span> <span class='ocrx_word' id='word_1_155' title='bbox 3319 1036 3500 1107; x_wconf 82' lang='grc' dir='ltr'>ὅμως,</span> <span class='ocrx_word' id='word_1_156' title='bbox 3538 1040 3674 1107; x_wconf 76' lang='grc' dir='ltr'>ἡμᾶς</span> 
     </span>
    </p>
   </div>
   <div class='ocr_carea' id='block_1_27' title="bbox 2099 1127 3675 1201">
    <p class='ocr_par' dir='ltr' id='par_1_27' title="bbox 2099 1127 3675 1201">
     <span class='ocr_line' id='line_1_27' title="bbox 2099 1127 3675 1201; baseline -0.001 -17"><span class='ocrx_word' id='word_1_157' title='bbox 2099 1131 2229 1195; x_wconf 79' lang='grc' dir='ltr'>τοὺς</span> <span class='ocrx_word' id='word_1_158' title='bbox 2274 1130 2515 1201; x_wconf 75' lang='grc' dir='ltr'>φαύλους</span> <span class='ocrx_word' id='word_1_159' title='bbox 2578 1129 2892 1201; x_wconf 74' lang='grc' dir='ltr'><strong>διελήλυθεν</strong></span> <span class='ocrx_word' id='word_1_160' title='bbox 2915 1143 2931 1160; x_wconf 81' lang='grc'><strong><em>⁸</em></strong></span> <span class='ocrx_word' id='word_1_161' title='bbox 2964 1127 3172 1196; x_wconf 72' lang='grc' dir='ltr'>ἀγαθὸν</span> <span class='ocrx_word' id='word_1_162' title='bbox 3214 1128 3326 1199; x_wconf 80' lang='grc' dir='ltr'><strong>γὰρ</strong></span> <span class='ocrx_word' id='word_1_163' title='bbox 3386 1128 3488 1184; x_wconf 73' lang='grc' dir='ltr'>οὐκ</span> <span class='ocrx_word' id='word_1_164' title='bbox 3518 1129 3675 1184; x_wconf 63' lang='grc' dir='ltr'>ἐθέλει</span> 
     </span>
    </p>
   </div>
   <div class='ocr_carea' id='block_1_28' title="bbox 2101 1221 2883 1293">
    <p class='ocr_par' dir='ltr' id='par_1_28' title="bbox 2101 1221 2883 1293">
     <span class='ocr_line' id='line_1_28' title="bbox 2101 1221 2883 1293; baseline -0.006 -14"><span class='ocrx_word' id='word_1_165' title='bbox 2101 1224 2295 1287; x_wconf 78' lang='grc' dir='ltr'>κακοῖς</span> <span class='ocrx_word' id='word_1_166' title='bbox 2327 1221 2710 1293; x_wconf 72' lang='grc' dir='ltr'><strong>συνέρχεσθαι.</strong></span> <span class='ocrx_word' id='word_1_167' title='bbox 2878 1238 2883 1245; x_wconf 54' lang='grc' dir='ltr'><strong>δ</strong></span> 
     </span>
    </p>
   </div>
   <div class='ocr_carea' id='block_1_29' title="bbox 2175 1313 3674 1387">
    <p class='ocr_par' dir='ltr' id='par_1_29' title="bbox 2175 1313 3674 1387">
     <span class='ocr_line' id='line_1_29' title="bbox 2175 1313 3674 1387; baseline 0 -18"><span class='ocrx_word' id='word_1_168' title='bbox 2175 1313 2474 1384; x_wconf 79' lang='grc' dir='ltr'><strong>Σωκράτης</strong></span> <span class='ocrx_word' id='word_1_169' title='bbox 2526 1314 2831 1387; x_wconf 72' lang='grc' dir='ltr'>ἐρωτηθεὶς</span> <span class='ocrx_word' id='word_1_170' title='bbox 2872 1315 3020 1381; x_wconf 83' lang='grc' dir='ltr'>τίνες</span> <span class='ocrx_word' id='word_1_171' title='bbox 3066 1316 3361 1386; x_wconf 83' lang='grc' dir='ltr'><strong>ἀταράχως</strong></span> <span class='ocrx_word' id='word_1_172' title='bbox 3405 1314 3589 1382; x_wconf 76' lang='grc' dir='ltr'>ζῶσιν,</span> <span class='ocrx_word' id='word_1_173' title='bbox 3616 1316 3674 1370; x_wconf 83' lang='grc' dir='ltr'><strong>οι</strong></span> 
     </span>
    </p>
   </div>
   <div class='ocr_carea' id='block_1_30' title="bbox 2107 1397 3375 1488">
    <p class='ocr_par' dir='ltr' id='par_1_30' title="bbox 2107 1397 3375 1488">
     <span class='ocr_line' id='line_1_30' title="bbox 2107 1397 3375 1488; baseline 0.002 -31"><span class='ocrx_word' id='word_1_174' title='bbox 2107 1403 2276 1476; x_wconf 78' lang='grc' dir='ltr'>μηδὲν</span> <span class='ocrx_word' id='word_1_175' title='bbox 2305 1403 2542 1469; x_wconf 77' lang='grc' dir='ltr'>ἑαυτοῖς,</span> <span class='ocrx_word' id='word_1_176' title='bbox 2579 1397 2756 1470; x_wconf 74' lang='grc' dir='ltr'>εἶπεν,</span> <span class='ocrx_word' id='word_1_177' title='bbox 2802 1403 3009 1488; x_wconf 75' lang='grc' dir='ltr'>ἄτοπον</span> <span class='ocrx_word' id='word_1_178' title='bbox 3044 1403 3375 1466; x_wconf 77' lang='grc' dir='ltr'><strong>συνειδότες.</strong></span> 
     </span>
    </p>
   </div>
   <div class='ocr_carea' id='block_1_31' title="bbox 2186 1536 3672 1644">
    <p class='ocr_par' dir='ltr' id='par_1_31' title="bbox 2186 1536 3672 1644">
     <span class='ocr_line' id='line_1_31' title="bbox 2186 1536 3672 1644; baseline -0.001 -28"><span class='ocrx_word' id='word_1_179' title='bbox 2186 1561 2564 1633; x_wconf 79' lang='grc' dir='ltr'><strong>Ἀρίστιππος,</strong></span> <span class='ocrx_word' id='word_1_180' title='bbox 2596 1559 2851 1630; x_wconf 78' lang='grc' dir='ltr'>λέγοντος</span> <span class='ocrx_word' id='word_1_181' title='bbox 2872 1560 3026 1632; x_wconf 80' lang='grc' dir='ltr'><strong>αὖτῷ</strong></span> <span class='ocrx_word' id='word_1_182' title='bbox 3050 1536 3216 1625; x_wconf 82' lang='grc' dir='ltr'>τινος,</span> <span class='ocrx_word' id='word_1_183' title='bbox 3246 1560 3347 1644; x_wconf 60' lang='grc' dir='ltr'><strong>ᾼιὰ</strong></span> <span class='ocrx_word' id='word_1_184' title='bbox 3380 1559 3442 1614; x_wconf 74' lang='grc' dir='ltr'>σὲ</span> <span class='ocrx_word' id='word_1_185' title='bbox 3479 1560 3672 1615; x_wconf 71' lang='grc' dir='ltr'>ἀπόλω-</span> 
     </span>
    </p>
   </div>
   <div class='ocr_carea' id='block_1_32' title="bbox 2107 1648 3674 1723">
    <p class='ocr_par' dir='ltr' id='par_1_32' title="bbox 2107 1648 3674 1723">
     <span class='ocr_line' id='line_1_32' title="bbox 2107 1648 3674 1723; baseline -0.002 -17"><span class='ocrx_word' id='word_1_186' title='bbox 2107 1652 2200 1706; x_wconf 87' lang='grc' dir='ltr'><strong>λεν</strong></span> <span class='ocrx_word' id='word_1_187' title='bbox 2234 1653 2278 1705; x_wconf 88' lang='grc' dir='ltr'>’ό</span> <span class='ocrx_word' id='word_1_188' title='bbox 2331 1651 2543 1720; x_wconf 74' lang='grc' dir='ltr'>ἀγρὸς,</span> <span class='ocrx_word' id='word_1_189' title='bbox 2601 1649 2839 1719; x_wconf 81' lang='grc' dir='ltr'>Οὐκοῦν,</span> <span class='ocrx_word' id='word_1_190' title='bbox 2870 1651 2997 1723; x_wconf 77' lang='grc' dir='ltr'>ἔφη,</span> <span class='ocrx_word' id='word_1_191' title='bbox 3052 1650 3273 1706; x_wconf 81' lang='grc' dir='ltr'>κάλλιον</span> <span class='ocrx_word' id='word_1_192' title='bbox 3324 1648 3396 1705; x_wconf 84' lang='grc' dir='ltr'>δι’</span> <span class='ocrx_word' id='word_1_193' title='bbox 3449 1650 3549 1721; x_wconf 68' lang='grc' dir='ltr'><strong>ἐμὲ</strong></span> <span class='ocrx_word' id='word_1_194' title='bbox 3597 1649 3674 1703; x_wconf 75' lang='grc' dir='ltr'>τὸν</span> 
     </span>
    </p>
   </div>
   <div class='ocr_carea' id='block_1_33' title="bbox 427 1742 2012 1831">
    <p class='ocr_par' dir='ltr' id='par_1_33' title="bbox 427 1742 2008 1831">
     <span class='ocr_line' id='line_1_33' title="bbox 427 1742 2008 1831; baseline -0.007 -16"><span class='ocrx_word' id='word_1_195' title='bbox 427 1742 625 1831; x_wconf 78' lang='lat' dir='ltr'><strong>inquit,</strong></span> <span class='ocrx_word' id='word_1_196' title='bbox 659 1760 859 1815; x_wconf 90' lang='lat' dir='ltr'><strong>melius</strong></span> <span class='ocrx_word' id='word_1_197' title='bbox 912 1775 997 1815; x_wconf 89' lang='lat' dir='ltr'><strong>me</strong></span> <span class='ocrx_word' id='word_1_198' title='bbox 1041 1768 1265 1831; x_wconf 86' lang='lat' dir='ltr'><strong>propter</strong></span> <span class='ocrx_word' id='word_1_199' title='bbox 1309 1773 1528 1830; x_wconf 80' lang='lat' dir='ltr'><strong>agrum,</strong></span> <span class='ocrx_word' id='word_1_200' title='bbox 1574 1770 1736 1827; x_wconf 89' lang='lat' dir='ltr'><strong>quam</strong></span> <span class='ocrx_word' id='word_1_201' title='bbox 1788 1760 2008 1826; x_wconf 81' lang='lat' dir='ltr'><strong>propter</strong></span> 
     </span>
    </p>
   </div>
   <div class='ocr_carea' id='block_1_34' title="bbox 2130 1742 2951 1831">
    <p class='ocr_par' dir='ltr' id='par_1_34' title="bbox 2130 1742 2951 1817">
     <span class='ocr_line' id='line_1_34' title="bbox 2130 1742 2951 1817; baseline -0.001 -20"><span class='ocrx_word' id='word_1_202' title='bbox 2130 1743 2339 1817; x_wconf 69' lang='grc' dir='ltr'>ιγρδνῆ</span> <span class='ocrx_word' id='word_1_203' title='bbox 2370 1742 2461 1799; x_wconf 78' lang='grc' dir='ltr'><strong>διὰ</strong></span> <span class='ocrx_word' id='word_1_204' title='bbox 2484 1742 2578 1797; x_wconf 81' lang='grc' dir='ltr'>τὸν</span> <span class='ocrx_word' id='word_1_205' title='bbox 2607 1742 2776 1813; x_wconf 80' lang='grc' dir='ltr'>ἀγρὸν</span> <span class='ocrx_word' id='word_1_206' title='bbox 2806 1743 2905 1813; x_wconf 82' lang='grc' dir='ltr'><strong>ἐμέ</strong></span> <span class='ocrx_word' id='word_1_207' title='bbox 2933 1759 2951 1810; x_wconf 84' lang='grc'><strong>;</strong></span> 
     </span>
    </p>
   </div>
   <div class='ocr_carea' id='block_1_35' title="bbox 427 1851 989 1924">
    <p class='ocr_par' dir='ltr' id='par_1_35' title="bbox 427 1851 989 1924">
     <span class='ocr_line' id='line_1_35' title="bbox 427 1851 989 1924; baseline -0.005 -17"><span class='ocrx_word' id='word_1_208' title='bbox 427 1868 516 1909; x_wconf 88' lang='lat' dir='ltr'><strong>me</strong></span> <span class='ocrx_word' id='word_1_209' title='bbox 542 1869 732 1924; x_wconf 81' lang='lat' dir='ltr'><strong>agrum</strong></span> <span class='ocrx_word' id='word_1_210' title='bbox 768 1851 989 1922; x_wconf 90' lang='lat' dir='ltr'><strong>perire?</strong></span> 
     </span>
    </p>
   </div>
   <div class='ocr_carea' id='block_1_36' title="bbox 503 1942 2008 2013">
    <p class='ocr_par' dir='ltr' id='par_1_36' title="bbox 503 1942 2008 2013">
     <span class='ocr_line' id='line_1_36' title="bbox 503 1942 2008 2013; baseline -0.007 -11"><span class='ocrx_word' id='word_1_211' title='bbox 503 1946 900 2002; x_wconf 83' lang='lat' dir='ltr'><strong>Demosthenes</strong></span> <span class='ocrx_word' id='word_1_212' title='bbox 935 1958 1062 1998; x_wconf 91' lang='lat' dir='ltr'><strong>cum</strong></span> <span class='ocrx_word' id='word_1_213' title='bbox 1099 1943 1327 2013; x_wconf 85' lang='lat' dir='ltr'><strong>quidam</strong></span> <span class='ocrx_word' id='word_1_214' title='bbox 1381 1942 1589 1997; x_wconf 84' lang='lat' dir='ltr'><strong>diceret</strong></span> <span class='ocrx_word' id='word_1_215' title='bbox 1642 1955 1766 1996; x_wconf 91' lang='lat' dir='ltr'><strong>eum</strong></span> <span class='ocrx_word' id='word_1_216' title='bbox 1817 1951 2008 2010; x_wconf 63' lang='lat' dir='ltr'><strong>agrum</strong></span> 
     </span>
    </p>
   </div>
   <div class='ocr_carea' id='block_1_37' title="bbox 428 2030 2015 2109">
    <p class='ocr_par' dir='ltr' id='par_1_37' title="bbox 428 2030 2015 2109">
     <span class='ocr_line' id='line_1_37' title="bbox 428 2030 2015 2109; baseline -0.006 -15"><span class='ocrx_word' id='word_1_217' title='bbox 428 2039 728 2109; x_wconf 71' lang='lat' dir='ltr'><strong>negligere,</strong></span> <span class='ocrx_word' id='word_1_218' title='bbox 767 2039 946 2108; x_wconf 91' lang='lat' dir='ltr'><strong>ipsum</strong></span> <span class='ocrx_word' id='word_1_219' title='bbox 999 2051 1180 2091; x_wconf 80' lang='lat' dir='ltr'><strong>antem</strong></span> <span class='ocrx_word' id='word_1_220' title='bbox 1219 2050 1277 2088; x_wconf 91' lang='lat' dir='ltr'><strong>se</strong></span> <span class='ocrx_word' id='word_1_221' title='bbox 1323 2050 1516 2089; x_wconf 87' lang='lat' dir='ltr'><strong>curare</strong></span> <span class='ocrx_word' id='word_1_222' title='bbox 1550 2051 1564 2087; x_wconf 90' lang='lat'><strong>:</strong></span> <span class='ocrx_word' id='word_1_223' title='bbox 1599 2031 1675 2086; x_wconf 87' lang='lat' dir='ltr'><strong>Ea</strong></span> <span class='ocrx_word' id='word_1_224' title='bbox 1722 2030 1892 2096; x_wconf 87' lang='lat' dir='ltr'><strong>enim,</strong></span> <span class='ocrx_word' id='word_1_225' title='bbox 1928 2031 2015 2085; x_wconf 89' lang='lat' dir='ltr'><strong>in-</strong></span> 
     </span>
    </p>
   </div>
   <div class='ocr_carea' id='block_1_38' title="bbox 430 2132 1738 2201">
    <p class='ocr_par' dir='ltr' id='par_1_38' title="bbox 430 2132 1738 2201">
     <span class='ocr_line' id='line_1_38' title="bbox 430 2132 1738 2201; baseline -0.002 -18"><span class='ocrx_word' id='word_1_226' title='bbox 430 2132 574 2201; x_wconf 69' lang='lat' dir='ltr'><strong>quit,</strong></span> <span class='ocrx_word' id='word_1_227' title='bbox 604 2146 738 2186; x_wconf 88' lang='lat' dir='ltr'><strong>curo</strong></span> <span class='ocrx_word' id='word_1_228' title='bbox 767 2139 989 2201; x_wconf 87' lang='lat' dir='ltr'><strong>propter</strong></span> <span class='ocrx_word' id='word_1_229' title='bbox 1024 2145 1147 2199; x_wconf 81' lang='lat' dir='ltr'><strong>quae</strong></span> <span class='ocrx_word' id='word_1_230' title='bbox 1180 2144 1364 2198; x_wconf 85' lang='lat' dir='ltr'><strong>agrum</strong></span> <span class='ocrx_word' id='word_1_231' title='bbox 1402 2142 1738 2198; x_wconf 73' lang='lat' dir='ltr'><strong>comparari.</strong></span> 
     </span>
    </p>
   </div>
   <div class='ocr_carea' id='block_1_39' title="bbox 505 2218 2019 2288">
    <p class='ocr_par' dir='ltr' id='par_1_39' title="bbox 505 2218 2019 2288">
     <span class='ocr_line' id='line_1_39' title="bbox 505 2218 2019 2288; baseline -0.007 -9"><span class='ocrx_word' id='word_1_232' title='bbox 505 2223 758 2279; x_wconf 81' lang='lat' dir='ltr'><strong>Severini.</strong></span> <span class='ocrx_word' id='word_1_233' title='bbox 801 2225 1086 2279; x_wconf 81' lang='lat' dir='ltr'><strong>Thaletem</strong></span> <span class='ocrx_word' id='word_1_234' title='bbox 1136 2225 1190 2277; x_wconf 90' lang='lat' dir='ltr'><strong>in</strong></span> <span class='ocrx_word' id='word_1_235' title='bbox 1245 2221 1443 2277; x_wconf 71' lang='lat' dir='ltr'><strong>cmlum</strong></span> <span class='ocrx_word' id='word_1_236' title='bbox 1495 2218 1925 2288; x_wconf 81' lang='lat' dir='ltr'><strong>suspicieutcm,</strong></span> <span class='ocrx_word' id='word_1_237' title='bbox 1962 2222 2019 2270; x_wconf 93' lang='lat' dir='ltr'><strong>et</strong></span> 
     </span>
    </p>
   </div>
   <div class='ocr_carea' id='block_1_40' title="bbox 431 2305 2016 2382">
    <p class='ocr_par' dir='ltr' id='par_1_40' title="bbox 431 2305 2016 2382">
     <span class='ocr_line' id='line_1_40' title="bbox 431 2305 2016 2382; baseline -0.004 -16"><span class='ocrx_word' id='word_1_238' title='bbox 431 2312 647 2382; x_wconf 88' lang='lat' dir='ltr'><strong>lapsum</strong></span> <span class='ocrx_word' id='word_1_239' title='bbox 679 2312 731 2366; x_wconf 89' lang='lat' dir='ltr'><strong>in</strong></span> <span class='ocrx_word' id='word_1_240' title='bbox 762 2311 1081 2368; x_wconf 83' lang='lat' dir='ltr'><strong>barathrum</strong></span> <span class='ocrx_word' id='word_1_241' title='bbox 1113 2313 1311 2367; x_wconf 90' lang='lat' dir='ltr'><strong>ancilla</strong></span> <span class='ocrx_word' id='word_1_242' title='bbox 1353 2310 1693 2379; x_wconf 79' lang='lat' dir='ltr'><strong>conspicata,</strong></span> <span class='ocrx_word' id='word_1_243' title='bbox 1739 2307 1929 2362; x_wconf 88' lang='lat' dir='ltr'><strong>merito</strong></span> <span class='ocrx_word' id='word_1_244' title='bbox 1963 2305 2016 2360; x_wconf 89' lang='lat' dir='ltr'><strong>id</strong></span> 
     </span>
    </p>
   </div>
   <div class='ocr_carea' id='block_1_41' title="bbox 431 2400 2016 2475">
    <p class='ocr_par' dir='ltr' id='par_1_41' title="bbox 431 2400 2016 2475">
     <span class='ocr_line' id='line_1_41' title="bbox 431 2400 2016 2475; baseline -0.004 -17"><span class='ocrx_word' id='word_1_245' title='bbox 431 2402 508 2458; x_wconf 82' lang='lat' dir='ltr'><strong>illi</strong></span> <span class='ocrx_word' id='word_1_246' title='bbox 537 2402 799 2458; x_wconf 76' lang='lat' dir='ltr'><strong>accidisse</strong></span> <span class='ocrx_word' id='word_1_247' title='bbox 837 2403 1071 2471; x_wconf 88' lang='lat' dir='ltr'><strong>diccbat,</strong></span> <span class='ocrx_word' id='word_1_248' title='bbox 1108 2405 1222 2475; x_wconf 89' lang='lat' dir='ltr'><strong>qui,</strong></span> <span class='ocrx_word' id='word_1_249' title='bbox 1255 2419 1379 2459; x_wconf 90' lang='lat' dir='ltr'><strong>cum</strong></span> <span class='ocrx_word' id='word_1_250' title='bbox 1411 2417 1527 2475; x_wconf 72' lang='lat' dir='ltr'><strong>qua:</strong></span> <span class='ocrx_word' id='word_1_251' title='bbox 1558 2408 1686 2453; x_wconf 88' lang='lat' dir='ltr'><strong>ante</strong></span> <span class='ocrx_word' id='word_1_252' title='bbox 1712 2400 1874 2467; x_wconf 61' lang='lat' dir='ltr'><strong>pelles</strong></span> <span class='ocrx_word' id='word_1_253' title='bbox 1925 2411 2016 2452; x_wconf 84' lang='lat' dir='ltr'><strong>es-</strong></span> 
     </span>
    </p>
   </div>
   <div class='ocr_carea' id='block_1_42' title="bbox 433 2494 2015 2569">
    <p class='ocr_par' dir='ltr' id='par_1_42' title="bbox 433 2494 2015 2569">
     <span class='ocr_line' id='line_1_42' title="bbox 433 2494 2015 2569; baseline -0.003 -18"><span class='ocrx_word' id='word_1_254' title='bbox 433 2504 557 2551; x_wconf 88' lang='lat' dir='ltr'><strong>sent</strong></span> <span class='ocrx_word' id='word_1_255' title='bbox 599 2498 901 2569; x_wconf 83' lang='lat' dir='ltr'><strong>ignoraret,</strong></span> <span class='ocrx_word' id='word_1_256' title='bbox 936 2496 1133 2552; x_wconf 60' lang='lat' dir='ltr'><strong>caelum</strong></span> <span class='ocrx_word' id='word_1_257' title='bbox 1181 2494 1647 2565; x_wconf 89' lang='lat' dir='ltr'><strong>contemplaretur</strong></span> <span class='ocrx_word' id='word_1_258' title='bbox 1699 2501 1760 2546; x_wconf 92' lang='lat' dir='ltr'><strong>ut</strong></span> <span class='ocrx_word' id='word_1_259' title='bbox 1808 2505 2015 2562; x_wconf 68' lang='lat' dir='ltr'><strong>cogno«</strong></span> 
     </span>
    </p>
   </div>
   <div class='ocr_carea' id='block_1_43' title="bbox 433 2599 637 2645">
    <p class='ocr_par' dir='ltr' id='par_1_43' title="bbox 433 2599 637 2645">
     <span class='ocr_line' id='line_1_43' title="bbox 433 2599 637 2645; baseline -0.01 0"><span class='ocrx_word' id='word_1_260' title='bbox 433 2599 637 2645; x_wconf 70' lang='lat' dir='ltr'><strong>SCt’l‘CL</strong></span> 
     </span>
    </p>
   </div>
   <div class='ocr_carea' id='block_1_44' title="bbox 509 2675 2017 2759">
    <p class='ocr_par' dir='ltr' id='par_1_44' title="bbox 509 2675 2017 2759">
     <span class='ocr_line' id='line_1_44' title="bbox 509 2675 2017 2759; baseline -0.002 -25"><span class='ocrx_word' id='word_1_261' title='bbox 509 2679 771 2759; x_wconf 73' lang='lat' dir='ltr'><strong>Euclidis.</strong></span> <span class='ocrx_word' id='word_1_262' title='bbox 804 2679 1008 2736; x_wconf 80' lang='lat' dir='ltr'><strong>Valens</strong></span> <span class='ocrx_word' id='word_1_263' title='bbox 1038 2685 1266 2750; x_wconf 82' lang='lat' dir='ltr'><strong>aegrotat</strong></span> <span class='ocrx_word' id='word_1_264' title='bbox 1296 2678 1478 2734; x_wconf 90' lang='lat' dir='ltr'><strong>omnis</strong></span> <span class='ocrx_word' id='word_1_265' title='bbox 1511 2677 1785 2744; x_wconf 88' lang='lat' dir='ltr'><strong>curiosus,</strong></span> <span class='ocrx_word' id='word_1_266' title='bbox 1837 2675 2017 2733; x_wconf 89' lang='lat' dir='ltr'><strong>aliena</strong></span> 
     </span>
    </p>
   </div>
   <div class='ocr_carea' id='block_1_45' title="bbox 432 2773 920 2830">
    <p class='ocr_par' dir='ltr' id='par_1_45' title="bbox 432 2773 920 2830">
     <span class='ocr_line' id='line_1_45' title="bbox 432 2773 920 2830; baseline -0.002 -2"><span class='ocrx_word' id='word_1_267' title='bbox 432 2773 671 2828; x_wconf 83' lang='lat' dir='ltr'><strong>sollicite</strong></span> <span class='ocrx_word' id='word_1_268' title='bbox 697 2790 920 2830; x_wconf 87' lang='lat' dir='ltr'><strong>curans.</strong></span> 
     </span>
    </p>
   </div>
   <div class='ocr_carea' id='block_1_46' title="bbox 502 2861 2016 2935">
    <p class='ocr_par' dir='ltr' id='par_1_46' title="bbox 502 2861 2016 2935">
     <span class='ocr_line' id='line_1_46' title="bbox 502 2861 2016 2935; baseline -0.001 -17"><span class='ocrx_word' id='word_1_269' title='bbox 502 2864 863 2920; x_wconf 74' lang='lat' dir='ltr'><strong>Demonaclia.</strong></span> <span class='ocrx_word' id='word_1_270' title='bbox 900 2863 1038 2919; x_wconf 90' lang='lat' dir='ltr'><strong>Cum</strong></span> <span class='ocrx_word' id='word_1_271' title='bbox 1074 2862 1293 2935; x_wconf 86' lang='lat' dir='ltr'><strong>quidam</strong></span> <span class='ocrx_word' id='word_1_272' title='bbox 1343 2861 1715 2934; x_wconf 82' lang='lat' dir='ltr'><strong>exquirerent,</strong></span> <span class='ocrx_word' id='word_1_273' title='bbox 1742 2877 1810 2918; x_wconf 89' lang='lat' dir='ltr'><strong>an</strong></span> <span class='ocrx_word' id='word_1_274' title='bbox 1853 2877 2016 2917; x_wconf 90' lang='lat' dir='ltr'><strong>mun-</strong></span> 
     </span>
    </p>
   </div>
   <div class='ocr_carea' id='block_1_47' title="bbox 436 2940 2014 3024">
    <p class='ocr_par' dir='ltr' id='par_1_47' title="bbox 436 2940 2014 3024">
     <span class='ocr_line' id='line_1_47' title="bbox 436 2940 2014 3024; baseline -0.001 -13"><span class='ocrx_word' id='word_1_275' title='bbox 436 2956 541 3011; x_wconf 85' lang='lat' dir='ltr'><strong>dus</strong></span> <span class='ocrx_word' id='word_1_276' title='bbox 578 2966 726 3011; x_wconf 88' lang='lat' dir='ltr'><strong>esset</strong></span> <span class='ocrx_word' id='word_1_277' title='bbox 760 2940 1054 3018; x_wconf 75' lang='lat' dir='ltr'><strong>animatus,</strong></span> <span class='ocrx_word' id='word_1_278' title='bbox 1094 2963 1150 3011; x_wconf 89' lang='lat' dir='ltr'><strong>et</strong></span> <span class='ocrx_word' id='word_1_279' title='bbox 1199 2970 1414 3018; x_wconf 84' lang='lat' dir='ltr'><strong>rursus,</strong></span> <span class='ocrx_word' id='word_1_280' title='bbox 1449 2970 1517 3009; x_wconf 91' lang='lat' dir='ltr'><strong>an</strong></span> <span class='ocrx_word' id='word_1_281' title='bbox 1552 2954 1809 3024; x_wconf 81' lang='lat' dir='ltr'><strong>globosus</strong></span> <span class='ocrx_word' id='word_1_282' title='bbox 1840 2971 1855 3008; x_wconf 90' lang='lat'><strong>:</strong></span> <span class='ocrx_word' id='word_1_283' title='bbox 1886 2954 2014 3020; x_wconf 78' lang='lat' dir='ltr'><strong>Vos,</strong></span> 
     </span>
    </p>
   </div>
   <div class='ocr_carea' id='block_1_48' title="bbox 2118 1917 3671 1991">
    <p class='ocr_par' dir='ltr' id='par_1_48' title="bbox 2118 1917 3671 1991">
     <span class='ocr_line' id='line_1_48' title="bbox 2118 1917 3671 1991; baseline -0.002 -17"><span class='ocrx_word' id='word_1_284' title='bbox 2118 1932 2123 1935; x_wconf 85' lang='lat'>&#39;</span> <span class='ocrx_word' id='word_1_285' title='bbox 2185 1920 2567 1991; x_wconf 80' lang='grc' dir='ltr'><strong>Δημοσθένης,</strong></span> <span class='ocrx_word' id='word_1_286' title='bbox 2596 1920 2851 1989; x_wconf 82' lang='grc' dir='ltr'>λέγοντος</span> <span class='ocrx_word' id='word_1_287' title='bbox 2889 1920 3036 1990; x_wconf 79' lang='grc' dir='ltr'>αὐτῷ</span> <span class='ocrx_word' id='word_1_288' title='bbox 3065 1935 3231 1984; x_wconf 85' lang='grc' dir='ltr'>τινος,</span> <span class='ocrx_word' id='word_1_289' title='bbox 3259 1919 3342 1973; x_wconf 82' lang='grc' dir='ltr'>ὅτι</span> <span class='ocrx_word' id='word_1_290' title='bbox 3387 1917 3496 1973; x_wconf 87' lang='grc' dir='ltr'>Τοῦ</span> <span class='ocrx_word' id='word_1_291' title='bbox 3523 1917 3671 1989; x_wconf 84' lang='grc' dir='ltr'>ἀγροῦ</span> 
     </span>
    </p>
   </div>
   <div class='ocr_carea' id='block_1_49' title="bbox 2116 2008 3670 2080">
    <p class='ocr_par' dir='ltr' id='par_1_49' title="bbox 2116 2008 3670 2080">
     <span class='ocr_line' id='line_1_49' title="bbox 2116 2008 3670 2080; baseline -0.001 -16"><span class='ocrx_word' id='word_1_292' title='bbox 2116 2010 2361 2080; x_wconf 76' lang='grc' dir='ltr'>ἀμελεῖς,</span> <span class='ocrx_word' id='word_1_293' title='bbox 2408 2008 2588 2079; x_wconf 83' lang='grc' dir='ltr'>ἑαυτῷ</span> <span class='ocrx_word' id='word_1_294' title='bbox 2631 2009 2690 2063; x_wconf 79' lang='grc' dir='ltr'>δὲ</span> <span class='ocrx_word' id='word_1_295' title='bbox 2740 2008 3043 2079; x_wconf 83' lang='grc' dir='ltr'>σχολάζεις,</span> <span class='ocrx_word' id='word_1_296' title='bbox 3107 2009 3330 2065; x_wconf 82' lang='grc' dir='ltr'>Τούτων</span> <span class='ocrx_word' id='word_1_297' title='bbox 3388 2010 3516 2080; x_wconf 82' lang='grc' dir='ltr'>γὰρ,</span> <span class='ocrx_word' id='word_1_298' title='bbox 3562 2009 3670 2080; x_wconf 72' lang='grc' dir='ltr'>ἔφη,</span> 
     </span>
    </p>
   </div>
   <div class='ocr_carea' id='block_1_50' title="bbox 2117 2096 3521 2172">
    <p class='ocr_par' dir='ltr' id='par_1_50' title="bbox 2117 2096 3521 2172">
     <span class='ocr_line' id='line_1_50' title="bbox 2117 2096 3521 2172; baseline 0.001 -18"><span class='ocrx_word' id='word_1_299' title='bbox 2117 2099 2508 2172; x_wconf 80' lang='grc' dir='ltr'>ὲπιμελοῦμαι,</span> <span class='ocrx_word' id='word_1_300' title='bbox 2536 2101 2606 2154; x_wconf 82' lang='grc' dir='ltr'>δι’</span> <span class='ocrx_word' id='word_1_301' title='bbox 2631 2096 2706 2156; x_wconf 83' lang='grc' dir='ltr'><strong>ὧν</strong></span> <span class='ocrx_word' id='word_1_302' title='bbox 2737 2104 2833 2155; x_wconf 74' lang='grc' dir='ltr'>καὶ</span> <span class='ocrx_word' id='word_1_303' title='bbox 2861 2102 2953 2157; x_wconf 80' lang='grc' dir='ltr'>τὸν</span> <span class='ocrx_word' id='word_1_304' title='bbox 2983 2102 3155 2172; x_wconf 78' lang='grc' dir='ltr'>ἀγρὸν</span> <span class='ocrx_word' id='word_1_305' title='bbox 3182 2101 3521 2172; x_wconf 76' lang='grc' dir='ltr'>ἐκτησάμην.</span> 
     </span>
    </p>
   </div>
   <div class='ocr_carea' id='block_1_51' title="bbox 2184 2190 3669 2263">
    <p class='ocr_par' dir='ltr' id='par_1_51' title="bbox 2184 2190 3669 2263">
     <span class='ocr_line' id='line_1_51' title="bbox 2184 2190 3669 2263; baseline 0 -19"><span class='ocrx_word' id='word_1_306' title='bbox 2184 2190 2365 2261; x_wconf 78' lang='grc' dir='ltr'>Θάλην</span> <span class='ocrx_word' id='word_1_307' title='bbox 2391 2191 2472 2254; x_wconf 88' lang='grc' dir='ltr'><strong>είς</strong></span> <span class='ocrx_word' id='word_1_308' title='bbox 2502 2192 2592 2244; x_wconf 77' lang='grc' dir='ltr'>τὸν</span> <span class='ocrx_word' id='word_1_309' title='bbox 2624 2191 2852 2261; x_wconf 71' lang='grc' dir='ltr'>οὐρανδν</span> <span class='ocrx_word' id='word_1_310' title='bbox 2880 2191 3092 2263; x_wconf 84' lang='grc' dir='ltr'>ὁρῶντα</span> <span class='ocrx_word' id='word_1_311' title='bbox 3124 2192 3220 2246; x_wconf 76' lang='grc' dir='ltr'>καὶ</span> <span class='ocrx_word' id='word_1_312' title='bbox 3275 2191 3580 2259; x_wconf 72' lang='grc' dir='ltr'>ἐμπεσόντα</span> <span class='ocrx_word' id='word_1_313' title='bbox 3601 2191 3669 2253; x_wconf 87' lang='grc' dir='ltr'><strong>είς</strong></span> 
     </span>
    </p>
   </div>
   <div class='ocr_carea' id='block_1_52' title="bbox 2120 2279 3672 2354">
    <p class='ocr_par' dir='ltr' id='par_1_52' title="bbox 2120 2279 3672 2354">
     <span class='ocr_line' id='line_1_52' title="bbox 2120 2279 3672 2354; baseline -0.001 -19"><span class='ocrx_word' id='word_1_314' title='bbox 2120 2280 2399 2354; x_wconf 83' lang='grc' dir='ltr'>βάραθρον</span> <span class='ocrx_word' id='word_1_315' title='bbox 2428 2279 2739 2353; x_wconf 84' lang='grc' dir='ltr'>θεράπαινα</span> <span class='ocrx_word' id='word_1_316' title='bbox 2765 2280 3074 2353; x_wconf 76' lang='grc' dir='ltr'>θεωροῦσα,</span> <span class='ocrx_word' id='word_1_317' title='bbox 3108 2282 3296 2336; x_wconf 87' lang='grc' dir='ltr'>δίκαια</span> <span class='ocrx_word' id='word_1_318' title='bbox 3340 2281 3529 2336; x_wconf 82' lang='grc' dir='ltr'>παθεῖν</span> <span class='ocrx_word' id='word_1_319' title='bbox 3552 2280 3672 2351; x_wconf 76' lang='grc' dir='ltr'>ἔφη,</span> 
     </span>
    </p>
   </div>
   <div class='ocr_carea' id='block_1_53' title="bbox 2119 2372 3672 2447">
    <p class='ocr_par' dir='ltr' id='par_1_53' title="bbox 2119 2372 3672 2447">
     <span class='ocr_line' id='line_1_53' title="bbox 2119 2372 3672 2447; baseline 0.001 -21"><span class='ocrx_word' id='word_1_320' title='bbox 2119 2373 2180 2439; x_wconf 79' lang='grc' dir='ltr'>ὃς</span> <span class='ocrx_word' id='word_1_321' title='bbox 2208 2375 2276 2428; x_wconf 82' lang='grc' dir='ltr'>τὰ</span> <span class='ocrx_word' id='word_1_322' title='bbox 2317 2376 2471 2444; x_wconf 83' lang='grc' dir='ltr'>παρὰ</span> <span class='ocrx_word' id='word_1_323' title='bbox 2507 2377 2669 2428; x_wconf 73' lang='grc' dir='ltr'>ποσὶν</span> <span class='ocrx_word' id='word_1_324' title='bbox 2702 2374 2938 2444; x_wconf 80' lang='grc' dir='ltr'>ἀγνοῶν,</span> <span class='ocrx_word' id='word_1_325' title='bbox 2979 2376 3047 2429; x_wconf 80' lang='grc' dir='ltr'>τὰ</span> <span class='ocrx_word' id='word_1_326' title='bbox 3089 2375 3149 2430; x_wconf 73' lang='grc' dir='ltr'><strong>ἰν</strong></span> <span class='ocrx_word' id='word_1_327' title='bbox 3193 2374 3411 2447; x_wconf 82' lang='grc' dir='ltr'>οὐρανῷ</span> <span class='ocrx_word' id='word_1_328' title='bbox 3452 2372 3672 2429; x_wconf 73' lang='grc' dir='ltr'>ἐσκόπει.</span> 
     </span>
    </p>
   </div>
   <div class='ocr_carea' id='block_1_54' title="bbox 2202 2681 3672 2769">
    <p class='ocr_par' dir='ltr' id='par_1_54' title="bbox 2202 2681 3672 2769">
     <span class='ocr_line' id='line_1_54' title="bbox 2202 2681 3672 2769; baseline -0.003 -31"><span class='ocrx_word' id='word_1_329' title='bbox 2202 2682 2499 2769; x_wconf 82' lang='grc' dir='ltr'>Ὑγιαίνων</span> <span class='ocrx_word' id='word_1_330' title='bbox 2555 2682 2705 2737; x_wconf 80' lang='grc' dir='ltr'>νοσεῖ</span> <span class='ocrx_word' id='word_1_331' title='bbox 2736 2683 2844 2747; x_wconf 71' lang='grc' dir='ltr'><strong>πᾶς</strong></span> <span class='ocrx_word' id='word_1_332' title='bbox 2897 2682 3215 2753; x_wconf 85' lang='grc' dir='ltr'>περίεργος,</span> <span class='ocrx_word' id='word_1_333' title='bbox 3263 2684 3294 2736; x_wconf 88' lang='grc' dir='ltr'><strong>ό</strong></span> <span class='ocrx_word' id='word_1_334' title='bbox 3338 2682 3407 2735; x_wconf 80' lang='grc' dir='ltr'><strong>τὰ</strong></span> <span class='ocrx_word' id='word_1_335' title='bbox 3444 2681 3672 2750; x_wconf 79' lang='grc' dir='ltr'>ἀλλότρια</span> 
     </span>
    </p>
   </div>
   <div class='ocr_carea' id='block_1_55' title="bbox 2119 2772 2619 2844">
    <p class='ocr_par' dir='ltr' id='par_1_55' title="bbox 2119 2772 2619 2844">
     <span class='ocr_line' id='line_1_55' title="bbox 2119 2772 2619 2844; baseline -0.002 -16"><span class='ocrx_word' id='word_1_336' title='bbox 2119 2772 2619 2844; x_wconf 85' lang='grc' dir='ltr'>πολυπραγμονῶν.</span> 
     </span>
    </p>
   </div>
   <div class='ocr_carea' id='block_1_56' title="bbox 2194 2864 3673 2938">
    <p class='ocr_par' dir='ltr' id='par_1_56' title="bbox 2194 2864 3673 2938">
     <span class='ocr_line' id='line_1_56' title="bbox 2194 2864 3673 2938; baseline -0.001 -18"><span class='ocrx_word' id='word_1_337' title='bbox 2194 2867 2407 2920; x_wconf 80' lang='grc' dir='ltr'>’Δλλων</span> <span class='ocrx_word' id='word_1_338' title='bbox 2455 2864 2821 2931; x_wconf 80' lang='grc' dir='ltr'>ἐξεταζόντων</span> <span class='ocrx_word' id='word_1_339' title='bbox 2871 2866 2922 2920; x_wconf 83' lang='grc' dir='ltr'><strong>εί</strong></span> <span class='ocrx_word' id='word_1_340' title='bbox 2963 2866 2994 2920; x_wconf 86' lang='grc' dir='ltr'><strong>ό</strong></span> <span class='ocrx_word' id='word_1_341' title='bbox 3041 2866 3247 2930; x_wconf 85' lang='grc' dir='ltr'>κόσμος</span> <span class='ocrx_word' id='word_1_342' title='bbox 3291 2864 3549 2938; x_wconf 67' lang='grc' dir='ltr'>ἔμψυχος,</span> <span class='ocrx_word' id='word_1_343' title='bbox 3589 2866 3673 2918; x_wconf 79' lang='grc' dir='ltr'>καὶ</span> 
     </span>
    </p>
   </div>
   <div class='ocr_carea' id='block_1_57' title="bbox 2120 2952 3674 3029">
    <p class='ocr_par' dir='ltr' id='par_1_57' title="bbox 2120 2952 3674 3029">
     <span class='ocr_line' id='line_1_57' title="bbox 2120 2952 3674 3029; baseline -0.004 -16"><span class='ocrx_word' id='word_1_344' title='bbox 2120 2956 2278 3022; x_wconf 74' lang='grc' dir='ltr'>αὖθις</span> <span class='ocrx_word' id='word_1_345' title='bbox 2325 2959 2374 3012; x_wconf 86' lang='grc' dir='ltr'><strong>εί</strong></span> <span class='ocrx_word' id='word_1_346' title='bbox 2422 2957 2793 3029; x_wconf 78' lang='grc' dir='ltr'>σφαιροειδὴς,</span> <span class='ocrx_word' id='word_1_347' title='bbox 2836 2958 3049 3027; x_wconf 86' lang='grc' dir='ltr'>Ὑμεῖς,</span> <span class='ocrx_word' id='word_1_348' title='bbox 3082 2952 3207 3012; x_wconf 84' lang='grc' dir='ltr'>εῖπε</span> <span class='ocrx_word' id='word_1_349' title='bbox 3241 2956 3530 3026; x_wconf 74' lang='grc' dir='ltr'>Δημῶναξ,</span> <span class='ocrx_word' id='word_1_350' title='bbox 3561 2954 3674 3024; x_wconf 73' lang='grc' dir='ltr'>περὶ</span> 
     </span>
    </p>
   </div>
   <div class='ocr_carea' id='block_1_58' title="bbox 431 3031 2012 3157">
    <p class='ocr_par' dir='ltr' id='par_1_58' title="bbox 431 3031 2012 3157">
     <span class='ocr_line' id='line_1_58' title="bbox 431 3031 2012 3115; baseline -0.001 -14"><span class='ocrx_word' id='word_1_351' title='bbox 431 3046 616 3115; x_wconf 84' lang='lat' dir='ltr'><strong>inquit</strong></span> <span class='ocrx_word' id='word_1_352' title='bbox 637 3046 939 3110; x_wconf 82' lang='lat' dir='ltr'><strong>Demonax,</strong></span> <span class='ocrx_word' id='word_1_353' title='bbox 958 3045 1025 3099; x_wconf 89' lang='lat' dir='ltr'><strong>de</strong></span> <span class='ocrx_word' id='word_1_354' title='bbox 1051 3036 1256 3098; x_wconf 80' lang='lat' dir='ltr'><strong>mundo</strong></span> <span class='ocrx_word' id='word_1_355' title='bbox 1277 3043 1499 3100; x_wconf 87' lang='lat' dir='ltr'><strong>solliciti</strong></span> <span class='ocrx_word' id='word_1_356' title='bbox 1524 3046 1680 3110; x_wconf 88' lang='lat' dir='ltr'><strong>estis,</strong></span> <span class='ocrx_word' id='word_1_357' title='bbox 1708 3031 2012 3102; x_wconf 80' lang='lat' dir='ltr'><strong>atvestram</strong></span> 
     </span>
     <span class='ocr_line' id='line_1_59' title="bbox 437 3135 1496 3157; baseline -0.002 2"><span class='ocrx_word' id='word_1_358' title='bbox 437 3136 676 3157; x_wconf 28' lang='lat' dir='ltr'><strong>sum---</strong></span> <span class='ocrx_word' id='word_1_359' title='bbox 716 3135 1114 3157; x_wconf 30' lang='lat' dir='ltr'><strong>areum“-..</strong></span> <span class='ocrx_word' id='word_1_360' title='bbox 1150 3149 1252 3157; x_wconf 51' lang='grc' dir='ltr'><strong>,η</strong></span> <span class='ocrx_word' id='word_1_361' title='bbox 1296 3135 1496 3157; x_wconf 64' lang='lat'><strong>---_-.._</strong></span> 
     </span>
    </p>
   </div>
   <div class='ocr_carea' id='block_1_59' title="bbox 2130 3031 3674 3157">
    <p class='ocr_par' dir='ltr' id='par_1_59' title="bbox 2130 3050 3674 3135">
     <span class='ocr_line' id='line_1_60' title="bbox 2130 3050 3674 3135; baseline 0.001 -31"><span class='ocrx_word' id='word_1_362' title='bbox 2130 3050 2223 3120; x_wconf 75' lang='grc' dir='ltr'>μὲν</span> <span class='ocrx_word' id='word_1_363' title='bbox 2280 3050 2374 3105; x_wconf 91' lang='grc' dir='ltr'><strong>τοῦ</strong></span> <span class='ocrx_word' id='word_1_364' title='bbox 2423 3052 2634 3121; x_wconf 85' lang='grc' dir='ltr'>κόσμου</span> <span class='ocrx_word' id='word_1_365' title='bbox 2681 3051 3194 3123; x_wconf 78' lang='grc' dir='ltr'>πολυπραγμονεῖτε</span> <span class='ocrx_word' id='word_1_366' title='bbox 3225 3053 3261 3114; x_wconf 85' lang='grc'>,⁸</span> <span class='ocrx_word' id='word_1_367' title='bbox 3287 3052 3419 3123; x_wconf 74' lang='grc' dir='ltr'>περὶ</span> <span class='ocrx_word' id='word_1_368' title='bbox 3479 3050 3563 3135; x_wconf 44' lang='lat'><strong>8:&quot;</strong></span> <span class='ocrx_word' id='word_1_369' title='bbox 3584 3050 3674 3119; x_wconf 80' lang='grc' dir='ltr'>τῆς</span> 
     </span>
    </p>
   </div>
   <div class='ocr_carea' id='block_1_60' title="bbox 437 3135 1519 3208">
    <p class='ocr_par' dir='ltr' id='par_1_60' title="bbox 437 3135 1519 3208">
     <span class='ocr_line' id='line_1_61' title="bbox 437 3135 1519 3208; baseline 0.001 -19"><span class='ocrx_word' id='word_1_370' title='bbox 437 3136 682 3208; x_wconf 86' lang='lat' dir='ltr'><strong>ipsorum</strong></span> <span class='ocrx_word' id='word_1_371' title='bbox 716 3135 1116 3196; x_wconf 85' lang='lat' dir='ltr'><strong>imutunditiem</strong></span> <span class='ocrx_word' id='word_1_372' title='bbox 1150 3149 1257 3190; x_wconf 91' lang='lat' dir='ltr'><strong>non</strong></span> <span class='ocrx_word' id='word_1_373' title='bbox 1291 3135 1519 3192; x_wconf 88' lang='lat' dir='ltr'><strong>curatis.</strong></span> 
     </span>
    </p>
   </div>
   <div class='ocr_carea' id='block_1_61' title="bbox 764 3224 1703 3301">
    <p class='ocr_par' dir='ltr' id='par_1_61' title="bbox 764 3224 1703 3301">
     <span class='ocr_line' id='line_1_62' title="bbox 764 3224 1703 3301; baseline -0.001 -18"><span class='ocrx_word' id='word_1_374' title='bbox 764 3225 997 3283; x_wconf 81' lang='lat' dir='ltr'><strong>SERMO</strong></span> <span class='ocrx_word' id='word_1_375' title='bbox 1030 3224 1268 3282; x_wconf 84' lang='lat' dir='ltr'><strong>Lxxvu</strong></span> <span class='ocrx_word' id='word_1_376' title='bbox 1307 3228 1406 3300; x_wconf 82' lang='grc' dir='ltr'>[αι.</span> <span class='ocrx_word' id='word_1_377' title='bbox 1439 3226 1703 3301; x_wconf 80' lang='lat' dir='ltr'><strong>xxxw].</strong></span> 
     </span>
    </p>
   </div>
   <div class='ocr_carea' id='block_1_62' title="bbox 578 3319 1875 3389">
    <p class='ocr_par' dir='ltr' id='par_1_62' title="bbox 578 3319 1875 3389">
     <span class='ocr_line' id='line_1_63' title="bbox 578 3319 1875 3389; baseline -0.001 -14"><span class='ocrx_word' id='word_1_378' title='bbox 578 3319 658 3375; x_wconf 81' lang='lat' dir='ltr'><strong>De</strong></span> <span class='ocrx_word' id='word_1_379' title='bbox 690 3319 1018 3389; x_wconf 79' lang='lat' dir='ltr'><strong>negotiorum</strong></span> <span class='ocrx_word' id='word_1_380' title='bbox 1051 3319 1409 3374; x_wconf 79' lang='lat' dir='ltr'><strong>sollicitudine</strong></span> <span class='ocrx_word' id='word_1_381' title='bbox 1437 3330 1486 3375; x_wconf 89' lang='lat' dir='ltr'><strong>et</strong></span> <span class='ocrx_word' id='word_1_382' title='bbox 1516 3320 1875 3377; x_wconf 74' lang='lat' dir='ltr'><strong>distractione.</strong></span> 
     </span>
    </p>
   </div>
   <div class='ocr_carea' id='block_1_63' title="bbox 505 3402 1593 3483">
    <p class='ocr_par' dir='ltr' id='par_1_63' title="bbox 505 3402 1593 3483">
     <span class='ocr_line' id='line_1_64' title="bbox 505 3402 1593 3483; baseline 0 -18"><span class='ocrx_word' id='word_1_383' title='bbox 505 3410 643 3467; x_wconf 83' lang='lat' dir='ltr'><strong>Tota</strong></span> <span class='ocrx_word' id='word_1_384' title='bbox 674 3402 824 3483; x_wconf 82' lang='lat' dir='ltr'><strong>impii</strong></span> <span class='ocrx_word' id='word_1_385' title='bbox 854 3411 961 3466; x_wconf 90' lang='lat' dir='ltr'><strong>vita</strong></span> <span class='ocrx_word' id='word_1_386' title='bbox 992 3410 1047 3466; x_wconf 86' lang='lat' dir='ltr'><strong>in</strong></span> <span class='ocrx_word' id='word_1_387' title='bbox 1083 3411 1456 3467; x_wconf 82' lang='lat' dir='ltr'><strong>sollicitudine</strong></span> <span class='ocrx_word' id='word_1_388' title='bbox 1487 3418 1593 3467; x_wconf 91' lang='lat' dir='ltr'><strong>est.</strong></span> 
     </span>
    </p>
   </div>
   <div class='ocr_carea' id='block_1_64' title="bbox 506 3500 2020 3572">
    <p class='ocr_par' dir='ltr' id='par_1_64' title="bbox 506 3500 2020 3572">
     <span class='ocr_line' id='line_1_65' title="bbox 506 3500 2020 3572; baseline 0.002 -16"><span class='ocrx_word' id='word_1_389' title='bbox 506 3500 643 3558; x_wconf 54' lang='lat' dir='ltr'><strong>Job.’</strong></span> <span class='ocrx_word' id='word_1_390' title='bbox 664 3500 764 3557; x_wconf 88' lang='lat' dir='ltr'><strong>Odi</strong></span> <span class='ocrx_word' id='word_1_391' title='bbox 797 3502 1051 3572; x_wconf 89' lang='lat' dir='ltr'><strong>equidem</strong></span> <span class='ocrx_word' id='word_1_392' title='bbox 1080 3502 1394 3559; x_wconf 87' lang='lat' dir='ltr'><strong>universum</strong></span> <span class='ocrx_word' id='word_1_393' title='bbox 1425 3502 1695 3569; x_wconf 89' lang='lat' dir='ltr'><strong>laborem,</strong></span> <span class='ocrx_word' id='word_1_394' title='bbox 1734 3516 1895 3572; x_wconf 90' lang='lat' dir='ltr'><strong>quem</strong></span> <span class='ocrx_word' id='word_1_395' title='bbox 1916 3502 2020 3559; x_wconf 83' lang='lat' dir='ltr'><strong>sub</strong></span> 
     </span>
    </p>
   </div>
   <div class='ocr_carea' id='block_1_65' title="bbox 435 3593 2019 3665">
    <p class='ocr_par' dir='ltr' id='par_1_65' title="bbox 435 3593 2019 3665">
     <span class='ocr_line' id='line_1_66' title="bbox 435 3593 2019 3665; baseline 0.001 -16"><span class='ocrx_word' id='word_1_396' title='bbox 435 3593 553 3649; x_wconf 81' lang='lat' dir='ltr'><strong>sole</strong></span> <span class='ocrx_word' id='word_1_397' title='bbox 590 3595 853 3658; x_wconf 85' lang='lat' dir='ltr'><strong>sustineo,</strong></span> <span class='ocrx_word' id='word_1_398' title='bbox 887 3593 1015 3663; x_wconf 89' lang='lat' dir='ltr'><strong>quia</strong></span> <span class='ocrx_word' id='word_1_399' title='bbox 1082 3594 1336 3660; x_wconf 90' lang='lat' dir='ltr'><strong>relinquo</strong></span> <span class='ocrx_word' id='word_1_400' title='bbox 1377 3608 1502 3648; x_wconf 90' lang='lat' dir='ltr'><strong>cum</strong></span> <span class='ocrx_word' id='word_1_401' title='bbox 1551 3602 1674 3665; x_wconf 91' lang='lat' dir='ltr'><strong>post</strong></span> <span class='ocrx_word' id='word_1_402' title='bbox 1719 3609 1807 3649; x_wconf 89' lang='lat' dir='ltr'><strong>me</strong></span> <span class='ocrx_word' id='word_1_403' title='bbox 1840 3594 2019 3651; x_wconf 83' lang='lat' dir='ltr'><strong>futuro</strong></span> 
     </span>
    </p>
   </div>
   <div class='ocr_carea' id='block_1_66' title="bbox 434 3682 2018 3756">
    <p class='ocr_par' dir='ltr' id='par_1_66' title="bbox 434 3682 2018 3756">
     <span class='ocr_line' id='line_1_67' title="bbox 434 3682 2018 3756; baseline 0.003 -19"><span class='ocrx_word' id='word_1_404' title='bbox 434 3682 645 3738; x_wconf 63' lang='lat' dir='ltr'><strong>haeredi</strong></span> <span class='ocrx_word' id='word_1_405' title='bbox 683 3700 697 3738; x_wconf 91' lang='lat'><strong>:</strong></span> <span class='ocrx_word' id='word_1_406' title='bbox 727 3691 782 3739; x_wconf 92' lang='lat' dir='ltr'><strong>et</strong></span> <span class='ocrx_word' id='word_1_407' title='bbox 811 3682 938 3754; x_wconf 91' lang='lat' dir='ltr'><strong>quis</strong></span> <span class='ocrx_word' id='word_1_408' title='bbox 994 3684 1146 3738; x_wconf 79' lang='lat' dir='ltr'><strong>novit</strong></span> <span class='ocrx_word' id='word_1_409' title='bbox 1191 3684 1482 3754; x_wconf 86' lang='lat' dir='ltr'><strong>sapiensne</strong></span> <span class='ocrx_word' id='word_1_410' title='bbox 1527 3699 1595 3739; x_wconf 88' lang='lat' dir='ltr'><strong>an</strong></span> <span class='ocrx_word' id='word_1_411' title='bbox 1631 3685 1897 3756; x_wconf 87' lang='lat' dir='ltr'><strong>insipiens</strong></span> <span class='ocrx_word' id='word_1_412' title='bbox 1929 3685 2018 3741; x_wconf 77' lang='grc' dir='ltr'>[ιι-</span> 
     </span>
    </p>
   </div>
   <div class='ocr_carea' id='block_1_67' title="bbox 432 3775 737 3833">
    <p class='ocr_par' dir='ltr' id='par_1_67' title="bbox 432 3775 737 3833">
     <span class='ocr_line' id='line_1_68' title="bbox 432 3775 737 3833; baseline -0.013 0"><span class='ocrx_word' id='word_1_413' title='bbox 432 3784 596 3833; x_wconf 82' lang='lat' dir='ltr'><strong>lut‘us</strong></span> <span class='ocrx_word' id='word_1_414' title='bbox 625 3775 737 3831; x_wconf 86' lang='lat' dir='ltr'><strong>sit?</strong></span> 
     </span>
    </p>
   </div>
   <div class='ocr_carea' id='block_1_68' title="bbox 510 3867 2020 3941">
    <p class='ocr_par' dir='ltr' id='par_1_68' title="bbox 510 3867 2020 3941">
     <span class='ocr_line' id='line_1_69' title="bbox 510 3867 2020 3941; baseline 0.001 -16"><span class='ocrx_word' id='word_1_415' title='bbox 510 3869 764 3925; x_wconf 82' lang='lat' dir='ltr'><strong>Peccanti</strong></span> <span class='ocrx_word' id='word_1_416' title='bbox 797 3868 947 3925; x_wconf 90' lang='lat' dir='ltr'><strong>dedit</strong></span> <span class='ocrx_word' id='word_1_417' title='bbox 988 3867 1283 3923; x_wconf 89' lang='lat' dir='ltr'><strong>distentam</strong></span> <span class='ocrx_word' id='word_1_418' title='bbox 1318 3868 1652 3924; x_wconf 81' lang='lat' dir='ltr'><strong>anxietatem</strong></span> <span class='ocrx_word' id='word_1_419' title='bbox 1697 3869 1929 3941; x_wconf 84' lang='lat' dir='ltr'><strong>augendi</strong></span> <span class='ocrx_word' id='word_1_420' title='bbox 1965 3878 2020 3927; x_wconf 81' lang='lat' dir='ltr'><strong>et</strong></span> 
     </span>
    </p>
   </div>
   <div class='ocr_carea' id='block_1_69' title="bbox 425 3946 1775 4029">
    <p class='ocr_par' dir='ltr' id='par_1_69' title="bbox 425 3946 1775 4029">
     <span class='ocr_line' id='line_1_70' title="bbox 425 3946 1775 4029; baseline 0.002 -16"><span class='ocrx_word' id='word_1_421' title='bbox 425 3946 826 4029; x_wconf 43' lang='lat' dir='ltr'><strong>&#39;coaccrvandi,</strong></span> <span class='ocrx_word' id='word_1_422' title='bbox 861 3969 922 4015; x_wconf 92' lang='lat' dir='ltr'><strong>ut</strong></span> <span class='ocrx_word' id='word_1_423' title='bbox 953 3961 1045 4016; x_wconf 88' lang='lat' dir='ltr'><strong>det</strong></span> <span class='ocrx_word' id='word_1_424' title='bbox 1066 3960 1215 4015; x_wconf 90' lang='lat' dir='ltr'><strong>bono</strong></span> <span class='ocrx_word' id='word_1_425' title='bbox 1242 3960 1297 4014; x_wconf 89' lang='lat' dir='ltr'><strong>in</strong></span> <span class='ocrx_word' id='word_1_426' title='bbox 1331 3968 1628 4027; x_wconf 83' lang='lat' dir='ltr'><strong>conspectu</strong></span> <span class='ocrx_word' id='word_1_427' title='bbox 1659 3957 1775 4017; x_wconf 91' lang='lat' dir='ltr'><strong>Dei.</strong></span> 
     </span>
    </p>
   </div>
   <div class='ocr_carea' id='block_1_70' title="bbox 519 4132 2019 4200">
    <p class='ocr_par' dir='ltr' id='par_1_70' title="bbox 519 4132 2019 4200">
     <span class='ocr_line' id='line_1_71' title="bbox 519 4132 2019 4200; baseline -0.001 -10"><span class='ocrx_word' id='word_1_428' title='bbox 519 4132 684 4190; x_wconf 86' lang='lat' dir='ltr'><strong>Eccli.</strong></span> <span class='ocrx_word' id='word_1_429' title='bbox 717 4150 786 4189; x_wconf 84' lang='lat' dir='ltr'><strong>tv.</strong></span> <span class='ocrx_word' id='word_1_430' title='bbox 822 4133 948 4200; x_wconf 83' lang='lat' dir='ltr'><strong>Fili,</strong></span> <span class='ocrx_word' id='word_1_431' title='bbox 978 4134 1064 4190; x_wconf 84' lang='lat' dir='ltr'><strong>fae</strong></span> <span class='ocrx_word' id='word_1_432' title='bbox 1096 4149 1164 4189; x_wconf 90' lang='lat' dir='ltr'><strong>ne</strong></span> <span class='ocrx_word' id='word_1_433' title='bbox 1193 4135 1360 4191; x_wconf 88' lang='lat' dir='ltr'><strong>variis</strong></span> <span class='ocrx_word' id='word_1_434' title='bbox 1398 4135 1706 4192; x_wconf 88' lang='lat' dir='ltr'><strong>actionibus</strong></span> <span class='ocrx_word' id='word_1_435' title='bbox 1743 4135 2019 4192; x_wconf 83' lang='lat' dir='ltr'><strong>distraha-</strong></span> 
     </span>
    </p>
   </div>
   <div class='ocr_carea' id='block_1_71' title="bbox 440 4222 2021 4297">
    <p class='ocr_par' dir='ltr' id='par_1_71' title="bbox 440 4222 2021 4297">
     <span class='ocr_line' id='line_1_72' title="bbox 440 4222 2021 4297; baseline 0.005 -22"><span class='ocrx_word' id='word_1_436' title='bbox 440 4222 537 4276; x_wconf 86' lang='lat' dir='ltr'><strong>ris.</strong></span> <span class='ocrx_word' id='word_1_437' title='bbox 569 4222 626 4276; x_wconf 91' lang='lat' dir='ltr'><strong>Si</strong></span> <span class='ocrx_word' id='word_1_438' title='bbox 659 4225 803 4278; x_wconf 89' lang='lat' dir='ltr'><strong>enim</strong></span> <span class='ocrx_word' id='word_1_439' title='bbox 833 4232 1027 4277; x_wconf 85' lang='lat' dir='ltr'><strong>auctus</strong></span> <span class='ocrx_word' id='word_1_440' title='bbox 1053 4223 1246 4289; x_wconf 80' lang='lat' dir='ltr'><strong>fueris,</strong></span> <span class='ocrx_word' id='word_1_441' title='bbox 1276 4240 1380 4279; x_wconf 90' lang='lat' dir='ltr'><strong>non</strong></span> <span class='ocrx_word' id='word_1_442' title='bbox 1435 4225 1546 4280; x_wconf 88' lang='lat' dir='ltr'><strong>eris</strong></span> <span class='ocrx_word' id='word_1_443' title='bbox 1604 4226 1869 4283; x_wconf 83' lang='lat' dir='ltr'><strong>innocens</strong></span> <span class='ocrx_word' id='word_1_444' title='bbox 1892 4243 1905 4280; x_wconf 92' lang='lat'><strong>:</strong></span> <span class='ocrx_word' id='word_1_445' title='bbox 1928 4228 2021 4297; x_wconf 89' lang='lat' dir='ltr'><strong>qui</strong></span> 
     </span>
    </p>
   </div>
   <div class='ocr_carea' id='block_1_72' title="bbox 440 4311 1658 4382">
    <p class='ocr_par' dir='ltr' id='par_1_72' title="bbox 440 4311 1658 4382">
     <span class='ocr_line' id='line_1_73' title="bbox 440 4311 1658 4382; baseline 0.003 -14"><span class='ocrx_word' id='word_1_446' title='bbox 440 4311 685 4382; x_wconf 73' lang='lat' dir='ltr'><strong>sequitur</strong></span> <span class='ocrx_word' id='word_1_447' title='bbox 724 4324 1016 4381; x_wconf 79' lang='lat' dir='ltr'><strong>quaestum,</strong></span> <span class='ocrx_word' id='word_1_448' title='bbox 1055 4313 1422 4382; x_wconf 88' lang='lat' dir='ltr'><strong>implicabitur</strong></span> <span class='ocrx_word' id='word_1_449' title='bbox 1449 4315 1658 4373; x_wconf 89' lang='lat' dir='ltr'><strong>litibus.</strong></span> 
     </span>
    </p>
   </div>
   <div class='ocr_carea' id='block_1_73' title="bbox 511 4403 1679 4463">
    <p class='ocr_par' dir='ltr' id='par_1_73' title="bbox 511 4403 1679 4463">
     <span class='ocr_line' id='line_1_74' title="bbox 511 4403 1679 4463; baseline 0.003 -4"><span class='ocrx_word' id='word_1_450' title='bbox 511 4404 622 4460; x_wconf 89' lang='lat' dir='ltr'><strong>Cor</strong></span> <span class='ocrx_word' id='word_1_451' title='bbox 661 4403 993 4459; x_wconf 85' lang='lat' dir='ltr'><strong>malitiosum</strong></span> <span class='ocrx_word' id='word_1_452' title='bbox 1024 4405 1346 4460; x_wconf 89' lang='lat' dir='ltr'><strong>onerabitur</strong></span> <span class='ocrx_word' id='word_1_453' title='bbox 1376 4406 1679 4463; x_wconf 90' lang='lat' dir='ltr'><strong>laboribus.</strong></span> 
     </span>
    </p>
   </div>
   <div class='ocr_carea' id='block_1_74' title="bbox 510 4492 2012 4570">
    <p class='ocr_par' dir='ltr' id='par_1_74' title="bbox 510 4492 2012 4570">
     <span class='ocr_line' id='line_1_75' title="bbox 510 4492 2012 4570; baseline 0.003 -20"><span class='ocrx_word' id='word_1_454' title='bbox 510 4492 641 4551; x_wconf 86' lang='lat' dir='ltr'><strong>Luc.</strong></span> <span class='ocrx_word' id='word_1_455' title='bbox 674 4511 785 4551; x_wconf 76' lang='lat' dir='ltr'><strong>xxv.</strong></span> <span class='ocrx_word' id='word_1_456' title='bbox 816 4493 991 4551; x_wconf 84' lang='lat' dir='ltr'><strong>Homo</strong></span> <span class='ocrx_word' id='word_1_457' title='bbox 1035 4495 1261 4566; x_wconf 91' lang='lat' dir='ltr'><strong>quidam</strong></span> <span class='ocrx_word' id='word_1_458' title='bbox 1294 4494 1423 4552; x_wconf 80' lang='lat' dir='ltr'><strong>fecit</strong></span> <span class='ocrx_word' id='word_1_459' title='bbox 1452 4512 1666 4553; x_wconf 89' lang='lat' dir='ltr'><strong>coenam</strong></span> <span class='ocrx_word' id='word_1_460' title='bbox 1715 4513 1967 4570; x_wconf 86' lang='lat' dir='ltr'><strong>magnam</strong></span> <span class='ocrx_word' id='word_1_461' title='bbox 1996 4541 2012 4566; x_wconf 96' lang='lat'><strong>,</strong></span> 
     </span>
    </p>
   </div>
   <div class='ocr_carea' id='block_1_75' title="bbox 435 4586 2015 4659">
    <p class='ocr_par' dir='ltr' id='par_1_75' title="bbox 435 4586 2015 4659">
     <span class='ocr_line' id='line_1_76' title="bbox 435 4586 2015 4659; baseline 0.001 -15"><span class='ocrx_word' id='word_1_462' title='bbox 435 4588 754 4659; x_wconf 85' lang='lat' dir='ltr'><strong>multosque</strong></span> <span class='ocrx_word' id='word_1_463' title='bbox 807 4586 1039 4651; x_wconf 73' lang='lat' dir='ltr'><strong>vocavit,</strong></span> <span class='ocrx_word' id='word_1_464' title='bbox 1092 4594 1146 4642; x_wconf 89' lang='lat' dir='ltr'><strong>et</strong></span> <span class='ocrx_word' id='word_1_465' title='bbox 1192 4587 1343 4642; x_wconf 90' lang='lat' dir='ltr'><strong>misit</strong></span> <span class='ocrx_word' id='word_1_466' title='bbox 1390 4604 1609 4646; x_wconf 87' lang='lat' dir='ltr'><strong>servum</strong></span> <span class='ocrx_word' id='word_1_467' title='bbox 1662 4605 1822 4646; x_wconf 92' lang='lat' dir='ltr'><strong>suum</strong></span> <span class='ocrx_word' id='word_1_468' title='bbox 1881 4591 2015 4647; x_wconf 76' lang='lat' dir='ltr'><strong>liora</strong></span> 
     </span>
    </p>
   </div>
   <div class='ocr_carea' id='block_1_76' title="bbox 435 4678 2019 4753">
    <p class='ocr_par' dir='ltr' id='par_1_76' title="bbox 435 4678 2019 4753">
     <span class='ocr_line' id='line_1_77' title="bbox 435 4678 2019 4753; baseline 0.001 -18"><span class='ocrx_word' id='word_1_469' title='bbox 435 4695 636 4746; x_wconf 63' lang='lat' dir='ltr'><strong>omnes,</strong></span> <span class='ocrx_word' id='word_1_470' title='bbox 667 4679 758 4750; x_wconf 89' lang='lat' dir='ltr'><strong>qui</strong></span> <span class='ocrx_word' id='word_1_471' title='bbox 803 4678 1022 4747; x_wconf 77' lang='lat' dir='ltr'><strong>iuberet</strong></span> <span class='ocrx_word' id='word_1_472' title='bbox 1070 4679 1328 4737; x_wconf 79' lang='lat' dir='ltr'><strong>invitatos</strong></span> <span class='ocrx_word' id='word_1_473' title='bbox 1359 4679 1565 4746; x_wconf 85' lang='lat' dir='ltr'><strong>venire,</strong></span> <span class='ocrx_word' id='word_1_474' title='bbox 1598 4682 1743 4751; x_wconf 89' lang='lat' dir='ltr'><strong>quod</strong></span> <span class='ocrx_word' id='word_1_475' title='bbox 1784 4681 1896 4752; x_wconf 86' lang='lat' dir='ltr'><strong>jam</strong></span> <span class='ocrx_word' id='word_1_476' title='bbox 1926 4697 2019 4753; x_wconf 87' lang='lat' dir='ltr'><strong>pa-</strong></span> 
     </span>
    </p>
   </div>
   <div class='ocr_carea' id='block_1_77' title="bbox 439 4770 2020 4840">
    <p class='ocr_par' dir='ltr' id='par_1_77' title="bbox 439 4770 2020 4840">
     <span class='ocr_line' id='line_1_78' title="bbox 439 4770 2020 4840; baseline 0.002 -14"><span class='ocrx_word' id='word_1_477' title='bbox 439 4780 556 4827; x_wconf 89' lang='lat' dir='ltr'><strong>rata</strong></span> <span class='ocrx_word' id='word_1_478' title='bbox 586 4778 775 4826; x_wconf 87' lang='lat' dir='ltr'><strong>essent</strong></span> <span class='ocrx_word' id='word_1_479' title='bbox 807 4770 1012 4825; x_wconf 89' lang='lat' dir='ltr'><strong>omnia.</strong></span> <span class='ocrx_word' id='word_1_480' title='bbox 1047 4770 1115 4824; x_wconf 90' lang='lat' dir='ltr'><strong>Et</strong></span> <span class='ocrx_word' id='word_1_481' title='bbox 1145 4779 1433 4840; x_wconf 77' lang='lat' dir='ltr'><strong>coeperunt</strong></span> <span class='ocrx_word' id='word_1_482' title='bbox 1477 4772 1681 4840; x_wconf 89' lang='lat' dir='ltr'><strong>pariter</strong></span> <span class='ocrx_word' id='word_1_483' title='bbox 1723 4787 1915 4829; x_wconf 85' lang='lat' dir='ltr'><strong>omnes</strong></span> <span class='ocrx_word' id='word_1_484' title='bbox 1959 4787 2020 4828; x_wconf 86' lang='lat' dir='ltr'><strong>se</strong></span> 
     </span>
    </p>
   </div>
   <div class='ocr_carea' id='block_1_78' title="bbox 436 4862 2017 4934">
    <p class='ocr_par' dir='ltr' id='par_1_78' title="bbox 436 4862 2017 4934">
     <span class='ocr_line' id='line_1_79' title="bbox 436 4862 2017 4934; baseline 0 -15"><span class='ocrx_word' id='word_1_485' title='bbox 436 4878 736 4931; x_wconf 75' lang='lat' dir='ltr'><strong>excusare;</strong></span> <span class='ocrx_word' id='word_1_486' title='bbox 769 4877 832 4917; x_wconf 90' lang='lat' dir='ltr'><strong>ac</strong></span> <span class='ocrx_word' id='word_1_487' title='bbox 860 4862 1072 4932; x_wconf 89' lang='lat' dir='ltr'><strong>primus</strong></span> <span class='ocrx_word' id='word_1_488' title='bbox 1122 4862 1262 4917; x_wconf 77' lang='lat' dir='ltr'><strong>dixit</strong></span> <span class='ocrx_word' id='word_1_489' title='bbox 1295 4877 1352 4918; x_wconf 86' lang='lat' dir='ltr'><strong>se</strong></span> <span class='ocrx_word' id='word_1_490' title='bbox 1397 4877 1586 4934; x_wconf 88' lang='lat' dir='ltr'><strong>agrum</strong></span> <span class='ocrx_word' id='word_1_491' title='bbox 1645 4864 1865 4929; x_wconf 89' lang='lat' dir='ltr'><strong>emisse,</strong></span> <span class='ocrx_word' id='word_1_492' title='bbox 1910 4873 2017 4920; x_wconf 91' lang='lat' dir='ltr'><strong>etc.</strong></span> 
     </span>
    </p>
   </div>
   <div class='ocr_carea' id='block_1_79' title="bbox 445 4950 2019 5024">
    <p class='ocr_par' dir='ltr' id='par_1_79' title="bbox 445 4950 2019 5024">
     <span class='ocr_line' id='line_1_80' title="bbox 445 4950 2019 5024; baseline 0.004 -21"><span class='ocrx_word' id='word_1_493' title='bbox 445 4950 576 5006; x_wconf 86' lang='lat' dir='ltr'><strong>Dico</strong></span> <span class='ocrx_word' id='word_1_494' title='bbox 607 4951 778 5017; x_wconf 81' lang='lat' dir='ltr'><strong>vobis,</strong></span> <span class='ocrx_word' id='word_1_495' title='bbox 810 4950 1087 5005; x_wconf 87' lang='lat' dir='ltr'><strong>neminem</strong></span> <span class='ocrx_word' id='word_1_496' title='bbox 1119 4950 1341 5007; x_wconf 84' lang='lat' dir='ltr'><strong>illorum</strong></span> <span class='ocrx_word' id='word_1_497' title='bbox 1370 4950 1438 5008; x_wconf 88' lang='lat' dir='ltr'><strong>de</strong></span> <span class='ocrx_word' id='word_1_498' title='bbox 1471 4966 1629 5008; x_wconf 72' lang='lat' dir='ltr'><strong>creua</strong></span> <span class='ocrx_word' id='word_1_499' title='bbox 1675 4966 1793 5008; x_wconf 88' lang='lat' dir='ltr'><strong>mea</strong></span> <span class='ocrx_word' id='word_1_500' title='bbox 1830 4962 2019 5024; x_wconf 83' lang='lat' dir='ltr'><strong>gusta-</strong></span> 
     </span>
    </p>
   </div>
   <div class='ocr_carea' id='block_1_80' title="bbox 442 5047 1457 5095">
    <p class='ocr_par' dir='ltr' id='par_1_80' title="bbox 442 5047 1457 5095">
     <span class='ocr_line' id='line_1_81' title="bbox 442 5047 1457 5095; baseline -0.001 0"><span class='ocrx_word' id='word_1_501' title='bbox 442 5048 648 5095; x_wconf 83' lang='lat' dir='ltr'><strong>turum.</strong></span> <span class='ocrx_word' id='word_1_502' title='bbox 1452 5047 1457 5051; x_wconf 85' lang='grc'><strong>’</strong></span> 
     </span>
    </p>
   </div>
   <div class='ocr_carea' id='block_1_81' title="bbox 518 5128 2019 5204">
    <p class='ocr_par' dir='ltr' id='par_1_81' title="bbox 518 5128 2019 5204">
     <span class='ocr_line' id='line_1_82' title="bbox 518 5128 2019 5204; baseline 0.006 -21"><span class='ocrx_word' id='word_1_503' title='bbox 518 5128 756 5200; x_wconf 80' lang='lat' dir='ltr'><strong>Philipp.</strong></span> <span class='ocrx_word' id='word_1_504' title='bbox 789 5144 848 5186; x_wconf 83' lang='grc' dir='ltr'><strong>ιι.</strong></span> <span class='ocrx_word' id='word_1_505' title='bbox 883 5130 1085 5188; x_wconf 89' lang='lat' dir='ltr'><strong>Omnes</strong></span> <span class='ocrx_word' id='word_1_506' title='bbox 1123 5133 1191 5188; x_wconf 86' lang='lat' dir='ltr'><strong>de</strong></span> <span class='ocrx_word' id='word_1_507' title='bbox 1223 5133 1338 5189; x_wconf 84' lang='lat' dir='ltr'><strong>suis</strong></span> <span class='ocrx_word' id='word_1_508' title='bbox 1376 5134 1539 5190; x_wconf 88' lang='lat' dir='ltr'><strong>rebus</strong></span> <span class='ocrx_word' id='word_1_509' title='bbox 1573 5135 1798 5191; x_wconf 88' lang='lat' dir='ltr'><strong>solliciti</strong></span> <span class='ocrx_word' id='word_1_510' title='bbox 1848 5146 1979 5194; x_wconf 89' lang='lat' dir='ltr'><strong>sunt</strong></span> <span class='ocrx_word' id='word_1_511' title='bbox 2002 5178 2019 5204; x_wconf 95' lang='lat'><strong>,</strong></span> 
     </span>
    </p>
   </div>
   <div class='ocr_carea' id='block_1_82' title="bbox 445 5220 1638 5292">
    <p class='ocr_par' dir='ltr' id='par_1_82' title="bbox 445 5220 1638 5292">
     <span class='ocr_line' id='line_1_83' title="bbox 445 5220 1638 5292; baseline 0.001 -12"><span class='ocrx_word' id='word_1_512' title='bbox 445 5237 554 5280; x_wconf 87' lang='lat' dir='ltr'><strong>non</strong></span> <span class='ocrx_word' id='word_1_513' title='bbox 582 5220 650 5276; x_wconf 85' lang='lat' dir='ltr'><strong>de</strong></span> <span class='ocrx_word' id='word_1_514' title='bbox 673 5220 742 5277; x_wconf 88' lang='lat' dir='ltr'><strong>iis</strong></span> <span class='ocrx_word' id='word_1_515' title='bbox 781 5236 899 5290; x_wconf 84' lang='lat' dir='ltr'><strong>quae</strong></span> <span class='ocrx_word' id='word_1_516' title='bbox 928 5224 1202 5292; x_wconf 88' lang='lat' dir='ltr'><strong>pertinent</strong></span> <span class='ocrx_word' id='word_1_517' title='bbox 1234 5224 1301 5281; x_wconf 87' lang='lat' dir='ltr'><strong>ad</strong></span> <span class='ocrx_word' id='word_1_518' title='bbox 1336 5225 1638 5281; x_wconf 88' lang='lat' dir='ltr'><strong>Christum.</strong></span> 
     </span>
    </p>
   </div>
   <div class='ocr_carea' id='block_1_83' title="bbox 521 5311 2022 5392">
    <p class='ocr_par' dir='ltr' id='par_1_83' title="bbox 521 5311 2022 5392">
     <span class='ocr_line' id='line_1_84' title="bbox 521 5311 2022 5392; baseline 0.003 -22"><span class='ocrx_word' id='word_1_519' title='bbox 521 5311 582 5370; x_wconf 89' lang='lat' dir='ltr'><strong>S.</strong></span> <span class='ocrx_word' id='word_1_520' title='bbox 610 5312 828 5367; x_wconf 76' lang='lat' dir='ltr'><strong>Basilii.</strong></span> <span class='ocrx_word' id='word_1_521' title='bbox 846 5312 989 5392; x_wconf 73' lang='lat' dir='ltr'><strong>Fieri</strong></span> <span class='ocrx_word' id='word_1_522' title='bbox 1014 5330 1120 5369; x_wconf 93' lang='lat' dir='ltr'><strong>non</strong></span> <span class='ocrx_word' id='word_1_523' title='bbox 1150 5324 1346 5386; x_wconf 89' lang='lat' dir='ltr'><strong>potest.</strong></span> <span class='ocrx_word' id='word_1_524' title='bbox 1374 5326 1434 5372; x_wconf 89' lang='lat' dir='ltr'><strong>ut</strong></span> <span class='ocrx_word' id='word_1_525' title='bbox 1459 5319 1700 5386; x_wconf 90' lang='lat' dir='ltr'><strong>potiatur</strong></span> <span class='ocrx_word' id='word_1_526' title='bbox 1719 5318 1918 5388; x_wconf 87' lang='lat' dir='ltr'><strong>aliquis</strong></span> <span class='ocrx_word' id='word_1_527' title='bbox 1945 5320 2022 5374; x_wconf 88' lang='lat' dir='ltr'><strong>la-</strong></span> 
     </span>
    </p>
   </div>
   <div class='ocr_carea' id='block_1_84' title="bbox 451 5401 2023 5471">
    <p class='ocr_par' dir='ltr' id='par_1_84' title="bbox 451 5401 2023 5471">
     <span class='ocr_line' id='line_1_85' title="bbox 451 5401 2023 5471; baseline 0.003 -9"><span class='ocrx_word' id='word_1_528' title='bbox 451 5406 670 5461; x_wconf 85' lang='lat' dir='ltr'><strong>boriosa</strong></span> <span class='ocrx_word' id='word_1_529' title='bbox 700 5417 882 5457; x_wconf 88' lang='lat' dir='ltr'><strong>rerum</strong></span> <span class='ocrx_word' id='word_1_530' title='bbox 910 5401 1220 5459; x_wconf 88' lang='lat' dir='ltr'><strong>divinarum</strong></span> <span class='ocrx_word' id='word_1_531' title='bbox 1252 5406 1626 5471; x_wconf 80' lang='lat' dir='ltr'><strong>meditatione,</strong></span> <span class='ocrx_word' id='word_1_532' title='bbox 1674 5405 2023 5466; x_wconf 56' lang='lat' dir='ltr'><strong>inter&#39;animi</strong></span> 
     </span>
    </p>
   </div>
   <div class='ocr_carea' id='block_1_85' title="bbox 452 5495 2021 5563">
    <p class='ocr_par' dir='ltr' id='par_1_85' title="bbox 452 5495 2021 5563">
     <span class='ocr_line' id='line_1_86' title="bbox 452 5495 2021 5563; baseline 0.003 -15"><span class='ocrx_word' id='word_1_533' title='bbox 452 5495 839 5550; x_wconf 87' lang='lat' dir='ltr'><strong>distractiones</strong></span> <span class='ocrx_word' id='word_1_534' title='bbox 886 5498 941 5547; x_wconf 91' lang='lat' dir='ltr'><strong>et</strong></span> <span class='ocrx_word' id='word_1_535' title='bbox 1011 5496 1399 5563; x_wconf 88' lang='lat' dir='ltr'><strong>occupationes</strong></span> <span class='ocrx_word' id='word_1_536' title='bbox 1454 5512 1637 5551; x_wconf 82' lang='lat' dir='ltr'><strong>rerum</strong></span> <span class='ocrx_word' id='word_1_537' title='bbox 1692 5496 1758 5551; x_wconf 89' lang='lat' dir='ltr'><strong>ad</strong></span> <span class='ocrx_word' id='word_1_538' title='bbox 1817 5497 2021 5554; x_wconf 75' lang='lat' dir='ltr'><strong>victum</strong></span> 
     </span>
    </p>
   </div>
   <div class='ocr_carea' id='block_1_86' title="bbox 453 5583 858 5650">
    <p class='ocr_par' dir='ltr' id='par_1_86' title="bbox 453 5583 858 5650">
     <span class='ocr_line' id='line_1_87' title="bbox 453 5583 858 5650; baseline -0.005 -12"><span class='ocrx_word' id='word_1_539' title='bbox 453 5583 858 5650; x_wconf 67' lang='lat' dir='ltr'><strong>pertinentium.</strong></span> 
     </span>
    </p>
   </div>
   <div class='ocr_carea' id='block_1_87' title="bbox 530 5670 2020 5749">
    <p class='ocr_par' dir='ltr' id='par_1_87' title="bbox 530 5670 2020 5749">
     <span class='ocr_line' id='line_1_88' title="bbox 530 5670 2020 5749; baseline 0.007 -23"><span class='ocrx_word' id='word_1_540' title='bbox 530 5670 600 5730; x_wconf 89' lang='lat' dir='ltr'><strong>Ut</strong></span> <span class='ocrx_word' id='word_1_541' title='bbox 630 5673 687 5729; x_wconf 88' lang='lat' dir='ltr'><strong>in</strong></span> <span class='ocrx_word' id='word_1_542' title='bbox 721 5675 942 5739; x_wconf 86' lang='lat' dir='ltr'><strong>speculo</strong></span> <span class='ocrx_word' id='word_1_543' title='bbox 992 5689 1102 5730; x_wconf 91' lang='lat' dir='ltr'><strong>non</strong></span> <span class='ocrx_word' id='word_1_544' title='bbox 1148 5684 1435 5743; x_wconf 85' lang='lat' dir='ltr'><strong>repurgato</strong></span> <span class='ocrx_word' id='word_1_545' title='bbox 1466 5678 1612 5734; x_wconf 88' lang='lat' dir='ltr'><strong>cerni</strong></span> <span class='ocrx_word' id='word_1_546' title='bbox 1651 5695 1758 5735; x_wconf 90' lang='lat' dir='ltr'><strong>non</strong></span> <span class='ocrx_word' id='word_1_547' title='bbox 1794 5691 2020 5749; x_wconf 87' lang='lat' dir='ltr'><strong>possunt</strong></span> 
     </span>
    </p>
   </div>
   <div class='ocr_carea' id='block_1_88' title="bbox 2116 3143 3081 3217">
    <p class='ocr_par' dir='ltr' id='par_1_88' title="bbox 2116 3143 3081 3217">
     <span class='ocr_line' id='line_1_89' title="bbox 2116 3143 3081 3217; baseline 0.005 -21"><span class='ocrx_word' id='word_1_548' title='bbox 2116 3143 2328 3199; x_wconf 77' lang='grc' dir='ltr'>ἑαυτῶν</span> <span class='ocrx_word' id='word_1_549' title='bbox 2355 3145 2626 3216; x_wconf 79' lang='grc' dir='ltr'>ἀκοσμίας</span> <span class='ocrx_word' id='word_1_550' title='bbox 2646 3146 2708 3200; x_wconf 79' lang='grc' dir='ltr'>οὗ</span> <span class='ocrx_word' id='word_1_551' title='bbox 2738 3145 3081 3217; x_wconf 76' lang='grc' dir='ltr'>φροντίζετε.</span> 
     </span>
    </p>
   </div>
   <div class='ocr_carea' id='block_1_89' title="bbox 2720 3235 3098 3293">
    <p class='ocr_par' dir='ltr' id='par_1_89' title="bbox 2720 3235 3098 3293">
     <span class='ocr_line' id='line_1_90' title="bbox 2720 3235 3098 3293; baseline 0 -1"><span class='ocrx_word' id='word_1_552' title='bbox 2720 3236 2945 3293; x_wconf 84' lang='grc' dir='ltr'><strong>ΛΟΓΟΣ</strong></span> <span class='ocrx_word' id='word_1_553' title='bbox 2976 3235 3098 3292; x_wconf 88' lang='lat' dir='ltr'><strong>OZ&#39;.</strong></span> 
     </span>
    </p>
   </div>
   <div class='ocr_carea' id='block_1_90' title="bbox 2116 3325 3671 3399">
    <p class='ocr_par' dir='ltr' id='par_1_90' title="bbox 2116 3325 3671 3399">
     <span class='ocr_line' id='line_1_91' title="bbox 2116 3325 3671 3399; baseline 0.001 -19"><span class='ocrx_word' id='word_1_554' title='bbox 2116 3327 2261 3396; x_wconf 73' lang='grc' dir='ltr'>Περὶ</span> <span class='ocrx_word' id='word_1_555' title='bbox 2325 3327 2606 3398; x_wconf 79' lang='grc' dir='ltr'>συνοχῆς</span> <span class='ocrx_word' id='word_1_556' title='bbox 2659 3328 3019 3399; x_wconf 71' lang='grc' dir='ltr'>πραγμάτων</span> <span class='ocrx_word' id='word_1_557' title='bbox 3089 3328 3193 3384; x_wconf 77' lang='grc' dir='ltr'><strong>καῖ</strong></span> <span class='ocrx_word' id='word_1_558' title='bbox 3248 3325 3671 3398; x_wconf 72' lang='grc' dir='ltr'>περισκασμοῦ.</span> 
     </span>
    </p>
   </div>
   <div class='ocr_carea' id='block_1_91' title="bbox 2188 3417 3143 3492">
    <p class='ocr_par' dir='ltr' id='par_1_91' title="bbox 2188 3417 3143 3492">
     <span class='ocr_line' id='line_1_92' title="bbox 2188 3417 3143 3492; baseline 0.004 -21"><span class='ocrx_word' id='word_1_559' title='bbox 2188 3417 2305 3483; x_wconf 84' lang='grc' dir='ltr'>Πᾶς</span> <span class='ocrx_word' id='word_1_560' title='bbox 2333 3420 2362 3473; x_wconf 86' lang='grc' dir='ltr'>ὁ</span> <span class='ocrx_word' id='word_1_561' title='bbox 2384 3418 2500 3489; x_wconf 81' lang='grc' dir='ltr'>βίος</span> <span class='ocrx_word' id='word_1_562' title='bbox 2533 3419 2767 3485; x_wconf 74' lang='grc' dir='ltr'>ἀσεϐοῦς</span> <span class='ocrx_word' id='word_1_563' title='bbox 2791 3420 2848 3475; x_wconf 76' lang='grc' dir='ltr'><strong>ὲν</strong></span> <span class='ocrx_word' id='word_1_564' title='bbox 2879 3421 3143 3492; x_wconf 72' lang='grc' dir='ltr'>φροντίδι.</span> 
     </span>
    </p>
   </div>
   <div class='ocr_carea' id='block_1_92' title="bbox 2204 3508 3666 3584">
    <p class='ocr_par' dir='ltr' id='par_1_92' title="bbox 2204 3508 3666 3584">
     <span class='ocr_line' id='line_1_93' title="bbox 2204 3508 3666 3584; baseline -0.001 -19"><span class='ocrx_word' id='word_1_565' title='bbox 2204 3510 2476 3581; x_wconf 87' lang='grc' dir='ltr'>Ἐμίσησα</span> <span class='ocrx_word' id='word_1_566' title='bbox 2528 3509 2642 3580; x_wconf 73' lang='grc' dir='ltr'>ἐγὼ</span> <span class='ocrx_word' id='word_1_567' title='bbox 2704 3514 2999 3583; x_wconf 79' lang='grc' dir='ltr'>σύμπαντα</span> <span class='ocrx_word' id='word_1_568' title='bbox 3059 3512 3259 3584; x_wconf 83' lang='grc' dir='ltr'>μόχθον</span> <span class='ocrx_word' id='word_1_569' title='bbox 3308 3529 3434 3583; x_wconf 87' lang='grc' dir='ltr'>μου,</span> <span class='ocrx_word' id='word_1_570' title='bbox 3478 3511 3534 3566; x_wconf 79' lang='grc' dir='ltr'>δν</span> <span class='ocrx_word' id='word_1_571' title='bbox 3568 3508 3666 3578; x_wconf 70' lang='grc' dir='ltr'>ἐγὼ</span> 
     </span>
    </p>
   </div>
   <div class='ocr_carea' id='block_1_93' title="bbox 2123 3599 3663 3675">
    <p class='ocr_par' dir='ltr' id='par_1_93' title="bbox 2123 3599 3663 3675">
     <span class='ocr_line' id='line_1_94' title="bbox 2123 3599 3663 3675; baseline 0.001 -22"><span class='ocrx_word' id='word_1_572' title='bbox 2123 3599 2311 3671; x_wconf 87' lang='grc' dir='ltr'>μοχθῶ</span> <span class='ocrx_word' id='word_1_573' title='bbox 2344 3602 2448 3655; x_wconf 81' lang='grc' dir='ltr'><strong>ὑπὸ</strong></span> <span class='ocrx_word' id='word_1_574' title='bbox 2492 3603 2586 3657; x_wconf 79' lang='grc' dir='ltr'>τὸν</span> <span class='ocrx_word' id='word_1_575' title='bbox 2616 3602 2802 3674; x_wconf 74' lang='grc' dir='ltr'>ἥλιον·</span> <span class='ocrx_word' id='word_1_576' title='bbox 2856 3603 2939 3657; x_wconf 87' lang='grc' dir='ltr'>ὃτι</span> <span class='ocrx_word' id='word_1_577' title='bbox 2972 3604 3178 3675; x_wconf 80' lang='grc' dir='ltr'>ἀφίημι</span> <span class='ocrx_word' id='word_1_578' title='bbox 3212 3604 3377 3659; x_wconf 81' lang='grc' dir='ltr'>αὐτὸν</span> <span class='ocrx_word' id='word_1_579' title='bbox 3424 3601 3663 3673; x_wconf 63' lang='grc' dir='ltr'>ἀνθρώπῳ</span> 
     </span>
    </p>
   </div>
   <div class='ocr_carea' id='block_1_94' title="bbox 2123 3689 3661 3767">
    <p class='ocr_par' dir='ltr' id='par_1_94' title="bbox 2123 3689 3661 3767">
     <span class='ocr_line' id='line_1_95' title="bbox 2123 3689 3661 3767; baseline 0.01 -23"><span class='ocrx_word' id='word_1_580' title='bbox 2123 3689 2202 3761; x_wconf 80' lang='grc' dir='ltr'>τῷ</span> <span class='ocrx_word' id='word_1_581' title='bbox 2240 3689 2359 3762; x_wconf 84' lang='grc' dir='ltr'>μετ’</span> <span class='ocrx_word' id='word_1_582' title='bbox 2390 3692 2494 3763; x_wconf 73' lang='grc' dir='ltr'><strong>ἑμι</strong></span> <span class='ocrx_word' id='word_1_583' title='bbox 2513 3709 2527 3724; x_wconf 88' lang='grc'><strong>·</strong></span> <span class='ocrx_word' id='word_1_584' title='bbox 2556 3698 2651 3748; x_wconf 76' lang='grc' dir='ltr'><strong>καὶ</strong></span> <span class='ocrx_word' id='word_1_585' title='bbox 2675 3694 2761 3758; x_wconf 89' lang='grc' dir='ltr'><strong>τίς</strong></span> <span class='ocrx_word' id='word_1_586' title='bbox 2790 3689 2931 3750; x_wconf 75' lang='grc' dir='ltr'>εἶδεν</span> <span class='ocrx_word' id='word_1_587' title='bbox 2958 3696 3008 3749; x_wconf 85' lang='grc' dir='ltr'><strong>εί</strong></span> <span class='ocrx_word' id='word_1_588' title='bbox 3036 3695 3201 3767; x_wconf 78' lang='grc' dir='ltr'>σοφὸς</span> <span class='ocrx_word' id='word_1_589' title='bbox 3227 3695 3381 3751; x_wconf 73' lang='grc' dir='ltr'>ἔσται</span> <span class='ocrx_word' id='word_1_590' title='bbox 3406 3697 3438 3766; x_wconf 80' lang='grc' dir='ltr'>ἢ</span> <span class='ocrx_word' id='word_1_591' title='bbox 3467 3697 3661 3767; x_wconf 74' lang='grc' dir='ltr'>ἄφρων;</span> 
     </span>
    </p>
   </div>
   <div class='ocr_carea' id='block_1_95' title="bbox 2197 3869 3661 3944">
    <p class='ocr_par' dir='ltr' id='par_1_95' title="bbox 2197 3869 3661 3944">
     <span class='ocr_line' id='line_1_96' title="bbox 2197 3869 3661 3944; baseline 0.005 -22"><span class='ocrx_word' id='word_1_592' title='bbox 2197 3869 2288 3940; x_wconf 82' lang='grc' dir='ltr'><strong>Τῷ</strong></span> <span class='ocrx_word' id='word_1_593' title='bbox 2325 3869 2697 3939; x_wconf 83' lang='grc' dir='ltr'>ἁμαρτάνοντι</span> <span class='ocrx_word' id='word_1_594' title='bbox 2717 3871 2882 3926; x_wconf 81' lang='grc' dir='ltr'>ἔδωκε</span> <span class='ocrx_word' id='word_1_595' title='bbox 2911 3873 3294 3943; x_wconf 86' lang='grc' dir='ltr'>περισπασμδν</span> <span class='ocrx_word' id='word_1_596' title='bbox 3323 3873 3414 3928; x_wconf 88' lang='grc' dir='ltr'><strong>τοῦ</strong></span> <span class='ocrx_word' id='word_1_597' title='bbox 3446 3870 3661 3944; x_wconf 77' lang='grc' dir='ltr'>προσθεῖ-</span> 
     </span>
    </p>
   </div>
   <div class='ocr_carea' id='block_1_96' title="bbox 2124 3960 3654 4036">
    <p class='ocr_par' dir='ltr' id='par_1_96' title="bbox 2124 3960 3654 4036">
     <span class='ocr_line' id='line_1_97' title="bbox 2124 3960 3654 4036; baseline -0.001 -20"><span class='ocrx_word' id='word_1_598' title='bbox 2124 3979 2212 4016; x_wconf 89' lang='grc' dir='ltr'><strong>ναι</strong></span> <span class='ocrx_word' id='word_1_599' title='bbox 2248 3962 2347 4016; x_wconf 75' lang='grc' dir='ltr'>καὶ</span> <span class='ocrx_word' id='word_1_600' title='bbox 2373 3960 2472 4015; x_wconf 85' lang='grc' dir='ltr'><strong>τοῦ</strong></span> <span class='ocrx_word' id='word_1_601' title='bbox 2517 3965 2870 4033; x_wconf 79' lang='grc' dir='ltr'>συναγαγεῖν,</span> <span class='ocrx_word' id='word_1_602' title='bbox 2899 3964 2992 4016; x_wconf 84' lang='grc' dir='ltr'><strong>τοῦ</strong></span> <span class='ocrx_word' id='word_1_603' title='bbox 3021 3963 3205 4019; x_wconf 87' lang='grc' dir='ltr'>δοῦναι</span> <span class='ocrx_word' id='word_1_604' title='bbox 3248 3965 3327 4036; x_wconf 79' lang='grc' dir='ltr'>τῷ</span> <span class='ocrx_word' id='word_1_605' title='bbox 3371 3965 3538 4036; x_wconf 82' lang='grc' dir='ltr'>ἀγαθῷ</span> <span class='ocrx_word' id='word_1_606' title='bbox 3566 3961 3654 4032; x_wconf 69' lang='grc' dir='ltr'>πρὸ</span> 
     </span>
    </p>
   </div>
   <div class='ocr_carea' id='block_1_97' title="bbox 2126 4053 2736 4126">
    <p class='ocr_par' dir='ltr' id='par_1_97' title="bbox 2126 4053 2736 4126">
     <span class='ocr_line' id='line_1_98' title="bbox 2126 4053 2736 4126; baseline 0 -18"><span class='ocrx_word' id='word_1_607' title='bbox 2126 4054 2421 4126; x_wconf 79' lang='grc' dir='ltr'>προσώπου</span> <span class='ocrx_word' id='word_1_608' title='bbox 2455 4053 2548 4109; x_wconf 87' lang='grc' dir='ltr'><strong>τοῦ</strong></span> <span class='ocrx_word' id='word_1_609' title='bbox 2577 4054 2736 4114; x_wconf 84' lang='grc' dir='ltr'>Θεοῦ.</span> 
     </span>
    </p>
   </div>
   <div class='ocr_carea' id='block_1_98' title="bbox 2199 4144 3645 4217">
    <p class='ocr_par' dir='ltr' id='par_1_98' title="bbox 2199 4144 3645 4217">
     <span class='ocr_line' id='line_1_99' title="bbox 2199 4144 3645 4217; baseline -0.002 -20"><span class='ocrx_word' id='word_1_610' title='bbox 2199 4146 2426 4211; x_wconf 80' lang='grc' dir='ltr'>Τέκνον,</span> <span class='ocrx_word' id='word_1_611' title='bbox 2461 4147 2539 4216; x_wconf 82' lang='grc' dir='ltr'>μὴ</span> <span class='ocrx_word' id='word_1_612' title='bbox 2578 4148 2710 4216; x_wconf 80' lang='grc' dir='ltr'>περὶ</span> <span class='ocrx_word' id='word_1_613' title='bbox 2749 4144 2922 4200; x_wconf 68' lang='grc' dir='ltr'>πολλὰ</span> <span class='ocrx_word' id='word_1_614' title='bbox 2963 4144 3211 4200; x_wconf 78' lang='grc' dir='ltr'>ἔστωσαν</span> <span class='ocrx_word' id='word_1_615' title='bbox 3237 4148 3293 4200; x_wconf 85' lang='grc' dir='ltr'><strong>αῖ</strong></span> <span class='ocrx_word' id='word_1_616' title='bbox 3329 4146 3529 4217; x_wconf 82' lang='grc' dir='ltr'>πράξεις</span> <span class='ocrx_word' id='word_1_617' title='bbox 3552 4160 3645 4196; x_wconf 75' lang='grc' dir='ltr'>σου.</span> 
     </span>
    </p>
   </div>
   <div class='ocr_carea' id='block_1_99' title="bbox 2138 4236 3648 4310">
    <p class='ocr_par' dir='ltr' id='par_1_99' title="bbox 2138 4236 3648 4310">
     <span class='ocr_line' id='line_1_100' title="bbox 2138 4236 3648 4310; baseline -0.001 -20"><span class='ocrx_word' id='word_1_618' title='bbox 2138 4237 2264 4290; x_wconf 77' lang='grc' dir='ltr'><strong>Ἐὰν</strong></span> <span class='ocrx_word' id='word_1_619' title='bbox 2304 4237 2413 4307; x_wconf 87' lang='grc' dir='ltr'>γὰρ</span> <span class='ocrx_word' id='word_1_620' title='bbox 2454 4236 2757 4310; x_wconf 80' lang='grc' dir='ltr'>πληθύνῃς,</span> <span class='ocrx_word' id='word_1_621' title='bbox 2788 4238 2887 4292; x_wconf 87' lang='grc' dir='ltr'>οὐκ</span> <span class='ocrx_word' id='word_1_622' title='bbox 2933 4237 3111 4302; x_wconf 84' lang='grc' dir='ltr'>ἀθῶος</span> <span class='ocrx_word' id='word_1_623' title='bbox 3138 4236 3260 4309; x_wconf 75' lang='grc' dir='ltr'>ἔσῃ.</span> <span class='ocrx_word' id='word_1_624' title='bbox 3294 4238 3493 4292; x_wconf 71' lang='grc' dir='ltr'>Διὼκων</span> <span class='ocrx_word' id='word_1_625' title='bbox 3514 4239 3648 4304; x_wconf 75' lang='grc' dir='ltr'>ἐργο-</span> 
     </span>
    </p>
   </div>
   <div class='ocr_carea' id='block_1_100' title="bbox 2124 4327 3072 4400">
    <p class='ocr_par' dir='ltr' id='par_1_100' title="bbox 2124 4327 3072 4400">
     <span class='ocr_line' id='line_1_101' title="bbox 2124 4327 3072 4400; baseline 0.005 -20"><span class='ocrx_word' id='word_1_626' title='bbox 2124 4327 2348 4382; x_wconf 82' lang='grc' dir='ltr'>λάὸειαν</span> <span class='ocrx_word' id='word_1_627' title='bbox 2380 4330 2705 4399; x_wconf 72' lang='grc' dir='ltr'>ἐμπεσεῖται</span> <span class='ocrx_word' id='word_1_628' title='bbox 2733 4330 2815 4394; x_wconf 87' lang='grc' dir='ltr'><strong>είς</strong></span> <span class='ocrx_word' id='word_1_629' title='bbox 2837 4329 3072 4400; x_wconf 79' lang='grc' dir='ltr'>κρίσεις.</span> 
     </span>
    </p>
   </div>
   <div class='ocr_carea' id='block_1_101' title="bbox 2046 4419 3323 4491">
    <p class='ocr_par' dir='ltr' id='par_1_101' title="bbox 2046 4419 3323 4491">
     <span class='ocr_line' id='line_1_102' title="bbox 2046 4419 3323 4491; baseline 0.005 -19"><span class='ocrx_word' id='word_1_630' title='bbox 2046 4431 2095 4488; x_wconf 64' lang='grc' dir='ltr'><strong>ι)</strong></span> <span class='ocrx_word' id='word_1_631' title='bbox 2194 4419 2409 4488; x_wconf 84' lang='grc' dir='ltr'>Καρδία</span> <span class='ocrx_word' id='word_1_632' title='bbox 2446 4420 2659 4491; x_wconf 74' lang='grc' dir='ltr'>πονηρὰ</span> <span class='ocrx_word' id='word_1_633' title='bbox 2689 4420 3088 4491; x_wconf 80' lang='grc' dir='ltr'>βαρυνοήσεται</span> <span class='ocrx_word' id='word_1_634' title='bbox 3118 4424 3323 4488; x_wconf 83' lang='grc' dir='ltr'>πόνοις.</span> 
     </span>
    </p>
   </div>
   <div class='ocr_carea' id='block_1_102' title="bbox 2193 4510 3645 4585">
    <p class='ocr_par' dir='ltr' id='par_1_102' title="bbox 2193 4510 3645 4585">
     <span class='ocr_line' id='line_1_103' title="bbox 2193 4510 3645 4585; baseline 0.001 -22"><span class='ocrx_word' id='word_1_635' title='bbox 2193 4510 2517 4581; x_wconf 75' lang='grc' dir='ltr'>Ἄνθρωπός</span> <span class='ocrx_word' id='word_1_636' title='bbox 2547 4528 2630 4575; x_wconf 85' lang='grc' dir='ltr'><strong>τις</strong></span> <span class='ocrx_word' id='word_1_637' title='bbox 2651 4512 2874 4583; x_wconf 69' lang='grc' dir='ltr'>ἐποίησε</span> <span class='ocrx_word' id='word_1_638' title='bbox 2905 4513 3120 4569; x_wconf 88' lang='grc' dir='ltr'>δεῖπνον</span> <span class='ocrx_word' id='word_1_639' title='bbox 3157 4515 3321 4585; x_wconf 75' lang='grc' dir='ltr'>μέγα,</span> <span class='ocrx_word' id='word_1_640' title='bbox 3346 4513 3432 4569; x_wconf 72' lang='grc' dir='ltr'>καὶ</span> <span class='ocrx_word' id='word_1_641' title='bbox 3460 4510 3645 4566; x_wconf 73' lang='grc' dir='ltr'>ἐκάλεσε</span> 
     </span>
    </p>
   </div>
   <div class='ocr_carea' id='block_1_103' title="bbox 2118 4599 3645 4687">
    <p class='ocr_par' dir='ltr' id='par_1_103' title="bbox 2118 4599 3645 4687">
     <span class='ocr_line' id='line_1_104' title="bbox 2118 4599 3645 4687; baseline 0.003 -34"><span class='ocrx_word' id='word_1_642' title='bbox 2118 4599 2370 4666; x_wconf 66' lang='grc' dir='ltr'>πολλοὺςς</span> <span class='ocrx_word' id='word_1_643' title='bbox 2431 4600 2524 4655; x_wconf 80' lang='grc' dir='ltr'>καὶ</span> <span class='ocrx_word' id='word_1_644' title='bbox 2559 4601 2850 4656; x_wconf 81' lang='grc' dir='ltr'>ἀπέστειλε</span> <span class='ocrx_word' id='word_1_645' title='bbox 2902 4604 2994 4657; x_wconf 75' lang='grc' dir='ltr'><strong>τὸν</strong></span> <span class='ocrx_word' id='word_1_646' title='bbox 3038 4604 3229 4687; x_wconf 86' lang='grc' dir='ltr'>δοῦλον</span> <span class='ocrx_word' id='word_1_647' title='bbox 3268 4605 3422 4661; x_wconf 78' lang='grc' dir='ltr'>αὐτοῦ</span> <span class='ocrx_word' id='word_1_648' title='bbox 3461 4604 3515 4671; x_wconf 78' lang='grc' dir='ltr'><strong>τῇ</strong></span> <span class='ocrx_word' id='word_1_649' title='bbox 3547 4600 3645 4669; x_wconf 74' lang='grc' dir='ltr'>ὥρᾳ</span> 
     </span>
    </p>
   </div>
   <div class='ocr_carea' id='block_1_104' title="bbox 2117 4690 3645 4768">
    <p class='ocr_par' dir='ltr' id='par_1_104' title="bbox 2117 4690 3645 4768">
     <span class='ocr_line' id='line_1_105' title="bbox 2117 4690 3645 4768; baseline -0.001 -24"><span class='ocrx_word' id='word_1_650' title='bbox 2117 4690 2214 4744; x_wconf 86' lang='grc' dir='ltr'><strong>τοῦ</strong></span> <span class='ocrx_word' id='word_1_651' title='bbox 2249 4690 2490 4756; x_wconf 86' lang='grc' dir='ltr'>δείπνου,</span> <span class='ocrx_word' id='word_1_652' title='bbox 2540 4692 2720 4746; x_wconf 87' lang='grc' dir='ltr'>είπεῖν</span> <span class='ocrx_word' id='word_1_653' title='bbox 2753 4695 2865 4756; x_wconf 86' lang='grc' dir='ltr'>τοῖς</span> <span class='ocrx_word' id='word_1_654' title='bbox 2911 4696 3273 4765; x_wconf 80' lang='grc' dir='ltr'>κεκλημένοις</span> <span class='ocrx_word' id='word_1_655' title='bbox 3310 4694 3555 4768; x_wconf 73' lang='grc' dir='ltr'>ἔρχεσθαι,</span> <span class='ocrx_word' id='word_1_656' title='bbox 3579 4691 3645 4742; x_wconf 74' lang='grc' dir='ltr'><strong>ὅτι</strong></span> 
     </span>
    </p>
   </div>
   <div class='ocr_carea' id='block_1_105' title="bbox 2092 4783 3645 4863">
    <p class='ocr_par' dir='ltr' id='par_1_105' title="bbox 2092 4783 3645 4863">
     <span class='ocr_line' id='line_1_106' title="bbox 2092 4783 3645 4863; baseline 0.009 -28"><span class='ocrx_word' id='word_1_657' title='bbox 2092 4783 2319 4863; x_wconf 17' lang='grc' dir='ltr'>θέτοιμά</span> <span class='ocrx_word' id='word_1_658' title='bbox 2365 4785 2483 4838; x_wconf 76' lang='grc' dir='ltr'>ἐστι</span> <span class='ocrx_word' id='word_1_659' title='bbox 2529 4783 2729 4840; x_wconf 81' lang='grc' dir='ltr'>πάντα.</span> <span class='ocrx_word' id='word_1_660' title='bbox 2774 4784 2886 4838; x_wconf 84' lang='grc' dir='ltr'><strong>Καὶ</strong></span> <span class='ocrx_word' id='word_1_661' title='bbox 2925 4784 3162 4856; x_wconf 69' lang='grc' dir='ltr'>ἤρξαντο</span> <span class='ocrx_word' id='word_1_662' title='bbox 3206 4786 3315 4841; x_wconf 79' lang='grc' dir='ltr'>ἀπὸ</span> <span class='ocrx_word' id='word_1_663' title='bbox 3343 4786 3461 4855; x_wconf 77' lang='grc' dir='ltr'>μιᾶς</span> <span class='ocrx_word' id='word_1_664' title='bbox 3482 4794 3645 4848; x_wconf 61' lang='grc' dir='ltr'><strong>πείθω·</strong></span> 
     </span>
    </p>
   </div>
   <div class='ocr_carea' id='block_1_106' title="bbox 2122 4869 3643 4959">
    <p class='ocr_par' dir='ltr' id='par_1_106' title="bbox 2122 4869 3643 4959">
     <span class='ocr_line' id='line_1_107' title="bbox 2122 4869 3643 4959; baseline 0 -30"><span class='ocrx_word' id='word_1_665' title='bbox 2122 4874 2332 4929; x_wconf 87' lang='grc' dir='ltr'>τεῖσθαι</span> <span class='ocrx_word' id='word_1_666' title='bbox 2365 4875 2567 4939; x_wconf 83' lang='grc' dir='ltr'>πάντες</span> <span class='ocrx_word' id='word_1_667' title='bbox 2588 4891 2601 4908; x_wconf 79' lang='grc' dir='ltr'><strong><em>ο</em></strong></span> <span class='ocrx_word' id='word_1_668' title='bbox 2646 4877 2674 4929; x_wconf 89' lang='grc' dir='ltr'>ὀ</span> <span class='ocrx_word' id='word_1_669' title='bbox 2704 4876 2920 4948; x_wconf 84' lang='grc' dir='ltr'>πρῶτος</span> <span class='ocrx_word' id='word_1_670' title='bbox 2947 4872 3103 4959; x_wconf 73' lang='grc' dir='ltr'>εἶπεν</span> <span class='ocrx_word' id='word_1_671' title='bbox 3131 4877 3305 4947; x_wconf 82' lang='grc' dir='ltr'>αὐτῷ,</span> <span class='ocrx_word' id='word_1_672' title='bbox 3343 4872 3512 4944; x_wconf 72' lang='grc' dir='ltr'>Ἀγρὸν</span> <span class='ocrx_word' id='word_1_673' title='bbox 3540 4869 3643 4939; x_wconf 68' lang='grc' dir='ltr'>ἠγό-</span> 
     </span>
    </p>
   </div>
   <div class='ocr_carea' id='block_1_107' title="bbox 2125 4962 3641 5041">
    <p class='ocr_par' dir='ltr' id='par_1_107' title="bbox 2125 4962 3641 5041">
     <span class='ocr_line' id='line_1_108' title="bbox 2125 4962 3641 5041; baseline -0.005 -19"><span class='ocrx_word' id='word_1_674' title='bbox 2125 4981 2304 5041; x_wconf 86' lang='grc' dir='ltr'>ρασα·</span> <span class='ocrx_word' id='word_1_675' title='bbox 2362 4966 2459 5022; x_wconf 80' lang='grc' dir='ltr'>καὶ</span> <span class='ocrx_word' id='word_1_676' title='bbox 2507 4968 2580 5022; x_wconf 85' lang='grc' dir='ltr'>τὰ</span> <span class='ocrx_word' id='word_1_677' title='bbox 2628 4968 2815 5024; x_wconf 84' lang='grc' dir='ltr'>λοιπά.</span> <span class='ocrx_word' id='word_1_678' title='bbox 2848 4968 3009 5038; x_wconf 78' lang='grc' dir='ltr'>Λέγω</span> <span class='ocrx_word' id='word_1_679' title='bbox 3058 4970 3189 5039; x_wconf 81' lang='grc' dir='ltr'>ὑμῖν</span> <span class='ocrx_word' id='word_1_680' title='bbox 3238 4971 3320 5023; x_wconf 85' lang='grc' dir='ltr'>ὅτι</span> <span class='ocrx_word' id='word_1_681' title='bbox 3361 4967 3513 5028; x_wconf 78' lang='grc' dir='ltr'>οὐδεὶς</span> <span class='ocrx_word' id='word_1_682' title='bbox 3559 4962 3641 5015; x_wconf 75' lang='grc' dir='ltr'><strong>τῶν</strong></span> 
     </span>
    </p>
   </div>
   <div class='ocr_carea' id='block_1_108' title="bbox 2123 5057 3389 5131">
    <p class='ocr_par' dir='ltr' id='par_1_108' title="bbox 2123 5057 3389 5131">
     <span class='ocr_line' id='line_1_109' title="bbox 2123 5057 3389 5131; baseline 0.001 -18"><span class='ocrx_word' id='word_1_683' title='bbox 2123 5057 2332 5128; x_wconf 82' lang='grc' dir='ltr'>ἀνδρῶν</span> <span class='ocrx_word' id='word_1_684' title='bbox 2364 5059 2586 5115; x_wconf 80' lang='grc' dir='ltr'>ἐκείνων</span> <span class='ocrx_word' id='word_1_685' title='bbox 2614 5060 2866 5128; x_wconf 78' lang='grc' dir='ltr'>γεύσεταί</span> <span class='ocrx_word' id='word_1_686' title='bbox 2898 5078 3003 5131; x_wconf 83' lang='grc' dir='ltr'><strong>μου</strong></span> <span class='ocrx_word' id='word_1_687' title='bbox 3031 5059 3129 5113; x_wconf 89' lang='grc' dir='ltr'><strong>τοῦ</strong></span> <span class='ocrx_word' id='word_1_688' title='bbox 3157 5061 3389 5115; x_wconf 83' lang='grc' dir='ltr'>δείπνου.</span> 
     </span>
    </p>
   </div>
   <div class='ocr_carea' id='block_1_109' title="bbox 2096 5145 3638 5224">
    <p class='ocr_par' dir='ltr' id='par_1_109' title="bbox 2096 5145 3638 5224">
     <span class='ocr_line' id='line_1_110' title="bbox 2096 5145 3638 5224; baseline -0.002 -22"><span class='ocrx_word' id='word_1_689' title='bbox 2096 5192 2111 5201; x_wconf 62' lang='grc' dir='ltr'>ρ</span> <span class='ocrx_word' id='word_1_690' title='bbox 2192 5151 2258 5205; x_wconf 84' lang='lat' dir='ltr'><strong>Ol</strong></span> <span class='ocrx_word' id='word_1_691' title='bbox 2287 5151 2491 5215; x_wconf 79' lang='grc' dir='ltr'>πάντες</span> <span class='ocrx_word' id='word_1_692' title='bbox 2510 5152 2583 5206; x_wconf 77' lang='grc' dir='ltr'>τὰ</span> <span class='ocrx_word' id='word_1_693' title='bbox 2611 5152 2826 5206; x_wconf 79' lang='grc' dir='ltr'>ἑαυτῶν</span> <span class='ocrx_word' id='word_1_694' title='bbox 2860 5153 3230 5224; x_wconf 87' lang='grc' dir='ltr'>μεριμνῶσιν,</span> <span class='ocrx_word' id='word_1_695' title='bbox 3256 5153 3316 5206; x_wconf 79' lang='grc' dir='ltr'>οὐ</span> <span class='ocrx_word' id='word_1_696' title='bbox 3346 5150 3407 5204; x_wconf 79' lang='grc' dir='ltr'>τὰ</span> <span class='ocrx_word' id='word_1_697' title='bbox 3436 5146 3512 5201; x_wconf 86' lang='grc' dir='ltr'><strong>τοῦ</strong></span> <span class='ocrx_word' id='word_1_698' title='bbox 3534 5145 3638 5213; x_wconf 74' lang='grc' dir='ltr'><strong>Χρι-</strong></span> 
     </span>
    </p>
   </div>
   <div class='ocr_carea' id='block_1_110' title="bbox 2126 5258 2274 5297">
    <p class='ocr_par' dir='ltr' id='par_1_110' title="bbox 2126 5258 2274 5297">
     <span class='ocr_line' id='line_1_111' title="bbox 2126 5258 2274 5297; baseline 0.014 -2"><span class='ocrx_word' id='word_1_699' title='bbox 2126 5258 2274 5297; x_wconf 83' lang='grc' dir='ltr'>στου.</span> 
     </span>
    </p>
   </div>
   <div class='ocr_carea' id='block_1_111' title="bbox 2201 5329 3638 5406">
    <p class='ocr_par' dir='ltr' id='par_1_111' title="bbox 2201 5329 3638 5406">
     <span class='ocr_line' id='line_1_112' title="bbox 2201 5329 3638 5406; baseline -0.006 -20"><span class='ocrx_word' id='word_1_700' title='bbox 2201 5332 2292 5386; x_wconf 85' lang='grc' dir='ltr'><strong>Ἐν</strong></span> <span class='ocrx_word' id='word_1_701' title='bbox 2335 5335 2447 5397; x_wconf 88' lang='grc' dir='ltr'>τοῖς</span> <span class='ocrx_word' id='word_1_702' title='bbox 2477 5333 2695 5387; x_wconf 73' lang='grc' dir='ltr'>ἕλκουσι</span> <span class='ocrx_word' id='word_1_703' title='bbox 2740 5334 2839 5404; x_wconf 75' lang='grc' dir='ltr'><strong>τὴν</strong></span> <span class='ocrx_word' id='word_1_704' title='bbox 2868 5334 3071 5406; x_wconf 75' lang='grc' dir='ltr'>ψυχὴν,</span> <span class='ocrx_word' id='word_1_705' title='bbox 3112 5339 3208 5393; x_wconf 73' lang='grc' dir='ltr'>καὶ</span> <span class='ocrx_word' id='word_1_706' title='bbox 3231 5333 3460 5405; x_wconf 76' lang='grc' dir='ltr'>ἀσχολίας</span> <span class='ocrx_word' id='word_1_707' title='bbox 3484 5329 3638 5398; x_wconf 82' lang='grc' dir='ltr'>βιωτι-</span> 
     </span>
    </p>
   </div>
   <div class='ocr_carea' id='block_1_112' title="bbox 2126 5419 3635 5498">
    <p class='ocr_par' dir='ltr' id='par_1_112' title="bbox 2126 5419 3635 5498">
     <span class='ocr_line' id='line_1_113' title="bbox 2126 5419 3635 5498; baseline 0 -20"><span class='ocrx_word' id='word_1_708' title='bbox 2126 5423 2228 5487; x_wconf 73' lang='grc' dir='ltr'><strong>κὰς</strong></span> <span class='ocrx_word' id='word_1_709' title='bbox 2257 5422 2569 5495; x_wconf 76' lang='grc' dir='ltr'>ἐμποιοῦσι,</span> <span class='ocrx_word' id='word_1_710' title='bbox 2601 5426 2987 5496; x_wconf 80' lang='grc' dir='ltr'>περιγενέσθαι</span> <span class='ocrx_word' id='word_1_711' title='bbox 3029 5428 3128 5498; x_wconf 79' lang='grc' dir='ltr'><strong>τῆς</strong></span> <span class='ocrx_word' id='word_1_712' title='bbox 3172 5419 3419 5481; x_wconf 68' lang='grc' dir='ltr'>’ἐπιπόνου</span> <span class='ocrx_word' id='word_1_713' title='bbox 3440 5419 3635 5489; x_wconf 74' lang='grc' dir='ltr'>μελέτης</span> 
     </span>
    </p>
   </div>
   <div class='ocr_carea' id='block_1_113' title="bbox 2123 5513 2849 5589">
    <p class='ocr_par' dir='ltr' id='par_1_113' title="bbox 2123 5513 2849 5589">
     <span class='ocr_line' id='line_1_114' title="bbox 2123 5513 2849 5589; baseline 0.004 -20"><span class='ocrx_word' id='word_1_714' title='bbox 2123 5516 2232 5569; x_wconf 82' lang='grc' dir='ltr'>τῶν</span> <span class='ocrx_word' id='word_1_715' title='bbox 2252 5516 2346 5570; x_wconf 91' lang='grc' dir='ltr'><strong>τοῦ</strong></span> <span class='ocrx_word' id='word_1_716' title='bbox 2383 5513 2517 5570; x_wconf 83' lang='grc' dir='ltr'>Θεοῦ</span> <span class='ocrx_word' id='word_1_717' title='bbox 2548 5515 2849 5589; x_wconf 81' lang='grc' dir='ltr'>ἀμήχανον.</span> 
     </span>
    </p>
   </div>
   <div class='ocr_carea' id='block_1_114' title="bbox 2192 5677 3625 5752">
    <p class='ocr_par' dir='ltr' id='par_1_114' title="bbox 2192 5677 3625 5752">
     <span class='ocr_line' id='line_1_115' title="bbox 2192 5677 3625 5752; baseline 0 -18"><span class='ocrx_word' id='word_1_718' title='bbox 2192 5680 2330 5735; x_wconf 78' lang='grc' dir='ltr'>Οῦτε</span> <span class='ocrx_word' id='word_1_719' title='bbox 2376 5681 2672 5752; x_wconf 86' lang='grc' dir='ltr'>κατόπτρῳ</span> <span class='ocrx_word' id='word_1_720' title='bbox 2724 5683 2968 5752; x_wconf 79' lang='grc' dir='ltr'>ῥυπῶντι</span> <span class='ocrx_word' id='word_1_721' title='bbox 3027 5683 3250 5740; x_wconf 78' lang='grc' dir='ltr'>δυνατόν</span> <span class='ocrx_word' id='word_1_722' title='bbox 3296 5681 3389 5737; x_wconf 83' lang='grc' dir='ltr'>τῶν</span> <span class='ocrx_word' id='word_1_723' title='bbox 3426 5677 3625 5730; x_wconf 70' lang='grc' dir='ltr'>εἰκόνων·</span> 
     </span>
    </p>
   </div>
  </div>
