3910 6242
236 247 372 312 1193

939 254 1107 316 LOCI
1146 255 1585 318 communes.
1619 281 1686 293 -
1712 257 1905 318 PARS
1933 259 2021 324 II.
2071 245 2324 331 sentio
2354 271 2679 332 LXXVIII.

3339 233 3474 332 nos

233 367 488 432 δέξασθαι
520 369 618 431 τάς
665 371 956 440 ἐμφάσεις,
999 371 1123 426 οὔτε
1153 366 1298 442 ψυχῇ
1349 376 1470 436 ταῖς
1520 374 1798 444 βιωτικαῖς

1933 380 2197 450 maginum
2226 385 2435 452 species
2471 402 2484 438 :
2511 387 2594 441 sic.
2625 387 2840 441 aniinus
2878 388 3024 442 curis
3055 387 3228 442 victus
3258 387 3472 450 atiixus,

238 463 642 536 προσκλωμένῃ
700 465 1014 535 μερίμναις,
1072 469 1165 521 καὶ
1211 470 1323 530 τοῖς
1370 468 1435 519 ὲκ
1478 466 1570 520 τοῦ
1607 468 1806 534 φρονὴ-

238 571 410 620 ματος
451 555 546 622 τῆς
598 556 798 624 σαρκὸς
848 559 1281 629 ἐπισκοτουμένῃ
1320 558 1537 619 πάθεσι,
1581 558 1808 612 δυνατὸν

233 645 598 710 ὖποδέξασθαι
618 648 714 710 τὰς
743 649 834 702 τοῦ
862 651 1018 716 ἁγίου
1045 652 1361 718 Πνεύματος
1385 649 1699 718 ἐλλάμψεις.

308 739 520 809 Ὠσπερ
541 738 821 810 ὀφθαλμὸν
853 743 1254 811 περιαγόμενον
1289 743 1548 811 συνεχῶς,
1580 743 1678 794 καὶ
1707 741 1802 793 νῦν

231 830 338 897 μὲν
364 829 458 881 ἐπὶ
485 827 552 882 τὰ
581 830 788 898 πλάγια
825 833 1150 902 φερόμενον,
1186 831 1281 886 νῦν
1309 831 1368 884 δὲ
1416 831 1554 900 πρὸς
1596 830 1666 881 τὰ
1695 829 1808 882 ἄνω

232 921 330 972 καὶ
359 920 512 974 κάτω
536 917 716 976 πυκνὰ
755 925 1290 995 μεταστρεφόμενον,
1315 925 1446 976 ίδεῖν
1475 920 1718 991 ἐναργῶς
1745 922 1807 973 τὸ

231 1011 595 1083 ὑποκείμενον
615 1014 713 1084 οὐχ
739 1011 851 1068 οἷόν
875 1033 935 1068 τε
959 1033 977 1050 ο
1021 997 1163 1068 οὕτω
1187 1016 1304 1068 -καὶ
1344 1014 1468 1068 νοῦν
1503 1014 1808 1084 ἀνθρώπων

231 1103 340 1156 ὑπὸ
375 1105 585 1176 μυρίων
604 1107 712 1160 τῶν
747 1110 886 1162 κατὰ
911 1109 1001 1161 τὸν
1028 1110 1234 1178 κόσμον
1266 1107 1562 1178 φροντίδων
1591 1106 1808 1178 περιελ-

224 1197 464 1266 κόμενον
489 1199 768 1270 ἀμήχανον
798 1201 1103 1254 ὲνατενίσαι
1123 1203 1194 1272 τῇ
1225 1200 1476 1271 ἀληθείᾳ.

300 1289 365 1341 Οἱ
393 1289 597 1359 σφόδρα
619 1292 738 1352 ταῖς
766 1291 862 1345 τοῦ
888 1291 1002 1362 βίου
1038 1295 1334 1374 μερίμναις
1356 1291 1804 1368 κατειλημμένοι,

218 1376 344 1433 οἷον
395 1380 605 1451 ὄρνιθες
654 1383 1015 1454 πολύσαρκοι,
1055 1386 1180 1454 είκῆ
1221 1385 1282 1438 τὸ
1329 1385 1529 1454 πτερὸν
1572 1385 1805 1454 ἔχοντες,

228 1471 521 1526 κάτωπου
551 1474 807 1544 σύρονται
824 1475 971 1546 ’μετὰ
998 1477 1114 1529 τῶν
1140 1475 1522 1544 βοσκημάτων.

301 1564 469 1638 Ψυχὴ
507 1562 602 1621 οὖν
650 1568 724 1646 μὴ
750 1569 861 1621 τῶν
917 1568 1200 1638 κοσμικῶν
1236 1568 1614 1634 ἀπαλλαγεῖσα
1645 1581 1806 1633 φρον-

219 1653 413 1718 τίδων,
455 1654 579 1708 οὗτε
627 1658 714 1710 τὸν
739 1660 872 1712 Θεδν
917 1662 1194 1730 ἀγαπήσει
1247 1658 1510 1728 γνησίως,
1549 1655 1674 1709 οὔτε
1716 1655 1807 1710 τὸν

211 1712 476 1802 διάϐολον
537 1748 850 1819 βδελύξεται
905 1712 1104 1818 ἀξίως..
1153 1712 1437 1821 Κάλυμμα
1467 1712 1598 1820 ’γάρ
1654 1745 1801 1811 ἅπαξ
1835 1712 1883 1772 Β

215 1838 344 1910 ἔχει
369 1840 629 1911 φορτικὸν
654 1842 751 1913 τὴν
779 1844 1056 1914 μέριμναν
1083 1844 1179 1897 τοῦ
1203 1844 1342 1913 βίου.

311 2025 404 2079 Ἐν
456 2023 837 2096 θορυϐουμένῳ
899 2027 994 2079 καὶ⁵
1025 2027 1268 2094 ἀγωνίας
1331 2027 1511 2096 ἔχοντι
1545 2026 1620 2092 νῷ
1675 2024 1800 2080 οὔτε

215 2115 410 2170 εννοιά
452 2133 538 2180 τις
570 2117 682 2169 τῶν
715 2119 918 2183 καλῶν,
966 2117 1089 2170 οὔτε
1122 2119 1256 2172 Θεοῦ
1299 2120 1461 2188 χάρις
1498 2118 1797 2187 ἐγγίνεται.
1857 2107 1864 2118 ’

290 2298 524 2361 Τελείας
553 2297 732 2369 ψυχῆς
764 2299 880 2353 ἐστι
923 2298 983 2353 τὸ
1011 2299 1350 2370 ἀμέριμνονθ
1404 2300 1632 2364 ἀσεϐοῦς
1658 2299 1716 2352 δὲ
1743 2299 1802 2354 τδ

219 2389 480 2459 φροντίσι
503 2389 955 2459 κατατρίϐεσθαι.

289 2482 543 2546 Πέφυκεν
574 2481 601 2532 ὁ
627 2479 838 2548 ἄφρων,
865 2482 952 2533 ἀεὶ
980 2481 1130 2548 παρὰ
1153 2481 1243 2532 τὸν
1265 2478 1424 2548 ὀρθὸν
1449 2480 1606 2546 λόγον
1630 2477 1804 2532 κινού-

224 2588 412 2638 μενος,
444 2569 652 2641 ἠρεμίᾳ
679 2570 770 2623 καὶ
799 2560 1102 2623 ἀναπαύσει
1131 2569 1403 2638 δυσμενὴς
1431 2565 1590 2622 εἶναι.

304 2661 632 2732 Ἀνθρωπος
695 2662 1108 2732 πολυμέριμνος
1176 2663 1352 2730 πρᾶος
1410 2661 1502 2714 καὶ
1579 2660 1804 2730 ἡσύχιος

215 2755 486 2822 γενέσθαι
519 2755 581 2808 οὐ
601 2753 861 2817 δύναται,
911 2754 1048 2807 διότι
1079 2754 1135 2806 αἱ
1166 2755 1465 2819 ἀναγκαῖαι
1492 2753 1660 2806 αἰτίαι
1695 2753 1804 2804 τῶν

211 2847 596 2918 πραγμάτων,
619 2848 677 2900 ὲν
709 2842 797 2909 αἷς
825 2847 1185 2914 ταλαιπωρεῖ,
1214 2843 1616 2912 ἀναγκάζουσιν
1643 2845 1806 2898 αὐτὸν

217 2940 504 2993 κινεῖσθαι
547 2941 606 2992 ὲν
635 2939 824 3001 αὑταῖς
852 2939 1054 2992 ἄκοντα
1080 2941 1171 2990 καὶ
1219 2939 1292 3006 μὴ
1313 2931 1669 3005 ¹βουλόμενον,
1712 2935 1804 2988 καὶ

212 3031 675 3102 ὄιασκορπίζουσι
707 3033 805 3102 τὴν
823 3031 1078 3102 ..γαλήνην
1095 3031 1258 3084 αὑτοῦ
1285 3032 1378 3084 καὶ
1405 3029 1658 3101 ἡσυχίαν.

302 3128 500 3196 Χωρὶς
529 3124 859 3196 ἀμεριμνίας
887 3124 1002 3194 φῶς
1031 3125 1090 3176 ὲν
1117 3125 1184 3190 τῇ
1219 3123 1364 3194 ψυχῇ
1395 3141 1489 3176 σου
1537 3123 1613 3194 μὴ
1639 3122 1802 3191 ζητή-

295 3314 366 3366 Ὀ
435 3312 637 3380 φαῦλος
671 3313 826 3367 πόλιν
881 3331 942 3368 τε
983 3315 1077 3367 καὶ
1120 3315 1212 3366 τὸν
1257 3312 1399 3364 κατὰ
1459 3309 1614 3363 πόλιν
1645 3307 1802 3377 ὄχλον

202 3423 282 3472 τε,
330 3406 434 3460 καὶ
482 3405 700 3475 φυρμὸν
755 3405 1058 3476 ἀνθρώπων
1106 3402 1244 3474 ὁμοῦ
1306 3403 1404 3458 καὶ
1458 3402 1804 3472 πραγμάτων

159 3518 168 3526 ·
207 3498 578 3568 μεταδιώκει.
610 3495 1128 3567 Φιλοπραγμοσύναι
1155 3496 1288 3568 γάρ,
1337 3496 1428 3548 καὶ
1473 3493 1800 3560 πλεονεξίαι,

195 3595 562 3667 δημοκοπίαι
598 3609 659 3647 τε
693 3593 785 3647 καὶ
807 3591 1129 3664 δημαρχίαι,
1164 3589 1243 3660 τῷ
1270 3587 1501 3658 τοιούτῳ
1523 3585 1710 3656 τιμαί·
1741 3583 1804 3637 τὸ

189 3690 266 3743 δι
311 3687 618 3758 ἡσυχάζειν
647 3685 992 3754 ἀτιμότατον.
1361 3678 1372 3691 ’

294 3859 662 3929 Δυσεύρετον,
691 3859 725 3929 ἦ
754 3860 849 3913 καὶ
867 3858 1146 3923 παντελῶς
1172 3857 1485 3929 ἀνεύρετον,
1511 3855 1570 3909 ἐν
1594 3870 1803 3924 πεφυρ-

199 3952 379 4021 μένῳ
412 3951 511 4022 βίῳ
536 3951 598 4005 τὸ
616 3952 800 4016 καλόν.

830 4045 1048 4098 ΛΟΓΟΣ
1076 4044 1203 4098 οΗ¹.

440 4138 582 4206 Περὶ
617 4137 960 4205 παρῤησίας
993 4136 1093 4191 καὶ
1120 4136 1228 4191 τοῦ
1260 4134 1554 4204 ἐλέγχειν.

277 4227 494 4292 Οὐδεὶς
508 4231 566 4281 ἐν
583 4227 806 4298 κρυπτῷ
826 4243 878 4278 τι
898 4228 1060 4294 ποιεῖ,
1076 4227 1167 4280 καὶ
1189 4224 1340 4296 ζητεῖ
1353 4225 1484 4278 αὐτὸ
1500 4221 1596 4295 [αι.
1615 4220 1801 4295 αὐτὸς]

182 4326 260 4377 ἐν
304 4319 612 4394 παρρησίᾳ
640 4311 798 4370 εἶναι.

281 4503 434 4556 Ἐάν
487 4501 522 4571 ἡ
570 4498 767 4568 καρδία
816 4497 972 4568 ἡμῶν
1022 4493 1098 4566 μὴ
1163 4494 1548 4570 καταγινώσκῃ
1612 4495 1792 4566 ἡμῶν,

175 4592 545 4669 παρρησίαν
599 4591 798 4661 ἔχομεν
857 4589 994 4658 πρὸς
1040 4587 1131 4639 τὸν
1179 4587 1333 4650 Θεὸν,
1384 4589 1476 4640 καὶ
1527 4590 1671 4657 amp
1721 4589 1798 4640 ai-

172 4691 432 4757 τοῦμεν
491 4681 838 4750 λαμϐάνομεν
897 4679 1028 4748 παρ’
1074 4678 1262 4740 αὑτοῦ,
1297 4681 1379 4733 ὅτι
1429 4680 1527 4742 τὰς
1560 4679 1795 4752 ’ἐντολάς

170 4776 394 4837 αὐτοῦ
455 4772 754 4844 τηροῦμεν,
810 4772 906 4825 καὶ
951 4773 1020 4824 τὰ
1072 4771 1279 4838 ἀρεστὰ
1335 4770 1564 4823 ἐνώπιον
1631 4771 1795 4824 αὐτοῦ

167 4868 379 4925 ποιοῦ
391 4883 517 4934 μεν.

256 4956 508 5029 Μηδείς
555 4974 648 5010 σου
682 4953 784 5026 τῆς
828 4957 1081 5027 νεότητος
1123 4955 1569 5024 καταφρονείτωο
1609 4956 1796 5027 ἔλεγχε

160 5054 429 5112 αὐτοὺς
455 5049 768 5118 ἀποτόμως.

253 5141 588 5207 Ἐξουσίαν
616 5143 800 5195 δίδωσι
830 5140 1010 5211 λόγοις
1035 5142 1176 5213 ἀρχὴ
1205 5141 1573 5211 δικαιοσύνης.

249 5323 386 5395 Μὴ
429 5320 654 5392 ὲκκαίης
677 5319 976 5391 ἄνθρακας,
1007 5319 1366 5388 ἁμαρτωλοὺς
1414 5318 1676 5386 ἐλέγχων,
1727 5318 1801 5390 μὴ

155 5429 365 5493 ἐμπυ
379 5413 583 5485 ρισθῇς
610 5412 765 5479 φλογὶ
798 5411 970 5480 πυρὸς
1010 5410 1294 5480 ἁμαρτιῶν
1326 5411 1525 5462 αὐτῶν.

265 5512 349 5564 Ὅ
387 5503 782 5576 δφησυχάζων,
812 5505 906 5557 καὶ
932 5502 1008 5573 μὴ
1027 5503 1265 5572 ἐλέγχων
1285 5503 1384 5571 τὴν
1408 5502 1681 5573 ἁμαρτίαν
1709 5503 1800 5556 τοῦ

152 5594 472 5668 ἀδελφοῦ
503 5595 694 5660 αὑτοῦ,
734 5595 1078 5664 ἄσπλαγχνός
1110 5597 1258 5648 ἐστιν
1281 5610 1294 5624 °
1333 5595 1518 5667 ὥσπερ
1547 5597 1574 5648 ὁ
1610 5595 1698 5650 τὸν
1726 5595 1804 5650 ἱὸν

153 5687 462 5764 έναφεὶς
496 5686 575 5756 τῷ
603 5687 849 5757 δηχθέντι
881 5687 986 5740 ὑπὸ
1021 5686 1112 5738 τοῦ
1150 5688 1378 5742 ἰοϐόλον.

565 5789 833 5850 Panos.
877 5789 993 5849 Gn.
1041 5785 1359 5848 CXXXVI.

1906 481 1961 526 et
1989 477 2512 544 perturbationibus.
2549 499 2668 550 quae
2700 498 2727 535 a
2767 483 2949 535 carnis
2981 497 3144 536 sensu
3179 499 3478 552 suggerun-

1910 579 2023 628 tur,
2057 568 2464 639 obtcnebratus,
2489 574 2719 643 Spiritus
2748 576 2920 627 sanrti
2954 573 3366 628 iliustrationcm
3398 591 3476 626 re.

1908 660 2090 728 cipere
2117 679 2219 716 non
2253 674 2452 733 poteSt.

1982 751 2050 806 Ut
2082 756 2272 808 oculus
2312 757 2403 824 qui
2433 757 2773 811 continenter
2804 759 3220 827 circumagitur,
3249 774 3312 811 ac
3337 772 3479 810 nunc

1910 847 1963 900 iu
1999 855 2310 902 transversa
2354 848 2763 910 circumfertur.
2813 866 2957 903 nunc
2984 865 3198 919 sursum
3233 864 3295 902 ac
3329 850 3481 902 deor—
3517 869 3542 893 ο

1908 955 2028 993 sum
2057 939 2385 1002 deﬂectitur,
2415 939 2695 994 evidenter
2723 952 2774 994 et
2807 943 2951 995 clare
2990 958 3100 994 rem
3136 942 3472 1009 propositam

1909 1031 2075 1102 236
2091 1047 2308 1085 cernere
2333 1047 2437 1085 non
2461 1042 2637 1100 potest
2665 1049 2678 1085 ε
2705 1033 2782 1085 sic
2809 1045 2856 1086 et
2893 1050 3045 1086 meus
3075 1035 3335 1103 humana,
3358 1048 3482 1085 sex-

1906 1126 2080 1179 centis
2111 1123 2397 1178 mundanis
2442 1123 2589 1178 curis
2621 1123 2904 1190 distracta,
2946 1126 3226 1178 veritatem
3276 1133 3481 1178 attente

1906 1232 2152 1281 cernere,
2193 1232 2255 1272 ac
2288 1219 2338 1270 in
2367 1231 2427 1270 ea
2460 1216 2630 1270 defixa
2657 1233 2780 1271 esse
2809 1215 2954 1288 nulio
2992 1217 3152 1271 modo
3183 1227 3379 1286 potest.

1982 1310 2083 1376 Qui
2113 1311 2465 1363 vehementer
2497 1309 2619 1364 vitae
2652 1307 2814 1378 liujus
2847 1310 2994 1364 curis
3023 1309 3272 1378 occupati
3309 1319 3476 1374 sunt,

1907 1402 2062 1471 quasi
2088 1417 2216 1456 aves
2237 1402 2570 1471 corpulentae
2600 1400 2796 1456 frustra
2825 1403 3017 1472 pennis
3051 1402 3288 1472 praedita:
3316 1402 3475 1455 deor-

1907 1510 2026 1551 sum
2057 1497 2346 1550 trabuntur
2374 1509 2497 1549 cum
2524 1493 2845 1568 pecudibus.

1978 1587 2040 1644 S.
2071 1587 2345 1658 Chrysost.
2396 1587 2626 1643 Animus
2669 1587 2836 1658 igitur
2891 1587 3187 1643 mundanis
3238 1587 3480 1641 nondum

1909 1681 2168 1736 liberatus
2215 1681 2613 1749 curis,1neque
2658 1695 2787 1734 vere
2821 1679 2987 1734 Deum
3044 1679 3248 1748 diliget,
3299 1695 3476 1749 neque

1907 1773 2178 1827 diabolum
2231 1774 2612 1837 detestabitur,
2649 1780 2705 1824 ut
2751 1770 2976 1841 dignum
3022 1780 3126 1827 est.
3157 1771 3483 1826 Praztextum

1904 1864 2047 1918 enim
2084 1864 2244 1918 habet
2277 1878 2520 1934 gravem,
2563 1859 2747 1916 rerum
2782 1861 2846 1914 ad
2871 1863 3067 1916 victum
3097 1861 3484 1932 pertinentium

1905 1971 2118 2010 curam.

1977 2043 2035 2099 S.
2075 2043 2266 2114 Cyri".
2296 2045 2349 2098 In
2385 2055 2567 2100 mente
2593 2043 2826 2098 tumultu
2868 2049 2922 2097 et
2952 2056 3152 2113 angore
3181 2043 3359 2111 plena,
3391 2056 3484 2096 ne-

1905 2151 2012 2204 que
2047 2151 2225 2190 rerum
2261 2135 2615 2190 honestarum
2647 2133 2927 2203 cogitatio,
2970 2148 3149 2202 neque
3179 2130 3273 2186 Dei
3311 2129 3483 2200 gratia

1907 2227 2070 2281 inest.
2113 2221 2123 2233 '
3227 2239 3230 2242 '

1977 2317 2034 2372 S.
2065 2317 2195 2370 Nili.
2245 2315 2472 2370 Perfecti
2513 2316 2678 2370 animi
2709 2327 2791 2371 est
2823 2329 2971 2370 cum
2997 2314 3240 2367 vacuitas
3277 2330 3291 2367 :
3317 2307 3483 2379 impii

1907 2417 2087 2462 autem
2122 2409 2271 2464 curis
2302 2407 2535 2463 conteri.

1880 2544 1884 2548 λ
1980 2491 2249 2569 insipiens
2303 2507 2498 2578 praeter
2546 2506 2747 2554 rectam
2777 2496 3055 2552 "rationem
3111 2503 3288 2546 motus
3338 2503 3488 2545 tran-

1908 2591 2231 2666 quillitatem
2268 2601 2323 2643 et
2359 2590 2657 2658 requietem
2688 2603 2906 2656 semper
2928 2587 3111 2642 odisse
3151 2585 3306 2639 solet.

1982 2680 2159 2734 Isaac.
2198 2679 2299 2746 Qui
2337 2679 2525 2733 multis
2557 2678 2704 2732 curis
2754 2678 3050 2732 distractus
3083 2686 3202 2739 est,
3247 2673 3383 2726 lenis
3431 2679 3488 2724 et

1909 2771 2128 2840 quietus
2171 2784 2295 2822 esse
2332 2769 2482 2821 nullo
2539 2768 2700 2821 modo
2757 2775 2956 2833 potest,
3005 2775 3290 2834 pr0ptcrea
3338 2759 3482 2829 quod
3557 2831 3568 2844 θ

1910 2874 2089 2912 causa:
2122 2858 2460 2926 negotiorum
2493 2857 2548 2910 in
2580 2857 2783 2924 quibus
2813 2856 2977 2908 miser
2999 2867 3104 2916 est,
3134 2860 3334 2920 cogunt
3361 2865 3484 2904 eum

1911 2951 2243 3004 commoveri
2275 2949 2507 3003 invitum
2539 2956 2596 3003 et
2623 2949 2935 3009 nolentem,
2969 2955 3025 3000 et
3057 2944 3178 3014 ejus
3211 2942 3484 3011 tranquil-

1827 3068 1872 3125 ο
1912 3043 2021 3096 lum
2052 3053 2106 3098 et
2138 3042 2612 3116 quietumstatum
2635 3039 2967 3112 disturbant.

1977 3133 2108 3188 Sine
2163 3147 2417 3188 curarum
2455 3134 2722 3188 vacuitate
2753 3134 2935 3186 lumen
2971 3133 3027 3186 in
3067 3133 3250 3188 animo
3285 3145 3378 3189 tuo
3410 3151 3483 3190 ne

1904 3239 2144 3294 quaeras.

1976 3313 2244 3368 Philonis.
2278 3313 2564 3384 Improbus
2597 3314 2870 3367 civitatem
2893 3327 2958 3366 ac
2984 3313 3226 3368 civitatis
3255 3315 3474 3368 turbam

1908 3417 1956 3458 et
2004 3405 2186 3458 lancem
2225 3406 2502 3458 hominum
2551 3404 2714 3458 simul
2741 3413 2798 3459 et
2829 3404 3166 3473 negotiorum
3200 3406 3479 3474 persequi-

1905 3501 2014 3546 tur.
2049 3489 2180 3545 Nam
2215 3493 2516 3546 alienarum
2567 3508 2748 3546 rerum
2805 3493 3117 3564 curationes
3142 3502 3196 3547 et
3229 3495 3479 3558 avaritia,

1904 3582 2239 3650 popularitas
2285 3592 2340 3636 et
2401 3584 2712 3638 tribunatus
2757 3583 2953 3653 plebis,
3007 3583 3313 3639 istiusmodi
3377 3585 3480 3641 ho-

1902 3674 2036 3728 mini
2081 3689 2181 3729 ceu
2227 3676 2526 3730 honoriﬁca
2558 3683 2916 3746 probantur»:
2950 3686 3005 3730 at
3033 3681 3279 3747 quietum
3354 3694 3480 3734 esse

1903 3763 2388 3836 probrosissimum
2425 3777 2530 3822 est.

1972 3857 2194 3911 Dillicile
2223 3868 2330 3920 est,
2364 3858 2449 3911 vel
2488 3861 2671 3928 potius
2695 3863 2922 3915 omnino
2954 3861 3070 3914 tieri
3107 3876 3219 3914 non
3255 3871 3429 3928 potest
3457 3897 3476 3924 ,

1901 3957 1963 4004 ut
1985 3951 2244 4005 honestas
2274 3952 2328 4004 in
2362 3951 2468 4006 vita
2502 3952 2824 4006 conturbata
2859 3952 3188 4006 inveniatur.

2234 4040 2471 4096 διεπιηο
2499 4040 2762 4096 LXXVIII
2795 4040 2893 4114 [αι.
2927 4039 3140 4110 χιιχι.

2293 4135 2369 4189 De
2407 4135 2649 4190 libertate
2677 4135 3103 4203 reprehendendi.

1923 4286 1932 4295 ,
1971 4226 2133 4281 Joan.
2171 4243 2267 4281 vu.
2302 4225 2470 4281 Nemo
2518 4230 2662 4297 quod
2709 4228 2763 4281 in
2810 4229 3024 4282 occulto
3067 4227 3222 4290 facit,
3271 4230 3324 4283 id
3362 4229 3476 4282 vult

1906 4320 2081 4388 palam
2110 4319 2247 4374 ﬁeri.
2286 4319 2480 4388 (Alias,
2527 4335 2682 4375 nemo
2717 4318 2920 4388 aliquid
2968 4320 3026 4373 in
3065 4321 3270 4374 occulto
3325 4321 3478 4389 facit,

1834 4412 1882 4470 D
1906 4423 1952 4465 et
1980 4411 2168 4481 quierit
2195 4414 2303 4477 ipse
2325 4410 2499 4481 palam
2529 4417 2684 4479 esse.)

1976 4501 2002 4554 1
2031 4502 2194 4561 Joan.
2234 4519 2316 4558 ιιι.
2352 4501 2408 4558 Si
2440 4518 2538 4558 cor
2566 4514 2816 4558 nostrum
2850 4520 2958 4558 non
2995 4506 3320 4560 condemnet
3354 4517 3474 4567 nos,

1903 4593 2158 4650 ﬁduciam
2209 4594 2472 4648 habemus
2524 4595 2672 4662 apud
2728 4593 2896 4650 Deum
2932 4607 3030 4648 :et
3074 4611 3196 4664 quae
3239 4597 3476 4664 petimus

1902 4687 1972 4740 ab
1999 4701 2066 4739 eo
2095 4679 2423 4754 accipimus,
2457 4685 2584 4753 quia
2637 4687 2894 4739 mandata
2931 4687 3051 4754 ejus
3095 4686 3473 4753 exsequimur,

1902 4788 1957 4834 et
1985 4794 2105 4848 quae
2141 4777 2218 4830 illi
2251 4776 2487 4844 placent,
2522 4774 2772 4830 iacimus.
3142 4779 3171 4845 _’

1975 4955 2086 5012 Fac
2120 4973 2186 5010 ne
2213 4954 2337 5024 quis
2365 4952 2701 5020 iuventutem
2736 4962 2882 5007 tuam
2911 4959 3224 5006 contemnat
3253 4966 3477 5020 :repre-

1906 5050 2081 5121 liende
2109 5063 2208 5102 eos
2233 5061 2438 5100 severe.

1978 5141 2138 5191 Prov.
2194 5151 2338 5219 x‘va.
2367 5136 2754 5190 Auctoritatem
2809 5133 3044 5188 orationi
3081 5134 3340 5190 conciliat
3372 5134 3478 5190 iui-

1909 5231 2042 5283 tiutn
2068 5228 2314 5298 justitize.

1975 5318 2052 5372 Ne
2077 5321 2341 5374 carbones
2384 5320 2677 5381 accendas,
2715 5318 3012 5377 sceleratos
3044 5321 3472 5392 reprehendens,

1911 5431 1975 5467 ne
2001 5399 2215 5466 [lamina
2255 5412 2393 5482 ignis
2423 5424 2764 5480 peccatorum
2803 5412 3045 5482 ipsorum
3076 5412 3348 5468 exurat-is.

1980 5505 2040 5560 S.
2075 5504 2289 5558 Basilii.
2320 5503 2420 5568 Qui
2456 5504 2714 5572 quiescit.
2745 5519 2846 5560 nec
2871 5505 3055 5560 fratris
3074 5507 3251 5572 arguit
3275 5512 3469 5568 pecca-

1911 5607 2051 5664 tum,
2088 5596 2479 5650 immisericors
2506 5604 2610 5660 est,
2642 5607 2698 5650 ut
2734 5597 2826 5666 qui
2854 5610 3114 5650 venenum
3143 5588 3379 5644 immittit
3415 5590 3467 5643 in

1911 5704 2033 5743 eum
2072 5691 2162 5756 qui
2193 5696 2277 5742 est
2302 5703 2332 5741 a
2363 5697 2622 5742 venenata
2656 5689 2827 5744 bestia
2857 5698 3092 5744 morsus.

3075 5778 3153 5836 38
