3910 6242
260 368 394 444 3291

964 374 1137 434 LOCl
1172 367 1708 444 COMMUNES.’-—
1753 372 1949 447 PARS
1980 374 2069 437 Il.
2096 378 2348 442 SERMO
2386 384 2701 444 LXXXIV.

3361 378 3494 441 1202

322 487 438 540 Οὐκ
469 486 774 556 εὐεργετῶν
811 485 1005 556 μόνον,
1038 486 1174 542 ἀλλὰ
1207 487 1304 540 καὶ
1335 487 1579 553 κολάζων
1610 487 1813 555 ἀγαθός

1994 488 2112 545 Non
2143 495 2321 549 solum
2375 497 2522 552 Dens-
2564 499 2796 567 benigne
2825 508 2879 552 et
2912 497 3220 554 humaniter
3257 513 3356 551 nos
3383 506 3498 550 tra-

251 579 370 632 ἐστι
403 579 500 634 καὶ
530 577 911 648 φιλάνθρωπος
941 581 971 633 ὁ
1005 579 1154 642 Θεός.
1188 581 1299 634 Καὶ
1330 582 1442 651 γὰρ
1473 582 1528 634 at
1561 580 1812 644 κολάσεις

251 671 436 727 αὐτοῦ·
462 673 556 725 καὶ
597 673 654 726 αί
690 672 952 742 τιμωρίαι
993 671 1251 743 μέγιστον
1291 673 1608 744 εὐεργεσίας
1649 672 1813 743 μέρος

251 763 413 816 εἰσίνο
447 762 571 818 ἐπεὶ
599 764 692 815 καὶ
726 763 929 832 ἰατρὸς,
946 765 1043 834 οὐχ
1069 746 1309 829 ὅτανέίς
1335 765 1692 837 παραδείσους
1719 766 1815 820 καὶ

249 856 522 922 λειμῶνας
560 855 727 927 ἐξάγῃ
758 857 848 909 τὸν
884 860 1161 927 κάμνοντα
1204 858 1400 926 μόνον,
1436 859 1552 918 οὐδ’,
1567 861 1705 914 ὅταν
1731 861 1812 924 είς

251 945 510 1015 βαλανεῖα
549 949 661 1000 καὶ.
683 948 1064 1019 κολυμϐήθρας
1108 949 1332 1016 ὑδάτων,
1373 950 1512 1004 ἀλλὰ
1551 953 1645 1006 καὶ
1683 952 1815 1004 ὅταν

250 1037 440 1089 ἄσιτον
481 1037 677 1108 κελεύῃ
725 1037 1022 1108 διαμεῖναι,
1066 1041 1195 1095 ὅταν
1239 1043 1434 1112 τέμνῃ,
1473 1042 1599 1114 ὅταν
1645 1043 1817 1111 πικρὰ

251 1129 510 1201 προσάγῃ
551 1131 837 1216 φάρμακα,
877 1133 998 1186 τότε
1041 1134 1139 1187 καὶ
1184 1137 1364 1206 ἱατρός
1404 1137 1554 1189 ἐστιν
1593 1134 1814 1205 ὁμοίως,

251 1222 348 1273 καὶ
377 1221 478 1290 τὴν
507 1221 672 1293 αὐτοῦ
701 1224 1110 1295 φιλανθρωπίαν
1138 1227 1472 1282 ἐπιδείκνυσι
1508 1229 1693 1282 πλέον.

337 1314 406 1368 '0.
431 1318 500 1386 τῇ
540 1315 700 1386 φύσει
744 1318 967 1384 ’ἀγαθὸς
1026 1321 1122 1374 καὶ
1169 1320 1390 1390 ἀγαθῶν
1423 1322 1642 1387 πάντως
1675 1339 1820 1398 περ·

251 1407 496 1470 εκτικός.
529 1476 531 1478 η

326 1499 489 1554 ¹’ῐδιον
516 1503 716 1564 παντὸς
741 1501 947 1569 ἀγαθοῦ
976 1500 1044 1562 τὸ,
1061 1502 1312 1572 ὠφελεῖν.
1410 1497 1418 1504 ’

327 1593 405 1645 Οὐ
431 1594 687 1650 τοσοῦτον
716 1597 745 1650 ὁ
773 1596 950 1667 λόγος,
978 1598 1104 1651 ὅσον
1131 1597 1366 1668 χρηστὸς
1384 1597 1585 1670 τρόπος
1611 1600 1826 1654 πείθειν

253 1686 507 1740 δύναται.

329 1773 485 1832 Οἷσιν
512 1781 540 1831 ὁ
566 1781 764 1850 τρόπος
793 1782 945 1840 ἐστὶν
969 1783 1252 1854 εὔτακτος,
1286 1788 1554 1842 τουτέοισι
1584 1788 1678 1842 καὶ
1708 1788 1822 1860 βίος

256 1874 649 1928 συντέτακται.

332 1961 510 2033 Τέχνη
539 1949 634 2032 μὲν
659 1966 969 2037 γνωρίμους
993 1967 1310 2037 ἐκτησάμην

333 2056 589 2130 Πολλοὺς,
613 2057 703 2110 διὰ
725 2055 821 2112 τὸν
840 2061 1041 2130 τρόπον
1067 2061 1124 2115 δὲ
1149 2061 1274 2124 τούς
1304 2061 1589 2124 πλείστους
1616 2041 1825 2129 φίλους.
1865 2058 1876 2068 ’

331 2125 708 2222 Θεμιστοκλῆς
748 2125 947 2222 χωρίον
979 2153 1174 2208 πωλῶν
1205 2153 1458 2208 ἐκέλευσε
1500 2125 1824 2226 ηρύττειν,

256 2241 344 2295 ὅτι
375 2243 469 2296 καὶ
498 2243 714 2312 γείτονα
742 2245 977 2315 χρηστὸν
1004 2244 1090 2314 ἔχε
1101 2263 1138 2298 ι.

853 2427 1072 2483 ΛΟΓΟΣ
1109 2427 1234 2483 ΙΙΔ’.

546 2518 687 2589 Περὶ
723 2520 1054 2587 πραΰτητος
1079 2517 1176 2591 καὶ
1204 2520 1552 2584 εὐλαϐείας.
1656 2543 1660 2549 ν

340 2611 604 2675 Εὐλαὸεῖς
638 2615 841 2665 ποιεῖτε
870 2612 995 2674 τοὺς
1027 2611 1176 2675 υἱοὺς
1203 2609 1444 2680 Ἰσραήλ.

352 2705 410 2758 Ὀ
439 2703 726 2770 ἄνθρωπος
751 2703 959 2774 Μωσῆς
999 2701 1176 2773 πραῢς
1209 2702 1414 2773 σφόδρα
1440 2700 1593 2772 παρὰ
1621 2701 1828 2764 πάντας

259 2795 616 2865 ἀνθρώπους,
645 2796 772 2859 τούς
805 2795 967 2858 ὄντας
991 2797 1085 2848 ἐπὶ
1111 2797 1209 2862 τῆς
1242 2795 1370 2862 γῆς.

345 2887 639 2959 Ὀδηγήσει
692 2890 890 2959 πραεῖς
916 2888 976 2941 ὲν
999 2887 1200 2959 κρίσει,
1231 2886 1434 2952 διδάξει
1461 2889 1655 2958 πραεῖς
1677 2887 1829 2951 ὁδοὺς

215 2997 220 3005 ·
260 2981 453 3036 αὐτοῦ.

327 3075 402 3129 0!
441 3074 496 3128 δὲ
535 3076 728 3146 πραεῖς
757 3074 1226 3147 κληρονομήσουσι
1257 3077 1385 3148 γῆν,
1427 3077 1522 3132 καὶ
1554 3093 1832 3149 κατατρυ-

259 3169 544 3234 φήσουσιν-
567 3166 662 3218 ἐπὶ
685 3164 880 3235 πλήθει
917 3166 1166 3237 εἰρήνης’

349 3258 775 3329 ’Δναλαμϐάνων
807 3260 1006 3325 πραεῖς
1027 3261 1056 3313 ὁ
1080 3260 1283 3330 Κύριος
1305 3300 1321 3325 ,
1349 3257 1556 3330 ὑψώσει
1597 3262 1754 3329 πρεῖς
1777 3261 1836 3314 ὲν

190 3375 210 3392 ~
257 3353 535 3423 σωτηρίᾳ.

295 3430 310 3447 ’
341 3445 676 3514 Πραΰθυμος
701 3443 841 3514 ἀνὴρ
868 3442 1040 3514 ταχύς
1066 3444 1272 3514 ίατρός.

336 3521 978 3606 Κρεῖσσονπραύθυμος
1045 3536 1183 3604 μετὰ
1236 3537 1643 3600 ταπεινώσεως,
1692 3537 1726 3606 ἦ
1778 3535 1837 3599 ὃς

251 3629 557 3699 διαιρεῖται
587 3625 757 3680 σκῦλα
784 3625 922 3693 μετὰ
950 3625 1181 3695 ὕϐρεως.

339 3721 654 3789 Μακάριος,
686 3719 746 3782 ὃς
787 3716 1163 3786 κάταπτήσσει
1201 3719 1380 3798 πάντα
1402 3719 1472 3771 δι’
1509 3719 1796 3774 εὐλάϐειαν
1818 3736 1835 3754 ο

261 3816 297 3866 ὁ
318 3814 378 3867 δὲ
407 3810 640 3882 σκληρὸς
669 3809 767 3880 τὴν
793 3809 1018 3879 καρδίαν
1043 3812 1366 3879 ἐμπεσεῖται
1388 3812 1598 3875 κακοῖς.

355 3905 675 3971 Ἀπόκρισις
708 3903 1096 3956 ὐποπίπτουσα
1135 3902 1468 3972 ἀποστρέφει
1502 3903 1692 3972 θυμόν.

345 4003 446 4065 ’³ος
494 3999 736 4069 φείδεται
795 3997 946 4068 ῥῆμα
980 3996 1250 4065 προέσθαι
1307 3996 1564 4067 σκληρὸν,
1606 3995 1838 4065 ἐπιγνώ-

257 4110 418 4164 μων.

337 4183 516 4250 Λόγος
550 4179 792 4251 μαλακὸς
825 4180 1084 4249 συγκλάει
1137 4179 1302 4233 ὀστᾶ-
1339 4178 1516 4251 πραῢς
1571 4178 1711 4232 ἔστω
1737 4196 1840 4246 μα-

249 4276 473 4348 χητής·
659 4292 674 4300 “
1656 4275 1658 4278 ’

344 4369 571 4432 Τέκνον,
617 4365 674 4417 ἒν
714 4363 992 4434 πραΰτητι
1021 4363 1091 4416 τὰ
1127 4362 1266 4434 ἔργα
1291 4379 1383 4415 σου
1407 4360 1717 4430 διεξάταγε,
1745 4359 1840 4414 καὶ

247 4459 384 4517 ὑπὸ
422 4457 710 4526 ἀνθρώπου
734 4453 926 4509 δεκτοῦ
955 4456 1312 4527 άγαπηθήσῃ.

337 4550 501 4604 Γίνου
529 4549 702 4617 πρᾶος
731 4547 790 4599 ὲν
823 4546 1111 4616 ἀποκρίσει
1137 4545 1320 4613 λόγου,
1353 4545 1442 4596 ῖνα
1466 4545 1728 4613 συνήσῃς.

355 4639 452 4691 Ἐν
481 4635 833 4707 μακροθυμίᾳ
874 4633 1112 4700 φθέγγου
1165 4635 1478 4704 ἀπόκρισιν.
1508 4633 1570 4684 Ei
1606 4633 1720 4684 ἐστι
1753 4647 1838 4684 σοι

1927 592 2038 638 ctat
2065 585 2191 640 dum
2225 589 2643 666 beneﬂciis’uos
2693 593 2875 657 aiiicit,
2924 607 3112 646 verum
3159 590 3322 644 etiam
3365 589 3492 642 dum

1928 678 2104 745 punit.
2140 674 2352 734 Etenim
2413 683 2914 739 animadversiones
2978 685 3095 754 ejus
3138 689 3192 734 et
3235 679 3497 748 supplicia

1937 767 2186 824 beneﬁcii
2219 781 2346 825 sunt
2365 787 2490 841 pars
2512 775 2769 837 maxima.
2801 775 3018 844 quando
3038 785 3091 828 et
3123 773 3365 828 medicus
3390 785 3496 824 non

1931 863 2106 916 solum
2144 877 2267 917 cum
2303 863 2356 916 in
2383 864 2572 920 hortos
2605 875 2659 919 et
2693 875 2845 936 prata
2877 867 3061 920 educit
3089 873 3375 934 aegrotum,
3405 873 3500 916 aut
3538 893 3543 899 -

1930 951 1985 1006 in
2021 950 2249 1008 balneas
2271 963 2323 1007 et
2352 969 2619 1025 aquarum
2665 956 2923 1026 piscinas.
2975 955 3066 1009 sed
3113 954 3277 1026 etiam
3310 967 3434 1007 cum
3469 967 3500 1006 a

1932 1045 2057 1100 cibo
2082 1046 2357 1102 abstinere
2385 1049 2558 1118 jubet,
2589 1066 2713 1104 cum
2756 1061 2929 1113 secat,
2965 1064 3090 1103 cum
3125 1062 3312 1101 amara
3347 1046 3501 1098 adhi-

1934 1137 2022 1190 bet
2050 1139 2468 1202 medicamenta,
2505 1148 2620 1193 tum
2659 1137 2877 1209 quoque
2924 1154 3076 1207 mque
3121 1146 3205 1191 est
3233 1135 3498 1198 medicus,

1930 1246 2196 1300 snamque
2228 1233 2402 1302 magis
2441 1232 2679 1288 declarat
2709 1232 3119 1284 humanitatem.

2002 1320 2160 1390 (ἶνες.
2200 1320 2366 1390 Nysa.
2398 1320 2498 1388 Qui
2531 1331 2724 1375 natura
2770 1315 2946 1375 borius
2981 1327 3064 1375 est
3092 1360 3107 1383 ,
3154 1318 3295 1372 idem
3325 1319 3380 1370 et
3405 1317 3502 1370 bo-

1931 1423 2125 1463 norum
2154 1410 2381 1480 largitor
2405 1411 2629 1464 omnino
2659 1420 2764 1465 est.
3402 1455 3404 1458 μ

2006 1503 2289 1572 Proprium
2327 1503 2594 1558 bonorum
2633 1504 2876 1558 omnium
2925 1511 3009 1557 cst
3057 1500 3317 1571 prodesse
3357 1499 3499 1558 aliis.

2003 1594 2121 1650 Non
2150 1606 2261 1652 tam
2312 1598 2500 1664 verba,
2529 1598 2708 1670 [quam
2760 1599 2888 1653 boni
2939 1611 3120 1652 mores
3169 1595 3501 1666 persuadere

1933 1700 2186 1760 possunt.
2602 1671 2608 1684 ’
3037 1729 3041 1735 .

2008 1779 2301 1850 Ροεὶάὶρρί.
2332 1780 2572 1846 Quorum
2598 1794 2781 1835 mores
2812 1788 2939 1834 sunt
2967 1777 3254 1844 moderati,
3279 1793 3504 1835 eorum-

1927 1872 2050 1928 dem
2084 1883 2196 1928 tota
2221 1875 2330 1928 vita
2357 1874 2495 1929 bene
2519 1874 2822 1942 composita
2853 1882 2958 1928 est.

2026 1967 2156 2021 Arte
2180 1969 2382 2022 multos
2404 1966 2536 2021 milii
2572 1965 2883 2028 familiares,

2029 2057 2272 2114 Moribus
2303 2069 2483 2113 autem
2513 2059 2779 2127 plurimos
2819 2058 3026 2112 amicos
3056 2056 3394 2126 comparavi.

2001 2147 2386 2204 Themistoclis.
2427 2147 2824 2203 Themistocles
2863 2147 3124 2216 praedium
3159 2146 3524 2231 venditurus!~

1920 2239 2089 2310 jussit
2115 2241 2380 2310 praeconis
2413 2252 2546 2293 voce
2583 2237 2933 2310 promulgari,
2981 2239 3150 2292 etiam
3185 2238 3387 2292 bonum
3419 2236 3502 2290 vi.

1925 2323 2108 2382 cimtm
2139 2327 2191 2382 id
2231 2321 2451 2382 habere.
3475 2341 3477 2348 '

2227 2419 2461 2477 SERMO
2500 2418 2762 2482 LXXXIV
2802 2417 2904 2492 [aL
2945 2417 3204 2490 XCVIII].

2214 2558 2216 2568 .
2301 2513 2379 2568 De
2407 2511 2688 2568 clementia
2714 2521 2765 2566 et
2794 2511 3130 2566 verecundia.
3196 2576 3206 2582 κ

2000 2607 2160 2662 Leuit.
2195 2604 2460 2661 Verentes
2485 2613 2540 2658 et
2568 2610 2875 2658 metuentes
2907 2601 3070 2656 facile
3093 2600 3506 2656 ﬁlioslsraelis.

2001 2697 2167 2751 Num.
2202 2711 2298 2750 ιιι.
2337 2695 2516 2750 Moses
2558 2701 2883 2747 mansuetus
2912 2705 3080 2760 supra
3105 2705 3296 2745 omnes
3325 2690 3506 2744 homi-

1928 2807 2026 2847 nes
2052 2789 2147 2859 qui
2177 2799 2308 2845 sunt
2333 2789 2388 2842 in
2423 2786 2605 2842 terris.

1999 2883 2149 2938 Paul.
2187 2871 2336 2935 sitv.
2377 2879 2613 2936 Deducet
2657 2886 2714 2932 et
2746 2883 3068 2931 mansuetos
3107 2875 3162 2930 in
3187 2873 3422 2946 judicio,
3448 2883 3508 2930 et

1929 2977 2144 3034 docebit
2183 2977 2476 3030 cletnentes
2505 2973 2623 3028 vias
2654 2986 2808 3027 snas.

2003 3069 2159 3124 Mites
2197 3079 2377 3124 antem
2427 3065 2826 3120 haereditabunt
2871 3071 3109 3126 terram,
3162 3059 3320 3132 24],
3353 3068 3408 3115 et
3449 3060 3506 3114 in

1858 3175 1904 3238 ρ
1937 3160 2149 3216 summa
2174 3175 2308 3230 pace
2336 3159 2499 3213 vitam
2527 3167 2686 3228 agent
2714 3171 2838 3210 cum
2873 3155 3170 3224 voluptate.

2011 3255 2297 3321 Excipieus
2326 3254 2622 3308 clementes
2662 3249 2924 3306 Dominus
2977 3246 3219 3310 extollet,
3250 3253 3305 3301 et
3331 3246 3482 3301 salu-

1939 3357 2044 3402 tem
2073 3345 2241 3400 dabit.

2016 3438 2110 3491 Vir
2139 3439 2241 3492 leni
2271 3436 2528 3507 praditus
2561 3435 2742 3488 animo
2768 3432 2913 3487 celer
2940 3440 3026 3486 est
3057 3431 3318 3485 medicus.

2021 3529 2180 3584 Prov.
2213 3545 2322 3585 xvi.
2355 3511 2587 3582 Praestat
2620 3525 2724 3578 leni
2755 3539 2876 3579 esse
2905 3523 3088 3577 animo
3120 3538 3242 3576 cum
3276 3519 3502 3575 humili-

1939 3632 2067 3686 tate,
2105 3636 2267 3691 quam
2299 3620 2542 3674 dividere
2566 3617 2735 3688 spolia
2768 3632 2890 3672 cum
2919 3615 3272 3670 contumelia.

2013 3713 2208 3767 Beatus
2236 3712 2329 3780 qui
2376 3710 2673 3780 prudenter
2703 3707 2884 3762 omnia
2917 3706 3110 3762 timet:
3141 3704 3279 3768 duro
3310 3712 3502 3758 autem-

1936 3807 2102 3866 corde
2132 3806 2388 3874 praeditus
2422 3803 2621 3858 incidet
2648 3802 2702 3857 in
2734 3801 2896 3854 rnala.
2979 3839 2990 3860 η
3369 3785 3374 3788 ’

2010 3896 2170 3952 Prov.
2196 3912 2287 3950 xv.
2317 3895 2618 3966 Responsio
2647 3893 2918 3949 submissa
2941 3890 3074 3944 iram
3107 3886 3326 3942 avertit.

2008 3990 2110 4056 Qui
2163 3998 2314 4042 cavet
2361 4001 2472 4056 quo
2523 3985 2704 4039 minus
2749 3981 2971 4038 verbum
3024 3978 3236 4036 emittat
3281 3976 3500 4037 durum,

1941 4078 2178 4153 prudens
2203 4088 2308 4134 est.

2021 4173 2138 4228 Joel
2159 4181 2213 4226 et
2240 4170 2392 4224 Prov.
2425 4184 2550 4224 xxv.
2583 4165 2756 4221 Mollis
2779 4167 2962 4222 oratio
3001 4163 3300 4234 confringit
3332 4177 3455 4216 ossa
3484 4178 3500 4225 ;

1939 4267 2088 4322 mitis
2113 4275 2230 4319 esto
2258 4273 2543 4331 pugnator.
2993 4307 2996 4315 ,

2019 4355 2186 4426 Eccli.
2225 4353 2347 4416 Fili,
2380 4354 2432 4406 in
2463 4353 2682 4406 lenitate
2709 4350 2797 4404 fac
2817 4363 2980 4420 opera
3008 4358 3098 4404 tua
3142 4345 3414 4416 perﬁcias,
3444 4353 3502 4399 et

1942 4449 2010 4504 ab
2046 4449 2266 4501 homine
2294 4456 2540 4514 spectato
2566 4442 2829 4511 diligeris.

1873 4508 1918 4565 Β
2018 4541 2147 4594 Esto
2173 4540 2307 4592 lenis
2327 4508 2388 4589 in
2417 4508 2788 4604 responsione,
2813 4541 2871 4586 ut
2895 4530 3186 4596 intelligas.

2008 4632 2142 4688 Cum
2192 4629 2452 4696 sapientia
2491 4630 2554 4678 da
2611 4637 2950 4693 responsum.
3005 4620 3060 4674 Si
3093 4618 3505 4688 intelligentiam

1941 4722 2130 4782 babes,
2178 4717 2442 4784 responde
2471 4716 2736 4784 proximo.
3031 4757 3038 4768 .

2009 4810 2170 4866 Ecrlt’.
2201 4825 2254 4866 ι.
2280 4809 2404 4874 Fili,
2429 4809 2484 4862 in
2515 4807 2734 4861 lenitate
2749 4806 2989 4874 animum
3012 4812 3162 4857 tuum
3185 4809 3508 4855 monstrato.

1942 4903 2140 4974 (Alias,
2164 4901 2406 4972 δόξασον,
2431 4900 2480 4952 id
2512 4907 2595 4953 est
2616 4897 2903 4968 glori/ica.)

1969 4993 1976 5005 ‘
2011 4991 2150 5047 Ibid.
2175 4991 2405 5068 Radices
2423 4991 2664 5061 gentium
2691 4988 2928 5042 detraxit
2954 4983 3238 5049 Dominus,
3265 4992 3320 5039 et
3349 4985 3406 5038 in
3429 4984 3512 5039 lo-

1884 5137 1910 5140 __
1941 5095 2062 5136 cum
2087 5080 2301 5133 illarum
2329 5077 2590 5146 plantavit
2619 5083 2954 5130 mansuetos.
3251 5119 3254 5126 .

2020 5171 2207 5226 Matth.
2244 5185 2300 5224 v.
2344 5169 2490 5225 Beati
2537 5171 2854 5232 clementes,
2905 5165 3164 5237 quoniam
3213 5168 3315 5236 ipsi
3347 5174 3507 5221 terra:

1942 5261 2312 5318 litet'editatem
2356 5259 2592 5328 capient.

2018 5353 2209 5408 Matth.
2248 5369 2323 5406 XI.
2381 5352 2623 5419 Accipite
2668 5349 2857 5419 iugum
2888 5363 3068 5402 meum
3103 5363 3265 5413 super
3294 5359 3412 5408 vos,
3441 5359 3504 5397 ac

1940 5463 2004 5500 ex
2043 5463 2127 5499 me
2161 5444 2370 5503 discite,
2403 5445 2655 5509 quoniam
2683 5441 2828 5496 mitis
2847 5456 2968 5494 sum
2996 5450 3051 5494 et
3071 5439 3289 5492 humilis
3317 5434 3501 5499 corde,

1941 5547 1994 5590 et
2028 5535 2223 5588 animis
2248 5535 2442 5588 vestris
2475 5534 2774 5602 requietem
2802 5531 3103 5585 invenietis.
3349 5540 3352 5544 '

2011 5624 2215 5680 Coioss.
2263 5641 2335 5679 tv.
2383 5625 2574 5678 Sermo
2625 5631 2804 5679 vester
2836 5635 3048 5686 semper
3089 5619 3150 5669 in.
3174 5617 3368 5683 gratia,
3389 5618 3501 5672 sale

1939 5716 2214 5778 conditus,
2259 5725 2317 5768 ut
2347 5716 2803 5784 quemadmodum
2843 5709 3138 5774 unicuique
3166 5707 3500 5777 respondere

1937 5808 2211 5870 convenit,
2235 5807 2444 5862 sciatis.

239 4733 518 4795 σύνεσις,
553 4717 882 4798 ἀποκρίθητι
918 4725 996 4794 τῷ
1023 4725 1273 4794 πλησίον.

341 4821 574 4887 Τέκνον,
597 4821 656 4875 ἐν
687 4818 962 4890 πραΰτητι
984 4817 1084 4887 τὴν
1103 4816 1283 4887 ψυχήν
1312 4832 1407 4870 σου
1432 4815 1665 4882 δίδαξον.

303 5049 308 5052 .
349 4999 544 5063 Ῥίζας
603 4996 779 5053 ιθνῶν
835 4993 1083 5049 καθεῖλεν
1128 4993 1158 5046 ό
1187 4990 1411 5061 Κύριος,
1441 4989 1539 5042 καὶ
1574 4988 1839 5059 ἐφύτευσε

234 5096 475 5167 πραεῖς
503 5093 620 5146 ἀντ’
647 5089 850 5144 αὐτῶν.

347 5182 638 5254 Μακάριοι
690 5182 738 5233 oi
775 5179 992 5249 πραεῖς,
1041 5177 1123 5231 ὅτι
1174 5175 1327 5230 αὐτοὶ
1372 5171 1843 5244 κληρονομήσουσι

155 5332 168 5344 .
237 5279 374 5345 τὴν
403 5275 531 5343 γῆν.

346 5367 558 5432 Ἀρατε
599 5362 693 5415 τὸν
723 5361 884 5430 ζυγόν
919 5377 1020 5430 μου
1053 5359 1138 5426 ἐφ’
1165 5357 1330 5427 ὑμᾶς,
1381 5353 1474 5407 καὶ
1511 5353 1710 5421 μάθετε
1746 5353 1842 5406 ἀπ’

231 5455 412 5529 ἐμοῦ
444 5457 527 5508 ὅτι
579 5455 756 5523 πρᾶός
809 5453 926 5522 είμι
968 5450 1062 5502 καὶ
1110 5447 1363 5509 ταπεινὸς
1385 5449 1454 5516 τῇ
1497 5444 1717 5516 καρδίᾳ.
1748 5444 1840 5497 καὶ

226 5547 544 5616 εὑρήσετε
569 5546 885 5599 ἀνάπαυσιν
906 5545 1024 5604 ταῖς
1059 5540 1258 5610 ψυχαῖς
1289 5540 1319 5591 ὐ
1329 5538 1466 5607 μῶν.

362 5640 425 5693 ⁸0
449 5621 610 5709 λὸγος
665 5637 818 5708 ὑμῶν
844 5637 1076 5688 πάντοτε
1124 5636 1184 5687 ὲν
1228 5631 1436 5702 χάριτι,
1467 5629 1626 5683 ἅλατι
1675 5630 1843 5698 ἠρτυ-

222 5733 464 5809 μένος,
495 5731 694 5792 ειδέναι
742 5726 858 5791 πῶς
887 5727 968 5780 δεῖ
998 5726 1143 5796 ὑμᾶς
1174 5724 1255 5777 ἑνὶ
1283 5722 1502 5790 ἑκάστῳ
1546 5718 1837 5790 ἀποκρίνε-

221 5828 431 5884 σθαι.
