4004 6252
378 387 512 450 1209

1069 385 1234 444 LOCI
1261 385 1694 448 COMMUNES.
1732 387 2032 455 -ΡΑΗΞ
2067 389 2141 452 II.
2184 386 2438 450 SERMO
2477 387 2867 452 LXXXVIII.

3457 389 3596 456 1210

445 463 718 572 Maxépmi
768 503 820 557 oi
850 501 1086 574 καθαροὶ
1138 505 1208 576 τῇ
1238 505 1460 576 καρδίᾳ,
1510 505 1594 560 ὅτι
1631 489 1786 560 αὐτοί
1837 507 1930 562 τὸν

2099 505 2292 565 Matth.
2326 523 2376 564 ν.
2433 506 2581 563 Beati
2631 521 2766 577 puro
2787 505 2974 572 corde,
3007 475 3141 577 quia
3173 505 3275 582 ipsi
3315 505 3480 562 Deum
3513 509 3592 562 vi-

372 598 505 652 Θεὸν
532 595 774 666 ὄψονται.

459 689 522 743 Ἠ
552 688 820 758 καύχησις
851 687 1011 758 ἡμῶν
1049 687 1190 760 αὕτη
1233 689 1372 754 ἐστὶ,
1414 689 1477 743 τὸ
1505 689 1807 760 μαρτύριον
1832 691 1935 760 τῆς

377 781 736 849 συνειδήσεως
764 780 944 850 ἡμῶν,
989 781 1072 834 ὅτι
1100 782 1159 833 ἑν
1201 781 1452 851 ἁγιότητι
1490 782 1584 834 καὶ
1611 780 1934 854 είλικρινείᾳ
1977 791 1980 800 “

375 875 533 936 Θεοῦ.
563 873 663 928 οὐκ
710 876 768 926 ἐν
797 873 961 942 σοφίᾳ.
1005 873 1263 944 σαρκικῇ,
1308 871 1444 925 ἀλλὰ
1469 873 1544 925 εν
1583 875 1767 944 χάριτι
1796 874 1932 928 Θεοῦ

375 968 797 1052 ἀνεστράφημεν
827 968 887 1020 ἐν
907 965 996 1037 -τῷ
1025 966 1238 1036 κόσμῳ,
1273 965 1677 1034 περισσοτέρως
1710 967 1767 1022 δὲ
1795 969 1934 1039 πρὸς

377 1061 543 1121 ὑμᾶς.

417 1111 425 1128 ⁸
459 1111 600 1203 δέδιε)
616 1150 728 1216 φοὶ,
766 1150 1136 1222 προσεύχεσθε
1187 1154 1318 1220 περὶ
1365 1154 1545 1223 ἡμῶν.
1588 1151 1936 1220 ﬂammas"

377 1244 486 1310 γὰρ
518 1243 599 1295 ὅτι
645 1241 819 1312 καλὴν
856 1243 1164 1312 συνείδησιν
1211 1244 1430 1316 ἔχομεν,
1473 1246 1533 1299 ὲν
1565 1245 1702 1299 πᾶσι
1753 1241 1936 1310 καλῶς

377 1335 621 1398 θέλοντες
648 1335 1104 1406 ἀναστρέφεσθαι.

457 1426 586 1480 Ἐὰν
616 1428 647 1494 ἡ
677 1427 873 1497 καρδία
899 1426 1057 1497 ἡμῶν
1083 1427 1158 1500 μὴ
1183 1429 1565 1499 καταγινώσκῃ
1596 1427 1776 1498 ἡμῶν,

380 1517 574 1586 ῥησίαν
612 1513 805 1586 ἔχομεν
853 1518 990 1588 πρὸς
1032 1518 1124 1573 τὸν
1150 1519 1304 1586 Θεὸν,
1347 1521 1438 1572 καὶ¹
1471 1519 1500 1573 ὃ
1531 1502 1944 1584 ἑὰν-αίτῶμίεν,

376 1609 729 1682 λαμϐάνομεν
777 1609 912 1679 παρ’
962 1610 1154 1676 αὐτοῦ,
1201 1613 1283 1665 ὅτι
1338 1611 1439 1676 τὰς
1495 1609 1716 1674 ἐντολάς
1773 1609 1936 1664 αὐτοῦ

379 1699 677 1768 τηροῦμεν,
709 1701 806 1754 καὶ
845 1701 915 1754 τά
949 1703 1161 1772 ἀρεστὰ
1193 1701 1425 1755 ἐνώπιον
1457 1700 1620 1754 αὑτοῦ
1651 1700 1935 1770 ποιοῦμεν.

455 1792 677 1860 Πρῶτον
713 1783 1050 1862 μακαρίστὸν
1079 1793 1142 1846 τὸ
1170 1794 1228 1846 ἐν
1259 1795 1324 1865 τῇ
1352 1793 1564 1864 διανοίᾳ
1592 1793 1749 1862 ἡμῶν
1771 1793 1938 1846 καθα-

2032 597 2259 654 dabunt.

2104 689 2167 746 Il
2197 691 2325 748 Cor.
2355 707 2396 748 ι.
2432 690 2694 747 Gloriatio
2722 697 2903 746 nostra
2935 691 3048 745 h:ec
3076 697 3181 752 est,
3219 689 3591 746 testimonium

2034 783 2378 841 conscientiae
2411 793 2634 846 nostrae,
2672 783 2813 848 quod
2842 784 2897 836 in
2933 763 3226 838 sanctita'te
3253 791 3307 836 et
3359 781 3594 836 sinceri-

2033 887 2142 932 tate
2173 876 2292 942 Dei,
2328 890 2435 930 non
2468 875 2522 930 in
2567 874 3112 946 sapientia‘carnali,
3167 874 3260 929 sed
3307 875 3364 928 in
3414 874 3588 942 gratia

2033 968 2128 1024 Dei
2175 971 2228 1024 in
2279 967 2484 1023 mundo
2531 967 2732 1022 versati
2782 981 3000 1034 sumus,
3053 967 3150 1023 sed
3205 967 3376 1022 inulto
3424 968 3596 1037 magis

2033 1062 2179 1131 apud
2211 1076 2332 1116 vos.
2498 1085 2500 1088 ν
2913 1129 2916 1134 _

2106 1151 2348 1220 Fratres,
2379 1150 2680 1221 precamini
2732 1141 2833 1222 pro
2875 1153 3052 1208 nobis.
3095 1152 3428 1208 Conﬁdimus
3455 1152 3596 1206 enim

2035 1260 2132 1300 nos
2159 1247 2351 1300 bonam
2385 1245 2778 1302 conscientiam
2805 1244 3026 1310 habere,
3049 1247 3102 1299 in
3135 1244 3388 1299 omnibus
3421 1244 3593 1298 hone-

2035 1345 2116 1392 ste
2152 1337 2361 1392 versari
2391 1337 2660 1392 volentes.
2827 1377 2830 1380 .
3174 1387 3178 1394 .

2105 1425 2267 1482 Joan.
2317 1427 2376 1482 Si
2406 1443 2502 1483 cor
2535 1437 2780 1484 nostrum
2829 1443 2936 1483 non
2984 1426 3314 1481 condemnat
3371 1445 3490 1494 nos,
3526 1431 3592 1482 ad

2038 1518 2206 1574 Deum
2259 1519 2428 1575 libere
2471 1521 2806 1596 accedimus,
2855 1533 2905 1577 et
2943 1521 3202 1592 quidquid
3240 1522 3492 1588 petimus,
3533 1525 3606 1575 ab

2037 1608 2129 1663 illo
2156 1609 2454 1678 accipimus
2481 1629 2496 1666 :
2521 1611 2650 1681 quia
2675 1623 2945 1681 praecepta
2972 1612 3093 1682 ejus
3121 1626 3425 1676 servamus,
3451 1627 3599 1681 quae-

2038 1712 2144 1768 que
2172 1697 2251 1752 illi
2284 1709 2438 1769 grata
2471 1710 2624 1765 sunt,
2653 1699 2912 1756 facimus.

2111 1791 2174 1847 S.
2212 1767 2422 1849 Basilii.
2454 1792 2696 1848 Primum
2732 1767 3216 1862 beatissimumque
3254 1793 3515 1863 est’quod
3547 1794 3601 1848 in

383 1853 726 1954 pom-hmini
757 1853 884 1952 ῥίζα
925 1883 1034 1937 τῶν
1079 1885 1171 1939 διὰ
1221 1853 1324 1942 τοῦ
1361 1853 1936 1956 σώματος’-ινεργειῶν

2052 1881 2202 1953 245
2227 1886 2390 1940 corde
2420 1896 2606 1940 nostro
2635 1901 2827 1955 purum
2863 1903 2878 1940 :
2907 1888 3032 1954 quia
3074 1886 3226 1940 radix
3252 1886 3598 1940 estoinnimn

381 1974 441 2027 τὸ
463 1974 521 2026 ὲν
544 1976 610 2045 τῇ
643 1975 842 2047 καρδίᾳ
869 1975 1170 2046 βούλευμα.

453 2063 708 2135 Καθαρὸς
757 2069 824 2138 τῇ
857 2067 1057 2139 καρδίᾳ
1101 2059 1252 2122 ἐστὶν
1306 2069 1336 2123 ὁ
1392 2068 1469 2140 μὴ
1527 2067 1940 2141 λαμϐανόμενος

385 2157 576 2232 ἑαυτοῦ
609 2159 702 2213 ἐπὶ
729 2160 949 2231 ἐντολῆς
977 2161 1110 2216 Θεοῦ
1143 2162 1424 2234 άθετήσει.

452 2251 565 2304 Οὐκ
608 2252 670 2304 ὲν
697 2255 918 2322 μικροῖς
945 2252 1008 2307 τὸ
1054 2253 1305 2320 εὐσεϐὴς,
1347 2254 1470 2310 οὐδὲ
1501 2258 1562 2310 ὲν
1591 2255 1673 2329 τῷ
1703 2258 1942 2326 κατηφεῖ

378 2341 439 2394 τὸ
471 2343 779 2412 φιλόσοφον,
806 2345 922 2400 ἀλλ’
943 2347 1002 2399 ὲν
1026 2345 1204 2417 ψυχῆς
1229 2349 1570 2420 στερρότητι,
1592 2349 1686 2402 καὶ
1705 2349 1942 2414 διανοίας

379 2432 744 2502 καθαρότητι,
777 2437 873 2490 καὶ
918 2437 1122 2508 γνησία
1148 2441 1214 2510 τῇ
1254 2439 1396 2508 πρὸς
1444 2439 1505 2494 τὸ
1535 2439 1699 2496 καλὸν
1733 2438 1938 2494 νεύσει.

451 2615 616 2676 Οὐδὲν
643 2613 816 2679 οὕτως
848 2617 998 2685 ἡμᾶς
1026 2613 1340 2684 εὐφραίνειν
1367 2612 1580 2683 εἴωθεν,
1604 2617 1680 2682 ὡς
1706 2618 1943 2684 συνειδὸς

378 2705 622 2780 καθαρὸν
651 2708 746 2760 καὶ
775 2707 988 2770 ἐλπίδες
1017 2704 1251 2775 ἀγαθαί.
1836 2719 1843 2730 ·

453 2798 526 2852 Τὸ
557 2799 794 2863 συνειδὸς
845 2798 1220 2870 ἀγαλλόμενον
1273 2801 1715 2869 συγκαλλωπίζει
1737 2851 1740 2854 .
1763 2801 1942 2874 ἑαυτῷ

381 2890 477 2944 καὶ
523 2890 590 2943 τὸ
618 2890 932 2960 πρόσωπον,
965 2891 1060 2943 καὶ
1119 2890 1275 2962 ἄρδει
1330 2893 1430 2954 τὰς
1463 2895 1696 2963 παρειὰς
1755 2894 1790 2964 ἠ
1842 2894 1943 2963 τῆς

383 2978 562 3049 ψυχῆς
609 2980 898 3050 εὐρωστία,
935 2982 1029 3034 καὶ
1077 2981 1174 3051 οὐχ
1205 2982 1392 3045 ἁπλῶς
1421 2981 1634 3054 εἴρηται
1661 2985 1740 3055 τῷ
1772 2986 1939 3057 σοφῷ’

322 3116 336 3127 .
385 3071 624 3142 Καρδίας
655 3072 1087 3143 εὐφραινομένης
1113 3073 1402 3141 πρόσωπον
1431 3075 1634 3128 θάλλει.

2038 1971 2284 2040 corporis
2311 1974 2590 2028 actionum
2619 1975 2802 2030 cordis
2839 1976 3158 2031 consilium.

2112 2062 2260 2119 Puro
2308 2065 2474 2120 corde
2527 2074 2614 2120 est
2647 2067 2696 2121 is
2741 2066 3126 2136 quise'ipsum
3174 2079 3283 2120 non
3328 2065 3605 2120 convincit

2039 2164 2428 2225 praeceptorum
2461 2155 2551 2209 Dei
2583 2163 2920 2225 contemptu.

2110 2244 2375 2317 Tlieologi.
2404 2246 2524 2302 Non
2554 2255 2657 2331 est.
2698 2247 2894 2316 pietas-
2927 2246 2983 2302 in
3044 2262 3209 2303 renus
3270 2246 3474 2318 parvis,
3507 2261 3608 2300 nec

2040 2333 2382 2409 philosopha
2433 2339 2488 2394 in
2524 2340 2707 2401 vultus
2735 2339 3085 2404 demissione,
3105 2339 3211 2395 sed
3234 2338 3291 2394 in
3313 2337 3477 2412 animi
3511 2338 3606 2392 llr-

2042 2430 2232 2485 mitate
2259 2438 2314 2486 et
2344 2431 2690 2500 cogitationis
2738 2431 2972 2501 puritate
3011 2438 3068 2486 et
3107 2445 3232 2486 vera
3277 2430 3346 2485 ad
3381 2444 3467 2485 res
3513 2431 3610 2484 ho-

2039 2529 2226 2578 nestas
2253 2522 2638 2592 propensiOne.

2113 2611 2256 2667 Nihil
2275 2623 2359 2667 est
2383 2612 2530 2683 quod
2560 2612 2664 2668 sic-
2685 2628 2786 2669 nos
2821 2612 3094 2668 delectare
3141 2611 3335 2674 soleat.
3375 2619 3434 2668 ut
3461 2626 3594 2692 con-

2041 2701 2270 2758 scientia
2299 2717 2435 2772 pura
2457 2715 2512 2758 et
2540 2714 2663 2774 Spes
2686 2704 2850 2758 bona.
2993 2699 3001 2708 ’
3469 2757 3474 2762 .

2115 2793 2464 2850 Conscientia
2504 2793 2626 2848 laeta
2660 2803 2716 2849 et
2741 2794 3022 2849 exsultans
3072 2792 3173 2848 sibi
3199 2793 3373 2852 etiam
3399 2791 3609 2848 vultum

2042 2883 2274 2940 hilarem
2298 2885 2494 2947 reddit,
2521 2893 2585 2940 ac
2609 2900 2776 2954 genas
2801 2885 2941 2956 rigat
2967 2883 3136 2939 animi
3168 2882 3310 2938 bona
3337 2881 3609 2946 valetudo,

2044 2988 2144 3028 nec
2192 2973 2311 3029 sine
2372 2988 2538 3030 causa
2579 2973 2786 3029 dictum
2835 2981 2921 3030 est
2971 2991 3001 3028 a
3033 2972 3332 3044 sapiente:
3382 2969 3486 3027 Ubi
3517 2986 3611 3026 cor

2044 3072 2259 3127 lzetatur
2290 3071 2472 3126 vultus
2505 3069 2761 3127 ﬂorescit.

565 3139 808 3232 λαμπροὶ
838 3139 937 3234 τὴν
985 3139 1290 3234 συνείδησιν
1324 3165 1432 3220 υἱοὶ
1469 3167 1648 3236 φωτὸς
1669 3168 1782 3230 ,καὶ
1806 3166 1940 3238 ἠμέ-

2052 3163 2203 3234 Greg.
2241 3161 2404 3234 Nysa.
2463 3161 2565 3228 Qui
2619 3139 2875 3233 praeclara
2918 3170 3049 3217 sunt
3087 3158 3447 3223 conscientia,
3505 3157 3602 3212 lilii

386 3273 486 3327 ρας
515 3257 961 3327 ἁναγορεύονται.

455 3347 567 3419 Οὐχ
598 3350 632 3417 ἡ
675 3349 785 3402 τῶν
813 3351 1065 3421 πράξεων
1099 3353 1278 3425 ἀποχὴ
1325 3351 1529 3406 δικαιοῖ
1581 3349 1676 3403 τὸν
1727 3350 1945 3418 πιστὸν,

381 3439 501 3492 ἀλλ’
530 3441 562 3510 ἡ
590 3441 698 3494 τῶν
727 3441 950 3510 ἐννοιῶν
997 3444 1192 3512 ἁγνεία
1236 3443 1332 3498 καὶ
1377 3441 1700 3514 είλικρίνεια
1743 3443 1943 3512 ἀκραι-

383 3529 540 3600 φνήςο

454 3624 562 3677 Καὶ
591 3622 742 3694 λόγος
781 3624 1040 3696 καθαρὸς,
1083 3629 1176 3681 καὶ
1207 3628 1324 3698 βίος
1351 3627 1707 3698 άκηλίδωτος,
1751 3627 1946 3696 θρόνος

381 3718 474 3769 καὶ
495 3717 623 3781 ναός
649 3719 798 3772 ἐστιν
823 3718 1075 3788 ἀληθινὸς
1100 3719 1195 3774 τοῦ
1224 3720 1383 3776 Θεοῦ.
1727 3730 1740 3746 ‘

466 3808 716 3864 ’Δπαθῶν
745 3813 839 3864 καὶ
863 3812 1118 3882 καθαρῶν
1147 3814 1296 3868 ἐστιν
1326 3816 1358 3885 ἡ
1392 3813 1660 3885 σωτηρία.

362 3967 367 3978 ’
451 3961 695 4054 Σώφρων
725 3986 922 4057 καρδία
955 3987 1118 4060 λιμὴν
1153 3988 1558 4062 θεωρημάτων.

412 4077 569 4146 ,Οὐκ
611 4079 913 4153 ὲκριζωτὴς
945 4079 1054 4135 τῶν
1103 4081 1315 4150 παθῶν,
1370 4083 1485 4138 ἀλλ’
1533 4085 1947 4158 ἀνταγωνιστής

381 4169 534 4221 ἐστιν
563 4171 592 4222 ὁ
621 4169 902 4242 λογισμός.

469 4257 796 4330 Ἐπειδήπερ
840 4259 1090 4332 ἀοράτως
1136 4248 1354 4324 είς“τὸν
1404 4263 1504 4335 τῆς
1534 4262 1712 4348 ψυὶῆς
1767 4263 1948 4336 χῶρον

381 4349 650 4404 εἰσδύεται
676 4352 704 4405 ὁ
734 4350 888 4415 Θεὸς,
921 4353 1434 4424 παρασκευάζωμεν
1467 4356 1561 4408 τὸν
1590 4357 1756 4409 τόπον
1799 4358 1944 4409 ὲκεί-

381 4457 473 4495 νον
492 4441 565 4504 ὡς
591 4441 766 4496 ἔνεστι
792 4443 1096 4508 κάλλιστον,
1122 4444 1439 4516 ἀξιόχρεων,
1465 4447 1786 4520 ἐνδιαίτημα
1807 4448 1943 4501 Θεοῦ

2046 3257 2185 3312 lucis
2203 3262 2258 3312 et
2283 3255 2389 3310 diei
2417 3254 2805 3326 praedicantur.

2111 3348 2227 3403 Non
2255 3346 2557 3402 facinorum
2591 3345 2922 3401 abstinentia
2947 3341 3157 3399 ﬁdelem
3191 3341 3470 3413 iustiﬁcat,
3517 3339 3612 3396 sed

2041 3435 2430 3508 cogitationum
2451 3435 2674 3492 castitas
2698 3444 2752 3491 et
2773 3449 2908 3506 pura
2930 3432 3238 3490 sinceritas.

2112 3611 2298 3668 Oratio
2350 3621 2526 3678 casta,
2581 3621 2637 3668 et
2681 3603 2799 3666 vita
2854 3611 2999 3666 nulla
3072 3610 3194 3665 labe
3243 3608 3610 3664 contaminata

2044 3706 2276 3775 thronus
2314 3713 2369 3760 et
2397 3720 2581 3759 verum
2612 3703 2706 3758 Dei
2753 3704 3014 3774 templum
3048 3712 3152 3760 est.

2115 3794 2351 3868 Evagrii.
2405 3796 2566 3852 Salus
2615 3807 2699 3852 est
2730 3811 2917 3850 eorum
2965 3795 3058 3864 qui
3108 3789 3611 3868 perturbationibus

2043 3867 2237 3946 carent
2251 3902 2304 3944 et
2334 3890 2454 3960 puri
2485 3897 2637 3943 sunt.
3417 3867 3432 3882 ’

2112 3982 2345 4051 Iosephi.
2390 3974 2499 4036 Cor
2535 3989 2842 4049 temperans
2867 3977 3231 4032 doctrinarum
3286 3983 3476 4046 portus
3505 3983 3609 4028 est.

2112 4073 2230 4130 Non
2247 4072 2590 4142 exstirpatrix
2615 4070 3087 4140 perturbationum
3114 4077 3223 4136 est,
3247 4069 3340 4124 sed
3361 4065 3613 4121 adversa-

2044 4169 2149 4222 trix
2182 4166 2343 4220 ratio.

2117 4255 2382 4310 Philonis.
2425 4255 2562 4322 Quia
2623 4253 2778 4308 nobis
2827 4268 2937 4308 non
2990 4250 3302 4314 videntibus
3353 4250 3406 4304 in
3444 4247 3610 4303 animi
3689 4285 3692 4290 -

2044 4349 2224 4404 locum
2249 4349 2412 4402 intrat
2443 4345 2610 4410 Deus,
2639 4360 3004 4416 pra’paremus
3034 4343 3209 4397 locum
3245 4336 3419 4402 illum,
3451 4356 3612 4408 quam

2047 4441 2174 4495 licet
2211 4437 2640 4508 pulcherrimum
2682 4445 2735 4490 et
2766 4437 3018 4490 idoneum
3066 4433 3326 4496 maxime,
3373 4432 3611 4510 futurum

379 4533 769 4604 γενησόμενον.
822 4532 885 4586 Ei
932 4534 991 4590 δὲ
1041 4535 1139 4606 μὴ,
1194 4537 1418 4608 λήσεται
1467 4518 1814 4608 μεταναστὰς
1865 4543 1942 4604 εἰς

2052 4529 2149 4586 Dei
2173 4529 2565 4584 habitaculum.
2593 4526 2690 4579 Sin
2717 4539 2895 4585 secus.
2919 4521 3082 4577 nobis
3108 4537 3216 4576 non
3250 4518 3616 4575 sentientibus

380 4625 570 4694 ἕτερον
598 4620 749 4677 οἷκον
779 4625 808 4676 ὀ
841 4623 994 4688 Θεός.

457 4708 620 4778 Οἶκος
645 4714 780 4768 Θεοῦ
826 4713 991 4783 σοφοῦ
1034 4715 1261 4770 διάνοια·
1307 4717 1498 4771 τούτου
1532 4719 1779 4773 καλεῖται
1813 4718 1944 4781 Θεὸς

387 4806 534 4869 ἰδίως
561 4807 590 4860 ὁ
633 4806 743 4860 τῶν
776 4809 1128 4886 συμπάντων,
1162 4807 1236 4873 ὥς
1269 4825 1435 4880 φησιν
1461 4809 1492 4861 ὁ
1523 4804 1830 4882 προφήτης,
1871 4811 1945 4872 ὡς

383 4897 517 4961 Θεὸς
545 4899 914 4969 ἐμπεριπατεῖ
944 4896 1034 4954 οἷα
1062 4888 1342 4970 βασιλείῳ.

470 4989 796 5060 Ὀφθαλμοῖς
831 4983 931 5061 μὲν
976 4989 1047 5044 τὰ
1082 4992 1154 5046 ,ἐν
1182 4992 1399 5061 φανερῷ
1425 4992 1522 5044 καὶ
1568 4993 1639 5046 τὰ
1686 4994 1744 5047 ὲν
1792 4995 1950 5064 χερσὶ

385 5065 886 5150 καταλαμϐάνεταιο
933 5080 1194 5151 λογισμὸς
1223 5080 1280 5134 δὲ
1321 5082 1579 5152 ἀκέραιος
1614 5081 1804 5150 φθάνει
1857 5085 1948 5136 καὶ

386 5173 526 5244 πρὸς
548 5172 620 5226 τά
644 5173 848 5242 ἀόρατα
875 5173 971 5228 καὶ
1008 5173 1289 5245 μέλλοντα.

977 5350 1192 5404 ΛΟΓΟΣ
1233 5351 1363 5405 IIII'.

386 5485 529 5554 Περὶ
576 5485 824 5552 καρδίας
876 5481 1164 5552 πονηρᾶς,
1212 5484 1311 5538 καί
1344 5483 1695 5550 συνειδότος
1740 5482 1947 5541 κακοῦ.

472 5621 567 5674 Ἐκ
608 5619 718 5673 τῶν
771 5618 1021 5692 κρυφίων
1072 5635 1174 5687 μου
1205 5618 1503 5691 καθάρισόν
1555 5637 1648 5691 με,
1698 5620 1794 5673 καί⁸
1843 5621 1951 5676 ἀπὸ

389 5711 685 5780 ἀλλοτρίων
720 5712 905 5777 φεῖσαι
935 5706 1029 5762 τοῦ
1059 5708 1248 5763 δούλου
1276 5723 1392 5765 σου.

463 5802 880 5874 Διεστραμμένη
907 5801 1102 5874 καρδία
1131 5802 1469 5860 τεκταίνεται
1499 5806 1666 5860 κακά.

2048 4623 2102 4677 in
2143 4621 2304 4675 aliam
2336 4617 2561 4674 domum
2585 4615 2728 4670 Deus
2758 4613 3038 4684 migrabit.

2118 4711 2324 4768 Domus
2353 4709 2450 4765 Dei
2483 4705 2746 4779 cogitatio
2773 4705 3062 4776 sapientis,
3093 4718 3158 4758 ac
3191 4701 3356 4771 hujus
3392 4703 3613 4772 proprie

2049 4813 2271 4859 vocatur
2297 4802 2469 4868 Deus,
2497 4801 2592 4871 qui
2618 4800 3003 4856 universorum
3034 4804 3118 4852 est
3150 4796 3231 4869 (ut
3258 4796 3433 4863 inquit
3492 4809 3616 4868 pro-

2047 4897 2260 4968 pheta),
2284 4894 2429 4966 quod
2456 4893 2601 4948 Deus
2629 4902 2882 4961 tanquam
2915 4891 2966 4944 in
2997 4890 3143 4960 regia
3177 4889 3232 4942 in
3262 4902 3323 4941 ea
3355 4880 3614 4942 ambulet.

2117 4989 2306 5046 Oculis
2356 5002 2477 5058 qua:
2523 4994 2708 5054 aperta
2757 4993 2906 5051 sunt,
2961 4997 3189 5052 quaeque
3245 4979 3299 5034 in
3363 4981 3615 5036 manibus

2048 5090 2196 5146 sunt,
2214 5077 2751 5149 comprehenduntur
2781 5092 2798 5143 ;
2827 5076 2920 5130 sed
2948 5074 3087 5128 ratio
3123 5075 3336 5128 sincer‘a
3363 5085 3615 5144 penetrat

2049 5173 2214 5230 etiam
2243 5187 2365 5242 qua:
2395 5171 2498 5225 sub
2527 5169 2718 5225 oculos
2756 5182 2864 5220 non
2895 5169 3098 5220 cadunt
3122 5157 3176 5222 et
3205 5166 3387 5222 futura
3421 5178 3568 5223 sunt.

2306 5346 2538 5404 SERMO
2570 5344 2879 5401 LXXXVIII
2916 5343 3019 5418 [οι.
3063 5345 3372 5420 LXXXIII].

2119 5541 2131 5560 κ
2193 5485 2272 5540 De
2302 5485 2721 5552 corde‘versuto,
2745 5485 2909 5555 deque
2960 5485 3104 5541 mala
3136 5484 3472 5540 conscientia.

2129 5617 2279 5676 Psal.
2335 5635 2487 5674 xvm.
2532 5618 2610 5674 Ex
2649 5619 2889 5676 occultis
2935 5620 3073 5674 meis
3116 5632 3280 5688 purga
3312 5633 3420 5686 me,
3458 5615 3613 5673 etab

2055 5711 2250 5766 alienis
2279 5727 2440 5782 parce
2463 5727 2618 5766 servo
2639 5723 2753 5768 tuo.
2807 5777 2810 5779 Α

2121 5796 2283 5859 Prov.
2318 5820 2398 5863 vr.
2423 5801 2723 5861 Distortum
2745 5817 2840 5861 cor
2859 5797 3068 5864 perﬁcit
3095 5795 3258 5852 mala.
