4004 6252
486 401 620 464 1215

1718 381 2030 446 ΑΝΤΟΝΙΙ
2067 377 2412 440 MELISSE
2449 375 2454 381 ’

3565 361 3697 426 1216

479 516 781 586 νυςιυιηιιω
807 509 1102 565 occultabit
1128 519 1408 563 sermones
1455 507 1610 570 suos,
1653 511 1706 557 et
1739 501 2030 555 multorum

2158 496 2324 561 ,όγους
2347 486 2534 557 αὑτοῦ,
2565 487 2661 542 καὶ
2688 484 2844 556 χείλη
2877 480 3088 536 πολλῶν
3121 478 3510 548 ὲκδιηγήσεται
3544 477 3694 531 σύνε-

479 609 638 663 iabiis
671 603 1012 659 enarrabitur
1043 599 1328 671 prudentia
1359 597 1500 666 eius.

557 701 658 767 Qui
689 707 934 753 metuunt
967 695 1278 754 Dominum.
1315 698 1616 761 praeparant
1664 689 1873 742 animas
1899 698 2046 746 suas,

481 811 547 849 ac
579 795 630 847 in
662 799 951 859 conspectu
979 788 1094 855 ejus
1141 784 1502 840 humiliabunt
1545 781 1758 836 animas
1800 791 1952 842 suas,
1996 789 2051 834 et

488 889 708 944 lenitate
733 893 951 938 utentur
986 878 1157 949 usque
1201 878 1266 931 ad
1302 886 1514 946 tempus
1555 869 1882 944 visitationis
1910 867 2047 936 ejus.

544 1063 708 1142 248
737 1067 858 1128 Fili.
886 1067 1149 1148 siservire
1169 1060 1396 1116 Domino
1417 1056 1678 1120 instituis,
1703 1053 1769 1109 ad
1803 1050 2051 1107 tentatio—

477 1183 597 1220 nent
626 1165 867 1218 animum
909 1170 1058 1214 tuum
1099 1144 1395 1227 praeparato
1426 1168 1443 1208 :
1475 1161 1678 1205 rectum
1709 1161 1805 1202 cor
1832 1144 2049 1207 habeto,

476 1267 529 1312 et
554 1257 865 1326 perdurato.
1872 1281 1876 1295 .

551 1349 678 1402 Vide
704 1362 768 1400 ne
805 1344 1026 1399 festines
1054 1347 1297 1405 tempore
1335 1330 1658 1390 calamitatis
1689 1348 1705 1395 ;
1731 1333 2043 1397 exspectato

480 1442 746 1510 patienter
775 1439 969 1501 Deum,
989 1448 1052 1486 ac
1072 1430 1147 1484 illi
1171 1425 1548 1505 adbterescito,
1571 1432 1629 1476 ut
1657 1421 1721 1476 ad
1747 1429 2047 1496 extremum

481 1534 615 1586 bene
647 1529 739 1584 tibi
769 1528 944 1581 cedat.
1012 1561 1018 1570 ς

556 1621 800 1676 Lenitale
833 1622 885 1673 in
912 1613 1288 1689 respondendo
1311 1611 1493 1666 utitor.

551 1714 982 1782 Haudquaquam
1005 1675 1249 1762 'tarbabit
1285 1702 1544 1774 patientia
1576 1697 1672 1770 pii.

561 1807 720 1860 Eccli.
749 1822 802 1859 χ.
835 1802 937 1869 Qui
972 1799 1366 1870 perseverarint
1387 1809 1558 1864 usque
1578 1792 1632 1850 in
1671 1789 1856 1854 finem,
1889 1787 1936 1842 is
1967 1799 2056 1842 sa-
2086 1839 2092 1870 7,

388 1915 393 1928 '
488 1874 656 1952 lufem
715 1903 1096 1961 consequetur.

557 1983 686 2036 Luc.
720 1999 833 2036 xxx.
855 1980 1118 2036 Patientia
1149 1987 1324 2035 vestra
1355 1979 1608 2046 nitentes,
1637 1971 1908 2046 possidete
1927 1966 2050 2024 ani-

381 2151 384 2156 _
483 2093 600 2130 mas
625 2084 850 2129 VtPSlI'aS.

556 2166 744 2233 Ephes.
780 2157 864 2218 tv.‘
889 2162 1126 2218 Obsecro
1153 2177 1271 2227 vos,
1301 2159 1522 2223 fratres,
1548 2171 1647 2227 ego
1673 2155 1762 2225 qui
1805 2153 2053 2224 captivus

481 2274 598 2313 sum
627 2266 679 2310 et
710 2256 921 2310 vinctus
949 2251 1161 2308 Domini
1185 2253 1426 2314 nomine,
1459 2255 1540 2312 ut,
1586 2245 1746 2300 sicuti
1777 2250 1863 2297 est
1889 2255 2053 2296 voca.

481 2350 626 2403 tione
657 2346 1096 2416 vestra-dignum,
1125 2340 1411 2397 ambuletis
1432 2353 1556 2394 cum
1584 2336 1730 2390 omni
1760 2333 2048 2398 modestia,

485 2438 897 2494 nutusuetudine
942 2436 1268 2503 etJenitate,
1301 2435 1536 2510 ferentes
1574 2443 1670 2483 vos
1710 2427 1937 2481 invicem
1996 2425 2049 2479 in

486 2534 769 2586 citaritate.

557 2620 741 2674 Facite
762 2634 828 2673 ne
849 2625 1079 2673 vestram
1106 2617 1162 2670 in
1185 2593 1415 2669 dicendo
1433 2611 1737 2667 libertatem
1762 2604 2054 2671 amittatis,

486 2730 607 2784 qua:
627 2727 872 2780 magnam
901 2711 1061 2764 habet
1080 2708 1406 2762 mercedem.
1433 2702 1696 2761 Patientia
1721 2700 1866 2755 enim
1889 2696 2044 2752 vobis

489 2821 625 2874 Opus
645 2814 746 2866 est.
773 2814 833 2858 ut
855 2801 1114 2858 voluntati
1137 2800 1330 2855 divina:
1351 2797 1803 2866 obtemperantes,
1826 2790 2057 2862 promis-

423 2911 430 2919 '
490 2898 671 2950 siones
700 2895 1000 2964 accipiatis.

537 2988 754 3043 'Certus
800 2996 884 3042 est
925 3000 1147 3041 sermo:
1181 2984 1224 3039 si
1263 2980 1586 3038 commortui
1634 2994 1845 3043 smnus,
1863 2975 2054 3031 convi-

492 3095 680 3133 veluus
727 3079 936 3132 etiam:
993 3077 1037 3130 si
1082 3075 1321 3147 patimur
1384 3072 1684 3143 patienter,
1739 3085 1845 3124 una
1889 3069 2053 3126 etiam

494 3171 862 3239 reguabimus.

2152 605 2238 642 σιν
2267 585 2455 640 αὑτοῦ.

2220 685 2284 737 Ui
2317 679 2640 750 φοϐούμενοι
2681 676 2772 730 τὸν
2813 675 3015 745 Κύριον
3072 671 3420 738 έτοιμάσουσι
3454 661 3700 743 τὰς’-ψυ-

2149 777 2248 847 χὰς
2285 773 2501 835 αὐτῶν,
2547 771 2644 823 καὶ
2697 761 3127 820 ὲνώπιονταὺτοῦ
3171 758 3570 814 ταπεινώσουσι
3611 759 3696 820 τὰς

2147 866 2328 937 ψυχὰς
2358 861 2559 926 αὑτῶν,
2591 859 2689 914 καῖ
2715 857 3230 929 μακροῷυμήσουσιν
3259 853 3364 914 ἕως
3406 849 3696 918 ἐπισκοπῆς

2149 955 2336 1011 αὑτοῦ.
2614 960 2620 971 ¹

2221 1047 2442 1107 Τέκνον,
2483 1046 2534 1098 εί
2571 1043 2848 1114 προσέρχῃ
2895 1037 3170 1093 δουλεύειν
3207 1035 3287 1105 τῷ
3320 1033 3532 1102 Κυρίῳ,
3563 1030 3696 1082 ἑτοί-

2154 1157 2324 1210 μασον
2359 1137 2457 1208 τὴν
2507 1137 2686 1207 ψυχήν
2720 1152 2814 1188 σου
2869 1135 2949 1194 είς
2984 1131 3319 1202 πειρασμόνο
3353 1124 3579 1180 αὑθυνον
3608 1122 3698 1192 τὴν

2149 1230 2376 1299 καρδίαν
2409 1241 2534 1293 τσου,
2560 1228 2655 1283 καὶ
2682 1226 2848 1296 καρτέ
2860 1242 3044 1295 ρησον.

2222 1324 2315 1394 Μὴ
2347 1324 2592 1392 σπεύσῃς
2648 1323 2707 1374 ἐν
2765 1319 2950 1388 καιρῷ
3003 1313 3344 1382 ὲπαγωγῆςο
3397 1311 3580 1388 μεῖνον
3616 1306 3702 1376 τὴν

2149 1417 2450 1484 ἀναμονὴν,
2484 1415 2579 1467 καὶ
2639 1411 2934 1481 κολλήθητι
2991 1401 3160 1476 αὐτῷ,
3197 1405 3289 1458 καὶ
3324 1403 3400 1472 μὴ
3449 1400 3704 1468 ἀποστῇς,

2154 1508 2244 1562 ἵνα
2295 1503 2537 1575 αὑξηθῇς
2567 1503 2653 1557 ἐπ’
2681 1505 2926 1572 ἐσχάτων
2968 1506 3089 1552 σου.

2235 1600 2328 1653 Ἐν
2363 1597 2719 1670 μακροθυμίᾳ
2749 1597 2989 1664 φθέγγου
3024 1593 3340 1661 ἀπόκρισιν.

2224 1693 2299 1748 Οὑ
2343 1691 2417 1762 μὴ
2445 1689 2828 1759 καθυστερήσῃ
2860 1685 3107 1757 ὑπομονὴ
3149 1682 3426 1744 εὐσεϐοῦς.

2237 1785 2298 1838 ’0
2324 1783 2627 1855 ὑπομείνας
2661 1785 2743 1845 είς
2780 1781 2958 1846 τέλος,
2998 1773 3152 1839 οὗτος
3175 1778 3504 1848 σωθήσεται.

2229 1964 2318 2018 Ἐν
2334 1966 2402 2037 τῇ
2432 1964 2678 2034 ὑπομονῇ
2703 1961 2858 2031 ὑμῶν
2877 1959 3153 2032 κτήσασθε
3181 1961 3282 2021 τὰς
3311 1959 3495 2030 ψυχὰς
3527 1959 3704 2028 ὑμῶν.

2222 2139 2539 2212 Παρακαλῶ
2565 2139 2730 2204 ὑμᾶς,
2771 2135 3012 2204 ἀδελφοὶ,
3035 2134 3145 2203 ἐγὼ
3171 2137 3199 2188 6
3237 2135 3463 2202 δέσμιος
3499 2135 3563 2186 ἐν
3602 2134 3704 2188 Ku-

2155 2236 2276 2306 ρίῳ,
2322 2234 2487 2301 ἀξίως
2513 2231 2889 2303 περιπατῆσαι
2917 2229 3022 2299 τῆς
3052 2228 3298 2299 κλήσεως
3333 2223 3402 2299 ἦς
3432 2227 3698 2296 ἐκλήθητε,

2154 2326 2295 2396 μετὰ
2340 2327 2522 2390 πάσης
2582 2319 3084 2390 ταπεινοφροσύνης
3131 2321 3226 2372 καὶ
3264 2319 3586 2389 πραότητος,
3611 2334 3698 2385 μευ
3739 2335 3744 2338 ·

2150 2418 2222 2474 τά
2265 2401 2680 2496 μακροθυμίας,
2721 2398 3044 2485 ἀνεχόμενοι
3091 2409 3342 2479 ἀλλήλων
3393 2411 3456 2464 ὲν
3503 2411 3710 2481 ἀγάπη.

2223 2598 2316 2668 Μὴ
2341 2596 2656 2666 ἀποδάλητε
2681 2593 2782 2661 τὴν
2805 2586 3119 2658 παρρησίαν
3141 2585 3315 2654 ὑμῶν,
3331 2587 3457 2655 ἦτις
3489 2586 3606 2656 ἔχει
3630 2603 3716 2655 με-

2145 2691 2328 2760 -γάλην
2362 2686 2806 2758 μισθαποδοσίαν.
2845 2675 3158 2768 ’Υπομονῆς
3182 2677 3290 2746 γὰρ
3319 2676 3478 2747 ἔχετε
3509 2678 3718 2748 χρείαν,

2154 2781 2247 2836 ἵνα
2275 2783 2336 2835 τὸ
2366 2781 2576 2850 θέλημα
2600 2777 2696 2831 τοῦ
2729 2775 2868 2830 Θεοὺ
2897 2773 3250 2842 ποιήσαντες,
3280 2770 3591 2842 κομίσησθε
3622 2773 3718 2836 τὰς

2153 2874 2511 2942 ἐπαγγελίας.
3581 2929 3594 2949 δ

2227 2968 2424 3029 Πιστὸς
2462 2971 2492 3022 6
2539 2969 2716 3036 λόγος.
2765 2966 2831 3019 Ei
2860 2965 3475 3037 γάρσυναπεθάνομεν.
3505 2956 3602 3016 καὶ
3633 2978 3720 3015 συ-

2156 3061 2414 3132 ζήσομενο
2454 3064 2504 3116 εἰ
2530 3059 2898 3132 ὑπομένομεν,
2935 3062 3032 3114 καὶ
3079 3056 3617 3131 συμϐασιλεύσομεν.

563 3226 736 3316 διιιιιε
760 3241 1009 3330 gaudium
1035 3229 1358 3321 existimate,
1382 3254 1579 3311 fratres
1612 3251 2054 3322 mei'praedileeti,

2239 3241 2423 3292 Πᾶσαν
2451 3240 2630 3309 χαρὰν
2672 3238 2976 3309 ἡγήσασθε,
3014 3237 3234 3306 ἀδελφοί
3273 3253 3373 3306 μου
3422 3233 3719 3305 ἀγαπητοὶ,

499 3353 545 3407 si
582 3353 633 3424 in
663 3351 985 3406 tentatioues
1017 3348 1192 3404 varias
1232 3345 1552 3411 incideritis,
1595 3343 1727 3400 illud
1763 3359 1868 3396 non
1903 3343 2058 3412 igno-

495 3431 678 3500 rantes
705 3485 720 3509 ,
782 3442 1152 3513 probationem
1196 3441 1319 3495 fidei
1365 3447 1558 3493 vestrae
1596 3437 1866 3508 patientiae
1903 3435 2062 3488 elice-

493 3537 684 3589 tricem
734 3544 854 3589 esse
908 3549 925 3587 :
974 3532 1231 3602 patientia
1281 3539 1458 3584 autem
1509 3527 1818 3598 perfectum.
1870 3523 2062 3578 habeat

494 3642 654 3693 opus.
685 3627 736 3677 ut
772 3625 993 3693 perfecti
1021 3622 1143 3676 sitis
1163 3631 1219 3676 et
1241 3622 1457 3691 integri,
1486 3618 1628 3672 nulla
1653 3632 1716 3694 re.
1737 3617 2057 3684 indigentes.

566 3716 762 3770 Beatus
791 3715 881 3783 qui
915 3723 1154 3769 tentatur
1204 3721 1258 3768 et
1291 3711 1562 3782 patienter
1590 3709 1692 3762 fert
1726 3725 1740 3762 :
1780 3708 1904 3778 quia
1934 3719 2059 3774 pro-

495 3808 656 3862 batus
697 3823 819 3862 cum
881 3806 1064 3870 fuerit,
1115 3805 1238 3859 vitae
1287 3818 1545 3860 coronam
1596 3799 1848 3869 accipiet,
1895 3811 2057 3866 quam

499 3898 643 3955 Deus
675 3900 745 3955 iis
775 3899 1044 3970 promisit,
1075 3897 1168 3968 qui
1199 3897 1428 3966 diligunt
1456 3896 1656 3964 ipsum.

567 4071 627 4125 11
689 4072 831 4125 Patr.
897 4086 958 4127 tt.
992 4070 1104 4125 Hoc
1132 4070 1304 4141 gratia
1363 4077 1466 4132 est,
1535 4068 1582 4123 si
1613 4068 1751 4121 bona
1780 4066 2060 4122 cousclen-
2091 4127 2099 4134 ν

498 4166 569 4218 tia
603 4165 726 4233 quis
752 4164 965 4219 dolores
991 4163 1226 4233 patiatur
1269 4161 1475 4230 inique.
1521 4159 1653 4226 Quae
1699 4160 1841 4215 enim
1887 4159 2058 4228 gloria

495 4267 602 4320 est,
666 4259 708 4311 si
764 4265 1051 4326 peccantes
1095 4253 1339 4324 colaphis
1381 4253 1649 4308 caeditnini
1689 4263 1742 4306 et
1773 4251 2060 4322 patimini?

496 4347 602 4402 Sed
627 4349 671 4402 si
695 4347 1095 4402 benefacientes
1112 4343 1341 4398 cruciati
1366 4344 1630 4413 patienter
1652 4342 1828 4406 fertis,
1845 4343 1900 4397 id
1927 4357 2060 4397 sane

493 4449 707 4512 gratum
734 4446 819 4494 est
849 4437 980 4493 Deo.

568 4532 622 4586 Si
652 4532 830 4600 justus
859 4531 950 4585 vix
979 4529 1209 4584 salutem
1256 4527 1630 4598 consequitur,
1675 4525 1974 4602 sceleratus
2001 4533 2058 4581 et

496 4624 696 4693 impius
729 4624 818 4677 ubi
847 4621 1222 4691 comparebit?

567 4707 624 4770 S.
644 4715 864 4786 Ignatii.
881 4713 1137 4768 Firmiter
1157 4714 1284 4768 dum
1307 4709 1554 4774 caaderis,
1580 4718 1640 4765 ut
1687 4711 1846 4767 incus
1891 4719 2055 4766 stato.

495 4805 755 4859 Generosi
786 4813 868 4857 est
898 4803 1112 4856 athletae
1140 4801 1271 4856 caedi
1297 4811 1353 4856 et
1383 4801 1632 4856 vincere:
1666 4804 1899 4856 maxime
1929 4817 2059 4856 vero

493 4907 716 4966 promer
749 4896 916 4948 Deum
971 4893 1128 4948 nobis
1161 4884 1342 4946 o'muia
1402 4891 1626 4946 ferenda
1653 4902 1801 4956 sunt,
1838 4902 1894 4946 ut.
1939 4893 2056 4962 ipso

410 5010 414 5014 -
495 5002 593 5058 no;
621 4985 773 5040 ferat.

568 5078 846 5132 Patienter
888 5076 980 5131 alii
1013 5075 1150 5130 alios
1179 5090 1301 5130 cum
1333 5073 1748 5130 mansuetudine
1788 5073 2058 5144 patimini,

469 5178 557 5241 [ut
578 5183 793 5237 semper
825 5167 963 5224 Deus
991 5183 1089 5222 vos
1115 5168 1317 5222 leuiter.
1340 5167 1496 5220 ferat.

565 5260 634 5317 S.
657 5259 866 5314 Basilii.
902 5260 1005 5326 Qui
1025 5260 1352 5318 demissione
1375 5258 1539 5313 animi
1559 5273 1684 5314 suas
1704 5258 2058 5328 cogitationes

495 5353 886 5426 prremuuierit,
921 5354 1062 5422 apud
1097 5353 1262 5407 Deum
1295 5351 1474 5406 minus
1502 5351 1785 5406 dedecoris
1815 5351 2056 5406 inveniet

492 5465 653 5518 quam
699 5461 882 5502 revera
914 5446 1110 5500 habent
1140 5463 1154 5498 :
1187 5461 1252 5502 ac
1275 5460 1343 5500 ex
1371 5444 1628 5514 patientia
1660 5443 1765 5499 sibi
1797 5458 2054 5498 coronam

493 5543 724 5610 parabit,
757 5540 983 5595 alterius
1011 5540 1275 5593 insaniam
1299 5542 1413 5593 sua:
1444 5537 1754 5592 securitatis
1784 5545 1839 5590 et
1861 5530 2062 5606 quietis
2089 5575 2094 5582 -

494 5647 714 5687 causam
745 5633 970 5687 facitns.

511 5745 514 5748 ~
567 5721 702 5774 Cum
739 5723 904 5792 igitur
929 5725 995 5776 ad
1026 5720 1269 5777 convicia
1300 5721 1564 5787 incitaris,
1593 5723 1764 5791 teipse
1812 5723 1865 5775 iu
1906 5721 2053 5792 judi-

495 5805 638 5863 ciqu
678 5812 967 5886 adductum
1008 5811 1317 5866 existimato
1350 5828 1365 5866 :
1399 5821 1581 5867 utrum
1629 5812 1695 5866 ad
1742 5813 1910 5867 Deum
1963 5830 2059 5882 per

2158 3332 2286 3385 ὅταν
2309 3331 2636 3399 πειρασμοῖς
2689 3330 3035 3398 περιπέσητε
3097 3327 3386 3385 ποικίλοις,
3426 3325 3723 3392 γινώσκον-

2159 3441 2253 3487 τες
2294 3425 2382 3476 ὅτι
2420 3423 2665 3493 δοκίμιον
2700 3421 2854 3492 ὑμῶν
2896 3421 2992 3488 τῆς
3035 3418 3270 3478 πίστεως
3320 3416 3723 3485 κατεργάζεται

2137 3515 2476 3585 οὑπομονὴν,
2535 3515 2570 3584 ἡ
2621 3515 2680 3568 δὲ
2735 3513 2984 3584 ὑπομονὴ
3040 3513 3204 3582 ἔργον
3253 3509 3459 3562 τέλειον
3503 3508 3725 3588 ἐχέτω,

2155 3611 2248 3677 ,ἵνα
2297 3606 2395 3680 ἦτε
2446 3610 2641 3664 τέλειοι
2693 3610 2790 3664 καὶ
2839 3607 3147 3676 ὁλόκληροι,
3203 3610 3262 3660 ὲν
3317 3603 3502 3675 μηδενὶ
3527 3600 3729 3660 λειπό-

2161 3708 2334 3770 μενοιι

2229 3791 2517 3861 Μακάριος
2544 3791 2684 3862 ἀνὴρ
2715 3791 2775 3856 ὃς
2806 3793 3072 3860 ὑπομένει
3106 3788 3433 3860 πειρασμόν
3470 3787 3552 3840 ὅτι
3582 3786 3731 3838 δόκι-

2173 3899 2270 3952 μος
2310 3883 2599 3952 γενόμενος
2624 3883 2853 3955 λήψεται
2882 3885 2971 3936 τὸν
3003 3884 3263 3948 στέφανον
3306 3884 3405 3950 τῆς
3451 3879 3622 3948 ζωῆς.
3667 3877 3727 3930 δν

2159 3975 2527 4045 ἐπηγγείλατο
2564 3979 2591 4030 6
2616 3975 2748 4039 Θεδς
2779 3977 2892 4037 τοῖς
2922 3975 3210 4043 ἀγαπῶσιν
3239 3974 3422 4027 αὑτὸν.

2243 4067 2418 4123 Τοῦτο
2466 4069 2656 4140 χάρις,
2695 4068 2744 4120 ει
2799 4067 2886 4121 διὰ
2946 4066 3246 4136 συνείδησιν
3313 4066 3530 4133 ἀγαθὴν
3597 4067 3724 4118 ὑπο-

2160 4163 2314 4232 φέρει
2369 4179 2456 4224 τις
2516 4160 2733 4222 λύπας,
2790 4159 3013 4228 πάσχων
3060 4158 3302 4227 κάδίκως.
3363 4159 3525 4210 Ποῖον
3600 4157 3722 4225 ὑμῖν

2158 4254 2334 4322 κλέος,
2369 4253 2417 4306 εί
2463 4252 2868 4323 ἁμαρτάνοντες
2901 4251 2994 4303 καὶ
3045 4250 3470 4320 κολαφιζόμενοι
3524 4249 3720 4318 ὑπομέ-

2159 4361 2277 4399 νετε
2303 4361 2320 4412 ;
2365 4343 2506 4398 Ἀλλ’
2540 4346 2589 4397 εἰ
2648 4342 3105 4410 ἀγαθοποιοῦντες
3137 4342 3228 4396 καὶ
3258 4343 3566 4411 πάσχοντες
3595 4345 3712 4394 ὑπο-

2161 4436 2376 4507 μένετε,
2420 4435 2580 4489 τοῦτο
2611 4436 2771 4504 χάρις
2800 4434 2951 4503 παρὰ
2983 4433 3123 4502 Θεῷ.
3213 4496 3231 4508 ⁵

2241 4526 2304 4579 El
2358 4525 2388 4578 6
2418 4525 2626 4588 δίκαιος
2673 4523 2827 4593 μόλις
2886 4521 3145 4588 σώζεται,
3192 4523 3222 4573 6
3270 4523 3600 4592 ἁμαρτωλὸς
3627 4523 3719 4575 καὶ

2157 4617 2360 4688 ἀσεϐὴς
2388 4617 2492 4692 ποῦ
2520 4618 2770 4684 φανεῖται
2793 4633 2809 4682 ;
2845 4668 2848 4673 ,
3033 4678 3038 4684 ί

2247 4710 2425 4777 Στῆκε
2451 4708 2527 4772 ὡς
2565 4707 2758 4778 ἄκμων
2801 4708 3159 4778 τυπτόμενος.
3195 4708 3456 4774 Μεγάλου
3486 4705 3729 4776 ἀθλητοῦ

2161 4800 2282 4852 ἔστι
2311 4799 2568 4873 δέρεσθαι
2619 4801 2716 4852 καὶ
2748 4800 2942 4870 νικᾷν·
2989 4798 3224 4868 μάλιστα
3263 4799 3321 4850 δὲ
3368 4800 3573 4866 ἕνεκεν,
3589 4799 3731 4850 Θεοῦ

2163 4891 2340 4944 πάντα
2391 4893 2537 4961 ἡμᾶς
2593 4890 2884 4961 ὑπομένειν
2932 4889 3034 4955 δεῖ,
3090 4890 3176 4942 ἵνα
3229 4891 3325 4943 καὶ
3379 4891 3540 4953 αὐτὸς
3575 4892 3731 4960 ἡμᾶς

2165 4982 2269 5036 ὑπο
2277 4982 2455 5055 μείνῃ.
3409 5029 3421 5039 .

2245 5072 2666 5142 Μακροθυμεῖτε
2723 5061 2849 5141 μετ”
2886 5069 3127 5141 ἀλλήλων
3161 5073 3222 5123 ὲν
3256 5073 3554 5143 πραΰτητι,
3588 5071 3667 5135 ὡς
3699 5075 3728 5124 6

2162 5163 2292 5226 Θεὸς
2325 5152 2452 5233 ’μεθ’
2485 5163 2646 5234 ἡμῶν
2677 5163 2992 5224 διαπαντός.

2248 5255 2310 5309 '0
2369 5258 2434 5327 τῇ
2499 5258 2971 5328 ταπεινοφροσύνῃ
3008 5260 3133 5320 τοὺς
3169 5256 3366 5310 ἑαυτοῦ
3425 5255 3731 5327 λογισμοὺς

2159 5345 2564 5414 προκατασχὼν
2597 5345 2779 5398 πᾶσαν
2810 5348 3037 5416 ἀτιμίαν
3079 5339 3339 5400 ἐλάττονα
3373 5348 3601 5417 εὑρήσει
3629 5347 3730 5415 τῆς

2159 5436 2463 5506 ἀληθείας-⁸
2499 5438 2595 5492 καὶ
2638 5438 2731 5492 τὸν
2783 5440 2892 5493 ἀπὸ
2936 5442 3035 5510 τῆς
3083 5439 3368 5510 ὑπομονῆς
3401 5441 3731 5511 προξενήσιι

2159 5529 2337 5599 ἑαυτῷ
2370 5529 2633 5596 στέφανον
2662 5571 2678 5594 ,
2729 5530 2829 5599 τὴν
2866 5531 3056 5601 ἑτέρου
3115 5530 3314 5598 μανίαν
3347 5533 3610 5602 ἀφορμὴν
3647 5529 3732 5582 σί-

2160 5638 2221 5673 κε
2231 5621 2313 5684 ίας
2346 5621 2648 5690 ἀσφαλείας
2679 5621 3021 5692 ποιούμενος.

2249 5714 2315 5767 Ὃ
2373 5713 2437 5784 Π.
2495 5706 2650 5784 atavi
2710 5713 2804 5768 οὑν
2857 5732 2938 5767 σοι
2984 5715 3190 5785 κινηθῇ
3223 5717 3253 5768 6
3299 5717 3400 5787 τῆς
3447 5715 3727 5788 λοιδορίας

2164 5810 2494 5880 πειρασμὸς,
2551 5808 2738 5881 νόμιζε
2777 5808 3054 5878 κρίνὲσθαι
3114 5810 3305 5862 ἑαυτὸν
3355 5811 3586 5876 πότερον
3637 5797 3730 5864 δια
