4004 6252
309 276 442 342 ιρι-ι
495 292 498 294 ⁷

1005 279 1176 350 LOCI
1212 277 1650 342 COMMUNES.
1686 300 1760 316 ο·-
1796 278 1991 339 PARS
2033 280 2118 340 ΙΙ.
2150 279 2407 342 SERMO
2447 279 2770 344 LXXXIX.

3330 359 3336 364 η
3395 244 3537 349 1213

311 391 690 464 μακροθυμίας
725 395 1122 478 προσχωρήσῃς
1151 393 1229 462 τῷ
1259 393 1400 465 Θεῷ,
1436 393 1470 463 ἦ
1499 393 1588 446 διὰ
1631 392 1738 460 τῆς»
1773 391 1866 462 όρ‹

1982 392 2250 448 lenitatem
2299 409 2622 451 accessurus
2663 397 2766 462 sis,
2821 410 2889 450 an
2945 391 3042 466 per
3088 391 3420 454 iracundiam
3469 398 3536 452 al

305 485 406 555 γῆς
437 487 742 558 ἀποτρέχῃς
774 475 908 558 πρὸς
939 485 1034 539 ιτὺν
1060 486 1376 540 ἀντίπαλον.

397 577 523 636 Τοῖς
555 577 837 629 εὐσεϐέσιν
862 578 1185 642 ἀγωνισταῖς
1213 574 1502 648 προλαϐὼν
1523 577 1551 629 6
1578 576 1865 646 προφήτης

305 666 594 733 ὑπέδειξεν
625 670 682 722 ἐν
713 669 854 740 ἀρχῇ
884 669 978 722 τοῦ
1018 667 1238 740 ψαλμοῦ
1288 667 1350 721 τὸ
1387 667 1652 738 μακάριον
1685 669 1862 733 τέλος.

307 762 398 814 ἵνα
433 765 520 833 ’τῇ
576 761 753 815 ἑλπίδι
790 761 896 814 τῶν
928 761 1309 837 ἀποκειμένων
1358 760 1580 828 ἀγαθῶν
1640 756 1864 825 ἀλύπως

214 875 224 883 ·
307 854 406 907 τοῦ
454 854 570 925 βίου
613 855 682 908 τὰ
713 855 934 923 ἀλγεινὰ
965 855 1239 924 φέρωμεν·
1269 852 1414 907 οὑτω
1439 854 1535 908 καὶ
1560 854 1864 926 ὁδοιπόροις

306 950 571 1018 τραχεῖαν
599 948 723 1001 ὁδὸν
753 948 1145 1019 πορευομένοις
1173 951 1267 1001 καὶ
1312 945 1581 1000 δύσϐατον
1618 946 1864 1015 κουφίζει

305 1040 399 1091 τὸν
427 1039 645 1110 μόχθον,
677 1038 984 1107 ἐπιτήδειον
1035 1039 1222 1101 αὐτοῖς
1270 1037 1641 1108 προσδοκηθὲν
1695 1054 1885 1092 κατα-·

304 1130 529 1199 γώγιον.
568 1131 658 1184 Διδ
693 1131 788 1184 καὶ
813 1133 841 1184 6
880 1131 1056 1194 κοινὸς
1086 1131 1178 1184 τοῦ
1210 1129 1674 1202 βίου’διορθωτὴς,
1707 1133 1734 1183 ό
1762 1131 1863 1202 μὲ-

302 1239 409 1292 γας
447 1221 788 1285 διδάσκαλος,
821 1224 882 1274 τὸ
911 1221 1145 1291 Πνεῦμα
1177 1221 1277 1290 τῆς
1329 1222 1586 1292 ἀληθείας
1615 1263 1631 1288 ,
1669 1223 1849 1290 σοφῶς

303 1313 404 1380 ,καὶ
434 1314 693 1384 ἐντέχνως
727 1315 853 1376 τοὺς
897 1314 1123 1384 μισθοὺς
1180 1314 1534 1384 προεϐάλετο,
1569 1313 1658 1367 ῐνα
1691 1315 1863 1386 ὑπερ-

309 1405 608 1468 κύπτοντες
631 1407 755 1467 τοὺς
782 1406 840 1456 ὲν
867 1404 1030 1475 χερσὶ
1079 1403 1305 1472 πόνους,
1346 1407 1412 1476 τῇ
1460 1405 1672 1475 διανοίᾳ
1717 1407 1857 1477 πρὸς

290 1488 408 1568 ’τὴν
448 1481 746 1556 ἀπόλαυσιν
779 1499 885 1552 τῶν
934 1497 1167 1552 αἰωνίων
1216 1499 1438 1566 ἀγαθῶν
1491 1498 1863 1570 ἐπειγώμεθα.

378 1593 454 1644 Οὐ
478 1593 586 1662 γὰρ
607 1595 634 1644 6
657 1592 878 1661 ἀπορῶν
901 1591 1008 1644 τῶν
1035 1575 1348 1661 ἀναγκαίων
1372 1593 1718 1662 καρτερικὸς,
1749 1591 1865 1654 ἀλλ’

308 1687 338 1739 6
386 1688 443 1739 ἒν
496 1684 728 1754 ιὶφθονίςι⁸
781 1683 882 1754 τῆς
934 1685 1285 1747 ἀπολαύσεως
1339 1684 1694 1756 ὲγκαρτερῶν
1749 1686 1865 1749 τοῖς

305 1779 527 1843 δεινοῖς.
630 1840 634 1850 Ι

383 1873 679 1942 Σωφρόνων
718 1869 932 1940 ἀνδρῶν
977 1870 1038 1924 τὸ
1089 1870 1164 1940 μὴ
1208 1871 1473 1934 κινδύνοις
1526 1873 1874 1944 ὲπιρῤίπτειν

310 1963 562 2026 ἑαυτούς’
593 1962 858 2030 γενναίων
889 1960 946 2014 δὲ
987 1961 1082 2015 καὶ
1111 1960 1414 2032 φιλοσόφων
1444 1962 1505 2017 τὸ
1531 1965 1872 2034 ἐμπεσόντας

243 2115 258 2131 ,
318 2061 506 2128 φέρειν
535 2055 816 2124 γενναίως.
1792 2127 1808 2140 ,

395 2149 549 2204 Ἔστι
581 2167 636 2203 τι
665 2151 818 2220 παρὰ
843 2147 920 2215 τῷ
953 2147 1108 2218 μύθῳ
1127 2149 1311 2217 φυτὸν,
1343 2148 1370 2201 ὃ
1401 2148 1583 2204 θάλλει
1605 2151 1873 2220 τεμνόμε-

303 2259 427 2310 νον,
465 2243 558 2296 καὶ
611 2243 748 2312 πρὸς
796 2241 887 2295 τὸν
920 2239 1137 2310 σίδηρον
1171 2241 1522 2310 ἀγωνίζεται,
1560 2245 1655 2297 καὶ
1689 2244 1761 2316 (εί
1792 2246 1873 2299 δεῖ

310 2336 555 2404 ποιητῶν
613 2332 930 2405 μεμνῆσθαι
974 2334 1158 2403 λόγου)
1195 2333 1410 2401 θανάτῳ
1456 2333 1546 2404 ζῇ,
1600 2338 1696 2392 καὶ
1728 2340 1870 2408 τομῇ

307 2427 531 2494 φύεται,
565 2427 661 2479 καὶ
717 2424 941 2490 αὔξεται
987 2423 1398 2492 δαπανώμενον.
1451 2425 1637 2479 Ταῦτα
1685 2427 1784 2496 μὲν
1816 2429 1872 2482 ’ὁ

312 2518 504 2583 μῦθος,
555 2516 648 2570 καὶ
687 2517 722 2583 ἠ
771 2515 1068 2584 αὑτονομία
1121 2516 1214 2568 τοῦ
1268 2517 1584 2584 πλάσματος
1617 2536 1631 2550 ο
1665 2521 1786 2590 ἐμοὶ
1812 2521 1872 2576 δὲ

305 2607 461 2658 δοκεῖ
496 2605 682 2673 σαφῶς
712 2604 922 2658 τοιοῦτο
955 2600 1098 2659 εἷναί
1125 2621 1178 2658 τι
1212 2603 1241 2655 6
1281 2604 1594 2673 φιλόσοφος,
1625 2608 1683 2671 ὃς
1721 2611 1870 2663 εὐδο-

316 2699 635 2767 κιμεῖποῖς
694 2696 916 2758 πάθεσι,
967 2696 1059 2749 καὶ
1111 2694 1243 2765 ὕλην
1303 2697 1503 2766 ἀρετῆς
1547 2701 1781 2752 ποιεῖται
1803 2701 1872 2754 τὰ

308 2789 566 2859 λυπηρὰ,
606 2789 704 2843 καὶ
747 2790 861 2851 τοῖς
909 2789 1173 2850 ἐναντίοις
1225 2789 1715 2856 ὲγκαλλωπίζεται,
1771 2793 1873 2863 μή·

306 2899 369 2935 τε
414 2883 524 2943 τοῖς
563 2879 756 2946 δεξιοῖς
787 2878 974 2942 ὅπλοις
1021 2880 1120 2949 τῆς
1164 2879 1516 2949 δικαιοσύνης
1545 2881 1861 2952 αἰρόμενος,

313 2973 604 3041 μήτε.τοῖς
631 2971 942 3040 ἀριστεροῖς
969 2972 1380 3041 καμπτόμενοςο
1412 2973 1530 3026 ἀλλ’
1558 2977 1586 3028 6
1619 2976 1780 3038 αὑτὸς
1812 2979 1870 3030 ὲν

1965 485 2339 544 adversarium
2369 502 2642 543 recurras.

2047 575 2209 646 249
2230 575 2340 632 Piis
2388 579 2746 633 certatoribus
2813 579 3079 650 Propheta
3141 581 3264 636 inde
3313 597 3342 636 a
3390 582 3545 652 prin-

1972 667 2114 736 cipio
2141 667 2342 724 Psaltni
2376 670 2730 725 beatitudinis
2763 671 2922 748 finem
2957 674 3216 740 ostendit,
3274 683 3329 727 ιιι
3377 675 3544 728 hono-

1965 775 2082 816 rum
2107 776 2200 829 spe
2228 760 2534 817 futurorum
2570 764 2844 819 molestias
2873 765 2994 821 vitae
3049 779 3156 819 non
3211 776 3429 836 gravate
3467 766 3545 821 fe-

1972 869 2180 908 ramus.
2233 853 2324 909 Sit-
2354 865 2406 909 et
2438 856 2540 911 iter
2599 855 2913 912 facientium
2963 859 3202 914 laborem
3246 875 3450 929 aspera:
3491 871 3546 913 et

1964 945 2254 1002 salebrosa
2281 947 2378 1002 via:
2405 948 2545 1002 levat
2573 951 2842 1005 commodi
2875 953 3207 1020 exspectatio
3229 953 3541 1007 diversorii.

1964 1034 2232 1101 Quocirca
2269 1039 2574 1094 communis
2599 1041 2724 1094 vita:
2747 1053 2944 1105 rector,
2988 1053 3044 1098 et
3076 1059 3306 1113 magnus
3355 1045 3546 1099 doctor

1963 1126 2206 1198 Spiritus
2236 1131 2325 1187 ille
2347 1131 2611 1196 veritatis,
2633 1133 2908 1202 sapienter
2935 1144 2987 1188 et
3016 1148 3131 1191 arte
3161 1137 3393 1191 maxima
3411 1141 3548 1205 prac-

1966 1223 2072 1276 mia
2105 1225 2405 1294 proposuit,
2437 1235 2496 1280 ut
2527 1225 2668 1280 ultra
2702 1225 2915 1282 labores
2933 1227 3218 1292 etldolores
3247 1238 3547 1298 praesentes

1967 1315 2382 1385 prOspicientes,
2399 1317 2733 1386 cogitatione
2751 1335 3107 1391 properemus
3130 1322 3198 1376 ad
3217 1323 3548 1392 sempiterna

1949 1407 2105 1492 bona
2139 1407 2484 1480 perfruenda.
2516 1437 2519 1440 -

2033 1591 2152 1648 Non
2169 1591 2310 1654 enim
2332 1608 2511 1649 rerum
2529 1595 2958 1652 necessariarum
2979 1611 3144 1668 egens
3165 1597 3378 1666 patiens
3424 1604 3504 1652 est
3527 1638 3544 1664 ,

1970 1682 2066 1740 sed
2089 1681 2184 1754 qui
2216 1682 2269 1738 in
2303 1682 2636 1740 abundantia
2693 1685 3034 1756 voluptatum
3062 1685 3265 1778 perfert
3323 1685 3545 1744 malum.

2043 1859 2483 1927 Temperantium
2509 1869 2725 1918 estnon
2761 1865 2897 1920 sein
2957 1866 3197 1936 pericula
3248 1867 3553 1936 conjicere:

1975 1952 2071 2008 sed
2104 1952 2324 2008 fortium
2345 1961 2399 2008 et
2425 1955 2867 2026 philosophorum
2883 1968 2988 2024 est,
3010 1959 3058 2014 si
3074 1959 3380 2026 inciderint,
3404 1958 3546 2016 ferre

1933 2034 1942 2044 ’
1973 2041 2202 2100 fortiter.

2053 2135 2315 2207 Theologt'.
2342 2137 2440 2194 Est
2463 2139 2518 2194 in
2550 2139 2748 2195 fabulis
2769 2179 2786 2204 ,
2818 2141 3056 2210 plantam
3089 2143 3378 2214 quamdam
3406 2157 3548 2202 esse.
3624 2138 3638 2153 ⁸

1971 2241 2092 2295 quze
2123 2243 2244 2281 cum
2276 2228 2537 2285 inciditur
2599 2230 2884 2301 germinet,
2936 2249 3166 2304 qumque
3219 2249 3341 2294 cum
3400 2234 3547 2289 ferro

1973 2329 2182 2373 certare
2216 2320 2449 2388 dicatur,
2482 2337 2545 2376 ac
2578 2311 2623 2376 si
2675 2333 2955 2391 poetarum
2995 2328 3164 2380 'mora
3211 2326 3358 2402 loqui
3391 2327 3540 2386 licet.

1971 2425 2090 2480 qua:
2124 2420 2294 2464 mmte
2327 2413 2489 2474 vivat,
2517 2422 2568 2466 et
2592 2412 2856 2467 incisione
2875 2427 3153 2475 nascatur.
3201 2427 3252 2471 et
3296 2430 3548 2470 consum-

1953 2503 2166 2572 ,ptione
2200 2489 2487 2574 augeatur:
2517 2503 2664 2560 Talis
2697 2505 2826 2559 mihi
2850 2507 3060 2561 videtur
3108 2522 3230 2563 esse
3252 2511 3466 2579 sapiens
3496 2520 3551 2564 et

1973 2593 2346 2662 philosophus,
2383 2595 2475 2664 qui
2498 2596 2550 2648 in
2575 2597 3076 2663 perturbationibus
3097 2599 3396 2654 claritatem
3415 2614 3549 2653 con-

1972 2681 2218 2750 sequitur
2256 2699 2274 2750 ;
2305 2684 2390 2738 cui
2419 2685 2635 2740 virtutis
2671 2687 2893 2740 materia
2937 2693 3019 2741 est
3049 2687 3316 2752 molestia,
3370 2699 3424 2742 et
3448 2689 3547 2742 atl-

1971 2773 2143 2828 versis
2175 2776 2418 2830 ornatior
2449 2774 2708 2840 redditur,
2744 2791 2846 2832 nec
2865 2777 3344 2845 dexterisjustitire
3377 2780 3546 2835 armis

1971 2866 2206 2930 tollitun,
2256 2883 2358 2923 nec
2404 2869 2643 2923 sinistris
2702 2868 2936 2925 ﬂectitur
2991 2880 3082 2924 aut
3131 2869 3412 2938 dejicitur,
3452 2873 3545 2926 sed

1973 2957 2114 3013 idem
2139 2973 2351 3029 semper
2377 2971 2556 3016 manet
2580 2977 2684 3016 non
2718 2961 2932 3027 iisdem,
2955 2973 3048 3019 aut
3065 2963 3227 3019 etiam
3245 2964 3552 3035 probatior,

309 3065 426 3126 τοῖς
457 3063 558 3116 οὑκ
589 3065 771 3124 αὑτοῖς
801 3063 1072 3134 διαμένων
1118 3066 1228 3134 ἀεὶ,
1276 3065 1309 3132 ἢ
1358 3069 1454 3119 καὶ
1481 3067 1868 3137 δοκιμώτερος,
1897 3074 1942 3134 C
1973 3051 2424 3122 (ιυθιηθάωοάυιη
2453 3067 2643 3108 aurum
2697 3054 2752 3109 in
2780 3054 3020 3112 Γοτηδθθδ

307 3153 500 3224 ὥσπερ
532 3155 589 3207 ἐν
616 3155 830 3224 καμίνῳ
858 3154 1076 3225 χρυσὸς,
1109 3156 1522 3226 εὑρισκόμενος.

381 3247 598 3301 Βέλτιον
627 3247 720 3300 τοῦ
755 3248 953 3316 τάχους
990 3249 1024 3318 ἡ
1063 3248 1416 3323 μακροθυμία
1441 3289 1459 3317 ,
1499 3253 1596 3305 καὶ
1641 3251 1742 3320 τῆς
1775 3252 1872 3306 αὑ-

308 3339 529 3402 θαδείας
557 3341 592 3409 ἡ
619 3341 1051 3407 συγκατάδασις.

401 3433 632 3503 Ἀγαθὸν
661 3434 994 3504 χρηστότητι
1039 3434 1195 3506 νικᾷν
1226 3435 1538 3505 θρασύτητα
1563 3477 1580 3502 ,
1603 3435 1712 3496 ,καὶ
1750 3435 1875 3506 βελ-

308 3527 464 3589 τίους
489 3528 662 3580 ποιεῖν
685 3527 813 3588 τοὺς
843 3524 1186 3591 ἀδικοῦντας,
1219 3522 1302 3592 οἷς
1345 3528 1722 3600 καρτεροῦμεν
1754 3531 1866 3584 πά-

289 3633 559 3688 ’σχοντες.
661 3661 670 3672 .

383 3707 552 3762 Οὐδὲν
584 3708 934 3780 ἰσχυρότερον
967 3708 1076 3761 τῶν
1108 3693 1290 3762 πάντα
1320 3709 1512 3779 φέρειν
1540 3709 1798 3780 ἑτοίμων.

395 3802 650 3871 ’Δργοῦσι
700 3802 794 3854 καὶ
837 3801 886 3853 οί
931 3799 1010 3870 τῷ
1059 3801 1250 3869 κόσμῳ
1293 3801 1749 3869 προστετηκότες,
1778 3802 1873 3857 καὶ

306 3894 492 3964 πολλῷ
550 3892 712 3948 πλέον
762 3893 840 3964 τῷ
891 3893 1011 3962 Θεῷ
1050 3892 1410 3944 δουλευόντων
1455 3906 1470 3922 ·
1500 3892 1634 3946 ἀλλὰ
1685 3893 1872 3962 μισθὸς

307 3988 496 4051 αὑτοῖς
523 3988 583 4042 τὸ
610 3986 813 4054 ἀλγεῖν·
848 3986 980 4056 ἡμῖν
1013 3984 1070 4037 δὲ
1097 3985 1194 4038 καὶ
1221 3984 1282 4038 τὸ
1314 3985 1544 4056 πάσχειν
1576 3985 1867 4056 ἔμμισθον,

305 4084 438 4136 ὅταν
465 4081 552 4133 διὰ
587 4080 679 4134 τὸν
706 4079 837 4132 Θεὸν
865 4076 1264 4148 καρτερῶμεν.-

377 4171 487 4244 “Μὴ
521 4170 804 4241 γενώμεθα
832 4170 1008 4222 δοῦλοι
1038 4167 1220 4230 κακοὶ,
1269 4167 1593 4236 ἀγαθὺνοντι
1628 4167 1727 4236 μὲν
1756 4167 1869 4233 ἐξο-

247 4281 256 4298 ¹
311 4265 705 4339 μολογοὺμενοι
725 4263 802 4332 τῷ
828 4262 1072 4333 Δεσπότῃ
1096 4278 1108 4291 ·
1143 4259 1448 4313 παιδεύοντι
1478 4260 1556 4324 δὲ,
1591 4262 1665 4330 μὴ
1698 4277 1868 4332 προσο

2044 3229 2233 3286 Melior
2262 3232 2461 3290 lenitas
2481 3234 2780 3303 celeritate,
2804 3245 2860 3292 et
2887 3249 3190 3293 consensus
3219 3251 3381 3307 quam
3410 3252 3541 3294 eon-

1971 3327 2234 3380 tumacia.
2365 3395 2368 3398 ἢ

2045 3415 2184 3474 Utile
2213 3429 2297 3473 est
2328 3418 2609 3474 audaciam
2643 3419 3066 3480 mansuetudine
3085 3420 3328 3487 vincere,
3355 3432 3408 3477 et
3428 3438 3542 3478 me-
3579 3491 3588 3495 ν

1971 3509 2131 3565 liores
2158 3511 2382 3566 reddere
2413 3512 2669 3580 iniuriam
2696 3510 2977 3589 facientes,
3014 3529 3139 3586 qua:
3189 3515 3351 3570 nobis
3374 3517 3541 3589 linte-

1979 3608 2174 3655 ruantur
2199 3603 2468 3672 patienter
2497 3602 2741 3658 ferendo.
2902 3586 2914 3600 ’
2939 3598 2942 3612 ’
3427 3655 3429 3658 ι

2036 3691 2182 3766 Nihil
2215 3701 2297 3746 est
2323 3692 2516 3748 fortius
2547 3694 2612 3747 iis
2645 3694 2736 3773 qui
2760 3693 3119 3773 ferre_omnia
3150 3697 3321 3763 parati
3383 3708 3533 3754 sunt.
3603 3709 3611 3734 ἠ

2039 3783 2228 3839 ῡυιοηι
2252 3787 2414 3839 etiam
2449 3785 2540 3853 qui
2573 3786 2690 3840 orbi
2711 3771 2958 3856 praefecti
2981 3796 3204 3851 sunt,ac
3234 3790 3402 3844 multo
3424 3806 3540 3846 ma-

1971 3876 2052 3947 gis
2079 3892 2241 3946 quam
2280 3877 2374 3947 qui
2405 3876 2514 3932 Deo
2538 3877 2929 3956 seryiuntded
2961 3879 3240 3948 praemium
3292 3880 3420 3936 illis-
3453 3891 3538 3938 est

1970 3970 2124 4025 dolor
2159 3990 2173 4026 :
2204 3967 2364 4027 nobis
2396 3985 2522 4026 vero
2550 3970 2715 4025 etiam
2749 3972 2881 4041 pati,
2922 3983 3029 4028 non
3058 3982 3210 4029 caret
3264 3977 3537 4042 mercede,

1971 4063 2266 4117 dummodo
2301 4073 2522 4133 propter
2553 4061 2718 4118 Deum
2746 4065 3041 4134 patiamur.

2040 4152 2341 4209 Videndum
2368 4163 2452 4210 est
2481 4171 2548 4211 ne
2572 4157 2712 4211 servi
2776 4157 2900 4211 mali
2957 4158 3130 4213 simus
3163 4174 3180 4217 :
3210 4169 3263 4216 et
3308 4161 3538 4232 benigne

1970 4247 2189 4317 quidem
2218 4246 2436 4304 facienti
2474 4247 2701 4303 Domino
2735 4250 2920 4320 gratia:
2949 4265 2978 4304 a
3011 4251 3170 4308 nobis
3203 4261 3330 4308 sunt
3377 4269 3542 4326 agen-

311 4358 610 4428 τιθέμενοι.
641 4355 835 4408 Καίτοι
858 4342 864 4348 ’
891 4351 1021 4405 ποτὲ
1080 4339 1326 4422 κρεῖσσον
1350 4352 1535 4418 ὑγείας
1566 4354 1746 4421 πόνος,
1777 4353 1866 4408 καὶ

1982 4341 2052 4396 ia:
2084 4357 2100 4408 ;
2128 4349 2183 4397 et
2206 4341 2508 4414 castigante
2537 4341 2698 4396 etiam
2729 4359 2813 4405 eo,
2837 4357 2943 4399 non
2965 4360 3102 4416 aegre
3125 4347 3400 4402 ferendum
3431 4359 3536 4408 est.

322 4447 571 4517 ὑπομονὴ
607 4444 866 4506 ἀνέσεως,
897 4443 991 4495 καὶ
1025 4441 1314 4510 ἐπίσκεψις
1345 4440 1623 4510 ἀμελείας.

382 4624 548 4678 Οὐδὲν
578 4621 751 4684 οὑτως
795 4619 1112 4689 αἰδεσίμους
1164 4619 1330 4684 ποιεῖ,
1368 4619 1444 4683 ὡς
1482 4613 1874 4689 ὑϐριζομένους

270 4720 278 4732 “
307 4721 522 4788 φέρειν.

387 4809 652 4876 Καθάπερ
673 4806 786 4868 τοῖς
817 4803 1166 4874 μετανοοῦσιν
1205 4804 1237 4872 ή
1268 4801 1360 4855 τοῦ
1421 4801 1557 4860 Θεοῦ
1595 4803 1870 4874 μακροθυ-

313 4903 417 4976 μία
455 4902 754 4970 ὠφέλιμος,
805 4896 951 4951 οὕτω
1001 4897 1113 4960 τοῖς
1157 4894 1455 4956 ἀνενδότοις
1488 4895 1584 4948 καὶ
1616 4895 1874 4967 σκληροῖς

313 4995 580 5065 μειζόνων
610 4991 821 5060 γίνεται
856 4989 1131 5042 κολάσεων
1157 4987 1453 5058 πρόφασις.

389 5087 551 5146 Ἔθος
599 5085 676 5154 τῷ
713 5084 831 5154 Θεῷ
865 5082 940 5152 μὴ
987 5084 1050 5135 ὲκ
1100 5079 1404 5150 προοιμίων
1429 5079 1496 5132 τὰ
1527 5079 1674 5133 δεινὰ
1708 5095 1875 5132 κατα-

309 5181 484 5243 λύειν,
519 5179 631 5233 dor
673 5179 798 5231 ὅταν
833 5177 1124 5247 κορυφωθῇ
1176 5175 1208 5245 ἢ
1244 5172 1476 5244 αὐξηθῇ,
1522 5175 1651 5228 ὅταν
1687 5173 1874 5242 σχεδὸν

313 5274 482 5347 μηδὲν
526 5269 946 5337 ὑπολελειμένον
1064 5268 1160 5336 τῆς
1210 5266 1320 5319 τῶν
1361 5248 1741 5336 πολεμούντων
1771 5283 1873 5319 κα-

316 5367 472 5432 κίας,
509 5366 633 5417 τότε
669 5362 878 5433 ἀθρόως
921 5360 1094 5414 πάντα
1129 5357 1454 5427 μεταϐάλλει
1489 5359 1580 5410 ἐπὶ
1607 5359 1667 5412 τὸ
1705 5357 1875 5430 γαλη-

312 5459 444 5522 om,
493 5459 586 5510 καὶ
642 5455 777 5525 πρὸς
829 5451 1475 5522 ἀπροσδοκήτουςὶτινὰς
1511 5451 1874 5515 καταστάσεις

312 5551 457 5607 αὐτὰ
484 5548 824 5622 πραγμάτων
855 5548 1002 5614 ἄγει.
1163 5621 1172 5625 Β

389 5643 560 5695 Ὅταν
592 5658 675 5702 τις
724 5637 1031 5709 ἐπηρεάζῃ,
1081 5633 1157 5706 μὴ
1200 5634 1336 5702 πρὸς
1369 5635 1536 5688 αὑτὸν
1564 5633 1703 5705 ἴδῃς,
1736 5635 1872 5689 ἀλλά

318 5733 463 5800 πρὸς
493 5732 584 5786 τδν
618 5729 874 5787 κινοῦντα
901 5726 1150 5796 δαίμονα,
1183 5725 1278 5778 καὶ
1308 5725 1406 5793 τὴν
1439 5722 1606 5795 ὀργὴν
1652 5723 1871 5779 ἃπασαν

1972 4432 2182 4489 Etenim
2223 4443 2444 4504 prastat
2496 4434 2782 4504 aliquoties
2843 4437 3134 4492 valetudini
3186 4439 3428 4505 morbus,
3483 4450 3538 4496 et

1974 4525 2231 4596 patientia
2263 4526 2594 4589 remissioni,
2624 4535 2678 4580 et
2709 4527 2876 4579 animi
2912 4527 3139 4582 intentio
3170 4529 3531 4598 negligentiae.

2046 4615 2107 4671 S.
2133 4616 2404 4686 Chrysa“.
2431 4613 2589 4668 Nulla
2622 4630 2708 4669 res
2727 4631 2878 4685 aeque
2909 4613 3042 4670 facit
3069 4618 3422 4684 venerabiles,
3450 4629 3536 4678 at-

1973 4721 2076 4776 que
2098 4705 2348 4775 injuriam
2373 4706 2664 4760 sustinere.

2045 4795 2505 4864 Quemadmodum
2536 4797 2930 4866 paenitentibus
2975 4797 3156 4853 divina
3188 4799 3406 4867 prodest
3459 4801 3536 4856 le-

1974 4889 2140 4949 nitas,
2171 4889 2252 4942 sic
2277 4887 2567 4944 obstinatis
2592 4897 2649 4944 et
2677 4889 3050 4957 pertinacibus
3075 4893 3321 4958 graviora
3381 4891 3536 4947 affert

1974 4980 2257 5050 supplicia.

2047 5073 2196 5128 Solet
2228 5073 2372 5130 Deus
2397 5088 2506 5128 non
2542 5088 2572 5127 a
2600 5072 2873 5145 principio
2924 5073 3066 5128 mala
3117 5082 3382 5142 avertere,
3437 5077 3532 5132 sed

1974 5181 2100 5222 cum
2127 5181 2299 5235 usque
2323 5165 2388 5221 ad
2415 5181 2684 5220 summum
2702 5165 3020 5223 venerintet
3073 5167 3359 5235 creverint,
3412 5184 3536 5223 cum

1975 5258 2086 5314 fere
2113 5259 2247 5313 nihil
2291 5257 2616 5313 intentatum
2639 5257 2804 5312 fuerit
2824 5257 3198 5332 abho’stibus,
3217 5267 3328 5314 tum
3377 5260 3538 5315 simul

1976 5351 2156 5410 omnia
2184 5350 2237 5404 in
2290 5363 2554 5405 summam
2590 5349 3036 5418 tranquillitatem
3069 5352 3350 5430 convertit,
3376 5349 3539 5420 250

1976 5458 2039 5498 ac
2067 5453 2254 5512 praeter
2307 5444 2548 5498 omnium
2577 5443 3032 5511 exspectationem
3055 5459 3144 5500 res
3167 5445 3313 5514 ipsas
3334 5441 3536 5516 Optime

1976 5534 2259 5589 constituit
2283 5541 2336 5586 et
2359 5533 2558 5589 firmat.

2044 5623 2178 5678 Cum
2209 5624 2328 5695 quis
2375 5632 2427 5678 te
2470 5623 2712 5688 offendit,
2756 5623 2878 5682 lnoli
2928 5627 3004 5705 ad,
3045 5628 3216 5694 ipsum
3270 5622 3536 5693 aspicere,

1979 5719 2071 5773 sed
2103 5717 2174 5773 ad
2205 5720 2500 5774 daatuonem
2533 5718 2915 5789 impellentem,
2938 5699 3004 5774 [et
3028 5718 3160 5772 iram
3198 5715 3371 5771 totam‘
3392 5717 3445 5769 in
3476 5717 3536 5772 il-
