4004 6252
415 277 418 280 ’
475 261 610 326 12:23

1649 289 1654 294 ο
1740 259 2063 326 ANTONH’
2106 259 2446 321 MELISSJE

3574 253 3706 322 1224

545 373 805 429 Senectus
823 377 1100 441 nanorata,
1127 391 1232 430 non
1255 389 1375 444 quae
1399 376 1600 432 multos
1640 374 1801 430 habet
1831 388 2026 448 annos,

2206 373 2245 425 Γ
2248 373 2386 442 ἤρας
2433 371 2616 442 τίμιον
2651 372 2713 424 οὐ
2766 374 2825 425 τὸ
2883 372 3258 442 πολυχρόνιον,
3297 371 3420 424 οὐδὲ
3481 373 3707 443 ἀριθμῷ

469 481 571 542 nec
605 483 832 522 numero
862 483 1126 524 annorum
1160 471 1425 524 metienda
1481 479 1583 534 est,
1655 470 1749 525 sed
1799 470 1908 524 vita
1953 468 2035 522 in-

471 559 754 615 taminata.
1981 620 1991 627 .

545 650 606 706 S.
631 651 839 706 Basilii.
874 652 1193 722 Facldiscas.
1228 669 1261 709 ο
1287 655 1470 721 homo,
1498 670 1563 710 ac
1594 653 1841 709 doceat-is
1866 668 2032 707 evan-

473 743 697 813 gelicam
725 745 1213 808 conversationem,
1237 745 1512 802 oculorum
1535 745 2036 810 eruditionem,lin-

476 850 594 904 gnte
617 836 1032 900 continentiam,
1055 839 1299 907 corporis
1342 841 1679 905 servitutem,
1715 840 1881 894 animi
1929 842 2034 894 hu-

478 926 778 1007 militatem,
797 927 1082 998 puritatem
1104 931 1318 994 mentis,
1335 932 1427 984 ira:
1441 933 1878 1007 exstinctionem,
1897 931 2034 987 Cum

475 996 678 1087 aliquid
730 996 828 1074 abs
858 1029 908 1075 te
953 1019 1206 1090 exigitur,
1237 1023 1400 1076 etiam
1451 1023 1684 1092 amplius
1709 996 1877 1079 adde;
1911 1041 2035 1085 cum

476 1108 760 1166 fraudatus
780 1111 972 1174 fueris,
997 1110 1263 1181 judicium
1294 1128 1364 1168 ne
1379 1115 1576 1184 petito:
1598 1115 1642 1170 si
1677 1125 1726 1170 te
1746 1118 1870 1184 quis
1898 1118 2036 1182 odit,

474 1209 687 1258 amato;
710 1201 755 1256 si
790 1204 1152 1274 persequitur,
1184 1204 1483 1262 sustinete;
1508 1207 1552 1260 si
1583 1207 1846 1264 conviciis
1907 1224 2036 1278 pro-

471 1291 698 1353 scindit.
727 1293 1034 1350 obsecrato.

546 1383 770 1440 Factum
803 1387 1028 1443 tacitum
1060 1389 1206 1445 dicto
1252 1390 1720 1460 praestat'infeeto.

547 1477 720 1532 Nemo
752 1479 869 1534 sine
889 1481 1302 1539 actioneadhuc
1333 1484 1590 1554 probatus
1614 1496 1718 1552 est,

544 1571 616 1644 At
648 1570 853 1641 absque
873 1572 1050 1627 verbis
1070 1585 1258 1645 argute
1277 1576 1502 1645 prolatis
1531 1592 1689 1646 quam
1724 1577 1964 1648 plurimi.

545 1660 666 1716 Non
685 1665 828 1718 enim
853 1664 1213 1734 loquentibus,
1243 1667 1337 1723 sed
1369 1679 1515 1724 recte
1543 1669 1847 1726 viventibus
1865 1670 2035 1736 gratia

1692 1760 1910 1832 [debetu
1921 1777 1966 1816 r.

554 1843 658 1898 Ubi
709 1859 802 1901 res
857 1845 986 1916 ipsa
1012 1858 1349 1916 comparent,
1379 1849 1537 1921 longa
1582 1867 1923 1919 supervacua
1955 1860 2050 1906 est

473 1947 674 1990 oratto.

549 2027 613 2082 S.
647 2027 922 2099 Cltrysost.
958 2027 1078 2084 Vita
1135 2033 1409 2102 potentior
1450 2034 1696 2088 oratione
1757 2032 2048 2100 verbisque

482 2137 694 2186 mores,
721 2136 1034 2191 etioperutn
1094 2123 1489 2182 demonstratio
1525 2128 1814 2183 verborum
1849 2127 2050 2183 doctri-

480 2227 565 2266 nae
587 2213 938 2282 praeponitur.

555 2303 783 2372 Philipp.
816 2321 891 2372 n;
923 2306 1073 2362 Psal.
1098 2324 1159 2364 ιι.
1195 2309 1337 2366 Audi
1374 2308 1697 2380 Apostolum
1751 2311 2044 2378 dicentem,

483 2391 626 2447 Cum
653 2395 846 2450 timore
876 2405 929 2448 et
970 2407 1204 2452 tremore
1245 2411 1478 2454 vestram
1521 2401 1760 2467 ipsorum
1813 2403 2044 2456 salutem

483 2483 710 2538 elﬁcite:
742 2486 921 2539 omnia
948 2486 1107 2542 facite
1132 2490 1250 2543 sine
1289 2491 1810 2546 murmurationibus
1831 2502 1885 2546 et
1909 2492 2047 2547 'dis-

482 2577 878 2645 putationibus,
914 2587 970 2636 ut
999 2579 1123 2635 sitis
1171 2579 1447 2650 simplices
1479 2597 1544 2637 ac
1586 2582 1721 2638 tales
1750 2583 1818 2638 de
1842 2584 2045 2654 quibus

483 2667 742 2737 conqueri
781 2672 949 2738 possit
976 2685 1157 2734 nemo,
1189 2671 1280 2725 ﬁlii
1313 2672 1404 2728 Dei
1436 2675 1554 2729 sine
1595 2676 2044 2754 reprehensione.

442 2809 445 2822 ,
484 2758 627 2822 Quin
671 2759 832 2813 etiam
859 2771 1031 2820 ,vates
1071 2760 1259 2828 David,
1285 2764 1519 2832 Servite,
1553 2766 1753 2836 inquit,
1818 2766 2049 2822 Domino

484 2866 606 2904 cum
643 2861 809 2917 metu,
851 2855 978 2924 quia
1002 2855 1198 2926 ubique
1222 2866 1306 2912 est
1337 2856 1500 2924 Deus,
1521 2859 1667 2914 audit
1698 2861 1904 2922 omnia,
1933 2876 2050 2914 om-

487 2945 575 2996 nia
604 2944 768 3011 videt,
817 2962 922 3001 non
951 2948 1109 3003 modo
1166 2964 1229 3006 ea
1263 2966 1384 3020 quae
1429 2963 1663 3022 aguntur
1691 2964 1744 3008 ct
1772 2955 2046 3020 dicuntur,

485 3051 674 3091 verum
693 3039 855 3093 etiam
887 3056 949 3094 ea
972 3041 1153 3095 omnia
1184 3057 1302 3112 qua:
1331 3032 1384 3098 in
1418 3046 1674 3102 cordibus
1708 3047 2045 3112 volutantur,

2142 465 2278 519 ἑτῶν
2306 467 2604 536 μετρεῖται,
2629 466 2762 518 ἀλλά
2797 465 2908 535 βίος
2934 465 3283 535 ἀκηλίδωτος.

2219 645 2398 708 Μάθε,
2420 643 2698 714 ἄνθρωπε,
2729 643 3009 714 διδάχθητι
3033 643 3134 714 τὴν
3153 643 3524 714 εύαγγιλικὴν
3559 643 3711 697 mlt-

2141 739 2314 805 τείαν,
2366 737 2663 808 ὀφθαλμῶν
2714 737 3027 809 ἀκρίϐειαν,
3051 735 3309 806 γλώσσης
3354 735 3710 805 ἐγκράτειαν,

2144 829 2396 899 σώματος
2437 829 2832 899 δουλαγωγίαν,
2884 830 3140 902 φρόνημα
3165 830 3449 892 ταπεινὸν,
3494 830 3710 892 ἑννοίας

2145 921 2527 990 καθαρότητα,
2589 923 2761 993 ὀργῆς
2839 923 3170 992 ἀφανισμόν.
3230 919 3710 993 Ἀγγαρευύμενος

2143 1013 2303 1067 πλέον
2335 1015 2522 1078 ἐπίθες
2547 1054 2562 1078 ,
2594 1013 2953 1085 ἀπατώμενος
2984 1016 3060 1086 μὴ
3093 1016 3340 1081 δικάζου,
3374 1013 3710 1085 μισούμενος

2141 1104 2356 1170 ἀγάπα,
2386 1105 2711 1182 διωκόμενος
2749 1107 2969 1178 ἀνέχου,
2998 1106 3489 1178 βλασφημούμενος
3530 1122 3711 1177 παρκ-

2140 1197 2318 1254 κάλει.

2285 1381 2532 1448 Ἀφωνον
2558 1379 2720 1449 ἔργον
2743 1382 2995 1450 κρεῖσσον
3021 1381 3302 1452 ἀπράκτου
3332 1381 3517 1449 λόγου.

2282 1471 2408 1526 Βίου
2444 1473 2546 1537 μὲν
2575 1473 2750 1536 ούδείς
2784 1471 2995 1528 πώποθ’
3035 1473 3225 1546 ὑψώθη
3253 1475 3375 1545 δίχα
3397 1489 3413 1504 ⁸

2279 1566 2454 1632 Λόγου
2485 1565 2541 1619 δὲ
2567 1565 2750 1620 πολλοὶ
2779 1565 2874 1620 τοῦ
2899 1567 3482 1638 καλῶς’ψοφουμένου.

2282 1658 2360 1711 Οὐ
2389 1659 2498 1729 γὰρ
2525 1659 2854 1727 λαλούντων,
2885 1660 2945 1714 εὖ
2979 1659 3239 1728 βιούντων
3265 1661 3308 1714 δ’
3336 1663 3368 1732 η
3401 1663 3593 1732 χάρις.

2529 1801 2532 1804 .
2945 1751 3256 1822 (Theologi.)

2221 1843 2566 1913 Φαινομένων
2596 1843 2774 1915 ἔργων
2799 1844 3057 1909 περιττόν
3091 1847 3210 1898 ἑστι
3237 1845 3611 1916 μακρολογία.

2219 2028 2345 2092 Βίος
2394 2028 2556 2097 λόγου
2609 2004 3001 2094 δυνατώτερος,
3042 2027 3140 2083 καὶ
3197 2028 3392 2099 τρόποι
3423 2029 3710 2098 ῥημάτων,

2149 2121 2244 2174 καὶ
2279 2123 2312 2190 ὴ
2347 2121 2436 2175 διὰ
2472 2121 2579 2174 τῶν
2631 2120 2809 2192 ἔργων
2838 2119 3100 2186 ἐπίδειξις
3134 2122 3234 2192 τῆς
3265 2121 3357 2175 διὰ
3386 2120 3500 2174 τῶν
3544 2122 3709 2189 λόγων

2144 2213 2519 2277 διδασκαλίας.

2223 2308 2495 2361 ¹Ἄκουσον
2541 2306 2635 2361 τοῦ
2669 2307 2993 2362 ’Δποστόλου
3041 2307 3293 2375 λέγοντος
3315 2323 3331 2339 ⁸
3405 2307 3546 2362 Μετά
3606 2306 3699 2373 φό-

2145 2398 2242 2452 ϐου
2287 2400 2383 2453 καὶ
2409 2398 2612 2468 τρόμου
2651 2397 2750 2470 τὴν
2799 2398 3008 2452 ἑαυτῶν
3046 2399 3329 2468 σωτηρίαν
3361 2397 3703 2468 κατεργάζεο

2154 2490 2250 2544 σθε
2272 2505 2288 2520 ⁸
2321 2491 2499 2546 πάντα
2521 2493 2725 2544 ποιεῖτε
2748 2493 2914 2560 χωρὶς
2943 2491 3272 2560 γογγυσμῶν
3318 2492 3414 2544 καὶ
3476 2490 3713 2556 διαλογι-

2154 2583 2332 2654 σμῶν,
2382 2584 2472 2638 ῐνα
2517 2585 2746 2653 γένησθε
2791 2584 3070 2654 ἄμεμπτοι
3113 2583 3207 2637 καὶ
3226 2583 3502 2653 ἀκέραιοι,
3553 2584 3714 2634 τέκνα

2144 2675 2279 2732 Θεοῦ
2338 2677 2633 2747 ἀμώμητα.
2715 2675 2876 2729 Ἀ).λά
2938 2678 3034 2730 καὶ
3092 2676 3123 2729 ὁ
3195 2675 3487 2737 θεσπέσιος
3556 2674 3717 2727 Διυῒδ

2145 2785 2312 2838 φησιο
2354 2769 2680 2824 Δουλεύσατε
2707 2769 2784 2838 τῷ
2838 2769 3029 2840 Κυρίῳ
3083 2770 3145 2822 ἑν
3196 2768 3368 2842 φόβῳ.
3432 2766 3719 2835 Πανταχοῦ

2143 2861 2254 2933 γὰρ
2284 2862 2548 2931 πάρεστιν
2603 2865 2632 2916 ὁ
2661 2863 2814 2927 Θεὸς,
2851 2862 3034 2916 πάντα
3075 2859 3287 2927 ἀκούει,
3314 2862 3497 2914 πάντα
3525 2861 3632 2931 ὁρᾷ
3658 2861 3720 2913 ού

2144 2955 2215 3008 τὰ
2242 2958 2590 3027 πραττόμενα
2631 2945 2801 3025 μόνον
2854 2956 2948 3009 καὶ
2983 2954 3272 3024 λεγόμενα,
3324 2953 3463 3007 ἀλλὰ
3520 2956 3618 3006 καὶ
3649 2954 3714 3006 τά

2146 3049 2204 3102 ἑν
2232 3048 2479 3118 καρδίαις
2521 3046 2766 3112 ἃπαντα,
2797 3047 2893 3100 καὶ
2939 3047 3008 3100 τὰ
3041 3047 3100 3112 ἑν
3131 3045 3211 3123 τῷ
3240 3043 3392 3115 βάθει
3426 3047 3531 3115 τῆς
3573 3062 3711 3113 mp-

488 3127 572 3182 vel
611 3144 732 3197 quae
775 3133 986 3202 suntin
1022 3133 1188 3187 fundo
1215 3136 1573 3206 cordiszipse
1625 3139 1769 3193 enim
1825 3151 1912 3194 est
1956 3156 2048 3195 cu-

2155 3141 2288 3198 Βίας.
2323 3139 2582 3211 Κριτικδς
2634 3140 2742 3210 γάρ
2775 3139 2923 3193 ἑστιν
2959 3138 3311 3210 ἐνθυμήσεων
3351 3140 3452 3193 καὶ
3502 3138 3717 3191 twoqu

494 3220 782 3288 piditatum
833 3233 890 3278 et
933 3225 1319 3296 cogitationum
1373 3229 1744 3298 cordisjudex
1771 3242 1826 3286 et
1857 3225 2075 3302 cogni-R

489 3321 598 3368 tor.

564 3405 724 3480 253
763 3405 820 3463 S.
883 3406 1022 3464 Nili.
1057 3407 1534 3470 Praestantioribus
1577 3413 1882 3486 subiectum
1926 3380 2052 3474 esse

496 3500 842 3556 utilissimum
896 3515 1001 3560 est.

571 3592 781 3647 lnlini'a
810 3605 937 3648 sunt
968 3595 1109 3650 mala
1139 3579 1260 3666 qua:
1286 3589 1686 3655 commaculsnt
1716 3603 1986 3666 animum,
2023 3616 2055 3658 a

495 3685 694 3754 quibus
714 3689 1004 3758 expurgari
1027 3697 1083 3744 et
1104 3689 1213 3745 elui
1239 3691 1463 3746 omnino
1485 3707 1591 3747 non
1625 3694 1746 3750 licet
1769 3711 1782 3748 :
1809 3711 2058 3753 necessa-

474 3781 584 3854 rio
617 3778 758 3834 enim
801 3779 1179 3851 relinquuntur
1209 3783 1383 3838 cuivis
1409 3779 1620 3841 mortali
1679 3791 1888 3855 sordes,
1939 3804 2059 3858 quat

497 3861 742 3928 leviores.
781 3872 898 3929 ﬁeri
955 3888 1120 3944 posse
1186 3875 1460 3946 videntur,
1490 3879 1604 3936 tolli
1629 3893 1810 3938 autem
1835 3885 2058 3940 omnino

497 3978 608 4019 non
645 3974 892 4034 possunt.

477 4127 481 4130 .
574 4054 1500 4127 Obedientiajunctacontinentia:
1531 4059 1612 4124 vel
1645 4060 1850 4120 bestias
1903 4063 2059 4120 subi-

501 4149 599 4218 git.
1935 4166 1940 4174 ·

950 4259 1184 4316 εειιιιο
1228 4260 1364 4316 xcn
1426 4260 1526 4333 [al.
1553 4261 1642 4334 ιη.

509 4375 582 4428 De
611 4375 880 4442 republica
899 4377 1262 4442 vituperanda,
1291 4385 1339 4428 et
1362 4376 1768 4430 inobedientibus
1798 4394 1859 4430 ac
1890 4380 2060 4433 rebel-

575 4446 737 4527 libus,
765 4445 926 4515 deque
977 4447 1042 4500 iis
1071 4447 1160 4513 qui
1190 4446 1416 4499 moribus
1447 4448 1804 4514 improbandis
1845 4451 2060 4517 praditi
2090 4471 2135 4527 ι)

574 4524 722 4570 sunt.

578 4609 717 4676 Quia
745 4610 1042 4665 noluerunt
1073 4624 1192 4664 mea
1222 4608 1376 4678 sequi
1421 4609 1668 4676 consilia,
1691 4612 1784 4667 sed
1822 4612 2062 4685 increpa-

508 4705 684 4758 tiones
708 4717 858 4759 meas
893 4702 1222 4767 deriserunt,
1242 4702 1342 4756 via:
1356 4719 1467 4758 suae
1499 4701 1760 4761 fructibus
1793 4706 2061 4774 fruentur,

509 4805 566 4848 et
610 4793 1002 4865 cupiditatibus
1024 4792 1139 4849 suis
1165 4793 1540 4864 explebuntur.

582 4971 782 5030 Ierem.
824 4969 1032 5043 Populo
1063 4968 1190 5024 huic
1239 4968 1344 5024 iuit
1379 4983 1473 5024 cor
1522 4970 1834 5028 inobediens
1878 4983 1932 5029 et
1984 4987 2066 5030 re-

519 5067 693 5122 helle:
725 5081 912 5122 omnes
973 5063 1341 5123 inobedientes
1391 5073 1518 5122 sunt
1559 5075 1612 5121 et
1664 5082 1759 5138 per
1816 5070 2066 5140 ambages

517 5161 910 5232 ingrediuntur.

587 5252 668 5308 Ad
714 5268 872 5321 quem
928 5253 1118 5324 loquar
1151 5263 1205 5310 et
1252 5243 1514 5318 testabor:
1568 5262 1625 5307 nt
1674 5253 1897 5310 audiat?
1933 5251 2068 5309 Ecce

522 5359 684 5400 aures
744 5357 932 5398 eorum
989 5339 1389 5402 inciréumciste
1455 5357 1606 5412 sunt,
1676 5361 1774 5400 nec
1844 5356 2070 5416 possunt

521 5437 729 5490 audire.
1918 5436 1925 5446 “

594 5525 785 5581 Ezech.
821 5541 904 5581 ιιι.
935 5526 1038 5590 Qui
1067 5528 1217 5583 audit
1246 5543 1354 5596 me,
1393 5531 1609 5595 audiat;
1639 5538 1694 5584 et
1721 5531 1813 5599 qui
1833 5497 1943 5586 non
1971 5543 2070 5600 pa.

525 5629 625 5685 ret,
675 5633 760 5680 ne
785 5627 990 5688 pareat.

597 5705 800 5763 Basilii.
832 5707 936 5766 Ubi
957 5708 1270 5773 inimicitiae,
1329 5710 1474 5776 lites,
1520 5712 1635 5774 irae.
1675 5715 2062 5777 contentiones.

2152 3233 2400 3305 καρδίας.

2227 3415 2302 3498 To
2343 3415 2735 3470 ὑποτάττεσθαι
2763 3417 2876 3480 τοῖς
2908 3414 3219 3486 κρείττοσιν
3263 3411 3720 3483 ὠφελιμώτατον.

2233 3599 2469 3667 ’Δπειρα
2517 3595 2590 3650 τὰ
2617 3594 3130 3666 καταρρυπαίνοντα
3161 3595 3265 3665 τὴν
3309 3594 3486 3664 ψυχὴν
3546 3596 3723 3656 κακὰ..

2155 3685 2300 3758 ἅπερ
2329 3685 2647 3756 ἐκνίψασθαι
2678 3687 2773 3739 καὶ
2825 3683 3230 3739 ἀπολούσασθαι
3265 3682 3570 3743 ,παντελῶς
3610 3683 3718 3734 οὐκ

2157 3779 2396 3833 ῑνεστινο
2427 3776 2814 3832 ἀπολείπονται
2842 3777 2950 3846 γάρ
2977 3774 3038 3840 ἑξ
3064 3776 3309 3844 ἀνάγκης
3349 3777 3513 3827 παντὶ
3535 3773 3718 3844 θνητῷ

2158 3869 2349 3942 κῆρες.
2388 3871 2653 3940 Δωφῆσαι
2715 3869 2815 3940 μὲν
2862 3867 2975 3940 γάρ
3029 3867 3206 3932 εἰκὸς,
3248 3866 3611 3939 ἀναιρεθῆναι
3665 3866 3720 3918 δὲ

2158 3963 2391 4030 εἰσάπαξ
2423 3963 2722 4034 ἀμήχανον.
3457 4017 3472 4035 I

2240 4055 2488 4126 ’Υπακοὴ
2551 4055 2693 4125 μετὰ
2749 4051 3075 4122 ἐγκρατείας
3130 4051 3431 4119 ὑποτάσσει
3477 4053 3572 4104 καί
3628 4053 3717 4120 θη-

2163 4151 2274 4220 pla.

2747 4263 2966 4316 ΛΟΓΟΣ
3002 4259 3118 4328 ιιΒἌ

2162 4363 2301 4430 Περὶ
2330 4360 2634 4424 πολιτείας
2677 4357 2925 4430 ψςκτῆς,
2975 4357 3072 4430 καὶ
3127 4352 3586 4430 ᾀνυποτάκτωνς,
3618 4351 3704 4430 καὶ

2232 4422 2578 4498 ἀπόϐλητον
2611 4422 3006 4499 ίτόἦθοςίίκαὶ
3055 4425 3195 4490 τοὺς
3241 4422 3505 4493 τρόπους
3550 4422 3704 4490 ἐχόν-

2231 4517 2367 4555 των.
2443 4543 2445 4550 η

2243 4613 2462 4684 Ἐπειδὴ
2516 4613 2615 4666 οὐκ
2668 4613 2859 4684 ἤθελον
2921 4613 3083 4681 ἐμαῖς
3139 4610 3430 4680 προσέχειν
3485 4608 3717 4679 βουλαῖς.

2163 4708 2534 4776 ἑμυκτήρισαν
2560 4706 2616 4758 δὲ
2660 4703 2846 4774 ἐμοὺς
2865 4705 3120 4772 ἐλέγχους
3141 4719 3158 4734 ⁸
3192 4701 3484 4771 τοιγαροῦν
3511 4700 3721 4753 ἔδονται

2163 4797 2260 4866 τῆς
2290 4795 2498 4849 ἑαυτῶν
2525 4795 2645 4850 ὁδοῦ
2670 4797 2795 4860 τοὺς
2825 4799 3090 4864 καρποὺς,
3119 4794 3214 4847 καὶ
3240 4794 3339 4864 τῆς
3373 4791 3584 4847 ἑαυτῶν
3603 4795 3722 4844 ἑπι-

2166 4887 2363 4956 θυμίας
2401 4887 2828 4958 πλησθήσονται.

2235 4981 2326 5050 Τῷ
2355 4979 2468 5048 λαῷ
2487 4979 2662 5050 τούτῳ
2685 4979 2916 5052 ἐγενήθη
2948 4979 3142 5050 καρδία
3172 4979 3404 5048 ἀνήκοος
3451 4979 3544 5030 καὶ
3572 4977 3702 5030 ἁπει

2167 5070 2265 5140 θής
2289 5086 2305 5102 ⁸
2337 5071 2537 5133 πάντες
2569 5071 2809 5140 ἀνήκοοι,
2842 5070 3196 5140 πορευόμενοι
3237 5069 3490 5128 σκολιῶς.

2238 5253 2382 5324 Πρὸς
2407 5255 2526 5308 τίνα
2552 5254 2768 5323 λαλήσω
2795 5257 2890 5310 καὶ
2920 5255 3407 5326 διαμαρτύρωμαι,
3439 5258 3535 5309 καὶ
3568 5256 3706 5310 ἀκού

2169 5362 2359 5414 σεται;
2402 5347 2531 5400 Ἰδοὺ
2564 5347 2914 5418 ἅπερίτμητα
2945 5348 3014 5400 τὰ
3037 5343 3150 5401 ὦτα
3179 5349 3382 5416 αὐτῶν,
3413 5351 3509 5400 καὶ
3535 5349 3597 5401 οὐ
3633 5349 3719 5402 δύο

2169 5453 2356 5491 νανται
2393 5436 2633 5490 ἀκούειν.

2256 5528 2315 5584 Ὀ
2366 5530 2576 5584 ἀκούων
2609 5546 2712 5599 μου
2765 5530 3027 5597 ἀκουέτω,
3073 5531 3167 5584 καὶ
3208 5531 3236 5582 ὁ
3283 5528 3528 5582 ἀπειθῶν
3573 5530 3717 5590 ἀπει-
3797 5553 3800 5556 ~

2170 5621 2350 5677 θείτω.

2241 5714 2414 5768 Ὅπου
2449 5713 2654 5778 ἔχθραι,
2695 5714 2862 5778 εοεις,
2920 5714 3099 5776 θυμοὶ,
3155 5713 3530 5778 φι).ονειγεῖαι,
3567 5711 3714 5777 θορύ-
