4004 6252
242 375 389 453 ¹ὶὲὶέὶ

1079 383 1243 442 Ι.Ο(“1
1289 386 1727 451 COMMUNES.
1760 414 1824 425 --
1857 393 2052 453 PARS
2083 395 2162 456 ΙΙ.
2206 399 2464 460 SEliMO
2504 403 2669 463 XCV.

3381 402 3513 464 1224

334 488 398 540 Ἦ
435 487 491 541 δὲ
525 490 729 560 ἀληθὴς
765 490 859 543 καὶ
889 491 1069 547 τελεία
1105 495 1322 565 ὑπακοὴ
1353 497 1460 550 τῶν
1495 497 1821 569 ὑποχειρίων

1995 508 2263 563 Caeterum
2301 527 2426 565 vera
2475 523 2528 567 et
2577 512 2815 581 perlecta
2851 513 3223 579 subiectorum
3253 527 3379 581 erga
3409 514 3512 566 dn-

254 582 393 649 πρὸς
427 582 519 635 τὸν
554 582 966 652 καθηγούμενον
1000 587 1060 639 ἐν
1096 587 1269 658 τούτῳ
1301 589 1617 657 δείκνυται,
1656 593 1716 645 ὲν
1748 592 1827 661 τῷ

256 674 330 743 μὴ
362 673 522 744 μόνον
541 675 652 728 τῶν
673 675 890 729 ἀτόπων
912 676 1053 730 κατά
1076 679 1176 750 τὴν
1205 682 1522 752 συμϐουλὴν
1546 682 1643 736 τοῦ
1668 702 1832 754 προε-

162 776 215 857 ‘J
255 766 457 829 στῶτος
486 768 811 836 ἀπέχεσθαι,
839 769 974 823 ἀλλὰ
1004 772 1140 842 μηδὲ
1169 773 1309 828 αὑτὰ
1339 776 1405 828 τὰ
1433 777 1696 832 ἐπαινετὰ
1725 795 1832 848 χω-

252 859 336 928 ρ’ίς
376 862 475 931 τῆς
517 861 731 914 ἐκείνου
771 861 1000 933 γνώμης
1041 868 1237 920 ποιεῖν.
1273 868 1337 920 'H
1380 868 1501 938 γὰρ.
1531 872 1830 941 ἐγκράτεια

252 954 349 1007 καὶ
384 956 535 1009 πᾶσα
570 956 604 1025 ὴ
642 956 931 1028 σωματικὴ
992 960 1336 1013 κακοπάθεια
1384 964 1519 1031 προς
1548 979 1601 1014 τι
1636 964 1831 1032 χρησί-

255 1063 371 1115 μως
402 1046 516 1116 ἔχει
540 1063 554 1079 ·
584 1046 700 1101 ἀλλ’
725 1048 821 1102 ἐάν
845 1066 928 1111 τις
953 1053 1074 1114 ταῖς
1103 1051 1261 1114 ἰδίαις
1289 1054 1491 1123 ὁρμαῖς
1517 1053 1828 1108 ἀκολουθῶν

253 1138 578 1208 ’τὸ-ἀρέσκον
606 1139 756 1210 αὑτῷ
788 1145 938 1213 ποιῇ,
971 1144 1069 1197 καὶ
1098 1144 1526 1207 συμϐουλεύοντι
1554 1147 1630 1214 τῷ
1663 1164 1830 1218 προε-

256 1230 422 1283 στῶτί
467 1248 520 1284 τι
572 1233 647 1301 μὴ
694 1230 973 1302 πείθηταιζ
1025 1236 1209 1303 μεῖζον
1260 1237 1354 1291 τοῦ
1404 1239 1828 1311 κατορθώματος

253 1324 410 1375 ἔσται
434 1323 496 1375 τὸ
525 1323 1034 1394 πλημμελούμενον.
1060 1328 1118 1383 '0
1144 1328 1251 1400 γὰρ
1280 1332 1736 1402 ἀντιτασσόμενος
1763 1339 1828 1407 τῇ

255 1415 477 1488 ἐξουσίᾳ
505 1422 570 1490 τῇ
603 1422 697 1474 τοῦ
729 1421 865 1501 Θεοῦ
898 1423 1131 1494 διαταγῇ
1168 1426 1469 1496 ἀνθέστηκε
1495 1443 1510 1458 ο
1547 1429 1640 1480 καὶ
1672 1431 1702 1481 ὁ
1730 1430 1831 1498 τῆς

257 1507 504 1597 ὑπακοῆς
550 1513 739 1579 μισθὸς
790 1513 995 1582 μείζων
1036 1516 1132 1572 τοῦ
1179 1518 1321 1572 κατὰ
1362 1520 1463 1590 τὴν
1503 1521 1829 1590 ἐγκράτειαν

259 1601 285 1652 ἐ
296 1619 326 1653 π
336 1603 606 1674 ικατορθὼ
611 1622 802 1674 ματος.

339 1696 401 1749 Ἥ
434 1697 663 1768 ἄσκησις
692 1701 790 1770 τῆς
824 1703 965 1757 κατὰ
998 1704 1060 1757 τὸ
1096 1705 1430 1772 Εὑαγγέλιον
1461 1705 1554 1760 τοῦ
1588 1708 1827 1778 Χριστοῦ

256 1786 391 1857 πρὸς
421 1788 511 1839 τὸν
543 1790 676 1842 Θεὸν
706 1792 1122 1864 εὑαρεστήσεως
1150 1798 1209 1850 ἐν
1240 1799 1304 1867 τῇ
1336 1801 1687 1869 ἀναχωρήσει
1718 1803 1828 1855 τῶν

228 1924 231 1925 ν
255 1881 538 1950 μεριμνῶν
567 1882 661 1937 τοῦ
694 1885 939 1954 κόσμους
968 1887 1065 1967 καὶ
1088 1892 1155 1958 τῇ
1187 1891 1445 1943 παντελεί
1469 1891 1825 1962 ἀλλοτριώσει

249 1971 359 2023 τῶν
384 1973 707 2044 ὅτειρασμῶν
732 1978 863 2046 ἡμῖν
891 1980 1274 2050 κατορθοῦται.
1307 1983 1398 2046 Ὠς
1423 1983 1471 2036 εί
1503 1986 1575 2055 μή
1603 2001 1667 2053 γε
1694 1987 1828 2038 ἀπο-

251 2067 585 2138 ξενῶσαιμεν
619 2073 847 2135 ἑαυτοὺς
887 2075 981 2128 καὶ
1016 2075 1347 2142 συγγενείας
1381 2079 1693 2148 σαρκικῆς,
1726 2078 1825 2131 καὶ

249 2160 537 2224 κοινωνίας
575 2160 724 2230 βίου,
759 2164 926 2218 οἱονεὶ
972 2165 1109 2235 πρὸς
1148 2166 1338 2236 ἕτερον
1372 2170 1576 2238 κόσμον
1608 2171 1696 2224 διὰ
1728 2170 1826 2237 τῆς

251 2251 492 2320 σχέσεως
522 2255 878 2323 μεταδάντες,
911 2258 1051 2311 κατᾶ
1078 2258 1169 2311 τὸν
1198 2262 1473 2314 είπόντα·ι
1496 2263 1688 2330 Ἦμῶν
1715 2265 1825 2331 γὰρ

247 2346 307 2397 τ),
342 2345 645 2417 πολίτευμα
678 2349 738 2401 ὲν
767 2349 1017 2421 οὐρανοῖς
1046 2351 1342 2421 ὑπάρχειί
1370 2353 1655 2425 ἀμήχανον
1679 2356 1827 2423 ἡμᾶς

250 2440 643 2507 περιγενέσθαι
674 2440 769 2493 τοῦ
808 2442 1014 2495 σκοποῦ
1046 2443 1143 2511 τῆς
1180 2444 1319 2514 πρὸς
1354 2443 1493 2498 Θεὸν
1523 2446 1825 2515 εὐαρεστή-

248 2545 387 2588 cete;
410 2571 423 2590 ,
457 2530 555 2583 τοῦ
589 2532 799 2600 Κυρίου
834 2536 1128 2604 ὁριστικῶς
1163 2537 1414 2600 εἰπόντος
1437 2580 1451 2599 ,
1483 2539 1563 2591 ὅτι
1599 2559 1619 2590 ι
1661 2533 1828 2599 Οὗτος

247 2620 360 2683 πᾶς
387 2622 447 2688 ἐξ
477 2622 651 2690 ὑμῶν,
681 2624 738 2688 ὃς
765 2627 865 2680 οὑκ
892 2627 1262 2682 ἀποτάσσεται
1289 2631 1404 2692 τοῖς
1435 2630 1629 2684 ἑαυτοῦ
1655 2631 1829 2698 ὑπάρ-

249 2728 460 2780 χουσιν,
491 2715 553 2767 οὑ
583 2716 808 2770 δύναταί
838 2735 943 2783 μου
973 2715 1114 2773 εἶναι
1147 2722 1396 2791 μαθητής
1424 2738 1439 2752 ·
1483 2741 1502 2774 ι
1540 2723 1634 2776 καὶ
1662 2721 1831 2775 ἅλλα-

249 2802 373 2872 χοῦ,
408 2823 427 2856 ι
464 2804 531 2859 Εί
554 2825 634 2870 τις
667 2808 816 2862 θέλει
844 2811 1019 2864 ὀπίσω
1049 2829 1148 2880 μου
1180 2813 1380 2878 ἐλθεῖν,
1409 2815 1823 2886 ἀπαρνησάσθω

247 2899 467 2954 ἑαυτόν.
510 2921 529 2955 ι
563 2902 827 2973 ’Δρνησις
855 2906 910 2960 δέ
940 2906 1090 2960 ἐστιν
1119 2909 1317 2962 ἑαυτοῦ
1348 2911 1382 2981 ἡ
1415 2909 1686 2978 παντελὴς
1712 2909 1825 2962 τῶν

250 2993 634 3059 παρελθόντων
678 2997 837 3068 λήθη,
888 3001 975 3053 ita."
1030 3002 1064 3071 ἡ
1110 3004 1221 3057 τῶν
1249 3004 1593 3073 ,θελημάτων
1637 3001 1831 3057 ἑαυτοῦ

224 3086 630 3158 .ἀναχώρησις.

1859 1845 1903 1901 Β

1915 610 2145 655 .etorem
2177 602 2493 657 obedientia
2526 604 2579 657 in
2613 606 2714 658 hoc
2743 604 3068 671 ostenditur,
3112 611 3171 659 ut
3203 619 3310 659 non
3333 603 3509 658 solum

1929 691 1996 744 ab
2015 691 2284 755 absurdis,
2308 692 2550 761 praefecti
2578 695 2816 748 consulio
2841 683 3307 764 obtemperantes,
3339 693 3513 747 absti—

1933 792 2119 849 ueant,
2150 788 2246 840 sed
2271 787 2436 840 etiam
2487 795 2545 840 ut
2577 802 2644 841 ne
2677 788 2767 841 illa
2794 788 3013 857 quidem
3059 803 3179 857 qum
3215 785 3510 841 laudabilia

1932 887 2065 932 sunt
2120 878 2240 934 sine
2295 879 2439 934 illius
2490 881 2722 934 consilio
2765 881 3092 948 suSpiciant.
3147 879 3504 934 Continentia

1931 972 2075 1023 enim
2110 987 2177 1024 ae
2206 972 2413 1041 qua-vis
2441 974 2745 1043 corporalis
2772 973 2996 1033 alllictio
3025 972 3091 1026 ad
3127 971 3331 1042 aliquid
3363 970 3514 1024 utilis

1932 1074 2016 1117 est
2053 1082 2067 1119 ι
2104 1065 2199 1121 sed
2229 1066 2275 1120 si
2304 1064 2449 1133 quis,
2501 1066 2752 1135 proprios
2785 1064 3059 1133 appetitus
3075 1078 3332 1132 sequens,
3364 1060 3511 1131 quod

1932 1157 2034 1213 sibi
2068 1158 2266 1227 placet,
2291 1157 2459 1228 258
2483 1157 2668 1222 faciat,
2693 1164 2747 1212 et
2768 1156 3023 1224 praelecto
3045 1154 3333 1209 consilium
3356 1154 3513 1208 danti

1934 1266 2040 1306 non
2072 1251 2435 1319 obtemperet,
2486 1252 2662 1318 majus
2695 1251 2800 1305 erit
2843 1256 3152 1319 peccatum,
3189 1260 3351 1316 (illam
3394 1244 3510 1298 olli-

1939 1346 2110 1399 eium.
2166 1342 2266 1409 Qui
2302 1345 2445 1399 enim
2477 1344 2677 1398 resistit
2711 1343 2985 1413 potestati,
3039 1339 3128 1392 Dei
3179 1337 3508 1392 ordinationi

1934 1436 2139 1489 resistit
2172 1452 2186 1489 :
2217 1450 2281 1488 ac
2308 1435 2635 1489 obedientize
2671 1435 2951 1506 pra-mium
2980 1446 3143 1503 quam
3171 1431 3514 1485 continenter

1932 1530 2060 1585 laeti
2100 1529 2278 1598 majus
2303 1540 2405 1584 est.

2003 1713 2339 1769 Exercitatio
2365 1714 2487 1765 vitae
2511 1728 2577 1766 ex
2605 1709 2897 1779 Evangelio
2925 1707 3128 1762 Christi
3159 1706 3421 1759 institutae
3451 1714 3515 1755 ut

1936 1809 2041 1861 Deo
2065 1808 2270 1875 accepti
2298 1805 2491 1869 simus,
2519 1805 2635 1858 haac
2663 1812 2781 1868 est,
2817 1809 2874 1855 ut
2900 1800 3220 1856 secedamus
3245 1798 3314 1850 ab
3335 1796 3512 1848 omni-

1918 1903 2032 1955 .bus
2074 1900 2261 1954 mundi
2288 1898 2753 1963 solicitudinibns,
2805 1904 2860 1949 et
2889 1893 3119 1949 omnino
3173 1906 3201 1943 a
3253 1888 3510 1943 tentatio—

1932 1995 2093 2049 nibus
2128 1993 2289 2047 alieni
2333 1993 2527 2047 simus.
2564 1989 2696 2044 Nam
2739 1989 2842 2043 nisi
2885 1987 3225 2042 abducamus
3260 1983 3516 2051 uosipsos

1930 2088 2000 2141 ab
2040 2087 2190 2141 omni
2238 2087 2420 2139 carnis
2449 2084 2782 2153 cognatione
2826 2089 2879 2135 et
2924 2079 3053 2133 vita:
3100 2076 3513 2139 communione,

1931 2181 2087 2247 quasi
2120 2178 2186 2232 ad
2220 2178 2451 2232 alterum
2485 2175 2746 2229 nmndum
2792 2175 3092 2238 migrantes
3155 2184 3248 2239 per
3284 2167 3514 2220 medita-

1933 2273 2159 2338 tionem,
2210 2279 2505 2339 scqueutes
2575 2266 2866 2323 consilium
2942 2263 3108 2323 illius.
3177 2261 3270 2330 qui
3328 2258 3512 2312 dixit:

1935 2385 1954 2418 ι
1998 2365 2196 2420 Nostra
2229 2365 2373 2417 enim
2419 2359 2766 2416 conversatio
2801 2360 2853 2411 in
2899 2357 3054 2411 emlis
3085 2362 3191 2413 est,
3235 2371 3254 2404 ι
3291 2351 3517 2424 omnino

1932 2459 2050 2512 lieri
2085 2457 2300 2525 nequit,
2348 2465 2407 2511 ut
2438 2454 2772 2525 propositum
2803 2460 3082 2505 teneamus
3127 2459 3237 2514 quo
3263 2444 3520 2497 volumus

1936 2550 2045 2604 Deo
2070 2550 2279 2618 accepti
2315 2562 2460 2613 esse,
2495 2560 2620 2599 eum
2653 2543 2916 2597 Dominus
2944 2538 3165 2594 delinite
3212 2536 3362 2589 dicat
3389 2533 3470 2587 sie
3499 2549 3515 2584 ι

1912 2660 1959 2693 .‹
2000 2640 2326 2708 Quicunque
2368 2654 2433 2693 ex
2485 2637 2638 2690 vobis
2687 2650 2794 2689 non
2843 2634 3023 2687 valere
3064 2625 3517 2699 jusseritomnia

1934 2745 2056 2792 sua,
2110 2746 2217 2783 non
2257 2737 2439 2796 potest
2468 2739 2624 2778 meus
2656 2738 2778 2778 esse
2804 2720 3135 2790 discipulus.
3180 2734 3200 2767 ι
3240 2715 3302 2768 Et
3336 2713 3462 2767 alibi
3499 2731 3514 2768 :

1910 2842 1960 2874 ,ι
2003 2821 2081 2875 Si
2114 2818 2241 2890 quis
2274 2833 2359 2871 me
2401 2817 2554 2884 sequi
2604 2814 2741 2878 vult,
2788 2812 3020 2880 abneget
3065 2805 3447 2872 semetipsum.
3491 2821 3510 2853 ι

1934 2911 2236 2982 Abuegatio
2278 2918 2457 2963 autem
2490 2908 2575 2961 sui
2624 2905 2797 2974 ipsius
2843 2911 2929 2956 est
2977 2901 3217 2968 perlecta
3269 2894 3519 2967 pmteri-

1936 3017 2113 3062 torum
2147 3003 2374 3069 oblivio,
2419 3008 2475 3056 et
2517 3017 2546 3054 ιι
2580 3016 2677 3055 sua
2712 2998 2994 3053 voluntate
3040 2996 3265 3049 omnino
3318 2990 3520 3065 abalie-

1937 3099 2107 3154 natio.

323 3188 399 3240 Τὸ
445 3185 624 3250 μέντοι
669 3201 731 3253 γε
775 3186 1202 3255 ἐπιτεταγμένον
1245 3192 1305 3241 οὖ
1349 3191 1458 3259 χρὴ
1501 3189 1826 3257 ἀντιλέγειν.

2004 3190 2158 3255 Quod
2195 3189 2526 3258 imperatum
2563 3186 2724 3239 luerit
2767 3191 2819 3239 et
2855 3182 3256 3252 prmscriptum.
3295 3192 3400 3228 non
3437 3184 3522 3227 est

262 3280 328 3333 ἸΙ
350 3264 469 3348 ’γὰρ
498 3279 712 3348 ὑπακοὴ
744 3278 905 3349 μέχρι
937 3279 1172 3335 θανάτου
1203 3282 1316 3351 ἔχει
1344 3282 1436 3336 τὸν
1467 3283 1610 3351 ὅρον.

334 3455 535 3526 Ἀρετὴ
582 3455 889 3526 ἀρχομένου
941 3456 1036 3510 καὶ
1077 3458 1212 3530 τιμὴ
1253 3462 1315 3514 τὸ
1364 3463 1549 3531 μένειν
1592 3464 1687 3515 ἐπὶ
1733 3465 1830 3533 τῆς

250 3551 281 3602 ὑ
294 3549 521 3615 πακοῆς.

336 3642 463 3693 Ἐὰν
490 3640 587 3713 ἔχῃ
619 3658 703 3703 τις
738 3643 930 3697 πίστιν
960 3645 1041 3707 είς
1069 3643 1191 3697 τινὰ
1214 3686 1229 3708 ,
1261 3646 1356 3698 καὶ
1389 3646 1605 3701 δίδωσιν
1636 3649 1832 3704 ἑαυτδν

250 3736 592 3802 ὑποταγῆναι
620 3735 790 3806 αὑτῷ,
816 3735 877 3790 οὑ
910 3736 1102 3806 χρείαν
1128 3737 1240 3805 ἔχει
1274 3739 1563 3810 προσέχειν
1590 3742 1833 3807 ἐντολαῖς

246 3816 412 3889 Θὲοὖ,
442 3827 575 3881 ἀλλὰ
603 3828 681 3898 τῷ
711 3827 884 3899 πατρὶ
911 3828 1078 3881 αὑτοῦ
1111 3832 1418 3898 συγχωρεῖν
1451 3832 1515 3886 τὰ
1548 3832 1832 3903 θελήματα

246 3919 441 3982 αὑτοῦ,
471 3919 562 3973 καὶ
592 3919 847 3988 ἔγκλημα
873 3917 971 3972 οὑκ
1005 3918 1120 3987 ἔχει
1153 3921 1303 3988 παρὰ
1330 3920 1488 3974 θεοῦ.

336 4014 679 4067 Ἀνάπαυσον
723 4012 816 4067 τὸν
865 4012 1081 4080 πατέρα
1134 4031 1266 4077 σου,
1316 4014 1402 4068 ἴνα
1446 4016 1578 4069 ὅταν
1620 4020 1834 4092 ἀπέλθῃ

249 4105 393 4173 aspir;
420 4105 654 4171 Κύριον,
686 4104 1051 4176 παρακαλέσῃ
1083 4105 1225 4173 ὑπὲρ
1255 4105 1347 4159 σοῦ
1370 4146 1386 4172 ,
1416 4109 1509 4161 καὶ
1538 4105 1600 4162 εὖ
1634 4127 1715 4165 σοι
1745 4113 1836 4178 γέ-

248 4211 435 4260 νηται.
732 4204 743 4217 ⁸

325 4286 541 4354 Σφόδρα
569 4284 829 4357 ζηλοῦσιν
857 4287 905 4340 oi
934 4286 1187 4355 δαίμονες
1215 4285 1342 4351 τοὺς
1368 4287 1424 4340 ἐν
1452 4288 1701 4361 ὑποταγῇ
1733 4309 1835 4344 πα-

248 4377 379 4444 τρὸς
398 4378 832 4466 ,ἀστράπτονταε
853 4417 870 4445 ,
903 4380 999 4434 καὶ
1030 4379 1312 4448 τρίζουσιν
1345 4380 1466 4434 κατ’
1491 4382 1674 4436 αὑτῶν
1706 4384 1834 4448 τοὺς

242 4472 488 4536 ὀδόντας,
517 4473 599 4525 ὅτι
625 4473 685 4525 ἐν
706 4475 775 4540 τῇ
808 4474 1057 4543 ὑποταγῇ
1085 4474 1184 4542 τὴν
1206 4474 1490 4545 ἀποταγὴν
1512 4477 1833 4548 ἀμερίμνως

247 4559 565 4626 ἐζὺγωσαν,
598 4561 722 4616 καθ’
743 4554 827 4615 ὧν
847 4562 941 4615 καὶ
972 4564 1275 4632 προφάσεις
1305 4562 1797 4634 ἀκριϐολογοῢντες
1816 4614 1831 4634 ,

251 4652 608 4721 παροξυσμὸν
631 4653 914 4722 ἀρτύουσι,
944 4656 1037 4707 καὶ
1060 4657 1126 4723 τῇ
1156 4659 1534 4730 συμϐαινούσῃ
1565 4660 1704 4728 ὀργῇ
1733 4662 1833 4728 τὴν

250 4744 421 4816 μῆνιν
459 4744 859 4814 ὲγγλὺφουσιν,
901 4744 1093 4798 ἔπειτα
1138 4746 1196 4799 δὲ
1237 4751 1331 4802 καλ⁸
1376 4749 1529 4816 μῖσος
1571 4749 1708 4817 πρὸς
1746 4752 1837 4802 τὸν

245 4834 465 4906 πατέρα
490 4836 549 4889 τὸ
578 4838 699 4890 κατ’
719 4835 900 4904 ὀλίγον
926 4836 1184 4906 ἕψουσιν,
1213 4837 1289 4901 ὡς
1315 4839 1411 4892 ἆτε
1442 4839 1607 4908 δῆθεν
1632 4841 1835 4906 ἀδίκως

244 4927 720 4995 ἐπιπλήττοντος,
768 4928 862 4981 καὶ
904 4929 1049 4982 κατὰ
1095 4929 1391 4999 πρόσωπον
1435 4932 1832 5001 προσέχοντος,

243 5021 339 5072 ἵνα
373 5020 436 5071 ὲκ
471 5019 746 5086 διαφόρων
780 5019 1001 5089 τρόπων
1037 5019 1135 5090 τὴν
1169 5021 1346 5091 ψυχὴν
1384 5024 1835 5093 περιτινάξαντες

242 5113 359 5166 τῶν
387 5111 674 5181 πατρικῶν
704 5113 964 5180 ἀγκαλῶν
993 5116 1358 5186 σκορπίσωσι.

338 5295 397 5346 ’0
436 5293 646 5361 βάλλων
689 5295 883 5347 ἑαυτὸν
925 5296 1004 5359 εἰς
1050 5296 1299 5367 ὑπακοὴν
1343 5300 1595 5372 πατέρων
1636 5304 1834 5371 ἀμερι-

249 5383 418 5452 μνίαν
450 5387 545 5439 καὶ
572 5387 881 5439 ἀνάπαυσιν
911 5387 1047 5457 ἔχει.

832 5480 1051 5533 ΛΟΓΟΣ
1085 5485 1216 5550 ιιιτν.

744 5573 885 5640 Περὶ
941 5574 1341 5642 προεστῶτος.

326 5662 665 5725 Ύπεόθυνος
704 5659 798 5718 οὖν
839 5666 987 5720 ἐστιν
1041 5670 1068 5720 ὁ
1114 5671 1357 5735 ἐφεστὼς
1394 5675 1460 5742 τῇ
1508 5673 1832 5746 ἀδελφότητι

242 5756 552 5823 ἀγρυπνεῖν
579 5754 716 5825 ὑπὲρ
745 5755 852 5807 τῶν
880 5756 1071 5827 ψυχῶν
1101 5759 1300 5824 αὐτῶν,
1336 5766 1428 5816 καὶ
1459 5768 1731 5835 μεριμνᾷν
1761 5768 1829 5820 τὰ

244 5845 389 5909 ποὺς
442 5846 713 5917 σωτηρίαν
762 5848 963 5918 αὐτῶν,
1000 5851 1074 5914 ὡς
1130 5852 1289 5922 λόγον
1341 5857 1675 5911 ἀπο-δώσων·
1736 5860 1829 5913 καὶ

1934 3280 2298 3337 recusandum
2337 3299 2350 3334 :
2387 3295 2510 3333 nam
2540 3275 2852 3332 obedientia
2883 3275 2965 3329 vel
2991 3274 3057 3327 ad
3093 3280 3322 3326 mortem
3349 3284 3521 3336 usque

1909 3375 2267 3433 extenditur.

2010 3468 2073 3521 S.
2107 3467 2383 3534 Chrysost.
2424 3463 2611 3518 Virtus
2638 3462 2870 3531 subiecti
2899 3470 2953 3514 et
2985 3459 3158 3514 honor
3189 3465 3275 3511 est
3306 3459 3358 3510 in
3392 3457 3525 3511 obe-

1934 3559 2135 3613 dii-utin
2172 3558 2493 3624 persistere.

2008 3649 2062 3702 Si
2095 3649 2220 3716 quis
2253 3648 2412 3702 iidem
2439 3648 2602 3702 habet
2634 3647 2688 3701 in
2718 3647 2976 3711 aliquem.
3004 3661 3068 3700 ac
3092 3644 3333 3712 seipsum
3358 3641 3523 3695 tradit

1938 3739 2011 3792 illi
2041 3738 2467 3806 subjiciendum,
2503 3738 2636 3790 nihil
2665 3738 2712 3790 ei
2746 3745 2825 3789 est
2851 3753 3011 3806 opus,
3038 3746 3099 3789 ut
3120 3732 3393 3788 inandatis
3425 3731 3517 3784 Dei

1937 3839 2169 3883 mentem
2199 3828 2493 3893 adhibeat,
2522 3828 2613 3883 sed
2647 3838 2705 3882 ut
2728 3827 2864 3896 patri
2893 3843 2994 3880 suo
3026 3841 3187 3880 autne
3221 3822 3518 3875 voluntitis

1936 3938 2048 3977 sua:
2072 3904 2315 3976 studium
2337 3920 2568 3983 delerat,
2587 3926 2642 3974 et
2664 3919 2803 3987 apud
2834 3919 3001 3972 Deum
3027 3916 3256 3972 crimine
3283 3911 3519 3966 vacabit.

2005 4013 2191 4068 Reﬁce
2223 4021 2431 4082 patrem
2468 4022 2641 4080 tuum,
2681 4020 2741 4066 ut
2775 4027 2901 4065 eum
2936 4011 3003 4063 ad
3041 4009 3330 4062 Dominum
3366 4003 3520 4057 abie-

1939 4108 2028 4172 rit,
2061 4121 2156 4174 pro
2187 4115 2238 4160 te
2265 4115 2440 4175 roget,
2477 4113 2532 4160 et
2566 4105 2659 4159 tibi
2691 4104 2829 4158 bene
2859 4104 2953 4158 sit.

2010 4287 2372 4343 Vehementer
2409 4286 2646 4341 oderunt
2674 4286 2952 4340 daemones
2978 4298 3071 4337 eos
3102 4282 3195 4352 qui
3229 4282 3280 4335 in
3312 4276 3525 4345 subjec-

1940 4383 2088 4435 tione
2136 4379 2310 4449 patris
2363 4378 2632 4441 eminent,
2682 4384 2738 4430 et
2792 4375 3059 4430 adversus
3114 4388 3211 4427 eos
3269 4370 3525 4424 dentibus

1942 4473 2217 4537 frendent,
2277 4473 2424 4541 quod
2489 4487 2613 4525 cum
2687 4468 2993 4524 ohedientia
3064 4463 3524 4522 renuntiationem

1896 4544 2359 4635 ’copulaverunt,
2427 4563 2592 4630 idque
2653 4560 2799 4614 onmi
2873 4557 3224 4614 solicitudine
3302 4552 3520 4620 posita:

1940 4658 2201 4713 adversus
2234 4672 2395 4726 quos,
2418 4653 2706 4709 meditatas
2753 4651 2993 4707 rationes
3019 4646 3520 4708 comminiscentes,

1943 4749 2310 4802 irritationem
2365 4748 2680 4806 instituunt,
2723 4760 2785 4798 ac
2818 4743 2910 4796 irae
2953 4741 3063 4810 jam
3099 4739 3296 4794 innata:
3327 4736 3522 4804 adjun-

1940 4848 2075 4910 gunt
2118 4838 2481 4898 iracundiam,
2527 4836 2725 4891 deinde
2770 4835 2932 4888 etiam
2983 4832 3168 4887 odium
3217 4829 3272 4883 in
3314 4836 3521 4897 patrem

1940 4934 2201 5005 paulatim
2251 4941 2518 5000 coquunt,
2547 4931 2708 5000 quasi
2755 4937 2910 4997 pater
2942 4927 3129 4994 inique
3163 4923 3435 4993 objurgel,
3468 4928 3522 4975 et

1940 5042 2230 5096 personam
2262 5023 2549 5092 respiciat,
2609 5033 2667 5083 ut
2714 5038 2780 5077 ex
2824 5018 3220 5076 dissidentibus
3275 5014 3520 5068 moribus

1939 5122 2182 5174 animum
2235 5118 2492 5187 agitatum
2525 5133 2590 5170 ex
2636 5115 2783 5169 ulnis
2816 5111 3060 5183 paternis
3093 5117 3366 5165 extortum
3412 5107 3522 5160 (lis-

1939 5212 2142 5280 sipeut.

2011 5302 2284 5360 Dorolhei.
2319 5303 2422 5369 Qui
2455 5317 2513 5357 se
2544 5302 2598 5355 in
2633 5307 2847 5369 patrum
2871 5294 3239 5353 obedientiam
3267 5291 3519 5348 conuuit~

1939 5397 2023 5460 tit,
2059 5410 2253 5450 secure
2280 5404 2333 5448 et
2351 5395 2533 5463 quiete
2562 5392 2715 5446 vivit.

2283 5485 2515 5541 SERMO
2550 5486 2705 5541 XCVI
2765 5485 2861 5557 [ιιι.
2896 5483 3177 5554 CLXXIII.

2549 5580 2621 5633 De
2649 5585 2913 5650 pra'fecto.

2009 5671 2070 5725 S.
2106 5670 2317 5726 Basilii.
2372 5670 2444 5724 Ex
2492 5672 2700 5737 _olliirio
2758 5672 3022 5726 inemubit
3058 5668 3339 5737 praelecto
3412 5666 3521 5719 fm-

1939 5773 2078 5818 trum
2105 5764 2401 5832 sodalitati,
2432 5775 2490 5821 ut
2521 5765 2703 5834 vigilet
2750 5782 2845 5834 pro
2889 5761 3086 5815 animis
3117 5773 3328 5831 (:t'ﬂllll,
3356 5774 3419 5813 ac
3449 5760 3515 5814 de

1934 5858 2108 5914 ωιυιυ
2137 5861 2377 5927 ipsorum
2407 5858 2477 5914 sit
2508 5859 2778 5926 solicitus,
2812 5855 2965 5925 quasi
2998 5854 3089 5922 qui
3125 5853 3395 5943 rationem
3441 5854 3508 5909 sit
