4004 6252
294 347 408 418 1251
447 441 454 447 _

1052 345 1473 411 EUSTATHII
1513 339 2275 406 THESSALONICENSIS
2299 339 2716 406 EPISTOL/E.

3389 345 3531 414 1258

1012 465 1087 522 zv.
1873 461 1923 523 Α
1950 462 2050 532 τῆς
2089 463 2348 532 χάριτος,
2403 462 2517 516 εἴτε
2590 453 2707 534 μῆν’
2756 465 3124 536 ἀντιχάριτος·
3154 468 3322 538 ἡμεῖς
3369 470 3425 524 δέ
3475 471 3529 524 οῖ

351 556 426 625 Τῷ
451 556 631 625 αὐτῷ.
653 559 762 622 Τὰς
786 557 884 613 νῦν
906 559 1220 626 καλάνδας
1247 557 1686 628 πανηγυρίζουσι
1709 555 1846 608 πάν-
1950 554 2138 623 λόγου,
2166 557 2216 609 εί
2271 557 2347 626 μὴ

288 669 382 718 τις,
419 648 503 716 οἷς
549 654 620 708 τά
677 652 970 724 Ῥωμαίων
1010 652 1402 722 πρεσϐεύεται,
1452 651 1546 705 καὶ
1605 647 1715 702 τῶν
1761 649 1845 711 εἰς

289 745 549 817 χαρμονὴν
590 745 956 800 συντελουσῶν
981 744 1210 815 ἡμερῶν
1258 746 1382 808 ταῖς
1425 743 1715 815 μεγίσταις
1745 743 1846 810 ἐγ-

291 839 517 907 κρίνουσι
544 851 561 871 ο
590 837 683 892 καὶ
713 838 814 890 οὑκ
846 835 958 890 ἐσθ’
988 836 1048 901 ὃς
1091 835 1266 900 αύτάς
1299 835 1401 889 οὑκ
1429 835 1555 905 ἄγει
1583 833 1846 903 γλυκεῖαν

289 929 483 1002 ἑορτὴν,
523 931 572 984 εί
603 930 678 1001 μὴ
712 928 960 1000 βούλεται
985 929 1083 983 καὶ
1116 929 1279 991 αὐτὸς
1314 928 1539 1000 ἥδυσμά
1581 942 1637 980 τι
1665 941 1851 995 παρα·

290 1023 486 1077 κεῖσθαι
519 1024 584 1093 τῇ
621 1020 953 1094 πανηγύρει,
985 1021 1082 1076 καὶ
1127 1022 1195 1092 τῇ
1230 1019 1340 1074 τῶν
1379 1019 1703 1090 ἑορταστῶψ
1727 1017 1846 1071 ίλα-

293 1115 460 1187 ρότητι
510 1115 853 1187 παραρτύειν
887 1115 978 1169 τὺν
1006 1113 1222 1184 γέλωτα
1246 1128 1265 1145 ⁸
1299 1112 1462 1176 αὐτὸς
1502 1111 1604 1182 μὲν
1641 1127 1700 1164 σε
1711 1127 1846 1181 μνυ-

289 1211 500 1282 νόμενος
525 1209 621 1263 καὶ
657 1208 910 1278 συνάγων
943 1209 1026 1271 είς
1055 1204 1495 1278 σκυθρωπότητα
1517 1205 1617 1268 τὰς
1647 1203 1846 1274 ὀφρῦς,

288 1305 385 1364 τοῖς
414 1301 470 1356 δὲ
499 1300 804 1372 θεωμένοις
834 1299 980 1355 καθά
1017 1317 1120 1354 που
1167 1301 1264 1357 καὶ
1286 1302 1404 1364 τοῖς
1435 1297 1664 1369 Ἕλλησι
1709 1297 1848 1368 Θερ-

289 1395 424 1464 σίτης
473 1395 606 1448 ποτὲ
642 1395 852 1449 πλατὺν
897 1394 1213 1463 ὑπανοίγων
1247 1393 1342 1446 τὸν
1388 1391 1738 1463 καγχασμὸν,
1768 1391 1848 1454 ὡς

287 1487 336 1539 ἐν
358 1486 523 1556 θιάσῳ
559 1489 712 1558 μέσῳ
739 1487 1076 1560 χορευόντων
1108 1485 1453 1558 χαρμόσυνα,
1477 1483 1848 1538 ἐπίκλαυστον

287 1578 414 1652 ᾄδων
441 1580 621 1645 αὐτὸς,
663 1581 740 1644 ῶς
781 1579 1168 1652 ἀνεόρταστος,
1194 1578 1271 1642 ὡς
1297 1577 1599 1649 ἀνέραστος
1625 1575 1720 1630 τοῦ
1746 1593 1849 1631 κα-

285 1673 388 1736 λοῦ,
419 1672 493 1738 ὡς
525 1674 787 1744 ἄντικρυς
816 1675 1178 1745 ἀχαρίτωτος,
1211 1673 1424 1742 πέτρας
1453 1671 1609 1747 (εἴπῃ
1640 1687 1724 1735 τις
1755 1669 1844 1738 ἂν)

2385 557 2458 628 τῷ
2491 556 2607 610 ϐντι
2645 558 3057 628 θεραπευτικοὶ,
3087 561 3422 632 θεράποντες
3474 563 3532 619 δέ

1947 649 2120 717 ὅμως,
2147 648 2291 719 τάχα
2335 655 2394 703 δέ
2423 651 2520 704 καὶ
2545 652 2776 722 ὀτρηροὶ
2821 651 2920 723 τὴν
2948 655 3136 724 τιμίαν
3177 673 3234 709 σε
3285 658 3532 729 κεφαλὴν

1947 741 2044 792 καὶ
2077 740 2174 794 τοῦ
2213 742 2417 807 παντὸς
2451 741 2613 809 ἀξίαν
2643 742 2722 814 τῷ
2744 746 2878 816 παρ’
2910 748 3044 817 ἡμῖν
3073 749 3243 818 τιμίῳ
3272 750 3530 818 δεξιωσό-

1950 833 2090 902 μεθα
2140 833 2306 906 λόγῳ,
2361 837 2652 901 συνθέντες
2707 839 2902 894 τοῦτον
2952 841 3063 894 ἔσω
3111 842 3379 896 πίπτοντα
3427 845 3525 899 τοῦ

1947 925 2142 996 καιροῦ
2163 941 2180 957 ·
2210 925 2408 982 οὔκουν
2435 930 2577 984 κατά
2615 931 2708 986 τὸν
2740 932 3027 1004 σοφιστὴν,
3064 933 3122 987 ὃν
3161 933 3190 986 δ
3229 933 3387 1004 λόγος
3417 937 3532 991 ἀνω

1949 1034 2032 1070 σοι
2061 1020 2466 1088 παρεστήσατο.
2507 1024 2611 1078 Ἢν
2651 1024 2760 1095 γάρ
2799 1027 3008 1088 ἐκεῖνος
3041 1026 3296 1081 ἐϐάδισεν
3319 1068 3334 1093 ,
3367 1028 3534 1094 αὐτὸς

1947 1110 2151 1180 τεμὼν,
2184 1111 2371 1184 ἔτρεψε
2409 1117 2590 1185 μόνος.
2623 1119 2685 1173 Ol
2714 1119 2760 1173 δ’
2800 1120 2955 1176 ἄλλοι
3000 1120 3146 1175 δοκῶ
3196 1138 3288 1192 μοι
3336 1122 3404 1176 ἂν
3435 1123 3536 1192 τὴν

1946 1206 2206 1279 τοιαύτην
2254 1209 2560 1281 ὀκνήσωσιν
2589 1213 2878 1285 ἅτραπόνο
2911 1215 2972 1270 ού
3021 1217 3133 1287 γὰρ
3179 1217 3338 1271 ἐσται
3378 1219 3533 1287 σφίσι

1949 1305 2069 1354 κατ’
2103 1298 2251 1371 ίχνος
2306 1303 2517 1375 βαίνειν
2548 1304 2644 1359 τοῦ
2677 1309 2930 1379 ῥήτορος.
2993 1309 3290 1382 Γράφομεν
3315 1310 3372 1366 δὲ
3403 1313 3534 1365 κατ’

1949 1391 2139 1462 ἔφοδον
2167 1395 2358 1470 ἀλλην,
2391 1399 2462 1452 δι’
2491 1392 2561 1470 ἧς
2592 1401 2660 1454 τά
2706 1402 2804 1472 τῆς
2841 1403 2990 1474 ῶρας
3023 1407 3124 1460 οὐκ
3156 1407 3532 1480 ἐκφράσομεν,

1949 1487 2086 1542 ἀλλά
2115 1489 2426 1560 φράσομεν,
2463 1492 2580 1556 τοῖς
2612 1493 2828 1548 ἑαυτῶν
2854 1496 2954 1567 τὴν
2984 1498 3204 1570 ἡμέραν
3235 1499 3535 1571 σεμνύνον-

1950 1595 2063 1643 τες,
2091 1580 2289 1651 καὶτῷ
2318 1586 2447 1653 περὶ
2476 1585 2802 1640 καλανδῶν
2835 1587 2980 1658 λόγῳ
3013 1590 3385 1663 ἐξοσιούμενοι
3431 1593 3534 1663 τὴν

1950 1672 2076 1725 κατ’
2116 1672 2332 1739 ἐκείνας
2375 1677 2714 1750 πανήγυριν.
2765 1679 2964 1734 Ἔσται
3005 1681 3062 1735 δέ
3115 1700 3198 1737 σοι
3228 1683 3532 1740 κάντεῦθεν

284 1765 621 1840 ἀ[γ]ελάστου
651 1768 796 1822 κατὰ
818 1767 916 1837 τὴν
939 1765 1242 1839 παροιμίαν
1268 1765 1593 1836 ἀπόκομμα.
1615 1766 1845 1832 Ἀγουσι
1882 1772 1924 1833 Β
1951 1780 2008 1817 τι
2054 1763 2232 1836 βραχὺ
2280 1769 2730 1841 προσωιρέλημα⁹
2763 1772 2868 1826 κᾶν
2921 1773 2970 1826 εἰ
3019 1774 3114 1828 καὶ
3166 1775 3333 1844 μηδὲν
3386 1776 3534 1844 ἄλλο,

288 1861 378 1930 μὲν
405 1858 497 1913 οῦν
524 1859 625 1923 τὰς
653 1858 966 1927 καλάνδας
997 1860 1059 1913 ἐν
1105 1859 1250 1930 λόγῳ
1281 1859 1650 1930 πανηγύρεως
1678 1855 1852 1912 ἀπαν-

282 1967 399 2016 τεςο
430 1952 626 2020 ἄγουσι
652 1952 711 2007 δὲ
751 1951 888 2007 ἀλλα
935 1951 1110 2016 ἄλλοι,
1143 1952 1221 2016 ὡς
1262 1950 1496 2015 ἕκαστος
1528 1946 1670 2005 οἶδεν
1704 1948 1852 2021 ἔχειν

286 2043 318 2115 ἡ
352 2043 445 2098 τοῦ
481 2043 790 2115 βούλεσθαι,
818 2043 853 2115 ἢ
883 2043 978 2098 τοῦ
1001 2042 1287 2099 δύνασθαι.
1317 2043 1428 2097 Καὶ
1457 2042 1643 2098 ὁποῖόν
1671 2059 1726 2095 τι
1755 2043 1852 2097 καὶ

283 2136 460 2207 ἡλίκον
492 2139 611 2201 ταῖς
642 2136 979 2204 καλάνδαις
1005 2138 1150 2191 κατά
1177 2136 1286 2191 τῶν
1312 2135 1491 2191 ἄλλων
1519 2135 1747 2206 ἡμερῶν
1790 2135 1854 2189 τὺ

285 2227 567 2298 ἐκνίκημα,
601 2231 631 2282 ὁ
663 2229 834 2299 Σῦρος
861 2229 974 2300 ἔχει
996 2227 1354 2300 παραστῆσαι
1380 2245 1464 2281 σοι
1493 2226 1774 2297 σοφιστὴς,
1807 2217 1854 2295 ᾧ

284 2321 379 2392 τὴν
402 2319 597 2390 κλῆσιν
623 2321 962 2375 ἐπέπνευσεν
987 2322 1014 2376 ὁ
1047 2319 1362 2393 πυρίπνους
1390 2318 1659 2390 ἐγχώριος
1686 2318 1856 2374 Λίϐα·

286 2431 392 2480 νος,
431 2416 460 2468 ὁ
488 2416 588 2483 τῆς
618 2415 730 2468 τῶν
777 2415 969 2483 Σύρων
1009 2415 1112 2485 γῆς
1149 2412 1520 2484 ὑπερτέλλων,
1555 2413 1652 2468 καὶ
1703 2411 1858 2468 κάτω

283 2524 387 2560 που
415 2506 629 2560 κεῖσθαι
664 2504 835 2576 αὐτὴν
866 2507 924 2560 ἐν
954 2504 1120 2576 κοίλῳ
1145 2506 1326 2574 ἀφείς.
1370 2505 1536 2560 ’Λλλά
1564 2505 1616 2559 τί
1650 2521 1733 2559 σοι
1759 2521 1856 2558 πε⁶

287 2598 564 2670 ριπλέκειν
603 2597 746 2652 δοκῶ
781 2597 1140 2668 περιφράζων
1166 2597 1260 2652 τὸν
1291 2598 1520 2669 ῥήτορα,
1567 2598 1664 2652 καλ⁸
1694 2615 1854 2668 σοφι-

287 2689 482 2754 στικῶς
508 2688 609 2761 τὴν
639 2689 734 2743 τοῦ
766 2689 1032 2759 ὀνόματος
1065 2688 1431 2760 παρωνυμίαν
1479 2686 1860 2760 μεταχειριζό-

290 2795 447 2851 μενος
472 2797 490 2850 ;
520 2781 618 2836 καὶ
644 2781 764 2845 πῶς
791 2780 1098 2853 παρασύρω
1126 2781 1217 2836 τὸν
1233 2780 1403 2853 ἀνδρα
1431 2780 1509 2851 τῷ
1535 2779 1754 2851 Λιϐάνῳ
1777 2778 1858 2850 τῷ

283 2870 422 2943 ϐρει,
451 2872 548 2926 καὶ
593 2871 695 2926 οὐκ
721 2871 905 2940 ἐξάγω
934 2871 1036 2943 τῆς
1089 2872 1320 2945 λόχμης,
1347 2871 1443 2926 καί
1486 2889 1567 2926 σοι
1603 2871 1859 2944 παριστῶ

283 2963 377 3018 τὸν
403 2964 577 3019 δεινὸν
598 2965 860 3036 σοφιστὴν
883 2964 976 3018 τὸν
1001 2964 1262 3020 Διϐἀνιον
1288 2980 1304 3033 ;
1331 2964 1536 3036 Φράζει
1561 2965 1692 3034 γοῦν
1717 2967 1858 3018 ἐκεῖ·

285 3075 397 3126 νος,
439 3057 498 3112 εὖ
538 3057 684 3128 μάλα
734 3058 876 3112 κατά
921 3058 1122 3130 τέχνην
1169 3059 1630 3131 περιηγούμενος,
1679 3057 1854 3111 ὁπόσα

1953 1856 2070 1911 ἀλλ’
2109 1859 2194 1912 ὄτι
2223 1875 2354 1931 περ,
2393 1862 2429 1916 a
2457 1861 2675 1928 πολλοῖς
2709 1863 2953 1934 ἐδαφίοις
2995 1865 3195 1936 βίϐλων
3225 1867 3540 1938 κατέσπαρ-

1953 1964 2070 2016 ται,
2094 1951 2260 2020 ἡμεῖς
2297 1951 2730 2025 ἀποτεμόμενοι,
2767 1957 3028 2030 καθάπερ
3058 1959 3198 2031 ἀδρά
3217 1977 3340 2016 τινα
3371 1962 3540 2032 δράγ-

1957 2057 2128 2111 ματα,
2156 2043 2233 2108 ὡς
2260 2044 2345 2108 είς
2367 2045 2588 2116 εὐρεῖαν
2616 2047 2856 2120 πανδεχῆ
2886 2049 3054 2104 καλοῦ
3084 2053 3286 2116 παντὸς
3305 2052 3537 2120 αὔλακα,

1955 2133 2055 2204 τὴν
2108 2135 2209 2206 σὴν
2265 2137 2554 2207 φιλολόγον
2627 2139 2813 2213 ψυχὴν
2864 2143 3122 2213 φέροντες
3175 2145 3538 2214 ἐντιθέαμεν,

1956 2225 2116 2298 θέρος
2179 2243 2264 2282 σοι
2315 2228 2476 2284 τοῦτο
2534 2233 2912 2302 σχεδιάζοντες
2965 2233 3224 2307 εύδαιμον
3281 2238 3340 2291 ἐν
3395 2238 3536 2311 μέση

1956 2319 2228 2390 χειμῶνος
2255 2319 2397 2392 ὥρα·
2430 2322 2460 2376 ὃ
2496 2322 2561 2376 σὺ
2595 2323 2719 2395 τάχ’
2745 2324 2812 2379 ἃν
2849 2327 2946 2381 καὶ
2999 2327 3079 2392 είς
3112 2329 3352 2399 χρυσοῦν
3381 2329 3540 2401 θέρος

1957 2412 2246 2485 ἐγγράψας
2277 2415 2576 2480 είκάσειας’
2619 2417 2720 2488 οὐχ
2765 2418 2847 2472 ὅτι
2879 2417 3114 2488 τοιοῦτο,
3148 2419 3269 2474 ἀλλ’
3314 2421 3397 2476 ὅτι
3433 2441 3540 2492 περ

1956 2505 2102 2559 οὑτω
2153 2522 2240 2560 σοι
2283 2505 2682 2562 ταλαντεύεται
2738 2509 2808 2562 τά
2847 2509 3132 2582 ἡμέτερα,
3184 2514 3280 2568 καὶ
3316 2514 3541 2584 τιμᾶται

1958 2594 2179 2650 πολλοῦ.
2227 2596 2478 2666 Λέγομεν
2529 2593 2626 2651 οὗν
2678 2597 2834 2652 ἐνθεν
2861 2600 3098 2666 ἑλόντες,
3149 2601 3271 2675 [ὡς]
3315 2604 3415 2659 ούκ
3461 2608 3542 2670 είς

1957 2686 2055 2740 ἕνα
2101 2687 2223 2741 τινά
2261 2687 2456 2758 καιρὸν
2495 2687 2565 2742 τὸ
2604 2688 2712 2756 τῆς
2758 2690 3071 2760 καλάνδης
3101 2693 3306 2762 ἀγαθὸν
3356 2712 3542 2751 στενο-

1958 2777 2306 2848 χωρούμενον
2339 2781 2772 2851 περιγράφεται·
2805 2784 3292 2855 συνεπιμερίζεται
3342 2786 3398 2841 δὲ
3426 2791 3544 2854 τοῖς

1957 2866 2164 2923 δώδεκα
2197 2870 2456 2941 μεγάλοις
2485 2872 2676 2942 τμήσα
2691 2887 2744 2925 σι
2779 2871 2875 2926 τοῦ
2921 2874 3196 2940 ἐνιαυτοῦ,
3222 2875 3259 2930 ἃ
3290 2876 3546 2948 κινούμιο

1959 2974 2047 3023 νος
2077 2959 2229 3030 ἥλιος
2271 2960 2370 3016 καὶ
2423 2962 2784 3034 παρελαύνων
2831 2964 2892 3018 τὸ
2929 2963 3026 3018 τοῦ
3074 2964 3347 3030 ζωδιακοῦ
3384 2967 3542 3035 λοξοῦ

1958 3050 2162 3104 κύκλου
2220 3053 2701 3125 δωδεκατημόριον
2753 3055 2989 3112 ἕκαστον
3039 3058 3229 3128 τέμνει
3254 3075 3268 3089 ’
3305 3057 3404 3113 καὶ
3450 3059 3546 3114 τὸν

282 3150 391 3205 τῶν
419 3150 600 3205 καλῶν
623 3151 1046 3221 τελοῦνταιπερὶ
1067 3150 1260 3218 αὐτὰς,
1287 3152 1415 3215 τοὺς
1462 3151 1857 3222 κρότους,τοὺς
1880 3109 1928 3174 C
1961 3141 2210 3197 δνιαυτοῦ
2252 3143 2518 3214 στέφανον
2545 3144 2689 3201 οὕτω
2721 3148 3006 3217 περιάγων
3033 3189 3050 3214 ν
3083 3150 3288 3220 γράφει
3325 3152 3417 3206 τὸν
3447 3151 3546 3206 κύ-

283 3242 510 3314 ὕμνους,
565 3245 690 3307 τοὺς
741 3246 1000 3310 παιᾶνας,
1035 3244 1104 3298 τά
1147 3243 1322 3316 δῶρα,
1365 3244 1540 3298 τᾶλλα
1569 3245 1670 3316 τῆς
1718 3243 1833 3314 ἡμέ

287 3353 388 3408 ρας
439 3335 645 3405 ἀγαθὰ,
677 3337 715 3392 ἃ
774 3336 950 3407 στόμα
1009 3337 1268 3392 Λιϐανίου
1322 3337 1585 3408 τεχνικῶς
1629 3337 1864 3408 διαμασ-

285 3427 600 3498 σησάμενον
645 3427 836 3482 ἐλέανέ
865 3443 926 3481 τε
976 3429 1074 3482 καὶ
1098 3429 1310 3500 τροφὴν
1345 3427 1560 3481 ἐνέθετο
1587 3427 1703 3491 τοῖς
1729 3444 1863 3498 προ-

280 3518 632 3590 τελουμένοις
683 3519 764 3573 ἔτι
795 3521 890 3573 καὶ
922 3518 1459 3591 βρεφοκομουμένοις
1502 3515 1616 3574 οἷον
1663 3519 1733 3573 τὰ
1781 3522 1864 3582 είς

285 3611 613 3683 ῥητορικήν.
653 3613 753 3666 Ἕν
775 3612 840 3683 δὴ
870 3629 923 3667 τι
945 3613 1054 3666 τῶν
1082 3611 1182 3682 τῆς
1207 3607 1423 3684 ἡμέρας
1447 3613 1654 3684 ταύτης
1683 3611 1864 3666 καλῶν

281 3704 384 3756 καλ¹
411 3702 475 3756 τὸ
505 3702 802 3774 δωρεῖσθαι
825 3704 931 3757 καὶ
957 3701 1212 3774 ἀλλήλοις
1238 3721 1292 3758 τι
1323 3703 1618 3770 συντελεῖν,
1645 3703 1707 3757 ού
1735 3704 1864 3770 τοὺς

213 3851 217 3853 .
279 3795 486 3860 αὐτοὺς
509 3797 625 3860 τοῖς
657 3795 846 3858 αὐτοῖς
869 3795 1254 3867 (συνάλλαγμα
1279 3796 1390 3868 γάρ
1419 3796 1581 3850 τοῦτο
1613 3794 1864 3850 τοιοῦτον

279 3887 388 3941 οὑκ
418 3885 659 3956 εὐγενὲς,
693 3887 892 3958 φρενὸς
926 3885 1231 3956 κερδαλέας
1275 3890 1554 3958 τέχνασμα
1584 3903 1602 3922 ο
1635 3886 1865 3956 κέρδους

279 3979 552 4048 ἀγεννοῦς
569 3978 918 4050 ἐμπόρευμα,
933 3977 1113 4049 ψυχῆς
1132 3977 1195 4031 ού
1215 3978 1405 4047 φιλικά
1427 3975 1735 4049 φρονούσης
1765 3978 1864 4048 ἐμ-

280 4073 557 4143 πόλημα),
588 4071 704 4126 ἀλλ’
731 4071 925 4142 ἄλλους
946 4072 1128 4136 ἄλλοις
1156 4085 1172 4102 ο
1205 4069 1302 4124 καὶ
1341 4071 1552 4136 πάντας
1574 4071 1861 4142 ἀλλήλοις,

277 4165 457 4220 ἄλλον
487 4163 618 4219 ἄλλο
645 4181 700 4218 τι
745 4162 1090 4234 χαρίζεσθαιο
1117 4163 1192 4226 ὡς
1218 4161 1333 4217 ἐστι
1368 4162 1470 4232 μὲν
1494 4156 1558 4217 οὗ
1584 4161 1682 4234 τὴν
1703 4162 1866 4233 χάριν

275 4256 694 4324 ἀνακάμπτειν,
721 4257 817 4309 καὶ
845 4255 983 4324 πρὸς
1010 4252 1109 4322 τὴν
1129 4253 1484 4324 κατάρξασαν
1507 4253 1864 4323 στρέφεσθαι*

149 4353 158 4359 ’
273 4349 405 4403 ἐστι
435 4348 483 4402 δ’
504 4351 593 4403 ὅτε
623 4351 718 4402 καὶ
739 4345 1126 4418 εὐθυωροῦσαν
1153 4346 1472 4417 προϐαίνειν
1494 4345 1618 4400 κατ’
1645 4345 1867 4401 εὐθεῖαν

1962 3233 2092 3288 κλον
2127 3235 2374 3307 ὁλοτελῖγ
2402 3238 2500 3290 καὶ
2548 3239 2672 3292 ὅσαι
2710 3240 3001 3310 νεομηνίαι
3030 3241 3542 3312 ὑπανακύπτουσιν,

1962 3327 2141 3398 ἀρχὰς
2175 3328 2480 3383 ἐνδιδοῦσαι
2525 3328 2622 3384 τοῦ
2675 3331 2948 3401 χρονικῶς
2989 3333 3208 3404 τρέχειν
3255 3337 3379 3400 ταῖς
3417 3337 3548 3405 ἐφε-

1964 3419 2084 3489 ξῆς,
2132 3419 2399 3476 τοσαῦται
2445 3423 2541 3475 καὶ
2570 3423 2869 3478 καλάνδαι
2900 3427 3384 3494 συνεκπίπτουσιν,
3415 3429 3550 3484 ἐκά-

1967 3529 2096 3566 στου
2128 3513 2238 3567 τῶν
2279 3514 2469 3584 μηνῶν
2500 3515 3118 3602 προιξάρχουσαιμίαὶ
3160 3519 3304 3589 τάχα
3333 3522 3421 3584 είς
3445 3537 3548 3574 πο-

1964 3603 2282 3676 λυωνυμίαν
2336 3604 2399 3659 τὸ
2448 3603 2558 3659 τῶν
2613 3605 2816 3671 λέξεων
2845 3607 3039 3679 χρῆμα
3088 3609 3424 3680 συνάγεταιο
3452 3613 3550 3667 καὶ

1965 3697 2082 3753 ἐστι
2106 3699 2307 3754 ταυτὸν
2327 3701 2407 3764 είς
2433 3699 2762 3770 πράγματος
2786 3701 2976 3771 φύσιν,
3004 3703 3316 3772 καλάνδας
3351 3720 3419 3759 τε
3451 3707 3550 3760 καὶ

1964 3789 2300 3862 νουμηνίας
2333 3792 2372 3862 ἦ
2405 3792 2751 3862 ἱερομηνίας
2782 3794 2984 3849 είπεῖνο
3009 3795 3198 3868 ὥσπερ
3220 3796 3286 3868 δή
3323 3814 3428 3850 που
3450 3799 3548 3853 καὶ

1965 3885 2250 3940 ἐνιαυτὸν
2275 3887 2368 3939 καὶ
2398 3887 2555 3952 ἔτος,
2590 3886 2694 3957 ἡδη
2735 3886 2792 3940 δὲ
2819 3889 2917 3940 καὶ
2945 3888 3189 3956 χρόνον,
3219 3888 3297 3953 ὡς
3329 3890 3363 3959 ἡ
3389 3890 3549 3944 κάτω

1966 3977 2198 4048 κειμένη
2239 3977 2335 4030 καὶ
2363 3976 2598 4030 ταπεινὰ
2615 3976 2967 4050 φθεγγομένη
3005 3978 3291 4045 διάλεκτος
3313 3982 3382 4036 ἂν
3415 3982 3552 4036 ὑπο-

1968 4065 2302 4138 φθέγξηται.
2331 4067 2444 4137 Οὐχ
2471 4066 2838 4121 ὑποπέπτωκε
2871 4068 2929 4121 δέ
2949 4069 3175 4142 τοιαύτη
3207 4070 3354 4138 λέξις
3373 4073 3542 4144 ἀρχῇ,

1967 4155 2077 4209 οὐδ’
2105 4156 2222 4209 ἐστι
2259 4156 2630 4226 πρωτόθετοςο
2658 4157 2776 4210 ἀλλ’
2809 4159 2874 4210 ἐκ
2900 4158 2992 4212 τοῦ
3020 4159 3251 4226 καλεῖν,
3281 4157 3372 4217 οἷά
3399 4179 3546 4227 τινος

1968 4249 2172 4320 ἀρχῆς,
2204 4250 2322 4304 εἴτε
2385 4251 2497 4320 μὴν
2552 4248 2685 4320 ὕλης
2731 4251 3026 4322 ἀρχεγόνου
3059 4255 3394 4326 παράγεται.
3437 4257 3549 4312 Καὶ

1970 4341 2087 4395 ἐστι
2133 4343 2234 4411 μὲν
2283 4341 2500 4413 άληθῶς
2556 4344 2807 4422 Λατίνων
2847 4345 3113 4418 ἐγχώριος
3167 4349 3201 4419 ἡ
3249 4347 3426 4422 φωνὴ,
3454 4353 3550 4404 καῖ⁵

276 4441 578 4512 μετάδοσιν
607 4477 625 4504 ,
675 4437 875 4494 οὔκουν
927 4439 1201 4493 ἀντίδοσιν
1220 4456 1236 4472 °
1263 4439 1362 4494 καὶ
1414 4438 1710 4512 προρρέειν
1763 4438 1864 4503 τὰς
1897 4453 1942 4510 ι)
1971 4434 2076 4502 ἔξω
2123 4452 2231 4489 που
2261 4435 2363 4506 τῆς
2406 4437 2680 4509 Ἑλλήνων
2705 4437 2873 4508 αὐλῆς
2901 4439 3188 4510 θυραυλεῖ.
3215 4441 3325 4494 Καὶ
3357 4441 3549 4494 είδεῖεν

271 4534 547 4605 χάριτας,
571 4532 646 4600 πῆ
678 4531 778 4602 μιν
816 4531 922 4586 ὀινά
948 4531 1171 4598 κύκλον,
1198 4533 1294 4585 καὶ
1343 4531 1439 4600 (ὥς
1466 4532 1668 4601 είπεῖν)
1692 4532 1866 4602 ἀψορ-

275 4625 477 4693 ρόους,
513 4623 592 4692 πῆ
624 4621 673 4674 δ’
724 4621 809 4675 ίθύ
864 4639 984 4685 πως
1012 4621 1104 4674 τὸν
1136 4621 1264 4692 ῥοῦν
1299 4621 1602 4693 εύθύῤῥουν
1629 4620 1870 4694 προϐάλ-

270 4714 502 4769 λεσθαι.
533 4713 646 4785 Τὴν
672 4713 783 4784 γὰρ
816 4713 1196 4786 παροιμιακὴν
1219 4712 1469 4784 ἀνάγκην
1495 4712 1866 4784 διαγραπτέον

267 4806 544 4872 ἐνταῦθα,
576 4806 688 4873 Δός
712 4821 767 4860 τι
817 4805 916 4862 καί
943 4805 1093 4860 λάϐε
1131 4823 1210 4873 τι,
1239 4805 1530 4874 λέγουσαν.
1573 4804 1865 4876 Ἐξοστρα-

265 4901 481 4954 κιστέα
503 4898 616 4971 γὰρ
651 4897 817 4968 αὕτη,
847 4899 1128 4962 πολιτείας
1174 4897 1536 4967 ὑγιαινούσης
1581 4896 1647 4951 τὺ
1690 4897 1864 4966 ἀνεμ-

267 4991 556 5059 πόρευτον
601 4991 921 5046 κοινωνικὸν
957 4990 1288 5061 ἀναιροῦσα,
1319 4990 1414 5044 καὶ
1439 4988 1542 5060 τὴν
1575 4989 1764 5060 φιλίαν
1809 4987 1868 5053 ἐξ

265 5084 588 5156 ἀνθρώπου
655 5085 947 5156 βάλλουσα.
1021 5085 1216 5153 Ἡμεῖς
1275 5082 1369 5138 οῦν
1433 5081 1713 5153 ἀπέχομεν
1765 5081 1868 5152 ἡδη

269 5181 464 5251 μυρία
509 5179 622 5232 τῶν
663 5179 774 5232 σῶν
801 5177 1025 5246 ἀγαθῶν
1056 5217 1072 5244 ,
1122 5177 1158 5232 ἃ.
1192 5178 1514 5242 καταντλεῖς
1544 5178 1706 5248 ἡμῶν
1739 5178 1870 5247 ὁση-

266 5273 480 5342 μέραι·
506 5271 591 5324 δεῖ
620 5272 680 5324 δέ
712 5273 808 5324 καὶ
841 5273 993 5342 ἡμᾶς
1023 5272 1164 5324 κατὰ
1197 5272 1296 5335 τὰς
1327 5274 1386 5324 ἐν
1421 5269 1705 5340 συμϐόλων
1733 5284 1871 5338 γρα-

263 5367 419 5436 φαῖς
475 5366 820 5435 ὑμνουμένας
879 5367 1106 5436 χάριτας
1153 5366 1262 5418 τῶν
1316 5364 1428 5418 σῶν
1498 5364 1868 5433 ἐπιστρόφους

257 5456 544 5526 γενέσθαι
568 5458 830 5528 χαρίτων,
856 5461 916 5512 ού
943 5458 1210 5522 διδόντας,
1241 5457 1379 5511 ἀλλὰ
1416 5458 1669 5528 μεγάλων
1702 5459 1874 5529 προῦ-

259 5548 618 5618 παρξάντων
655 5549 1020 5610 ἀντιδιδόντας
1059 5550 1260 5617 μικρά·
1300 5552 1394 5601 καὶ.
1442 5552 1631 5618 χεῖρας
1680 5549 1871 5618 χερσὶν

256 5641 570 5710 ἐμϐαλεῖν,
604 5643 701 5695 καὶ
732 5641 899 5697 καλοῦ
929 5641 1118 5694 τούτου
1147 5641 1354 5694 κύκλου
1377 5642 1591 5711 χορείας
1614 5643 1871 5712 Χαρίτων

255 5734 698 5801 καταρξαεθαι.
762 5737 871 5787 Καὶ
916 5735 981 5803 δὴ
1011 5735 1220 5802 γίνεται
1257 5734 1418 5787 τοῦτο
1451 5735 1588 5805 πρὸς
1619 5733 1869 5802 δύναμιν.

255 5829 484 5881 ἈλΑοι
517 5831 618 5898 μεν
651 5826 748 5876 οὖν
768 5828 944 5890 ἄλλως
978 5825 1546 5896 ἀφοσιούσθωσαντῷ
1597 5825 1776 5895 καιρῴ
1802 5829 1872 5883 τὰ

623 5923 898 5989 ΡΑΤιιοι..
935 5925 1053 5988 Gn.
1084 5923 1424 5988 CXXXVI.

1970 4528 2040 4582 ἂν
2067 4527 2314 4599 ἀκριϐῶς
2368 4529 2572 4583 ἐκεῖνοι
2631 4530 2690 4582 τὸ
2719 4529 2894 4599 ῥῆμα,
2935 4531 2966 4583 ὃ
3009 4531 3066 4584 τί
3101 4547 3230 4585 ποτε
3277 4529 3545 4600 βούλεται.

1965 4617 2197 4687 Φέρεται
2234 4618 2282 4671 δ’
2317 4617 2475 4686 ὅμως
2523 4616 2699 4685 λόγος,
2735 4617 2810 4680 ὡς
2859 4618 2966 4687 ἄρα
3015 4617 3082 4672 τὸ
3133 4619 3346 4674 καλεῖν
3378 4621 3550 4689 όνομα

1965 4709 2065 4773 τάς
2113 4707 2426 4775 καλάνδας
2454 4709 2805 4779 παρήγαγεν.
2843 4710 2907 4763 '0
2955 4711 3067 4780 γάρ
3099 4729 3181 4766 τοι
3211 4740 3281 4753 --
3317 4714 3428 4768 εῐτε
3453 4715 3548 4769 καὶ

1967 4798 2245 4865 Λατῖνος,
2271 4799 2381 4852 εἴτε
2403 4799 2502 4853 καὶ
2534 4798 2840 4870 Ῥωμαῖος,
2883 4800 3065 4870 βούλει
3095 4802 3274 4871 λέγειν
3297 4806 3550 4876 -ἰερεὺς

1967 4891 2025 4944 ἂν
2057 4891 2246 4954 αὑταῖς
2281 4889 2629 4960 περικαλῶν
2662 4892 2754 4947 τὸν
2777 4893 2935 4963 ϐχλον
2981 4894 3328 4966 κηρύγματι,
3357 4897 3455 4960 τάς
3487 4914 3550 4952 τε

1967 4984 2197 5048 νόννας
2225 4982 2324 5038 τοῦ
2358 4985 2557 5056 μηνὸς,
2587 4985 2796 5056 πηνίκα
2829 4988 2936 5059 χρὴ
2978 4989 3135 5056 ἄγειν
3158 5027 3173 5053 ,
3212 4989 3426 5058 ἐξεϐόα,
3459 4993 3554 5046 καὶ

1968 5077 2063 5140 τὰς
2096 5075 2300 5142 είδοῦς
2357 5077 2416 5132 δέ
2468 5079 2878 5150 προανέκραζε.
2911 5081 3070 5145 Τίνες
3122 5081 3180 5135 δὲ
3208 5077 3371 5136 αὗταί
3416 5087 3551 5152 είσι,

1972 5167 2289 5240 βουλομένῳ
2320 5169 2470 5225 ἔστιν
2498 5170 2756 5228 ἀκοῦσαι·
2803 5173 2940 5236 τέως
2962 5172 3007 5226 δ’
3033 5175 3330 5244 ἀναμένειν
3351 5177 3552 5248 χρεών.

1983 5263 2218 5332 Ἥγοντο
2255 5264 2354 5334 μὲν
2399 5259 2496 5318 οὖν
2527 5267 2702 5319 πᾶσαι
2751 5264 3048 5321 καλάνδαι
3094 5267 3184 5324 διὰ
3231 5269 3425 5340 τιμῆς,
3458 5271 3554 5322 καὶ

1975 5356 2116 5422 ιεραῖ
2145 5348 2288 5422 ἦσαν
2324 5354 2554 5425 ἡμέραι,
2598 5357 2688 5410 ὅτε
2746 5357 2842 5410 καὶ
2894 5358 3199 5430 νεομηνίαι·
3229 5360 3327 5412 καὶ
3357 5359 3420 5411 τὸ
3452 5358 3550 5427 τῆς

1978 5445 2146 5515 λρχῆς
2179 5445 2323 5499 οὓτω
2376 5447 2520 5500 θεῖον
2573 5447 2876 5516 ἀνέφαινον.
2931 5449 3120 5515 Ἔδοξε
3173 5449 3228 5502 δέ
3285 5463 3401 5510 πως
3451 5451 3550 5512 τὰς

1987 5541 2384 5611 Ἰαννουαρίους
2426 5542 2742 5607 καλάνδας
2788 5545 3046 5614 προέχειν
3091 5543 3199 5596 τῶν
3228 5542 3425 5609 ἀλλων,
3457 5545 3554 5595 καὶ

1974 5637 2034 5688 τὸ
2085 5636 2196 5689 τῶν
2227 5636 2433 5690 λοιπῶν
2490 5636 2785 5706 πρεσϐεῖον
2833 5634 3238 5701 ἐξιδιώσασθαι,
3293 5634 3388 5688 καὶ
3417 5635 3557 5686 ἀπο-

1976 5732 2184 5804 κρύψαι
2213 5733 2313 5798 τὰς
2343 5733 2509 5796 ἄλλας
2553 5731 2632 5801 τῷ
2679 5734 2923 5801 θαύματι
2948 5744 2963 5760 ⁸
2991 5729 3066 5792 ὡς
3100 5731 3196 5784 καὶ
3227 5726 3558 5797 σεσιγῆσθαι

1974 5825 2074 5890 τὰς
2124 5827 2314 5888 λοιπὰς
2339 5867 2353 5893 ,
2418 5826 2510 5880 καὶ
2539 5887 2545 5892 ,
2571 5825 2706 5895 μηδ’.
2748 5826 2917 5894 ὄνομα
2971 5820 3102 5893 γοῦν
3154 5819 3463 5895 καλάνδης
3501 5822 3560 5875 ἐν

3168 5915 3245 5983 40
