4004 6252
454 280 581 344 ίιὶῖί

1809 293 1854 351 Α
1866 294 2012 355 DDE
2021 294 2067 355 N
2076 294 2195 354 DA.

3559 288 3702 357 1272

439 406 611 469 ἡδέως
644 406 736 461 τὸν
768 409 865 477 τῆς
907 410 1122 479 γραφῆς
1158 410 1409 465 διάκονον
1458 412 1816 485 ἀναδέχομαι.
1867 415 2022 470 Ἐπεὶ
2048 424 2095 484 Α
2124 414 2309 479 θέντες
2340 414 2496 484 μόλις
2525 414 2833 484 γεγόναμεν
2866 408 3107 478 ἐαυτῶν,
3131 410 3226 465 καὶ
3266 410 3566 483 λαλοῦμεν,
3604 416 3705 467 καὶ

434 502 493 555 δέ
515 502 611 557 καὶ
635 503 714 567 εἰς
734 504 932 574 ’χεῖρας
968 504 1029 557 τὸ
1058 503 1296 574 γράμμα
1321 504 1543 575 λάϐοιμι
1575 508 1673 561 καὶ
1701 508 2018 575 ἀναπτύξας

434 592 725 665 διέλθοιμι,
752 594 963 662 γίνεταί
1000 612 1091 663 μοι
1126 596 1270 651 κατά
1299 597 1397 667 τὴν
1436 601 1740 669 παροιμίαν
1768 600 2017 657 arma

434 687 510 741 τὰ
558 688 669 744 τοῦ
697 687 1078 759 πράγματος·
1110 692 1206 746 καὶ
1238 691 1299 745 οὑ
1336 693 1497 761 μόνον
1542 693 1643 747 οὐκ
1676 693 1865 758 Ξνθους
1909 695 2014 760 ἐτι,

436 781 531 839 καὶ
575 781 896 852 ὀλιγοπότης
934 799 1000 852 γε
1040 778 1181 839 εῖναι
1226 787 1539 856 μεμένηκα.
1591 786 1702 839 Καὶ
1747 782 1818 859 ἦν
1867 786 2015 849 είκδς

433 874 496 926 τὸ
530 874 723 939 πάθος.
756 876 911 930 Κατά
946 877 1056 945 γὰρ
1104 876 1199 931 τὸν
1228 876 1322 930 τοῦ
1379 877 1609 946 Σοφίλου
1670 881 1753 932 σοὶ
1803 878 1905 949 μιν
1951 872 2012 933 εὖ

434 965 733 1034 πράττοντι
769 968 945 1040 χαίρω
968 980 982 998 ⁶
1019 970 1071 1022 εί
1114 970 1170 1023 δέ
1208 987 1290 1023 σοι
1317 971 1385 1024 τά
1429 970 1530 1037 τῆς
1568 970 1742 1041 τύχης
1776 970 2015 1037 ἔμπαλιν

434 1057 688 1129 φέρεται,
721 1060 897 1130 μέγαν
924 1060 1083 1118 ὄκνον
1112 1060 1221 1132 ἐχω
1252 1065 1347 1119 καὶ
1377 1061 1716 1132 πεφόϐημαι.
1751 1061 2011 1117 Τοιοῦτόν

436 1167 528 1219 μοι
582 1150 769 1222 κῶμον
810 1152 1151 1220 ἐπεισήγαγε
1181 1156 1247 1225 τῇ
1296 1154 1545 1224 τραπέζῃ
1584 1154 1722 1224 τύχη
1769 1172 1853 1218 τις
1884 1154 2014 1222 φθο-

434 1242 568 1314 νερά
612 1243 1045 1315 ὑποκαθημένη·
1100 1244 1244 1299 οὕτω
1297 1263 1388 1316 μοι
1436 1245 1771 1315 ἐπεκώμασε
1803 1246 2014 1317 σφοδρά

434 1338 535 1389 καὶ
584 1337 926 1401 ἀκάθεκτοςε
971 1339 1066 1395 καί
1102 1356 1192 1409 μοι
1235 1340 1299 1392 τό
1340 1357 1399 1393 τε
1437 1339 1614 1409 στόμα
1656 1340 2012 1409 συμπιέσασα

436 1428 638 1499 ἐπέσχε
690 1430 785 1483 τοῦ
817 1432 1081 1500 ἐνεργεῖν,
1120 1436 1216 1485 καὶ
1253 1432 1353 1495 τάς
1387 1432 1578 1502 χεῖρας
1628 1434 1843 1501 παρῆκε
1870 1447 1887 1465 ·
1917 1431 2013 1485 καὶ

434 1520 489 1573 τί
533 1537 665 1574 ποτε
696 1522 805 1591 ἀρα
850 1523 878 1576 ό
926 1522 1037 1577 τῶν
1077 1523 1351 1593 Ἁρπυιῶν
1390 1523 1639 1593 βούλεται
1690 1524 1879 1594 μῦθος,
1912 1524 2014 1578 αύ-

433 1613 544 1676 τοΐς
567 1611 750 1682 ἔργοις
782 1631 872 1683 μοι
902 1615 1307 1684 παρεστήσατο.
1352 1616 1587 1669 Ἑκεῖναι
1618 1617 1727 1685 γὰρ
1753 1616 1815 1670 τὸ
1846 1634 2015 1686 προσ-

432 1704 594 1775 τυχὸν
622 1706 1031 1777 ἀφαρπάζουσι,
1054 1710 1146 1762 καὶ
1173 1708 1340 1763 αὑτοῦ
1366 1709 1569 1773 Φινέως
1590 1710 1698 1764 τῶν
1722 1728 1780 1764 τε
1810 1711 2012 1783 χειρῶν

2124 507 2360 577 βαδίζειν
2412 506 2631 577 ἔχομεν,
2658 506 2757 560 καὶ
2795 506 2876 567 είς
2931 506 3033 574 τὴν
3083 504 3404 576 ἀγιωτάτην
3454 507 3703 577 μεγάλην

2119 597 2419 668 ἐκκλησίαν
2449 597 2809 670 ἀπέρχεσθαι,
2843 599 2940 652 καὶ
2964 598 3072 651 τῶν
3108 599 3282 669 αὐτῆς
3324 601 3705 656 ὲπαπολαύειν

2119 691 2327 748 καλῶν.
2364 691 2476 761 Τὴν
2498 690 2559 745 δέ
2594 691 2706 762 ’σὴν
2733 691 3126 761 πανσεϐἀστην
3158 691 3401 762 κεφαλὴν
3432 692 3557 747 ἀντὶ
3586 694 3701 747 τῶν

2117 785 2201 847 εἰς
2242 783 2391 854 ἡμᾶς
2433 800 2529 837 σου
2578 782 2802 851 ἀγαθῶν
2848 781 3141 852 ἀμείψαιτο
3188 783 3216 835 ό
3267 781 3410 847 θεὸς,
3443 778 3526 847 οἷς
3573 784 3702 849 ἀξία

2117 877 2265 931 ἐστὶν
2294 876 2434 948 (ἐστι
2462 875 2540 940 δὲ,
2568 869 2634 930 05
2667 876 2735 931 ἀν
2764 876 2909 929 εῐποι
2955 892 3061 939 τις,
3092 873 3285 944 καλοῦ)
3307 891 3322 905 ·
3358 875 3457 929 καὶ
3493 875 3701 946 ῐδοιμέν

2118 988 2178 1023 σε
2210 969 2425 1041 ἔχοντα,
2458 968 2649 1041 ὥσπερ
2696 967 2989 1040 εὐχόμεθα.
3042 966 3204 1039 Ἡμῖν
3249 967 3351 1039 ἤδη
3401 967 3556 1037 μέλει
3604 968 3700 1022 καὶ

2115 1063 2217 1132 τῆς
2266 1063 2346 1127 εἰς
2377 1054 2650 1133 τρυγητὸῦ
2692 1059 3067 1123 ἀπελεύσεως,
3090 1062 3239 1125 ὅπως
3275 1060 3342 1114 ἂν
3367 1060 3606 1131 ἐχωμεν,
3649 1061 3698 1114 εί

2117 1156 2213 1209 καὶ
2245 1155 2320 1227 μὴ
2364 1154 2572 1220 καλῶς.
2596 1155 2786 1216 Οὐδεὶς
2832 1153 2944 1224 γὰρ
2980 1154 3090 1209 τῶν
3135 1153 3229 1207 τοῦ
3256 1155 3534 1225 ἡμετέρου
3571 1146 3700 1207 κελ-

2115 1246 2255 1310 λίου,
2287 1247 2438 1311 ὅστις
2478 1247 2546 1302 ἂν
2604 1247 2681 1319 μὴ
2733 1248 2849 1310 τοῖς
2902 1248 3200 1319 ἡμετέροις
3244 1247 3699 1318 κατακολουθὴσῃ

2117 1340 2355 1409 ῐχνεσιν·
2410 1338 2548 1395 ἀλλά
2600 1339 2806 1403 πάντες
2851 1340 2950 1394 τοῦ
3001 1341 3170 1395 αὑτοῦ
3219 1340 3500 1411 κρατῆρος
3568 1342 3701 1411 ἡμῖν

2115 1430 2505 1503 ἐπεῤῥόφησαν
2525 1447 2542 1462 ·
2568 1424 2644 1486 ῶν
2674 1434 2724 1487 οί
2760 1432 2862 1502 μὲν
2889 1433 3087 1504 μικρόν
3116 1450 3168 1486 τι
3193 1432 3697 1503 ἀνεκουφίσθησαν,

2114 1526 2165 1581 οἱ
2192 1526 2250 1581 δὲ
2294 1526 2388 1580 καὶ
2419 1526 2590 1580 εἰσέτι
2627 1526 2977 1597 βαρύνονται,
3026 1525 3486 1596 φιλονεικοῦντες,
3527 1528 3728 1629 ἐμποοι

2114 1618 2222 1674 δὼν
2246 1620 2378 1691 ἡμῖν
2400 1619 2658 1689 γενέσθαι
2689 1619 2783 1673 τοῦ
2819 1621 2955 1690 ζῇν·
2987 1621 3037 1674 εί
3074 1623 3171 1675 καὶ
3210 1623 3377 1690 ἡμεῖς
3405 1620 3697 1693 [καραδοοῖ

2115 1710 2322 1781 κοῦμεν
2368 1714 2461 1766 τὸν
2518 1712 2773 1774 θάνατον,
2806 1713 2903 1767 καὶ
2958 1713 3125 1769 παντὶ
3179 1714 3369 1787 τρόπῳ
3422 1715 3535 1768 τῶν
3588 1716 3700 1770 ἀνω

434 1795 535 1863 τῆς
559 1812 617 1852 τε
644 1799 925 1869 τραπέζης
960 1801 1056 1854 καὶ
1081 1799 1175 1854 τοῦ
1210 1801 1477 1871 στόματος
1517 1800 1926 1873 ἀφαιρούμεναι
1951 1802 2012 1856 τὸ
2045 1800 2086 1854 Β
2115 1804 2404 1875 γινόμεθα.
2434 1804 2498 1861 Οί
2542 1807 2600 1860 δέ
2652 1804 2886 1861 τοιοῦτοι
2918 1809 3015 1861 καὶ
3057 1807 3232 1870 οὓτως
3284 1808 3527 1878 ἔχοντες,
3552 1809 3701 1876 ὅμως

438 1889 607 1952 σῖτον.
637 1889 965 1955 ἐξίπταντο·
1009 1893 1107 1947 καὶ
1170 1893 1219 1946 οί
1274 1892 1371 1947 τοῦ
1424 1892 1518 1947 σοῦ
1573 1894 1631 1949 δὲ
1682 1895 2012 1967 γράμματος

434 1983 756 2054 πτερόεντες
788 1985 933 2039 οῦτοι
964 1984 1112 2053 λόγοι
1146 1985 1303 2041 οὐδέν
1349 2003 1401 2040 τι
1450 1988 1702 2057 κρεῖττον
1742 1988 2013 2059 Ἀρπυίας

433 2075 675 2132 διέθεντο
692 2080 760 2133 τά
791 2080 913 2135 κατ’
940 2083 1064 2151 έμέ.
1095 2083 1205 2140 Καὶ
1242 2078 1311 2153 ἦν
1340 2098 1433 2151 μοι
1462 2081 1621 2136 τοῦτο
1664 2080 1837 2137 κακὸν
1865 2082 2014 2136 ἀντί-

434 2170 678 2242 σταθμον
709 2174 818 2229 τῶν
866 2175 978 2230 σῶν
1029 2176 1244 2247 μυρίων
1298 2176 1503 2243 καλῶν,
1542 2175 1816 2246 βασκάνου
1867 2177 2014 2241 τινὸς

434 2265 917 2339 ἀντισηκώσαντος
974 2272 1255 2342 δαίμονος.
1302 2275 1366 2327 Ὅ
1416 2275 1526 2345 γάρ
1592 2291 1684 2344 μοι
1742 2274 2015 2337 πολλάκις

435 2361 881 2431 καρυκεύμασιν,
912 2363 1039 2417 οὔτε
1071 2365 1214 2436 λόγῳ
1240 2367 1451 2435 ῥητοῖς,
1483 2366 1600 2420 οὔθ’
1640 2368 2013 2422 ὑποπίπτουσι

436 2448 644 2520 μέτρῳ,
691 2451 1060 2518 διασκευάσας
1107 2455 1208 2526 τὴν
1255 2457 1561 2526 τράπεζαν,
1606 2458 2010 2529 ἀπεκόσμησάς

434 2557 543 2610 μου
614 2543 716 2614 τὴν
786 2543 1046 2615 εὐωχίαν,
1096 2547 1194 2601 καὶ
1269 2548 1501 2619 πικρίαν
1557 2551 2007 2617 κατασκευάσας,

429 2632 656 2704 ἀδρωτά
701 2652 796 2707 μοι
846 2636 1159 2707 πεποίηκας
1187 2643 1259 2693 τα
1307 2643 1408 2711 τῆς
1449 2643 1679 2713 τροφῆς.
1712 2644 1780 2697 Τί
1812 2644 1881 2698 ἂν
1915 2644 2011 2699 οῦν

429 2727 577 2799 ἐχοις
612 2728 846 2786 ἀκοῦσαι
876 2731 1043 2789 καλὸν
1076 2730 1137 2797 ἐξ
1184 2732 1500 2806 ἀνθρώπου,
1530 2735 1591 2799 ὃς
1645 2737 1848 2792 πεινῶν
1880 2738 2011 2792 ἰδεῖν

432 2836 515 2884 σε,
550 2822 645 2876 καί
693 2840 787 2878 σου
836 2824 936 2895 τὴν
964 2824 1095 2880 θέαν
1138 2827 1332 2897 διψῶν,
1356 2828 1454 2882 νῦν
1484 2828 1662 2894 ἄλλως
1684 2829 1773 2884 διά
1802 2848 1864 2885 σε
1904 2848 2009 2885 πε-

429 2911 662 2985 πείνηκέ
704 2933 765 2969 τε
808 2916 905 2971 καὶ
954 2917 1245 2989 δεδίψηκε·
1278 2920 1371 2975 καὶ
1417 2921 1603 2977 οὐκέτι
1651 2939 1733 2977 σοι
1776 2923 2010 2994 χάριτας

429 3009 608 3078 δφλει,
639 3011 812 3074 οὕτως
843 3011 1082 3080 ἐλλογῶν
1114 3030 1168 3067 τι
1212 3014 1325 3077 τοῖς
1354 3014 1629 3084 βρώμασι,
1656 3015 1750 3069 καὶ
1777 3015 1873 3069 νῦν
1910 3017 2010 3085 μὲν

429 3096 624 3165 οὕτως,
654 3099 754 3153 νῦν
776 3101 833 3155 δέ
864 3100 1042 3162 ἄλλως
1072 3103 1487 3175 ἐπικαθήμενος
1522 3109 1636 3170 τοῖς
1662 3107 1742 3171 είς
1771 3105 1833 3161 τὸ
1864 3107 2004 3179 ζῇνς

429 3190 736 3261 Μέμνημαι
766 3192 874 3261 γὰρ
916 3192 1087 3246 εἰσέτι
1133 3194 1228 3247 καὶ
1260 3194 1369 3248 τῶν
1400 3196 1605 3264 ἐφόδων
1657 3197 1884 3253 ἐκείνων
1914 3201 2011 3254 καὶ

431 3282 543 3339 τῶν
583 3283 819 3354 ζημιῶν,
850 3284 917 3349 ἀς
962 3284 1351 3358 ὑπομεμένηκέ
1395 3305 1486 3356 μοι
1542 3289 1611 3344 τά
1655 3289 1752 3346 τοῦ
1789 3290 2007 3360 ἄλσους,

431 3377 531 3433 καὶ
564 3374 655 3431 οἷα
699 3377 940 3433 πέπονθε
988 3383 1058 3433 τά
1105 3380 1276 3435 δεινά.
1318 3380 1482 3436 Ἀλλά
1531 3382 1607 3454 μὴ
1655 3382 1799 3437 οὕτω
1846 3387 2013 3456 μέχρι

430 3468 658 3534 τέλους·
693 3470 907 3538 γένοιτο
953 3471 1010 3525 δέ
1060 3488 1153 3541 μοι
1183 3470 1349 3526 καλόν
1392 3490 1444 3527 τι
1491 3474 1708 3541 παθεῖν,
1756 3476 1851 3530 καὶ
1882 3475 2014 3545 γλυ-

434 3562 591 3626 κείας
652 3563 915 3632 ἀγγελίας
969 3565 1441 3637 ἐπισταλαχθῆναί
1498 3584 1592 3637 μοι
1647 3569 1852 3640 νέκταρ
1909 3570 2012 3638 ὀψέ

432 3653 621 3721 ποθεν,
644 3656 739 3725 ὑφ’
778 3649 846 3729 ἧς
876 3656 946 3709 τά
975 3657 1074 3726 τῆς
1118 3659 1347 3729 πικρίας
1402 3660 1861 3732 ἀνασταλήσεται.
1899 3664 2016 3719 Καὶ

432 3750 557 3804 τότε
587 3750 657 3805 ἀν
685 3750 884 3816 ἀνοίεω
909 3752 968 3805 τὸ
1001 3750 1199 3820 στόμα,
1233 3759 1330 3807 καὶ
1367 3753 1527 3825 τορὸν
1572 3755 2012 3829 ἀναφθέγξομαι.

431 3874 500 3887 -
532 3844 646 3899 Καὶ
683 3844 749 3899 σὺ
786 3844 885 3915 μὲν
935 3843 1130 3904 οὕτως.
1179 3844 1320 3898 Ἀλλ’
1358 3845 1472 3915 ἐγὼ
1522 3846 1583 3901 τὸ
1632 3848 1727 3901 σὺν
1769 3848 1905 3919 ὕψος
1950 3851 2015 3904 οὑ

429 3937 545 3999 τοῖς
592 3936 735 3999 ἴσοις
781 3935 1113 4005 ἀμείψομαι,
1142 3935 1281 3989 ἀλλά
1312 3936 1413 4007 τῆς
1450 3939 1683 4009 πικρίας
1728 3940 2014 3995 ἀντιδώσω

430 4029 749 4100 γλυκύτητα
773 4045 789 4061 ·
824 4032 920 4085 καὶ
954 4026 1071 4082 ἀνθ’
1100 4019 1177 4081 ὧν
1209 4030 1509 4099 ἐπίκρανάς
1549 4048 1640 4099 μοι
1670 4032 1735 4085 τὸ
1760 4032 2012 4101 ἄριστον,

431 4124 703 4194 γλεύκους
733 4124 1015 4196 πληρώσω
1049 4141 1134 4179 σοι
1158 4125 1221 4179 τὸ
1250 4124 1507 4195 ἑστίαμα.
1542 4125 1694 4195 Ἔχω
1720 4127 1835 4197 γὰρ
1864 4126 2013 4181 στεί-

430 4218 532 4280 λας
585 4217 903 4282 οἰνούττας,
947 4216 1137 4286 ὀλίγας
1194 4217 1329 4285 μὲν,
1390 4216 1506 4270 ἀλλ’
1565 4219 1900 4289 ἀγαπητάς·
1947 4220 2016 4285 ἀς

430 4301 529 4360 οἶδ’
568 4306 653 4360 ὅτι
675 4305 935 4379 ἀποδέξῃ,
967 4307 1027 4359 ού
1061 4308 1223 4375 μόνον
1245 4307 1321 4370 ώς
1350 4307 1522 4378 δῶρον
1549 4294 1842 4379 ἡμέτερον,
1876 4310 2015 4366 ἀλλά

430 4398 547 4463 καὶ,
581 4398 773 4467 ὅτιπερ
829 4397 935 4463 ἔξω
983 4396 1263 4469 καιροῦ,ἢ
1315 4398 1422 4468 πρὸ
1476 4398 1697 4469 καιροῦ.
1768 4426 1841 4443 --
1870 4401 2013 4472 Ἔμ-

430 4506 657 4562 φροντις
717 4488 794 4544 ὣν
846 4488 1023 4544 ταῦτά
1093 4506 1175 4543 σοι
1240 4506 1460 4560 γραφω,
1512 4491 1865 4562 πανσεσάστη
1918 4510 2011 4563 μοι

2116 1895 2211 1951 καὶ
2230 1898 2386 1952 αὐτοὶ
2410 1899 2816 1968 προσαγορείας
2839 1897 3166 1964 ἀξιωθέντες
3194 1898 3343 1952 οῦτω
3367 1898 3699 1967 σεϐασμίας,

2114 1989 2487 2061 προσκυνοῦσι
2533 1994 2630 2044 καὶ
2660 1991 2817 2047 αὐτοὶ
2863 1992 2966 2045 σὺν
3012 1992 3145 2062 ἡμῖν
3173 1992 3266 2046 τὸν
3291 1991 3394 2063 τὴν
3423 2008 3699 2058 προσαγο-

2116 2083 2269 2153 ρείαν
2291 2082 2764 2154 διαπεμψάμενον,
2797 2084 2893 2137 καὶ
2944 2083 3015 2137 τά
3047 2086 3210 2154 ὅμοια
3248 2085 3696 2153 συνεπεύχονται.

2112 2205 2183 2216 -
2212 2176 2701 2247 Προσαγορεύομεν
2740 2174 2985 2239 ἅπαντες
3030 2176 3159 2239 τούς
3205 2193 3266 2230 τε
3296 2177 3513 2240 εἰδότας
3548 2177 3697 2247 ἡμᾶς

2111 2266 2323 2330 πάντας
2370 2269 2466 2321 καὶ
2507 2268 2843 2334 ἀγαπῶντας
2879 2267 2941 2321 lx
2965 2269 3076 2321 τῶν
3106 2267 3207 2338 τῆς
3246 2268 3567 2337 ὑποταγῆς·
3598 2269 3696 2322 καὶΙ

2111 2358 2207 2413 τὸν
2256 2358 2541 2429 ἀγαπητὸν
2589 2358 2780 2429 κύριον
2826 2358 3098 2431 Νικήτην,
3142 2360 3237 2413 τδν
3296 2360 3411 2414 είτε
3459 2361 3693 2414 Λάκωνα

2111 2449 2224 2503 εἴτε
2257 2450 2484 2520 Τίμωνα
2514 2451 2585 2504 τά
2641 2469 2706 2520 γε
2754 2453 2834 2515 είς
2869 2452 3039 2523 ἡμᾶς,
3077 2452 3110 2523 ἢ
3163 2451 3695 2524 ἐπιλελησμένον·ἢ

2111 2541 2227 2596 ἀλλ’
2271 2540 2502 2595 ἐπέλιπέ
2547 2559 2640 2611 μοι
2680 2542 2751 2596 τὰ
2798 2541 2898 2612 τῆς
2933 2541 3200 2612 κλήσεως.
3235 2541 3342 2594 Τὸν
3379 2541 3494 2610 γὰρ
3530 2541 3699 2612 συνή-

2110 2637 2237 2692 λικα
2268 2636 2324 2691 τί
2353 2636 2422 2691 ἀν
2470 2636 2800 2707 καλέσαιμι;
2843 2636 2901 2699 δς
2928 2636 3005 2698 ώς
3048 2634 3110 2701 ἐξ
3141 2634 3391 2705 ἅρματος
3439 2632 3615 2704 βραχύ
3645 2649 3697 2687 τι

2110 2729 2479 2801 ἀπαστράψας
2504 2728 2798 2791 ἀπέσὸεσε,
2824 2729 2920 2782 καὶ
2954 2727 3140 2781 οὐκέτι
3170 2728 3369 2795 ἔφανεν
3396 2728 3533 2795 ἡμῖν
3567 2726 3696 2796 μιᾶς

2117 2822 2361 2889 ἀξιώσας
2384 2822 2720 2892 προσλαλιᾶς
2737 2836 2752 2852 ·
2785 2820 2844 2874 δν
2873 2819 3143 2889 ἀμύναιτο
3165 2820 3299 2884 Θεδς
3326 2822 3395 2891 τῇ
3428 2821 3692 2890 στερήσει

2109 2916 2210 2986 τῆς
2245 2916 2574 2987 φιλουμένης
2604 2914 2778 2985 θήρας
2822 2913 2991 2983 αύτῷ.
3029 2914 3139 2969 Καὶ
3172 2914 3339 2977 αὐτὸς
3372 2912 3475 2983 μέν
3505 2914 3694 2968 αὐτόθι

2109 3007 2442 3077 πομπεύσαι,
2474 3008 2545 3063 τά
2588 3008 2721 3079 φίλα
2766 3008 2938 3062 ποιῶν
2967 3023 2984 3040 ·
3011 3008 3082 3063 τά
3115 3007 3173 3062 δὲ
3218 3007 3456 3075 φίλτατα
3512 3005 3696 3077 πτηνά

2112 3097 2501 3169 περιδράμοιεν
2553 3098 2739 3165 αὐτὸν,
2801 3099 2861 3153 ἐν
2914 3096 3106 3169 χερσὶν
3156 3097 3333 3152 ἄλλων
3399 3097 3693 3161 πίπτοντα,

2116 3196 2213 3249 καὶ
2239 3196 2354 3259 τοῖς
2381 3194 2620 3249 ἐνταῦθα
2656 3188 2993 3265 ποριζόμενα
3020 3193 3159 3264 πρὸς
3186 3191 3476 3261 δαψίλειαν
3497 3208 3511 3222 ·
3544 3191 3575 3244 δ
3604 3191 3698 3245 καὶ

2114 3287 2349 3357 γίνεται.
2371 3315 2446 3329 --
2477 3287 2539 3341 '0
2565 3286 2892 3357 ίεροψάλτης
2925 3284 3163 3356 μοναχδς
3190 3284 3354 3355 χάρις
3379 3283 3481 3352 μέν
3505 3284 3594 3337 ὅτι
3618 3284 3697 3352 τῷ

2113 3378 2263 3451 τυρῷ
2317 3379 2531 3450 φθάσας
2582 3381 2885 3450 προσεῖπεν
2929 3380 3064 3449 ἡμῖν
3102 3407 3176 3419 —-
3205 3377 3393 3432 ἔκτοτε
3428 3376 3491 3429 δὲ
3523 3378 3594 3446 τῇ
3627 3378 3694 3446 σῇ

2116 3475 2211 3530 καὶ
2265 3474 2404 3546 μόνῃ
2463 3473 2753 3543 πρόκειται
2806 3473 2889 3536 είς
2948 3470 3272 3542 ὲντρύφημα
3327 3469 3695 3537 πανσεὸάστῳ

2117 3566 2358 3636 ὑπεροχῇ
2379 3594 2452 3605 -
2480 3563 2752 3637 μηδέποτε
2782 3562 3228 3635 προσαγορεύσας
3254 3563 3402 3633 ἡμᾶς
3421 3576 3437 3593 ·
3475 3561 3528 3615 εί
3562 3561 3700 3623 τέως

2117 3656 2214 3712 καὶ
2248 3657 2338 3729 ζῇ.

2856 3751 2956 3808 1Ζ’.

2243 3845 2363 3902 Τοῦ
2395 3846 2606 3912 αὐτοῦ,
2645 3844 2968 3916 γεγονότος
3000 3842 3100 3898 ἐπὶ
3130 3843 3252 3897 τῶν
3275 3842 3579 3913 δεήσεων.

2189 3940 2379 4010 Ἔχεις
2422 3938 2557 4004 ίδοὺ,
2608 3936 2959 3991 πανσέδαστέ
3009 3953 3112 4007 μου
3161 3934 3423 4005 αὑθέντη,
3476 3934 3707 4005 πρώτην

2115 4030 2215 4102 τὴν
2242 4029 2338 4085 τοῦ
2367 4029 2664 4084 Εὐσταθίου
2692 4028 2878 4099 δέησιν
2900 4042 2916 4057 ·
2954 4026 3049 4082 καί
3085 4044 3170 4081 σοι
3198 4027 3703 4096 ἐγκαινίζωεύτυο

2117 4122 2229 4194 χῶς
2253 4122 2316 4176 τὸ
2341 4121 2617 4191 όφφίκιον.
2646 4120 2927 4191 Δεήσομαι
2957 4121 3089 4189 γὰρ,
3128 4120 3225 4173 καὶ
3273 4119 3575 4189 λυθήσεται
3608 4136 3699 4189 μοι

2116 4212 2187 4268 τὰ
2237 4215 2338 4285 τῆς
2392 4213 2654 4282 δεήσεως.
2682 4210 2791 4265 Καὶ
2838 4210 2995 4265 ἔσται
3039 4209 3201 4265 τοῦτο
3230 4210 3357 4280 ἐμοὶ
3392 4209 3496 4278 μὲν
3522 4210 3702 4272 άλλως

2119 4304 2376 4375 χρηστὸν,
2415 4306 2483 4375 τῇ
2550 4304 2609 4358 δὲ
2663 4305 2731 4375 σῇ
2781 4304 3148 4374 πανσεσὰστῳ
3208 4303 3455 4373 ὑπεροχῇ
3512 4301 3704 4364 οἰωνὸς

2118 4397 2344 4466 ἀγαθός.
2390 4396 2555 4451 Ἀλλά
2573 4396 2657 4459 τίς
2684 4399 2719 4467 ἠ
2754 4396 2975 4467 δέησιςς
3026 4395 3358 4466 Περιέτυχον
3412 4394 3541 4447 καθ’
3589 4394 3703 4446 ὁδὶν

2120 4490 2199 4560 τῷ
2250 4488 2523 4560 καλλίστῳ
2572 4488 2889 4559 αύταδέλφῳ
2943 4488 3045 4558 τῆς
3100 4489 3198 4560 σῆς
3249 4486 3703 4558 μεγαλυπερόχου

430 4583 665 4654 κεφαλὴ,
693 4584 789 4638 καὶ
834 4582 947 4638 οὐδ’
998 4581 1242 4653 ἐμαυτοῦ
1282 4584 1471 4654 σχεδὸν
1500 4583 1599 4640 ῶν.
1631 4585 1780 4639 Δίτῶ
1830 4587 2015 4641 τοίνυν
2049 4570 2094 4628 D
2122 4582 2541 4653 λαμπρότητος·
2574 4582 2669 4635 καὶ
2715 4582 2842 4635 ἐπεὶ
2901 4582 2980 4653 μὴ
3029 4582 3362 4652 περιέργους
3399 4580 3514 4650 ἔχω
3565 4580 3701 4634 πάνυ
3726 4648 3737 4657 .

432 4676 787 4748 συγγνώμην,
813 4677 864 4730 εί
921 4677 1062 4748 μήτε
1119 4677 1469 4748 μακρολογῶ,
1501 4678 1641 4749 μήτε
1687 4679 2013 4749 καλλιλογῶ.

442 4769 999 4842 Ἀντιπροσαγορεύω
1026 4770 1118 4824 τὸν
1142 4771 1352 4841 ὅμοιον.

1168 4862 1287 4930 ις’.

517 4959 775 5028 ’Δρκετδν
822 4959 953 5027 ἡμῖν
1006 4959 1085 5020 είς
1129 4958 1190 5011 τὸ
1225 4954 1284 5013 εὖ
1328 4958 1494 5027 ἔχειν,
1526 4958 1872 5012 πανσέσαστέ
1910 4975 2015 5028 μου

436 5047 695 5119 αὐθέντη,
726 5051 788 5102 τὸ
820 5048 993 5113 οὕτως
1040 5050 1099 5102 ὲν
1134 5049 1329 5121 μνήμῃ
1365 5050 1581 5104 κεῖσθαι
1618 5050 1749 5121 περὶ
1780 5052 1887 5116 σοὶ,
1919 5050 2017 5104 καὶ

435 5141 598 5210 λόγου
656 5145 951 5212 τυγχάνειν
1000 5145 1257 5197 τοσούτου
1282 5158 1295 5173 ·
1348 5143 1377 5195 ὃ
1426 5142 1492 5214 δὴ
1532 5144 1627 5197 καὶ
1682 5143 1860 5206 ἄλλως
1919 5128 2020 5213 μὲν

436 5236 805 5307 ἐγνωσμένον,
854 5238 1140 5305 παραστάν
1179 5238 1239 5290 δέ
1296 5238 1391 5290 καὶ
1447 5237 1576 5307 ἀρτι
1630 5236 1720 5291 διά
1772 5236 2019 5308 γραφῆς,

437 5326 750 5399 ἀνασφῆλαι
785 5328 883 5397 τῆς
905 5328 1064 5382 νόσου
1123 5329 1427 5400 πεποίηκεν
1474 5330 1623 5400 ἡμᾶς
1669 5330 1768 5382 καὶ
1814 5329 2018 5383 ἀνακο-

443 5424 707 5493 μισθῆναι
755 5420 949 5493 μικρόν
981 5436 1033 5473 τι
1069 5421 1194 5475 ὅσον
1224 5423 1317 5474 ἐπὶ
1344 5422 1413 5475 τὰ
1448 5422 1713 5491 πρότερα.
1749 5419 2018 5485 Γίνωσκε,

435 5517 516 5580 ώς
542 5514 695 5569 οῦπω
728 5515 889 5585 μέχρι
922 5512 1017 5565 καὶ
1052 5514 1292 5581 σήμερον
1318 5513 1619 5581 ἀκραιφνὲς
1653 5513 1787 5583 ἡμῖν
1826 5512 1887 5564 τδ
1919 5512 2020 5579 τῆς

442 5606 633 5672 ὑγείας
663 5604 1047 5675 ἐπεμειδίασεν
1091 5602 1299 5669 ἀγαθόν
1323 5616 1340 5631 ·
1368 5602 1490 5654 οὐδὲ
1519 5604 1589 5655 τὰ
1615 5602 1726 5656 τῶν
1757 5602 2020 5673 κυμάτων

442 5698 870 5765 κατεστόρεσται
906 5696 1109 5757 τέλεον,
1146 5692 1270 5748 οὐδὲ
1314 5693 1344 5745 ὁ
1390 5694 1598 5763 χειμών
1647 5696 1728 5757 είς
1758 5695 1859 5764 ἔαρ
1893 5697 2021 5762 ἐγα-

380 5814 383 5817 v
443 5781 719 5849 ληνίασεν.
764 5788 1075 5861 Ἀγαπητδν
1119 5788 1198 5853 δὲ,
1238 5787 1321 5840 ὅτι
1361 5784 1453 5838 τοῦ
1492 5788 1663 5839 κακοῦ
1696 5787 2016 5858 Mavult;—

2121 4673 2249 4738 τοὺς
2291 4673 2626 4743 ὀφθαλμοὺς,
2656 4672 2835 4736 ἄλλως
2867 4688 2929 4725 τε
2976 4673 3072 4726 καὶ
3108 4671 3196 4725 ἐπ’
3249 4670 3585 4743 ἐρισφαλοῦς
3616 4672 3701 4741 βα·

2119 4766 2283 4831 δίζων
2311 4766 2453 4832 όδοῦ,
2484 4766 2586 4820 οὐκ
2632 4765 2792 4837 ἔσχον
2848 4762 3350 4837 ἐξακριϐώσασθαι,
3390 4763 3470 4828 ὡς
3518 4766 3632 4836 ἄρα
3679 4766 3702 4816 ὑ

2122 4858 2411 4920 κάλλιστος
2455 4857 2765 4928 ἀνθρώπων
2802 4856 2893 4926 είη
2947 4859 2976 4909 ό
3034 4857 3270 4921 Δούκας,
3310 4856 3374 4910 τὸ
3424 4856 3526 4927 τῆς
3582 4855 3700 4911 ὁδοῦ

2121 4951 2327 5019 ἀγαθόν
2367 4966 2457 5021 μοι
2488 4950 2827 5020 συνάντημα.
2870 4948 3173 5019 Ἐπλάνησε
3202 4948 3261 5002 δέ
3288 4965 3359 5016 με
3395 4948 3493 5002 καὶ
3518 4950 3585 5002 τὸ
3610 4948 3701 5017 τῆς

2123 5043 2356 5115 προόδου
2415 5043 2747 5111 ἀπέριττον·
2790 5038 2873 5105 εἷς
2927 5040 3036 5111 γὰρ
3099 5042 3197 5095 καὶ
3269 5039 3435 5108 μόνος
3490 5040 3700 5095 ἐκείνου

2122 5134 2419 5205 προιὶιδευε,
2438 5134 2533 5187 καὶ
2556 5135 2762 5195 ἐκεῖνος
2793 5133 2859 5185 ὲκ
2884 5131 3101 5202 μακροῦ
3125 5132 3499 5202 διαστήματος
3518 5151 3535 5165 ·
3564 5130 3701 5184 ὥστε

2122 5228 2277 5293 ἔδοξά
2336 5245 2464 5283 τινα
2494 5225 2774 5283 εἶναιτῶν
2820 5226 2947 5297 άρτι
2993 5224 3563 5295 λαμπρειμονούντων
3619 5224 3701 5276 δαὰ

2120 5323 2223 5392 τὴν
2269 5321 2370 5390 τῆς
2413 5321 2629 5391 ἡμέρας
2678 5317 3038 5390 φαιδρότητα.
3082 5318 3248 5371 Ὅθεν
3282 5320 3379 5371 καὶ
3423 5316 3701 5387 παρῆλθον

2125 5415 2288 5467 αὑτὸν
2321 5412 2776 5481 ἀπροσφώνητον,
2804 5410 2981 5481 βραχύ
3008 5429 3061 5465 τι
3091 5411 3169 5475 ώς
3200 5411 3277 5481 μὴ
3312 5413 3701 5479 γινωσκομένῳ

2122 5507 2410 5569 ἐπικλίνας
2437 5505 2538 5575 τὴν
2560 5503 2827 5574 κεφαλὴν,
2860 5505 2958 5557 καὶ
2982 5503 3060 5566 ὡς
3088 5502 3356 5572 ἀλλοτρίῳ
3389 5498 3703 5570 ἀφοσιωσὼ

2126 5616 2287 5670 μενος
2313 5599 2414 5668 τὴν
2450 5595 2844 5666 προσκύνησιν.
2888 5596 3041 5648 Ἐπεὶ
3082 5595 3139 5649 δὲ
3165 5591 3281 5664 εῖχέ
3314 5610 3385 5662 με
3428 5594 3493 5644 τὸ
3528 5592 3700 5661 βραχὺ

2124 5694 2222 5762 (ὡς
2269 5692 2434 5755 αὐτὸς
2482 5690 2551 5744 ἂν
2599 5689 2837 5759 εἵπῃς)ὁ
2874 5688 3069 5758 μικρὸς
3121 5688 3253 5757 ἐμὸς
3308 5687 3583 5751 οίκίσκος,
3611 5682 3699 5737 καὶ

2126 5782 2418 5853 ἀνεκλίθην
2448 5782 2862 5853 ὲπιτραπέζιος,
2897 5780 2990 5835 καὶ
3031 5779 3132 5851 ήδη
3156 5780 3251 5833 καὶ
3277 5781 3310 5849 ἡ
3342 5778 3466 5849 χεὶρ
3496 5779 3577 5840 εἰς
3602 5775 3699 5846 τὴν
