4004 6252
276 307 419 367 12ῖ3

1088 315 1509 381 EUSTATHII
1549 319 2307 386 THESSALONICENSIS
2344 323 2758 387 EPISTOLE.

1872 189 1895 199 4-
1930 189 1988 197 ν--ο
2043 188 2145 199 -I.

3395 317 3525 386 3276

272 426 595 494 μαγειρεῐαν
621 428 911 493 ἐϐάπτετο,
949 432 1046 486 καὶ
1074 434 1126 487 οί
1152 434 1408 505 ὄρτυγες,
1449 437 1545 502 οὓς
1569 438 1838 511 ίξηγορα-
1872 449 1918 503 Α
1948 441 2046 494 καὶ
2090 439 2221 513 περὶ
2268 440 2442 496 μέσην
2471 432 2576 494 που
2610 442 2714 510 τὴν
2738 438 2860 494 ὁδὸν
2903 438 3003 504 τῆς
3038 436 3293 501 πτήσεως
3322 438 3524 491 παύονι

272 514 451 586 σάμην
490 534 594 579 σοι,
627 521 1025 592 ἐπτερύσσοντο
1073 528 1215 582 κατά
1262 527 1359 599 τῆς
1410 529 1715 602 τραπέζης,
1741 532 1839 587 καὶ

271 608 427 673 αὐτὸς
471 610 707 667 ἐνταῦθα
756 616 785 669 6
835 616 1039 681 σπανὺς
1095 617 1349 691 Ἰωάννης
1379 620 1457 684 ὡς
1504 622 1567 687 ἐξ
1618 621 1842 694 ἐνέδρας

271 717 363 769 μοι
398 702 708 773 ἐπιφύεται,
736 709 833 763 καὶ
875 711 1075 779 δριμὺς
1116 713 1414 778 ἐπιπεσὼν,
1443 715 1497 767 τί
1544 715 1837 787 ἐποίησαςς

271 793 479 868 ἀναϐοᾷ
502 813 518 829 ο
551 797 643 853 διά
673 797 724 854 τί
756 799 848 856 τὸν
896 803 1106 859 Δούκαν
1138 806 1199 859 ού
1248 806 1685 877 προσεφθέγξως
1727 807 1841 878 ἐγὼ

270 886 329 939 δὲ
359 888 460 955 (μά
491 889 589 961 τὴν
618 893 866 964 κεφαλήν
904 913 1020 963 σου,
1057 898 1153 951 καὶ
1190 898 1268 967 μὰ
1300 899 1401 971 τήν
1432 901 1714 971 σωτηρίαν
1738 900 1840 971 τῆς

268 979 449 1049 ψυχῆς
498 983 625 1053 μου)
683 985 851 1050 εὐθὺς
897 988 1217 1060 ἐπατάχθην
1260 989 1337 1054 ὡς
1376 991 1468 1045 ἐπὶ
1511 991 1837 1046 καινοτάτου

269 1071 637 1146 ἀκούσματος.
672 1077 783 1132 Καὶ
829 1079 930 1143 τάς
977 1098 1039 1136 τε
1089 1083 1278 1153 χεῖρας
1327 1082 1555 1153 ῐοχασα.
1586 1084 1680 1137 καὶ
1722 1083 1841 1149 ἕξιτ

268 1163 485 1236 πλάγην
519 1169 611 1222 ἐπὶ
635 1173 701 1241 τῇ
737 1172 897 1244 ἀκοῇ.
930 1174 1042 1228 Καὶ
1075 1175 1186 1229 ίδοὺ
1230 1174 1421 1246 δέομαί
1450 1193 1565 1239 σου,
1606 1175 1840 1247 ζητῆσαί

270 1272 364 1325 μοι
412 1261 764 1333 καταλλαγήν
820 1266 915 1319 καὶ
964 1267 1336 1335 συμπάθειαν,
1390 1268 1487 1320 καὶ
1537 1268 1839 1322 σπουδάσαι

267 1351 471 1421 ταύτην
521 1372 615 1422 μοι
659 1358 1143 1427 καταπράξασθαι.
1180 1360 1407 1430 Μάρτυς
1457 1359 1566 1429 γάρ
1601 1361 1629 1413 6
1658 1358 1790 1423 θεός
1816 1371 1834 1389 ⁸

268 1445 575 1519 ἐϐαρύνθην
624 1449 761 1519 πρὸς
812 1451 1071 1519 ἐμαυτὸν,
1108 1452 1191 1506 ὅτι
1254 1451 1429 1516 οὕτως
1482 1452 1840 1522 ἀπροσέκτως

269 1536 426 1608 ἔσχον
450 1540 543 1591 ἐπὶ
568 1540 646 1611 τῷ
675 1542 984 1614 πράγματι.
1018 1543 1164 1613 Πλὴν
1196 1544 1257 1598 οὗ
1307 1545 1449 1600 πάνυ
1479 1544 1737 1613 ἕπταισα,
1768 1545 1839 1600 δι’

266 1627 333 1693 ἀς
362 1627 517 1687 εἷπον
541 1632 745 1698 αίτίας,
769 1636 865 1691 καὶ
896 1635 1032 1691 διότι
1057 1637 1119 1690 ού
1153 1637 1494 1709 συχνοτέρως
1516 1640 1837 1709 ἐντυγχάνω

269 1725 380 1787 τοῖς
439 1723 640 1792 ἀλλοις,
668 1725 808 1780 ὥστε
863 1728 959 1782 καὶ
1006 1728 1434 1802 ἀκριϐεστέρους
1487 1731 1676 1799 φέρειν
1707 1730 1838 1795 τοὺς

1947 547 2059 585 ται.

2689 642 2787 700 Ιθθ.

1949 779 2039 849 Τῷ
2115 778 2289 853 κριτῇ
2356 780 2465 837 τοῦ
2535 780 2774 853 βῄλου,
2818 778 3007 847 κυρίῳ
3078 778 3386 847 Γρηγορίφ
3446 775 3525 842 τῷ

2584 850 2882 920 Ἀντιόχῳ.

2021 988 2084 1043 Τί
2108 984 2262 1056 δῆτα
2287 988 2400 1043 οὐκ
2449 986 2528 1041 ἂν
2553 985 2880 1055 ἐργάσαιτο
2911 984 3259 1053 ἅνθρωπος;
3290 982 3526 1045 Παλαιὸς

1944 1080 2002 1135 ἐν
2034 1078 2115 1151 τῷ
2132 1078 2364 1135 καθόλου
2390 1078 2488 1135 καὶ
2512 1080 2613 1134 οὐκ
2642 1079 2773 1148 ἐμὸς
2809 1080 2837 1133 6
2863 1079 3021 1146 λόγος
3054 1070 3232 1141 οὗτος.
3260 1070 3430 1139 Οὗτός
3458 1091 3523 1144 γε

1949 1169 2057 1239 μὴν
2079 1169 2233 1239 ἐμὸς,
2254 1170 2316 1223 ού
2340 1170 2479 1240 πρὸς
2506 1169 2737 1241 γνώμην
2769 1170 2913 1242 (κατ’
2938 1171 3197 1239 ἐκεῖνον),
3220 1170 3335 1224 ἀλλ’
3368 1169 3524 1232 ίδιοςο

1942 1261 1998 1315 τί
2025 1261 2126 1316 οὐκ
2167 1263 2235 1318 ἀν
2268 1266 2300 1334 ἡ
2336 1264 2560 1334 ἐνεργὸς
2617 1263 2864 1333 γλῶσσα,
2897 1265 2932 1333 ἡ
2989 1263 3256 1333 ἐντρεχής
3286 1262 3451 1333 φρὴν.
3494 1263 3525 1314 6

1945 1356 2123 1419 κοινὸς
2158 1355 2363 1425 ἀγαθὸς
2391 1356 2630 1428 ἑταῖρος,
2650 1356 2677 1410 6
2698 1355 2887 1426 κύριος
2911 1354 3132 1427 Μιχαὴλ
3154 1354 3521 1426 καταπράξη-

1943 1462 2064 1513 ταις
2106 1449 2170 1502 El
2201 1448 2259 1503 δὲ
2287 1449 2434 1516 κάμὲ
2463 1449 2656 1518 ἴσχυσε
2685 1450 2896 1512 πεῖσαι,
2924 1450 3027 1518 τὴν
3052 1451 3274 1519 γραφὴν
3302 1448 3514 1517 ταύτην

1945 1539 2266 1611 θαρρῆσαι,
2329 1540 2426 1595 καὶ
2478 1541 2678 1610 μένους
2735 1540 2832 1594 καὶ
2896 1540 3136 1610 θάρσους
3195 1538 3524 1609 ὑποπλήσας

1942 1630 2099 1685 ὄκνον
2176 1630 2321 1686 οὕτω
2397 1631 2567 1704 βαθὺν
2634 1632 3006 1705 ἐρῤιζωμένον
3074 1632 3349 1696 ἐξέσπασε
3423 1633 3523 1699 τῆς

1942 1723 2143 1794 ψυχῆς,
2202 1724 2299 1779 καὶ
2348 1725 2778 1780 ἀναπεπτωκότα
2834 1724 3153 1796 ἐπιρρώσας
3200 1722 3521 1788 ὲπέσπασε,

267 1813 377 1867 τῶν
421 1813 598 1883 ὄψεων
623 1816 1013 1888 χαρακτῆραςο
1043 1818 1120 1884 ὡς
1149 1820 1312 1885 εὐθὺς
1340 1821 1458 1891 ἅμα
1506 1823 1572 1891 τῇ
1601 1820 1704 1893 θέᾳ
1746 1825 1842 1878 καὶ
1874 1819 1918 1878 Β
1945 1815 2039 1869 καὶ
2084 1814 2531 1887 ἀναϐεϐλημένον
2574 1816 2879 1886 ἐπώτρυνε,
2934 1814 3134 1885 μᾶλλον
3167 1815 3267 1885 μὲν
3314 1809 3408 1867 οῦν
3435 1814 3523 1866 δε-

267 1904 331 1959 ἐκ
387 1904 612 1977 πρώτης
672 1909 929 1980 εἰσϐολῆς
988 1912 1430 1983 καταλαμϐάνειν
1460 1962 1467 1963 κ
1500 1915 1562 1969 τὸ
1618 1913 1836 1969 θεαθέν.

269 1997 568 2066 Προσκυνῶ
624 1999 742 2064 οῦν,
791 2003 890 2058 καὶ
948 2003 1140 2075 τίθημι
1189 2006 1502 2075 μετάνοιαν,
1542 2008 1638 2061 καὶ
1690 2006 1841 2076 ζητῶ

267 2089 621 2157 συγγνώμην.
658 2089 838 2145 Ἔστω
884 2090 941 2146 δὲ
978 2096 1043 2165 τῇ
1089 2097 1450 2166 πανσεϐάστψ
1500 2114 1594 2150 σου
1627 2097 1839 2163 ἐνδοξόο

262 2193 387 2246 τητι
418 2183 834 2253 μεσιτευτήριον
858 2185 1054 2256 δῶρον,
1089 2186 1159 2240 τά
1190 2188 1334 2257 μῆλα
1378 2188 1554 2244 ταῦτα
1581 2190 1648 2242 τὰ
1690 2190 1835 2261 Περ-

264 2268 414 2332 σικά,
432 2269 495 2323 τδ
518 2271 649 2341 ἐμόν
677 2275 938 2347 κήπευμα
959 2295 975 2313 ·
999 2271 1074 2332 ὧν
1098 2278 1461 2351 ἀπομερίσαις
1484 2281 1554 2335 ἂν
1571 2282 1640 2337 τὰ
1661 2281 1838 2352 ήμίση

260 2363 343 2435 τῷ
387 2366 654 2437 παγκάλῳ
706 2369 887 2442 Δούκᾳ
932 2371 1016 2436 είς
1067 2371 1332 2443 μείλιγμα
1361 2372 1457 2427 καὶ
1491 2373 1859 2450 συμπάθειαν,

259 2460 424 2531 ἐμήν.

988 2555 1098 2611 ιη’.

339 2643 621 2717 Διέτριϐεν
666 2645 915 2711 ἐκτεθεὶς
942 2650 1079 2718 πρὸς
1123 2648 1397 2719 Ἑλλήνων
1430 2649 1561 2720 περί
1601 2666 1705 2703 που
1735 2649 1837 2721 τὴν

264 2738 515 2810 Λημνίαν
546 2740 914 2811 ἀπάνθρωπον
956 2741 1166 2813 ῑρημον
1195 2741 1552 2813 Φιλοκτήτης,
1576 2744 1607 2797 6
1638 2744 1835 2796 Ποίαν-

259 2848 373 2895 τος.
406 2832 520 2886 Kal
564 2830 697 2903 ᾤκει
729 2832 828 2904 μὲν
875 2833 1084 2903 πέτραν
1139 2834 1465 2905 αύτόροφον,
1497 2834 1837 2904 ὑπετρέφετο

261 2925 321 2980 δέ
353 2926 452 2979 δσα
482 2927 577 2981 καὶ
601 2925 707 2997 θήρ
725 2943 739 2958 ο
775 2926 916 2997 ὕδωρ
941 2928 999 2983 δὲ
1028 2929 1216 2999 διῴκει
1241 2928 1433 2983 τοῦτον
1463 2929 1564 2983 οὐκ
1605 2929 1835 2983 ἀένναον

260 3015 370 3069 οὐδ’
402 3016 729 3088 ἀπόρρυτον,
763 3018 879 3073 ἀλλ’
905 3018 1116 3089 ὄμϐρου
1144 3020 1401 3091 λείψανον
1427 3024 1688 3092 σεσηπὸς,
1720 3021 1833 3092 γῆς

264 3105 629 3175 ἐναπομεῖναν
658 3106 962 3179 κοιλώματι
991 3112 1088 3164 καὶ
1119 3110 1356 3182 κηρίοις,
1391 3113 1541 3177 ὅσοις
1580 3113 1831 3177 ἐπάλαιε,

262 3198 376 3260 τοῖς
394 3198 590 3262 δεινοῖς
610 3216 626 3232 ο
656 3176 841 3265 ἄλλως⁷
860 3219 923 3257 τε
949 3203 1057 3256 οὐδ’
1087 3176 1355 3274 ἀρτίπους
1392 3204 1490 3270 ὣν,
1522 3204 1657 3259 ἀλλὰ
1691 3176 1833 3259 κατά
1860 3176 1905 3235 c

262 3289 372 3361 γῆς
399 3290 608 3361 ἕρπων,
641 3293 917 3347 καὶτοῦτο
943 3294 1007 3366 δή
1039 3295 1099 3350 τὸ
1154 3297 1321 3367 μέρος
1356 3297 1458 3368 τὴν
1494 3297 1836 3353 ἐκδακοῦσαν

260 3382 454 3438 τοῦτον
485 3383 828 3455 μιμούμενος
856 3384 1090 3456 ἐχιδναν.
1133 3386 1277 3441 Ἀλλ’
1308 3389 1459 3459 ὅμως
1489 3386 1620 3443 οὔτε
1647 3389 1712 3443 τὸ
1734 3389 1836 3459 τῆς

260 3475 472 3548 τροφῆς
518 3476 708 3531 τοῦτον
737 3476 927 3533 ἐλύπει
965 3478 1347 3548 δυσπόριστον,
1377 3482 1501 3537 οῦτε
1547 3482 1609 3537 τὸ
1639 3484 1836 3538 στατδν

261 3571 428 3642 ὕδωρ,
451 3568 577 3624 οῦτε
602 3570 663 3624 τὸ
687 3570 790 3640 τῆς
813 3570 1026 3642 ἐχίδνης
1056 3574 1240 3641 φόνιον
1262 3574 1551 3645 χάραγμα.
1584 3574 1838 3628 Ἐπειδὰν

258 3664 317 3718 δέ
361 3680 447 3727 τις
479 3662 693 3732 χρόνιον
753 3661 1067 3733 ἐνδημήσας
1127 3669 1421 3734 προσείποι
1482 3668 1585 3739 μὲν
1625 3668 1834 3721 ἐκεῖνον

256 3754 356 3809 καὶ
390 3753 734 3823 δεξιώσαιτο,
771 3756 863 3808 καὶ
918 3755 1073 3821 τέλος
1115 3757 1458 3828 ἀναγόμενος
1510 3759 1833 3829 πιστευθείη

263 3848 364 3918 μὲν
393 3848 530 3917 πρὸς
582 3848 775 3918 ἀνδρὸς
829 3847 1118 3920 ἐπιστολήν
1149 3848 1227 3913 ὡς
1272 3852 1400 3923 τοὺς
1446 3851 1705 3919 οίκείους,
1733 3849 1836 3908 εϊτ’

259 3940 529 4010 ἀμελήσοι
579 3969 647 3981 —-—
696 3939 812 3995 ἀλλ’
840 3935 911 4012 ἦν
950 3941 1113 3996 τοῦτο
1140 3941 1218 4013 τῷ
1262 3943 1564 4017 Φιλοκτήτῃ
1613 3946 1834 4001 πάντων

258 4030 577 4103 δεινότερον.
612 4032 847 4100 Ἔγνως,
869 4033 899 4088 δ
929 4034 1096 4104 λέγω,
1133 4036 1227 4090 καὶ
1252 4036 1466 4104 φθάσας
1490 4038 1617 4101 τοὺς
1639 4037 1834 4107 λόγους

259 4126 615 4196 ἀφήρπασας.
650 4124 807 4180 Οὕτω
867 4143 948 4180 σοι
1002 4126 1125 4190 νοῦς
1176 4127 1437 4193 ὀξύτατος
1466 4144 1480 4159 ·
1517 4130 1610 4184 καὶ
1645 4132 1696 4184 εί
1757 4130 1833 4202 μὴ

258 4217 510 4287 κωμικὸς
538 4213 606 4289 ἦν
643 4218 671 4271 6
698 4218 877 4287 λόγος,
901 4220 1134 4289 κυνηδὸν
1166 4222 1235 4275 ἃν
1262 4220 1430 4293 φαίην
1462 4238 1523 4274 σε
1554 4221 1646 4275 τδν
1674 4223 1836 4291 λόγον

262 4310 606 4380 σιτήσασθαι.
638 4312 749 4367 Kal
776 4313 882 4383 γάρ
914 4329 995 4366 τοι
1035 4313 1130 4367 καὶ
1158 4312 1321 4376 κύνες
1350 4314 1558 4384 πτῶμα
1602 4315 1834 4384 ῥιπτού-

261 4420 424 4474 μενον
474 4404 680 4475 ἀέριον,
713 4405 879 4474 πρινὴ
942 4406 1084 4459 κατὰ
1135 4405 1241 4477 γῆς
1301 4407 1510 4474 πεσεῖν,
1564 4406 1835 4476 φθάνουσι

257 4500 620 4566 καταφαγεῖν.
665 4496 827 4561 Ἀλλ’,
862 4492 908 4552 ὧ
947 4498 1219 4567 δαιμόνιε,
1263 4498 1425 4554 ἔασον
1461 4500 1586 4555 ὅλον
1633 4517 1705 4572 με
1739 4501 1834 4556 τὸν

254 4585 413 4655 λόγον
474 4587 671 4642 εἰπεῖν.
699 4588 878 4641 Λυπεῖ
927 4588 1023 4642 καὶ
1077 4588 1226 4658 ήμᾶς
1279 4588 1342 4642 τὺ
1391 4589 1493 4659 τῆς
1548 4591 1833 4661 ἡμετέρας

256 4679 465 4750 ἐρήμου
515 4676 842 4751 ἀπόκροτον,
878 4678 975 4733 καὶ
1006 4678 1069 4733 τδ
1127 4680 1227 4749 τῆς
1283 4680 1491 4751 τροφῆς
1547 4698 1833 4754 μεμετρη-

257 4769 443 4839 μένον,
469 4774 567 4825 καλ
597 4771 669 4824 τά
715 4773 818 4840 τῆς
846 4770 973 4825 καθ’
1023 4772 1176 4842 ήμᾶς
1212 4770 1430 4842 ἐχίδνης
1460 4772 1831 4843 χαράγματα’

254 4862 369 4917 ἀλλ’
398 4863 555 4917 ἔδακε
603 4863 765 4918 πλέον
796 4861 1004 4918 τούτων
1047 4865 1217 4936 ἡμᾶς,
1245 4863 1329 4917 ὅτι
1372 4864 1642 4935 περὶ·τάς
1692 4867 1834 4937 πρός

258 4972 319 5009 σε
369 4955 746 5026 δυστυχοῦμεν
801 4956 1043 5026 γραφὰς,
1072 4956 1169 5010 καὶ
1211 4954 1521 5026 γράφοντες
1564 4957 1834 5029 δοκοῦμεν

259 5045 337 5117 μὴ
365 5045 621 5117 γράφειν.
651 5045 845 5100 Καίτοι
893 5045 1000 5100 τίνι
1036 5045 1182 5118 ἄλλῳ
1209 5045 1325 5117 ιτὴν
1358 5046 1498 5113 πρός
1527 5064 1587 5100 σε
1614 5050 1835 5118 γραφὴν

254 5137 752 5206 ἐνεπιστευσάμην,
783 5136 818 5208 ἢ
851 5136 929 5208 τῷ
955 5137 1052 5192 τοῦ
1079 5140 1345 5193 δεσπότου
1372 5138 1466 5193 τοῦ
1494 5138 1823 5195 διδασκάλου

252 5226 468 5296 ἀδελφῷ
504 5228 600 5282 καὶ
630 5227 759 5297 θείῳ
800 5228 908 5299 σῷ;
955 5230 1098 5285 Ἀλλ’
1127 5230 1225 5299 (ὡς
1287 5229 1462 5296 ἔοικε)
1492 5229 1721 5303 δεύτερα
1761 5232 1833 5285 τὰ

250 5320 504 5392 ήμέτερα
558 5319 809 5390 θέμενος,
855 5322 949 5375 τὸν
992 5322 1178 5377 οἶκαδε
1233 5323 1433 5393 ήπειγε
1489 5321 1685 5390 πλοῦν,
1742 5323 1832 5378 ἵνα

251 5412 387 5481 ήμῖν
436 5412 465 5466 6
510 5413 620 5475 πᾶς
674 5411 764 5483 εἴη
812 5413 968 5482 λόγος
1020 5414 1376 5484 τραγῳδικός.
1415 5411 1603 5474 Οῦτως
1663 5415 1831 5485 ἡμεῖς

250 5505 648 5577 δυστυχοῦμεν,
681 5508 768 5574 ἐφ’
820 5503 903 5570 οἷς
949 5507 1308 5578 εὐτυχοῦμεν.
1348 5508 1442 5579 Μὴ
1495 5506 1626 5576 γοῦν
1680 5508 1829 5578 ἡμᾶς

254 5593 477 5665 μέμφου
509 5613 522 5627 ·
573 5598 947 5664 κατατοξάζου
979 5599 1037 5652 δὲ
1062 5599 1162 5667 τῆς
1188 5598 1334 5653 οὕτω
1371 5600 1596 5671 βαρείας
1630 5600 1824 5669 τύχης,

248 5687 319 5742 δι’
354 5690 421 5759 ἢν
472 5691 605 5759 ήμῖν
632 5691 822 5746 οὐκέτι
870 5690 982 5745 οὐδ’
1016 5694 1063 5745 οί
1104 5690 1255 5758 λόγοι
1304 5692 1646 5762 πτερόεντες,
1690 5690 1828 5745 ἀλλά

249 5780 591 5853 βραχύτερον
658 5783 1065 5855 πτερυξάμενοι
1130 5781 1569 5854 πτερορρυοῦσιν
1645 5777 1823 5850 αὖθις,

1945 1905 2094 1961 διότα
2120 1908 2445 1979 ἐθάρρυνεν.
2472 1904 2548 1963 Ἦ
2587 1909 2697 1979 γάρ
2724 1910 2825 1963 οὐκ
2868 1908 3087 1979 ἐφίλουν
3117 1906 3206 1960 ἀεὶ
3232 1910 3321 1960 τὸν
3352 1906 3521 1959 πολὺν

1945 1998 2080 2070 ἐμόν
2102 2016 2162 2053 σε
2192 2000 2494 2074 Γρηγόριον
2519 2016 2535 2067 ;
2568 2001 2801 2071 Μισοίην
2828 2005 2894 2055 ἂν
2914 1999 3153 2070 ἐμαυτὸν
3168 2000 3239 2071 (εί
3261 2000 3317 2052 δὲ
3342 1998 3520 2063 τοῦτο,

1944 2095 2040 2147 καὶ
2070 2094 2412 2165 μαινοίμην),
2443 2095 2539 2148 ἐὰν
2566 2093 2742 2159 ἄλλως
2785 2095 2942 2166 ἔσχον
2977 2097 3071 2149 ἐπί
3128 2112 3209 2149 σοι
3242 2094 3524 2162 διακείμε-

1944 2201 2057 2247 νος.
2106 2185 2221 2241 Οὐκ
2275 2181 2422 2257 εἶχον
2458 2187 2516 2240 ἐν
2542 2186 2697 2257 ψυχῇ
2745 2203 2806 2240 σε
2859 2186 3209 2255 ἀνάγραπτον
3261 2186 3321 2237 ἐν
3355 2183 3522 2253 μοῖρα

1944 2275 2260 2344 κρείττονι;
2310 2275 2690 2348 Ἐξαλειφείην
2736 2277 2836 2348 τῆς
2892 2278 3001 2332 τῶν
3055 2278 3272 2344 ζώντων
3312 2275 3521 2346 βίϐλου,

1944 2366 1992 2416 εί
2024 2366 2111 2419 σοὶ
2144 2366 2220 2438 μή
2248 2368 2431 2423 πᾶσαν
2480 2368 2663 2440 πτύχα
2694 2367 2794 2437 τῆς
2839 2368 3069 2437 καρδίας
3113 2367 3347 2433 ἀνέῳξα.
3383 2365 3522 2419 Πότε

1945 2472 2038 2526 μοι
2067 2459 2162 2511 τοῦ
2197 2459 2467 2530 στόματος
2509 2462 2540 2515 6
2571 2462 2712 2531 ὐπέρ
2748 2478 2843 2515 σου
2875 2461 3036 2531 λόγος
3082 2460 3343 2527 ἀπέπτη;
3384 2461 3524 2513 Πότε

1942 2553 2011 2609 τὰ
2051 2551 2149 2621 τῆς
2192 2553 2417 2625 μνήμης
2467 2554 2741 2621 cinthus;
2788 2555 2926 2608 Τίνα
2972 2554 3104 2609 ποτε
3154 2552 3265 2605 τῶν
3301 2550 3431 2621 περὶ
3462 2549 3523 2601 σὲ

1942 2645 2287 2715 ἀφιξομένων
2316 2646 2562 2717 συνήθων
2586 2647 2732 2709 ίδὼν,
2767 2648 2868 2700 οὐκ
2905 2646 3068 2708 εὐθὺς
3098 2645 3222 2707 τοὺς
3251 2646 3381 2714 περὶ
3414 2641 3510 2694 σοῦ

1942 2738 2135 2807 λόγους
2172 2738 2519 2808 διακινήσας,
2551 2739 2613 2791 τό
2644 2756 2705 2791 τε
2735 2739 2953 2809 χαίρειν
2985 2736 3397 2807 διεπεμψάμην,
3426 2736 3524 2789 xal

1941 2830 2035 2883 τὸν
2082 2827 2368 2899 διάκτορον
2402 2827 2822 2900 ἐξεπεμψάμην,
2857 2830 2919 2883 τὸ
2959 2828 3161 2898 πτερὸν
3197 2829 3385 2898 ἀέριον
3429 2826 3525 2879 λύ-

1944 2937 2116 2975 σαντα
2142 2936 2158 2987 ;
2200 2919 2499 2992 Ἐπίδημος
2522 2919 2617 2987 ὣν,
2645 2920 2745 2991 τὴν
2772 2921 2916 2991 ἐμὴν
2937 2921 3116 2990 ψυχὴν
3144 2918 3288 2990 ἔχεις
3315 2918 3480 2971 οίκῶν
3500 2934 3518 2951 ’

1939 3011 2252 3080 ἀποδημίαν
2287 3010 2663 3081 στειλάμενος,
2696 3012 2754 3065 ἐν
2797 3010 2922 3080 ἐμοὶ
2961 3012 3330 3081 ἐναπέμεινας
3355 3025 3370 3041 ’
3423 3010 3521 3063 καί

1941 3118 2060 3165 πως
2075 3102 2255 3174 ψυχήν
2288 3103 2608 3175 νεμόμενος,
2640 3103 2785 3175 ἔχεις
2806 3106 2867 3159 τὸ
2899 3104 3102 3175 ἐνςέμοὶ
3135 3102 3321 3173 νοερὸν
3354 3119 3524 3156 κατα-

1942 3195 2168 3265 γώγιον.
2212 3196 2356 3251 Ἀλλ’
2383 3199 2531 3267 ὅμως
2563 3199 2658 3251 καὶ
2683 3196 2929 3252 τοιοῦτον
2959 3198 3089 3252 δντοι
3120 3214 3180 3249 σε
3205 3196 3336 3266 παρ’
3367 3197 3518 3263 ἐμοὶ,

1947 3289 2128 3358 ὀλίγον
2161 3292 2465 3362 προσεῖπον
2511 3292 2571 3346 ἐν
2614 3291 2944 3362 γράμμασι·
2991 3293 3085 3345 καί
3140 3305 3226 3344 σοι
3276 3289 3524 3360 μετρητά

1943 3398 2066 3436 τινα
2111 3383 2332 3453 γράψας
2365 3384 2424 3435 ἐν
2476 3385 2664 3437 πίνακι
2709 3384 2891 3453 τυκτῷ
2935 3384 3090 3454 (εἴπῃ
3143 3383 3209 3436 ἂν
3242 3381 3521 3451 Ὄμηρος)

1943 3475 2238 3541 ἐξέστειλα.
2268 3477 2367 3530 Διά
2400 3476 2453 3528 τί
2479 3492 2615 3530 ποτε
2644 3476 2858 3544 αίτιον;
2904 3478 3001 3529 Διά
3026 3475 3254 3541 δειλίαν,
3283 3476 3351 3545 ἢν
3384 3476 3522 3543 φθά-

1946 3584 2139 3632 σαντες
2170 3599 2239 3612 -
2272 3569 2302 3623 6
2326 3569 2481 3637 λόγος
2517 3569 2617 3640 μὲν
2643 3568 3159 3641 ἀνθωμολογήσατο,
3193 3570 3220 3623 6
3248 3568 3302 3621 δὲ
3330 3568 3521 3638 κύριος

1941 3661 2162 3734 Μιχαὴλ
2187 3663 2286 3734 τῆς
2334 3663 2516 3734 ψυχῆς
2545 3681 2642 3735 μοι
2675 3665 2957 3721 ἀπώσατο.
3002 3663 3166 3719 Ἀλλά
3209 3663 3296 3726 τίς
3335 3665 3370 3734 ή
3407 3662 3521 3715 δει-

1942 3756 2072 3822 λίας
2108 3756 2228 3811 Ὀτι
2277 3757 2306 3810 6
2335 3758 2435 3827 μὲν
2464 3758 2544 3822 είς
2581 3758 2719 3828 ἀέρα
2752 3758 3012 3828 χεόμενος
3061 3756 3241 3826 λόγος,
3285 3756 3383 3809 καὶ
3416 3755 3522 3808 ὑπὸ

1941 3846 2208 3912 διακόνοις
2238 3847 2449 3918 ἑτέροις
2497 3848 2944 3918 διαπεμπόμενος
2980 3847 3264 3917 στόμασιν,
3317 3845 3377 3898 ού
3414 3847 3519 3915 ρᾳ-

1942 3936 2071 4002 δίως
2118 3937 2361 4008 ἐλέγχειν
2400 3937 2546 3992 θέλει
2598 3939 2727 4004 τοὺς
2776 3938 3092 4001 στέλλοντας
3125 3954 3139 3971 ·
3174 3936 3314 3991 ἀλλά
3365 3937 3461 3989 καὶ
3490 3937 3519 3989 6

1944 4030 2112 4094 πολὺς
2130 4032 2225 4085 καὶ
2249 4032 2278 4084 6
2297 4031 2506 4095 ἀστεῖος
2528 4031 2761 4087 ἐνταῦθά
2794 4048 2857 4100 γε
2888 4031 2949 4084 τὸ
2983 4032 3094 4085 ἴσον
3122 4031 3514 4100 ἀποφέρονται,

1943 4122 2098 4192 παρὰ
2135 4123 2390 4177 τοσοῦτον
2420 4122 2797 4195 διαφέροντες,
2829 4124 2961 4194 παρ’
2987 4125 3112 4177 ὅσον
3151 4124 3337 4193 έχουσι
3378 4126 3518 4193 μνή-

1945 4230 2054 4284 μης
2084 4213 2117 4285 ἢ
2146 4216 2241 4268 καὶ
2265 4213 2524 4286 λεκτικῆς
2552 4217 2866 4286 ἐπιστήμης
2898 4218 2950 4270 οί
3000 4217 3517 4288 καθυπουργοῦντες

1944 4305 2095 4373 σφίσι
2124 4306 2223 4361 καὶ
2243 4307 2633 4378 ἀναφέροντες.
2659 4309 2769 4363 Καὶ
2794 4309 2942 4363 ἐστιν
2971 4310 3203 4365 ἐνταῦθα
3227 4313 3380 4382 παρὰ
3402 4314 3515 4373 τοῖς

1941 4398 2287 4457 διακονοῦσιν
2340 4402 2373 4473 ἢ
2431 4401 2491 4455 τὸ
2521 4402 3043 4476 διακινδυνεῦσαι,ἢ
3094 4407 3156 4460 τὸ
3203 4408 3420 4476 τυχεῖν
3454 4408 3514 4460 τὸ

1868 4538 1912 4595 D
1942 4493 2051 4561 γὰρ
2080 4494 2179 4562 τῆς
2215 4499 2660 4567 προσφωνήσεως
2703 4496 2877 4561 δεξιὸν
2907 4499 3020 4551 εἴτε
3069 4499 3164 4552 καὶ
3209 4499 3286 4567 μὴ
3327 4498 3513 4560 αὐτοῖς

1940 4585 2358 4655 ἐπιγράφονται.
2390 4587 2495 4642 Καὶ
2523 4591 2552 4641 6
2576 4589 2677 4659 μὲν
2700 4590 2800 4656 τὴν
2828 4588 3163 4658 προσλαλιάν
3188 4588 3511 4652 ἐπιστείλας

1936 4677 2231 4749 ἀμάρτυρα
2278 4680 2416 4751 ἔχει,
2468 4681 2590 4735 ὅποι
2641 4682 2774 4737 ποτὲ
2822 4683 2930 4753 ἄρα
2976 4682 3072 4737 καὶ
3102 4683 3263 4736 πέσοι
3309 4683 3377 4737 τά
3412 4683 3512 4751 τῆς

1933 4775 2340 4843 προσαγορείας
2360 4790 2375 4806 ο
2403 4776 2432 4828 6
2462 4774 2520 4827 δὲ
2546 4775 2689 4845 δρῶν
2711 4775 2788 4846 τῷ
2817 4775 3286 4848 προσαγορεύοντι
3310 4775 3371 4829 τὸ
3401 4777 3510 4829 πᾶν

1933 4866 2014 4929 είς
2051 4865 2242 4919 ἑαυτὸν
2286 4865 2594 4932 ἀνεδέξατο.
2629 4869 2738 4922 Kal
2782 4868 3010 4922 τοιαῦτα
3055 4870 3158 4938 μὲν
3192 4868 3404 4921 ἐκεῖνα.
3449 4866 3509 4921 Ὀ

1932 4959 1989 5013 δέ
2026 4975 2092 5027 γε
2128 4960 2189 5013 ἐν
2225 4960 2527 5032 σωματίοις
2565 4962 2817 5031 κείμενος
2861 4960 3022 5029 λόγος
3057 4959 3238 5014 οὐκέθ’
3275 4959 3378 5014 ὑπὸ
3407 4960 3512 5029 ἀγ-

1932 5052 2093 5119 γέλου
2150 5053 2456 5123 προάγεται
2506 5054 2758 5123 στόματι,
2807 5054 2920 5107 οὐδ’
2953 5056 3013 5108 ἐν
3063 5054 3268 5124 ἐτέρων
3302 5053 3508 5123 χείλεσι

1931 5143 2395 5198 διακινδυνεύεται
2420 5159 2436 5177 ο
2463 5144 2580 5198 ἀλλ’
2616 5145 2732 5198 ἔστι
2761 5144 2943 5216 ψυχῆς
2990 5144 3092 5215 τῆς
3120 5146 3509 5217 ἐπιστειλάσης

1930 5234 2192 5306 ἄντικρυς
2223 5236 2435 5307 κύημα,
2464 5235 2562 5290 τοῦ
2605 5236 2662 5289 δὲ
2696 5236 3097 5308 ὑποδεξαμένου
3127 5237 3357 5303 κώδικος
3385 5240 3511 5309 μαί-

1931 5341 2097 5393 ευμα,
2155 5326 2605 5397 σπαργανοῦντος
2642 5322 2756 5383 οἷον
2789 5327 2974 5396 αὐτὸν,
3026 5329 3122 5384 καὶ
3178 5325 3291 5393 οἷος
3344 5331 3507 5397 ἐξέφυ

1934 5415 2453 5485 περιφυλάττοντος,
2486 5417 2580 5472 καὶ
2609 5416 2689 5489 τῷ
2727 5417 2870 5489 φίλῳ
2903 5420 3398 5491 παρακομίζοντος,
3430 5419 3507 5482 ὡς

1935 5507 2120 5560 εἰκόνα
2150 5505 2248 5566 τοῦ
2301 5508 2635 5572 στείλαντος.
2677 5507 2741 5563 Et
2774 5508 2831 5564 δὲ
2880 5512 3112 5566 τοιαῦτα
3154 5510 3408 5565 δύνανται
3438 5512 3509 5565 τά

1930 5597 2061 5658 τῶν,
2091 5597 2416 5667 ἐπιστολῶν,
2467 5600 2563 5654 καὶ
2610 5604 2944 5673 κατηγορεῖν
2992 5599 3103 5655 οἶδε
3135 5601 3225 5655 τὸν
3266 5600 3477 5652 ἐπιστεί

1931 5689 2119 5755 λαντα,
2157 5684 2272 5754 οἷος
2307 5691 2377 5747 τά
2431 5693 2490 5757 ἐς
2544 5693 2739 5763 λόγους
2774 5696 3003 5760 ἐκεῖνος,
3050 5692 3147 5747 καὶ
3176 5686 3264 5745 οἷα
3290 5692 3360 5745 τὰ
3403 5692 3506 5763 τῆς

1926 5782 2106 5855 ψυχῆς
2141 5784 2289 5857 αὐτῷ
2319 5786 2438 5842 ἐστι
2486 5792 2828 5860 γεννήματα,
2867 5788 2985 5851 πῶς
3010 5785 3081 5841 ἂν
3119 5783 3285 5851 αὐτὸς
3318 5783 3506 5841 εὐτόλ-
