4004 6252
487 280 624 348 1275

1885 293 1930 353 Α
1948 291 2282 355 ΒΒΕΝΟΛ.

3593 285 3729 359 ίΞἹθ

486 411 604 462 μως
649 393 850 465 ἔχοιμι,
907 395 1004 456 τὰς
1057 397 1196 468 ἐμάς
1249 400 1545 473 πιθηκίδας
1604 404 1742 475 πρός
1773 407 1850 459 σε’
1877 408 1972 460 τὸν
2001 408 2062 460 ἐν
2090 409 2134 470 Δ
2167 426 2256 470 τες
2308 405 2594 477 ηττήμςθα
2615 422 2632 436 ο
2663 407 2762 461 καί
2808 408 2976 477 ἐσμεν
3003 436 3071 448 -
3101 407 3131 461 6
3161 406 3264 477 μέν
3307 423 3403 461 σου
3433 405 3498 460 τό
3545 407 3730 462 δευτε-

485 491 796 560 ῥητορείαις
855 493 1059 548 αίθωνα
1104 496 1294 551 λέοντα
1345 499 1606 569 προάγων
1657 502 2053 572 περιγυμνοῦν,

484 583 706 651 καὶτῆς
737 584 876 653 ὲμῆς
918 585 1206 653 ἀγροικίας
1241 590 1722 667 ἐνδαψιλεύεσθαις
1753 594 1866 647 Οὐκ
1909 595 2060 648 ἀντι-

486 674 740 742 λέγομεν,
771 677 1129 746 ἐγχειριδίους
1159 682 1255 734 καὶ
1289 685 1611 754 κειμηλίους
1639 684 1896 756 ἐλέγχους
1923 687 2057 740 ἁπο-

489 767 742 822 τίθεσθαι
789 771 905 834 τοῖς
955 772 1093 836 τέως
1139 774 1241 829 οὕκ
1276 777 1443 831 εἰδόσι
1477 779 1544 832 τὰ
1597 780 1722 833 καθ’
1745 781 1914 850 ἡμᾶς,
1963 782 2059 835 καί

485 861 824 929 κατηγορίας
870 863 1232 935 ἐγχαράττειν
1278 868 1404 923 καθ’
1447 871 1606 941 ἡμῶν
1637 873 1839 938 αὐτῶν,
1870 875 1947 937 ὡς
1991 875 2060 928 ἂν

485 954 582 1008 καὶ
605 954 718 1016 τοίς
746 955 1023 1024 ἐπιγόνοις
1049 957 1271 1030 ἐχοιμιν
1301 961 1902 1033 περιδειγματίζεσθαι.
1932 965 2060 1022 Ἀλ-

486 1045 603 1110 λοις
636 1046 738 1114 μὲν
773 1049 868 1104 οὖν
898 1067 1011 1104 τισι
1059 1054 1202 1124 τάχα
1230 1053 1299 1108 ἂν
1328 1057 1562 1125 γράφων
1588 1057 1931 1130 τεθάῤῥηκα,
1962 1059 2062 1114 καὶ

487 1136 586 1206 οὐχ
620 1137 932 1212 ὕπεστάλην
963 1142 1030 1196 ἂν
1065 1143 1134 1198 τά
1165 1144 1266 1212 τῆς
1297 1145 1610 1216 ἐπιστολῆς.
1645 1146 1792 1217 Πρὸς
1819 1147 1880 1202 σὲ
1913 1147 1970 1202 δδ
1991 1177 2065 1190 -

485 1227 625 1282 ἀλλὰ
660 1231 755 1284 καί
783 1229 881 1285 νῦν
909 1232 1048 1299 δέος,
1084 1233 1161 1304 μὴ
1191 1236 1260 1289 τὰ
1289 1235 1389 1306 τῆς
1425 1237 1644 1308 γραφῆς
1686 1236 1896 1308 ὄργανα
1925 1239 2062 1309 σχά-

489 1335 682 1386 σαντα,
721 1323 783 1377 τὸ
834 1323 996 1394 ἔργον
1044 1326 1234 1390 άτελές
1267 1344 1358 1396 μοι
1405 1327 1768 1399 προλίπωσιν.
1811 1328 1973 1385 Οὕτω
2001 1346 2064 1383 σε

487 1411 720 1481 τέθηπα,
772 1415 914 1469 οὕτω
941 1433 1039 1470 σου
1077 1419 1142 1474 τὸ
1169 1418 1269 1488 τῆς
1315 1419 1612 1490 ῥητορικῆς
1661 1418 1933 1490 ἐμπῦριον
1959 1421 2064 1475 πέ-

489 1521 681 1573 φρικα.
727 1506 840 1561 Καὶ
878 1509 1133 1580 Ῥωμαίῳ
1185 1511 1286 1582 μὲν
1314 1514 1467 1583 ἀνδρί
1500 1512 1832 1585 (Ἀντωνίῳ,
1882 1509 2062 1584 οἶμαι)

486 1596 647 1666 λόγος
674 1600 875 1671 ἐρρέθη
908 1603 1092 1670 ποθὲν,
1115 1604 1194 1666 ὡς
1215 1604 1326 1675 ἄρα
1349 1607 1378 1660 6
1407 1605 1620 1675 δαίμων
1643 1607 1796 1675 αὕτῷ
1823 1606 1917 1660 τὸν
1943 1607 2064 1660 ἐτέ-

491 1707 586 1758 ρου
623 1691 771 1755 τινὸς
799 1693 1108 1764 πεφόϐηται
1151 1696 1381 1765 δαίμονα
1402 1714 1417 1729 ο
1449 1699 1586 1768 ῆμίν
1626 1698 1684 1754 δέ
1714 1699 1926 1769 δαίμων
1963 1698 2062 1768 μὲν

2164 502 2328 570 ρείον,
2355 502 2384 554 6
2417 500 2494 562 δὲ,
2550 499 2580 553 6
2607 517 2662 554 τι
2698 501 2854 569 τύχοι
2899 499 3000 570 τῆς
3042 500 3135 554 ἐπὶ
3163 499 3286 553 τόδε
3313 499 3614 568 φερόμενος
3635 499 3730 554 τά-

2161 609 2322 656 σεως.
2390 593 2456 645 Ὠ
2526 592 2700 662 λόγων
2765 592 2933 664 ἄκρον
2995 593 3312 662 γάργαρονο
3375 583 3422 645 ὦ
3503 589 3733 652 πλοῦτος

2160 687 2582 757 ἐπιχειρήσεων,
2623 687 2766 740 κατὰ
2809 685 2968 756 χύσιν
3009 685 3198 756 ἄμμου
3225 684 3610 754 ἐκνενημένθς
3637 699 3652 713 ·
3691 677 3734 736 ὦ

2160 777 2398 849 ἀριθμὺς
2446 776 2854 847 ἐνθυμημάτων
2889 777 3123 831 ἀστείων
3161 774 3430 844 πολύχους
3455 791 3469 807 ο
3505 767 3554 826 ὦ
3601 773 3737 839 πλη-

2161 865 2371 936 θυσμδς
2416 865 2640 936 ὑψηλῶν
2669 866 2982 936 νοημάτων,
3007 865 3254 936 ἀστέρων
3295 865 3454 934 δίκην
3486 865 3569 928 είς
3597 863 3737 932 πλῆ-

2161 959 2254 1023 θος
2286 958 2768 1029 ἐμπλατυνόμενος
2797 960 2895 1014 καί
2924 959 3005 1021 είς
3052 959 3415 1029 λαμπρότητα
3442 957 3734 1029 δᾳδουχιῖη,

2162 1051 2309 1107 κατὰ
2339 1051 2583 1122 ὕμϐρους
2635 1052 2836 1120 ὑψόθεν
2861 1048 2976 1106 οἷον
3017 1049 3547 1121 καταρῥηγνύμενος
3577 1049 3654 1111 ὡς
3682 1049 3740 1100 ἐν

2163 1143 2534 1214 κατακλυσμῷ
2563 1175 2631 1186 --
2649 1144 2764 1216 δᾷδ’
2803 1144 2871 1198 ἂν
2899 1145 3031 1215 εῐπῃ
3063 1173 3134 1187 --
3160 1141 3372 1195 ὕδάτων
3405 1140 3628 1195 πολλῶν
3655 1157 3670 1172 ·
3697 1134 3741 1193 ὧ

2169 1233 2349 1306 ῥεῦμα
2384 1235 2544 1304 λόγου
2575 1234 2817 1305 δαψιλὶς,
2849 1235 3108 1308 ἐπιρῥὲον
3139 1233 3239 1288 ἆτε
3270 1232 3474 1286 πόντου
3519 1230 3744 1300 κύματα

2175 1324 2455 1395 Ἰκαρίοιο.
2485 1325 2624 1380 ἔπεα
2669 1325 2988 1394 νιφάδεσσιν
3023 1325 3260 1379 ἐοικότα.
3301 1323 3525 1377 Ἐπειοί
3563 1340 3656 1393 μοι
3687 1323 3744 1375 τὸ

2162 1418 2262 1488 τῆς
2286 1419 2661 1488 Συρακουσίου
2687 1419 2912 1490 Μούσης
2950 1421 3151 1484 εἰπεῖν,
3185 1419 3335 1486 ὅσος
3363 1418 3575 1487 ὄχλος,
3598 1417 3747 1485 μύρα

2157 1527 2352 1581 μηκες
2374 1513 2710 1581 ἀνάριθμοι,
2741 1515 2923 1568 είτουν
2968 1513 3262 1584 μυρμηκιὰ
3310 1511 3492 1579 λόγων
3543 1509 3742 1577 σοφῶν.

2165 1599 2302 1657 Εἶτα
2330 1601 2601 1673 θορύϐους
2633 1603 2936 1675 προϐάλλῃ,
2971 1603 3068 1658 καὶ
3098 1607 3449 1672 πραγμάτιον
3490 1601 3748 1669 ἐπίχυσιν

2167 1698 2261 1751 καὶ
2292 1697 2409 1766 βίου
2438 1697 2726 1766 σύγχυσιν,
2751 1698 2847 1751 καί
2873 1697 3076 1769 βλάϐας
3103 1698 3222 1760 οἵας
3245 1695 3341 1750 καὶ
3358 1695 3569 1764 τύρϐας
3596 1695 3746 1758 ὅσας,

491 1783 746 1852 φοϐερὸς,
797 1784 976 1840 είτουν
1023 1787 1160 1857 τύχη
1211 1789 1695 1860 μορμολυττομένη
1737 1792 1799 1844 τὺ
1845 1793 2058 1860 ὅμοιον,
2091 1775 2137 1838 Β
2167 1785 2258 1853 ὑφ’
2287 1779 2364 1839 ὧν
2393 1787 2490 1839 τοῦ
2523 1786 2679 1855 φίλου
2724 1787 2884 1855 λόγου
2919 1785 3373 1858 περικεκίνησαις
3408 1786 3517 1838 Καὶ
3561 1783 3746 1838 οὐκέτι

488 1871 609 1926 οὕτι
638 1873 978 1941 δεδόξασται.
1013 1878 1140 1942 Πῶς
1167 1879 1276 1949 γάρ
1310 1879 1376 1934 ἂν
1401 1883 1499 1936 καί,
1540 1881 1624 1952 εἴη
1654 1881 1882 1953 τοιαύτη
1919 1881 2060 1952 τύχη

490 1967 620 2035 παρ’
651 1968 810 2037 ημῖν,
844 1964 927 2032 οἷς
952 1970 1014 2023 τὺ
1055 1973 1164 2026 πᾶν
1195 1974 1226 2026 6
1251 1972 1383 2038 Θεός
1410 1990 1429 2043 ;
1479 1975 1616 2029 ὅπου
1648 1974 1758 2028 τῶν
1791 1975 2064 2044 Ἐλλήνων

489 2059 607 2114 ὅσοι
639 2061 939 2130 σοφώτεροι
973 2062 1189 2120 εὔνοιαν
1213 2066 1496 2138 θειοτέραν
1527 2067 1629 2136 τὴν
1655 2065 1828 2138 τύχην
1854 2067 2066 2138 ὁρίζον-

489 2173 604 2221 ται,
636 2160 732 2212 καὶ
759 2161 840 2217 εἰς
867 2160 1067 2214 ταυτὸν
1089 2160 1261 2230 αὐτὴν
1286 2161 1364 2234 τῷ
1394 2161 1549 2232 καλῷ
1577 2163 1674 2232 τῆς
1712 2161 2068 2230 εὐδαιμονίας

491 2251 808 2318 συνάγουσι.
847 2251 996 2325 Τύχη
1049 2255 1148 2324 μὲν
1200 2249 1296 2310 οὕν
1339 2255 1475 2324 ἡμῖν
1515 2253 1641 2311 οὕτε
1674 2254 1826 2310 ἐστίν
1866 2253 2064 2319 οὕτως,

488 2341 614 2396 οὕτε
645 2345 976 2415 πεφόϐηται.
1027 2347 1088 2400 Ὀ
1112 2346 1170 2399 δι
1205 2363 1295 2416 μοι
1341 2346 1498 2414 λόγος
1542 2345 1758 2416 φρίττει
1797 2346 1890 2400 τὸν
1924 2345 2017 2398 σόν
2047 2363 2064 2381 ι

491 2436 586 2488 καί
619 2453 723 2488 που
775 2438 1090 2506 περιτυχὼν
1139 2437 1308 2508 αὐτῷ,
1351 2438 1640 2500 συσταλεὶς
1686 2437 2020 2491 καταδύεται
2045 2451 2069 2491 °.

492 2528 588 2580 καὶ
603 2527 766 2581 κκαθά
806 2544 909 2580 που
953 2528 1114 2596 λόγος
1151 2528 1290 2599 ἔχει,
1323 2530 1597 2598 σωμάτων
1631 2529 1874 2593 κτύπους
1913 2529 2066 2593 τινας

491 2619 699 2690 ἑτέροις
731 2621 924 2685 εἴκειν,
956 2621 1052 2673 καί
1075 2624 1282 2675 τούτων
1307 2621 1586 2692 ἠχούντων
1610 2621 1852 2682 ἐκείνους
1883 2621 2064 2692 σιγᾷν,

489 2713 592 2765 οὐκ
631 2711 853 2781 ἔχοντας
881 2714 1163 2784 ἀντηχεῖν.
1194 2713 1340 2770 οὕτω
1382 2714 1500 2779 καὶ,
1528 2715 1625 2769 τοῦ
1657 2714 1822 2784 σοφοῦ
1853 2715 2067 2786 Γρηγο-

493 2804 612 2876 ρίου
645 2804 707 2857 τὸ
760 2804 1012 2860 σύντονον
1045 2809 1106 2860 ὲν
1132 2808 1446 2878 ῥητορείαις
1488 2809 1727 2880 ᾄδοντος,
1761 2809 1794 2879 ἡ
1842 2805 1936 2860 τοῦ
1966 2808 2068 2861 Εὕ-

493 2899 716 2954 σταθίου
747 2899 907 2954 λαλιὰ
931 2901 1042 2954 οὐδ’
1068 2905 1149 2963 είς
1180 2903 1416 2956 τονιατόν
1441 2919 1492 2954 τι
1516 2902 1704 2971 διπήχη
1714 2919 1790 2970 μα
1823 2900 2071 2970 ὕποψάλο

489 2993 665 3047 λεται.
713 2993 837 3048 Ἔτι
885 3011 976 3061 μοι
1008 2993 1110 3063 τῆς
1164 2993 1457 3063 ἐπιστολῆς
1505 2992 1724 3062 ἐκείνης
1767 2992 2074 3062 ἰνδάλματα

492 3091 788 3159 προτρέχει
817 3090 928 3142 τῶν
974 3089 1292 3158 ὀφθαλμῶν,
1324 3089 1392 3158 ἢν
1431 3087 1491 3140 οὐ
1536 3087 1643 3156 πρὸ
1687 3084 1887 3138 πολλοῦ
1929 3085 2070 3155 μετὰ

493 3185 682 3251 χεῖρας
736 3181 971 3250 ηὕχουνο
1007 3180 1103 3233 καί
1139 3197 1207 3250 με
1251 3179 1344 3234 τοῦ
1389 3180 1621 3248 γράφειν
1669 3177 1926 3248 ἐκκρούει
1972 3177 2068 3228 ἐκ-

496 3274 758 3346 θροοῦντα
779 3275 877 3344 οὐχ
899 3269 1137 3346 ﬁctam?)
1165 3274 1255 3328 τὸν
1285 3271 1510 3346 θρυλλού
1519 3289 1681 3343 μενον
1705 3271 1897 3342 άντιφέ
1907 3288 2070 3343 ροντα

492 3370 564 3422 τά
615 3367 827 3422 ἐκείνου
884 3366 1314 3437 ἐκδειματοῢντα
1377 3365 1703 3434 ἰνδάλματα.
1752 3364 1877 3417 Ἔτι
1933 3381 2002 3434 με
2041 3363 2070 3416 ό

492 3463 702 3527 γλυκὺς
735 3462 946 3524 ἐκεῖνος
990 3459 1198 3531 ῥυθμὸς
1233 3460 1550 3530 ἐπικροτείο
1587 3457 1668 3512 ἔτι
1711 3474 1778 3527 με
1811 3456 2070 3527 περιάγει

494 3555 555 3607 τὸ
585 3553 818 3616 κάλλοςο
849 3554 910 3608 τὸ
952 3555 1062 3608 τῶν
1095 3553 1388 3626 νοημάτων
1422 3551 1580 3620 ὕψος,
1621 3551 1654 3621 ὴ
1707 3549 2001 3622 πυκνότης,
2035 3550 2070 3620 ἡ

497 3647 838 3718 στρυφνότης
858 3662 874 3678 ·
905 3647 941 3716 ἡ
987 3646 1181 3708 αὑταῖς
1225 3643 1652 3716 άνακεκραμένη
1683 3642 1962 3713 γλυκύτης
1985 3659 1999 3675 ο
2032 3643 2068 3714 ἠ

493 3741 593 3810 τῆς
623 3740 828 3806 λέξεως,
872 3740 1034 3811 χάρις
1060 3757 1075 3772 ο
1113 3741 1148 3810 ἡ
1188 3740 1246 3792 ἐν
1289 3741 1538 3809 σχήμασι
1586 3737 1866 3790 ποικιλία·
1898 3734 2074 3790 τᾶλλα

497 3835 675 3890 πάντα
706 3833 867 3896 καλὰ,
916 3832 1004 3886 ἵνα
1045 3832 1120 3904 μὴ
1149 3831 1246 3885 καί
1293 3831 1525 3900 φορυτόν
1572 3829 1748 3890 άλλως
1785 3827 2071 3898 ὀνομάτων

496 3925 852 3994 ἐπισυνάγειν
879 3925 1117 3994 δόξαιμι.
1156 3923 1319 3977 Ἀλλὰ
1339 3923 1393 3976 τί
1419 3939 1509 3992 μοι
1535 3920 1826 3989 ἐπιστολῆς
1853 3918 2076 3988 ἐκείνης

493 4023 596 4089 τῆς
631 4020 784 4089 μιᾶς,
835 4019 884 4071 εί
912 4019 1008 4070 καὶ
1049 4015 1170 4069 λίαν
1209 4015 1417 4084 καλῆς;
1445 4015 1512 4070 Τί
1553 4015 1628 4083 μὴ
1661 4012 1752 4068 τδν
1785 4011 1950 4080 σοφὸν
1971 4011 2073 4082 τὴν

495 4113 655 4180 χεῖρα
685 4110 1048 4180 Πρωτογένην
1073 4109 1174 4162 οὐκ
1205 4107 1410 4170 ἐκτῶν
1441 4105 1699 4176 μεγάλων
1731 4103 1931 4175 ἔργων,
1953 4104 2074 4158 ἀλλ’

497 4205 563 4257 ἐκ
611 4201 709 4255 τοῦ
755 4201 1039 4272 παρέργου
1097 4199 1576 4270 καλοῦ,,πέρδικος
1639 4196 1893 4264 ἐπαινῶ;
1946 4194 2075 4250 Ἐπὶ

495 4292 624 4347 νοῦν
653 4292 919 4360 λαμϐάνω
947 4292 1045 4360 τὴν
1077 4290 1178 4360 σὴν
1205 4288 1645 4360 καλλιγραφικὴν
1677 4287 2068 4358 λογογραφίαν,

499 4385 638 4459 [καὶ]
675 4384 964 4454 θαυμάσας
1002 4383 1079 4447 ὡς
1133 4383 1213 4437 ἔνι
1263 4381 1521 4454 μάλιστα,
1561 4382 1656 4434 καὶ
1690 4380 1889 4434 ἑαυτοῦ
1931 4381 2069 4433 611:0-

2168 1879 2270 1952 φῂς
2300 1880 2424 1934 οὕτε
2449 1883 2568 1945 ταίς
2596 1882 2766 1936 πάλαι
2795 1880 2927 1935 ποτέ
2946 1883 3138 1944 λάλαις
3167 1884 3352 1950 ὃμοια,
3378 1880 3507 1934 οὕτε
3542 1880 3750 1950 βίϐλοις

2168 1973 2634 2042 προστετηκέναι,
2680 1971 2797 2027 αὕθ’
2825 1973 2968 2038 ὅλως
2993 1973 3179 2027 ἐκεῖνο
3201 1968 3366 2036 εἶναι,
3389 1973 3450 2025 ὃν
3486 1973 3652 2042 ἡμεῖς
3676 1969 3750 2024 0!-

2167 2065 2380 2135 δαμενς
2417 2065 2483 2119 Ὢ
2509 2066 2610 2138 τῆς
2638 2065 2765 2120 καθ’
2791 2066 2953 2137 ήμιῖιν
2987 2068 3217 2136 σκηνῆς.
3249 2067 3322 2120 Ἣ
3355 2061 3750 2137 σκη[νοϐα]τή⁴

2172 2175 2256 2214 σοι
2277 2158 2308 2213 6
2326 2159 2484 2228 λόγος
2510 2175 2528 2228 ;
2555 2157 3016 2229 Ἐσχημάτισται,
3045 2157 3321 2229 nvem“.
3359 2158 3750 2227 Ἐπικρύπτεις

2169 2253 2305 2322 ἡμῖν
2359 2251 2610 2315 σεαυτὸν,
2645 2250 2750 2305 οὐκ
2791 2248 2892 2304 οἷδ’
2938 2249 3050 2304 εῐτε
3099 2249 3248 2305 κατὰ
3304 2250 3399 2303 τὸν
3449 2249 3752 2320 Ὁμηρικὸν

2182 2345 2466 2410 Ὀδυσσέα,
2498 2345 2532 2415 ἢ
2573 2347 2630 2399 εἰ
2657 2361 2741 2406 τις
2789 2345 2911 2400 κατ’
2940 2345 3150 2398 ἐκεῖνον
3177 2342 3280 2416 τὴν
3311 2343 3515 2399 ἑαυτοῦ
3549 2343 3752 2413 κρύψιν

2171 2438 2613 2510 ἐσκηνοϐάτησεν
2634 2453 2650 2470 ο
2682 2439 2793 2493 εἴτε
2840 2437 2984 2491 κατὰ
3010 2438 3102 2491 τὸν
3133 2440 3191 2491 ἐν
3225 2437 3566 2506 σοφίσμασιν
3594 2439 3752 2505 ἐγκε-

2170 2533 2543 2602 καλυμμένον,
2567 2532 2643 2597 ὡς
2669 2531 2734 2587 ἂν
2760 2529 2986 2601 ὕστερον
3009 2529 3254 2600 ἐκφήνας
3282 2530 3352 2584 τὰ
3374 2529 3518 2584 κατά
3555 2547 3644 2593 σε,
3675 2530 3752 2594 είς

2171 2624 2517 2692 ἀντιφάσεως
2580 2622 2890 2694 μοχθηρίαν
2947 2623 3255 2695 συνελάσῃς
3312 2617 3486 2693 ἡμᾶς,
3544 2622 3754 2684 εἰδότας

2172 2718 2290 2788 ἅμα
2319 2717 2412 2770 καί
2435 2718 2537 2770 οὐκ
2563 2717 2774 2780 εἰδότας
2795 2734 2884 2772 σε.
2911 2719 2976 2771 Ὠ
3000 2719 3102 2788 τῆς
3120 2717 3409 2786 εἰρωνείας
3437 2716 3460 2770 ί
3486 2714 3757 2784 Μυκτῆρα

2174 2811 2284 2881 γὰρ
2314 2811 2491 2864 εἰπεῖν
2514 2809 2576 2863 τὸ
2603 2810 2862 2880 πρᾶγμα,
2893 2804 3053 2880 οἶμαι
3083 2808 3182 2862 οὐκ
3203 2806 3485 2877 ἀσφαλές·
3519 2808 3617 2860 καὶ
3651 2806 3760 2876 μὴν

2171 2903 2293 2959 οὺίὲ
2341 2901 2617 2972 ἀκκισμὸς
2652 2902 2686 2973 ἢ
2724 2901 2920 2972 θρύψις
2971 2901 3050 2954 ητδ
3099 2899 3270 2964 πάθος
3323 2899 3462 2954 ἐστί.
3514 2897 3756 2968 Τάχαῶ

2173 2995 2408 3049 κάκεῖνα
2464 2993 2836 3062 διαγραπτέον
2890 3008 3003 3062 μοι,
3060 2994 3157 3046 καὶ
3205 2991 3398 3065 πόῤῥω
3437 2991 3536 3046 τοῦ
3596 2991 3757 3058 λόγου

2175 3087 2400 3142 θετέονο
2449 3087 2738 3139 κατειπεῖν
2792 3086 2904 3156 γάρ
2950 3101 3045 3139 σου
3085 3084 3320 3155 φορτικὰ
3375 3082 3512 3154 πρὸς
3577 3083 3757 3152 ῥῆσιν,

2177 3179 2319 3232 πάνυ
2353 3175 2515 3248 βαρύ.
2546 3175 2690 3232 Οὕτε
2715 3175 2827 3247 γὰρ
2852 3177 2914 3231 τὸ
2939 3177 3215 3246 σκηνικῶς
3241 3177 3456 3245 ὀμιλεῖν
3484 3179 3547 3230 ἐν
3577 3175 3756 3229 τοιού-

2175 3289 2289 3336 τοις
2323 3273 2615 3332 σπουδαῖον-
2655 3270 2930 3341 κρίνεται,
2963 3271 3061 3324 καὶ
3101 3271 3170 3324 τά
3213 3269 3320 3339 τῆς
3369 3269 3664 3338 εἰρωνείας
3703 3267 3758 3321 ει

2176 3365 2236 3418 ἐν
2264 3363 2465 3426 κακίας
2495 3362 2661 3435 μοίρᾳ
2687 3361 2969 3433 βέϐληται.
3003 3363 3070 3414 Ὦ
3096 3362 3278 3416 τοίνυν
3309 3359 3405 3414 τοῦ
3440 3360 3759 3423 ἐπιεικοῦς*

2177 3456 2224 3509 ὣ
2257 3455 2635 3525 καθυφόσεως,
2652 3457 2734 3518 εἰς
2751 3455 2818 3526 ῆν
2851 3455 2879 3508 ό
2897 3454 3099 3527 ὑψηλὸς
3119 3454 3214 3508 καὶ
3243 3455 3411 3518 πολὺς
3427 3455 3530 3523 τὴν
3564 3454 3762 3522 σοφίαν

2177 3547 2524 3620 κατήνεγκας
2575 3548 2824 3603 σεαυτόν.
2868 3548 2934 3600 Ὦ
2977 3547 3073 3601 τοῦ
3111 3547 3334 3618 μετρίου
3384 3547 3758 3616 φρονήματος,

2179 3640 2269 3706 ὑφ’
2291 3634 2353 3694 οὕ
2384 3640 2740 3710 περιμετρείς
2770 3639 2994 3694 σεαυτὸν
3015 3639 3129 3699 τοῖς
3151 3637 3387 3701 πολλοῖς,
3421 3638 3659 3706 σημεῖον
3684 3637 3761 3698 είς

2181 3732 2344 3803 βάθος
2377 3731 2473 3786 καὶ
2499 3733 2580 3810 εἰς
2615 3729 2752 3800 ὕψος
2780 3729 2942 3785 ἄλλον
2969 3729 3173 3802 τρόπον
3205 3729 3302 3782 καὶ
3333 3727 3496 3790 αὐτὸς
3534 3727 3760 3792 αἰτησά-

2181 3840 2343 3895 μενος
2376 3824 2473 3878 καὶ
2497 3823 2678 3876 λαϐὼν
2703 3825 2768 3878 ἐκ
2794 3823 2932 3877 Θεοῦ
2957 3839 2973 3856 ⁸
3003 3822 3188 3894 βάθος,
3217 3823 3279 3875 τὸ
3309 3822 3398 3875 διὰ
3425 3821 3760 3874 ταπείνωσιν

2179 3920 2368 3973 κάτων
2407 3917 2565 3989 ὕψος,
2611 3916 2711 3990 τὴν
2755 3917 2898 3972 κατὰ
2942 3915 3136 3985 λόγους
3179 3915 3468 3970 ἀνάϐασιν.
3507 3913 3657 3982 Ἐγὼ
3703 3912 3758 3966 δέ

2179 4010 2366 4082 ἠξίουν
2393 4011 2620 4066 σεαυτὸν
2643 4011 2867 4077 εἰδέναι,
2903 4013 2999 4065 καὶ
3021 4011 3098 4082 μὴ
3123 4009 3352 4064 τοιαῦτα
3375 4009 3759 4079 καταγράφειν

2182 4100 2432 4156 σεαυτοῦ.
2462 4101 2538 4154 Ού
2585 4102 2694 4173 γὰρ
2727 4100 2792 4156 τὸ
2822 4101 3051 4156 παλαιὸν
3079 4102 3260 4154 ἐκεῖνο
3301 4101 3539 4170 γράμμα
3577 4117 3756 4154 στενο-

2178 4196 2365 4267 χωρῶ,
2379 4197 2461 4261 τδ,
2485 4195 2682 4254 Γνῶθι
2701 4195 2954 4263 σαυτὸν,
2977 4195 3092 4250 ἀλλ’
3109 4197 3190 4258 είς
3203 4195 3414 4258 πάντας
3437 4196 3756 4265 ἀνθρώπους

2181 4284 2456 4349 πλατύνω,
2489 4286 2586 4342 καὶ
2650 4285 3061 4356 συνεπιμερίζω
3108 4285 3169 4338 τὸ
3211 4284 3378 4356 ῥητὸν
3426 4286 3544 4347 τοῖς
3601 4284 3758 4338 καθέο

2180 4390 2398 4430 καστα⁶
2426 4378 2505 4440 ὡς
2557 4377 2678 4433 δέον
2717 4376 2800 4442 δν,
2849 4379 3086 4432 ἕκαστον
3123 4377 3318 4432 ἐαυτὸν
3368 4376 3578 4431 εἰδέναι
3609 4395 3624 4410 ·
3672 4378 3758 4430 ἶνα

496 4479 682 4548 γνοὺς,
709 4478 1052 4547 σχασάμενος
1076 4475 1176 4548 τὴν
1203 4474 1545 4545 σοφιστικὴν,
1567 4473 1749 4536 ἄλλοις
1779 4471 2074 4538 ἀντεπεξάο
2103 4503 2152 4558 D.
2183 4470 2324 4540 μήτε
2353 4475 2382 4525 6
2403 4469 2464 4526 τὸ
2491 4471 2662 4542 μηδὲν
2688 4472 2764 4525 ὣν
2787 4471 3010 4542 ὕψιστόν
3029 4488 3083 4524 τι
3117 4472 3316 4541 φρονῇ,
3356 4471 3499 4542 μήτε
3521 4473 3552 4525 6
3591 4471 3757 4540 ὕπερ·

495 4569 689 4640 γεσθαι
713 4569 849 4640 πρὸς
865 4568 970 4640 τὴν
992 4569 1092 4640 σὴν
1115 4569 1187 4637 (εἰ
1210 4567 1507 4638 βούλοιντο)
1529 4565 1822 4638 ῥητορείαν
1843 4564 2069 4636 ἀφίημι.

498 4665 608 4716 Καὶ
650 4661 842 4734 ῆθελον
895 4663 1032 4716 ἰδεῖν
1073 4664 1199 4724 τοὺς
1243 4661 1543 4726 τοιούτους,
1578 4659 1776 4723 οἵτινες
1821 4659 1928 4730 άρα
1979 4660 2077 4714 καὶ

496 4752 611 4809 εἶεν
631 4772 645 4786 ·
675 4755 752 4818 ὡς
785 4756 854 4810 ἂν
886 4750 1032 4825 εἶχον
1061 4753 1338 4824 εὐθύμως,
1377 4753 1501 4808 ἰδὼν
1545 4752 1858 4824 ἡττώμενόν
1892 4768 1950 4804 σε
1981 4753 2078 4806 τὸν

497 4849 622 4918 ἐμοὶ
673 4847 925 4918 φοϐερόν.
953 4848 1019 4902 Ol
1060 4846 1117 4900 δέ
1143 4875 1216 4888 —
1257 4846 1394 4900 ἀλλὰ
1448 4847 1543 4900 καὶ
1583 4844 1740 4901 αὐτοὶ
1780 4844 1855 4908 ὡς
1883 4843 2076 4898 λέοντα

501 4939 744 5011 μηκάδες
790 4935 949 5006 αἶγες
980 4938 1344 5009 πεφόϐηνται.
1396 4939 1512 4992 Καὶ
1542 4938 1608 4992 σῦ
1665 4937 1766 5010 μὲν
1811 4936 1955 4990 κατὰ
1981 4936 2076 4990 τὸν

509 5030 809 5099 Ὁμηρικόν
831 5029 1078 5100 Ἕκτορα
1103 5033 1318 5092 πάντας
1338 5029 1579 5094 καθίζων
1604 5030 1732 5092 τοὺς
1754 5027 2078 5098 ῥητορεύειν

497 5121 728 5186 δεινοὺς,
771 5116 893 5176 εἶτα
917 5123 1012 5176 τὸν
1065 5123 1365 5176 ἀντίπαλον
1419 5121 1726 5191 μονομάχον
1761 5119 1984 5191 ζητεῖς·
2023 5118 2076 5172 οί

499 5216 558 5270 δὲ
589 5214 861 5279 σιωπῶσι,
896 5215 991 5268 καὶ
1024 5217 1086 5269 ού
1118 5215 1384 5286 θαρῥοῦσι
1418 5214 1519 5285 τὴν
1551 5213 1917 5280 ἐπεξέλευσιν.
1953 5213 2075 5267 Κάν

497 5325 581 5371 τις
615 5307 798 5368 αὐτοῖς
839 5306 962 5359 καθ’
993 5308 1243 5376 Ὅμηρον
1275 5307 1416 5362 ἀλλ’
1468 5306 1640 5375 ὑμεῖς
1682 5305 1800 5375 μὲν
1847 5306 2075 5372 πάντες

498 5399 658 5467 ὕδωρ
702 5395 802 5451 καί
835 5393 976 5466 γαῖα
1018 5397 1297 5464 γένοισθε
1345 5397 1767 5470 ἐπιφθέγξηται,
1808 5399 1857 5452 εί
1891 5397 1956 5470 δὴ
1984 5399 2074 5452 τὸν

500 5493 599 5546 ἐνα
636 5487 827 5544 τοῦτον
861 5487 1166 5542 δεδίττεσθε
1195 5490 1372 5552 αὐτοὶ,
1403 5489 1516 5544 οὐδ’
1544 5488 1720 5553 οὕτως
1750 5491 1831 5554 εἰς
1864 5491 2076 5560 τόλμαν

502 5582 805 5647 όξύνονται,
835 5578 940 5634 οὐδ’
971 5579 1131 5632 ἐννέα
1161 5579 1363 5642 πάντες
1387 5581 1740 5636 ἀνθίστανται
1782 5597 1865 5636 σοι
1892 5597 1908 5614 ο
1936 5584 2078 5651 ἀγα-

508 5673 679 5742 πητὸν
711 5673 842 5741 γὰρ,
878 5673 930 5725 εἰ
964 5672 1058 5724 καί
1091 5687 1212 5724 τινα
1246 5671 1366 5735 ἕνα,
1394 5673 1488 5724 καὶ
1531 5672 1695 5725 αὐτὸν
1723 5673 1784 5726 ού
1815 5674 1958 5728 κατὰ
1983 5676 2076 5729 τὸν

520 5762 696 5830 μέγαν
723 5763 950 5832 Αἴαντα,
976 5763 1259 5836 ἐγεροῦσιν
1283 5763 1599 5834 ἁντίμαχον.
1627 5763 1783 5822 Οὕτω
1815 5783 1909 5822 σου
1929 5769 2076 5824 πάν-

2180 4562 2388 4632 ύψηλος
2428 4561 2594 4622 ,οὕτω
2651 4563 2790 4633 πρὸς
2843 4566 2950 4633 γῆν
2999 4563 3195 4618 ἑαυτὸν
3250 4565 3534 4636 κατασπᾷ.
3602 4562 3756 4618 Ἀλλὰ

2177 4652 2354 4709 ταῦτα
2392 4655 2493 4726 μὶν
2541 4653 2710 4723 ἄλλην
2743 4653 2859 4725 ἐχει
2902 4655 3123 4726 τριϐὴν,
3164 4654 3269 4709 εἶθ’
3293 4653 3443 4710 οὕτω
3481 4657 3755 4726 ποιητέον,

2177 4747 2288 4801 εἴτε
2313 4748 2407 4801 καὶ
2434 4747 2532 4819 μή.
2564 4748 2636 4800 Σῦ
2664 4749 2721 4802 δέ
2759 4746 2813 4802 τί
2839 4764 2974 4802 ποτε
3000 4747 3129 4821 φῂς,
3173 4748 3386 4820 ἀνδρῶν
3418 4748 3756 4817 λογιώτατε;

2176 4839 2452 4905 δυστόκως
2483 4841 2632 4911 ἔχεις
2665 4840 2794 4904 τπρί
2819 4840 3110 4912 νοημάτων
3137 4844 3299 4908 γονάς
3315 4858 3335 4905 ;
3370 4842 3470 4894 καὶ
3499 4841 3565 4894 δν
3599 4842 3756 4911 ἰδρὼς

2180 4931 2411 5004 συνεχὴς
2461 4936 2556 4989 καὶ
2605 4931 2877 5004 θερμότης
2903 4933 3165 5004 ἐντρεχὴς
3195 4935 3290 4990 καὶ
3320 4935 3512 4997 ἔννους
3542 4935 3626 4997 εἰς
3667 4949 3761 4986 κο·-

2179 5025 2307 5078 πίδα
2327 5024 2797 5096 φιλοσοφουμένην
2817 5026 3153 5099 ἐστόμωσεν,
3172 5025 3468 5078 ἀντιτυπία
3493 5024 3763 5095 πραγμάο

2176 5134 2288 5171 των
2315 5117 2629 5187 ἐπήμϐλυνε
2653 5134 2670 5185 ;
2697 5118 2952 5189 νενίκηκε
2982 5134 3041 5170 σε
3075 5116 3247 5188 τύρϐη
3280 5119 3619 5186 φροντίδων;
3659 5133 3762 5170 πε-

2180 5210 2428 5281 ριγέγονό
2501 5227 2640 5278 000;
2705 5211 2926 5264 καθεῖλε
2990 5208 3084 5264 τοῦ
3145 5209 3348 5279 ὕψους;
3428 5211 3756 5273 ἀπέσπασες

2178 5303 2633 5373 καταϐέϐληκεν;
2685 5304 2880 5358 οὐκέτ⁹
2929 5306 3140 5368 ἐκεῖνος
3184 5298 3236 5357 εἰ
3265 5307 3292 5358 ό
3330 5304 3502 5358 πάλαι
3552 5303 3765 5374 Γρηγό-

2180 5411 2293 5467 ριος
2320 5411 2336 5460 ;
2363 5395 2420 5458 ὃς
2454 5397 2547 5448 καὶ
2584 5397 2968 5467 καταλογάδην
3006 5396 3351 5467 περιπτύσας
3392 5415 3447 5450 τι
3486 5397 3689 5464 λόγιον,
3725 5396 3764 5467 ἦ

2177 5488 2272 5541 καὶ
2333 5486 2690 5559 παραρῥίψας
2753 5490 3012 5558 στιχίδιον
3066 5489 3297 5558 σχέδιον,
3343 5491 3428 5552 εἰς
3475 5491 3769 5560 ἀμίμητον

2177 5574 2428 5636 αὐτὸκαὶ
2467 5583 2608 5651 μέγα
2647 5585 2759 5644 τοῖς
2805 5583 3124 5655 ῥητορεύειν
3160 5583 3408 5637 θέλουσιν
3455 5584 3763 5655 ἐλεπτούρ-

2177 5691 2354 5743 γησας
2412 5676 2701 5744 σκάριφον.
2736 5674 2924 5738 Οὕτως
2967 5679 3024 5730 ἐν
3082 5677 3263 5745 λόγοις
3308 5677 3544 5748 ἄπειρος
3597 5677 3762 5746 εἶηνο

2182 5766 2470 5838 πεινῲμην
2492 5766 2638 5822 οὕτω
2667 5771 2862 5838 σοφίας
2887 5786 2900 5799 °
2939 5769 3159 5824 τοιαύτη
3210 5786 3281 5839 με
3311 5769 3473 5837 λάχοι
3518 5771 3647 5836 περὶ
3669 5768 3768 5824 λό-
