4004 6252
341 317 478 383 1289

1147 318 1574 382 EUSTATHII
1608 313 2373 380 THESSALONICENSIS
2422 311 2848 374 EPISTOLRE.

3465 307 3602 373 1290

339 436 479 502 πρὸς
513 430 825 504 ἀρχέτυπον
846 389 1136 502 γράφοιεν.
1173 432 1366 501 Κάγὼ,
1403 433 1450 485 εί
1485 431 1563 503 μὴ
1592 431 1691 496 τάς
1720 430 1918 501 ὑμετέ-
1948 441 1992 498 Α
2026 443 2188 498 μενος
2212 425 2351 496 πρὸς
2382 424 2482 493 τὴν
2527 425 2710 477 ἐκεῖσε
2761 421 2919 494 λῆξιν
2974 420 3224 494 μετάρω,
3274 421 3381 479 ὕπδ
3413 421 3602 497 μηδενὶ

341 540 443 592 ρας
493 523 718 594 ἐμαυτῷ
753 522 874 576 κατ’
917 523 1075 593 δμμα
1119 523 1501 595 προϐαλοῦμαι
1534 521 1786 593 γραφὰς,
1817 522 1918 576 οὐκ

341 615 412 666 ἂν
443 613 620 677 ἄλλως
651 615 842 686 σχοίην
874 617 1131 684 γράφειν.
1187 615 1442 669 Στείλατε
1471 611 1565 668 οῦν
1593 615 1654 668 τδ
1694 614 1924 684 ἀρχέτυ-

341 724 469 770 πον,
505 708 640 780 πρὸς
672 707 702 760 ὃ
729 710 792 763 τὺ
837 712 1100 780 γραφεῖον
1149 711 1466 782 κινήσομενο
1524 710 1601 774 ὡς
1645 711 1777 780 ἡμῖν
1825 710 1924 763 οὐκ

342 799 570 855 ἄλλοθεν
596 801 629 872 ἢ
661 802 876 856 ἐκεῖθεν
908 802 1063 857 ἔσται
1091 802 1152 856 τδ
1182 802 1486 872 ἐνδόσιμονο
1515 801 1624 856 οὐδ’
1652 801 1719 856 ἀν
1748 801 1924 864 ἄλλως

343 893 405 943 τὸ
435 893 703 963 ήμέτερον
738 893 921 966 ἠχήσῃ
965 895 1237 964 χαλκεῖον,
1271 897 1319 948 εἰ
1355 895 1431 967 μὴ
1460 892 1735 964 γραφικδν
1764 891 1925 962 ὑμεῖς

344 983 574 1037 αὐτόθεν
601 983 802 1058 ἄνεμον
834 986 1171 1056 σχιδιάσετε.
1208 986 1488 1042 Πνεύσατε
1513 987 1630 1051 οῦν,
1662 989 1760 1040 καὶ
1797 985 1928 1054 χαλ-

340 1077 442 1140 κὸς
470 1077 687 1147 ἠχήσει.
733 1077 799 1132 Ἦ
833 1077 889 1130 δέ
919 1079 1029 1150 ἠχὴ
1078 1079 1274 1148 φθάσει
1327 1080 1490 1150 μέχρι
1535 1080 1630 1134 καλ⁵
1656 1081 1713 1142 ἐς
1752 1078 1923 1148 ἡμᾶς,

343 1168 445 1221 καὶ
496 1169 896 1240 περικτυπήσει
944 1171 1044 1233 τάς
1097 1171 1287 1236 ἀκοάς.
1333 1172 1395 1225 El
1447 1166 1540 1227 οὖν
1590 1170 1666 1243 μὴ
1708 1169 1921 1240 βαρεῖα,

349 1257 516 1312 πάλιν
549 1258 842 1327 πνεύσατε,
883 1260 980 1314 καὶ
1010 1260 1174 1315 πάλιν
1221 1262 1442 1333 ἠχήσει,
1477 1262 1574 1316 καὶ
1620 1260 1797 1326 αὖθις,
1832 1260 1928 1314 καὶ

346 1351 535 1406 πάλιν.
571 1353 683 1406 Καὶ
713 1353 788 1423 μὴ
819 1353 977 1407 τοῦτο
1020 1355 1101 1418 είς
1133 1355 1384 1426 ἄπειρον,
1420 1352 1628 1426 Χριστέ
1659 1351 1882 1423 βασιλεῦ
1907 1367 1923 1383 ο

350 1444 634 1514 συντόμως
665 1445 774 1516 γάρ
817 1445 1025 1518 ίδοιμεν
1073 1445 1340 1518 ἀλλήλους
1390 1448 1484 1501 καὶ
1535 1445 1928 1518 όμιλήσαιμεν,

350 1536 431 1606 μὴ
464 1537 840 1608 μεσιτεύοντος
869 1539 1220 1611 γράμματος.
1238 1569 1309 1580 -
1341 1539 1484 1599 Ἀλλ’
1513 1540 1679 1610 ὁρᾶτέ
1711 1555 1802 1610 μοι
1829 1539 1930 1609 τὴν

346 1631 634 1703 δεινότητα
673 1633 774 1701 τῆς
817 1633 1131 1705 ἐπιπολῆς,
1180 1635 1215 1706 ἢ
1265 1635 1465 1706 μικροῦ
1515 1650 1584 1706 με
1629 1634 1927 1712 διέφυγενβ

366 1722 739 1795 ’Δμφοτέρους
773 1727 874 1797 μιᾷ
902 1726 1078 1800 ταύτῃ
1117 1726 1421 1798 δεξιοῦμαι.
1468 1729 1580 1783 Καὶ
1629 1727 1795 1798 τυχὸν
1829 1728 1929 1796 μέν

2022 521 2260 595 δεσπότῃ
2311 519 2531 583 δούλους
2567 519 2858 589 τυγχάνειν
2893 516 3182 590 βούλομαι.
3224 518 3387 574 Ἀλλά
3439 521 3604 592 μέχρι

2025 615 2128 684 μὲν
2163 613 2324 676 αὐτὸς
2360 615 2419 666 ἐν
2452 615 2564 676 τοῖς
2592 612 2760 677 ζῶσίν
2813 614 2952 680 είμι.
3009 611 3130 682 μετ’
3179 611 3318 679 ἐμοῦ
3369 610 3606 669 ἔσονται.

2025 707 2125 760 καὶ
2155 706 2256 774 τῆς
2289 702 2348 770 ἐξ
2382 705 2536 769 ἔθους
2585 722 2679 775 μοι
2717 704 3042 776 κηδεμονίας
3077 704 3475 777 ἀξιωθήσονται
3500 721 3513 735 ·
3545 708 3608 778 ἢν

2023 799 2124 852 οὐκ
2153 793 2270 852 οῖδα
2295 798 2462 867 εἴπερ
2487 799 2770 871 κρείττονα
2798 799 2948 869 παρά
2967 801 3081 861 τοῖς
3109 799 3333 864 οἰκείοις
3362 801 3428 854 ἂν
3456 799 3610 869 ἔσχον

2025 891 2247 960 γονεῦσί
2271 908 2432 958 ποτε,
2460 891 2644 946 οίκαδε
2671 892 2949 962 μένοντες.
2979 893 3252 961 Ὀπηνίκα
3281 891 3336 944 δὲ
3362 891 3458 945 τοῦ
3494 891 3611 963 μεθ’

2025 983 2176 1052 ἡμᾶς
2209 982 2514 1052 μετάξομαι
2550 982 2690 1053 βίου,
2720 984 2878 1039 ἄδεια
2930 984 2994 1039 τδ
3024 983 3276 1038 ἐντεῦθεν
3309 975 3496 1047 αὐτοῖς
3526 985 3613 1039 ἐν·

2027 1076 2338 1147 δοθήσεται,
2361 1075 2597 1145 διάγειν,
2619 1076 2696 1140 ὡς
2717 1076 3025 1146 ἐλευθέροις
3053 1079 3268 1145 ἐφεῖται
3295 1078 3610 1146 Ῥωμαίοις,

2029 1167 2271 1238 ἔνθαπερ
2313 1165 2384 1220 ἀν
2444 1166 2744 1238 βούλοιντο⁸
2799 1169 2897 1221 καὶ
2939 1167 3116 1232 οὐδεὶς
3146 1167 3269 1222 οὔτε
3324 1169 3434 1221 τῶν
3476 1168 3610 1223 κατό

2028 1258 2222 1326 γένους
2248 1252 2390 1328 αἷμά
2428 1275 2515 1311 σοι
2564 1257 2978 1330 προσηκόντων,
3017 1257 3141 1313 οῦτε
3190 1261 3298 1314 τῶν
3333 1259 3510 1324 άλλως
3540 1260 3612 1312 οί-

2030 1355 2197 1410 κείων
2231 1371 2292 1409 τε
2327 1355 2424 1408 καὶ
2454 1354 2778 1426 γνωρίμων,
2831 1354 2906 1417 ὡς
2932 1354 3141 1421 δούλοις
3173 1356 3487 1426 ἐγχειρήσει
3520 1355 3613 1408 αὐο

2028 1451 2161 1512 τοῖςο
2199 1447 2292 1502 τοῦ
2330 1447 2598 1517 παρόντος
2627 1447 2912 1516 ἐγγράφου
2944 1464 3046 1516 μου
3077 1446 3406 1517 ἀρκέσοντος
3433 1443 3615 1512 αὐτοῖς

2029 1540 2150 1594 ἀντὶ
2209 1539 2512 1608 ἀσφαλείας
2567 1539 2787 1608 ἀπάσης
2847 1539 2985 1608 πρὸς
3035 1539 3358 1612 ἀποτροπὴν
3413 1540 3617 1605 παντὸς

2033 1633 2434 1705 βουλησομένου
2474 1634 2890 1688 καταδουλῶσαι
2923 1636 3142 1700 αὐτοὺς,
3195 1634 3290 1688 τοῦ
3328 1635 3384 1689 δέ
3419 1635 3616 1690 είδέναι

2040 1726 2375 1797 ὀφείλοντος,
2405 1727 2490 1780 ὅτι
2519 1726 2618 1781 σὺν
2647 1726 2725 1797 τῷ
2762 1727 2928 1797 μηδὲν
2957 1725 3156 1781 ἀνῦσαι
3187 1728 3280 1782 καὶ
3303 1730 3369 1799 τῇ
3398 1727 3490 1782 τοῦ
3525 1744 3619 1798 με·

347 1816 456 1869 οὐκ
489 1816 593 1882 ἐξω
623 1817 808 1888 λόγου,
839 1817 935 1883 οὓς
963 1821 1060 1874 καὶ
1083 1821 1287 1891 τρόπος
1309 1822 1406 1876 καί¹
1437 1820 1628 1892 χρόνος
1659 1819 1756 1874 καὶ
1785 1820 1935 1874 πᾶσα
1965 1824 2007 1880 Β
2035 1821 2200 1890 γάλου
2243 1819 2380 1874 Θεοῦ
2413 1820 2525 1892 ἀρᾷ
2576 1818 3126 1890 καθυποδληθὴσεται
3175 1820 3248 1885 ὡς
3288 1819 3621 1875 ἀντιϐαίνειν

357 1907 682 1982 περίστασις
713 1913 947 1982 ἥνωσεν,
975 1911 1258 1978 ἐνοῦν,καὶ
1300 1914 1382 1985 τῷ
1409 1916 1726 1986 γράμματι.
1770 1913 1935 1967 Ἀλλά

356 2000 612 2072 σεμνύνω
643 2003 848 2073 μᾶλλον
873 2003 967 2057 τὸν
987 2005 1218 2075 χάρτην,
1250 2003 1346 2058 καὶ
1374 2004 1527 2058 ποιῶ·
1545 2002 1732 2058 τοῦτον
1760 2003 1938 2072 πανή-

351 2111 543 2166 ¹γυριν.
593 2097 669 2150 Οὐ
726 2097 834 2167 γάρ
885 2092 968 2161 εἴς
1020 2101 1151 2168 περὶ
1200 2095 1391 2152 τοῦτον
1435 2100 1758 2169 πονήσεται,
1799 2095 1938 2150 ἀλλά

361 2187 542 2256 χεῖρες
565 2189 755 2242 τούτου
785 2186 1070 2259 δράξονται
1092 2189 1384 2262 τέσσαρες*
1414 2189 1511 2244 καὶ
1537 2187 1760 2260 δμματα
1783 2204 1940 2259 περι-

359 2279 650 2350 amem;
672 2280 931 2335 τοσαῦταο
975 2282 1070 2334 καὶ
1100 2281 1252 2353 χείλη
1278 2280 1470 2334 τούτου
1510 2281 1940 2351 περιλαλήσουσι

362 2372 798 2442 τοσαυτάριθμαο
830 2375 923 2427 καὶ
975 2373 1162 2438 καινὸς
1211 2366 1366 2436 οὗτος
1408 2371 1610 2444 δρόμος
1651 2372 1712 2426 ἐν
1743 2371 1941 2443 σταδίῳ

359 2461 544 2532 τούτῳ
577 2463 772 2535 βραχεῖ
793 2463 1059 2533 ὀμμάτων
1082 2463 1238 2518 ἔσται
1265 2465 1362 2519 καὶ
1391 2463 1634 2535 χειλέων·
1659 2463 1942 2518 κάνταῦθα

365 2554 464 2609 καὶ
501 2556 666 2624 μόνον
693 2554 756 2608 τδ
788 2555 892 2625 τῆς
921 2554 1052 2619 θέας
1100 2555 1285 2610 ἔνθεον
1327 2558 1492 2626 τάχος
1525 2556 1796 2627 ἀνισασθῇ
1827 2573 1944 2621 πως

362 2651 481 2713 θεοῖς
510 2647 740 2718 χείλεσι,
767 2646 1112 2720 προθεούσης
1144 2649 1245 2718 μὲν
1272 2649 1368 2702 καὶ
1414 2649 1598 2719 ἀκαρῆ
1624 2648 1684 2700 τὸ
1710 2648 1943 2718 θέατρον

366 2740 628 2812 ὀργώσης
659 2739 989 2808 περιελθεῖν,
1044 2739 1508 2813 παρομαρτούσης
1550 2740 1599 2794 δ’
1643 2739 1794 2804 ὅμως
1850 2739 1946 2792 καὶ

371 2831 832 2904 συγχρονιζούσης
853 2833 968 2896 τοῖς
992 2833 1247 2904 χείλεσιν.
1278 2833 1370 2896 Ὠς
1391 2829 1648 2902 εὐτυχὴς,
1664 2822 1717 2883 ὦ
1743 2827 1943 2898 χάρτα.

368 2923 488 2978 Νῦν
521 2924 618 2996 μὲν
648 2919 744 2978 οὖν
791 2923 870 2989 ὡς
913 2925 1042 2986 τοὺς
1088 2923 1411 2986 Μολιονίδας
1459 2922 1647 2994 ἧνωσα
1705 2917 1943 2990 γράψαςο

371 3019 570 3090 μικρὸν
601 3018 660 3072 δὲ
693 3017 784 3071 καὶ
829 3017 905 3082 ὡς
973 3016 1236 3088 Ὀρέστην
1282 3017 1524 3086 διαθήσω
1569 3013 1667 3069 καὶ
1697 3011 1949 3081 Πυλάδην

372 3113 544 3180 ὑμᾶς.
579 3111 689 3165 Καὶ
711 3112 854 3168 οὕτω
887 3114 995 3186 γὰρ
1029 3115 1300 3178 κάκείνως
1327 3111 1481 3184 μένει
1511 3107 1581 3163 τά
1609 3109 1707 3180 τῆς
1739 3106 1945 3177 φιλίας,

373 3202 412 3282 ᾖ
449 3209 810 3279 συνετάκητε.

1092 3299 1252 3370 κατ’

448 3395 742 3467 Αὐτάρκης
773 3397 874 3468 μέν
902 3397 1003 3469 τήν
1030 3397 1208 3471 ἀρχὴν
1234 3399 1262 3452 ό
1289 3397 1580 3470 ἄνθρωπος
1611 3395 1950 3460 πέπλασται,

374 3487 542 3552 αὐτὸς
568 3488 797 3559 ὀφείλων
833 3491 1014 3564 ἐαυτῷ
1039 3492 1135 3546 ἐπὶ
1161 3494 1282 3556 ταῖς
1311 3492 1457 3546 κατὰ
1483 3491 1576 3545 τὸν
1608 3489 1722 3561 βίον
1752 3488 1956 3558 πράξει

377 3597 469 3633 σιν
500 3583 780 3648 ἐπαρκεῖν.
823 3583 1018 3654 Τρυφὴ
1059 3583 1118 3638 δέ
1153 3584 1604 3654 παρεισπεσοῦσα
1643 3583 1721 3650 τῷ
1768 3580 1888 3650 βίῳ,
1916 3578 1953 3650 ἢ

378 3674 476 3726 καὶ
493 3672 668 3737 ἄλλως
695 3673 930 3745 νωθρεία
947 3691 1034 3738 τις
1056 3677 1116 3728 ἐν
1139 3677 1252 3738 τοῖς
1273 3676 1567 3744 πρακτέοις
1587 3673 1680 3726 καὶ
1703 3672 1958 3726 ἀνάπτω-

385 3780 493 3827 σις,
528 3765 588 3816 τὸ
619 3763 721 3833 τῆς
750 3765 971 3832 θητείας
994 3764 1164 3834 ὄνομα
1189 3766 1588 3834 παρεισήγαγεο
1622 3762 1690 3815 δι’
1713 3756 1773 3817 οῦ
1795 3763 1958 3831 ἡμεῖς

381 3857 487 3926 μὲν
517 3854 977 3918 ἀναπεπτωκότες
998 3855 1234 3925 ἡσυχίαν
1262 3855 1488 3924 ἄγομεν,
1523 3855 1573 3906 οί
1599 3851 1959 3923 μισθαρνοῦν-

385 3964 476 4010 τες
528 3947 573 3999 δ⁹
605 3947 722 4000 ἀνθ’
750 3947 909 4017 ήμῶν
953 3938 1133 3999 εἷλκον
1166 3947 1266 4017 τὴν
1313 3945 1632 4016 ἀθλιότητα.
1693 3943 1849 3997 Ἐπεὶ
1900 3941 1960 3996 δέ

385 4040 565 4104 καλῶς
597 4039 743 4106 ἔδοξε
775 4041 845 4093 τά
876 4038 1182 4109 πράγματα
1230 4037 1398 4108 ἔχειν,
1452 4037 1550 4091 καὶ
1594 4037 1654 4088 τὸ
1707 4034 1960 4106 θητεύειν

387 4151 453 4203 φε
465 4134 703 4204 ρεπόνως
729 4131 874 4203 ἔχειν
911 4133 1065 4202 ἡμᾶς.
1092 4130 1286 4196 ἐποίει,
1317 4129 1686 4200 μηχανώμεθα
1717 4127 1811 4183 καὶ
1836 4129 1961 4182 δου-

387 4228 566 4293 λείαν,
591 4226 668 4289 ὡς
698 4224 767 4280 ἂν
801 4225 1020 4294 ἔχοιμεν
1043 4223 1106 4276 τὸ
1132 4222 1386 4293 θητεύειν
1411 4221 1650 4275 αἰώνιον.
1674 4221 1830 4274 Ἔστι
1850 4220 1962 4289 γάρ

395 4325 430 4390 ἡ
459 4319 677 4373 δουλεία
711 4316 902 4388 θητεία
931 4331 1016 4378 τις
1051 4312 1281 4384 ἄμισθός
1328 4329 1388 4366 τε
1442 4311 1538 4366 καὶ
1584 4309 1961 4382 πολυχρόνιος.

397 4409 704 4465 Κάντεῦθεν
742 4409 802 4462 τὸ
841 4405 934 4460 τοῦ
977 4406 1250 4459 δουλεύειν
1279 4407 1362 4468 είς
1395 4404 1488 4456 τὸν
1518 4401 1630 4473 βίον
1662 4401 1964 4472 σιτειρεισεῤ⁴

2037 1911 2238 1966 ἐθέλων
2288 1911 2616 1982 δικαιοτάτῳ
2664 1912 2758 1965 καὶ
2811 1911 3057 1981 θεοφιλεῖ
3107 1910 3251 1966 οὕτω
3303 1911 3573 1982 θελήματι
3603 1928 3622 1945 ⁶

2036 2004 2176 2074 ὅπερ
2205 2001 2296 2057 διά
2334 2002 2557 2057 πλείονα
2605 2000 2902 2073 βεϐαίωσιν
2952 2001 3048 2057 καὶ
3077 2001 3156 2072 τῷ
3199 2001 3334 2073 ίερῷ
3367 2002 3621 2074 ἐκδικείφ

2038 2093 2437 2164 ἐμφανισθῆναι
2484 2093 2756 2165 ἠθέλησα,
2800 2093 2876 2158 ὡς
2915 2091 2984 2148 ἀν
3034 2091 3221 2147 αὐτόθι
3282 2093 3622 2162 ἐπιγνωσθέν

2040 2189 2121 2248 είς
2169 2186 2448 2254 ἐκδίκησιν
2479 2188 2595 2252 τοῖς
2645 2188 2802 2258 ἐμοῖς
2832 2185 3122 2256 γενήσεται
3159 2184 3391 2250 δούλοις,
3433 2185 3511 2256 τῷ
3547 2192 3620 2239 ’τε

2039 2277 2188 2331 δεῖνα
2221 2277 2317 2332 καὶ
2343 2277 2512 2343 δεῖνα,
2557 2278 2612 2332 εί
2656 2278 2790 2332 ποτέ
2837 2296 2923 2344 τις
2961 2279 3126 2348 τυχὸν
3177 2277 3318 2349 μετά
3361 2279 3452 2332 τὸν
3487 2279 3624 2349 ἐμδν

2039 2368 2277 2424 θάνατον
2313 2373 2382 2442 τῇ
2417 2371 2596 2425 αὐτῶν
2627 2370 2917 2443 ἐλευθερίᾳ
2939 2368 3192 2442 ἐμποδὼν
3222 2369 3478 2440 γενέσθαι
3498 2371 3625 2441 βού-

2043 2461 2211 2515 λοιτο.

2770 2555 2900 2610 KZ'.

2116 2647 2232 2702 Οὔκ
2264 2643 2444 2715 ετπον,
2497 2650 2596 2701 καὶ
2653 2648 2764 2704 ίδοὺ
2801 2650 3139 2706 τετέλεσται.
3175 2651 3501 2707 Τετέλεσται
3529 2650 3626 2720 δέ,

2047 2739 2148 2811 οὐχ
2189 2739 2382 2812 ὅτιπερ
2444 2736 2734 2812 εἶπον’(μη
2764 2740 2911 2795 οῦτω
2959 2742 3212 2814 μανείην,
3261 2743 3338 2806 ὡς
3371 2743 3466 2798 καὶ
3511 2746 3629 2807 τοῖς

2048 2829 2204 2900 ἐμοῖς
2236 2830 2418 2900 λόγοις
2469 2830 2682 2885 οῖεσθαι
2735 2833 2858 2886 κατ’
2923 2832 3066 2904 ἴχνος
3126 2835 3507 2906 συνεκτρέχειν
3559 2837 3630 2891 ca;

2051 2919 2405 2993 πράγματαὶ·
2437 2921 2556 2976 ἀλλ’
2581 2923 2689 2994 ἔχω
2717 2923 2910 2994 μαθὼν
2934 2927 3003 2997 τῇ
3036 2929 3204 2996 συχνῇ
3230 2926 3396 2998 πείρᾳ.
3413 2927 3485 2981 τὰ
3507 2927 3630 2982 κατ’

2051 3013 2171 3083 ἐμέ,
2225 3017 2320 3069 καὶ
2370 3015 2617 3079 μάντεων
2662 3015 2967 3088 ὑπέρτερον
2999 3018 3218 3088 φθάνων
3250 3019 3392 3074 αύτά
3423 3032 3631 3091 προση-

2057 3104 2341 3176 μαίνομαι.
2369 3107 2511 3171 Χθές
2538 3107 2690 3176 κῦμα
2718 3108 2926 3178 κωφὸν,
2963 3112 2997 3182 ὴ
3015 3110 3116 3181 τῆς
3141 3111 3297 3168 νόσου
3325 3129 3418 3183 μοι
3445 3113 3630 3184 πλημ-

1973 3173 2021 3235 C
2055 3173 2568 3269 ﬁupl;v&vsaéleue,
2616 3173 2797 3269 λιγέος
2816 3173 3248 3272 -ἀνζέμουντινός
3277 3173 3635 3275 ἐκδεχόμενον

2051 3291 2331 3346 κέλευθονο
2362 3294 2606 3364 σήμερον
2636 3293 2959 3368 κατερράγη
2987 3296 3048 3350 τδ
3069 3295 3310 3368 πνεῦμα.
3332 3299 3428 3353 καὶ
3449 3297 3635 3352 οὐκέτι

2052 3378 2206 3449 κῦμα
2231 3382 2440 3448 κωφὸν,
2472 3381 2609 3436 ἀλλά
2651 3383 2793 3454 βαρὺ
2827 3383 3053 3454 βρέμον,
3101 3384 3202 3457 τήν
3238 3386 3384 3456 ἐμὴν
3430 3389 3635 3457 ταύτην

2053 3471 2304 3540 ἐκμαίνει
2351 3471 2445 3525 τοῦ
2493 3473 2771 3545 κατάρρου
2805 3474 3104 3529 θάλασσαν.
3156 3475 3300 3539 Χθές
3344 3476 3516 3548 λεπτή
3547 3493 3635 3541 τις

2057 3561 2354 3632 ὑπέτρεχεν
2381 3563 2631 3632 ἐπιφρὶξ,
2657 3563 2748 3632 ὑφ’
2773 3557 2842 3634 ἦς
2862 3565 3048 3633 ⁴Ιγρέμα
3071 3563 3132 3617 τὸ
3155 3563 3250 3618 τοῦ
3271 3565 3446 3637 χυμοῦ
3472 3565 3637 3637 βάθος

2056 3654 2366 3724 ἐπόρφυρεν
2395 3653 2684 3724 ἐπιπολῆς·
2703 3657 2946 3725 σήμερον
2974 3656 3126 3710 ὀλοὸν
3151 3657 3424 3729 ἐγείρεται
3457 3659 3633 3730 κῦμα,

2057 3744 2192 3799 αὐτὸ
2239 3744 2341 3814 μὲν
2383 3741 2581 3798 οὔκουν
2609 3745 2830 3815 κυρτὸν,
2861 3746 3009 3816 ήμᾶς
3043 3746 3102 3800 δέ
3148 3748 3248 3818 τῆς
3278 3748 3446 3819 ὀρθῆς
3479 3766 3639 3820 περι-

2059 3837 2246 3894 κινοῦν
2277 3841 2542 3906 στάσεως,
2565 3843 2661 3895 καὶ
2690 3841 2874 3896 κλίνον
2902 3843 2995 3897 ἐπὶ
3026 3846 3293 3915 κεφαλήν.
3335 3846 3426 3899 Ἐν
3451 3863 3639 3918 προοιυ

2063 3931 2207 4002 μίοις
2233 3934 2268 4003 ἡ
2296 3933 2453 3997 νόσος
2480 3933 2725 4005 ἔναγχος,
2761 3936 2856 3989 καὶ
2883 3937 3035 4008 παρὰ
3067 3939 3235 4002 πόδας
3263 3938 3292 3991 ὁ
3322 3939 3494 4007 ἀγῶν’
3523 3943 3638 4002 τοῖς

2063 4026 2377 4096 προοιμίοις
2426 4027 2712 4097 ἀναλογῶν
2760 4023 2873 4084 οἷον
2914 4028 3078 4100 νέφος
3121 4032 3301 4086 ἐκεῖνο
3341 4035 3408 4104 τῇ
3447 4050 3638 4104 προτε-

2065 4115 2214 4188 ραίᾳ,
2245 4115 2421 4188 βραχὺ
2460 4117 2559 4187 τὴν
2587 4117 2893 4184 διάστασιν,
2925 4120 2988 4174 οὐ
3035 4121 3184 4192 παχῦ
3219 4121 3320 4193 τὴν
3355 4123 3638 4177 σύστασιν⁹

2061 4206 2200 4261 ἀλλά
2229 4207 2322 4261 τὸν
2349 4209 2611 4278 έκνεφίαν
2645 4210 2778 4279 ἡμῖν
2821 4203 2937 4265 οἷον
2976 4211 3349 4283 ἐξεφύσησεν,
3381 4213 3519 4266 άλλά
3548 4215 3642 4268 τὸν

2063 4299 2312 4371 χειμῶνα
2346 4300 2580 4372 πηλίκον
2606 4301 2925 4374 ἐξέρρηξεν.
2963 4303 3056 4366 Είς
3080 4304 3133 4356 τί
3163 4321 3255 4376 μοι
3275 4303 3480 4374 ταῦτα;
3512 4308 3642 4360 Κεί-

2069 4391 2214 4463 μεθα
2248 4392 2552 4458 νοσοῦντες,
2577 4393 2812 4449 αὑθέντα
2844 4396 3120 4467 Κομνηνέ,
3157 4397 3359 4467 μικροῦ
3414 4399 3645 4469 σπινθῆ-

391 4506 500 4575 ,ὀύη
534 4502 726 4568 κακὸν,
779 4500 941 4570 φύσει
993 4497 1094 4568 μὶν
1141 4496 1528 4566 ἀγνοούμενον,
1577 4492 1863 4564 πλεονεξίᾳ
1903 4491 1960 4545 δέ
1992 4509 2038 4567 ο
2068 4499 2164 4552 ρος
2195 4483 2406 4575 ξκείνρυ
2441 4485 2709 4575 μεγίστην
2739 4486 2873 4575 ήμῖν
2915 4487 3099 4555 πυρὰν
3134 4487 3515 4558 ὑπανάψαντος
3544 4506 3644 4542 πυ-

389 4596 712 4668 ἀνθρωπίνῃ
757 4589 1122 4662 παρευρεθέν.
1153 4587 1263 4642 Ἦν
1314 4588 1381 4643 ἂν
1441 4587 1534 4641 οῦν
1559 4587 1795 4658 ἀρέσκον
1844 4583 1964 4653 Θεῷ

395 4693 459 4742 τὸ
494 4689 593 4755 τῆς
621 4685 862 4748 δουλείας
886 4685 967 4746 εἰς
998 4683 1098 4751 τὴν
1145 4682 1378 4751 ἀρχαίαν
1407 4677 1722 4748 ἐλευθερίαν
1747 4679 1966 4732 ἀποκα-

394 4780 609 4851 θιστᾷν,
644 4778 740 4831 καὶ
768 4777 828 4831 τὸ
857 4776 957 4845 τῆς
983 4772 1297 4839 πλεονεξίας
1335 4772 1643 4841 ἁμάρτημα
1672 4765 1968 4822 ἐπανισοῦν

393 4874 599 4943 φυσικῇ
630 4869 975 4940 ἀδελφότητι.
1005 4868 1117 4920 Καὶ
1144 4867 1251 4936 γάρ
1273 4866 1374 4920 οῦκ
1398 4865 1466 4918 ἀν
1493 4863 1826 4933 συγγνώμης
1854 4863 1971 4932 είη-

396 4981 499 5033 μεν
519 4963 679 5028 ἄξιοι,
700 4965 749 5017 εί
778 4961 909 5026 Θεὸς
944 4960 1044 5031 μὲν
1070 4961 1098 5013 ό
1121 4958 1285 5027 φύσει
1305 4956 1582 5025 Δεσπότης
1601 4955 1728 5017 τοὺς
1747 4951 1968 5015 δούλους

400 5057 547 5126 ἡμᾶς
575 5055 771 5123 ἀνάγει
792 5053 927 5124 πρὸς
954 5053 1313 5121 ἀδελφότητα,
1351 5048 1446 5101 καὶ
1478 5046 1664 5099 καλεῖν
1700 5043 1969 5112 ἀδελφοὺς

393 5150 498 5202 οὐκ
528 5146 772 5211 ἀπαξιοῖο
828 5147 993 5217 ἡμεῖς
1049 5145 1108 5198 δὲ
1149 5143 1276 5205 τοὺς
1325 5139 1590 5207 ἀδελφοὺς
1629 5140 1694 5191 ἐκ
1725 5135 1820 5191 τοῦ
1869 5134 1970 5202 τῆς

404 5240 648 5307 ἰσότητος
718 5236 886 5305 ῦψους
941 5237 1020 5299 είς
1066 5233 1310 5296 δουλείας
1371 5229 1644 5302 βάραθρον
1705 5226 1969 5294 κατάγειν

401 5332 678 5400 ἐθέλομεν.
711 5328 900 5383 Ταῦτα
949 5325 1045 5380 καὶ
1073 5325 1234 5388 αὐτὸς
1284 5322 1656 5393 ἐννοούμενος,
1706 5323 1776 5374 τά
1829 5317 1972 5373 κατά

400 5423 724 5480 ἀκολουθίαν
749 5419 1056 5490 ἀνθρώποις
1089 5417 1292 5489 συνήθη
1315 5418 1409 5470 καὶ
1436 5415 1613 5485 χρόνῳ
1637 5411 1815 5481 πολλῷ
1836 5429 1972 5480 κρα-

400 5515 692 5568 τυνθείσαν
748 5510 1101 5583 περιελθόντα
1161 5526 1251 5578 μοι
1298 5506 1543 5576 ψυχάρια
1583 5501 1765 5576 [ἐλεῶ,
1807 5498 1866 5571 ἃ]
1915 5501 1973 5552 ἐν

401 5607 554 5676 αύτῷ
587 5604 665 5675 τῷ
697 5603 874 5674 χρόνῳ
903 5603 999 5673 τῆς
1043 5600 1288 5664 δουλείας
1318 5599 1530 5668 ἑτεροῖα
1568 5595 1676 5650 τῶν
1716 5594 1838 5647 κατ’
1871 5591 1973 5662 ἐμὲ

401 5701 572 5768 τύχης
603 5696 908 5764 ἐλογίζοντο
935 5695 1118 5764 (φύσει
1154 5691 1261 5760 γάρ
1304 5690 1592 5757 ἐλεύθερον
1635 5687 1774 5754 ζῶον
1827 5685 1973 5748 ἀπας

403 5791 737 5861 άνθριυπος)·
778 5789 870 5841 καὶ
903 5787 1068 5852 ὁπότε
1110 5785 1210 5854 τὴν
1257 5781 1378 5836 καθ’
1411 5783 1561 5854 ἡμᾶς
1596 5781 1741 5856 ζωὴν
1773 5778 1974 5838 ἀποθέ-

745 5883 1012 5946 Ριιτεοι..
1049 5883 1166 5946 Gn.
1202 5877 1537 5943 CXXXVI.

2067 4574 2245 4643 ρετοῦ.
2285 4573 2497 4628 Οὔκουν
2553 4573 2672 4627 ἐστι
2700 4573 2973 4645 τολμῆσαι
3023 4575 3123 4646 τήν
3154 4577 3532 4648 μετακίνησιν,
3569 4579 3646 4649 μὴ

2065 4668 2162 4722 καὶ
2190 4667 2453 4738 λάθοιμεν
2507 4665 2605 4720 τοῦ
2645 4665 2819 4720 κακοῦ
2875 4666 3202 4737 μεταδόντες
3255 4671 3366 4730 τοῖς
3407 4685 3646 4737 προστυ-

2066 4756 2245 4829 χοῦσι·
2282 4757 2534 4828 καθάπερ
2585 4758 2745 4827 λόγος
2797 4758 2912 4829 ἔχει
2965 4759 3101 4830 δρᾷν
3149 4759 3244 4812 τὸν
3296 4757 3645 4824 κατώϐλεπα,

2069 4850 2259 4920 θηρίον
2290 4851 2488 4915 ἐκεῖνο,
2544 4843 2606 4902 οὗ
2639 4851 2810 4921 πυρὸς
2841 4851 3120 4922 κρατῆρες
3164 4849 3331 4922 (εἴποι
3361 4867 3446 4915 τις
3477 4850 3566 4921 ἂν)
3595 4853 3646 4905 οί

2068 4942 2360 5013 ὀφθαλμοί·
2391 4941 2444 4998 οἳ
2478 4941 2595 5012 ἄμα
2627 4959 2687 4996 τε
2720 4938 2862 4996 εἶδον
2897 4945 3032 5005 ἀνω,
3066 4943 3159 4996 καὶ
3201 4943 3313 5014 πῦρ
3353 4943 3646 5014 ἠκόντισαν

2069 5033 2104 5104 ἢ
2134 5031 2489 5098 ἐξετόξευσαν
2519 5051 2534 5064 ο
2593 5036 2687 5087 καὶ
2735 5035 2798 5087 τὸ
2849 5035 3153 5106 προστυχὸν
3188 5034 3376 5087 οὐκέτι
3429 5036 3639 5099 ἀκτῖνες

2070 5127 2463 5196 περικέχυνται
2489 5126 2740 5192 ὀπτικαὶ,
2773 5127 2909 5180 ἀλλὰ
2939 5127 3137 5195 φλόγες
3167 5125 3336 5190 ὀξεῖαι
3368 5126 3658 5196 βάλλουσι·“

2071 5218 2165 5270 καὶ
2202 5217 2262 5271 τὸ
2311 5217 2510 5289 βληθὲν
2541 5221 2720 5272 κεῖται
2761 5217 2982 5272 καυθέν.
3029 5217 3485 5287 ’Λναδιδάσκομεν
3530 5211 3644 5276 οὖν,

2072 5310 2218 5374 ὅπως
2246 5309 2357 5380 ἔχει
2389 5313 2455 5362 τά
2493 5309 2616 5364 καθ’
2644 5311 2817 5383 ἡμᾶς,
2848 5311 2939 5364 τὸν
2967 5310 3058 5365 διά
3082 5311 3144 5365 τὸ
3175 5312 3336 5381 φύσει
3364 5309 3526 5363 καλὸν
3549 5305 3644 5360 τοῦ

2073 5401 2275 5472 τρόπου
2312 5402 2408 5454 καὶ
2442 5401 2504 5453 τὸ
2531 5401 2630 5472 τῆς
2657 5401 2855 5470 ψυχῆς,
2894 5398 3096 5469 μᾶλλον
3130 5400 3229 5468 μὲν
3258 5394 3348 5451 οὖν
3374 5396 3434 5448 τὸ
3467 5396 3647 5446 πάντα

2073 5495 2290 5558 πάντως
2320 5493 2498 5548 καὶτὸ
2527 5493 2791 5548 πάντοθεν
2821 5491 3069 5562 εὐγενὲς,
3101 5494 3158 5545 ὲν
3189 5491 3330 5556 λόγῳ
3360 5485 3648 5555 τιθέμενον

2075 5591 2148 5646 τά
2178 5590 2298 5645 καθ’
2323 5589 2493 5660 ἡμᾶς.

2799 5679 2932 5733 KH‘.

2150 5775 2265 5834 οὐκ
2313 5776 2399 5843 είς
2453 5773 2686 5845 πλῆθος
2736 5774 2796 5828 τὸ
2847 5772 3044 5841 δῶρον,
3091 5764 3330 5821 αύθέντα
3374 5765 3651 5836 Κομνηνέ.
