3910 6242
335 293 472 357 1295

1775 276 2134 338 ADDENDA

3463 273 3594 339 15296

331 409 530 468 ποιεῖς·
561 403 594 473 ἡ
622 401 851 474 γράφων
897 396 1196 467 άμνηστεῖς
1223 392 1317 449 τοῦ
1347 392 1779 460 Θεσσαλονίκης·
1814 391 1910 444 καὶ
1941 400 1984 454 Α
2011 392 2198 455 τάτοις
2224 388 2517 454 δεσπόταις
2555 407 2682 460 μου,
2709 392 2788 461 τῷ
2818 390 2952 444 δεῖνι
2979 388 3076 444 καὶ
3103 389 3260 456 δεῖνι,
3295 389 3600 445 διαλείπειν

329 501 450 553 οὐδὲ
489 496 651 550 τοῦτο
676 493 864 548 καλόν.
913 489 970 543 '0
1021 487 1324 556 Περατικδς
1362 485 1537 558 μέγας
1572 486 1763 547 παπᾶς
1799 500 1911 553 μα-

331 591 496 654 υέτω,
551 590 700 659 ἡμᾶς
751 586 852 656 μὲν
906 581 1088 644 καλῶς
1135 580 1308 650 ἔχειν,
1360 578 1452 632 τὸν
1505 579 1562 632 δὲ
1605 574 1721 629 υίδν
1748 574 1916 628 αὑτοῦ

330 680 821 754 περιαρρωστεῖν’
878 674 973 728 καὶ
1007 673 1259 744 εὐχέσθω
1316 671 1458 742 ὑπέρ
1508 687 1568 724 τε
1619 666 1781 740 ἡμῶν
1820 665 1916 720 καὶ

329 775 563 829 ἐκείνου.
604 772 667 824 Εί
700 771 759 824 δὲ
802 768 972 821 θέλων
1002 766 1186 820 ἐλθεῖν
1235 765 1315 828 είς
1360 764 1512 834 ἡμᾶς
1571 761 1820 814 πτοεῖται
1852 757 1914 811 τὸ

329 867 430 934 τῆς
459 863 736 932 θαλάσσης
763 860 969 928 δχημα,
1007 859 1170 928 ἡμεῖς
1211 856 1346 910 ἀλλο
1379 873 1434 909 τι
1457 855 1518 908 τό
1542 870 1607 924 γε
1631 849 1727 906 νῦν
1750 851 1913 918 ποιῆ-

332 973 423 1008 σαι
461 955 563 1008 οὐκ
592 952 814 1025 ἔχομεν,
849 952 955 1014 ἕως
988 950 1054 1003 ἂν
1091 945 1425 1019 τεκτὴνηταί
1457 963 1542 1010 τις
1573 946 1709 1017 ἡμῖν
1741 944 1914 998 ῐππον

327 1049 593 1118 δούρειον,
623 1046 658 1120 ἢ
690 1046 786 1099 καὶ
813 1046 892 1108 είς
920 1044 1195 1114 τέτρωρον
1225 1041 1538 1112 ἐλεφάντων
1590 1039 1915 1109 εὐπορήσω-

330 1159 456 1210 μεν.
499 1141 560 1195 ⁹Ο
598 1137 692 1194 τοῦ
735 1137 886 1191 δεῖνα
939 1136 1124 1208 πατὴρ
1178 1133 1291 1189 εῐθε
1320 1133 1584 1203 ὑγιαίνοι.
1619 1132 1734 1186 Καὶ
1771 1131 1912 1186 ἀνα-

327 1235 651 1306 διδαχθὴτω,
683 1231 856 1296 οὕτως
891 1229 1039 1301 ἔχειν
1068 1230 1165 1283 καὶ
1187 1228 1357 1298 ἡμᾶς,
1386 1225 1524 1279 Θεοῦ
1555 1223 1908 1295 βοηθοῦντος.

328 1329 466 1392 Τοὺς
526 1325 868 1396 σοφωτάτους
949 1322 1404 1393 θεοφιλεστάτους
1461 1337 1566 1390 μου
1643 1317 1910 1384 ἀδελφοὺς

329 1421 646 1492 προσκυνῶ,
676 1419 772 1472 τὸν
812 1419 960 1473 δεῖνα
994 1418 1087 1470 καὶ
1115 1417 1265 1470 δεῖνα
1312 1413 1514 1485 (ποίοις
1558 1412 1616 1466 δὲ
1647 1411 1757 1465 τῶν
1787 1413 1910 1464 όνο-

331 1513 518 1583 μάτων
568 1510 857 1581 ἀγορεύσω
889 1509 1110 1575 αὐτοὺς,
1143 1507 1328 1576 ἀγνοῶ
1349 1523 1363 1538 ο
1402 1503 1816 1576 ἀναδιδαχθείην
1849 1504 1906 1558 δὲ

327 1603 397 1658 τὰ
428 1602 753 1674 κάλλιστα)⁶
790 1602 1057 1664 ὡσαύτως
1103 1601 1200 1654 καί⁹
1249 1600 1343 1652 τὸν
1391 1600 1556 1653 καλόν
1609 1598 1714 1668 μού
1773 1615 1905 1652 ποτε

2022 484 2147 553 ἀρτι
2180 483 2279 552 τὴν
2308 483 2364 536 ἐν
2395 486 2462 554 τῇ
2495 483 2876 551 Μεγαλοπόλει
2931 482 3239 554 διατριϐὴν,
3273 483 3602 552 στοχαζόμε-

2021 592 2110 638 νος
2144 575 2238 643 ἀφ’
2265 569 2340 630 ὧν
2370 575 2538 638 είκός·
2572 576 2621 628 εί
2651 576 2706 629 δὲ
2733 575 2848 645 ἔχει
2883 575 3109 638 τούτους
3145 576 3177 642 ἡ
3229 574 3468 644 μεγίστη
3498 577 3605 628 τῶν

2019 668 2253 734 πόλεων,
2307 667 2603 738 προσκυνῶ
2659 668 2757 720 καὶ
2829 667 3108 738 δηλοποιῶ
3151 665 3222 721 δι’
3261 667 3440 738 ὑμῶν,
3471 667 3608 736 ὅπερ

2027 762 2186 816 αὐτοὶ
2217 762 2304 816 διὰ
2331 763 2432 833 τὴν
2457 763 2599 815 κατὰ
2637 762 2770 816 Θεὸν
2811 761 3033 830 ἀγάπην
3067 759 3211 832 ὑπὲρ
3234 760 3392 832 ἡμῶν
3420 756 3610 831 εὔχον-

2017 872 2108 908 ται
2129 896 2145 922 ,
2176 857 2273 925 τῆν
2317 857 2376 908 ἐν
2423 854 2717 917 τοσαύταις
2755 855 3050 924 μερίμναις
3072 853 3168 906 καὶ
3196 853 3390 915 κόποις
3417 853 3607 906 θεόθεν

2018 949 2206 1018 ὑγείαν
2255 951 2348 1003 καὶ
2380 949 2682 1020 ὑπομονήν.
2721 947 2868 1003 Ἀλλ’
2896 951 3056 1020 ἡμεῖς
3091 949 3464 1018 πλεονάζομεν
3497 948 3610 1000 ἰδοὺ

2016 1040 2296 1096 κάνταῦθα
2327 1041 2427 1113 τὴν
2453 1041 2661 1111 φιλίαν,
2691 1042 2786 1094 καὶ
2833 1039 3245 1116 προσλαλοῦμεν
3268 1040 3363 1095 τὸν
3390 1038 3610 1108 ἄφιλον.

2015 1134 2167 1188 Είσὶν
2220 1132 2358 1204 ἡμῖν
2401 1135 2497 1187 καὶ
2534 1135 2717 1203 ἕτεροι
2771 1131 3171 1202 Ἀσκληπιάδαι
3215 1131 3385 1198 φίλοι.
3438 1132 3606 1185 Ἀλλά

2013 1225 2224 1279 τούτων
2259 1227 2288 1279 6
2322 1225 2421 1295 μὲν
2445 1225 2669 1288 δικαίως
2699 1224 3173 1296 προσαγορεύεται
3196 1225 3331 1295 παρ’
3361 1225 3546 1296 ἡμῶν,
3588 1227 3615 1278 6

2009 1318 2178 1373 δεῖνα⁶
2211 1319 2475 1382 πολλάκις
2503 1318 2731 1389 μὲνγὰρ
2763 1318 3022 1389 ἔγραψεν.
3063 1317 3123 1372 Ὃ
3157 1317 3214 1372 δὲ
3259 1317 3408 1371 δεῖνα
3436 1321 3494 1382 ἐς
3523 1319 3615 1370 κό-

2022 1427 2219 1480 ρακας,
2246 1411 2278 1462 6
2300 1410 2491 1474 κακός·
2523 1410 2645 1464 οὑδὲ
2679 1411 2809 1478 γάρ,
2841 1411 2922 1464 ὅτι
2970 1410 3073 1481 ζῇ,
3100 1411 3406 1481 ἀνέμνησεν
3439 1412 3613 1481 ἡμᾶς,

2010 1501 2162 1570 Τάχα
2200 1501 2277 1567 δὲ,
2307 1503 2354 1556 εί
2392 1503 2575 1573 παρῆν
2601 1505 2630 1557 6
2663 1501 2804 1567 θεῖος
2837 1501 3026 1569 αὑτοῦ,
3061 1500 3276 1571 ὦθησεν
3326 1505 3396 1557 ἂν
3425 1501 3613 1556 αὐτόν.

2009 1587 2118 1646 Ἦν
2162 1594 2218 1647 δὲ
2268 1595 2362 1649 καὶ
2399 1595 2519 1648 τότε
2574 1595 2744 1666 χωρὶς
2785 1595 3001 1665 ἐκείνῳ.
3060 1595 3160 1648 Ὃν
3189 1595 3381 1662 ἀφῆκα
3434 1595 3614 1662 θεοφι-

329 1695 730 1766 ἀρχιδιάκονον.
769 1695 881 1748 Οὐκ
945 1695 1012 1747 ἂν
1062 1693 1119 1746 δὲ
1178 1693 1414 1747 ἐνταῦθα
1467 1692 1736 1763 λαθοίμην
1783 1693 1904 1745 οὑδὲ
1946 1754 1982 1766 ἢ
2017 1688 2276 1743 λέστατον
2321 1689 2668 1754 διδάσκαλον,
2703 1688 2795 1742 τὸν
2827 1689 3110 1758 Ῥαδηνδν,
3139 1683 3298 1758 οἶμαι
3322 1692 3613 1761 καταμέμο

327 1786 422 1839 τοῦ
454 1787 911 1856 θαυμασιωτάτου
939 1785 1376 1856 δευτερεύοντος,
1409 1785 1550 1838 ἀλλά
1591 1784 1906 1856 προσκύνη-

330 1896 415 1930 σιν
445 1878 540 1931 καὶ
579 1877 726 1948 αὑτῷ
752 1879 818 1931 δι’
845 1877 1004 1948 ὑμῶν
1037 1877 1448 1948 διαπέμπομαι.
1485 1877 1713 1947 Φιλικῆς
1745 1895 1910 1948 προσ-

331 1969 546 2039 ρήσεως
595 1971 949 2041 ἀναμνήσατε
1002 1970 1098 2022 καὶ
1154 1971 1246 2022 τὸν
1417 1971 1623 2042 ἀρρηη
1660 1970 1909 2041 βινδηνὸν

329 2062 464 2134 (εἴθε
519 2063 615 2116 καὶ
655 2063 731 2133 μὴ
773 2061 928 2116 λύσοι
983 2061 1084 2132 τὴν
1140 2062 1424 2130 γλῶσσαν,
1468 2066 1560 2116 καὶ
1606 2063 1729 2117 οὔτε
1761 2065 1910 2136 ἡμᾶς

326 2155 529 2223 ἀφήσει
559 2154 656 2208 τοῦ
691 2154 1063 2222 κατακλῦσαι,
1103 2155 1198 2209 καὶ
1249 2156 1412 2226 ἡμεῖς
1462 2155 1908 2227 αίσθησόμεοα)⁶

326 2244 530 2315 ὁμοίως
577 2246 676 2298 καὶ
701 2246 796 2299 τὸν
845 2245 1076 2315 ἀδελφὸν
1127 2247 1224 2302 καί
1276 2264 1410 2302 ποτε
1465 2246 1768 2318 σύντροφόν
1805 2265 1909 2318 μου

327 2338 419 2390 τὸν
446 2339 634 2406 δεῖνα,
676 2339 770 2392 τὸν
808 2342 900 2394 καὶ
937 2339 1104 2393 αὐτὸν
1151 2342 1216 2392 ἐκ
1269 2340 1369 2406 τῆς
1421 2340 1716 2410 ἑϐδομάδος
1764 2359 1868 2410 μου
1893 2357 1908 2370 ·

329 2427 410 2481 ἔτι
447 2428 555 2498 γάρ
583 2427 893 2496 οίκειοῦμαι
929 2429 1098 2499 αὐτὴν
1125 2470 1140 2495 ,
1190 2430 1285 2484 καὶ
1337 2429 1459 2483 οὐδὲ
1514 2430 1800 2501 παύσομαι
1829 2433 1912 2486 0i-

329 2517 650 2588 κειούμενος
675 2555 692 2582 ,
723 2517 819 2570 καὶ
859 2514 948 2568 ἐπ’
979 2517 1119 2588 αὐτῇ
1158 2517 1546 2586 καυχώμενος.
1577 2517 1912 2590 Προσφωνὴ-

329 2625 457 2662 σατε
483 2607 680 2678 δικαίῳ
711 2607 870 2678 ἡμῶν
901 2608 998 2662 καὶ
1037 2609 1165 2671 τοὺς
1197 2607 1293 2662 τοῦ
1320 2609 1630 2678 μακαρίτου
1655 2609 1909 2680 Λήμνου·

329 2701 425 2755 καί⁵
467 2701 598 2762 τοὺς
629 2701 834 2764 καλούς
888 2700 995 2771 μού
1051 2717 1186 2755 ποτε
1227 2702 1590 2774 συντρόφους,
1634 2705 1766 2767 τοὺς
1810 2703 1914 2775 τῆς

331 2792 673 2861 εὑεργέτιδός
705 2809 808 2863 μου
843 2793 1008 2862 άγίας
1043 2793 1336 2865 Εὐφημίας
1365 2794 1691 2865 κληρικούς·
1725 2796 1777 2849 οἳ
1818 2799 1916 2851 καὶ

330 2885 752 2953 γινωσκέτωσαν
777 2923 792 2947 ,
841 2884 924 2937 ὅτι
953 2923 968 2947 ,
1008 2883 1198 2955 ὥσπερ
1263 2888 1364 2940 οὑκ
1419 2887 1659 2958 ἐμαυτοῦ
1686 2930 1700 2954 ,
1737 2887 1916 2956 οὕτως

329 2973 452 3029 οὐδὲ
501 2975 686 3029 αὐτῶν
742 2975 1197 3045 ἐπιλανθάνομαι.
1252 2979 1313 3029 El
1370 2977 1426 3031 δέ
1488 2980 1566 3050 μὴ
1624 2979 1720 3032 καὶ
1779 2981 1914 3051 πρὸς

2014 1781 2207 1848 φεσοαι
2241 1782 2419 1852 ἡμῶν,
2450 1785 2511 1836 τὺ
2548 1783 2624 1852 μὴ
2661 1782 2866 1852 γράψαι
2899 1783 3072 1854 αὐτῷ.
3121 1781 3264 1838 Ἀλλ’
3304 1785 3470 1846 αὐτὸς
3500 1785 3601 1854 μὲν

2013 1873 2419 1944 ἀναμνησθεὶς,
2447 1875 2531 1929 ὃτι
2560 1874 2623 1928 οὐ
2655 1873 2902 1938 τοιοῦτος
2931 1875 3011 1937 είς
3053 1876 3225 1945 ἡμᾶς,
3258 1875 3461 1929 παύσει
3499 1876 3598 1945 τὴν

2014 1968 2242 2038 μέμψινο
2271 1969 2434 2038 ἡμεῖς
2453 1968 2509 2021 δὲ
2533 1967 2870 2033 καινίζοντες
2897 1967 2997 2038 τὴν
3021 1967 3267 2039 ἀγάπην,
3302 1967 3463 2021 ποιοῦ
3471 1985 3593 2037 μεν,

2011 2059 2148 2130 ὅπερ
2197 2059 2298 2113 οὐκ
2348 2061 2578 2125 ἐκεῖνος,
2632 2061 3146 2132 προσαγορεύοντες
3201 2061 3390 2115 αὐτόν.
3461 2059 3604 2112 Ἀλλ’

2010 2145 2123 2214 οἷός
2167 2167 2235 2221 με
2269 2149 2558 2218 διεξέφυγε
2612 2151 2766 2221 παρά
2813 2150 2987 2222 βραχῦ
3049 2149 3325 2221 Ῥαδηνὺς,
3361 2154 3390 2205 6
3426 2151 3607 2205 κάλλι-

2016 2259 2142 2306 στος
2170 2243 2347 2313 φίλος,
2383 2245 2410 2296 6
2441 2245 2537 2296 καὶ
2575 2244 2785 2312 γλυκὺς
2830 2246 3030 2310 εἰπεῖν,
3065 2245 3160 2299 καὶ
3191 2245 3401 2316 πρᾶξαι
3431 2246 3604 2314 ταχὺς

2014 2337 2111 2388 καὶ
2145 2336 2412 2406 ἐπιτυχής
2438 2351 2451 2366 ·
2489 2337 2518 2390 6
2552 2337 2755 2408 θερμὸς
2822 2338 3206 2406 εὐεργετῆσαι,
3252 2341 3349 2394 καὶ
3382 2341 3465 2402 είς
3500 2340 3599 2392 άν-

2014 2425 2344 2499 τιληπτικὴν
2382 2428 2758 2500 χειραγωγίαν
2783 2428 3071 2501 εῦδρομος.
3133 2429 3272 2484 Ἀλλ’
3301 2429 3383 2493 είς
3411 2430 3606 2485 τοῦτον

2014 2518 2166 2572 οὐδὲν
2195 2521 2304 2591 χρὴ
2330 2522 2654 2588 κοπωθῆναι
2671 2523 2840 2594 ἡμᾶς.
2889 2523 3032 2577 Ἀλλ’
3053 2525 3081 2578 6
3102 2523 3299 2596 κύριος
3324 2524 3603 2591 Στέφανος

2013 2611 2115 2683 τὴν
2169 2612 2572 2685 ἐξαδελφότητα
2627 2615 3004 2686 δυσωπηθεὶς,
3062 2615 3284 2686 ἀμυδριᾷ⁸
3344 2615 3449 2684 μὲν
3507 2618 3603 2670 καὶ

2017 2704 2311 2777 φειδομένῃ
2369 2709 2436 2777 τῇ
2490 2709 2670 2778 φωνῇ,
2735 2706 3175 2778 προσαγορεύσει
3230 2707 3279 2760 δ’
3329 2702 3448 2771 οὖν,
3509 2707 3604 2777 ἀφ’

2015 2800 2176 2869 ἡμῶν
2215 2799 2522 2868 ἀπαγαγὼν
2554 2801 2655 2870 τὴν
2685 2802 2843 2871 χεῖρα
2879 2799 3055 2870 βραχύ
3085 2817 3142 2854 τι
3175 2799 3273 2854 τοῦ
3308 2801 3602 2869 στόματος.

2030 2889 2093 2946 Ὀ
2127 2891 2491 2961 Ἀντιοχείτης
2519 2892 2600 2954 είς
2628 2891 3001 2962 μελαντηρίαν
3032 2891 3127 2945 ἐπὶ
3157 2890 3373 2955 τούτοις
3400 2891 3603 2961 βάπτε-

2016 3001 2130 3050 ται,
2159 2983 2329 3038 πολὺν
2361 2986 2803 3060 προϐεϐλημένος
2823 2986 2915 3042 τοῦ
2947 2987 3247 3060 προσώπου
3283 2991 3375 3042 τὸν
3397 2983 3596 3060 ὢχρον.

329 3067 563 3137 πρᾶγμα
619 3067 902 3136 ἐκφαίνειν
951 3069 1111 3121 τοῦτο
1144 3069 1462 3138 δεδύνημαι,
1515 3072 1668 3126 οὐδὲν
1702 3072 1912 3145 θαῦμα·
1944 3099 1989 3157 c
2019 3077 2115 3129 καὶ
2143 3077 2270 3140 τοὺς
2301 3076 2618 3149 ὀφθαλμοὺς
2651 3080 2839 3149 ἀγριοί
2872 3084 3120 3150 συνάγων
3171 3083 3251 3145 είς
3281 3083 3478 3152 ὀργὴν,
3510 3084 3601 3137 καὶ

329 3158 483 3213 οῦπω
535 3159 642 3228 γὰρ
684 3159 896 3228 καιρός.
943 3159 1049 3212 Τὸν
1124 3162 1590 3229 πανεντιμότατον
1649 3165 1917 3236 δεσπότην
2021 3170 2363 3238 παραδλέπει
2397 3173 2498 3242 τὴν
2529 3173 2848 3244 ἐπιστολὴν,
2885 3175 2990 3229 ποῦ
3025 3193 3158 3230 ποτε
3189 3177 3362 3248 αὐτῆς
3397 3181 3599 3233 κεῖται.

334 3266 438 3319 μου
473 3251 564 3302 τὸν
604 3251 897 3303 σακελλίου
931 3253 1025 3304 καὶ
1060 3252 1256 3323 παρὼν
1285 3253 1655 3326 ἐσεόαζόμην,
1689 3259 1787 3312 καὶ
1818 3261 1913 3313 νῦν

335 3342 439 3395 οὐκ
463 3342 641 3404 ἄλλως
663 3342 969 3410 διάκειμαι.
1009 3342 1302 3412 Δηλώσατε
1335 3342 1429 3398 οῦν
1459 3346 1621 3399 τοῦτο
1647 3352 1714 3421 τῇ
1744 3350 1913 3404 αὐτοῦ

331 3436 612 3507 τιμιότητι
645 3436 1122 3506 προσκυνητικῶς.
1163 3437 1492 3492 Γινωσκέτω
1524 3439 1604 3502 δὲ,
1637 3441 1743 3508 ὅτι,
1777 3445 1908 3512 περὶ

329 3519 394 3578 οὗ
431 3525 920 3596 παρηγγέλθημεν,
982 3527 1274 3595 ζητοῦντες
1327 3529 1428 3582 οὑκ
1491 3530 1913 3600 ἀναπίπτομεν·

329 3619 358 3670 6
405 3619 464 3672 δέ
498 3619 752 3686 θέλομεν,
801 3621 902 3690 οὐχ
955 3621 1293 3691 εὑρίσκομεν
1320 3637 1335 3653 ⁸
1371 3623 1505 3676 ἀλλὰ
1541 3625 1766 3688 ἐλπίδας
1817 3626 1916 3696 μὲν

330 3711 392 3763 οὐ
446 3709 718 3780 σταθεράς
769 3710 968 3782 ἔχομεν
1027 3713 1394 3786 ἐξευρίσκειν,
1445 3715 1912 3786 ἐντελέστερονδὲ

329 3800 484 3856 οὑτιω
546 3802 698 3856 οὐδὲν
752 3802 972 3874 ἔχομεν.
1021 3803 1080 3856 '0
1132 3803 1466 3872 λογιώτατος
1516 3805 1838 3869 διδάσκαλος
1887 3807 1916 3859 6

329 3897 482 3948 δεῖνα
537 3896 583 3947 εί
619 3893 714 3946 καὶ
750 3894 1277 3964 κατανωτισάμενος
1308 3897 1458 3965 ἡμᾶς
1509 3895 1678 3959 ἔοικε,
1731 3896 1915 3963 λέγειν

333 3985 498 4050 αἰδὼς
536 3986 596 4039 ἐν
627 3985 949 4056 ὀφθαλμοῖς·
974 3985 1095 4040 ἀλλ’
1118 3986 1276 4056 ὑμεῖς
1309 3987 1590 4058 ἡμετέραν
1615 3987 1764 4058 αύτῷ
1794 3987 1915 4042 δια-

332 4076 636 4146 κομίσασθε
668 4077 990 4147 πρόσρησιν,
1049 4075 1167 4147 ἅμα
1207 4078 1303 4130 καὶ
1353 4077 1748 4143 ὑπολαλοῦντες
1778 4079 1916 4131 ὀνει-

330 4167 745 4238 διστικώτερον,
781 4169 865 4222 ὅτι
897 4168 999 4222 οὑκ
1033 4167 1176 4223 εἶναι
1205 4170 1387 4240 πάντη
1431 4169 1630 4240 ψευδὲς
1682 4171 1827 4224 ἔοικε
1856 4170 1918 4224 τὸ

331 4259 426 4312 τοῦ
483 4258 794 4312 Εὑσταθίου
856 4259 1175 4330 ὑπονόημα,
1235 4261 1318 4314 ὅτι
1352 4262 1422 4314 τά
1476 4262 1771 4316 τελευταῖα
1817 4263 1915 4316 τοῦ

332 4351 490 4420 φίλου
522 4349 809 4419 ἀποθύμια
834 4345 979 4420 ἦσαν
1013 4349 1184 4420 αὐτῷ’
1211 4352 1272 4404 οὑ
1299 4351 1409 4422 γάρ
1443 4352 1510 4405 ἂν
1541 4354 1623 4416 είς
1656 4353 1916 4407 τοσοῦτον

2019 3264 2128 3316 Καὶ
2164 3264 2274 3320 ίδοῦ
2323 3266 2420 3320 καὶ
2453 3267 2616 3331 αὐτὸς
2654 3270 2750 3321 καὶ
2796 3269 2966 3339 ἐχέτω
2995 3271 3199 3335 καλῶς,
3233 3271 3598 3342 βοηθούμενος

2018 3357 2084 3408 ὲκ
2113 3356 2277 3422 Θεοῦ,
2315 3358 2407 3410 καὶ
2437 3359 2738 3429 μεμνήσθω
2769 3361 2802 3430 ἡ
2814 3361 2951 3430 μῶν.
3001 3361 3057 3414 Ἐ
3070 3361 3130 3414 6v
3159 3361 3215 3414 δέ
3241 3365 3597 3433 προσκυνὴσῃ

2019 3445 2114 3515 ἀφ’
2147 3447 2304 3515 ἡμῶν
2335 3447 2881 3518 τὸν’παναγιώτατόν
2918 3467 3019 3517 μου
3049 3451 3341 3522 δεσπότην,
3374 3451 3470 3504 τὸν
3495 3472 3595 3506 παο

2017 3540 2297 3608 τριάρχην
2337 3537 2699 3608 θεουπόλεως,
2731 3541 2830 3618 καὶ
2869 3541 3226 3612 ἐξαιτήσηται
3251 3545 3386 3614 ἡμῖν
3412 3545 3597 3614 εὐχὴν,

2018 3630 2454 3702 εὐχαριστοῦμεν
2500 3631 2671 3701 αὐτῷ,
2727 3632 2803 3696 ὡς
2855 3633 2978 3686 ἀντὶ
3018 3633 3371 3704 βραχυτάτης
3399 3635 3599 3706 ταύτης

2019 3723 2314 3792 ἐπιστολῆς
2355 3723 2650 3795 ἐπιστολὴν
2676 3725 2946 3782 ἀντιδόντι
2997 3727 3296 3798 άγιασμοῦ.
3329 3730 3596 3800 Πραγμά-

2017 3816 2204 3868 τευσαί
2256 3833 2345 3884 μοι
2392 3818 2488 3869 καὶ
2535 3818 2624 3882 σὺ,
2674 3813 2719 3872 ὧ
2751 3816 2909 3890 κύριε
2968 3821 3211 3891 Ἰωάννη,
3243 3823 3415 3891 εὐχὴν
3443 3823 3596 3889 άγίου

2018 3905 2238 3976 ἀνδρὸς,
2297 3906 2392 3960 τοῦ
2455 3909 2896 3980 Τετραγωνίτου,
2929 3909 3019 3966 διὰ
3073 3912 3242 3980 μέσου
3291 3913 3391 3966 τοῦ
3422 3915 3596 3983 φίλου,

2017 3997 2114 4052 τοῦ
2171 3999 2418 4071 μαθητοῦ
2469 4002 2685 4056 ἐκείνου
2712 4019 2728 4036 ·
2765 4004 2824 4057 ὃν
2859 4005 2954 4058 καὶ
2984 4007 3254 4077 πρόσειπε
3287 4008 3385 4076 ἀφ’
3417 4013 3450 4077 ἡ
3462 4013 3594 4079 μῶν.

2019 4091 2177 4145 Οὕτω
2205 4093 2264 4147 δὲ
2294 4097 2390 4147 καὶ
2428 4095 2520 4149 τὸν
2549 4097 2848 4166 γενόμενόν
2869 4115 3002 4152 ποτε
3023 4098 3312 4164 Ξανθείαςο
3347 4104 3595 4173 εὑρήσεις

2018 4184 2129 4256 γάρ
2156 4202 2260 4239 που
2289 4187 2384 4239 καὶ
2411 4186 2599 4252 αὐτὸν,
2629 4190 2722 4243 καὶ
2749 4191 3115 4258 ἀναδιδάξεις,
3142 4194 3225 4248 ὅτι
3259 4195 3595 4266 ὑγιαίνομεν,

2021 4279 2366 4349 μεμνημένοι
2412 4280 2601 4348 αὐτοῦ,
2637 4282 2778 4355 ὅπερ
2825 4284 2911 4337 διὰ
2944 4287 3163 4356 γραφῆς
3189 4289 3469 4359 ἡμετέρας
3502 4309 3596 4357 μαι

2019 4368 2132 4423 θεῖν
2165 4370 2418 4440 ἠξίωσεν.
2474 4373 2537 4426 Εἰ
2585 4374 2642 4428 δὲ
2691 4376 2786 4428 καὶ
2829 4375 2922 4428 τὸν
2973 4376 3125 4430 δεῖνα
3183 4378 3438 4449 ίσχύσεις
3501 4399 3594 4433 που

331 4441 714 4542 ἐσίῖησεν-ξξιὶ
764 4441 858 4495 τὸν
907 4443 1056 4542 “fw
1092 4443 1378 4542 γνώξιμον
1397 4443 1573 4542 *οὕτω
1599 4446 1738 4542 ταχὺ
1779 4447 1913 4542 ἀξέ“
1938 4463 1990 4522 D
2019 4461 2169 4529 ίδεῖν,
2204 4463 2279 4532 μὴ
2312 4463 2554 4538 ὀκνήσῃς
2585 4471 2933 4536 προσειπεῖν,
2961 4469 3043 4522 ὅτι
3077 4470 3209 4541 μηδέ
3421 4441 3596 4542 6mg-

335 4533 529 4602 μαθεν.
575 4533 726 4586 Ἔδει
763 4549 831 4602 με
885 4531 982 4586 τοῦ
1041 4548 1176 4586 ποτε
1224 4534 1282 4586 ἐν
1334 4534 1448 4598 τοῖς
1501 4535 1746 4607 πρώτοις
1803 4537 1913 4590 τῶν

332 4625 524 4693 φίλων,
583 4624 680 4678 τοῦ
734 4625 1072 4693 λογιωτάτου
1133 4627 1304 4690 δεῖνος
1335 4667 1350 4692 ,
1391 4627 1528 4698 μηδέ
1589 4629 1908 4700 μνησθῆναι

331 4717 392 4768 1:6
431 4717 680 4783 σύνολον,
719 4719 956 4786 πρᾶγμα
1011 4718 1277 4782 παθόντος
1329 4719 1362 4789 ἢ
1425 4721 1522 4774 καὶ
1575 4723 1914 4792 ποιήσαντος

332 4811 462 4877 ἡμῖν
513 4811 966 4880 άκαραδόκητον,
1023 4811 1124 4881 τὴν
1183 4812 1265 4875 είς
1315 4810 1577 4867 τοσοῦτον
1611 4815 1783 4887 λήθην
1819 4816 1915 4871 καὶ

333 4903 601 4972 τοσαύτην
631 4903 791 4974 σιγὴν
820 4903 917 4956 καὶ
951 4904 1288 4958 ἀνάπτωσιν.
1323 4905 1390 4959 Τί
1426 4909 1535 4979 γὰρ
1565 4911 1660 4962 καὶ
1695 4909 1913 4981 προϐα-

332 4991 528 5058 λεῖται,
559 4994 607 5044 εί
655 4994 733 5064 μὴ
768 4995 931 5064 τυχὸν
955 4997 1056 5066 τῆς
1087 4995 1524 5064 Μεγαλοπόλεως
1552 5000 1787 5069 γέγονεν
1822 5001 1914 5054 έκ-

333 5076 506 5152 δημος
534 5099 549 5147 ;
581 5085 750 5138 Τοῦτο
781 5088 888 5158 γάρ
917 5090 1016 5141 καὶ
1062 5091 1223 5158 μόνον
1257 5089 1409 5159 αὑτῴ
1443 5092 1581 5162 πρὸς
1611 5091 1912 5161 ἀπολογίαν

337 5175 524 5229 ἱκανὸν
573 5177 902 5232 ἐκκείσεται.
946 5181 1089 5234 Ἀλλ’
1131 5180 1243 5250 ἐγὼ
1278 5185 1598 5254 μέμνημαι,
1646 5187 1744 5238 καὶ
1793 5185 1915 5239 οὺδέ

334 5269 618 5338 παύσομαι
648 5266 791 5320 οὕτω
824 5270 1017 5322 ποιῶν·
1057 5277 1154 5326 καὶ
1182 5274 1425 5343 γενέσθω
1453 5275 1613 5328 τοῦτο
1652 5276 1810 5346 δῆλον
1846 5280 1912 5348 τῇ

333 5363 526 5430 ἀγάπῃ
553 5358 746 5413 αὑτοῦ.
781 5358 1038 5414 ’Λκούετέ
1067 5380 1169 5417 που
1193 5367 1325 5436 περί
1367 5381 1478 5419 που
1512 5367 1581 5418 τὰ
1612 5367 1707 5418 τοῦ
1744 5368 1913 5437 φόρου

333 5453 582 5520 νοτάριον
633 5453 724 5505 τὸν
776 5451 953 5517 δεῖνα,
1006 5453 1284 5525 γνώριμον
1343 5460 1474 5528 ἡμῖν
1539 5459 1602 5510 ἐκ
1653 5457 1909 5514 παλαιοῦ.

335 5535 503 5602 Οὗτος
558 5544 658 5594 οὐκ
723 5543 944 5616 ὤκνησε
1031 5543 1100 5596 δι’
1163 5547 1454 5617 ἐπιστολῆς
1518 5550 1912 5619 προσφωνῆσαι

335 5634 508 5696 ἡμᾶς.
553 5635 924 5705 Ἀμειδόμεθα
976 5637 1071 5692 οὖν
1117 5639 1211 5692 καὶ
1243 5640 1401 5707 ἡμεῖς
1434 5642 1596 5693 αὑτὸν
1632 5643 1742 5704 τοῖς
1778 5644 1914 5706 ἴσοις

337 5720 424 5771 διὰ
451 5721 550 5788 τῆς
581 5726 846 5799 ὑμετέρας
892 5731 1133 5801 ἀγάπης.
1169 5731 1395 5802 Νομίζω
1421 5771 1435 5800 ,
1479 5735 1593 5796 τοῖς
1630 5751 1908 5805 πανιερω-

2018 4567 2111 4605 σεν
2173 4551 2470 4622 ἐγγράφως
2517 4554 2832 4625 μεμνῆσθαι
2874 4557 3055 4627 ἡμῶν.
3123 4561 3393 4631 Ὀκνεῖτε,
3425 4559 3597 4633 οἴμαι,

2015 4643 2114 4705 τάς
2157 4643 2461 4713 ἀγγαρείας
2494 4645 2698 4709 ταύτας
2726 4685 2742 4710 ,
2768 4642 2814 4702 ὧ
2852 4649 3288 4714 σπουδαιότατοι,
3325 4657 3426 4709 καὶ
3466 4656 3596 4710 ἀνα·

2016 4734 2270 4788 πίπτετεο
2305 4741 2398 4790 καὶ
2427 4739 2601 4792 ταῦτα
2655 4739 2783 4794 οὔτε
2815 4741 3056 4807 σταδίοις
3093 4742 3218 4799 οὕτε
3255 4747 3464 4818 μιλίοις
3494 4752 3596 4819 6p:-

2015 4827 2276 4895 ζομὲνας,
2307 4829 2446 4883 ἀλλὰ
2479 4832 2577 4894 τὰς
2609 4832 2832 4898 πλείους
2896 4837 3132 4900 ἐνοδίους
3190 4844 3590 4912 γενησομένας.

2028 4917 2153 4972 Ἐἀν
2199 4918 2257 4972 δέ
2292 4921 2452 4989 ὑμεῖς
2501 4920 2674 4991 οὕτω,
2718 4924 2802 4989 τίς
2836 4925 2904 4980 ἂν
2937 4927 3024 5000 εἴη
3073 4931 3102 4983 6
3151 4931 3288 5001 πρὸς
3318 4935 3597 4996 τοσούτους

2019 5011 2229 5080 μέλλων
2259 5015 2623 5084 ἐγχαράττειν
2656 5007 2876 5086 γραφάς
2906 5037 2922 5088 ;
2951 5021 3112 5082 Ἐμοὶ
3145 5023 3202 5076 δὲ
3229 5023 3388 5078 οὔπω
3434 5029 3596 5096 πέρας

2015 5103 2085 5156 τὰ
2118 5103 2309 5171 φιλικά
2363 5106 2606 5174 ὀνόματα
2637 5109 2816 5179 ἔσχεν,
2849 5111 2964 5163 ἀλλ’
2992 5113 3242 5184 ἐπιρρέει
3289 5117 3389 5187 οὐχ
3445 5113 3596 5187 ἦττον

2017 5196 2050 5265 ἦ
2080 5197 2157 5266 τῷ
2201 5195 2488 5268 Ὁμηρικῷ
2513 5202 2842 5273 ,Λαερτιάδῃ
2874 5202 2946 5256 τὰ
3003 5206 3102 5274 τῆς
3133 5210 3356 5272 νεκυίας
3386 5210 3595 5264 εἰδωλαο

2017 5287 2215 5343 εἴδωλα
2262 5291 2371 5360 γάρ
2424 5309 2543 5354 πως
2574 5293 2670 5345 καὶ
2723 5294 2886 5357 αὐτὸς
2918 5295 3022 5364 τῆς
3053 5296 3172 5350 τῶν
3213 5299 3388 5366 φίλων
3417 5301 3592 5365 οὐσίας

2017 5379 2170 5433 καλῶ
2219 5383 2287 5435 τά
2315 5383 2580 5452 ὀνόματα.
2613 5386 2828 5438 Οὐκοῦν
2890 5387 3010 5440 κατ’
3059 5390 3272 5443 ἐκεῖνον
3326 5393 3471 5446 ’ἐλκω
3507 5397 3592 5445 καὶ

2016 5470 2174 5534 αὐτὸς
2203 5472 2262 5524 τὸ
2290 5472 2440 5541 ξίφος
2460 5475 2520 5526 τὸ
2549 5478 2814 5545 τμητικὸν
2835 5479 2936 5547 τῆς
2955 5480 3270 5552 ἐπιστολῆς,
3290 5486 3386 5536 καὶ
3406 5486 3591 5536 61:030-

2017 5560 2097 5612 δῶ
2143 5561 2208 5614 τὰ
2257 5563 2626 5633 ἐπερχόμενα,
2663 5566 2759 5620 καίΙ
2801 5566 2963 5620 παύω
2993 5569 3134 5636 ὑμᾶς
3163 5570 3258 5622 τοῦ
3291 5573 3586 5642 ἀσχάλλειν.

2018 5653 2121 5706 Καὶ
2149 5653 2256 5722 ἐγὼ
2292 5655 2394 5725 μὲν
2428 5655 2571 5710 οὕτω
2595 5657 2871 5723 ,δεδοικὼς
2908 5661 3004 5732 τὴν
3037 5662 3311 5731 ὑμετέραν
3353 5667 3586 5734 Κίρκην,

2017 5746 2138 5813 ἥτις
2187 5747 2383 5816 ῥᾳδίως
2427 5747 2570 5803 οὕτω
2615 5752 2741 5816 τοὺς
2769 5752 3092 5822 ἀνθρώπους
3121 5755 3451 5824 ἀποθηριοῖ,
3485 5758 3584 5810 ὅσοι
