4004 6252
418 374 552 436 1297

1197 383 1624 447 EUSTATHII
1663 384 2429 446 TIlESSALONlCENSlS
2462 384 2880 448 EPISTOL/E.

3542 389 3669 457 1298

410 498 486 565 μὴ
525 495 999 566 προσφθέγγονται
1035 497 1226 568 ἡμᾶς*
1265 499 1369 568 ήδη
1401 501 1459 555 δέ
1502 501 1598 554 καὶ
1647 502 1674 554 6
1726 501 1895 566 δεῖνα,
1922 502 1980 555 ὃν
2009 517 2051 570 Α
2083 499 2246 569 ἡμεῖς
2279 475 2548 570 οίνμικροὶ
2575 499 2792 570 ἔχομεν,
2828 499 2965 553 ἀλλὰ
3028 499 3122 555 καὶ
3173 500 3311 571 μετά
3354 502 3542 572 δώρων
3575 522 3670 574 με·

402 589 562 658 ὑμεῖς
597 589 720 644 κατ’
763 593 977 660 ἐκείνην
1028 591 1124 662 τὴν
1181 591 1351 646 πάλαι
1386 593 1464 661 τῷ
1519 581 1838 662 καθ”ὐμᾶς
1879 613 1977 648 κυ-

399 682 567 734 κεῶνι
620 683 702 745 εἰς
753 685 934 753 χοῖρον
988 683 1448 752 μετεσκευάσατε.
1488 685 1685 739 Ἀλλον
1711 686 1820 756 γάρ
1855 704 1976 740 τινα

402 772 511 826 τῶν
544 773 846 844 ὑμετέρων,
887 773 962 844 μὴ
1013 774 1226 843 γένοιτο
1279 777 1429 848 ὑμῖν.
1474 778 1817 847 ’Δρκούντως
1868 778 1976 850 γὰρ

400 867 448 918 οἱ
481 867 659 918 λοιποί¹
705 867 765 918 τδ
811 867 906 920 τοῦ
949 867 1153 938 Ἑρμοῦ
1187 869 1340 936 μῶλυ
1372 868 1600 940 φέρουσι
1627 871 1843 938 φωνὴν,
1882 872 1978 924 καὶ

402 961 564 1023 αὐτὸς
600 963 998 1031 ἀναλαμϐάνει.
1038 965 1147 1019 Kal
1177 965 1237 1016 οὐ
1285 964 1425 1018 κατὰ
1473 966 1563 1019 τὸν
1609 965 1849 1036 Γρύλλον
1879 965 1975 1020 τοῦ

402 1053 728 1121 Χαιρωνέως
761 1053 948 1122 σοφοῦ,
987 1054 1119 1108 ἀλλά
1151 1057 1292 1109 κατά
1341 1056 1435 1108 τὸν
1477 1057 1648 1121 ὅντως
1688 1057 1977 1130 ἀνθρωπον

403 1143 734 1214 φθέγξεται·
765 1138 860 1200 καὶ
888 1146 978 1200 τδν
1008 1146 1256 1200 κυκεῶνα
1307 1148 1438 1218 ἡμῖν
1493 1150 1829 1220 περιτρίψει,
1882 1151 1978 1206 καὶ

401 1241 640 1310 ποιήσει,
685 1241 761 1308 μὴ
807 1240 1032 1295 τοιαῦτα
1080 1241 1246 1296 αὐτοῦ
1297 1243 1811 1312 καταφθέγγεσθαι.
1861 1245 1976 1299 Kal

408 1331 662 1402 (νομίζω)
696 1332 922 1401 εὐξησθε
951 1333 1040 1398 ἂν,
1078 1335 1237 1402 σιγᾷν
1267 1335 1430 1389 αὐτὸν
1455 1335 1542 1389 διὰ
1574 1336 1714 1405 βίου,
1738 1337 1773 1408 ἢ
1805 1336 1978 1392 θέλειν

400 1420 662 1488 γράφειν.
729 1418 883 1476 Εἶδον
941 1422 1052 1492 γὰρ
1112 1423 1275 1476 αὐτὸν
1351 1423 1499 1478 κατά
1537 1424 1633 1495 τὴν
1689 1426 1981 1497 κωμῳδίαν

397 1506 661 1576 ὀξύλάλον
718 1513 905 1567 ὀδόντα
976 1515 1213 1586 θήγοντα
1243 1555 1258 1578 ,
1324 1518 1418 1570 καὶ
1480 1516 1658 1586 θυμοῦ
1712 1519 1969 1572 πνέοντα.

411 1603 475 1656 '0
517 1604 650 1666 Θεὸς
702 1605 936 1673 φυλάξαι
995 1607 1141 1677 ὑμᾶς
1188 1607 1362 1677 ὑγιεῖς
1417 1609 1514 1662 καὶ
1551 1611 1754 1673 παντὸς
1805 1611 1979 1666 κακοῦ

397 1695 652 1756 ἀπαθεῖς.
708 1698 813 1751 Καὶ
863 1699 1254 1769 ἀντιγράψοιτε
1287 1700 1441 1769 ἡμῖν,
1479 1697 1535 1754 εί
1566 1717 1621 1754 τι
1655 1700 1856 1755 καλόν·
1882 1701 1980 1755 καὶ

403 1786 513 1858 πρὸ
541 1788 762 1842 πάντων
791 1790 873 1852 είς
911 1791 1117 1854 πλάτος
1145 1789 1214 1845 τά
1254 1789 1350 1846 τοῦ
1389 1789 1657 1861 κραταιοῦ
1690 1793 1785 1846 καὶ
1818 1793 1976 1860 ἀγίου

2084 590 2291 660 μνήσῃ,
2310 591 2628 644 καὶτούτων
2659 593 3103 663 μεγαλοπρεπῶν
3133 596 3227 648 καὶ
3244 595 3411 660 ἀξίων
3434 596 3628 651 πολλοῦ
3651 613 3665 629 ο

2081 680 2175 734 καὶ
2203 681 2461 735 οὐδέποτε
2493 682 2705 756 παύσῃ,
2739 684 2848 738 τῶν
2888 685 3181 740 Εὐϐοιόθεν
3213 687 3433 756 ὡραίων
3462 688 3666 756 καρπί-

2083 790 2221 842 μων,
2265 776 2368 829 ὅσα
2413 777 2530 840 τοῖς
2579 777 2720 831 κατά
2765 777 2865 848 τὴν
2915 778 3190 843 Βύζαντος
3375 780 3660 849 τιμῶνται,

2079 867 2214 936 ήμϊν
2246 868 2388 922 κατὰ
2425 871 2703 941 ποταμοὺς
2737 871 3041 927 ἐπαντλῶν.
3079 872 3266 937 Οὐτως
3298 873 3664 944 εὐδαιμονοῦ-

2083 973 2187 1026 μεν
2209 959 2372 1028 ἡμεῖς
2397 959 2482 1013 διά
2509 961 2569 1015 σέ
2588 977 2603 992 ο
2633 959 2806 1026 οὕτως
2834 964 3175 1035 ἀναπληροῖς
3201 967 3335 1035 ήμῖν
3357 965 3418 1018 τὸ
3444 967 3622 1020 ἐνδέον
3642 981 3662 1000 ⁶

2078 1050 2256 1114 οὐτως
2298 1053 2396 1115 είς.
2427 1050 2664 1107 Εὔϐοιαν
2715 1057 3150 1125 μετασκευάζεις
3197 1060 3292 1112 καὶ
3343 1064 3662 1128 μεταποιεῖς

2077 1141 2282 1212 ταύτην
2308 1143 2409 1213 τὴν
2441 1144 2742 1216 καθ’ήμᾶς
2767 1163 2782 1178 ο
2817 1146 2959 1200 οὐτω
2991 1148 3088 1212 τάς
3121 1149 3407 1220 ἀποθήκας
3438 1153 3666 1223 ἀνευρύ-

2079 1250 2244 1303 νομεν
2273 1234 2361 1287 διὰ
2395 1235 2494 1302 σὲ,
2527 1237 2623 1288 καὶ
2657 1236 2856 1309 ἔχομέν
2890 1255 2947 1291 σε
2984 1239 3245 1312 ἄντικρυς
3276 1242 3491 1313 ἐτήσιον
3523 1244 3660 1313 ἄφε-

2079 1343 2192 1393 νος,
2235 1327 2268 1398 ἢ
2313 1328 2605 1399 Δήμητρος
2648 1331 2978 1402 καινοτάτην
3021 1332 3220 1398 ἀκκήν.
3258 1334 3333 1388 Οὐ
3380 1335 3487 1406 μὴν
3523 1336 3662 1390 ἀλλά

2079 1418 2176 1473 καὶ
2220 1419 2580 1484 Κυκλώπειος
2621 1420 2828 1492 ὐμϐρος
2869 1421 3035 1494 ὥριος
3076 1425 3208 1494 ἡμῖν
3250 1427 3655 1498 ἐπιρῤήγνυταί

2079 1528 2187 1575 σοι,
2215 1511 2478 1584 ἄσπαρτα
2501 1513 2596 1566 καὶ
2620 1512 2862 1584 ἀνήροτα
2892 1515 3052 1570 πάνθ’
3074 1517 3204 1587 ήμῖν
3231 1517 3461 1570 αὐτόθεν
3489 1519 3660 1581 ἀνιεὶς

2077 1603 2146 1656 τά
2183 1603 2389 1672 ἀγαθά.
2425 1604 2492 1657 Τί
2536 1621 2628 1674 μοι
2668 1606 2697 1658 6
2737 1603 3075 1676 καθημέριος
3109 1611 3208 1679 τῆς
3252 1609 3528 1680 ποιήσεως
3572 1609 3660 1680 βόα

2077 1709 2212 1762 τρυς
2238 1710 2253 1757 ;
2292 1693 2353 1748 δν
2380 1693 2618 1765 ἀλλαχοῦ
2648 1713 2708 1749 τε
2737 1697 2841 1766 γῆς
2876 1697 3196 1766 βλαστάνειν
3225 1701 3254 1754 6
3281 1701 3459 1768 γέρων
3491 1701 3662 1771 μῦθος
3764 1749 3767 1752 .

2081 1789 2421 1854 σεμνολογεῖ,
2454 1790 2550 1841 καὶ
2583 1790 2672 1841 ναὶ
2708 1788 2772 1858 δὴ
2807 1791 2905 1844 καὶ
2939 1791 3068 1860 περὶ
3103 1793 3307 1863 ταύτην
3339 1789 3407 1864 ἦν
3440 1794 3526 1847 ὅτε
3560 1795 3659 1862 τὴν

399 1881 561 1952 ἡμῶν
598 1881 866 1950 βασιλέως
919 1881 1304 1953 ἀριστεύματα
1331 1897 1348 1916 ⁸
1394 1881 1431 1937 ἀ.
1467 1883 1814 1955 περιᾴδονται
1851 1886 1971 1955 μὲν,
2007 1888 2050 1942 Β
2081 1879 2221 1938 κατά
2246 1878 2327 1942 σέ,
2355 1879 2449 1948 ἀφ’
2469 1874 2641 1952 οὗπερ
2665 1882 2939 1952 ὁσημέραι
2965 1884 3197 1948 σπονδὰς
3223 1887 3274 1938 οί
3301 1885 3555 1956 ἐγχώριοι
3579 1888 3659 1957 τῷ

397 1975 504 2026 οὐκ
554 1975 635 2038 είς
682 1975 1085 2045 εὐδιάρθρωτον
1126 1975 1182 2029 δὲ
1237 1977 1372 2046 ἡμῖν
1421 1977 1500 2031 ἔτι
1557 1979 1975 2048 περιηχοῦνται,

396 2064 649 2118 Φθονεῖτε
708 2066 816 2137 γὰρ
877 2066 1012 2135 ἡμῖν
1063 2061 1264 2136 (οἶμαι)
1312 2067 1410 2121 τοῦ
1459 2068 1656 2134 καλοῦ,
1695 2067 1784 2123 ἵνα
1822 2070 1978 2140 μόνοι

398 2156 874 2210 καταπολαύοιτεο
922 2157 1022 2211 οὐκ
1059 2158 1284 2223 ειδότες,
1337 2159 1419 2213 ὅτι
1483 2161 1579 2214 καὶ
1630 2160 1785 2231 ὐμῶν
1818 2162 1980 2216 ἀκόν-

399 2267 513 2302 των
538 2249 677 2303 αὐτά
713 2249 1192 2320 περιηχησόμεθα,
1223 2252 1321 2304 καὶ
1358 2251 1491 2323 ὑμῖν
1521 2253 1683 2323 χάριν
1719 2254 1978 2321 οὐδεμίαν

401 2341 528 2394 οὐδὲ
578 2341 833 2395 ἐντεῦθεν
890 2343 1169 2411 εἰσόμεθα.
1204 2346 1272 2398 Ὠ
1325 2363 1413 2416 μοι
1441 2348 1540 2417 τῆς
1570 2347 1768 2417 λήμης,
1803 2347 1848 2401 ὤ
1885 2365 1976 2417 μοι

401 2433 509 2498 τῆς
551 2435 930 2502 παροράσεως,
981 2436 1074 2488 ἐὰν
1123 2435 1304 2500 ἀλλοις
1348 2438 1446 2507 μὲν
1488 2440 1596 2494 τῶν
1640 2437 1810 2507 φίλων
1857 2442 1977 2494 ἑνε-

395 2525 668 2592 τράνισα,
705 2525 796 2577 τὸν
829 2524 885 2577 δέ
926 2525 1260 2591 λογιώτατον
1294 2528 1442 2582 δεῖνα
1482 2533 1671 2602 ἀφῆκα
1711 2534 1842 2588 ίδεῖν
1867 2549 1883 2564 ⁶
1917 2534 1976 2588 ὃν

394 2619 561 2685 ὑμεῖς
589 2617 691 2688 ἠΰν
719 2635 775 2669 τε
810 2617 984 2687 μέγαν
1009 2635 1069 2671 τε
1102 2621 1552 2688 προσφωνοῦντες
1582 2625 1641 2676 οὐ
1673 2625 1936 2694 ψεύδεσθε
1959 2643 1978 2659 ⁸

392 2711 603 2775 ὅμοιον,
633 2708 704 2771 ώς
736 2709 830 2761 ἐὰν
856 2710 948 2762 καὶ
976 2711 1067 2763 ἐπὶ
1092 2712 1200 2765 τῶν
1227 2714 1359 2782 παρ’
1389 2713 1618 2785 Ὀμήρῳ
1653 2717 1976 2785 Παναχαιῶν

391 2805 525 2865 τούς
567 2804 666 2872 μὲν
699 2803 894 2865 ἄλλους
927 2805 1271 2874 προσέϐλεπέ
1305 2823 1419 2873 τις,
1452 2808 1480 2860 6
1513 2808 1571 2861 δὲ
1609 2808 1812 2878 μείζων
1842 2810 1978 2874 Δίας

390 2899 561 2953 αὐτὸν
593 2899 874 2955 ἐλάνθανε.
906 2901 1018 2954 Kal
1046 2902 1187 2971 τάχα
1225 2901 1580 2975 παρέδραμεν
1614 2902 1680 2957 ἂν
1711 2903 1807 2954 καὶ
1841 2902 1974 2971 ἐμὲ,

388 2991 545 3045 καθά
585 2993 678 3045 καὶ
718 2993 776 3045 ἐν
813 2996 879 3063 τῇ
919 2992 1125 3066 περαίᾳ
1161 2994 1264 3064 τῆς
1306 2993 1578 3063 βασιλίδος
1617 2993 1726 3047 τῶν
1768 2995 1977 3049 πόλεων

387 3084 528 3146 τοὺς
569 3084 997 3150 τιτυσκομένους
1039 3087 1162 3138 κατ’
1190 3084 1391 3147 αὐτοῦ,
1438 3087 1486 3139 εί
1536 3086 1612 3157 μὴ
1655 3090 1732 3157 τῇ
1765 3087 1976 3158 διανοίᾳ

386 3177 954 3245 καταστοχασάμενος
993 3177 1161 3232 αὐτοῦ
1204 3177 1414 3250 ετυχον.
1457 3180 1570 3234 Kal
1609 3179 1721 3234 ίδού
1761 3179 1976 3248 κατέχω

2080 1968 2318 2037 Διονύσῳ
2347 1969 2661 2024 ἀπέθλιϐον.
2694 1971 2832 2025 Ἀλλ’
2859 1973 3084 2037 ἐκεῖνος,
3117 1974 3172 2028 ετ
3198 1992 3250 2027 τι
3280 1975 3375 2029 καὶ
3407 1977 3660 2029 πειστέον

2079 2058 2158 2130 τῷ
2194 2058 2374 2129 μύθῳ,
2411 2059 2604 2130 βότρυς
2637 2056 2727 2132 ἦν,
2760 2064 2855 2116 καὶ
2892 2063 3086 2134 βότρυς
3117 2060 3221 2132 εἷς,
3252 2066 3347 2119 καὶ
3379 2058 3533 2130 οὗτος
3563 2083 3662 2121 τυ·

2079 2153 2174 2224 χδν
2211 2154 2240 2205 6
2279 2153 2561 2224 ὀμφακίας
2587 2173 2600 2186 ·
2639 2155 2733 2208 καὶ
2767 2155 2830 2210 τὸ
2863 2157 3075 2210 ἐκεῖθεν
3109 2156 3427 2228 θλιϐόμενόν
3459 2177 3520 2212 τε
3565 2162 3662 2214 καὶ

2080 2246 2376 2316 ἀπορρέον,
2408 2249 2534 2301 ὅσον
2562 2247 2628 2301 ἂν
2662 2250 2997 2315 ἀποστὼξειε
3033 2251 3227 2320 βότρυς
3248 2269 3263 2285 ο
3295 2253 3369 2313 ὡς
3407 2252 3563 2322 μόλις
3594 2251 3662 2305 ἂν

2078 2336 2139 2388 τὸ
2170 2338 2380 2390 ἐκεῖθεν
2409 2339 2824 2409 ἐκπιεζόμενον,
2856 2343 2908 2394 εῐ
2934 2360 3017 2405 τις
3048 2342 3136 2410 ἔφ’
3155 2343 3274 2396 ὅλον
3305 2343 3424 2408 ἔτος
3453 2346 3532 2406 εἰς
3561 2343 3660 2412 ἀγ·-

2078 2444 2176 2495 γος
2220 2429 2288 2480 ἂν
2329 2431 2682 2499 ἐπισυνάγειν
2724 2432 2921 2498 ἐθέλοι,
2963 2434 3095 2502 μίαν
3141 2436 3390 2504 ἐπιχειλῆ
3430 2437 3660 2504 ποιήσα-

2080 2519 2208 2573 σθαι
2250 2519 2502 2590 λάγυνον.
2549 2522 2620 2575 Σὺ
2663 2521 2708 2574 δ’
2734 2523 2890 2586 ὅλους
2933 2524 3067 2595 ήμῖν
3108 2525 3336 2579 αὐτόθεν
3383 2525 3657 2596 ἀμφορεῖς

2077 2612 2322 2682 Διονύσῳ
2360 2615 2718 2684 τελουμένους
2758 2617 2966 2685 δσῶραι
3007 2619 3419 2672 ναυστολείσθαι
3463 2623 3654 2682 ποιεῖς,

2078 2705 2173 2757 καὶ
2205 2703 2432 2768 τούτους
2467 2706 2733 2776 νέκταρος
2775 2707 3009 2778 ἐρυθροῦ
3051 2709 3172 2762 καθ’
3199 2709 3448 2778 ’Όμηρον
3485 2710 3657 2779 ἀπορ-

2080 2795 2298 2866 ρῶγας,
2330 2797 2426 2850 καὶ
2456 2798 2553 2851 τοῦ
2591 2799 2914 2870 Ἰσμαρικοῦ
2933 2840 2947 2864 ,
2979 2800 3036 2862 ὃς
3070 2803 3160 2854 καὶ
3185 2801 3273 2856 τδν
3301 2803 3493 2871 ἄγριον
3523 2802 3658 2854 ὐπέσ

2079 2903 2206 2940 σανε
2255 2887 2566 2957 Κύκλωπα,
2617 2890 2786 2959 μηδὲν
2827 2891 3177 2952 ἀποδέοντας.
3229 2891 3375 2958 Σιγῶ
3420 2892 3519 2956 τὰς
3568 2910 3660 2944 κο-

2076 2977 2356 3050 λυμβάδας
2381 2996 2395 3012 ο
2438 2980 2513 3035 ἐῶ
2559 2983 2626 3035 τά
2669 2981 2885 3046 όξωτά·
2927 2984 2997 3037 τὰ
3041 2983 3118 3053 τῷ
3161 2985 3355 3054 κιτρίῳ
3401 2983 3460 3035 εὐ
3512 2983 3658 3054 μάλα

2077 3071 2465 3140 κατηρτυμένα
2499 3073 2592 3125 καὶ
2625 3075 2764 3143 πρὸς
2800 3074 2993 3146 ήδονὴν
3026 3076 3455 3146 ὲσκευωρημένα
3491 3092 3658 3127 σκευ-

2080 3161 2234 3231 ἁρια.
2267 3162 2332 3214 Τί
2371 3163 2481 3231 γάρ
2523 3181 2614 3232 μοι
2647 3164 2859 3228 τούτοις
2899 3165 3295 3237 ἐνδιατρίϐειν,
3331 3165 3449 3231 ἐξὸν
3485 3166 3601 3219 ἐκεῖ
3632 3184 3660 3219 ο

385 3268 564 3322 αὐτὸν
604 3271 670 3339 τῇ
715 3270 888 3340 ψυχῇ,
929 3272 1026 3325 καὶ
1072 3271 1284 3342 χαίρειν
1330 3272 1657 3342 προφωνῶ,
1701 3271 1800 3326 καὶ
1841 3272 1978 3339 ἀξιῶ
2005 3266 2052 3327 ο
2081 3251 2294 3342 εἰπεῖν,
2325 3253 2408 3305 ὅτι
2436 3270 2542 3322 περ
2569 3254 2935 3308 ἀποπλουτεῖε
2963 3256 3127 3325 ήμῖν,
3163 3257 3259 3310 καὶ
3287 3256 3367 3308 ὅτι
3398 3255 3538 3309 κατά
3569 3255 3660 3307 τὸν

387 3362 626 3431 μνήμην
659 3361 802 3432 ἔχειν
836 3363 1015 3432 ἡμῶν,
1056 3364 1292 3419 στέλλων
1347 3366 1440 3418 καὶ
1503 3365 1875 3438 προσκύνησιν
1909 3365 1981 3420 δι’

380 3457 566 3511 αὐτοῦ
600 3457 679 3528 τῷ
717 3457 1172 3528 πανεντιμοτάτῳ
1210 3459 1368 3513 δεῖνι.
1401 3459 1677 3530 Πρόσθετε
1712 3462 1778 3531 τῇ
1816 3459 1980 3530 όμάδι

377 3550 508 3603 τῶν
539 3551 1096 3620 προσαγορευομένων
1123 3551 1369 3620 ἀδελφῶν
1398 3552 1496 3605 καὶ
1523 3551 1616 3606 τὸν
1646 3550 1978 3619 λογιώτατον

373 3643 579 3703 δεῖ-να,
612 3642 705 3696 τδν
738 3643 902 3695 καλὸν
935 3644 1065 3711 ἡμῖν
1101 3642 1264 3713 μέχρι
1300 3643 1725 3711 Θεσσαλονίκης.
1758 3642 1830 3695 T6
1868 3642 1977 3709 γὰρ

384 3735 656 3788 ἐντεῦθεν
695 3735 1098 3803 συνταξάμενος
1140 3735 1329 3807 ὥσπερ
1369 3737 1579 3805 ἀφῆκεν
1617 3737 1786 3807 ἡμᾶς.
1816 3735 1980 3789 Ἤθε-

385 3829 488 3881 λον
519 3825 577 3878 δὲ
600 3867 616 3891 ,
647 3825 695 3877 εί
725 3828 1046 3896 ἐπεστράφη
1077 3827 1174 3883 καὶ
1206 3828 1579 3898 προσέϐλεψεν
1604 3843 1620 3860 ⁸
1653 3829 1716 3882 οὐ
1746 3828 1856 3900 γὰρ
1885 3827 1980 3899 δή-

311 3922 315 3926 ’
388 3935 506 3974 που
534 3917 772 3974 δέδοικεν
803 3917 1224 3988 ὀξαλατισθῆναι
1253 3922 1320 3992 τῇ
1350 3921 1681 3992 ἐπιστροφῇ.

1151 4013 1230 4067 A'.

687 4103 773 4168 Τῷ
801 4103 1184 4170 Αὐτωρειανῷ
1214 4103 1397 4172 κυρίῳ
1428 4104 1690 4170 Μιχαήλ.

461 4193 581 4260 Ὣς
624 4195 850 4263 ἀγαθόν
889 4195 1081 4260 ἐστιν,
1124 4195 1470 4265 ἐπωνυμίας
1511 4199 1750 4260 πολλὰς
1791 4195 1977 4264 ἔχειν,

384 4285 576 4348 εἶπεν,
605 4286 665 4338 δν
693 4283 861 4348 οἶδας.
898 4288 1024 4341 Ἐπὶ
1052 4287 1108 4342 δέ
1141 4289 1202 4355 γέ
1237 4306 1321 4340 σοι
1351 4289 1410 4341 τὸ
1437 4289 1680 4343 τοιοῦτον
1707 4289 1980 4359 ἀποϐῆναι

383 4381 474 4443 είς
508 4379 611 4431 οὐκ
640 4377 840 4444 ἀγαθὸν
866 4377 1064 4432 ἔοικεν.
1094 4379 1239 4440 Ἐως
1273 4393 1372 4445 μεν
1399 4377 1509 4447 γὰρ
1539 4377 1978 4448 πρωτονοτάριος

379 4466 481 4542 ἧς.
516 4468 676 4532 ἄλλος
706 4471 840 4540 ἡμῖν
868 4471 1092 4539 ἐφαίνου
1117 4486 1132 4501 ·
1167 4470 1292 4523 ἐπεὶ
1320 4470 1377 4524 δὲ
1409 4470 1544 4539 πρὸς
1574 4470 1790 4541 ἑτέραις
1817 4469 1982 4536 ἀξιώ-

2097 3341 2450 3412 ’Δλεξάνδρου
2488 3344 2614 3413 ὅρον
2645 3344 2820 3398 ἔοικεν
2853 3346 2912 3397 ἐν
2949 3346 3035 3398 σοὶ
3075 3346 3289 3399 κεῖσθαι
3329 3347 3458 3416 ἡμῖν
3489 3349 3517 3400 6
3559 3348 3658 3415 θη-

2084 3434 2324 3503 σιυρός;
2362 3435 2494 3504 Είην
2524 3435 2590 3489 ἂν
2622 3435 2731 3504 ἐγὼ
2766 3438 3062 3506 προσήκων
3099 3438 3321 3508 μᾶλλον,
3358 3439 3503 3509 ῆπερ
3535 3443 3658 3492 Διο-

2085 3525 2262 3596 μήδης
2294 3528 2536 3593 ἐκεῖνος,
2576 3527 2974 3594 σεμνύνεσθαι,
3007 3529 3040 3601 ἢ
3083 3530 3113 3582 6
3141 3529 3337 3583 τούτου
3373 3529 3659 3598 δορύξενος

2080 3620 2323 3685 Γλαῦκος
2342 3662 2357 3686 ,
2387 3623 2471 3676 ὅτι
2503 3640 2561 3676 σε
2593 3623 2764 3689 ξεῖνον
2794 3625 2949 3693 φίλον
2977 3625 3218 3679 τοιοῦτον
3246 3626 3347 3680 οὐκ
3377 3627 3432 3679 ἐν
3460 3627 3659 3694 Ἀργει

2085 3712 2239 3780 μέσῳ
2262 3752 2276 3777 ,
2306 3711 2420 3764 ἀλλ’
2445 3714 2505 3767 ἐν
2539 3713 2750 3768 Ἐλλάδι
2785 3716 2923 3788 μέσῃ
2952 3716 3258 3789 ηὐτύχησα.
3296 3718 3488 3787 Ἡμεῖς
3517 3718 3573 3770 δὲ
3605 3718 3658 3769 τί

2084 3820 2166 3858 σοι
2220 3806 2356 3874 πρὸς
2397 3807 2605 3874 ταῦτα;
2655 3809 2721 3861 Τί
2767 3809 2811 3861 δ’
2838 3810 2904 3863 ἃν
2949 3811 3212 3882 σχοίημεν
3257 3811 3654 3882 ἀντιμετρῆσαι

2082 3899 2198 3962 τοῖς
2239 3898 2463 3965 ἀγαθοῖς
2503 3917 2633 3967 σονς
2670 3902 2863 3971 Ἡμεῖς
2908 3903 3006 3971 μὲν
3039 3903 3290 3973 οὐδαμῶς
3315 3921 3328 3934 ⁸
3365 3905 3393 3958 6
3435 3905 3491 3956 δὲ
3514 3905 3650 3967 Θεός

2082 4005 2164 4042 σοι
2203 3989 2436 4059 ἀντιδοίη
2470 3990 2541 4044 τά
2576 3986 2650 4045 ὧν
2683 3991 2829 4057 ἄξιος
2867 3990 2935 4046 εί.
2973 3991 3041 4048 El
3074 3995 3132 4048 δέ
3164 3997 3256 4048 τοῦ
3299 3996 3522 4061 παντὸς,
3557 3999 3656 4050 av-

2083 4080 2317 4152 θρώπων
2352 4081 2573 4136 πάντων
2606 4083 2890 4147 κάλλιστος
2924 4083 2999 4139 ῶν
3034 4086 3125 4138 καὶ
3160 4086 3616 4156 ἐλευθεριώτατος
3638 4125 3654 4151 ,

2082 4175 2176 4225 καὶ
2205 4173 2297 4226 τὸν
2328 4173 2543 4244 ἑταῖρον
2579 4177 2652 4246 μὴ
2685 4175 3012 4246 ψευδόμενος
3036 4194 3049 4210 ο
3084 4181 3178 4233 καὶ
3207 4181 3260 4232 τί
3293 4179 3434 4249 γάρ,
3468 4179 3500 4249 ἢ
3537 4178 3658 4251 Ἐρ-

2086 4262 2189 4333 μοῦ
2225 4266 2375 4328 παῖς,
2407 4266 2504 4318 καὶ
2537 4267 2769 4323 Μουσῶν
2800 4269 3105 4342 ὑποφήτης,
3139 4273 3232 4324 καὶ
3265 4272 3520 4343 Χαρίτων
3552 4289 3658 4324 πχ-

2082 4354 2193 4408 σῶν
2218 4355 2456 4426 μέλημα,
2480 4358 2692 4430 καὶτῆς
2721 4359 3039 4429 Ἑλληνικῆς
3065 4365 3276 4432 ἐκείνης
3299 4363 3396 4432 τῆς
3420 4363 3656 4428 παλαιᾶς

2083 4447 2362 4516 εὐγενείας
2407 4449 2682 4520 σπινθήρ;
2720 4451 2914 4520 Ἡμεῖς
2947 4453 3004 4504 δέ
3039 4469 3120 4505 σοι
3153 4456 3328 4506 ἐκεῖνο
3370 4470 3654 4524 προσεπα-

385 4538 518 4616 σεσι
553 4561 646 4614 καὶ
675 4538 1151 4631 τδ-ἐκπροσωπεῖν
1181 4564 1389 4635 ἔχρωσέ
1423 4538 1482 4616 σε
1514 4563 1650 4633 πρὸς
1671 4538 1740 4616 τὸ
1780 4566 1977 4632 σεμνό-
2008 4601 2052 4657 D
2085 4538 2287 4657 σδμξθα
2312 4539 2518 4657 ἰδικαὶ
2553 4543 2718 4594 πάλαι
2751 4559 2834 4657 τιξ
2856 4542 2976 4657 ,τῶν
3009 4543 3544 4657 ὒπῗρῗντλουμξνωξ
3563 4546 3655 4657 ei"

380 4670 591 4722 τερον,
633 4653 727 4706 καὶ
763 4652 1022 4723 ὀνόμασιν
1063 4652 1389 4723 ἐπεγράφης
1426 4653 1837 4724 λαμπροτέροις
1880 4653 1975 4706 καὶ

386 4745 638 4810 πλείοσι,
667 4744 880 4811 δέομαι,
910 4745 992 4797 ὅτι
1021 4744 1086 4796 ἐκ
1118 4743 1415 4813 προσώπου
1444 4760 1538 4797 σου
1567 4744 1792 4814 ἐξῆλθεν
1822 4745 1856 4814 ή
1887 4761 1977 4811 φι-

381 4840 486 4893 λία
533 4837 712 4906 ήμῶν.
751 4835 817 4890 Τί
856 4826 1239 4904 σκυθρυ›πούξ¹
1260 4838 1392 4906 ἡμῖν
1429 4836 1812 4906 παραυγάξεις
1847 4839 1977 4900 τοὺς

379 4927 713 4999 ὀφθαλμούς
735 4944 752 4994 ;
780 4927 831 4981 τί
858 4927 922 4980 τὸ
948 4927 1242 4997 πρόσωπον
1272 4929 1588 4996 συννεφοῖς;
1620 4928 1817 4982 Οὐκέτι
1845 4928 1976 4998 ἀλη-

380 5022 510 5086 θῶς
541 5020 697 5083 τίθης
722 5020 873 5089 ἡμᾶς
897 5022 954 5075 ἐν
982 5019 1128 5090 λόγῳ
1154 5019 1232 5090 τῷ
1262 5019 1416 5090 πρίν.
1445 5021 1557 5074 Kal
1586 5022 1634 5073 εί
1665 5021 1765 5089 μὲν
1795 5021 1883 5074 διὰ
1910 5021 1978 5075 τὰ

378 5108 703 5166 ἐκλαϐόντα
732 5124 790 5160 σε
823 5108 1148 5177 πράγματα,
1176 5106 1333 5160 τοῦτό
1362 5125 1444 5161 σοι
1469 5109 1611 5177 τάχα
1637 5107 1817 5170 αἰτίας
1843 5108 1977 5162 ἀπό-

377 5205 593 5261 λυσις·
623 5201 672 5252 εί
700 5197 757 5252 δὲ
784 5197 911 5253 ἄλλο
937 5215 988 5251 τι
1018 5199 1076 5251 τὸ
1105 5197 1415 5268 ἀπαλεῖψαν
1438 5198 1589 5268 ἡμᾶς
1617 5200 1716 5269 τῆς
1745 5198 1845 5268 σῆς
1875 5197 1978 5268 ψυ-

377 5295 526 5365 χῆς,
556 5289 671 5344 ἀλλ’
695 5289 806 5356 ἐγὼ
832 5289 955 5344 οὐτε
984 5290 1200 5344 σύνοιδα
1226 5290 1461 5351 πταίσας
1479 5307 1495 5321 ν
1523 5289 1616 5343 καὶ
1641 5292 1723 5344 ὅτι
1751 5289 1808 5343 δὲ
1834 5293 1977 5360 ἀπη-

376 5385 588 5452 λξφην,
633 5380 896 5451 ἐξέδραμέ
947 5397 1040 5451 μοι
1081 5380 1176 5434 τοῦ
1227 5382 1496 5454 στόματος
1539 5380 1656 5434 οὐτι
1703 5401 1806 5436 που
1852 5383 1976 5436 καθ’

377 5478 753 5535 ἑκούσιον.οὐ
791 5475 1035 5530 πιστεύω
1059 5478 1169 5546 γὰρ
1195 5476 1338 5531 οὐτω
1361 5479 1575 5544 παθεῖν,
1597 5480 1646 5532 εί
1673 5478 1748 5548 μὴ
1765 5478 1859 5530 καὶ
1879 5477 1978 5547 τῆς

378 5571 594 5646 βίϐλου
628 5568 736 5623 τῶν
773 5569 991 5634 ζώντων
1015 5568 1196 5639 πολλῷ
1226 5572 1491 5643 πρότερον
1530 5569 1973 5650 ἀπαλιφήσομαι.

1127 5659 1254 5717 AA'.

679 5749 764 5817 Τῷ
792 5751 956 5818 καλῷ
987 5750 1182 5822 Καιρῷ
1209 5753 1289 5820 τῷ
1318 5754 1388 5818 ἐξ
1417 5755 1708 5823 Εἰφίπου.

472 5843 606 5900 Ἀεὶ
642 5843 705 5900 σὺ
743 5845 804 5899 οὐ
843 5847 1009 5917 μόνον
1049 5846 1302 5918 μεμνήσῃ
1345 5847 1539 5918 ἡμῶν,
1579 5847 1608 5900 6
1645 5846 1786 5901 πάνυ
1828 5844 1975 5915 μέγα

2080 4632 2290 4700 τυχίαις
2323 4631 2596 4701 ἀνέκραγε
2616 4670 2632 4696 ,
2671 4635 2867 4701 μικρὸν
2897 4635 3378 4703 παραποιήσαντες
3400 4649 3415 4664 ·
3453 4633 3652 4704 στῆσόν

2079 4736 2210 4774 ⁴ποτε
2249 4721 2350 4792 τήν
2389 4725 2588 4792 χεῖρον
2633 4721 2752 4786 ἃλις
2795 4724 2928 4793 ήμῖν
2966 4726 3065 4793 τῆς
3112 4725 3212 4794 σῆς
3256 4727 3649 4795 ἀγαθοχυσίας.

2080 4813 2245 4867 Ὅσον
2273 4814 2382 4884 γὰρ
2410 4815 2544 4884 ἡμῖν
2576 4815 2942 4890 ἐπιδαψιλεύει
2969 4817 3068 4880 τὰς
3098 4817 3328 4887 χάριτας
3349 4859 3364 4884 ,
3395 4818 3652 4872 τοσοῦτον

2076 4907 2177 4976 τὴν
2211 4907 2370 4977 ήμῶν
2404 4906 2739 4974 στηλιτεύεις
2775 4907 3070 4964 οὐθένειαν.
3107 4908 3242 4960 Οὐδέ
3274 4909 3384 4979 γὰρ
3417 4909 3651 4981 ἔχομεν,

2077 4998 2106 5051 ὂ
2134 5014 2188 5050 τι
2219 4999 2319 5063 τῆς
2356 4998 2491 5068 πρὸς
2524 4999 2672 5069 ἡμᾶς
2710 5016 2802 5052 σου
2827 5000 3068 5072 χρηστῆς
3091 5001 3384 5066 διαθέσεως
3411 5001 3652 5069 ἐνδειξό-

2080 5089 2220 5162 μεθα
2250 5090 2414 5157 ἄξιον.

2803 5185 2923 5242 AB'.

2601 5277 2689 5344 Τῷ
2724 5279 3134 5346 οικουμενικῷ.

2104 5358 2108 5363 ”
2147 5371 2350 5430 Ἦλθόν
2385 5390 2473 5444 μοι
2502 5371 2805 5443 πρόσφατοι
2834 5372 2968 5426 Θεοῦ
3001 5377 3212 5440 φωναί·
3237 5373 3541 5442 θεόφθογγα
3573 5373 3649 5436 ὡς

2078 5468 2138 5534 ἐξ
2168 5467 2398 5538 οὐρανοῦ
2436 5483 2526 5537 μοι
2557 5463 3025 5537 κατεπέμφθησαν
3057 5469 3297 5539 ῥήματα.
3330 5466 3522 5520 Μάννα
3557 5482 3649 5536 μοι

2079 5561 2389 5633 ἐπεϐρέχθη
2443 5559 2608 5623 θεῖον,
2653 5560 2747 5612 καὶ
2785 5559 2945 5612 τοῦτο
2987 5563 3182 5630 συχνὸν
3227 5558 3322 5611 καὶ
3364 5558 3494 5612 ἄλλο
3560 5557 3650 5610 ἐπ’

2079 5657 2242 5727 ἄλλῳ,
2273 5656 2364 5709 καὶ
2389 5655 2489 5726 τὴν
2516 5652 2708 5724 πρώην
2737 5655 2927 5708 πεῖναν
2954 5655 3207 5723 ἠκέσατο.
3238 5651 3536 5714 Φωτειανός
3565 5667 3651 5713 τις

2077 5745 2207 5822 ἦλθε
2226 5789 2242 5812 ,
2279 5750 2462 5819 φέρων
2493 5763 2585 5817 μοι
2614 5747 2872 5815 τοιαύτην
2903 5744 3233 5815 παραψυχὴν
3253 5785 3270 5812 ,
3301 5745 3536 5816 γράμμα
3569 5743 3656 5794 δε-

2083 5842 2284 5895 σπότου
2308 5855 2323 5871 ⁸
2357 5841 2416 5894 ἐν
2447 5832 2491 5908 ᾧ
2527 5840 2619 5894 καὶ
2656 5835 3016 5910 προσταχθεὶς
3052 5837 3181 5906 περὶ
3214 5835 3467 5905 όφφικίου
3488 5874 3503 5899 ,
3538 5833 3654 5902 ἅμα
