3910 6242
325 325 463 390 1299

1774 326 2133 389 ADDENDA

3438 313 3567 378 19-09

327 431 455 497 ἐπῆ)
471 429 559 482 θον
603 429 702 493 τὰς
751 433 878 502 περὶ
921 435 1108 486 τούτου
1159 435 1542 503 προσκυνητὰς
1591 434 1898 501 συλλασάς,
1923 438 1975 497 Α
1999 433 2248 503 δόμενον.
2280 431 2345 485 Τί
2373 429 2436 499 δὴ
2467 430 2698 499 πάσχειν
2725 429 2829 498 ἐμὲ
2855 428 3034 494 είκδς,
3064 429 3161 484 τοῦ
3192 429 3313 498 ἐμοὶ
3343 429 3566 483 δεόντως

321 519 415 572 καὶ
445 521 642 575 αὐτίκα
671 523 850 595 (ἔτυχε
880 524 989 594 γὰρ
1017 523 1204 598 ὥσπερ
1235 527 1375 580 κατά
1405 529 1549 580 θεῖον
1579 528 1891 598 σφραγίδων

319 614 581 667 τοιούτων
608 616 817 686 καιρὸς)
849 617 1141 688 ἐπλήρωσα
1167 620 1229 672 τὸ
1267 619 1628 690 προσταχθὲν,
1661 623 1741 684 εἰς
1771 621 1896 676 ὅσον

321 705 550 774 δύναμις
570 723 588 737 ⁸
613 707 817 777 θατέρᾳ
848 710 948 779 μὲν
970 712 1092 765 ταῖν
1117 713 1301 782 χεροῖν
1326 713 1466 782 ὀχῶν
1494 711 1573 766 ἔτι
1599 713 1692 766 τὸν
1717 713 1898 780 τίμιον

324 797 534 866 χάρτην
562 800 641 861 είς
673 798 958 869 βάσταγμα
977 841 994 864 ,
1025 801 1234 873 θατέρᾳ
1262 803 1317 855 δέ
1346 804 1447 874 τὴν
1479 805 1748 873 σφραγῖδα
1779 805 1891 858 δια-

322 889 682 955 τυπούμενος.
727 891 938 958 Μικρὸν
983 895 1075 947 καὶ
1122 894 1306 964 ἕτερος
1351 894 1580 962 ἄγγελος
1624 890 1758 966 ἦλθέ
1808 912 1898 963 μοι

325 981 641 1050 χαρμονῆς,
673 982 703 1034 δ
739 984 1026 1050 σύνδουλός
1059 1003 1162 1056 μου
1195 985 1224 1039 ὁ
1257 987 1714 1058 ἐκκλησιαστικδς
1734 1028 1750 1054 ,
1782 987 1898 1042 διὰ-

325 1090 480 1138 κονος
505 1077 532 1128 ὁ
557 1075 704 1130 δεῖνα
725 1093 738 1106 ⁸
771 1079 868 1131 καὶ
891 1078 952 1130 τὸ
981 1081 1159 1149 μέιννα
1186 1081 1284 1150 τῆς
1313 1079 1508 1150 ἡδονῆς
1536 1079 1895 1148 ἐπληθύνετο.

326 1167 663 1231 Κάντεῦθεν,
695 1171 748 1224 εί
775 1169 880 1223 πού
915 1188 999 1235 τις
1031 1171 1229 1242 πικρία
1259 1171 1424 1240 ὑπῆν,
1454 1171 1635 1224 οὐκέτι
1663 1166 1752 1243 ἦν.
1787 1171 1901 1228 Σώ-

328 1259 444 1325 ζοιό
478 1277 570 1328 μοι
601 1261 693 1316 ἐπὶ
729 1263 941 1333 μακρὸν
961 1303 976 1326 ,
1009 1264 1227 1335 οὐράνιε
1251 1303 1267 1329 ,
1300 1263 1396 1334 τὴν
1432 1264 1633 1335 ἀρετὴν
1664 1265 1899 1329 πανάγιε

327 1351 561 1405 δέσποτα
584 1371 598 1383 ⁸
623 1353 720 1408 καὶ
742 1354 1056 1425 ἐπιδρέχοις
1081 1356 1211 1425 ἡμῖν
1233 1356 1302 1409 τά
1325 1355 1508 1423 ἀγαθά
1527 1372 1540 1386 ⁸
1565 1357 1614 1408 εί
1639 1357 1702 1426 δὴ
1726 1355 1902 1410 τοιοῦ-

2004 522 2198 590 ἐφετοῦ
2247 522 2694 591 ἀποτυγχάνοντα
2742 519 2812 592 (εἰ
2866 521 2940 591 μὴ
2992 522 3279 584 ὲκπίπτω,
3328 519 3568 589 λογισμῷ

1998 613 2353 684 ἀδιοίκητος),
2385 612 2418 685 ἦ
2457 613 2675 678 πάντως
2706 613 2936 682 πάσχειν
2962 612 3141 684 λύπην
3165 613 3265 684 τὴν
3293 613 3385 667 ἐπὶ
3420 611 3572 678 μάλι-

2001 721 2103 759 στα
2135 721 2150 772 ;
2184 705 2370 758 Πᾶσαν
2401 704 2503 774 μὲν
2532 703 2753 773 γραφὴν
2774 741 2790 766 ,
2824 703 2890 774 ἦν
2922 701 2988 756 ἂν
3017 703 3084 756 ἐκ
3111 703 3308 774 χειρῶν
3338 703 3573 771 ἀπέρχε-

2001 797 2126 850 σθαι
2157 796 2384 870 ἀφήσω,
2418 796 2646 864 ἐφίεμαι
2677 793 2932 850 ἀπελθεῖν
2951 837 2965 861 ,
2997 795 3129 850 ἔνθα
3158 795 3408 849 ἔσταλται
3433 811 3448 824 ⁸
3479 796 3574 865 οὐχ

1998 892 2200 960 ἥκιστα
2227 889 2307 951 δὲ.
2333 889 2399 959 ἢν
2424 888 2706 959 τολμήσας
2733 885 3054 957 ἐντελοῦμαι
3081 887 3414 957 πορευθῆναι
3443 888 3578 957 πρὶς

1999 985 2097 1049 τὴν
2127 982 2390 1050 μεγίστην
2420 977 2731 1050 ἁγιωσύνην
2761 997 2878 1033 σου.
2905 980 3016 1034 Kal
3042 980 3102 1032 οὗ
3128 979 3292 1044 λέγω,
3323 978 3578 1047 καθάπερ

2000 1075 2048 1130 εί
2081 1073 2176 1127 καὶ
2208 1069 2430 1144 τοξότης
2459 1073 2611 1144 βέλος
2639 1071 2798 1141 ἀφεὶς
2825 1073 3041 1141 ἐφίεται
3073 1071 3254 1142 βαλεῖν
3283 1071 3425 1123 κατά
3455 1087 3579 1123 σκο-

2000 1168 2104 1223 ποῦ
2137 1168 2218 1239 (τὺ
2251 1169 2360 1238 γάρ
2391 1167 2641 1222 τοιοῦτον
2676 1166 2830 1220 οὔπω
2861 1183 2917 1219 τι
2955 1165 3101 1235 μέγα
3137 1164 3386 1229 βούλεται
3408 1181 3424 1196 ⁸
3459 1163 3580 1216 ἀλλ’

2000 1261 2188 1333 ὥσπερ
2231 1263 2258 1317 ὁ
2302 1261 2594 1331 εὐχόμενος
2637 1261 2716 1322 είς
2764 1259 2896 1314 Θεὸν
2932 1259 3030 1328 τὴν
3065 1257 3373 1329 προσευχὴν
3406 1257 3584 1309 ἐθέλε.

2000 1353 2454 1417 κατευθύνεσθαι,
2507 1353 2602 1406 καὶ
2653 1352 2730 1422 μὴ
2778 1351 3140 1420 κενεμϐατεῖν
3186 1351 3454 1404 ἀτέλεστα
3501 1351 3584 1412 είς

327 1459 421 1495 τον
450 1445 638 1514 χάρμα
665 1444 742 1515 τῷ
772 1445 940 1517 δούλῳ
974 1463 1068 1500 σου
1097 1447 1160 1499 τὸ
1187 1445 1608 1515 ὀλιγοσύλλαϐον
1637 1447 1736 1518 τῆς
1765 1463 1902 1516 γρα-
2005 1447 2175 1519 μόνην
2206 1445 2416 1500 λαλιάν.
2453 1445 2563 1499 Καὶ
2600 1445 2728 1513 ἐμοὶ¹
2763 1445 2862 1514 μὲν
2897 1443 3070 1506 οὕτως
3103 1443 3250 1496 ἐστὶν
3286 1442 3540 1509 ἐφίεσθαι
3567 1455 3582 1470 ⁸

328 1535 458 1606 φῆς,
484 1534 712 1604 πηλίκον
733 1535 795 1590 τὺ
820 1537 1167 1606 πολύστιχον;
1191 1537 1403 1604 Πλάκες
1430 1554 1520 1609 μοι
1540 1537 1710 1592 ταῦτα
1737 1537 1900 1592 θεῖαι.
2004 1538 2187 1610 βλέπω
2215 1537 2295 1602 δὲ,
2322 1537 2398 1602 ὡς
2422 1535 2699 1589 διαπίπτω
2723 1539 2789 1589 τὰ
2820 1535 2996 1589 πολλά
3019 1535 3113 1589 τοῦ
3143 1535 3285 1588 κατά
3313 1534 3587 1604 ὀρθότητα

328 1625 541 1681 Ἐκεῖνο
569 1627 774 1700 βιόλίον
798 1628 867 1680 τὰ
898 1627 1018 1682 θεῖα
1045 1628 1292 1698 ψωμίζον
1321 1646 1390 1699 με
1412 1646 1425 1658 ⁸
1453 1628 1772 1700 ἀναψύξεως
1801 1629 1900 1697 δμ·
2003 1629 2256 1702 όρεκτοῦ.
2292 1631 2405 1683 Καὶ
2446 1627 2556 1699 ἐγὼ
2604 1629 2702 1698 μὲν
2736 1629 2940 1697 ἀνοίγω
2984 1631 3159 1698 στόμα
3198 1627 3335 1698 πρὸς
3375 1629 3586 1694 ἀναφο·

328 1715 454 1784 ὅροι
490 1731 582 1787 μοι
618 1717 795 1773 τοῦτο.
833 1718 1041 1772 Ἐκεῖνο
1076 1720 1330 1790 Χαρίτων
1364 1720 1609 1782 ὠκεανός
1637 1736 1650 1751 ⁸
1685 1721 1775 1773 τὸν
1807 1719 1898 1772 ἐπὶ
2009 1723 2106 1794 ράν
2131 1739 2146 1752 ⁸
2181 1722 2275 1776 καὶ
2310 1721 2395 1776 ἵνα
2431 1722 2506 1789 μὴ
2545 1719 3002 1790 κατακαυχῶνται
3031 1720 3334 1788 Ἅρπυιαι,
3369 1719 3452 1780 είς
3484 1715 3591 1771 αῦ-

327 1810 395 1878 τῇ
433 1809 624 1882 εἰσόδῳ
661 1811 760 1880 τῆς
797 1815 1050 1884 νηστείας
1091 1813 1248 1881 λόγον
1291 1813 1458 1884 φημί.
1481 1815 1545 1867 Ὢ
1582 1814 1698 1867 οἴου
1733 1812 1901 1867 καλοῦ
1935 1840 1978 1894 Β
2010 1833 2110 1886 ραν
2162 1815 2605 1887 ἀναῤῥίπτουσαι
2655 1813 2716 1867 τὸ
2760 1815 2859 1882 τῆς
2909 1812 3096 1882 φωνῆς
3145 1811 3444 1865 λεπταλέον
3490 1811 3591 1863 καὶ

330 1900 595 1970 ἄγευστος
633 1904 779 1973 ἐγώῖ
818 1905 864 1960 ὦ
898 1907 1014 1968 οἵας
1050 1906 1243 1977 σοφίας
1273 1908 1642 1979 ἀνήκουστρςί
1670 1903 1780 1962 Ἦν
1815 1910 1906 1963 ὅτε
2007 1907 2398 1978 πνευματικὸν,
2429 1903 2798 1978 καταϐαρύνω
2822 1905 3041 1974 ταύτην,
3075 1905 3155 1966 είς
3181 1905 3306 1956 ὅσον
3331 1902 3591 1972 δύναμις,

331 1993 520 2067 καιρὸς
539 2037 554 2058 ,
583 1995 675 2048 ὅτε
707 1996 798 2049 καὶ
829 1999 1186 2067 ἀνθρωπίνως
1213 2001 1473 2065 ἐλάλουν,
1503 2001 1570 2055 τὰ
1599 2001 1708 2070 ἐμά
1741 2000 1905 2069 φθεγ-

331 2085 561 2153 γόμενος
587 2103 600 2116 ⁸
640 2089 776 2143 ἀλλά
820 2091 914 2144 καὶ
960 2092 1200 2158 ἀγγέλου
1239 2090 1459 2162 γλώσσῃ
1505 2092 1753 2151 ἐλάλουν,
1796 2094 1906 2153 τοῖς

328 2176 428 2231 τοῦ
453 2179 713 2250 μεγίστου
757 2182 956 2251 δηλαδὴ
999 2184 1300 2253 ἀρχιερέως
1341 2185 1696 2256 ὑποφητεύων
1725 2185 1909 2250 διδάγ-

333 2286 486 2338 μασι.
515 2270 630 2325 Νῦν
655 2273 711 2325 δὲ
764 2273 824 2326 τὸ
855 2275 955 2344 μὲν
997 2275 1130 2344 ἐμὸν
1155 2277 1256 2328 οὐκ
1280 2273 1397 2330 οῖδα
1421 2279 1472 2330 εί
1497 2276 1908 2345 περιλέλειπταί

335 2379 461 2430 μοι,
492 2363 554 2417 τδ
582 2363 638 2418 δὲ
670 2365 961 2434 ἀγγελικδν
987 2369 1294 2424 ἐπιλέλοιπε
1327 2368 1562 2440 φώνημα
1585 2385 1600 2399 ⁸
1636 2371 1729 2422 καὶ
1756 2370 1908 2436 ὅμως

335 2455 701 2526 μακαρίζεταί
732 2475 824 2526 μοι
851 2459 917 2511 τὰ
945 2458 1040 2511 τοῦ
1068 2459 1250 2514 λαλεῖν
1275 2461 1511 2532 δργανα,
1541 2460 1610 2512 δι’
1633 2457 1708 2515 ὢν
1733 2461 1911 2514 ἐκεῖνο

330 2543 394 2597 τὸ
428 2546 588 2615 μέλος
614 2547 774 2619 Epp“
802 2549 862 2602 τδ
893 2549 1066 2619 γλυκὺ
1087 2593 1102 2618 ,
1130 2551 1207 2616 ὡς
1233 2553 1330 2606 ἐὰν
1362 2553 1458 2608 καὶ
1492 2551 1710 2622 σωλῆνά
1739 2569 1820 2618 τις
1852 2552 1911 2604 ἐν

338 2641 679 2712 μακαρισμῷ
713 2640 887 2714 τιθείη
913 2684 927 2706 ,
964 2641 1117 2696 δι’-οὗ
1155 2645 1320 2698 καλὸν
1355 2645 1499 2716 ὕδωρ
1536 2643 1907 2715 διωχετεύετο.

334 2735 553 2790 Γένοιτό
581 2753 673 2807 μοι
699 2738 1009 2793 πεσεῖν,καὶ
1035 2741 1095 2792 τὸ
1119 2739 1357 2796 τοιοῦτον
1383 2739 1550 2796 καλὸν
1574 2741 1667 2796 ἐπὶ
1691 2741 1877 2812 χεῖρας
1894 2779 1908 2802 .

333 2831 427 2881 καὶ
455 2829 784 2900 ἀγιασθῆναί
814 2849 907 2900 μοι
928 2832 989 2886 τὸ
1015 2833 1126 2887 πᾶν
1143 2848 1158 2862 ⁸
1187 2834 1285 2897 τὰς
1312 2835 1501 2904 χεῖρας
1526 2832 1912 2896 ἀνελιττούσας

337 2925 434 2972 καὶ
461 2918 890 2990 διαψηλαφώσας
919 2919 980 2975 τὸ
1010 2922 1165 2991 ἀγιον
1188 2939 1202 2953 ⁸
1234 2925 1303 2975 τὰ
1333 2921 1562 2991 ὄμματα
1593 2922 1874 2993 περιιόντα
1893 2963 1908 2988 ,

337 3013 434 3065 καὶ
465 3013 640 3066 ταῦτα
674 3014 943 3083 ἑκατέρας
975 3013 1188 3078 ἐννοίας
1213 3029 1229 3045 ⁸
1269 3014 1332 3068 τὸ
1374 3016 1474 3084 μὲν
1505 3017 1572 3088 τῇ
1608 3015 1748 3070 κατὰ
1783 3016 1912 3070 ἀνά-

2010 1999 2265 2070 παχύνων
2295 1999 2378 2063 είς
2410 2001 2570 2066 σῶμα
2591 2038 2607 2063 ,
2641 2000 2738 2054 καὶ
2768 2000 3028 2067 κατάγων
3057 1999 3134 2062 είς
3165 1997 3310 2068 ἁφὴν
3331 2038 3347 2061 ,
3381 1998 3479 2050 καὶ
3507 1996 3594 2048 δι-

2009 2091 2234 2161 φθέραις
2266 2090 2503 2154 ἐντιθείς
2529 2106 2544 2121 ⁸
2576 2091 2654 2154 ὡς
2687 2091 2753 2144 ἂν
2787 2090 3019 2160 ἐκφύγοι
3059 2090 3156 2160 μὲν
3185 2090 3246 2142 τδ
3280 2088 3593 2157 ἀνωφορεῖ-

2011 2188 2154 2250 σθαι,
2197 2188 2291 2239 καὶ
2334 2185 2415 2248 είς
2457 2185 2591 2256 ἀέρα
2631 2183 3013 2249 σηδάζεσθαι,
3062 2182 3280 2252 φέροιτο
3317 2181 3375 2233 δὲ
3420 2179 3594 2232 ίθυτε-

2009 2281 2136 2344 νῶς,
2181 2279 2213 2348 ἢ
2257 2279 2353 2332 καὶ
2397 2280 2610 2332 πέτοιτο
2657 2277 2800 2332 κατά
2835 2277 2935 2346 τὴν
2975 2275 3368 2346 ῖστορουμένην
3408 2271 3591 2345 [ποτὲ]

2009 2373 2343 2442 Θετταλικὴν
2389 2371 2580 2442 μελίαν
2622 2373 2704 2434 είς
2745 2373 2842 2434 τὰς
2889 2370 3320 2439 μακαριωτάτας
3361 2371 3592 2438 χεῖρας,

2010 2465 2078 2518 δι’
2097 2460 2172 2518 ὧν
2203 2467 2297 2519 καὶ
2330 2467 2454 2536 ἐμοὶ
2483 2467 2635 2520 πᾶσα
2665 2464 2888 2530 εὐλογία
2921 2462 3017 2516 καὶ
3043 2463 3125 2531 τῷ
3155 2460 3345 2531 κόσμῳ
3375 2460 3437 2513 τὸ
3469 2460 3593 2512 θεό-

2012 2557 2104 2614 θεν
2151 2560 2444 2630 ἐξίλασμα.
2497 2560 2611 2613 Οὐκ
2659 2558 2766 2630 ἔχω
2813 2557 2871 2612 δὲ
2919 2556 3006 2612 διὰ
3054 2555 3294 2616 τέλους,ι
3323 2553 3352 2606 ὃ
3405 2552 3592 2608 θέλω·

2011 2653 2148 2706 ἀλλά
2176 2653 2242 2705 τά
2275 2652 2447 2706 πλείω
2480 2651 2780 2719 πλάζομαι.
2812 2647 3129 2718 Τεκμήριον
3160 2646 3216 2698 δὲ
3248 2648 3276 2698 ὁ
3310 2644 3597 2704 σύνδουλός

2015 2762 2118 2813 μου
2161 2745 2254 2797 καί
2297 2761 2429 2796 ποτε
2471 2741 2839 2804 συνδιάκονος,
2877 2741 2907 2794 ὁ
2947 2738 3130 2808 δεῖνα·
3173 2739 3307 2804 ἐμὸν
3348 2734 3596 2804 θρέμμα,

2013 2838 2108 2890 καὶ
2141 2835 2346 2903 ἀγαθὸς
2381 2834 2877 2905 ὑπογραμματεὺς,
2915 2831 3071 2900 φίλου
3107 2829 3438 2882 πιστοτάτου
3477 2829 3599 2879 ἀνε-

2012 2931 2174 3000 ψιός·
2213 2931 2272 2984 ὃν
2311 2932 2339 2982 ὁ
2384 2927 2764 2999 φιλάνθρωπος
2805 2925 2988 2992 ζῶντα
3029 2924 3130 2997 μὲν
3168 2925 3248 2985 είς
3291 2920 3600 2992 ἡγούμενον

2015 3025 2243 3082 ἐκάλεσε
2270 3064 2286 3088 ,
2344 3022 2572 3078 θανόντα
2626 3021 2684 3076 δὲ
2735 3023 2793 3074 ἐν
2849 3019 3078 3091 σκηναῖς
3127 3015 3302 3084 ἀγίων
3357 3015 3597 3084 (πεποι-

335 3119 538 3172 γνωσιν
565 3102 851 3158 ὲπελεύσει
875 3105 946 3158 ea;
976 3104 1154 3168 ἐκτὸς,
1189 3105 1256 3163 τὰ
1285 3104 1330 3158 δ’
1353 3107 1505 3170 ἐντὸς
1534 3107 1610 3177 τῷ
1644 3107 1782 3175 φωτὶ
1811 3107 1912 3174 τῆς
1944 3171 1980 3186 _
2016 3119 2123 3182 θὼς
2163 3119 2341 3186 λέγω)
2387 3115 2719 3172 ἀνέπαυσεν.
2764 3112 2940 3177 Οὗτος
2982 3111 3048 3182 δὴ
3087 3111 3116 3164 δ
3162 3105 3451 3169 σύνδουλός
3495 3123 3599 3174 μου

337 3197 489 3260 θείας
519 3198 890 3266 ἐναυγάζομαι
923 3198 1178 3266 γνώσεως
1199 3216 1214 3231 ⁸
1245 3199 1313 3254 τὰ
1344 3200 1497 3272 χείλη
1530 3201 1907 3269 πτυσσόμενα,

337 3288 435 3342 καὶ
482 3291 552 3346 αὖ
596 3292 738 3364 πρδς
785 3291 1052 3366 ὑποδοχήν
1099 3293 1377 3365 ἀγιασμοῦ
1423 3293 1756 3363 ἀνοιγόμενα
1785 3308 1800 3324 ⁸
1849 3296 1912 3348 τὸ

339 3385 516 3456 στόμα
559 3383 940 3456 πληρούμενον
983 3383 1078 3440 τοῦ
1125 3387 1332 3442 ἐκεῖθεν
1375 3387 1766 3456 γλυκάσματος
1813 3389 1912 3442 καὶ

335 3477 436 3546 τῆς
475 3477 568 3530 ἐπὶ
600 3475 776 3550 τούτῳ
813 3477 1071 3542 αἰνέσεως
1096 3494 1111 3509 ⁸
1145 3476 1254 3551 qh]
1290 3477 1463 3552 ὅλ[ον]
1502 3479 1691 3548 ἐντὸς,
1720 3479 1784 3532 τὸ
1821 3478 1912 3532 διὰ

338 3564 540 3630 παντὸς
584 3565 750 3620 αὐτοῦ
794 3567 1062 3624 ἱκνεῖσθαι
1101 3569 1168 3625 τὰ
1210 3573 1310 3640 τῆς
1348 3569 1702 3633 διδασκαλίας
1745 3570 1910 3626 καλά.

343 3658 454 3712 Καὶ
502 3657 664 3712 τοῦτο
713 3657 811 3730 μὲν
857 3659 1134 3732 ἐπετάχθη
1188 3662 1578 3733 γραμματικὸς
1625 3661 1913 3726 σύνδουλός

345 3767 436 3821 μοι
454 3764 471 3780 ⁸
498 3749 560 3806 εὖ
585 3747 725 3819 οῖδα,
753 3753 849 3808 καὶ
875 3753 1108 3822 γίνεται.
1137 3755 1247 3809 Καὶ
1271 3756 1380 3824 ἐγὼ
1405 3754 1604 3820 εἰδείην
1628 3754 1696 3811 ἂν
1721 3755 1914 3826 ἐκείνῳ

341 3842 502 3912 χάριν
529 3842 714 3912 ἤματα
741 3845 944 3910 πάντα,
971 3845 1052 3906 είς
1079 3846 1322 3901 τοιοῦτόν
1351 3864 1442 3917 μοι
1474 3847 1675 3916 ἀγαθὸν
1702 3847 1911 3918 ὑπουρ-

341 3935 594 4002 γήσαντι.
625 3932 768 4002 Ἐγὼ
794 3934 852 3988 δὲ
879 3937 973 3989 καὶ
1004 3934 1086 3989 ἔτι
1111 3935 1327 4006 τολμῶν
1351 3938 1566 4008 δέομαι.
1600 3936 1724 3993 Ἐπί
1749 3953 1916 3993 τινων

342 4026 450 4095 πρὸ
492 4025 629 4094 ἐμοῦ
665 4025 759 4079 τοῦ
797 4027 1155 4096 ἀχρειοτάτου
1195 4028 1368 4096 ἁγίων
1401 4028 1706 4102 ἀρχιερέων
1740 4044 1916 4098 παρε-

341 4117 672 4187 χωρήθησαν
718 4116 962 4188 Ἑϐραῖοι
1012 4119 1388 4191 πλατυνθῆναι
1419 4136 1434 4151 ⁸
1486 4121 1587 4175 οὐκ
1634 4115 1756 4185 οἷδ’,
1802 4121 1917 4176 εἴτε

340 4209 486 4262 κατά
513 4209 708 4280 λήθην,
737 4211 848 4264 εἴτε
880 4211 976 4266 καὶ
1003 4212 1143 4266 κατὰ
1167 4211 1374 4281 εἴδησιν
1401 4213 1648 4278 ἐκείνων,
1679 4212 1790 4267 εῐτε
1820 4215 1916 4268 καὶ

341 4302 484 4358 κατά
518 4301 675 4356 θείαν
699 4305 822 4358 τινά
853 4304 1121 4358 κέλευσιν.
1156 4303 1326 4356 Τοῦτο
1355 4304 1413 4356 δὲ
1445 4305 1543 4373 οὐχ
1576 4304 1914 4374 εὑρίσκεται.

341 4395 456 4452 Καὶ
482 4394 710 4468 ᾤκησαν
739 4395 788 4450 οῖ
821 4395 922 4464 μὲν
951 4397 1008 4451 ἐν
1035 4395 1440 4464 ἐρειποτοπίοις
1471 4396 1915 4464 Χριστιανικοῖς,

2016 3211 2327 3284 προεκλήθη
2375 3209 2446 3264 δι’
2473 3207 2652 3280 εὐχῶν
2697 3207 2800 3276 τῆς
2848 3204 3095 3277 μεγάλης
3143 3203 3461 3270 ἁγιωσύνης
3505 3216 3598 3251 σου

2015 3309 2097 3372 εις
2149 3306 2326 3378 ὄνομα
2377 3302 2620 3375 ὑψηλὸν,
2672 3300 2856 3370 ψήφου
2912 3298 3065 3362 θείας
3117 3293 3454 3367 μνησθείσης
3505 3291 3599 3345 αὐ-

2013 3399 2110 3454 τοῦ
2148 3400 2227 3462 είς
2264 3397 2586 3454 ἐπίσκοπον.
2615 3395 2740 3448 Ὀτι
2779 3393 2836 3446 δὲ
2877 3391 2976 3444 οὐκ
3015 3389 3186 3459 ἐχρῆν
3219 3387 3402 3449 ἄλλως
3439 3383 3600 3438 αὐτὸν

2014 3487 2482 3560 τελεσῳρηθῆναι
2519 3486 2611 3555 ὑφ’
2658 3484 2840 3555 ἡμῶν,
2869 3485 2920 3535 εί
2956 3481 3032 3551 μὴ
3061 3481 3156 3534 καὶ
3191 3479 3290 3552 τὴν
3341 3476 3598 3542 τοιαύτην

2014 3584 2150 3657 ημῖν
2180 3576 2592 3649 τελεσιουργίαν
2621 3575 2968 3644 εὐλογήσασα
3001 3573 3033 3640 ή
3068 3569 3280 3639 μεγάλη
3317 3569 3598 3637 ἀγιωσύνη

2018 3688 2116 3726 σου
2149 3671 2320 3726 πλείω
2368 3669 2462 3722 τὸν
2497 3665 2771 3734 ἁγιασμδν
2828 3662 3134 3733 ἐπιπέμψει
3190 3660 3365 3729 αὐτῷ,
3417 3659 3600 3712 καὶτὸ

2017 3765 2110 3818 ἐπὶ
2147 3763 2394 3834 κεφαλῆς
2436 3757 2611 3832 μύρον
2643 3755 2950 3826 καταϐῆναι
3001 3753 3220 3821 ποιήσει
3262 3749 3599 3818 πλημμῦρον

2019 3858 2112 3912 ἐπὶ
2147 3855 2390 3924 πώγωνα
2431 3853 2528 3906 καὶ
2559 3851 2653 3904 ἐπὶ
2706 3848 2842 3915 πᾶν,
2871 3846 2900 3899 δ
2949 3845 3014 3916 δὴ
3041 3843 3236 3897 τούτου
3291 3841 3599 3894 πέπλασται

2019 3949 2289 4013 δεκτικὸν,
2323 3943 2708 4014 ἀνηνέγκαμεν
2755 3937 3047 4011 δεητικῶς.
3104 3935 3248 3989 Ἀλλ’
3275 3935 3334 3986 αῖ
3367 3933 3596 4003 δεήσεις,

2019 4042 2160 4111 τάχα
2192 4039 2333 4093 κατὰ
2367 4038 2466 4102 τὰς
2498 4030 2965 4102 λογοποιουμένας
2987 4027 3141 4092 λιτὰς
3171 4026 3350 4098 χωλαί
3379 4026 3478 4081 καὶ
3505 4024 3599 4077 αὺ-

2021 4134 2114 4188 ταὶ
2139 4131 2449 4194 διεκὸἄσαι,
2466 4125 2768 4181 κατέπεσόν
2800 4140 2927 4194 μου,
2957 4122 3053 4177 καὶ
3072 4119 3172 4175 οὐκ
3201 4119 3363 4190 ἔσχον
3385 4120 3601 4183 ἐξικνεῖ-

2024 4224 2172 4287 σθαι,
2202 4222 2312 4291 ὄπη
2369 4217 2502 4290 παρ’
2537 4215 2698 4288 ἡμῶν
2730 4213 3120 4285 ἐπέμφθησαν.
3182 4211 3298 4265 Καὶ
3357 4209 3474 4280 ἐγὼ
3508 4208 3599 4279 μὲν

2023 4318 2164 4388 ὑπὲρ
2206 4315 2397 4370 τούτου
2443 4312 2565 4382 τρὶς
2609 4311 2703 4363 τὸν
2758 4307 2951 4380 κύριόν
3000 4325 3123 4378 μου,
3188 4303 3599 4374 παναγιώτατσν

2021 4410 2309 4474 δεσπότην,
2360 4401 2714 4476 παρεκάλεσα
2737 4417 2750 4434 ⁸
2798 4403 2846 4454 οί
2879 4400 2937 4454 δὲ
2987 4399 3059 4470 (τί
3089 4399 3154 4450 ἂν
3179 4397 3326 4450 εῖπω
3346 4396 3390 4465 ;)
3423 4397 3600 4448 διακο-

339 4489 730 4543 ἀνοικισθεῖσιν
757 4487 850 4543 ὑπ’
871 4487 1052 4542 αὐτῶν
1075 4504 1090 4520 ⁸
1124 4490 1172 4541 οἱ
1204 4488 1258 4542 δὲ
1295 4486 1391 4540 καὶ
1417 4489 1476 4540 ἐν
1505 4487 1826 4558 οἰκήμασιν,
1859 4490 1917 4542 ἐν
1949 4508 1995 4568 D
2023 4501 2242 4562 νοῦντές
2276 4516 2378 4568 μου
2428 4500 2548 4560 ταῖς
2577 4496 2850 4566 δεήσεσιν,
2890 4493 3114 4565 ἀφῆκαν
3148 4489 3481 4560 καραδοκεῖν
3513 4487 3600 4553 τὴν

341 4574 422 4644 οἷς
447 4580 623 4652 ᾤκουν
647 4581 966 4656 Χριστιανοί
986 4596 1006 4612 ο
1029 4574 1108 4636 ὧν
1129 4582 1453 4652 οἰκημάτων
1479 4581 1604 4636 τινὰ
1631 4581 1726 4633 καὶ
1754 4581 1921 4646 θείοις

339 4674 720 4744 εἰκονίσμασιν
751 4673 1075 4744 ἠγλαῖζοντο
1107 4673 1204 4726 καὶ
1237 4671 1530 4743 ἐψάλλοντο
1556 4691 1570 4705 ·
1607 4674 1705 4727 καὶ
1743 4671 1924 4738 οὐδεὶς

337 4763 408 4838 ἦν
435 4766 540 4832 ἕως
572 4766 665 4822 καὶ
695 4765 820 4837 χθὲς
847 4767 875 4820 ὁ
903 4764 1104 4824 λαλῶν.
1134 4766 1296 4838 ’Ἄρτι
1325 4764 1382 4817 δὲ
1414 4763 1480 4820 ἐκ
1502 4781 1648 4830 τινος
1680 4764 1926 4833 ἐριθείας

341 4859 576 4930 ἐλαλήθη
600 4858 669 4914 τὸ
685 4860 916 4931 πρᾶγμα
935 4873 950 4887 ⁸
975 4858 1072 4911 καὶ
1096 4856 1229 4926 ἐμοῦ
1253 4857 1312 4908 τὸ
1337 4855 1588 4910 ἐντεῦθεν
1610 4855 1924 4926 ἀναγκαίως

344 4953 774 5019 ὑποκινήσαντος
795 4990 811 5014 ,
846 4949 1006 5022 ἐδόθη
1045 4950 1182 5018 πρός
1216 4965 1382 5002 τινων
1417 4947 1514 5002 καὶ
1548 4948 1881 5018 κατάστιχον
1905 4963 1920 4979 ⁸

346 5043 442 5093 καὶ
469 5044 652 5111 έχουσι
677 5043 904 5097 τοιαῦτα
929 5043 989 5095 οὐ
1021 5043 1182 5110 μόνον
1211 5044 1242 5112 ἡ
1274 5041 1638 5113 μητρόπολις,
1665 5041 1803 5094 ἀλλὰ
1830 5042 1924 5094 καὶ

343 5137 511 5205 ἕτερα
539 5135 829 5204 πρόσωπα.
851 5136 976 5190 Ὅτι
1002 5134 1132 5202 γοῦν
1157 5134 1281 5204 ἐμοὶ
1309 5134 1407 5186 οὐκ
1430 5133 1820 5200 ἐκγενήσεται,
1843 5132 1924 5192 είς

344 5231 405 5283 τὸ
435 5230 548 5282 πᾶν
576 5227 923 5296 κατορθῶσαι
943 5268 960 5292 ,
989 5229 1040 5282 εί
1071 5227 1149 5298 μὴ
1178 5228 1243 5280 ἐκ
1271 5229 1370 5298 τῆς
1403 5225 1652 5296 μεγάλης
1682 5225 1926 5291 ἁγιωσύ-

346 5342 444 5390 νης
486 5341 581 5380 σου
623 5319 964 5383 συνετισθῶ,
1012 5321 1101 5375 ἵνα
1144 5323 1240 5376 καὶ
1281 5318 1648 5388 ὑπακούωμαι
1674 5333 1690 5351 ·
1736 5318 1925 5387 τολμῶ

260 5407 264 5409 “
347 5418 444 5471 ml
487 5414 697 5489 ἐρωτῶ,
745 5412 799 5469 τί
843 5411 1044 5480 ὀφείλω
1091 5415 1350 5486 ποιῆσαι;
1402 5414 1490 5470 ἵνα
1536 5411 1926 5481 προσκυνήσας

348 5511 654 5578 ἐγχειρήσω
686 5506 779 5561 καὶ
807 5503 1087 5558 τελειώσω
1110 5505 1187 5568 είς
1217 5504 1446 5574 ἀγαθόν.

1080 5594 1195 5648 Al".

428 5686 535 5738 Καὶ
564 5691 762 5754 παντὸς
793 5691 891 5760 μὲν
914 5687 1100 5749 τέλους
1126 5687 1395 5754 ἀποτυχία
1418 5688 1578 5740 λυπεῖ
1600 5691 1888 5760 ἄνθρωπον
1909 5710 1923 5724 ⁸

362 5775 399 5841 ﬁ
425 5772 478 5824 δὲ
508 5776 600 5828 τοῦ
634 5781 836 5847 ἀγαθοῦ
870 5781 962 5836 καὶ
993 5781 1228 5853 μάλιστα
1259 5778 1350 5834 τὸν
1381 5778 1479 5831 οὐκ
1510 5778 1613 5841 ἔξω
1645 5785 1760 5847 νοδς
1793 5786 1924 5856 ρεμ·

2023 4591 2200 4658 λύσιν,
2225 4590 2326 4642 οὐκ
2355 4583 2473 4642 οῖδα
2501 4587 2706 4660 πηνίκα
2746 4583 3110 4654 ἐλευσομένην
3139 4599 3232 4652 μοι
3250 4597 3266 4612 ⁸
3299 4582 3512 4651 ὅμοιον,
3532 4579 3598 4640 ὡς

2025 4685 2075 4738 εί
2107 4685 2202 4740 καὶ
2235 4682 2514 4750 ἐξανοίξας
2544 4697 2632 4744 τις
2663 4680 2724 4732 τὸ
2771 4680 2946 4748 στόμα
2969 4677 3048 4738 είς
3069 4674 3306 4740 ἔνθεσιν,
3333 4667 3459 4726 εἶτα
3494 4674 3599 4726 δια-

2023 4776 2221 4848 τριϐὴν
2265 4773 2360 4826 τοῦ
2390 4769 2752 4842 ἐλπιζομένου
2801 4767 3083 4838 δυστυχῶν
3119 4765 3382 4837 κάθηται,
3417 4763 3599 4834 διαχά-

2026 4887 2175 4924 σκων
2208 4871 2290 4930 είς
2312 4867 2532 4937 ἄνεμον,
2574 4865 2607 4936 ἢ
2643 4865 2738 4918 καὶ
2759 4863 2860 4934 τὴν
2891 4861 3131 4931 κεφαλὴν
3193 4860 3489 4928 ὑποκύψας
3516 4856 3599 4912 καὶ

2027 4960 2387 5030 ἀνακαλύψας
2415 4962 2489 5020 είς
2518 4957 2770 5024 εὐλογίας
2817 4954 3107 5025 ὑποδοχήν.
3153 4953 3278 5006 Ἐπὶ
3312 4952 3527 5022 μακρὸν
3549 4949 3598 5001 δὲ

2025 5054 2233 5123 ταύτην
2283 5051 2426 5120 ὁρῶν
2469 5048 2906 5119 διαμέλλουσαν,
2955 5047 3110 5116 μένει
3165 5046 3262 5098 ἐπὶ
3298 5045 3599 5115 σχήματος,

2026 5147 2299 5217 ἀφέμενος
2339 5145 2441 5213 τῆς
2474 5143 2790 5212 ὀρθότητος.
2831 5139 2973 5195 Ἀλλ’
3011 5139 3120 5194 ἰδοὺ
3176 5139 3273 5192 καὶ
3303 5141 3338 5209 η
3377 5139 3600 5206 ἐλεημο-

2029 5240 2163 5308 σύνη
2197 5237 2288 5292 τοῦ
2320 5237 2633 5304 ἀγιωτάτου
2673 5233 2935 5289 αὺθέντου
2981 5235 3076 5286 καὶ
3113 5231 3414 5302 εὐεργέτου
3440 5229 3598 5296 πολλὴ

2027 5329 2155 5401 περὶ
2184 5329 2307 5400 ἐμέ.
2341 5328 2448 5382 Καὶ
2478 5328 2531 5381 τί
2559 5326 2623 5398 δὴ
2653 5325 2875 5390 κωλύει,
2921 5325 3022 5380 καὶ
3052 5323 3294 5394 τέταρτα
3352 5318 3598 5392 δεηθῆναί

2030 5439 2136 5491 με;
2168 5421 2342 5492 Τυχὸν
2364 5421 2423 5475 οὐ
2449 5418 2713 5491 ψεύσεται
2737 5435 2826 5488 με.
2873 5417 2935 5470 '0
2961 5413 3093 5484 γοῦν
3121 5415 3330 5488 ταύτην
3370 5412 3597 5483 κομίζων

2026 5509 2124 5579 τὴν
2179 5507 2365 5577 δέησιν
2399 5510 2689 5578 γενήσεται
2720 5509 2852 5577 ἡμῖν
2882 5505 2942 5558 τὸ
2977 5505 3171 5557 καλόν·
3200 5505 3298 5557 καὶ
3331 5504 3427 5556 ἐπὶ
3447 5502 3596 5556 πλέον

2026 5603 2126 5655 οὐκ
2166 5600 2606 5670 ἀναρτησόμεθα.
2643 5599 2871 5669 Τολμῶν
2901 5595 2995 5653 οὖν
3039 5602 3135 5650 καὶ
3168 5597 3334 5651 πάλιν
3371 5615 3466 5651 σου
3491 5596 3595 5649 δέο-

2031 5710 2149 5763 μαι,
2187 5692 2418 5746 ἀκοῦσαι
2453 5691 2734 5745 σύνδουλόν
2785 5710 2888 5762 μου
2951 5691 3010 5745 τὸ
3061 5691 3465 5759 εὐλογήθητι·
3511 5687 3596 5741 καὶ

2029 5787 2182 5840 ἔσται
2207 5787 2590 5858 εὐλογημένο;,
2626 5787 2701 5851 είς
2729 5787 2794 5860 ἦν
2831 5785 2963 5858 πρὸς
2984 5783 3119 5840 Θεοῦ
3150 5785 3360 5841 ἐκλῆθῐ·
3389 5785 3600 5838 ἐπισκοι
