4004 6252
406 308 543 376 ιθίῖθ

1826 319 1870 376 Α
1882 317 2090 380 DD‘EN
2097 321 2190 382 DA

3530 321 3664 388 130!

405 431 501 488 καὶ
527 430 625 501 τῆς
647 429 860 485 έκείνου
898 429 1026 496 θέας
1057 430 1153 487 καὶ
1183 431 1479 505 θεραπείας
1527 432 1827 501 άξιωθεῖσι,
1860 452 1976 490 κοι-
2005 441 2050 498 Λ
2082 438 2158 508 μὴ
2202 436 2299 493 καὶ
2325 439 2688 514 παμφαγήσῃ
2713 441 2776 496 τὸ
2809 438 3036 511 λυποῦν,
3072 441 3118 496 εί
3147 441 3226 514 μὴ
3261 441 3325 496 τὸ
3356 442 3450 496 σὸν
3483 445 3662 513 ίλαρὸν

403 525 512 589 νῶς
567 525 720 595 ἡμᾶς
777 524 1131 592 ἀφοσιοῦσθαι
1179 527 1250 581 τά
1285 527 1396 581 τῶν
1444 528 1641 598 εὐχῶν.
1694 529 1791 594 Τίς
1821 528 1880 584 δέ
1913 530 1980 584 ἂν

404 618 698 688 προσήκων
749 618 840 687 εἴη,
889 619 1154 682 τοιούτοις
1203 623 1422 690 σεμνοῖς
1451 622 1688 692 ὐπερθεν
1737 624 1840 692 τῆς
1875 625 1978 693 σῆς

401 709 766 776 ἀντιλήψεωςς
806 709 964 780 είπερ
1002 713 1029 764 ὁ
1053 712 1343 780 κράτιστος
1374 713 1534 782 ήμῶν
1561 714 1839 781 βασιλεὺς,
1873 715 1982 769 ὦσ-

401 815 506 870 περ
538 800 743 854 ἐκεῖνον
773 801 927 868 Θεὸς,
961 802 1105 857 οὕτω
1143 803 1239 858 καὶ
1268 805 1430 868 αὐτὸς
1474 805 1680 877 εὕρηκε
1719 806 1780 860 σέ
1815 807 1981 878 θερα-

403 893 591 947 πεύειν
644 892 704 946 τὸ
737 892 904 947 αὐτοῦ
951 894 1134 950 ἔνθεον
1183 896 1555 953 ίκανώτατον⁹
1607 899 1685 963 ώς
1740 899 1833 953 τὸν
1882 900 1984 970 μὲν

402 981 774 1052 αὐτοκράτορα
820 983 1088 1054 βασιλέων
1112 986 1422 1058 ὑπερῆρθαι
1457 989 1698 1054 πάντων,
1737 989 1834 1053 οὓς
1872 990 1982 1044 ἔσω

403 1073 640 1140 μεγάλου
666 1073 945 1146 θαύματος
964 1078 993 1131 ό
1029 1077 1238 1148 μακρὸς
1263 1078 1456 1149 χρόνος
1491 1079 1653 1150 ἔθηκε
1672 1096 1686 1111 ’
1719 1082 1779 1135 τὸ
1804 1081 1860 1135 δὲ
1891 1082 1983 1136 σὸν

403 1165 746 1236 μεγαλοφυὲς
779 1169 1138 1240 ὑπερκεῖσθαι
1168 1171 1414 1236 πάντων,
1462 1171 1622 1236 ὅσους
1661 1175 1712 1226 οί
1747 1173 1982 1243 πατέρες

404 1261 550 1329 ἡμᾶς
575 1260 844 1328 ἐδίδαξαν,
878 1263 974 1314 καὶ
1005 1255 1085 1324 οἷς
1108 1262 1383 1334 ὀφθαλμὸς
1413 1265 1694 1338 αὐτόπτης
1721 1265 1980 1320 ἐπέϐαλε.

404 1351 513 1404 Καὶ
543 1351 685 1405 οὕτω
729 1353 830 1422 μὲν
863 1355 994 1424 ἡμῖν
1023 1355 1202 1408 έκεῖνο
1227 1357 1439 1425 γίνεται
1471 1356 1539 1410 rb-
1561 1357 1626 1411 lx
1653 1357 1746 1412 τοῦ
1777 1357 1982 1424 κοινοῦ,

294 1441 310 1456 ⁸
404 1440 500 1496 καὶ
531 1435 642 1495 οἷον
671 1444 848 1496 εἰπεῖν
871 1443 932 1497 τὸ
961 1445 1102 1499 κατὰ
1141 1445 1436 1517 περίληψιν
1461 1447 1564 1516 τῆς
1597 1447 1786 1518 εὐχῆς.
1823 1447 1897 1502 Τὸ
1925 1447 1986 1502 δὲ

406 1533 610 1598 ίδιάζον
657 1535 875 1611 ἔχομεν.
901 1536 1053 1590 αὐτοὶ
1079 1538 1146 1592 ὲκ
1185 1537 1294 1592 τῶν
1341 1541 1419 1602 είς
1456 1541 1602 1611 ἡμᾶ.
1634 1541 1856 1610 ἀγαθῶν
1885 1541 1986 1613 τῆς

405 1625 506 1696 σῆς
534 1627 874 1698 ἀντιλήψεως
899 1644 915 1660 ⁸
951 1621 1027 1684 ὧν
1056 1631 1190 1701 ἡμῖν
1215 1631 1274 1685 τὸ
1309 1630 1513 1704 ῥεῦμα,
1545 1632 1622 1695 ὡς
1642 1633 1736 1686 καὶ
1759 1635 1839 1698 είς
1863 1635 1988 1690 ἀέν-

404 1737 530 1772 ναον
561 1720 836 1792 ἐξαρκεῖν,
866 1722 1324 1794 ὲπεπλήμμυρεν.
1368 1725 1532 1778 Ἀλλά
1563 1725 1729 1779 τοῦτο
1778 1726 1877 1796 μὲν
1921 1725 1985 1780 rb

409 1813 502 1883 τῆς
527 1813 694 1884 εὐχῆς
723 1815 898 1880 οὕτως
947 1817 1125 1871 εἰσαεὶ
1155 1817 1401 1886 γίνεται,
1433 1819 1529 1871 καὶ
1575 1818 1695 1872 οὐδὲ
1722 1819 1872 1890 λήξει
1897 1837 1983 1888 γι-
2013 1803 2054 1860 Β

405 1907 647 1974 νόμενον,
672 1907 776 1970 ἓως
821 1907 889 1961 ἂν
920 1907 1015 1962 καὶ
1043 1909 1073 1962 ό
1123 1908 1248 1974 νοῦς
1289 1911 1348 1964 ἐν
1375 1911 1453 1980 τῷ
1488 1910 1789 1965 καθεστῶτι
1819 1911 1980 1986 μένῃ,

405 1999 500 2051 καὶ
526 1999 586 2053 τὸ
612 2001 788 2071 στόμα
813 2001 952 2071 πρὸς
981 2001 1177 2072 λόγους
1201 2003 1509 2075 ἀνοίγηται.
1541 2003 1668 2058 Εἴθε
1701 2004 1759 2057 δὲ
1789 2000 1858 2076 ἦν
1888 2005 1982 2058 καὶ

405 2092 498 2145 ἐπὶ
544 2093 671 2148 τάδε
705 2093 807 2150 τοῦ.
832 2095 1025 2166 χρόνου
1070 2095 1230 2151 τοῦτο
1276 2096 1542 2164 γίνεσθαι.
1582 2097 1748 2166 Ἦμῖν
1797 2096 1875 2161 δὲ,
1900 2099 1983 2152 ὅτι

405 2185 699 2256 γράμμασι
729 2189 1236 2258 προσκυνήσαντες,
1265 2190 1362 2243 καὶ
1393 2189 1484 2243 διὰ
1541 2186 1854 2258 προσώπων
1883 2189 1985 2244 οὐκ

405 2277 510 2342 ἔξω
537 2278 706 2348 λόγου.
748 2282 1062 2336 πιπτόντων
1109 2283 1318 2353 ὁμοίως
1362 2283 1847 2353 προσενεχθέντες,
1883 2283 1984 2338 οὐκ

407 2371 644 2443 [σχομενν
693 2372 908 2442 μαθεῖν,
941 2375 990 2426 εί
1024 2374 1085 2428 τὸ
1133 2373 1290 2444 ἡμῶν
1315 2371 1533 2442 ἀξίωμα
1565 2374 1817 2443 εἰσῆλθεν
1845 2373 1983 2428 ἑνώ-

409 2480 539 2517 πιον
583 2467 684 2536 τῆς
712 2463 813 2534 σῆς
845 2466 1219 2536 ἀντιλήψεως,
1250 2463 1600 2518 εὐλαϐεῖσθαι
1631 2469 1983 2536 περιγίνεται

409 2559 503 2613 καὶ
539 2559 601 2614 τὸ
627 2559 762 2614 πολὺ
787 2559 882 2613 τοῦ
919 2560 1145 2632 θαρρεῖν
1171 2561 1563 2633 ὑποτέμνεται,
1589 2564 1803 2635 μήποτε
1829 2563 1984 2634 παρὰ

409 2650 580 2723 θύρας
610 2650 660 2721 (ὃ
707 2650 895 2722 φασιν)
953 2651 1163 2723 ἥκομεν
1191 2653 1289 2724 τῆς
1324 2653 1426 2724 σῆς
1457 2655 1622 2724 ἁγίας
1654 2654 1856 2727 ψυχῆς,
1890 2654 1986 2708 καὶ

407 2745 486 2806 είς
515 2743 860 2814 άποθυμίους
883 2747 1156 2821 πίπτομεν
1177 2768 1193 2784 ο
1214 2753 1351 2822 ὅπερ
1381 2753 1458 2824 μὴ
1485 2754 1640 2825 ήμῖν,
1667 2751 1824 2824 κύριέ
1857 2769 1985 2821 μου,

412 2833 488 2904 μή
517 2835 653 2906 ἡμῖν
672 2851 689 2868 ·
721 2837 798 2907 μή
828 2839 985 2910 ήμῖν,
1019 2841 1356 2915 ἀντιλῆπτόρ
1389 2860 1492 2911 μου
1517 2859 1532 2876 ⁸
1586 2843 1726 2916 πρὸς
1753 2843 1856 2912 τῆς
1887 2842 1986 2913 σῆς

407 2925 570 2992 άγίας
595 2927 946 3002 ψυχῆςοπρὸς
964 2931 1061 2984 τοῦ
1096 2932 1340 2999 πλάτους
1357 2934 1458 3005 τῆς
1487 2934 1585 3006 σῆς
1622 2935 1985 3003 ἀγαθότητος,

407 3018 474 3089 ἣν
497 3018 600 3073 οὐκ
643 3018 774 3075 ἔστι.
817 3025 1371 3095 ατενοχωρήσασθαι*
1410 3026 1548 3094 πρὸς
1599 3028 1698 3097 τῆς
1735 3027 1983 3098 μνήμης.

419 3107 631 3212 Ϊθλλίὧ
664 3130 792 3212 μοι,
810 3115 864 3168 τί
895 3114 1264 3212 ἐπαθρνὶότο
1290 3116 1552 3212 τοιαύτην
1577 3118 1804 3212 μνήμην
1833 3118 1986 3212 οὔπω
2010 3151 2054 3209 c
2088 3107 2148 3212 ἐξ

407 3204 522 3259 δέον
547 3204 609 3258 by
636 3205 1016 3277 κεκλήρωται,
1032 3207 1093 3262 δν
1119 3208 1423 3275 έδειζῶντα
1442 3211 1558 3273 τοῖς
1590 3209 1693 3280 μὲν
1717 3211 1980 3281 ἐντυγχά-

408 3313 591 3350 νουσιν
618 3299 903 3360 ἀσπασίως
931 3299 1250 3370 βλέπεσθαι,
1276 3303 1391 3366 τοῖς
1421 3303 1480 3356 δὲ
1507 3301 1714 3366 λοιποῖς
1739 3301 1829 3356 διὰ
1853 3302 1982 3370 γλυ-

408 3389 566 3455 κείας
597 3391 819 3464 μνήμης
862 3395 1146 3466 φέρεσθαι,
1175 3394 1543 3466 καραδοκοῦσι
1571 3396 1673 3466 τὴν
1700 3396 1777 3458 είς
1808 3395 1982 3450 νέωτα

407 3485 694 3554 ἔντευξιν;
734 3488 826 3558 Μὴ
885 3489 1035 3560 ἡμῖν,
1087 3489 1226 3560 πρὸς
1269 3489 1370 3556 τῆς
1431 3489 1710 3560 μακαρίας
1759 3489 1983 3560 μνήμης

407 3579 622 3634 ἑκείνου
645 3580 744 3634 τοῦ
773 3580 926 3646 ὖντος
961 3583 1274 3654 μακαρίτου
1301 3583 1629 3654 ἀρχιερέως,
1659 3583 1756 3637 τοῦ
1790 3582 1986 3638 δεσπό-

407 3684 504 3722 του
556 3686 659 3740 μου
679 3687 692 3702 ·
726 3663 787 3726 οὗ
819 3672 962 3726 κατὰ
987 3673 1148 3744 σῶμα
1175 3674 1276 3745 μὲν
1302 3677 1476 3744 τάφος
1517 3668 1633 3738 εἶς’
1670 3675 1728 3728 αί
1753 3674 1812 3728 δὲ
1843 3672 1984 3727 πάν-

410 3775 520 3814 των
550 3759 752 3831 ψυχαὶ,
776 3755 858 3825 οἷς
887 3761 1128 3829 ἔγνωστο
1162 3763 1428 3836 (ἔγνωστο
1461 3763 1636 3835 arm)
1662 3763 1984 3835 ἐγκείμενον

410 3849 687 3922 φέρουσιν,
721 3853 817 3924 οὐχ
843 3851 933 3910 οἷά
981 3871 1103 3910 τινα
1137 3857 1369 3926 κενήρια
1424 3855 1522 3910 καὶ
1551 3857 1748 3927 μέχρις
1785 3855 1985 3927 ὀνόμα-

409 3957 499 4005 τος
528 3961 542 3975 ο
573 3943 711 3998 ἀλλά
741 3947 1028 4018 θειότερον,
1081 3948 1165 4002 ὅτι
1199 3949 1340 4019 πρὸς
1371 3949 1607 4019 πρᾶγμα
1629 3948 1724 4003 καί
1760 3948 1982 4020 νοερῶς.

420 4035 584 4092 Ἀλλά
606 4037 658 4092 τί
677 4039 739 4110 δή
766 4056 894 4093 ποτε
924 4040 1074 4111 αὐτῷ
1110 4042 1211 4111 μιν
1237 4039 1362 4110 εμοὶ
1388 4039 1696 4112 ἐξευρίσκω
1731 4040 1984 4112 μηχανὴν

411 4130 744 4200 παρήγορον,
775 4133 866 4185 τὸν
893 4132 951 4186 δὲ
1003 4133 1258 4186 ἐλεοῦντα
1314 4133 1533 4206 ἐκτήκω
1563 4135 1677 4199 τοῖς
1724 4135 1984 4204 δάκρυσι,

416 4222 604 4292 μνήμῃ
668 4223 930 4289 φιλτάτου
982 4225 1245 4293 ὀνόματος
1265 4245 1288 4292 ;,
1315 4220 1376 4280 οὗ
1429 4227 1745 4295 στερεῖσθαι
1788 4226 1984 4280 ταυτὸν

413 4311 480 4364 ἂν
506 4313 591 4381 εἴη
632 4313 709 4381 τῷ
740 4314 1098 4383 μεμυημένῳ,
1130 4314 1207 4375 ὡς
1256 4317 1355 4368 ἐὰν
1381 4317 1475 4370 καὶ
1499 4315 1702 4386 ψυχῆς.
1728 4315 1794 4368 Τί
1825 4315 1886 4368 δὲ
1925 4317 1984 4368 τὸ

412 4403 552 4473 πρὸς
599 4404 791 4475 ἡδονῆς
837 4405 960 4475 ἐμοὶ
992 4405 1327 4477 θηρώμενος,
1357 4407 1418 4461 τὸ
1439 4407 1580 4478 πρὸς
1611 4406 1984 4479 ἐλεημοσύνην

2083 531 2224 584 κατά
2287 533 2461 602 στόμα
2513 535 2980 606 προσυπαντῆσαν
3046 535 3251 589 παύσει
3311 536 3410 606 τῆς
3443 537 3662 609 βορότηο

2081 639 2194 687 τος.

2793 727 2920 782 ΛΖ⁹.

2652 836 2738 902 Τῷ
2791 835 3095 903 Μυστικῷ.

2167 951 2227 1005 '0
2253 951 2407 1016 Θεὸς,
2433 953 2463 1005 ό
2490 951 2615 1014 τοὺς
2637 950 2826 1019 ἀγίους
2852 948 3008 1020 ήμῶν
3037 949 3276 1019 βασιλεῖς
3303 951 3398 1004 καὶ
3432 952 3659 1020 στερεώ-

2088 1061 2189 1108 σας
2217 1045 2314 1097 καὶ
2349 1043 2606 1112 στερεῶν,
2658 1043 2755 1098 καὶ
2787 1043 2876 1096 ἀεὶ
2922 1043 3145 1112 άνυψῶν
3195 1043 3292 1098 καὶ
3350 1044 3658 1109 ἐπαυξάνωι.

2083 1139 2184 1208 τὴν
2213 1138 2395 1192 ἔνθεον
2427 1136 2706 1206 βασιλείαν
2734 1134 2937 1199 αὐτῶν,
2988 1126 3063 1189 ὧν
3088 1135 3153 1188 σὺ
3197 1133 3450 1204 θεράπων
3513 1136 3658 1203 ὲγγί-

2085 1228 2198 1294 ζων
2223 1246 2283 1283 τε
2314 1228 2411 1282 καὶ
2441 1228 2790 1292 πιστότατος,
2829 1229 3038 1293 ἐκεῖνος
3103 1228 3370 1300 προσθείη
3423 1228 3660 1299 μακροὺς

2084 1322 2308 1392 χρόνους
2333 1323 2398 1393 τῇ
2426 1323 2493 1392 σῇ
2525 1319 2638 1392 ζωῇ
2665 1337 2680 1354 ο
2719 1321 2806 1376 ἵνα
2835 1320 2936 1395 ἔχῃ
2969 1338 3028 1375 σε
3059 1323 3088 1374 ὁ
3113 1322 3320 1390 κόσμος
3348 1322 3429 1384 είς
3485 1320 3663 1376 κοινὸν

2085 1413 2416 1480 ἀγαθὸν,καὶ
2469 1412 2780 1478 ἀξιωθείης.
2845 1413 3035 1484 ὥσπερ
3087 1413 3323 1468 ἐνταῦθα
3391 1413 3661 1482 μεγίστων

2084 1499 2282 1567 τιμῶν,
2311 1499 2454 1553 οὕτω
2484 1499 2577 1554 καὶ
2632 1501 2692 1553 ἀν
2740 1499 2820 1568 τῷ
2878 1501 2995 1554 ἐκεῖ
3035 1500 3193 1554 αίῶνι
3235 1503 3336 1570 τῆς
3396 1501 3536 1568 πρὸς
3575 1501 3662 1555 τὸν

2085 1592 2440 1661 παμϐασιλέα
2496 1592 2631 1646 Θεὸν
2657 1593 2987 1663 ὲγγύτητος·
3019 1593 3155 1664 ὅπερ
3189 1594 3284 1646 καὶ
3325 1593 3519 1666 θάρρει
3572 1593 3664 1647 σὺν

2085 1685 2228 1752 Θεῷ.
2260 1686 2323 1739 El
2347 1686 2456 1757 γὰρ
2482 1687 2574 1738 καὶ
2621 1685 2803 1749 ἄλλοις
2854 1685 3097 1748 κίνδυνος
3149 1684 3376 1739 ὕπεστιν
3417 1685 3664 1748 ἀκοῦσαι,

2087 1777 2169 1830 ὃτι
2199 1775 2280 1832 Τὰ
2327 1776 2520 1846 ἀγαθά
2572 1790 2690 1831 σου
2747 1777 2819 1832 ἐν
2879 1775 2958 1845 τῇ
3014 1775 3127 1844 ζωῇ
3177 1791 3297 1832 σου
3349 1776 3666 1842 ἀπέλαϐες,

2087 1867 2224 1922 ἀλλά
2251 1869 2337 1933 σὺ,
2382 1868 2460 1933 ὡς
2512 1869 2693 1924 πάντα
2741 1870 2800 1924 έν
2857 1869 2981 1939 Θεῷ
3035 1869 3311 1940 πράττων,
3380 1868 3475 1924 καὶ
3534 1869 3665 1941 πρὸς

2087 1963 2296 2016 ικεῖνον
2327 1962 2572 2032 ἀφορῶν,
2603 1964 2696 2016 καὶ
2741 1963 2841 2032 τῆς
2871 1965 2988 2016 ἐκεῖ
3017 1963 3179 2033 δόξης
3236 1962 3550 2033 ἐφιέμενος,
3602 1965 3666 2019 δι’

2085 2053 2154 2122 ἢν
2194 2053 2289 2106 καὶ
2315 2053 2493 2107 πάντα
2513 2055 2698 2116 ’ποιεῖς
2729 2053 2796 2107 τὰ
2839 2053 2977 2124 πρὸς
3009 2052 3312 2124 θεραπείαν
3362 2053 3500 2109 Θεοῦ
3526 2068 3542 2084 ⁶
3574 2055 3667 2109 και

2087 2140 2188 2200 ὧδε
2217 2146 2286 2199 τά
2321 2146 2378 2210 ἐξ
2407 2145 2614 2200 ἐκείνου
2641 2144 2787 2214 ἔχεις
2823 2143 3030 2212 ἀγαθὰ,
3081 2143 3175 2198 καὶ
3223 2145 3340 2198 ἐκεῖ
3391 2145 3449 2198 δὲ
3507 2146 3667 2199 ἁκού-

2087 2255 2200 2304 σεις
2225 2255 2240 2272 ο
2264 2239 2540 2300 Είσελθε,
2560 2237 2765 2300 δοῦλε,
2791 2239 2883 2302 εις
2923 2238 3038 2303 τὴν
3070 2237 3266 2306 χαρὰν
3309 2237 3418 2292 τοῦ
3448 2239 3668 2305 Κυρίου

2084 2348 2222 2388 σου.
2262 2331 2323 2387 '0
2394 2331 2848 2401 θαυμασιώτατος
2915 2331 3326 2402 καθηγούμενος
3372 2334 3400 2386 ὁ
3445 2333 3611 2397 δεῖνα,
3637 2333 3665 2384 ὁ

2087 2425 2392 2488 ινδιάθετος
2434 2425 2532 2479 καὶ
2561 2423 2895 2493 θερμότατός
2925 2441 3021 2478 σου
3054 2423 3284 2493 εὐχέτης
3342 2423 3438 2476 καὶ
3495 2421 3667 2492 κῆρυξ

2089 2517 2200 2571 τῶν
2259 2516 2371 2570 σῶν
2418 2515 2802 2587 άγαθουργιῶν
2862 2514 3203 2586 διαπρύσιος,
3245 2512 3522 2585 ὲπηύΕησέ
3580 2533 3666 2584 μοι

2082 2609 2183 2679 τὴν
2205 2609 2576 2679 εὐχαριστίαν,
2603 2607 2924 2674 ἀναδιδάξας
2958 2625 3052 2677 με,
3085 2607 3167 2662 δτι
3191 2609 3256 2662 ὲκ
3285 2607 3422 2662 Θεοῦ
3447 2607 3664 2678 ὁδηγίας

2085 2700 2372 2771 έμνήσθης
2405 2699 2542 2769 πρὸς
2571 2699 2736 2754 αὐτὸν
2769 2699 2871 2766 τῆς
2919 2697 3062 2767 ἐμῆς
3122 2699 3536 2767 ταπεινότητος.
3580 2700 3666 2752 Διὸ

2085 2792 2180 2846 καὶ
2207 2792 2490 2863 θαρρήσας
2517 2791 2822 2861 πρικαλῶ,
2845 2775 2946 2845 ’ῖνα
2973 2791 3062 2844 διά
3102 2789 3193 2846 τὸν
3228 2791 3382 2858 Θεὸν,
3406 2792 3466 2845 δν
3495 2791 3664 2860 ὐπερο

2086 2883 2389 2947 ϐαλλόντως
2417 2885 2622 2948 ποθεῖς,
2657 2883 2754 2937 καὶ
2786 2883 2876 2938 διὰ
2905 2883 2968 2936 τὸ
3024 2883 3256 2950 δίκαιον,
3291 2881 3355 2937 οὗ
3416 2883 3664 2954 ὑπερμα-

2086 2978 2219 3046 χεῖς,
2273 2977 2370 3030 έάν
2392 2994 2478 3040 τις
2509 2977 2618 3030 τῶν
2640 2975 2736 3029 τοῦ
2767 2975 2981 3029 κελλίου
3042 2992 3146 3045 μου
3202 2975 3342 3047 ἔχων
3377 2975 3667 3030 δυσκολίαν

2088 3066 2147 3134 ἐξ
2178 3065 2389 3130 ἀδικίας
2415 3067 2800 3137 προσκαλῆται
2825 3069 2907 3131 είς
2939 3067 3196 3138 βοήθειαν
3240 3067 3339 3136 τὴν
3384 3065 3666 3136 ἀντίληψίν

2153 3176 2205 3225 υ,
2230 3160 2554 3232 ὲμπαρέχῃς
2575 3160 2725 3228 αὐτῷ
2755 3159 2855 3230 τὴν
2884 3159 2978 3213 ἐπὶ
3022 3159 3217 3227 δικαίῳ
3251 3159 3528 3228 βοήθειαν.
3557 3158 3668 3211 Καὶ

2089 3252 2306 3315 πάντως
2337 3251 2500 3305 δώσει
2547 3254 2575 3305 ό
2618 3250 2752 3315 Θεὸς
2795 3251 2888 3305 καὶ
2923 3250 3070 3322 ὑπὲρ
3113 3248 3306 3305 τούτου
3354 3248 3455 3321 τὴν
3508 3247 3670 3313 ἀξίαν

2089 3341 2326 3414 ἀμοιϐήν
2348 3346 2416 3414 τῇ
2451 3344 2734 3415 ἀντιλήψει
2771 3360 2891 3400 σου.

2811 3438 2938 3492 AH'.

2692 3552 2778 3620 Τῷ
2812 3552 3073 3623 appar.

2174 3658 2552 3731 Ἐπεθύμησα,
2579 3659 2774 3730 ὥσπερ
2803 3661 2898 3716 τοῦ
2929 3663 3062 3716 ίδεῖν
3121 3680 3208 3728 σε,
3236 3663 3381 3718 οὕτω
3437 3662 3534 3718 καὶ
3571 3660 3670 3716 ⁴τοῦ

2088 3753 2180 3809 διά
2205 3753 2424 3824 γραφῆς
2459 3757 2780 3824 προσειπεῖν
2810 3754 2908 3826 τήν
2951 3755 3055 3827 σὴν
3085 3757 3372 3828 άγιότητα.
3405 3757 3518 3811 Καὶ
3573 3753 3668 3810 τοῦ

2093 3843 2196 3914 μὲν
2218 3843 2438 3916 πρώτου
2465 3845 2632 3899 αῖτιοι
2683 3844 2807 3899 οὔτε
2833 3845 2965 3915 ἐγὼ,
2993 3845 3118 3900 οὐτε
3150 3845 3259 3917 μὴν
3305 3849 3341 3918 ή
3387 3845 3669 3916 ἁγιωσύνῃ

2092 3953 2188 3989 σου
2211 3951 2230 3968 ·
2285 3935 2348 3990 οὐ
2375 3935 2483 4008 γὰρ
2501 3936 2758 4006 θαμίζειν
2778 3937 2918 4008 πρὸς
2938 3936 3202 4009 ἀλλήλους
3237 3937 3460 4008 ἔχομεν.
3487 3937 3593 3992 Τοῦ
3613 3938 3669 3991 δὲ

2090 4031 2400 4103 δευτέρουή
2428 4032 2528 4104 μὲν
2556 4031 2838 4102 ἀγιωσύνη
2863 4049 2960 4088 σου
3005 4032 3122 4098 πῶς
3144 4033 3211 4088 ἀν
3243 4050 3260 4101 ;
3291 4033 3435 4103 τάχα
3466 4035 3523 4089 δι
3547 4031 3668 4088 οὐδὲ

2091 4124 2224 4194 ἐγὼ,
2263 4124 2400 4179 ἀλλὰ
2432 4124 2500 4178 τά
2539 4125 2670 4191 περὶ
2698 4125 2800 4193 ἐμὲ
2832 4125 3162 4196 πράγματα.
3210 4125 3668 4197 Πληροφορήθητι

2091 4217 2221 4285 γὰρ,
2267 4216 2348 4268 ὅτι
2397 4213 2651 4278 τοσοῦτος
2710 4213 2869 4284 δχλος
2915 4214 3216 4286 φροντίδων
3266 4215 3520 4283 ἀμφέπει
3576 4232 3670 4285 με,

2090 4308 2166 4368 ὡς
2195 4305 2304 4360 ἀπὸ
2331 4305 2582 4375 φυλακῆς
2608 4307 2827 4376 πρωῖας
2853 4306 2959 4371 ἕως
2994 4307 3089 4361 καὶ
3117 4308 3198 4370 είς
3229 4306 3382 4378 ἥλιον
3407 4307 3470 4360 οὐ
3497 4325 3668 4360 κατα-

2090 4398 2258 4452 δύντα
2288 4397 2474 4467 μόνον,
2503 4395 2638 4451 ἀλλὰ
2682 4400 2781 4452 καὶ
2819 4402 2932 4465 τοῖς
2967 4399 3073 4453 ὑπὸ
3105 4401 3210 4469 γῆν
3259 4399 3669 4470 έμϐαθύναντα,

410 4497 770 4567 ἐπίστροφον,
821 4498 1080 4568 κρατῆρα
1124 4498 1302 4570 λύπης
1332 4501 1615 4569 ὲπιστέφω
1660 4499 1740 4570 τῷ
1771 4499 1990 4569 ὲνδαψι-
2014 4500 2070 4562 D
2093 4495 2374 4566 τρίϐεσθαι
2412 4495 2494 4560 είς
2523 4495 2779 4567 ἐντυχίας
2827 4497 3245 4566 πραγματικὰς,
3274 4487 3351 4552 ὧν
3390 4495 3669 4566 ἀμελῆσαι

409 4589 688 4660 λευομένῳ
741 4588 834 4645 τὸν
879 4590 1052 4656 ἔλεον,
1097 4591 1440 4663 ἀντιμετρῶν
1473 4593 1574 4646 οὐκ
1623 4591 1831 4662 ἀγαθά,
1862 4593 1986 4649 οὐδὲ

409 4681 520 4736 τῶν
569 4681 898 4752 κρειττόνων
933 4683 1570 4754 ἀντικαταλλασσόμενος
1610 4685 1811 4755 ὃμοια;
1846 4685 1986 4756 Φέρε

410 4775 476 4846 δὴ
506 4775 897 4846 περιμετρήσω
925 4773 1005 4844 τῷ
1035 4773 1268 4828 θλίϐοντι
1297 4775 1366 4830 τά
1410 4774 1571 4844 ίλαρά
1595 4789 1610 4807 ⁶
1643 4774 1987 4846 ψυχαγωγή-

412 4881 494 4918 σω
534 4865 629 4917 τὸν
663 4863 863 4936 μικροῦ
904 4865 998 4918 καὶ
1035 4865 1359 4919 εκλείποντα
1385 4881 1400 4896 ·
1437 4866 1749 4936 άντιστήσω
1772 4865 1834 4919 τὸ
1865 4865 1988 4935 τέρ-

413 4973 516 5009 πον
545 4956 623 5027 τῷ
675 4957 943 5028 λυπηρῷ*
1003 4957 1434 5028 ἀντισταθμήσω
1487 4957 1550 5010 τὸ
1598 4957 1874 5025 γλυκάζον
1908 4957 1988 5029 τῷ

413 5051 778 5119 πικραίνοντι,
824 5050 923 5104 καὶ
976 5051 1168 5122 μνήμῃ
1217 5050 1557 5119 γλυκυτάτου
1587 5050 1854 5119 ὀνόματος
1888 5065 1989 5104 κα-

412 5143 706 5214 τακεράσω
733 5143 794 5198 τὸ
811 5142 1080 5214 πικράζον
1101 5143 1299 5210 ἐκεῖνο,
1325 5143 1419 5196 καὶ
1443 5141 1828 5207 ἀνασκευάσω,
1848 5142 1987 5213 πρὸς

411 5239 549 5308 ὅπερ
571 5235 762 5306 ἐχρῆν.
806 5238 949 5305 Πρὸς
982 5236 1081 5306 τῆς
1113 5233 1297 5288 ἐνθέου
1331 5235 1426 5288 καὶ
1484 5233 1794 5303 ἁγιωτάτης
1825 5233 1986 5300 βασι-

411 5329 570 5400 λικῆς
600 5326 862 5397 κεφαλῆς,
889 5327 979 5397 ὑφ’
1007 5322 1074 5400 ἧς
1102 5327 1163 5380 τὸ
1198 5327 1306 5380 πᾶν
1323 5327 1419 5398 τῆς
1449 5327 1778 5396 οἰκουμένης
1826 5325 1989 5392 σῶμα

413 5420 510 5473 καὶ
536 5413 822 5489 συνέχεται
846 5420 941 5471 καὶ
965 5418 1242 5487 ἀνέχεται,
1271 5418 1561 5472 εἰσελθέτω
1612 5417 1844 5471 ἐνώπιόν
1888 5433 1988 5472 σου

414 5509 449 5580 ἡ
477 5510 661 5579 δέησίς
695 5526 802 5577 μου
826 5525 842 5541 ο
871 5508 1167 5580 δηλωσάτω
1198 5509 1330 5578 ἡμῖν
1360 5510 1389 5562 ό
1413 5509 1474 5562 τὸ
1499 5509 1738 5578 γράμμα
1765 5525 1991 5578 περικο-

420 5599 592 5668 μίξων
627 5603 727 5669 τῆς
775 5600 932 5670 ήμῶν
973 5599 1363 5668 ταπεινότητος
1417 5599 1478 5651 rb
1504 5599 1601 5669 τῆς
1627 5601 1725 5670 σῆς
1770 5600 1990 5669 ἀντιλή-

417 5691 562 5755 ψεως
585 5677 715 5760 περὶ
754 5695 903 5760 ἡμᾶς
947 5691 1196 5762 εὐμενὲς,
1233 5690 1327 5740 καὶ
1349 5689 1658 5760 ζησόμεθα·
1702 5692 1778 5754 ὡς
1808 5693 1902 5746 νῦν
1925 5708 1987 5758 γε

424 5781 848 5848 παρατρώγεταί
878 5801 928 5835 τι
979 5784 1074 5851 τῆς
1108 5781 1253 5852 ζωῆς
1309 5783 1460 5852 ἡμῖν,
1511 5785 1603 5836 καὶ
1648 5785 1984 5856 δεδοίκαμεν,

2094 4587 2196 4657 μὲν
2233 4587 2335 4640 οὐκ
2374 4587 2787 4660 ἀρχιερατικὸν,
2820 4586 3224 4657 ἐπιμεληθῆναι
3251 4587 3308 4640 δὲ
3332 4587 3500 4640 καλὸν
3529 4587 3630 4657 μέν
3651 4602 3674 4618 ⁸

2090 4684 2208 4738 ἀλλ’
2237 4684 2506 4755 ἀπογείης
2545 4685 2607 4738 οὐ
2639 4685 2800 4756 μόνον
2825 4681 3209 4753 ἀναγνώσεως,
3242 4681 3381 4736 ἀλλά
3425 4683 3524 4738 καὶ
3573 4683 3669 4751 τῆς

2089 4774 2169 4836 είς
2192 4773 2319 4836 τούς
2345 4771 2637 4842 φιλοῦντας
2665 4775 3126 4846 προσφωνήσεως.
3171 4771 3236 4825 Ἡ
3259 4771 3390 4841 γοῦν
3418 4771 3670 4842 παροῦσα

2089 4865 2302 4936 γραφὴ,
2336 4865 2576 4936 πρωῖθεν
2600 4865 3033 4936 ὑπισχνουμένη,
3066 4864 3384 4934 παρέτεινεν
3436 4864 3543 4927 ἕως
3570 4864 3666 4918 καὶ

2091 4955 2174 5018 είς
2226 4955 2368 5026 ἀέρα
2435 4955 2679 5026 λαμπάδι
2735 4955 3068 5026 φωτίζεσθαι
3125 4955 3368 5011 θέλοντα.
3423 4956 3518 5009 Διὸ
3571 4956 3670 5009 και

2093 5049 2488 5112 ἀπεστένωται,
2518 5049 2614 5101 καὶ
2645 5048 2852 5120 βραχέα
2877 5047 3030 5100 λαλεῖ
3051 5065 3066 5079 ⁸
3111 5047 3305 5118 καίρια
3361 5048 3549 5117 μέντοι
3574 5064 3668 5116 γε,

2089 5143 2182 5196 καὶ
2211 5135 2286 5196 ὧν
2315 5142 2476 5212 ἡμεῖς
2501 5141 2786 5212 ἐφιέμεθα.
2817 5138 3083 5208 Ὑγίαινε,
3113 5139 3207 5192 καὶ
3229 5137 3481 5208 μέμνησο
3509 5137 3670 5208 ήμῶν

2091 5236 2150 5288 ἐν
2182 5237 2300 5298 ταῖς
2323 5234 2459 5304 πρὸς
2489 5233 2624 5287 Θεὸν
2648 5234 2884 5302 ἀγωγοῖς
2915 5249 3010 5286 σου
3038 5231 3366 5296 ἑντεύξεσιν,
3395 5230 3669 5299 ι’)γιαινόν⁹

2088 5343 2200 5380 των
2227 5327 2323 5380 καὶ
2356 5325 2539 5382 αὐτῶν
2563 5326 2684 5388 ταῖς
2708 5325 2830 5387 σαῖς
2867 5324 3040 5395 ίεραῖς
3069 5323 3278 5394 εὐχαῖς,
3328 5322 3424 5375 καὶ
3468 5323 3666 5375 ἐπικα-

2088 5419 2368 5488 λουμένων
2397 5419 2497 5489 τὴν
2519 5417 2774 5470 ἐντεῦθεν
2799 5415 2983 5470 θεόθεν
3007 5415 3290 5487 βοήθειαν.
3320 5413 3424 5466 Τὸν
3451 5413 3664 5482 θαυμα-

2089 5511 2352 5565 σιώτατόν
2385 5527 2478 5580 μοι
2504 5510 2679 5579 φίλον,
2705 5510 2799 5562 τὸν
2845 5507 3234 5578 γραμματικὸν
3267 5508 3368 5576 τῆς
3420 5504 3664 5572 ἁγιωσύ-

2088 5621 2186 5676 νης
2210 5621 2328 5671 σου,
2376 5600 2776 5674 προσαγορεύω
2803 5617 2820 5632 ο
2855 5599 2914 5662 ὃς
2963 5599 3141 5652 ἀδικεῖ
3195 5597 3316 5667 μὲν,
3360 5597 3455 5650 καὶ
3496 5594 3662 5651 αὐτοῦ

2090 5697 2404 5766 καθείργων
2446 5697 2526 5758 είς
2552 5693 2794 5763 ἀφωνίαν
2813 5693 2912 5761 τὴν
2951 5691 3200 5760 γλῶσσαν
3224 5691 3319 5743 καὶ
3350 5689 3445 5740 τοῦ
3505 5691 3664 5758 ῥητο-

2094 5791 2272 5856 ρεύειν
2326 5789 2630 5858 ἀπείργων,
2671 5787 2745 5853 ὡς
2789 5788 2838 5839 εί
2901 5785 2992 5839 καὶ
3041 5785 3198 5854 σιγᾷν
3249 5781 3615 5852 κατακέκριτο
3644 5792 3665 5812 ⁸
