3910 6242
269 293 405 360 I305

1075 294 1489 360 EUSTATHII
1525 297 2277 362 THESSALONICENSIS
2307 301 2709 365 EPISTOL/E.

3394 301 3534 368 1306

262 407 444 464 ἀδικεῖ
467 405 524 461 δὲ
545 405 642 461 καὶ
689 406 859 479 ἡμᾶς,
895 407 976 480 μὴ
997 408 1330 479 γλυκαίνων,
1355 409 1438 476 οἷς
1496 411 1720 482 γράφει,
1745 412 1844 476 τὰς
1873 417 1919 474 Α
1947 415 2228 484 οίκήσειςο
2258 417 2354 471 καὶ
2379 416 2642 480 πολλάκις
2675 415 2868 480 καιρὸς
2918 413 3228 484 πολύμηνος
3256 416 3339 484 διή
3351 434 3529 486 ρχετο,

263 499 456 562 ἀκοάς.

1000 597 1089 650 ΛΘ

762 689 846 755 Τῷ
877 692 1350 758 Μετρητοπώλφ.

349 781 477 836 ῐίίθε
515 783 594 855 μὴ
623 783 871 853 ἔγραψας
896 786 1050 854 ἡμῖν,
1100 787 1236 856 μηδέ
1295 788 1490 851 ἕδακες
1537 788 1696 858 ἡμῶν
1744 788 1848 856 τὴν

263 875 444 946 ψυχὴν
493 876 582 932 διὰ
639 877 738 946 τῆς
789 878 1030 946 γραφῆς.
1087 878 1286 948 Ἤρκει
1342 881 1455 951 τάρ
1526 880 1846 952 μεμνῆσθαι

265 967 428 1036 ήμῶν
454 967 555 1040 τὴν
585 967 804 1039 ἀγάπην
841 985 958 1033 σου,
999 971 1093 1024 καὶ
1142 972 1570 1042 ὑπερεύχεσθαι.
1620 973 1848 1044 Μάρτυς

264 1059 294 1111 ὁ
327 1059 498 1125 Θεὸς,
526 1063 559 1131 ή
605 1061 831 1132 ἀλήθεια
853 1078 870 1096 '
905 1062 1024 1134 ἅμα
1057 1063 1260 1134 ἐμαθον
1317 1067 1411 1121 τὸν
1463 1067 1694 1122 θάνατον
1749 1063 1847 1119 τοῦ

267 1149 561 1206 καλλίστου
613 1169 708 1206 σου
741 1153 1021 1224 γαμϐροῦ,
1075 1157 1170 1210 καὶ
1227 1156 1402 1222 οὕτως
1460 1157 1728 1227 διετέθην,
1770 1156 1850 1222 ὡς

265 1241 365 1295 ἐάν
396 1243 670 1298 ἀπέθανεν
716 1245 840 1314 ἐμοὶ
873 1249 1096 1318 γνήσιος
1126 1251 1418 1321 συγγενής.
1446 1245 1520 1304 *Ω
1541 1250 1708 1304 καλόν
1743 1267 1844 1321 μου

270 1333 515 1401 παιδίον,
583 1329 629 1389 ὦ
655 1336 941 1408 ἀγαπητόν
965 1353 983 1372 ο
1014 1333 1059 1393 ὦ
1089 1340 1413 1411 θαυμάσιον.
1445 1337 1516 1396 Ὦ
1546 1343 1845 1413 περιμυθία

267 1425 365 1480 τοῦ
397 1425 564 1480 καλοῦ
607 1445 709 1496 μου
743 1429 937 1499 κυρίου
981 1431 1228 1488 Ἰωάννου
1249 1450 1262 1465 ·
1303 1433 1349 1488 ὦ
1378 1435 1541 1498 ἄνθος
1567 1436 1849 1504 μαρανθὲν

265 1515 468 1583 ἄωρον.
517 1517 889 1589 Ἐνθυμοῦμαι
956 1522 1056 1591 τὴν
1125 1523 1337 1578 ἐκείνου
1385 1527 1690 1593 παίδευσιν,
1746 1528 1849 1597 τὴν

266 1606 626 1670 γατάστασιν,
658 1609 758 1679 τὴν
793 1611 932 1680 πρὸς
962 1614 1023 1666 σὲ
1057 1615 1225 1685 τιμὴν
1255 1616 1352 1670 καὶ
1383 1617 1631 1686 ἀγάπην,
1658 1619 1720 1672 τὸ
1747 1618 1846 1673 τοῦ

268 1698 388 1766 βίου
451 1702 833 1813 προνοητικὸν,
866 1704 962 1773 τήν
1007 1707 1356 1774 γεροντιαίαν
1388 1709 1447 1762 ἐν
1477 1711 1693 1780 νεότητι
1718 1712 1851 1782 φρό-
1883 1755 1922 1813 Β

268 1805 332 1857 νη
343 1805 446 1854 σιν,
475 1789 536 1844 τὸ
561 1791 656 1844 τοῦ
685 1792 852 1860 ἤθους
884 1795 1140 1865 γαληνὸν,
1161 1797 1230 1852 τά
1255 1799 1391 1853 ἄλλα
1412 1802 1590 1856 πάντα
1613 1803 1682 1857 τά
1707 1804 1850 1873 ύπέρ

270 1880 370 1951 τὴν
398 1883 610 1937 ἐκείνου
663 1883 916 1954 ἡλικίαν·
969 1887 1068 1942 καὶ
1111 1889 1379 1959 δάκνομαι
1423 1894 1524 1963 μὲν
1551 1896 1644 1948 καὶ
1681 1897 1848 1960 αὐτὸς

269 1973 367 2041 τὴν
383 1973 580 2044 ψυχὴν,
610 1975 1025 2046 ἐνθυμοῦμαιδέ
1048 1984 1143 2038 καὶ
1170 1983 1253 2048 σὲ,
1273 1983 1328 2035 τί
1347 1985 1564 2053 μέλλεις
1591 1987 1845 2060 πάσχειν

269 2067 366 2120 καὶ
408 2067 781 2142 διπλάζω-τὴν
816 2071 1020 2145 λύπην,
1061 2076 1158 2128 καί
1210 2075 1487 2139 ταλανίξω
1547 2078 1639 2132 τὸν
1691 2077 1847 2150 βίὸνο

268 2159 366 2210 καὶ
392 2159 491 2223 τὰς
530 2161 756 2226 ἐλπίδας
796 2165 954 2234 ήμῶν
975 2166 1346 2239 ἐννοούμενος,
1379 2163 1466 2223 οἷα
1505 2189 1607 2239 μεν
1638 2174 1853 2239 ἐλπίζο-

270 2269 398 2321 μεν,
416 2250 504 2306 οἷα
534 2254 590 2307 δέ
625 2255 684 2321 ἐξ
714 2257 1016 2326 ἀποτυχίας
1051 2259 1359 2331 πάσχομεν.
1409 2262 1635 2329 Ἐδοξας
1699 2266 1854 2322 εύτυ-

270 2345 440 2414 χῆσαι
473 2346 570 2400 καὶ
599 2349 844 2419 ἐντυχεῖν
868 2349 1160 2420 εύρέματι,
1186 2353 1276 2407 ὅτε
1304 2352 1403 2424 τὴν
1462 2355 1638 2426 ἀρχὴν
1694 2351 1852 2428 εὗρες

272 2436 517 2492 τοιοῦτον
542 2441 793 2511 γαμϐρόν
818 2459 834 2474 ο
868 2443 964 2497 καὶ
997 2441 1142 2515 εἶχεν
1170 2444 1314 2499 οὕτω
1341 2447 1405 2501 τὸ
1430 2450 1689 2519 πρᾶγμα.
1739 2453 1853 2507 Νῦν

272 2529 334 2582 δὲ
363 2523 473 2583 οἷον
494 2529 714 2598 ἐπαθες,
743 2531 923 2600 ὀλίγον
945 2534 1282 2604 γευσάμενος
1312 2535 1408 2590 τοῦ
1449 2539 1693 2592 τοιούτου
1726 2541 1856 2609 γλυ-

273 2619 536 2685 κυτάτου,
566 2617 688 2676 εἶτα
714 2623 799 2677 διά
826 2623 927 2694 τῆς
955 2627 1266 2698 στερήσεως
1326 2631 1491 2686 αὑτοῦ
1533 2634 1857 2703 πικρανθεὶς

274 2714 508 2768 πλείονα
533 2730 550 2747 ο
580 2716 681 2768 καὶ
707 2717 769 2771 ού
805 2716 950 2786 λέγω
984 2719 1072 2791 διὰ
1104 2722 1167 2774 τὸ
1198 2721 1368 2794 βάρος
1390 2727 1489 2794 τῆς
1524 2726 1735 2797 τροφῆς
1757 2728 1858 2798 τῆς

273 2803 472 2868 ἀθλίας
494 2805 705 2861 ἐκείνου
741 2809 1001 2875 γυναικὸς
1051 2813 1144 2866 καὶ
1205 2815 1305 2884 τῆς
1349 2815 1459 2871 τῶν
1520 2817 1858 2889 βρεφυλλίοιν

275 2899 616 2970 ἀνατροφῆς,
651 2901 788 2956 ἀλλά
816 2902 905 2957 διά
937 2903 1038 2974 τὴν
1087 2905 1298 2961 ἐκείνου
1334 2909 1616 2980 στέρησιν.
1648 2912 1860 2966 Λυπεῖ-

277 2988 406 3042 σθαι
444 2989 545 3060 μὲν
569 2985 664 3046 οὖν
699 3009 758 3046 σε
788 2993 874 3048 διά
903 2994 967 3048 τὸ
1011 2996 1178 3051 αὐτοῦ
1211 2999 1497 3070 στέρεσθαι
1519 3001 1581 3055 οὐ
1629 3003 1705 3074 μὴ
1750 3021 1861 3060 κω-

1945 508 2040 562 καὶ
2071 510 2099 562 ό
2127 507 2315 579 κύριος
2349 509 2755 570 Κωνσταντῖνος
2781 507 2945 561 ὤκνει
2972 508 3072 575 τὴν
3094 509 3176 571 είς
3209 507 3300 561 τὸν
3318 509 3530 562 Εὐστά-

1947 598 2064 652 θιον
2091 599 2377 654 ἐπέλευσιν
2409 617 2423 632 ·
2461 601 2554 654 καὶ
2589 600 2964 670 ἐρωτώμενος.
3004 599 3148 653 διατί
3176 600 3334 653 τοῦτο
3363 604 3530 665 ποιεῖ,

1946 692 2129 746 ἐλάλει
2171 693 2241 747 τά
2290 693 2499 756 είκότα,
2532 693 2627 747 καὶ
2665 693 2878 748 ἔπειθε.
2930 691 3052 754 Πῶς
3097 692 3160 761 δὴ
3212 691 3309 745 νῦν
3368 693 3532 755 αὐτὸς

1945 783 2048 836 οὐκ
2068 783 2330 836 ἐννοεῖται
2362 786 2492 851 περὶ
2525 783 2680 853 ἡμῶν
2730 783 2798 836 τά
2847 784 3027 850 ὃμοια,
3054 784 3252 851 ἐπικλᾷ
3296 783 3352 837 δὲ
3402 786 3535 852 ήμῖν

1948 876 2258 946 ἀμνηστίας
2288 877 2564 942 αίτίασιν;
2611 878 2806 944 Ἡμεῖς
2843 876 3144 948 ἐδοκοῦμεν
3189 879 3531 946 ἀντιγραφῆς

1947 969 2137 1039 ἀρκεῖν
2165 969 2389 1032 καὶτὰς
2439 970 2864 1040 προσηγορείας,
2913 969 2978 1034 ἃς
3039 969 3296 1040 μυριάκις
3342 971 3528 1022 ἐστέλ-

1947 1059 2130 1130 λομεν.
2176 1059 2303 1113 Ἐὰν
2334 1059 2391 1114 δέ
2419 1061 2702 1126 ἐσιγῶντο,
2733 1061 2900 1128 ψόγος
2934 1064 3050 1123 τοῖς
3076 1060 3489 1130 ἁμαρτάνουσιν
3513 1075 3531 1092 ⁸

1950 1153 2112 1223 ἡμεῖς
2133 1152 2191 1206 δέ
2215 1152 2616 1207 ἀκαταιτίατοι.
2649 1155 2782 1224 Περὶ
2831 1153 2939 1207 τῶν
2981 1155 3090 1207 σῶν
3134 1155 3234 1207 οὐκ
3287 1152 3537 1224 ἔγραψας

1949 1242 2104 1313 ἡμῖν,
2134 1243 2284 1306 ὅπως
2317 1243 2521 1313 ἔχουσι.
2556 1245 2664 1298 Καὶ
2693 1247 2742 1298 εί
2778 1245 2876 1315 μὲν
2907 1244 2990 1308 εὖ,
3040 1245 3102 1299 οὐ
3139 1246 3319 1308 καλῶς
3351 1245 3540 1314 ἐποίη-

1953 1351 2081 1399 σας,
2131 1335 2206 1404 μὴ
2240 1334 2412 1390 θέλων
2442 1337 2788 1407 συμμερίτας
2821 1338 2953 1406 ήμῖν
2979 1337 3122 1407 ἔχειν
3171 1336 3272 1405 τῆς
3318 1339 3495 1406 χαρᾶς
3520 1353 3535 1370 ο

1951 1426 2084 1480 είδέ
2117 1427 2316 1495 άλλως,
2349 1430 2486 1499 ὅπερ
2541 1428 2919 1499 άπευχόμεθα,
2953 1428 3019 1482 σὺ
3073 1429 3171 1496 μὲν
3217 1429 3392 1491 εἴποις
3445 1428 3538 1491 ἃν,

1949 1516 2033 1571 ὅτι
2055 1518 2156 1571 οὐκ
2194 1518 2540 1582 ἐπέστειλας,
2575 1515 2665 1571 οἷα
2695 1517 2772 1587 μὴ
2817 1516 2990 1570 θέλων
3021 1515 3228 1571 θλίϐειν
3254 1521 3378 1580 ταῖς
3433 1535 3538 1571 κα-

1951 1611 2271 1682 καγγελίαις
2299 1611 2470 1682 ἡμᾶς.
2512 1609 2702 1679 Ἡμεῖς
2734 1609 2791 1664 δὲ
2845 1610 2967 1664 οὐδέ
3022 1609 3195 1672 οὕτως
3244 1609 3543 1672 αίτιάσεως

1951 1705 2302 1772 ἀπολύσομεν
2330 1719 2414 1769 σε,
2454 1703 2530 1767 ὡς
2563 1703 2642 1776 μή
2667 1703 2768 1773 τὴν
2796 1703 2987 1775 κοινὴν
3021 1703 3218 1757 πείναν
3259 1703 3360 1772 τῆς
3386 1703 3545 1757 εὐκο-

1951 1797 2072 1860 λίας
2097 1795 2158 1851 εὖ
2183 1795 2552 1866 διακρίνοντα.

2685 1888 2824 1943 MA'.

1957 1999 2043 2068 Τῷ
2085 2001 2495 2070 πανσεϐάστῳ
2545 2001 2825 2128 σεσὲστῷ
2868 2001 2966 2057 καί
3012 2001 3256 2074 μεγάλῳ
3300 1999 3548 2068 ἑταιρει-

2695 2091 2831 2128 mm.

2656 2091 2694 2128 a
2817 2111 2831 2127 .

2027 2167 2142 2222 Μία
2166 2167 2392 2239 χελιδὼν
2447 2167 2534 2237 ἐφ’
2580 2091 2962 2239 ήμᾶῖχξραφὴ
3025 2164 3405 2227 πανσέϐαστος
3447 2165 3551 2231 τῆς

1962 2256 2065 2324 σῆς
2113 2256 2459 2328 ἀντιλήψεως
2489 2258 2604 2328 (καὶ
2627 2257 2768 2328 αὐτὴ
2825 2257 2886 2312 ού
2946 2256 3246 2326 δυσαχθὴς,
3279 2256 3362 2310 ὅτι
3416 2255 3552 2325 μηδέ

1959 2346 2118 2409 λάλος
2146 2363 2162 2378 ·
2199 2348 2293 2401 καὶ
2322 2347 2446 2402 ούδέ
2467 2351 2559 2402 οἶα
2589 2351 2733 2404 κατὰ
2764 2349 2862 2419 τὴν
2891 2347 3404 2418 παροιμιαζομένην
3439 2363 3552 2412 φω-

1956 2440 2070 2492 νεῖν
2101 2437 2354 2510 βάρϐαρα
2377 2454 2392 2470 ·
2433 2440 2827 2510 μεμετρημένη
2876 2440 2934 2492 δέ
2981 2439 3084 2509 τὴν
3141 2439 3404 2506 γλυκεῖαν
3450 2438 3550 2490 Za-

1956 2531 2104 2598 λιάν,
2133 2533 2315 2594 ὁποῖος
2343 2524 2496 2594 οὗτος
2545 2532 2709 2600 νόμος
2740 2527 3060 2604 ἐπιστολῆς,
3103 2531 3199 2585 καὶ
3229 2531 3366 2600 πρὸς
3434 2530 3555 2583 Έλ-

1955 2625 2169 2696 ληνίδος
2194 2625 2446 2695 γλώσσης
2476 2623 2823 2693 ἀπεξεσμένη
2876 2622 3182 2693 εὐγένειαν)
3215 2652 3287 2664 -
3317 2623 3417 2690 μία
3451 2620 3554 2690 μέν

1957 2715 2076 2780 οῦν,
2139 2716 2279 2786 ὅπερ
2336 2715 2506 2786 ἔφην,
2563 2714 2705 2784 αὕτη
2761 2715 2989 2786 χελιδὼν
3041 2713 3319 2782 ἐπετάσθη
3380 2712 3552 2781 ήμῖνο

1958 2807 2385 2879 ἀλλάἰθριάζον
2435 2806 2533 2878 ἔαρ
2583 2807 2832 2876 ἐποίησε.
2879 2805 2946 2860 Τί
2995 2805 3074 2870 δὲ,
3137 2804 3236 2860 ἐάν
3290 2803 3424 2857 ποτέ
3465 2820 3552 2866 τις

1959 2899 2196 2970 δευτέρα
2231 2897 2520 2966 ἐπιφανείη
2547 2913 2564 2965 ;
2599 2891 2676 2950 Ἦ
2712 2898 2932 2958 πάντως
2965 2893 3204 2967 χρυσοῦν
3258 2894 3417 2965 θέρος
3452 2909 3552 2962 τηο

1962 2989 2198 3044 νικαῦτα
2229 2990 2465 3058 μηνύσει
2497 2989 2778 3058 ἐσόμενον.
2815 2987 2999 3041 Ἔλθοι
3031 2988 3235 3052 τοίνυν,
3268 2985 3364 3040 καὶ
3391 2986 3554 3053 ἡμεῖς

277 3080 454 3147 λύσων
512 3081 600 3136 ἵνα
660 3083 737 3155 μὴ
788 3084 924 3152 δόξω
955 3087 1324 3160 ἀπάνθρωπος
1372 3091 1470 3144 καὶ
1519 3093 1866 3165 ἀνάλγητοςο
1895 3091 1940 3151 c
1971 3085 2073 3138 οὐκ
2096 3083 2404 3154 ὀκνήσομεν
2432 3083 2502 3136 τά
2531 3082 2738 3154 συνήθη
2793 3079 3093 3152 ἐπιμέλψαι
3150 3081 3314 3150 αὐτῇ.
3363 3075 3557 3130 Τοιοῦο

278 3172 418 3223 ὅπου
437 3188 502 3241 γε
532 3173 626 3226 καὶ
660 3174 822 3239 αὐτὸς
839 3175 952 3246 ἐγὼ
969 3177 1031 3230 ού
1062 3178 1244 3248 μόνον,
1272 3179 1567 3251 δεξάμενος
1595 3183 1695 3254 τὴν
1721 3201 1863 3255 γρα-

280 3263 397 3333 φήν
431 3281 548 3329 σου,
580 3267 675 3318 καί¹
703 3268 999 3329 ἀναμαθὼν
1031 3269 1123 3323 τὸν
1153 3273 1367 3326 ἐκείνου
1426 3273 1678 3342 θάνατον,
1709 3277 1864 3346 ἀφω-

280 3371 376 3417 νος
434 3355 624 3423 ἔμεινα
683 3358 770 3426 ἐφ’
827 3361 1036 3426 ἱκανὸν,
1093 3361 1230 3415 ἀλλά
1282 3364 1374 3417 καὶ
1429 3367 1624 3431 εἰσέτι,
1673 3369 1866 3430 ὁσάκις

281 3448 497 3500 ἐκεῖνον
528 3447 838 3517 ἐνθυμηθῶ,
890 3452 960 3505 τὰ
1000 3453 1163 3520 ὃμοια
1228 3456 1422 3526 πάσχω
1451 3473 1465 3489 ·
1499 3458 1592 3510 καὶ
1647 3458 1741 3510 ἐπὶ
1797 3458 1866 3513 τά

285 3539 423 3608 ἑξῆς
453 3538 509 3592 δέ
543 3540 802 3594 οὐδέποτε
865 3543 1029 3597 αὐτοῦ
1093 3545 1446 3616 ἐπιλήσομαι.
1503 3548 1652 3602 Διότι
1708 3549 1868 3616 ἐγγε-

282 3632 614 3702 γραμμένον
657 3629 803 3703 εἶχον
859 3635 1022 3688 αὐτὸν
1075 3638 1155 3700 είς
1209 3637 1389 3707 ψυχὴν
1439 3637 1514 3698 ὡς
1559 3639 1865 3713 [πλείστου]

285 3724 466 3789 ἄξιον.
512 3724 755 3790 Ἀξιὼσω
803 3725 860 3778 δέ
916 3743 1000 3792 σε,
1036 3728 1114 3799 μὴ
1171 3729 1451 3791 παντελῶς
1505 3731 1752 3786 ἐνδοῦναι
1799 3735 1866 3804 τῇ

285 3815 464 3887 λύπῃ,
501 3815 599 3869 καὶ
653 3813 976 3886 βυθισθῆναι
1004 3816 1110 3871 ὑπὸ
1151 3817 1260 3870 τῶν
1301 3817 1558 3889 θλίψεων,
1593 3819 1709 3874 ἀλλ’
1767 3822 1870 3876 ὑπ-

287 3909 508 3979 ανέχειν
534 3906 761 3962 σεαυτὸν
803 3909 896 3962 καὶ
924 3909 1408 3979 ἀνακουφίζεσθαι.
1475 3913 1725 3983 Ἀρκέσει
1786 3931 1872 3968 σοι

289 3999 405 4070 γάρ
440 4000 469 4053 ὁ
501 3997 857 4070 ἐλευσόμενος
879 4000 1070 4072 καιρὸς
1103 4003 1182 4065 είς
1210 4001 1272 4056 τὸ
1293 4001 1595 4060 θλίϐεσθαι.
1626 4005 1872 4076 Περιμυ-

292 4089 394 4143 θοῦ
433 4089 491 4144 δέ
521 4091 618 4145 καὶ
644 4090 746 4162 τήν
799 4091 1038 4160 ἐλεεινὴν
1092 4093 1301 4148 ἐκείνου
1352 4099 1590 4164 γυναῖκα
1648 4099 1871 4169 τρόποις

291 4184 480 4248 ἄλλοις
501 4201 582 4251 τε,
641 4186 738 4240 καί⁵
789 4184 878 4239 διὰ
923 4185 1017 4240 τοῦ
1071 4185 1362 4254 φαίνεσθαί
1414 4205 1475 4242 σε
1515 4190 1592 4261 μὴ
1638 4191 1871 4245 πάντοτε

290 4278 554 4332 κλαίοντα
584 4277 679 4332 καὶ
703 4277 1066 4350 λυπούμενον.
1088 4279 1244 4334 Οὕτω
1287 4283 1396 4354 γάρ
1428 4283 1525 4337 καὶ
1553 4285 1737 4357 ἐκείνη
1774 4303 1872 4340 πε-

294 4372 564 4450 ριμυθίανι
588 4373 706 4426 τινὰ
739 4370 992 4442 λήψεται.

1043 4467 1136 4526 Μ’.

381 4560 750 4629 ’Υγιαίνοντες
805 4561 874 4630 τῇ
940 4559 1033 4613 τοῦ
1093 4560 1229 4614 Θεοῦ
1291 4563 1536 4633 βοηθείᾳ,
1604 4565 1879 4634 εὐχόμεθα

294 4649 568 4718 ὑγιαίνειν
599 4649 696 4702 καὶ
731 4649 831 4720 τήν
861 4649 1083 4721 ἀγάπην
1116 4669 1211 4704 σου
1237 4668 1249 4683 ·
1287 4652 1314 4704 δ
1341 4653 1405 4724 δὴ
1462 4654 1559 4708 καὶ
1613 4655 1882 4725 μανθάνο-

298 4760 429 4814 μεν.
463 4741 590 4794 Ἐάν
613 4741 670 4794 δὲ
704 4741 928 4812 θλιϐερά
953 4741 1038 4795 σοί
1066 4760 1188 4796 τινα
1219 4745 1596 4812 ἐπιγίνωνται,
1628 4746 1786 4799 τοῦτο
1814 4747 1882 4816 τῇ

295 4833 398 4886 τοῦ
430 4832 546 4903 βίου
579 4835 938 4904 προσλογίξου
967 4835 1279 4908 ἀνωμαλίᾳ.
1315 4835 1450 4890 Οὖδέ
1492 4839 1601 4907 γάρ
1627 4836 1881 4902 δυνατὸν,

297 4924 596 4993 ἄνθρωπον
627 4925 687 4978 ἐν
730 4926 829 4996 βίῳ
857 4927 1198 4996 τυγχάνοντα
1222 4927 1530 4996 διαφυγεῖν,
1559 4927 1749 4998 ὥσπερ
1790 4929 1885 4981 ού-

298 5019 354 5070 δέ
385 5017 484 5078 τάς
524 5016 816 5086 μερίμνας,
845 5016 1018 5080 οὕτως
1043 5018 1164 5070 οὐδέ
1196 5018 1293 5080 τάς
1350 5017 1547 5081 λύπας.
1581 5017 1686 5072 Καὶ
1732 5018 1888 5071 τοῦτο

301 5110 406 5178 μὲν
427 5106 528 5158 οὐκ
558 5106 673 5176 ἔχει
698 5125 751 5160 τι
781 5107 1104 5177 παράδοξον.
1144 5109 1218 5162 Τὸ
1247 5110 1305 5162 δὲ
1335 5109 1749 5178 ὑπολαμϐάνειν
1804 5128 1886 5174 σε,

301 5200 385 5252 ἕντι
420 5196 799 5266 ἐπελαθόμεθά
831 5215 947 5260 σου,
980 5201 1072 5252 καὶ
1093 5200 1172 5252 ὅτι
1204 5200 1279 5272 μὴ
1300 5199 1576 5269 φιλοῦντες
1601 5201 1662 5254 ού
1680 5201 1887 5269 γράφο-

304 5307 432 5357 μεν,
455 5287 614 5340 τοῦτο
645 5287 946 5358 παράδοξον
977 5289 1112 5357 ἡμῖν
1146 5290 1290 5356 ἔδοξε
1316 5291 1406 5344 διά
1434 5307 1492 5343 τε
1523 5291 1659 5343 ἄλλα
1692 5291 1887 5352 πολλὰ,

305 5380 403 5433 καὶ
442 5379 575 5432 διότι
596 5378 655 5431 τὸ
690 5379 790 5448 μὲν
810 5380 1044 5450 γράφειν
1077 5381 1173 5434 καὶ⁵
1205 5382 1426 5450 βλέπειν
1469 5381 1732 5453 ἀλλήλους
1772 5383 1890 5435 ἐστι

309 5489 415 5524 που
445 5471 627 5537 φιλίας
651 5471 1002 5524 ἐε.δεικτικόν⁶
1033 5473 1135 5525 οὐκ
1156 5473 1259 5544 ήδη
1303 5474 1359 5526 δέ
1399 5473 1459 5527 τὸ
1497 5474 1572 5544 μὴ
1634 5476 1889 5544 γράφειν,

310 5563 449 5632 μηδέ
477 5565 558 5625 εἰς
589 5561 845 5632 ἐντυχίαν
862 5563 1142 5632 ἔρχεσθαι,
1168 5563 1388 5633 ἀφιλίας
1415 5565 1689 5633 λογίζεται
1725 5565 1892 5618 ἔνδει-

311 5655 417 5715 ξις.
483 5653 874 5723 Ἐνθυμήθητι,
910 5654 1012 5717 ὅτι,
1075 5655 1310 5724 ὁπηνίκα
1368 5651 1508 5724 ἦμεν
1558 5656 1777 5725 ἔνδημοι
1823 5658 1888 5725 τῇ

312 5746 714 5815 Μ;γαλοπὸλει,
750 5749 922 5822 βραχὺ
972 5749 1248 5820 διάστημα
1280 5751 1548 5822 ἐμέσαζεν
1605 5751 1737 5824 ἡμῖν
1792 5750 1887 5814 τὰς

1965 3177 2065 3231 τόν
2089 3191 2145 3230 τι
2177 3176 2272 3229 καὶ
2303 3174 2455 3247 παρὰ
2503 3178 2616 3236 τοῖς
2655 3175 2826 3230 πάλαι
2867 3169 2937 3243 ἦν
2966 3174 3251 3242 γινόμενον
3273 3188 3290 3203 ο
3326 3172 3422 3225 καὶ
3467 3171 3557 3224 ὅτε

1965 3269 2088 3324 κατ’
2141 3270 2319 3340 ἀρχὴν
2381 3270 2501 3331 ταῖς
2549 3268 2787 3339 χελιδόσι
2840 3267 2936 3321 τοῦ
2997 3267 3287 3336 φαίνεσθαι
3335 3260 3405 3337 ἦν
3454 3265 3593 3332 τὴν⁴

1967 3361 2368 3432 πρώτηνῆκαὶ
2420 3361 2708 3430 δευτέραν,
2752 3359 2934 3426 λόγοις
2976 3357 3278 3424 ἐδεξιοῦντο
3335 3374 3559 3423 συγκει-

1969 3452 2150 3522 μένοις
2183 3451 2318 3526 πρὸς
2349 3451 2672 3520 ἐμμέλειαν.
2705 3451 2899 3506 Ἔσται
2931 3447 3028 3502 οὖν
3075 3448 3236 3501 τοῦτο
3277 3447 3373 3501 καὶ
3399 3448 3556 3517 ἡμῖν,

1968 3545 2019 3598 οἳ
2053 3542 2178 3598 οὔτε
2208 3541 2305 3596 νῦν
2355 3544 2737 3614 ἡμελήσαμεν,
2790 3542 2905 3596 ἀλλ’
2957 3541 3412 3612 ἐπεκροτήσαμεν
3463 3540 3558 3592 καὶ

1967 3637 2185 3708 ᾠδικῶς
2231 3637 2665 3707 ἐσκιρτήσαμεν,
2713 3637 2810 3690 καὶ
2850 3635 3044 3703 ὑγείαν
3081 3637 3180 3688 καὶ
3221 3635 3332 3687 πᾶν
3372 3632 3560 3702 ἓτερον

1968 3728 2175 3798 ἀγαθὸν
2221 3729 2288 3800 τῇ
2341 3727 2626 3799 ἀντιλήψει
2670 3744 2769 3781 σου
2818 3727 3178 3798 ἐπηυξάμεθα
3215 3726 3310 3780 καὶ
3363 3727 3443 3787 εἰς
3495 3723 3559 3777 τὺ

1970 3821 2124 3874 ἐπιὸν
2145 3819 2202 3874 δέ
2223 3818 2456 3874 τοιοῦτοι
2477 3819 2717 3890 ἐσόμεθα
2739 3835 2757 3852 ο
2783 3819 2858 3882 ὡς
2883 3819 3070 3888 τάχιον
3093 3818 3159 3871 ἂν
3188 3817 3557 3870 διεκπεσεῖται

1972 3911 2106 3982 ἡμῖν
2128 3913 2164 3982 ἡ
2213 3912 2434 3980 γλῶσσα
2458 3911 2553 3966 τοῦ
2586 3913 2867 3979 στόματος,
2900 3911 3045 3981 Ιἤπερ
3094 3909 3263 3978 αὐτὴν
3292 3907 3562 3979 ἐπιλείψει

1971 4001 2242 4056 λαλοῦσαν
2271 4005 2300 4057 ὁ
2329 4003 2488 4072 λόγος
2527 4003 2557 4057 ὁ
2583 4003 2711 4071 περὶ
2741 4001 2843 4073 τῆς
2875 4002 2973 4072 σῆς
3005 4001 3370 4070 ἀντιλήψεως.
3400 4000 3475 4052 Τὸ
3501 3999 3559 4052 δὲ

1971 4092 2158 4148 λοιπὸν
2190 4094 2287 4148 τοῦ
2315 4095 2508 4167 καιροῦ
2539 4096 2617 4159 εἰς
2649 4094 2827 4165 ψυχὴν
2877 4093 3048 4164 αὐτὴν
3099 4092 3453 4163 άνάγραπτόν
3501 4110 3563 4146 σε

1977 4182 2221 4254 φέρομεν
2244 4199 2262 4216 ⁸
2293 4182 2522 4237 καὶτῶν
2555 4200 2614 4236 τε
2636 4182 2815 4254 εὐχῶν
2847 4187 2940 4236 καὶ
2969 4181 3070 4251 τῆς
3111 4180 3307 4250 λοιπῆς
3339 4181 3561 4251 μνήμης

1977 4272 2163 4344 φέροις
2186 4274 2317 4346 παρ’
2361 4275 2496 4345 ήμῖν
2520 4275 2590 4330 τά
2618 4275 2944 4346 πρωτόλεια.
2993 4273 3286 4328 Ἐπακούοι
3317 4274 3372 4328 δέ
3409 4275 3564 4336 θεός.

2722 4363 2856 4420 MB’.

1907 4467 1954 4524 υ
1987 4452 2072 4520 Τῷ
2099 4454 2565 4523 φιλανθρωπίνῳ
2581 4457 2911 4521 παλατίνῳ,
2941 4457 3124 4524 κυρίῳ
3165 4454 3438 4521 Ἰωάννῃ,
3485 4450 3567 4518 τῷ

2344 4547 2438 4600 καί
2469 4547 2730 4616 ὕστερον
2756 4549 3202 4619 καθηγουμένφ.

2053 4638 2171 4691 Νῦν
2203 4638 2400 4706 ἔγνων,
2427 4643 2624 4710 ὅτιπερ
2653 4641 2710 4692 ἐν
2736 4639 2878 4694 οὕτω
2905 4642 3094 4704 καλοῖς
3126 4643 3186 4695 τὸ
3217 4642 3349 4712 ἐμὸν
3401 4641 3563 4704 ἄλσος

1984 4732 2183 4796 κεῖται,
2218 4733 2312 4784 καὶ
2343 4731 2578 4800 δένδροις
2613 4733 2859 4801 εύγενέσι
2912 4734 3082 4804 κομᾷ,
3135 4736 3228 4788 καὶ
3288 4734 3564 4803 θαύματος

1983 4821 2156 4888 ἀξίοις
2185 4824 2554 4895 ἐνευθηνεῖται
2585 4828 2840 4896 καρποῖς,
2879 4827 2974 4880 καὶ
3005 4826 3220 4888 πολλοῖς
3249 4826 3432 4879 θάλλει
3455 4827 3567 4888 τοῖς

1985 4915 2212 4983 ἀγαθοῖς
2242 4931 2258 4945 ⁶
2290 4917 2385 4968 καὶ
2413 4915 2618 4987 ἐξαίρω
2649 4917 2758 4972 τῶν
2791 4917 2968 4970 ἄλλων
3013 4917 3075 4970 τὸ
3103 4917 3236 4984 ἐμὸν
3282 4916 3442 4970 τοῦτο
3471 4935 3571 4971 κα-

1986 5006 2100 5073 λὸν,
2125 5009 2216 5060 καὶ
2238 5007 2342 5076 γῆν
2385 5007 2518 5060 αὐτὸ
2551 5009 2725 5078 κρίνω
2773 5009 3041 5079 μακάρων
3066 5025 3081 5040 ·
3114 5009 3202 5062 ὅτε
3236 5010 3416 5062 καὶτὸ
3471 5012 3570 5082 τῆς

1988 5098 2088 5168 σῆς
2120 5098 2429 5167 ἁγιωσύνης
2460 5100 2732 5168 μακάριον
2761 5102 2841 5162 εἰς
2873 5100 3034 5152 πόθον
3082 5101 3444 5165 ἐξεκαλέσατο
3468 5117 3484 5135 ο
3514 5102 3571 5162 ὃς

1990 5206 2050 5257 γε
2081 5191 2177 5243 καὶ
2207 5190 2581 5253 κατασκόπους
2605 5191 2963 5258 ἐπιπέμπεις,
3005 5194 3112 5245 τῶν
3151 5194 3302 5264 ἐμῶν
3353 5193 3571 5261 ἀγαθῶν

1985 5301 2040 5336 τι
2070 5283 2502 5355 προδώσονταςῆ
2531 5286 2623 5336 καὶ
2654 5284 3144 5354 περισυλήσοντας,
3179 5287 3272 5340 δύο
3328 5285 3569 5348 τούτους,

1987 5376 2197 5440 δεινοὺς
2219 5373 2634 5440 ἐπιϐουλεῦσαι,
2687 5378 2886 5444 σοφοὺς
2930 5377 3321 5446 τεχνάσαεθαι,
3362 5369 3569 5436 δεξιοὺς

1990 5467 2462 5536 κατασκέψασθαι.
2490 5464 2648 5520 Οὕτω
2680 5467 2813 5521 ποτὲ
2841 5469 2934 5522 καὶ
2967 5469 3192 5537 Ἰησοῦς,
3217 5468 3244 5518 ό
3267 5463 3358 5515 τοῦ
3387 5463 3568 5534 Ναυῆ,

1993 5562 2092 5630 τῆς
2147 5559 2493 5630 ὑμνουμένης
2553 5557 2900 5632 Ἱεριχοῦντος
2947 5558 3358 5624 ἐπιϐαλόμενος,
3401 5571 3573 5608 κατα.

1994 5657 2230 5714 σκόπους
2253 5647 2520 5717 ἐξέστειλε
2541 5651 2634 5705 δύο
2654 5667 2668 5682 °
2701 5652 2752 5704 οἳ
2800 5652 2894 5705 καὶ
2925 5644 3388 5717 παρεισπεσόντες
3420 5643 3572 5698 ἔνδον

1997 5746 2093 5814 τῆς
2123 5744 2349 5811 πόλεως,
2380 5744 2474 5799 καὶ
2494 5747 2624 5815 πᾶν,
2655 5747 2791 5814 ὅπερ
2818 5739 3117 5804 ἐϐούλοντο,
3180 5737 3312 5806 πρ³ις
3361 5735 3562 5808 τέχνην
