  <div class='ocr_page' id='page_1' title='image "/cluster/home/n/w/nwhite01/storage/ocr_20150623/136/mdp.39015038093210/661.png"; bbox 0 0 4004 6252; ppageno 0'>
   <div class='ocr_carea' id='block_1_1' title="bbox 400 282 530 333">
    <p class='ocr_par' dir='ltr' id='par_1_1' title="bbox 400 282 530 333">
     <span class='ocr_line' id='line_1_1' title="bbox 400 282 530 333; baseline -0.008 0"><span class='ocrx_word' id='word_1_1' title='bbox 400 282 530 333; x_wconf 68' lang='grc' dir='ltr'><strong>13οΊ</strong></span> 
     </span>
    </p>
   </div>
   <div class='ocr_carea' id='block_1_2' title="bbox 1801 265 2158 329">
    <p class='ocr_par' dir='ltr' id='par_1_2' title="bbox 1801 265 2158 329">
     <span class='ocr_line' id='line_1_2' title="bbox 1801 265 2158 329; baseline -0.003 -2"><span class='ocrx_word' id='word_1_2' title='bbox 1801 265 1841 327; x_wconf 82' lang='grc' dir='ltr'><strong>Α</strong></span> <span class='ocrx_word' id='word_1_3' title='bbox 1853 265 2057 329; x_wconf 83' lang='lat' dir='ltr'><strong>DDEN</strong></span> <span class='ocrx_word' id='word_1_4' title='bbox 2063 266 2158 326; x_wconf 82' lang='lat' dir='ltr'><strong>DA</strong></span> 
     </span>
    </p>
   </div>
   <div class='ocr_carea' id='block_1_3' title="bbox 3518 263 3652 327">
    <p class='ocr_par' dir='ltr' id='par_1_3' title="bbox 3518 263 3652 327">
     <span class='ocr_line' id='line_1_3' title="bbox 3518 263 3652 327; baseline -0.007 0"><span class='ocrx_word' id='word_1_5' title='bbox 3518 263 3652 327; x_wconf 48' lang='lat'><strong>1303</strong></span> 
     </span>
    </p>
   </div>
   <div class='ocr_carea' id='block_1_4' title="bbox 382 361 3651 445">
    <p class='ocr_par' dir='ltr' id='par_1_4' title="bbox 382 361 3651 445">
     <span class='ocr_line' id='line_1_4' title="bbox 382 361 3651 445; baseline -0 -16"><span class='ocrx_word' id='word_1_6' title='bbox 382 371 882 444; x_wconf 67' lang='grc' dir='ltr'><strong>κατεργασάμενοι,</strong></span> <span class='ocrx_word' id='word_1_7' title='bbox 914 372 1138 444; x_wconf 82' lang='grc' dir='ltr'><strong>μεγάλῳ</strong></span> <span class='ocrx_word' id='word_1_8' title='bbox 1166 371 1244 443; x_wconf 84' lang='grc' dir='ltr'><strong>τῷ</strong></span> <span class='ocrx_word' id='word_1_9' title='bbox 1285 371 1602 443; x_wconf 83' lang='grc' dir='ltr'><strong>στρατηγῷ,</strong></span> <span class='ocrx_word' id='word_1_10' title='bbox 1652 371 1792 444; x_wconf 78' lang='grc' dir='ltr'><strong>πρὸς</strong></span> <span class='ocrx_word' id='word_1_11' title='bbox 1834 373 1974 443; x_wconf 87' lang='grc' dir='ltr'><strong>ὅπερ</strong></span> <span class='ocrx_word' id='word_1_12' title='bbox 2001 377 2051 437; x_wconf 78' lang='grc' dir='ltr'><strong>Α</strong></span> <span class='ocrx_word' id='word_1_13' title='bbox 2076 373 2180 445; x_wconf 80' lang='grc' dir='ltr'><strong>τήν</strong></span> <span class='ocrx_word' id='word_1_14' title='bbox 2208 372 2565 444; x_wconf 78' lang='grc' dir='ltr'><strong>ὑμνουμένην</strong></span> <span class='ocrx_word' id='word_1_15' title='bbox 2601 362 2994 444; x_wconf 75' lang='grc' dir='ltr'><strong>Ἰεριχουντίαν</strong></span> <span class='ocrx_word' id='word_1_16' title='bbox 3021 371 3243 441; x_wconf 82' lang='grc' dir='ltr'><strong>ἐκείνην</strong></span> <span class='ocrx_word' id='word_1_17' title='bbox 3275 374 3352 442; x_wconf 84' lang='grc' dir='ltr'><strong>τῷ</strong></span> <span class='ocrx_word' id='word_1_18' title='bbox 3384 361 3480 427; x_wconf 82' lang='grc' dir='ltr'><strong>τοῦ</strong></span> <span class='ocrx_word' id='word_1_19' title='bbox 3514 374 3651 444; x_wconf 88' lang='grc' dir='ltr'><strong>ἐμοῦ</strong></span> 
     </span>
    </p>
   </div>
   <div class='ocr_carea' id='block_1_5' title="bbox 381 464 1972 537">
    <p class='ocr_par' dir='ltr' id='par_1_5' title="bbox 381 464 1972 537">
     <span class='ocr_line' id='line_1_5' title="bbox 381 464 1972 537; baseline 0.001 -21"><span class='ocrx_word' id='word_1_20' title='bbox 381 464 562 537; x_wconf 75' lang='grc' dir='ltr'><strong>ῆθελε,</strong></span> <span class='ocrx_word' id='word_1_21' title='bbox 595 466 978 519; x_wconf 85' lang='grc' dir='ltr'><strong>συνεϐάλοντο.</strong></span> <span class='ocrx_word' id='word_1_22' title='bbox 1011 467 1120 520; x_wconf 78' lang='grc' dir='ltr'><strong>Καὶ</strong></span> <span class='ocrx_word' id='word_1_23' title='bbox 1150 466 1258 534; x_wconf 86' lang='grc' dir='ltr'><strong>μὴν</strong></span> <span class='ocrx_word' id='word_1_24' title='bbox 1291 467 1324 535; x_wconf 87' lang='grc' dir='ltr'><strong>ή</strong></span> <span class='ocrx_word' id='word_1_25' title='bbox 1360 465 1516 530; x_wconf 88' lang='grc' dir='ltr'><strong>πόλις</strong></span> <span class='ocrx_word' id='word_1_26' title='bbox 1539 466 1720 537; x_wconf 78' lang='grc' dir='ltr'><strong>ἐκείνη</strong></span> <span class='ocrx_word' id='word_1_27' title='bbox 1758 465 1972 536; x_wconf 82' lang='grc' dir='ltr'><strong>μεγάλη</strong></span> 
     </span>
    </p>
   </div>
   <div class='ocr_carea' id='block_1_6' title="bbox 383 551 1972 627">
    <p class='ocr_par' dir='ltr' id='par_1_6' title="bbox 383 551 1972 627">
     <span class='ocr_line' id='line_1_6' title="bbox 383 551 1972 627; baseline 0.002 -21"><span class='ocrx_word' id='word_1_28' title='bbox 383 551 475 625; x_wconf 80' lang='grc' dir='ltr'><strong>ἦν,</strong></span> <span class='ocrx_word' id='word_1_29' title='bbox 496 559 586 608; x_wconf 76' lang='grc' dir='ltr'><strong>καὶ</strong></span> <span class='ocrx_word' id='word_1_30' title='bbox 609 557 748 623; x_wconf 81' lang='grc' dir='ltr'><strong>καλὴ</strong></span> <span class='ocrx_word' id='word_1_31' title='bbox 767 555 852 625; x_wconf 79' lang='grc' dir='ltr'><strong>ἦν,</strong></span> <span class='ocrx_word' id='word_1_32' title='bbox 875 557 970 610; x_wconf 71' lang='grc' dir='ltr'><strong>καὶ</strong></span> <span class='ocrx_word' id='word_1_33' title='bbox 997 557 1166 609; x_wconf 79' lang='grc' dir='ltr'><strong>πολλὰ</strong></span> <span class='ocrx_word' id='word_1_34' title='bbox 1192 553 1307 627; x_wconf 84' lang='grc' dir='ltr'><strong>εἶχε</strong></span> <span class='ocrx_word' id='word_1_35' title='bbox 1324 559 1391 611; x_wconf 84' lang='grc' dir='ltr'><strong>τὰ</strong></span> <span class='ocrx_word' id='word_1_36' title='bbox 1406 557 1674 626; x_wconf 82' lang='grc' dir='ltr'><strong>ἐπαγωγά</strong></span> <span class='ocrx_word' id='word_1_37' title='bbox 1695 573 1708 588; x_wconf 81' lang='grc'><strong><em>⁸</em></strong></span> <span class='ocrx_word' id='word_1_38' title='bbox 1735 558 1828 611; x_wconf 77' lang='grc' dir='ltr'><strong>καὶ</strong></span> <span class='ocrx_word' id='word_1_39' title='bbox 1846 558 1972 610; x_wconf 82' lang='grc' dir='ltr'><strong>τοῦ·</strong></span> 
     </span>
    </p>
   </div>
   <div class='ocr_carea' id='block_1_7' title="bbox 385 647 1976 720">
    <p class='ocr_par' dir='ltr' id='par_1_7' title="bbox 385 647 1976 720">
     <span class='ocr_line' id='line_1_7' title="bbox 385 647 1976 720; baseline 0.002 -20"><span class='ocrx_word' id='word_1_40' title='bbox 385 666 447 701; x_wconf 86' lang='grc' dir='ltr'><strong>το</strong></span> <span class='ocrx_word' id='word_1_41' title='bbox 464 647 587 702; x_wconf 77' lang='grc' dir='ltr'><strong>οὔτε</strong></span> <span class='ocrx_word' id='word_1_42' title='bbox 605 649 729 710; x_wconf 80' lang='grc' dir='ltr'><strong>τοὺς</strong></span> <span class='ocrx_word' id='word_1_43' title='bbox 747 648 1218 714; x_wconf 84' lang='grc' dir='ltr'><strong>ἐπιϐουλεύοντας,</strong></span> <span class='ocrx_word' id='word_1_44' title='bbox 1236 648 1359 702; x_wconf 76' lang='grc' dir='ltr'><strong>οὔτε</strong></span> <span class='ocrx_word' id='word_1_45' title='bbox 1384 650 1494 719; x_wconf 74' lang='grc' dir='ltr'><strong>μὴν</strong></span> <span class='ocrx_word' id='word_1_46' title='bbox 1513 649 1694 719; x_wconf 85' lang='grc' dir='ltr'><strong>πολλῷ</strong></span> <span class='ocrx_word' id='word_1_47' title='bbox 1708 650 1976 720; x_wconf 85' lang='grc' dir='ltr'><strong>πρότερον</strong></span> 
     </span>
    </p>
   </div>
   <div class='ocr_carea' id='block_1_8' title="bbox 385 740 1974 814">
    <p class='ocr_par' dir='ltr' id='par_1_8' title="bbox 385 740 1974 814">
     <span class='ocr_line' id='line_1_8' title="bbox 385 740 1974 814; baseline 0 -21"><span class='ocrx_word' id='word_1_48' title='bbox 385 743 512 804; x_wconf 80' lang='grc' dir='ltr'><strong>τοὺς</strong></span> <span class='ocrx_word' id='word_1_49' title='bbox 565 740 910 803; x_wconf 67' lang='grc' dir='ltr'><strong>ἐνοικοῦντας</strong></span> <span class='ocrx_word' id='word_1_50' title='bbox 961 742 1270 796; x_wconf 78' lang='grc' dir='ltr'><strong>ἐλάνθανεν.</strong></span> <span class='ocrx_word' id='word_1_51' title='bbox 1345 743 1502 811; x_wconf 80' lang='grc' dir='ltr'><strong>Ἐμοὶ</strong></span> <span class='ocrx_word' id='word_1_52' title='bbox 1554 745 1612 798; x_wconf 76' lang='grc' dir='ltr'><strong>δὲ</strong></span> <span class='ocrx_word' id='word_1_53' title='bbox 1668 745 1817 814; x_wconf 84' lang='grc' dir='ltr'><strong>μόνῳ</strong></span> <span class='ocrx_word' id='word_1_54' title='bbox 1859 743 1974 794; x_wconf 87' lang='grc' dir='ltr'><strong>τῶν</strong></span> 
     </span>
    </p>
   </div>
   <div class='ocr_carea' id='block_1_9' title="bbox 388 832 1973 906">
    <p class='ocr_par' dir='ltr' id='par_1_9' title="bbox 388 832 1973 906">
     <span class='ocr_line' id='line_1_9' title="bbox 388 832 1973 906; baseline 0.003 -21"><span class='ocrx_word' id='word_1_55' title='bbox 388 833 564 886; x_wconf 80' lang='grc' dir='ltr'><strong>ἄλλων</strong></span> <span class='ocrx_word' id='word_1_56' title='bbox 600 832 697 903; x_wconf 83' lang='grc' dir='ltr'><strong>(ὡς</strong></span> <span class='ocrx_word' id='word_1_57' title='bbox 751 833 918 902; x_wconf 79' lang='grc' dir='ltr'><strong>ἔοικε)</strong></span> <span class='ocrx_word' id='word_1_58' title='bbox 984 833 1147 904; x_wconf 75' lang='grc' dir='ltr'><strong>μέχρι</strong></span> <span class='ocrx_word' id='word_1_59' title='bbox 1191 836 1286 887; x_wconf 78' lang='grc' dir='ltr'><strong>καὶ</strong></span> <span class='ocrx_word' id='word_1_60' title='bbox 1339 835 1532 906; x_wconf 84' lang='grc' dir='ltr'><strong>ἐσάρτι</strong></span> <span class='ocrx_word' id='word_1_61' title='bbox 1578 837 1638 889; x_wconf 85' lang='grc' dir='ltr'><strong>τδ</strong></span> <span class='ocrx_word' id='word_1_62' title='bbox 1689 837 1887 906; x_wconf 83' lang='grc' dir='ltr'><strong>κήπιον</strong></span> <span class='ocrx_word' id='word_1_63' title='bbox 1908 835 1973 889; x_wconf 80' lang='grc' dir='ltr'><strong>οὗ</strong></span> 
     </span>
    </p>
   </div>
   <div class='ocr_carea' id='block_1_10' title="bbox 389 922 1978 999">
    <p class='ocr_par' dir='ltr' id='par_1_10' title="bbox 389 922 1978 999">
     <span class='ocr_line' id='line_1_10' title="bbox 389 922 1978 999; baseline 0.003 -22"><span class='ocrx_word' id='word_1_64' title='bbox 389 925 637 978; x_wconf 73' lang='grc' dir='ltr'><strong>πάνυιτι</strong></span> <span class='ocrx_word' id='word_1_65' title='bbox 689 929 746 980; x_wconf 92' lang='grc' dir='ltr'><strong>ἐν</strong></span> <span class='ocrx_word' id='word_1_66' title='bbox 780 927 1002 998; x_wconf 80' lang='grc' dir='ltr'><strong>ἀριθμῷ</strong></span> <span class='ocrx_word' id='word_1_67' title='bbox 1031 922 1101 999; x_wconf 79' lang='grc' dir='ltr'><strong>ἦν</strong></span> <span class='ocrx_word' id='word_1_68' title='bbox 1124 943 1140 958; x_wconf 80' lang='grc'><strong><em>⁸</em></strong></span> <span class='ocrx_word' id='word_1_69' title='bbox 1182 929 1294 981; x_wconf 80' lang='grc' dir='ltr'><strong>οὐδ’</strong></span> <span class='ocrx_word' id='word_1_70' title='bbox 1340 927 1486 983; x_wconf 74' lang='grc' dir='ltr'><strong>οὕτω</strong></span> <span class='ocrx_word' id='word_1_71' title='bbox 1520 930 1830 999; x_wconf 80' lang='grc' dir='ltr'><strong>περιέργως</strong></span> <span class='ocrx_word' id='word_1_72' title='bbox 1859 929 1978 983; x_wconf 85' lang='grc' dir='ltr'><strong>ἐνέ-</strong></span> 
     </span>
    </p>
   </div>
   <div class='ocr_carea' id='block_1_11' title="bbox 391 1017 1977 1092">
    <p class='ocr_par' dir='ltr' id='par_1_11' title="bbox 391 1017 1977 1092">
     <span class='ocr_line' id='line_1_11' title="bbox 391 1017 1977 1092; baseline 0.003 -23"><span class='ocrx_word' id='word_1_73' title='bbox 391 1017 590 1070; x_wconf 86' lang='grc' dir='ltr'><strong>ϐλεπον</strong></span> <span class='ocrx_word' id='word_1_74' title='bbox 631 1020 744 1082; x_wconf 87' lang='grc' dir='ltr'><strong>τοῖς</strong></span> <span class='ocrx_word' id='word_1_75' title='bbox 799 1018 968 1073; x_wconf 80' lang='grc' dir='ltr'><strong>αὐτοῦ</strong></span> <span class='ocrx_word' id='word_1_76' title='bbox 996 1035 1010 1050; x_wconf 76' lang='grc'><strong><em>⁸</em></strong></span> <span class='ocrx_word' id='word_1_77' title='bbox 1062 1020 1171 1075; x_wconf 80' lang='grc' dir='ltr'><strong>οὐδ’</strong></span> <span class='ocrx_word' id='word_1_78' title='bbox 1234 1021 1498 1092; x_wconf 67' lang='grc' dir='ltr'><strong>ὑπερλίαν</strong></span> <span class='ocrx_word' id='word_1_79' title='bbox 1539 1020 1700 1091; x_wconf 74' lang='grc' dir='ltr'><strong>έμελέ</strong></span> <span class='ocrx_word' id='word_1_80' title='bbox 1748 1039 1837 1090; x_wconf 89' lang='grc' dir='ltr'><strong>μοι</strong></span> <span class='ocrx_word' id='word_1_81' title='bbox 1867 1021 1977 1074; x_wconf 84' lang='grc' dir='ltr'><strong>τῶν</strong></span> 
     </span>
    </p>
   </div>
   <div class='ocr_carea' id='block_1_12' title="bbox 393 1110 1976 1184">
    <p class='ocr_par' dir='ltr' id='par_1_12' title="bbox 393 1110 1976 1184">
     <span class='ocr_line' id='line_1_12' title="bbox 393 1110 1976 1184; baseline 0.002 -22"><span class='ocrx_word' id='word_1_82' title='bbox 393 1110 516 1162; x_wconf 85' lang='grc' dir='ltr'><strong>κατ’</strong></span> <span class='ocrx_word' id='word_1_83' title='bbox 548 1110 703 1164; x_wconf 88' lang='grc' dir='ltr'><strong>αύτό.</strong></span> <span class='ocrx_word' id='word_1_84' title='bbox 749 1110 1089 1182; x_wconf 83' lang='grc' dir='ltr'><strong>Ἐκρύπτετο</strong></span> <span class='ocrx_word' id='word_1_85' title='bbox 1110 1115 1220 1182; x_wconf 90' lang='grc' dir='ltr'><strong>γάρ</strong></span> <span class='ocrx_word' id='word_1_86' title='bbox 1255 1131 1324 1182; x_wconf 92' lang='grc' dir='ltr'><strong>με</strong></span> <span class='ocrx_word' id='word_1_87' title='bbox 1346 1115 1490 1184; x_wconf 89' lang='grc' dir='ltr'><strong>τάχα</strong></span> <span class='ocrx_word' id='word_1_88' title='bbox 1523 1113 1704 1166; x_wconf 77' lang='grc' dir='ltr'><strong>καὶτὸ</strong></span> <span class='ocrx_word' id='word_1_89' title='bbox 1736 1114 1930 1177; x_wconf 85' lang='grc' dir='ltr'><strong>κάλλος</strong></span> <span class='ocrx_word' id='word_1_90' title='bbox 1957 1129 1976 1160; x_wconf 56' lang='grc' dir='ltr'><strong>φ</strong></span> 
     </span>
    </p>
   </div>
   <div class='ocr_carea' id='block_1_13' title="bbox 393 1203 1979 1275">
    <p class='ocr_par' dir='ltr' id='par_1_13' title="bbox 393 1203 1979 1275">
     <span class='ocr_line' id='line_1_13' title="bbox 393 1203 1979 1275; baseline 0.001 -19"><span class='ocrx_word' id='word_1_91' title='bbox 393 1205 492 1273; x_wconf 78' lang='grc' dir='ltr'><strong>οὐχ</strong></span> <span class='ocrx_word' id='word_1_92' title='bbox 525 1203 908 1272; x_wconf 78' lang='grc' dir='ltr'><strong>ὑπεξέφαινεν,</strong></span> <span class='ocrx_word' id='word_1_93' title='bbox 949 1205 1072 1260; x_wconf 76' lang='grc' dir='ltr'><strong>οὐδὲ</strong></span> <span class='ocrx_word' id='word_1_94' title='bbox 1099 1208 1460 1275; x_wconf 76' lang='grc' dir='ltr'><strong>παρεγύμνου</strong></span> <span class='ocrx_word' id='word_1_95' title='bbox 1493 1205 1592 1267; x_wconf 84' lang='grc' dir='ltr'><strong>τὰς</strong></span> <span class='ocrx_word' id='word_1_96' title='bbox 1625 1206 1878 1274; x_wconf 83' lang='grc' dir='ltr'><strong>χάριτας.</strong></span> <span class='ocrx_word' id='word_1_97' title='bbox 1911 1204 1979 1258; x_wconf 72' lang='grc' dir='ltr'><strong>Σὲ</strong></span> 
     </span>
    </p>
   </div>
   <div class='ocr_carea' id='block_1_14' title="bbox 395 1294 1980 1367">
    <p class='ocr_par' dir='ltr' id='par_1_14' title="bbox 395 1294 1980 1367">
     <span class='ocr_line' id='line_1_14' title="bbox 395 1294 1980 1367; baseline 0.002 -20"><span class='ocrx_word' id='word_1_98' title='bbox 395 1294 452 1347; x_wconf 84' lang='grc' dir='ltr'><strong>δέ</strong></span> <span class='ocrx_word' id='word_1_99' title='bbox 504 1296 602 1348; x_wconf 82' lang='grc' dir='ltr'><strong>οὐκ</strong></span> <span class='ocrx_word' id='word_1_100' title='bbox 637 1295 964 1351; x_wconf 71' lang='grc' dir='ltr'><strong>ἐλάνθανενο</strong></span> <span class='ocrx_word' id='word_1_101' title='bbox 997 1296 1116 1350; x_wconf 81' lang='grc' dir='ltr'><strong>ἀλλ’</strong></span> <span class='ocrx_word' id='word_1_102' title='bbox 1170 1300 1201 1367; x_wconf 88' lang='grc' dir='ltr'><strong>ή</strong></span> <span class='ocrx_word' id='word_1_103' title='bbox 1245 1299 1376 1367; x_wconf 82' lang='grc' dir='ltr'><strong>παρ’</strong></span> <span class='ocrx_word' id='word_1_104' title='bbox 1418 1297 1651 1367; x_wconf 81' lang='grc' dir='ltr'><strong>Ἡσιόδῳ</strong></span> <span class='ocrx_word' id='word_1_105' title='bbox 1685 1297 1980 1359; x_wconf 82' lang='grc' dir='ltr'><strong>πολυλάλος</strong></span> 
     </span>
    </p>
   </div>
   <div class='ocr_carea' id='block_1_15' title="bbox 397 1388 1982 1460">
    <p class='ocr_par' dir='ltr' id='par_1_15' title="bbox 397 1388 1982 1460">
     <span class='ocr_line' id='line_1_15' title="bbox 397 1388 1982 1460; baseline -0.001 -16"><span class='ocrx_word' id='word_1_106' title='bbox 397 1388 557 1458; x_wconf 76' lang='grc' dir='ltr'><strong>φήμη</strong></span> <span class='ocrx_word' id='word_1_107' title='bbox 605 1388 705 1456; x_wconf 82' lang='grc' dir='ltr'><strong>τὴν</strong></span> <span class='ocrx_word' id='word_1_108' title='bbox 762 1393 954 1444; x_wconf 87' lang='grc' dir='ltr'><strong>τούτου</strong></span> <span class='ocrx_word' id='word_1_109' title='bbox 1003 1409 1088 1444; x_wconf 88' lang='grc' dir='ltr'><strong>σοι</strong></span> <span class='ocrx_word' id='word_1_110' title='bbox 1143 1390 1408 1460; x_wconf 82' lang='grc' dir='ltr'><strong>ἀλήθειαν</strong></span> <span class='ocrx_word' id='word_1_111' title='bbox 1464 1391 1833 1460; x_wconf 80' lang='grc' dir='ltr'><strong>παρεκόμιζε,</strong></span> <span class='ocrx_word' id='word_1_112' title='bbox 1884 1393 1982 1444; x_wconf 71' lang='grc' dir='ltr'><strong>καὶ¹</strong></span> 
     </span>
    </p>
   </div>
   <div class='ocr_carea' id='block_1_16' title="bbox 397 1481 1982 1554">
    <p class='ocr_par' dir='ltr' id='par_1_16' title="bbox 397 1481 1982 1554">
     <span class='ocr_line' id='line_1_16' title="bbox 397 1481 1982 1554; baseline 0.003 -22"><span class='ocrx_word' id='word_1_113' title='bbox 397 1482 536 1550; x_wconf 79' lang='grc' dir='ltr'><strong>πρὸς</strong></span> <span class='ocrx_word' id='word_1_114' title='bbox 569 1481 790 1552; x_wconf 83' lang='grc' dir='ltr'><strong>φίλτρον</strong></span> <span class='ocrx_word' id='word_1_115' title='bbox 819 1482 1066 1548; x_wconf 83' lang='grc' dir='ltr'><strong>ἐξέκαεν.</strong></span> <span class='ocrx_word' id='word_1_116' title='bbox 1106 1483 1329 1554; x_wconf 79' lang='grc' dir='ltr'><strong>Ἀμέλει</strong></span> <span class='ocrx_word' id='word_1_117' title='bbox 1358 1484 1454 1538; x_wconf 81' lang='grc' dir='ltr'><strong>καὶ</strong></span> <span class='ocrx_word' id='word_1_118' title='bbox 1486 1484 1613 1546; x_wconf 80' lang='grc' dir='ltr'><strong>τοὺς</strong></span> <span class='ocrx_word' id='word_1_119' title='bbox 1651 1483 1982 1548; x_wconf 89' lang='grc' dir='ltr'><strong>ἐπιϐούλους</strong></span> 
     </span>
    </p>
   </div>
   <div class='ocr_carea' id='block_1_17' title="bbox 399 1572 1991 1649">
    <p class='ocr_par' dir='ltr' id='par_1_17' title="bbox 399 1572 1991 1649">
     <span class='ocr_line' id='line_1_17' title="bbox 399 1572 1991 1649; baseline 0.002 -23"><span class='ocrx_word' id='word_1_120' title='bbox 399 1572 462 1626; x_wconf 80' lang='grc' dir='ltr'><strong>εὖ</strong></span> <span class='ocrx_word' id='word_1_121' title='bbox 508 1574 655 1644; x_wconf 87' lang='grc' dir='ltr'><strong>μάλα</strong></span> <span class='ocrx_word' id='word_1_122' title='bbox 708 1576 1046 1646; x_wconf 84' lang='grc' dir='ltr'><strong>καταρτίσας</strong></span> <span class='ocrx_word' id='word_1_123' title='bbox 1074 1578 1364 1647; x_wconf 83' lang='grc' dir='ltr'><strong>ἐπαφῆκας</strong></span> <span class='ocrx_word' id='word_1_124' title='bbox 1397 1578 1531 1648; x_wconf 80' lang='grc' dir='ltr'><strong>ἡμῖν</strong></span> <span class='ocrx_word' id='word_1_125' title='bbox 1555 1594 1572 1609; x_wconf 76' lang='grc' dir='ltr'><strong>ο</strong></span> <span class='ocrx_word' id='word_1_126' title='bbox 1628 1579 1843 1647; x_wconf 85' lang='grc' dir='ltr'><strong>φθονῶν</strong></span> <span class='ocrx_word' id='word_1_127' title='bbox 1883 1579 1991 1649; x_wconf 65' lang='grc' dir='ltr'><strong>μὲνΙ</strong></span> 
     </span>
    </p>
   </div>
   <div class='ocr_carea' id='block_1_18' title="bbox 396 1666 1980 1740">
    <p class='ocr_par' dir='ltr' id='par_1_18' title="bbox 396 1666 1980 1740">
     <span class='ocr_line' id='line_1_18' title="bbox 396 1666 1980 1740; baseline 0.003 -23"><span class='ocrx_word' id='word_1_128' title='bbox 396 1695 469 1709; x_wconf 88' lang='grc'><strong>--</strong></span> <span class='ocrx_word' id='word_1_129' title='bbox 517 1668 618 1720; x_wconf 81' lang='grc' dir='ltr'><strong>οὐκ</strong></span> <span class='ocrx_word' id='word_1_130' title='bbox 656 1666 726 1721; x_wconf 80' lang='grc' dir='ltr'><strong>ἂν</strong></span> <span class='ocrx_word' id='word_1_131' title='bbox 780 1667 998 1738; x_wconf 78' lang='grc' dir='ltr'><strong>εἴποιμι</strong></span> <span class='ocrx_word' id='word_1_132' title='bbox 1051 1669 1166 1738; x_wconf 90' lang='grc' dir='ltr'><strong>(τοῦ</strong></span> <span class='ocrx_word' id='word_1_133' title='bbox 1207 1670 1316 1738; x_wconf 84' lang='grc' dir='ltr'><strong>γὰρ</strong></span> <span class='ocrx_word' id='word_1_134' title='bbox 1376 1669 1505 1740; x_wconf 82' lang='grc' dir='ltr'><strong>περὶ</strong></span> <span class='ocrx_word' id='word_1_135' title='bbox 1540 1669 1599 1724; x_wconf 76' lang='grc' dir='ltr'><strong>σὲ</strong></span> <span class='ocrx_word' id='word_1_136' title='bbox 1650 1670 1842 1740; x_wconf 69' lang='grc' dir='ltr'><strong>χοροῦ,</strong></span> <span class='ocrx_word' id='word_1_137' title='bbox 1874 1671 1980 1722; x_wconf 86' lang='grc' dir='ltr'><strong>τῶν</strong></span> 
     </span>
    </p>
   </div>
   <div class='ocr_carea' id='block_1_19' title="bbox 2075 463 3655 535">
    <p class='ocr_par' dir='ltr' id='par_1_19' title="bbox 2075 463 3655 535">
     <span class='ocr_line' id='line_1_19' title="bbox 2075 463 3655 535; baseline -0.001 -16"><span class='ocrx_word' id='word_1_138' title='bbox 2075 465 2244 520; x_wconf 87' lang='grc' dir='ltr'><strong>τόπου</strong></span> <span class='ocrx_word' id='word_1_139' title='bbox 2297 464 2451 535; x_wconf 88' lang='grc' dir='ltr'><strong>καλῷ</strong></span> <span class='ocrx_word' id='word_1_140' title='bbox 2504 464 2880 534; x_wconf 79' lang='grc' dir='ltr'><strong>παρενέρῤιψε</strong></span> <span class='ocrx_word' id='word_1_141' title='bbox 2931 463 3105 535; x_wconf 89' lang='grc' dir='ltr'><strong>(φιλία</strong></span> <span class='ocrx_word' id='word_1_142' title='bbox 3135 483 3220 528; x_wconf 84' lang='grc' dir='ltr'><strong>τις</strong></span> <span class='ocrx_word' id='word_1_143' title='bbox 3260 465 3462 533; x_wconf 82' lang='grc' dir='ltr'><strong>δηλαδὴ</strong></span> <span class='ocrx_word' id='word_1_144' title='bbox 3493 465 3655 518; x_wconf 86' lang='grc' dir='ltr'><strong>πολυ-</strong></span> 
     </span>
    </p>
   </div>
   <div class='ocr_carea' id='block_1_20' title="bbox 2077 556 3657 628">
    <p class='ocr_par' dir='ltr' id='par_1_20' title="bbox 2077 556 3657 628">
     <span class='ocr_line' id='line_1_20' title="bbox 2077 556 3657 628; baseline 0 -18"><span class='ocrx_word' id='word_1_145' title='bbox 2077 557 2390 628; x_wconf 81' lang='grc' dir='ltr'><strong>ρέμϐαστος</strong></span> <span class='ocrx_word' id='word_1_146' title='bbox 2417 559 2514 611; x_wconf 76' lang='grc' dir='ltr'><strong>καὶ</strong></span> <span class='ocrx_word' id='word_1_147' title='bbox 2541 557 2706 610; x_wconf 81' lang='grc' dir='ltr'><strong>καλὸν</strong></span> <span class='ocrx_word' id='word_1_148' title='bbox 2728 557 2966 612; x_wconf 85' lang='grc' dir='ltr'><strong>δοκοῦσα</strong></span> <span class='ocrx_word' id='word_1_149' title='bbox 2989 587 3062 599; x_wconf 91' lang='lat'><strong>——</strong></span> <span class='ocrx_word' id='word_1_150' title='bbox 3091 558 3238 611; x_wconf 74' lang='grc' dir='ltr'><strong>εἴποι</strong></span> <span class='ocrx_word' id='word_1_151' title='bbox 3271 558 3336 612; x_wconf 81' lang='grc' dir='ltr'><strong>ἂν</strong></span> <span class='ocrx_word' id='word_1_152' title='bbox 3375 560 3408 626; x_wconf 84' lang='grc' dir='ltr'><strong>ἡ</strong></span> <span class='ocrx_word' id='word_1_153' title='bbox 3448 556 3657 623; x_wconf 73' lang='grc' dir='ltr'><strong>Σαπφὼ</strong></span> 
     </span>
    </p>
   </div>
   <div class='ocr_carea' id='block_1_21' title="bbox 2074 647 3656 722">
    <p class='ocr_par' dir='ltr' id='par_1_21' title="bbox 2074 647 3656 722">
     <span class='ocr_line' id='line_1_21' title="bbox 2074 647 3656 722; baseline 0 -20"><span class='ocrx_word' id='word_1_154' title='bbox 2074 680 2147 690; x_wconf 95' lang='lat'><strong><em>—</em></strong></span> <span class='ocrx_word' id='word_1_155' title='bbox 2174 649 2455 720; x_wconf 82' lang='grc' dir='ltr'><strong>δημόσιον)</strong></span> <span class='ocrx_word' id='word_1_156' title='bbox 2483 669 2496 682; x_wconf 90' lang='grc'><strong>·</strong></span> <span class='ocrx_word' id='word_1_157' title='bbox 2531 651 2670 705; x_wconf 87' lang='grc' dir='ltr'><strong>άλλά</strong></span> <span class='ocrx_word' id='word_1_158' title='bbox 2693 651 2790 705; x_wconf 61' lang='grc' dir='ltr'><strong>καὶ¹</strong></span> <span class='ocrx_word' id='word_1_159' title='bbox 2823 647 3062 722; x_wconf 79' lang='grc' dir='ltr'><strong>καθαρὰ,</strong></span> <span class='ocrx_word' id='word_1_160' title='bbox 3100 651 3198 704; x_wconf 82' lang='grc' dir='ltr'><strong>καὶ</strong></span> <span class='ocrx_word' id='word_1_161' title='bbox 3227 651 3369 704; x_wconf 85' lang='grc' dir='ltr'><strong>κατὰ</strong></span> <span class='ocrx_word' id='word_1_162' title='bbox 3399 649 3496 720; x_wconf 78' lang='grc' dir='ltr'><strong>τήν</strong></span> <span class='ocrx_word' id='word_1_163' title='bbox 3525 650 3656 720; x_wconf 86' lang='grc' dir='ltr'><strong>παρ’</strong></span> 
     </span>
    </p>
   </div>
   <div class='ocr_carea' id='block_1_22' title="bbox 2088 741 3655 812">
    <p class='ocr_par' dir='ltr' id='par_1_22' title="bbox 2088 741 3655 812">
     <span class='ocr_line' id='line_1_22' title="bbox 2088 741 3655 812; baseline 0.001 -18"><span class='ocrx_word' id='word_1_164' title='bbox 2088 741 2318 811; x_wconf 81' lang='grc' dir='ltr'><strong>Ἡσιόδῳ</strong></span> <span class='ocrx_word' id='word_1_165' title='bbox 2359 741 2528 812; x_wconf 90' lang='grc' dir='ltr'><strong>Δίκην</strong></span> <span class='ocrx_word' id='word_1_166' title='bbox 2561 742 2855 812; x_wconf 74' lang='grc' dir='ltr'><strong>παρθένος,</strong></span> <span class='ocrx_word' id='word_1_167' title='bbox 2903 743 2998 795; x_wconf 77' lang='grc' dir='ltr'><strong>καὶ</strong></span> <span class='ocrx_word' id='word_1_168' title='bbox 3043 742 3261 804; x_wconf 76' lang='grc' dir='ltr'><strong>πολλοῖς</strong></span> <span class='ocrx_word' id='word_1_169' title='bbox 3304 741 3655 811; x_wconf 76' lang='grc' dir='ltr'><strong>ἀνομίλητος.</strong></span> 
     </span>
    </p>
   </div>
   <div class='ocr_carea' id='block_1_23' title="bbox 2080 828 3659 907">
    <p class='ocr_par' dir='ltr' id='par_1_23' title="bbox 2080 828 3659 907">
     <span class='ocr_line' id='line_1_23' title="bbox 2080 828 3659 907; baseline -0.004 -18"><span class='ocrx_word' id='word_1_170' title='bbox 2080 828 2246 890; x_wconf 79' lang='grc' dir='ltr'><strong>Οὗτοι</strong></span> <span class='ocrx_word' id='word_1_171' title='bbox 2275 837 2666 907; x_wconf 81' lang='grc' dir='ltr'><strong>περιελθόντες</strong></span> <span class='ocrx_word' id='word_1_172' title='bbox 2696 836 2844 890; x_wconf 73' lang='grc' dir='ltr'><strong>ἅπαν</strong></span> <span class='ocrx_word' id='word_1_173' title='bbox 2877 853 2966 906; x_wconf 90' lang='grc' dir='ltr'><strong>μοι</strong></span> <span class='ocrx_word' id='word_1_174' title='bbox 2995 835 3057 888; x_wconf 72' lang='grc' dir='ltr'><strong>τὸ</strong></span> <span class='ocrx_word' id='word_1_175' title='bbox 3086 837 3310 904; x_wconf 84' lang='grc' dir='ltr'><strong>κήπιον,</strong></span> <span class='ocrx_word' id='word_1_176' title='bbox 3345 836 3398 886; x_wconf 80' lang='grc' dir='ltr'><strong>εί</strong></span> <span class='ocrx_word' id='word_1_177' title='bbox 3421 851 3525 887; x_wconf 82' lang='grc' dir='ltr'><strong>που</strong></span> <span class='ocrx_word' id='word_1_178' title='bbox 3556 832 3659 900; x_wconf 81' lang='grc' dir='ltr'><strong>μὲν</strong></span> 
     </span>
    </p>
   </div>
   <div class='ocr_carea' id='block_1_24' title="bbox 2081 926 3659 1002">
    <p class='ocr_par' dir='ltr' id='par_1_24' title="bbox 2081 926 3659 1002">
     <span class='ocr_line' id='line_1_24' title="bbox 2081 926 3659 1002; baseline -0.008 -18"><span class='ocrx_word' id='word_1_179' title='bbox 2081 931 2254 1000; x_wconf 86' lang='grc' dir='ltr'><strong>μῆλον</strong></span> <span class='ocrx_word' id='word_1_180' title='bbox 2281 926 2351 1002; x_wconf 74' lang='grc' dir='ltr'><strong>ἦν</strong></span> <span class='ocrx_word' id='word_1_181' title='bbox 2382 931 2644 1000; x_wconf 81' lang='grc' dir='ltr'><strong>ἑκάτερον</strong></span> <span class='ocrx_word' id='word_1_182' title='bbox 2663 945 2679 960; x_wconf 71' lang='grc' dir='ltr'><strong>ο</strong></span> <span class='ocrx_word' id='word_1_183' title='bbox 2733 932 2858 982; x_wconf 74' lang='grc' dir='ltr'><strong>ὅσον</strong></span> <span class='ocrx_word' id='word_1_184' title='bbox 2891 945 2951 981; x_wconf 88' lang='grc' dir='ltr'><strong>τε</strong></span> <span class='ocrx_word' id='word_1_185' title='bbox 2977 932 3040 981; x_wconf 82' lang='grc' dir='ltr'><strong>ἐκ</strong></span> <span class='ocrx_word' id='word_1_186' title='bbox 3066 928 3334 998; x_wconf 86' lang='grc' dir='ltr'><strong>Περσίδος</strong></span> <span class='ocrx_word' id='word_1_187' title='bbox 3378 927 3491 996; x_wconf 69' lang='grc' dir='ltr'><strong>ἔχει</strong></span> <span class='ocrx_word' id='word_1_188' title='bbox 3515 928 3659 995; x_wconf 77' lang='grc' dir='ltr'><strong>τάχα,</strong></span> 
     </span>
    </p>
   </div>
   <div class='ocr_carea' id='block_1_25' title="bbox 2083 1018 3661 1095">
    <p class='ocr_par' dir='ltr' id='par_1_25' title="bbox 2083 1018 3661 1095">
     <span class='ocr_line' id='line_1_25' title="bbox 2083 1018 3661 1095; baseline -0.003 -19"><span class='ocrx_word' id='word_1_189' title='bbox 2083 1025 2181 1095; x_wconf 79' lang='grc' dir='ltr'><strong>μὲν</strong></span> <span class='ocrx_word' id='word_1_190' title='bbox 2213 1025 2309 1078; x_wconf 71' lang='grc' dir='ltr'><strong>καὶ</strong></span> <span class='ocrx_word' id='word_1_191' title='bbox 2337 1024 2439 1094; x_wconf 78' lang='grc' dir='ltr'><strong>τὴν</strong></span> <span class='ocrx_word' id='word_1_192' title='bbox 2463 1025 2698 1092; x_wconf 86' lang='grc' dir='ltr'><strong>γένεσιν.</strong></span> <span class='ocrx_word' id='word_1_193' title='bbox 2726 1024 2828 1092; x_wconf 80' lang='grc' dir='ltr'><strong>τὴν</strong></span> <span class='ocrx_word' id='word_1_194' title='bbox 2865 1022 2924 1075; x_wconf 79' lang='grc' dir='ltr'><strong>δὲ</strong></span> <span class='ocrx_word' id='word_1_195' title='bbox 2949 1019 3333 1091; x_wconf 52' lang='grc' dir='ltr'><strong>παρωνυμίαι).</strong></span> <span class='ocrx_word' id='word_1_196' title='bbox 3363 1020 3438 1082; x_wconf 86' lang='grc' dir='ltr'><strong>ὡς</strong></span> <span class='ocrx_word' id='word_1_197' title='bbox 3459 1018 3561 1072; x_wconf 74' lang='grc' dir='ltr'><strong>οὐκ</strong></span> <span class='ocrx_word' id='word_1_198' title='bbox 3591 1021 3661 1076; x_wconf 78' lang='grc' dir='ltr'><strong>ἂν</strong></span> 
     </span>
    </p>
   </div>
   <div class='ocr_carea' id='block_1_26' title="bbox 2079 1114 3660 1188">
    <p class='ocr_par' dir='ltr' id='par_1_26' title="bbox 2079 1114 3660 1188">
     <span class='ocr_line' id='line_1_26' title="bbox 2079 1114 3660 1188; baseline -0.006 -13"><span class='ocrx_word' id='word_1_199' title='bbox 2079 1121 2165 1188; x_wconf 72' lang='grc' dir='ltr'><strong>εἴη</strong></span> <span class='ocrx_word' id='word_1_200' title='bbox 2219 1118 2524 1188; x_wconf 82' lang='grc' dir='ltr'><strong>ἀμφίϐολον</strong></span> <span class='ocrx_word' id='word_1_201' title='bbox 2549 1135 2564 1150; x_wconf 79' lang='grc' dir='ltr'><strong>ο</strong></span> <span class='ocrx_word' id='word_1_202' title='bbox 2596 1120 2694 1173; x_wconf 75' lang='grc' dir='ltr'><strong>καὶ</strong></span> <span class='ocrx_word' id='word_1_203' title='bbox 2741 1120 2868 1171; x_wconf 82' lang='grc' dir='ltr'><strong>ὅσον</strong></span> <span class='ocrx_word' id='word_1_204' title='bbox 2913 1117 2969 1170; x_wconf 76' lang='grc' dir='ltr'><strong>δὲ</strong></span> <span class='ocrx_word' id='word_1_205' title='bbox 3000 1116 3101 1184; x_wconf 86' lang='grc' dir='ltr'><strong>τὴν</strong></span> <span class='ocrx_word' id='word_1_206' title='bbox 3132 1116 3320 1178; x_wconf 83' lang='grc' dir='ltr'><strong>ἁπλῶς</strong></span> <span class='ocrx_word' id='word_1_207' title='bbox 3357 1115 3453 1168; x_wconf 88' lang='grc' dir='ltr'><strong>τοῦ</strong></span> <span class='ocrx_word' id='word_1_208' title='bbox 3489 1114 3660 1184; x_wconf 82' lang='grc' dir='ltr'><strong>μήλου</strong></span> 
     </span>
    </p>
   </div>
   <div class='ocr_carea' id='block_1_27' title="bbox 2081 1205 3663 1282">
    <p class='ocr_par' dir='ltr' id='par_1_27' title="bbox 2081 1205 3663 1282">
     <span class='ocr_line' id='line_1_27' title="bbox 2081 1205 3663 1282; baseline -0.006 -16"><span class='ocrx_word' id='word_1_209' title='bbox 2081 1213 2278 1282; x_wconf 80' lang='grc' dir='ltr'><strong>κλῆσιν</strong></span> <span class='ocrx_word' id='word_1_210' title='bbox 2309 1213 2504 1282; x_wconf 61' lang='grc' dir='ltr'><strong>ἔλαχεν</strong></span> <span class='ocrx_word' id='word_1_211' title='bbox 2555 1211 2942 1271; x_wconf 79' lang='grc' dir='ltr'><strong>άσυνδυάστως</strong></span> <span class='ocrx_word' id='word_1_212' title='bbox 2989 1210 3126 1281; x_wconf 72' lang='grc' dir='ltr'><strong>πρὸς</strong></span> <span class='ocrx_word' id='word_1_213' title='bbox 3179 1208 3431 1260; x_wconf 80' lang='grc' dir='ltr'><strong>ἐπίθετον</strong></span> <span class='ocrx_word' id='word_1_214' title='bbox 3459 1221 3475 1236; x_wconf 86' lang='grc'><strong>·</strong></span> <span class='ocrx_word' id='word_1_215' title='bbox 3525 1205 3663 1260; x_wconf 75' lang='grc' dir='ltr'><strong>ἀλλὰ</strong></span> 
     </span>
    </p>
   </div>
   <div class='ocr_carea' id='block_1_28' title="bbox 2080 1298 3662 1376">
    <p class='ocr_par' dir='ltr' id='par_1_28' title="bbox 2080 1298 3662 1376">
     <span class='ocr_line' id='line_1_28' title="bbox 2080 1298 3662 1376; baseline -0.006 -18"><span class='ocrx_word' id='word_1_216' title='bbox 2080 1304 2258 1359; x_wconf 86' lang='grc' dir='ltr'><strong>ταῦτα</strong></span> <span class='ocrx_word' id='word_1_217' title='bbox 2309 1305 2444 1376; x_wconf 77' lang='grc' dir='ltr'><strong>παρ’</strong></span> <span class='ocrx_word' id='word_1_218' title='bbox 2467 1305 2620 1358; x_wconf 79' lang='grc' dir='ltr'><strong>οὐδὲν</strong></span> <span class='ocrx_word' id='word_1_219' title='bbox 2652 1304 2912 1356; x_wconf 83' lang='grc' dir='ltr'><strong>ἐτίθεντο.</strong></span> <span class='ocrx_word' id='word_1_220' title='bbox 2952 1302 3304 1371; x_wconf 85' lang='grc' dir='ltr'><strong>Παρήρχοντο</strong></span> <span class='ocrx_word' id='word_1_221' title='bbox 3347 1300 3402 1352; x_wconf 83' lang='grc' dir='ltr'><strong>δέ</strong></span> <span class='ocrx_word' id='word_1_222' title='bbox 3444 1316 3534 1368; x_wconf 86' lang='grc' dir='ltr'><strong>μοι</strong></span> <span class='ocrx_word' id='word_1_223' title='bbox 3567 1298 3662 1350; x_wconf 76' lang='grc' dir='ltr'><strong>καὶ</strong></span> 
     </span>
    </p>
   </div>
   <div class='ocr_carea' id='block_1_29' title="bbox 2081 1387 3665 1466">
    <p class='ocr_par' dir='ltr' id='par_1_29' title="bbox 2081 1387 3665 1466">
     <span class='ocr_line' id='line_1_29' title="bbox 2081 1387 3665 1466; baseline -0.006 -16"><span class='ocrx_word' id='word_1_224' title='bbox 2081 1398 2178 1460; x_wconf 84' lang='grc' dir='ltr'><strong>τάς</strong></span> <span class='ocrx_word' id='word_1_225' title='bbox 2209 1399 2452 1466; x_wconf 74' lang='grc' dir='ltr'><strong>εὐγενεῖς</strong></span> <span class='ocrx_word' id='word_1_226' title='bbox 2489 1396 2789 1465; x_wconf 82' lang='grc' dir='ltr'><strong>σταφυλὰς,</strong></span> <span class='ocrx_word' id='word_1_227' title='bbox 2817 1395 2898 1447; x_wconf 82' lang='grc' dir='ltr'><strong>ὅτι</strong></span> <span class='ocrx_word' id='word_1_228' title='bbox 2927 1394 3182 1462; x_wconf 76' lang='grc' dir='ltr'><strong>ὄμφακες</strong></span> <span class='ocrx_word' id='word_1_229' title='bbox 3203 1409 3216 1423; x_wconf 89' lang='grc'><strong>·</strong></span> <span class='ocrx_word' id='word_1_230' title='bbox 3251 1391 3346 1445; x_wconf 75' lang='grc' dir='ltr'><strong>καὶ</strong></span> <span class='ocrx_word' id='word_1_231' title='bbox 3373 1391 3470 1452; x_wconf 74' lang='grc' dir='ltr'><strong>τὰς</strong></span> <span class='ocrx_word' id='word_1_232' title='bbox 3497 1387 3665 1443; x_wconf 67' lang='grc' dir='ltr'><strong>καλὸν</strong></span> 
     </span>
    </p>
   </div>
   <div class='ocr_carea' id='block_1_30' title="bbox 2082 1481 3664 1559">
    <p class='ocr_par' dir='ltr' id='par_1_30' title="bbox 2082 1481 3664 1559">
     <span class='ocr_line' id='line_1_30' title="bbox 2082 1481 3664 1559; baseline -0.008 -16"><span class='ocrx_word' id='word_1_233' title='bbox 2082 1491 2404 1559; x_wconf 84' lang='grc' dir='ltr'><strong>λαμπούσας</strong></span> <span class='ocrx_word' id='word_1_234' title='bbox 2457 1489 2636 1559; x_wconf 72' lang='grc' dir='ltr'><strong>ῥοιὰς,</strong></span> <span class='ocrx_word' id='word_1_235' title='bbox 2691 1489 2888 1558; x_wconf 77' lang='grc' dir='ltr'><strong>ὅτιπερ</strong></span> <span class='ocrx_word' id='word_1_236' title='bbox 2935 1489 2993 1540; x_wconf 91' lang='grc' dir='ltr'><strong>ἐν</strong></span> <span class='ocrx_word' id='word_1_237' title='bbox 3043 1488 3222 1546; x_wconf 77' lang='grc' dir='ltr'><strong>κενοῖς</strong></span> <span class='ocrx_word' id='word_1_238' title='bbox 3263 1485 3525 1552; x_wconf 81' lang='grc' dir='ltr'><strong>λεπύροις</strong></span> <span class='ocrx_word' id='word_1_239' title='bbox 3584 1481 3664 1533; x_wconf 71' lang='grc' dir='ltr'><strong>ἔτι</strong></span> 
     </span>
    </p>
   </div>
   <div class='ocr_carea' id='block_1_31' title="bbox 2083 1574 3667 1651">
    <p class='ocr_par' dir='ltr' id='par_1_31' title="bbox 2083 1574 3667 1651">
     <span class='ocr_line' id='line_1_31' title="bbox 2083 1574 3667 1651; baseline -0.01 -11"><span class='ocrx_word' id='word_1_240' title='bbox 2083 1587 2176 1639; x_wconf 76' lang='grc' dir='ltr'><strong>καὶ</strong></span> <span class='ocrx_word' id='word_1_241' title='bbox 2225 1583 2470 1648; x_wconf 84' lang='grc' dir='ltr'><strong>κάλυξιν.</strong></span> <span class='ocrx_word' id='word_1_242' title='bbox 2515 1581 2596 1638; x_wconf 84' lang='grc' dir='ltr'><strong>Οὐ</strong></span> <span class='ocrx_word' id='word_1_243' title='bbox 2655 1583 2951 1651; x_wconf 80' lang='grc' dir='ltr'><strong>προσεῖχον</strong></span> <span class='ocrx_word' id='word_1_244' title='bbox 2981 1579 3040 1632; x_wconf 83' lang='grc' dir='ltr'><strong>δέ</strong></span> <span class='ocrx_word' id='word_1_245' title='bbox 3089 1578 3180 1631; x_wconf 72' lang='grc' dir='ltr'><strong>τὸν</strong></span> <span class='ocrx_word' id='word_1_246' title='bbox 3213 1576 3338 1630; x_wconf 86' lang='grc' dir='ltr'><strong>νοῦν</strong></span> <span class='ocrx_word' id='word_1_247' title='bbox 3387 1574 3513 1627; x_wconf 72' lang='grc' dir='ltr'><strong>οὐδὲ</strong></span> <span class='ocrx_word' id='word_1_248' title='bbox 3545 1576 3667 1631; x_wconf 70' lang='grc' dir='ltr'><strong>ταῖς</strong></span> 
     </span>
    </p>
   </div>
   <div class='ocr_carea' id='block_1_32' title="bbox 2087 1667 3665 1744">
    <p class='ocr_par' dir='ltr' id='par_1_32' title="bbox 2087 1667 3665 1744">
     <span class='ocr_line' id='line_1_32' title="bbox 2087 1667 3665 1744; baseline -0.008 -14"><span class='ocrx_word' id='word_1_249' title='bbox 2087 1678 2279 1738; x_wconf 80' lang='grc' dir='ltr'><strong>συκαῖς</strong></span> <span class='ocrx_word' id='word_1_250' title='bbox 2298 1691 2312 1706; x_wconf 88' lang='grc'><strong>·</strong></span> <span class='ocrx_word' id='word_1_251' title='bbox 2339 1674 2490 1729; x_wconf 78' lang='grc' dir='ltr'><strong>οῦπω</strong></span> <span class='ocrx_word' id='word_1_252' title='bbox 2520 1676 2630 1744; x_wconf 69' lang='grc' dir='ltr'><strong>γὰρ</strong></span> <span class='ocrx_word' id='word_1_253' title='bbox 2649 1674 2712 1726; x_wconf 71' lang='grc' dir='ltr'><strong>τὸ</strong></span> <span class='ocrx_word' id='word_1_254' title='bbox 2735 1673 2846 1728; x_wconf 85' lang='grc' dir='ltr'><strong>τῶν</strong></span> <span class='ocrx_word' id='word_1_255' title='bbox 2877 1672 3062 1725; x_wconf 87' lang='grc' dir='ltr'><strong>σύκων</strong></span> <span class='ocrx_word' id='word_1_256' title='bbox 3087 1669 3211 1739; x_wconf 88' lang='grc' dir='ltr'><strong>μέλι</strong></span> <span class='ocrx_word' id='word_1_257' title='bbox 3235 1667 3665 1740; x_wconf 83' lang='grc' dir='ltr'><strong>προύϐέϐληντο,</strong></span> 
     </span>
    </p>
   </div>
   <div class='ocr_carea' id='block_1_33' title="bbox 399 1753 3668 1836">
    <p class='ocr_par' dir='ltr' id='par_1_33' title="bbox 399 1753 3668 1836">
     <span class='ocr_line' id='line_1_33' title="bbox 399 1753 3668 1836; baseline -0 -24"><span class='ocrx_word' id='word_1_258' title='bbox 399 1759 610 1827; x_wconf 83' lang='grc' dir='ltr'><strong>ἀρετῶν</strong></span> <span class='ocrx_word' id='word_1_259' title='bbox 657 1760 950 1832; x_wconf 80' lang='grc' dir='ltr'><strong>ὑπερόριος</strong></span> <span class='ocrx_word' id='word_1_260' title='bbox 979 1765 1006 1815; x_wconf 87' lang='grc' dir='ltr'>ὁ</span> <span class='ocrx_word' id='word_1_261' title='bbox 1042 1762 1236 1830; x_wconf 84' lang='grc' dir='ltr'><strong>φθόνος</strong></span> <span class='ocrx_word' id='word_1_262' title='bbox 1285 1762 1643 1834; x_wconf 81' lang='grc' dir='ltr'><strong>ἐξώρισται)·</strong></span> <span class='ocrx_word' id='word_1_263' title='bbox 1685 1763 1908 1832; x_wconf 84' lang='grc' dir='ltr'><strong>νέμεσιν</strong></span> <span class='ocrx_word' id='word_1_264' title='bbox 1939 1763 1982 1816; x_wconf 89' lang='grc' dir='ltr'><strong>δ’</strong></span> <span class='ocrx_word' id='word_1_265' title='bbox 2012 1753 2058 1814; x_wconf 85' lang='grc' dir='ltr'><strong><em>Β</em></strong></span> <span class='ocrx_word' id='word_1_266' title='bbox 2086 1768 2198 1824; x_wconf 78' lang='grc' dir='ltr'><strong>οὐδ’</strong></span> <span class='ocrx_word' id='word_1_267' title='bbox 2249 1771 2330 1830; x_wconf 77' lang='grc' dir='ltr'><strong>εἰς</strong></span> <span class='ocrx_word' id='word_1_268' title='bbox 2387 1767 2607 1836; x_wconf 78' lang='grc' dir='ltr'><strong>ὁμιλίαν</strong></span> <span class='ocrx_word' id='word_1_269' title='bbox 2673 1763 2788 1820; x_wconf 84' lang='grc' dir='ltr'><strong>οἷον</strong></span> <span class='ocrx_word' id='word_1_270' title='bbox 2850 1765 3165 1833; x_wconf 80' lang='grc' dir='ltr'><strong>ύπὲχαινον.</strong></span> <span class='ocrx_word' id='word_1_271' title='bbox 3215 1763 3282 1815; x_wconf 88' lang='grc' dir='ltr'><strong>Τί</strong></span> <span class='ocrx_word' id='word_1_272' title='bbox 3343 1778 3436 1832; x_wconf 87' lang='grc' dir='ltr'><strong>μοι</strong></span> <span class='ocrx_word' id='word_1_273' title='bbox 3482 1759 3668 1830; x_wconf 69' lang='grc' dir='ltr'><strong>μακρά</strong></span> 
     </span>
    </p>
   </div>
   <div class='ocr_carea' id='block_1_34' title="bbox 398 1848 1985 1926">
    <p class='ocr_par' dir='ltr' id='par_1_34' title="bbox 398 1848 1985 1926">
     <span class='ocr_line' id='line_1_34' title="bbox 398 1848 1985 1926; baseline 0.001 -19"><span class='ocrx_word' id='word_1_274' title='bbox 398 1848 468 1907; x_wconf 84' lang='grc' dir='ltr'><strong>αὖ</strong></span> <span class='ocrx_word' id='word_1_275' title='bbox 544 1856 1042 1926; x_wconf 82' lang='grc' dir='ltr'><strong>προσμαρτυρῆσαι</strong></span> <span class='ocrx_word' id='word_1_276' title='bbox 1115 1854 1195 1926; x_wconf 80' lang='grc' dir='ltr'><strong>τῷ</strong></span> <span class='ocrx_word' id='word_1_277' title='bbox 1275 1857 1564 1926; x_wconf 82' lang='grc' dir='ltr'><strong>πράγματι</strong></span> <span class='ocrx_word' id='word_1_278' title='bbox 1637 1856 1782 1909; x_wconf 88' lang='grc' dir='ltr'><strong>ὀκνῶ</strong></span> <span class='ocrx_word' id='word_1_279' title='bbox 1861 1858 1985 1910; x_wconf 88' lang='grc' dir='ltr'><strong>κατ’</strong></span> 
     </span>
    </p>
   </div>
   <div class='ocr_carea' id='block_1_35' title="bbox 399 1948 1984 2020">
    <p class='ocr_par' dir='ltr' id='par_1_35' title="bbox 399 1948 1984 2020">
     <span class='ocr_line' id='line_1_35' title="bbox 399 1948 1984 2020; baseline 0.002 -19"><span class='ocrx_word' id='word_1_280' title='bbox 399 1949 668 2020; x_wconf 79' lang='grc' dir='ltr'><strong>ἐμαυτοῦ.</strong></span> <span class='ocrx_word' id='word_1_281' title='bbox 739 1948 1100 2020; x_wconf 82' lang='grc' dir='ltr'><strong>Νεμεσᾶσθαι</strong></span> <span class='ocrx_word' id='word_1_282' title='bbox 1160 1950 1270 2019; x_wconf 82' lang='grc' dir='ltr'><strong>γάρ</strong></span> <span class='ocrx_word' id='word_1_283' title='bbox 1359 1949 1559 2004; x_wconf 80' lang='grc' dir='ltr'><strong>οῦκουν</strong></span> <span class='ocrx_word' id='word_1_284' title='bbox 1626 1949 1984 2020; x_wconf 85' lang='grc' dir='ltr'><strong>βεϐούλημαι.</strong></span> 
     </span>
    </p>
   </div>
   <div class='ocr_carea' id='block_1_36' title="bbox 403 2041 1982 2114">
    <p class='ocr_par' dir='ltr' id='par_1_36' title="bbox 403 2041 1982 2114">
     <span class='ocr_line' id='line_1_36' title="bbox 403 2041 1982 2114; baseline 0 -20"><span class='ocrx_word' id='word_1_285' title='bbox 403 2041 592 2112; x_wconf 86' lang='grc' dir='ltr'><strong>Κρίνω</strong></span> <span class='ocrx_word' id='word_1_286' title='bbox 647 2042 800 2110; x_wconf 89' lang='grc' dir='ltr'><strong>γοῦν,</strong></span> <span class='ocrx_word' id='word_1_287' title='bbox 867 2043 949 2097; x_wconf 82' lang='grc' dir='ltr'><strong>ὅτι</strong></span> <span class='ocrx_word' id='word_1_288' title='bbox 1017 2042 1180 2114; x_wconf 81' lang='grc' dir='ltr'><strong>ζῆλος</strong></span> <span class='ocrx_word' id='word_1_289' title='bbox 1230 2045 1259 2098; x_wconf 87' lang='grc' dir='ltr'><strong>ό</strong></span> <span class='ocrx_word' id='word_1_290' title='bbox 1323 2043 1589 2114; x_wconf 85' lang='grc' dir='ltr'><strong>κρείττων</strong></span> <span class='ocrx_word' id='word_1_291' title='bbox 1640 2042 1831 2096; x_wconf 84' lang='grc' dir='ltr'><strong>ἐκκάει</strong></span> <span class='ocrx_word' id='word_1_292' title='bbox 1901 2059 1982 2108; x_wconf 88' lang='grc' dir='ltr'><strong>σε,</strong></span> 
     </span>
    </p>
   </div>
   <div class='ocr_carea' id='block_1_37' title="bbox 404 2135 1987 2212">
    <p class='ocr_par' dir='ltr' id='par_1_37' title="bbox 404 2135 1987 2212">
     <span class='ocr_line' id='line_1_37' title="bbox 404 2135 1987 2212; baseline 0.006 -27"><span class='ocrx_word' id='word_1_293' title='bbox 404 2135 501 2189; x_wconf 78' lang='grc' dir='ltr'><strong>καὶ</strong></span> <span class='ocrx_word' id='word_1_294' title='bbox 550 2136 586 2206; x_wconf 86' lang='grc' dir='ltr'><strong>ή</strong></span> <span class='ocrx_word' id='word_1_295' title='bbox 633 2136 730 2191; x_wconf 83' lang='grc' dir='ltr'><strong>τοῦ</strong></span> <span class='ocrx_word' id='word_1_296' title='bbox 787 2139 968 2210; x_wconf 83' lang='grc' dir='ltr'><strong>κήπου</strong></span> <span class='ocrx_word' id='word_1_297' title='bbox 1021 2139 1184 2212; x_wconf 90' lang='grc' dir='ltr'><strong>χάρις</strong></span> <span class='ocrx_word' id='word_1_298' title='bbox 1235 2139 1547 2210; x_wconf 85' lang='grc' dir='ltr'><strong>ἐφέλκεται.</strong></span> <span class='ocrx_word' id='word_1_299' title='bbox 1589 2140 1699 2194; x_wconf 75' lang='grc' dir='ltr'><strong>Καὶ</strong></span> <span class='ocrx_word' id='word_1_300' title='bbox 1746 2139 1872 2194; x_wconf 73' lang='grc' dir='ltr'><strong>ἐπεὶ</strong></span> <span class='ocrx_word' id='word_1_301' title='bbox 1913 2142 1987 2212; x_wconf 83' lang='grc' dir='ltr'><strong>μὴ</strong></span> 
     </span>
    </p>
   </div>
   <div class='ocr_carea' id='block_1_38' title="bbox 415 2233 1991 2306">
    <p class='ocr_par' dir='ltr' id='par_1_38' title="bbox 415 2233 1991 2306">
     <span class='ocr_line' id='line_1_38' title="bbox 415 2233 1991 2306; baseline 0.001 -20"><span class='ocrx_word' id='word_1_302' title='bbox 415 2233 756 2301; x_wconf 84' lang='grc' dir='ltr'><strong>μεταστῆσαί</strong></span> <span class='ocrx_word' id='word_1_303' title='bbox 805 2249 896 2304; x_wconf 90' lang='grc' dir='ltr'><strong>μοι</strong></span> <span class='ocrx_word' id='word_1_304' title='bbox 947 2233 1009 2287; x_wconf 75' lang='grc' dir='ltr'><strong>τὸ</strong></span> <span class='ocrx_word' id='word_1_305' title='bbox 1047 2235 1212 2296; x_wconf 72' lang='grc' dir='ltr'><strong>ἄλσος</strong></span> <span class='ocrx_word' id='word_1_306' title='bbox 1261 2235 1406 2306; x_wconf 78' lang='grc' dir='ltr'><strong>ἔχεις</strong></span> <span class='ocrx_word' id='word_1_307' title='bbox 1460 2237 1825 2305; x_wconf 83' lang='grc' dir='ltr'><strong>ἐπισπάστρῳ</strong></span> <span class='ocrx_word' id='word_1_308' title='bbox 1879 2237 1991 2289; x_wconf 77' lang='grc' dir='ltr'><strong>τινὶ</strong></span> 
     </span>
    </p>
   </div>
   <div class='ocr_carea' id='block_1_39' title="bbox 405 2326 1990 2402">
    <p class='ocr_par' dir='ltr' id='par_1_39' title="bbox 405 2326 1990 2402">
     <span class='ocr_line' id='line_1_39' title="bbox 405 2326 1990 2402; baseline 0.003 -24"><span class='ocrx_word' id='word_1_309' title='bbox 405 2326 762 2396; x_wconf 84' lang='grc' dir='ltr'><strong>παλαμναίῳ,</strong></span> <span class='ocrx_word' id='word_1_310' title='bbox 793 2328 929 2397; x_wconf 74' lang='grc' dir='ltr'><strong>μηδὲ</strong></span> <span class='ocrx_word' id='word_1_311' title='bbox 963 2331 1326 2398; x_wconf 76' lang='grc' dir='ltr'><strong>μετακινῆσαι</strong></span> <span class='ocrx_word' id='word_1_312' title='bbox 1354 2330 1568 2402; x_wconf 78' lang='grc' dir='ltr'><strong>ἀνάγκῃ</strong></span> <span class='ocrx_word' id='word_1_313' title='bbox 1593 2331 1703 2383; x_wconf 76' lang='grc' dir='ltr'><strong>τινὶ</strong></span> <span class='ocrx_word' id='word_1_314' title='bbox 1735 2329 1990 2402; x_wconf 84' lang='grc' dir='ltr'><strong>μηχανῆς</strong></span> 
     </span>
    </p>
   </div>
   <div class='ocr_carea' id='block_1_40' title="bbox 406 2417 1990 2491">
    <p class='ocr_par' dir='ltr' id='par_1_40' title="bbox 406 2417 1990 2491">
     <span class='ocr_line' id='line_1_40' title="bbox 406 2417 1990 2491; baseline 0.004 -22"><span class='ocrx_word' id='word_1_315' title='bbox 406 2417 819 2490; x_wconf 76' lang='grc' dir='ltr'><strong>ἐκστόγχειρος,</strong></span> <span class='ocrx_word' id='word_1_316' title='bbox 854 2419 989 2476; x_wconf 79' lang='grc' dir='ltr'><strong>αὐτὸ</strong></span> <span class='ocrx_word' id='word_1_317' title='bbox 1054 2421 1154 2488; x_wconf 83' lang='grc' dir='ltr'><strong>μὲν</strong></span> <span class='ocrx_word' id='word_1_318' title='bbox 1200 2419 1296 2474; x_wconf 80' lang='grc' dir='ltr'><strong>καὶ</strong></span> <span class='ocrx_word' id='word_1_319' title='bbox 1334 2420 1485 2474; x_wconf 80' lang='grc' dir='ltr'><strong>ἄκων</strong></span> <span class='ocrx_word' id='word_1_320' title='bbox 1515 2421 1609 2488; x_wconf 84' lang='grc' dir='ltr'><strong>ἐᾷς</strong></span> <span class='ocrx_word' id='word_1_321' title='bbox 1657 2422 1752 2474; x_wconf 76' lang='grc' dir='ltr'><strong>ἐπὶ</strong></span> <span class='ocrx_word' id='word_1_322' title='bbox 1803 2421 1990 2491; x_wconf 87' lang='grc' dir='ltr'><strong>χώρας</strong></span> 
     </span>
    </p>
   </div>
   <div class='ocr_carea' id='block_1_41' title="bbox 409 2511 1989 2587">
    <p class='ocr_par' dir='ltr' id='par_1_41' title="bbox 409 2511 1989 2587">
     <span class='ocr_line' id='line_1_41' title="bbox 409 2511 1989 2587; baseline 0.004 -24"><span class='ocrx_word' id='word_1_323' title='bbox 409 2511 616 2580; x_wconf 87' lang='grc' dir='ltr'><strong>μένειν,</strong></span> <span class='ocrx_word' id='word_1_324' title='bbox 641 2511 739 2566; x_wconf 78' lang='grc' dir='ltr'><strong>καὶ</strong></span> <span class='ocrx_word' id='word_1_325' title='bbox 769 2515 904 2583; x_wconf 80' lang='grc' dir='ltr'><strong>παρ’</strong></span> <span class='ocrx_word' id='word_1_326' title='bbox 924 2516 1064 2584; x_wconf 87' lang='grc' dir='ltr'><strong>ήμῖν</strong></span> <span class='ocrx_word' id='word_1_327' title='bbox 1084 2512 1225 2570; x_wconf 86' lang='grc' dir='ltr'><strong>εῐναι</strong></span> <span class='ocrx_word' id='word_1_328' title='bbox 1251 2532 1268 2549; x_wconf 87' lang='grc'><strong>·</strong></span> <span class='ocrx_word' id='word_1_329' title='bbox 1296 2516 1632 2572; x_wconf 78' lang='grc' dir='ltr'><strong>ἐπισπᾶσθαι</strong></span> <span class='ocrx_word' id='word_1_330' title='bbox 1666 2517 1725 2570; x_wconf 81' lang='grc' dir='ltr'><strong>δὲ</strong></span> <span class='ocrx_word' id='word_1_331' title='bbox 1756 2517 1989 2587; x_wconf 81' lang='grc' dir='ltr'><strong>μελετᾷς</strong></span> 
     </span>
    </p>
   </div>
   <div class='ocr_carea' id='block_1_42' title="bbox 403 2603 1990 2678">
    <p class='ocr_par' dir='ltr' id='par_1_42' title="bbox 403 2603 1990 2678">
     <span class='ocr_line' id='line_1_42' title="bbox 403 2603 1990 2678; baseline 0.003 -20"><span class='ocrx_word' id='word_1_332' title='bbox 403 2603 583 2666; x_wconf 81' lang='grc' dir='ltr'><strong>άλλως</strong></span> <span class='ocrx_word' id='word_1_333' title='bbox 638 2603 972 2675; x_wconf 76' lang='grc' dir='ltr'><strong>εὐμηχάνως</strong></span> <span class='ocrx_word' id='word_1_334' title='bbox 1027 2606 1130 2677; x_wconf 77' lang='grc' dir='ltr'><strong>τὴν</strong></span> <span class='ocrx_word' id='word_1_335' title='bbox 1185 2608 1540 2676; x_wconf 78' lang='grc' dir='ltr'><strong>εὐδαιμονίαν</strong></span> <span class='ocrx_word' id='word_1_336' title='bbox 1586 2608 1785 2661; x_wconf 88' lang='grc' dir='ltr'><strong>τούτου</strong></span> <span class='ocrx_word' id='word_1_337' title='bbox 1850 2608 1990 2678; x_wconf 84' lang='grc' dir='ltr'><strong>πρὸς</strong></span> 
     </span>
    </p>
   </div>
   <div class='ocr_carea' id='block_1_43' title="bbox 405 2696 1990 2771">
    <p class='ocr_par' dir='ltr' id='par_1_43' title="bbox 405 2696 1990 2771">
     <span class='ocr_line' id='line_1_43' title="bbox 405 2696 1990 2771; baseline 0.004 -23"><span class='ocrx_word' id='word_1_338' title='bbox 405 2696 628 2751; x_wconf 79' lang='grc' dir='ltr'><strong>ἐαυτόνο</strong></span> <span class='ocrx_word' id='word_1_339' title='bbox 660 2697 754 2752; x_wconf 77' lang='grc' dir='ltr'><strong>καὶ</strong></span> <span class='ocrx_word' id='word_1_340' title='bbox 779 2699 861 2752; x_wconf 83' lang='grc' dir='ltr'><strong>δτι</strong></span> <span class='ocrx_word' id='word_1_341' title='bbox 888 2701 963 2770; x_wconf 81' lang='grc' dir='ltr'><strong>μὴ</strong></span> <span class='ocrx_word' id='word_1_342' title='bbox 988 2699 1120 2754; x_wconf 81' lang='grc' dir='ltr'><strong>αὐτὸ</strong></span> <span class='ocrx_word' id='word_1_343' title='bbox 1145 2702 1506 2771; x_wconf 78' lang='grc' dir='ltr'><strong>περιαγαγεῖν</strong></span> <span class='ocrx_word' id='word_1_344' title='bbox 1537 2699 1702 2769; x_wconf 74' lang='grc' dir='ltr'><strong>ἔχεις,</strong></span> <span class='ocrx_word' id='word_1_345' title='bbox 1730 2701 1990 2770; x_wconf 85' lang='grc' dir='ltr'><strong>μετάγειν</strong></span> 
     </span>
    </p>
   </div>
   <div class='ocr_carea' id='block_1_44' title="bbox 405 2791 1990 2865">
    <p class='ocr_par' dir='ltr' id='par_1_44' title="bbox 405 2791 1990 2865">
     <span class='ocr_line' id='line_1_44' title="bbox 405 2791 1990 2865; baseline 0.001 -21"><span class='ocrx_word' id='word_1_346' title='bbox 405 2791 584 2852; x_wconf 88' lang='grc' dir='ltr'><strong>θέλεις</strong></span> <span class='ocrx_word' id='word_1_347' title='bbox 610 2791 681 2846; x_wconf 77' lang='grc' dir='ltr'><strong>τὰ</strong></span> <span class='ocrx_word' id='word_1_348' title='bbox 709 2794 769 2847; x_wconf 80' lang='grc' dir='ltr'><strong>ἐν</strong></span> <span class='ocrx_word' id='word_1_349' title='bbox 795 2793 966 2862; x_wconf 84' lang='grc' dir='ltr'><strong>αὐτῷ.</strong></span> <span class='ocrx_word' id='word_1_350' title='bbox 1001 2793 1160 2849; x_wconf 76' lang='grc' dir='ltr'><strong>Οὕτω</strong></span> <span class='ocrx_word' id='word_1_351' title='bbox 1193 2811 1283 2865; x_wconf 91' lang='grc' dir='ltr'><strong>μοι</strong></span> <span class='ocrx_word' id='word_1_352' title='bbox 1311 2795 1476 2858; x_wconf 80' lang='grc' dir='ltr'><strong>καλὸς</strong></span> <span class='ocrx_word' id='word_1_353' title='bbox 1516 2797 1543 2848; x_wconf 86' lang='grc' dir='ltr'>ὁ</span> <span class='ocrx_word' id='word_1_354' title='bbox 1583 2796 1761 2864; x_wconf 84' lang='grc' dir='ltr'><strong>κῆπος</strong></span> <span class='ocrx_word' id='word_1_355' title='bbox 1782 2812 1798 2826; x_wconf 80' lang='grc' dir='ltr'><strong>ο</strong></span> <span class='ocrx_word' id='word_1_356' title='bbox 1847 2793 1990 2846; x_wconf 73' lang='grc' dir='ltr'><strong>οὕτω</strong></span> 
     </span>
    </p>
   </div>
   <div class='ocr_carea' id='block_1_45' title="bbox 406 2884 1988 2960">
    <p class='ocr_par' dir='ltr' id='par_1_45' title="bbox 406 2884 1988 2960">
     <span class='ocr_line' id='line_1_45' title="bbox 406 2884 1988 2960; baseline 0.004 -24"><span class='ocrx_word' id='word_1_357' title='bbox 406 2884 570 2937; x_wconf 86' lang='grc' dir='ltr'><strong>πίων·</strong></span> <span class='ocrx_word' id='word_1_358' title='bbox 593 2884 768 2950; x_wconf 81' lang='grc' dir='ltr'><strong>οὕτως</strong></span> <span class='ocrx_word' id='word_1_359' title='bbox 783 2885 1016 2957; x_wconf 85' lang='grc' dir='ltr'><strong>εύθαλής</strong></span> <span class='ocrx_word' id='word_1_360' title='bbox 1034 2902 1049 2918; x_wconf 84' lang='grc'><em>’</em></span> <span class='ocrx_word' id='word_1_361' title='bbox 1064 2886 1237 2951; x_wconf 79' lang='grc' dir='ltr'><strong>οὕτως</strong></span> <span class='ocrx_word' id='word_1_362' title='bbox 1251 2889 1332 2949; x_wconf 87' lang='grc' dir='ltr'><strong>είς</strong></span> <span class='ocrx_word' id='word_1_363' title='bbox 1348 2885 1722 2960; x_wconf 66' lang='grc' dir='ltr'><strong>καρπογονίαν</strong></span> <span class='ocrx_word' id='word_1_364' title='bbox 1743 2886 1952 2957; x_wconf 84' lang='grc' dir='ltr'><strong>εὐφυής</strong></span> <span class='ocrx_word' id='word_1_365' title='bbox 1971 2904 1988 2920; x_wconf 70' lang='grc' dir='ltr'><strong>θ</strong></span> 
     </span>
    </p>
   </div>
   <div class='ocr_carea' id='block_1_46' title="bbox 403 2973 1989 3042">
    <p class='ocr_par' dir='ltr' id='par_1_46' title="bbox 403 2973 1989 3042">
     <span class='ocr_line' id='line_1_46' title="bbox 403 2973 1989 3042; baseline 0.001 -14"><span class='ocrx_word' id='word_1_366' title='bbox 403 2974 580 3039; x_wconf 77' lang='grc' dir='ltr'><strong>οὕτως</strong></span> <span class='ocrx_word' id='word_1_367' title='bbox 635 2977 718 3040; x_wconf 82' lang='grc' dir='ltr'><strong>είς</strong></span> <span class='ocrx_word' id='word_1_368' title='bbox 791 2977 958 3032; x_wconf 78' lang='grc' dir='ltr'><strong>καλὸν</strong></span> <span class='ocrx_word' id='word_1_369' title='bbox 1020 2978 1167 3034; x_wconf 78' lang='grc' dir='ltr'><strong>ἅπαν</strong></span> <span class='ocrx_word' id='word_1_370' title='bbox 1239 2977 1477 3042; x_wconf 75' lang='grc' dir='ltr'><strong>εὔθετος.</strong></span> <span class='ocrx_word' id='word_1_371' title='bbox 1544 2973 1672 3036; x_wconf 76' lang='grc' dir='ltr'><strong>Οἷος</strong></span> <span class='ocrx_word' id='word_1_372' title='bbox 1755 2974 1851 3032; x_wconf 84' lang='grc' dir='ltr'><strong>οὖν</strong></span> <span class='ocrx_word' id='word_1_373' title='bbox 1908 2978 1989 3040; x_wconf 82' lang='grc' dir='ltr'><strong>εἰς</strong></span> 
     </span>
    </p>
   </div>
   <div class='ocr_carea' id='block_1_47' title="bbox 2087 1856 3667 1931">
    <p class='ocr_par' dir='ltr' id='par_1_47' title="bbox 2087 1856 3667 1931">
     <span class='ocr_line' id='line_1_47' title="bbox 2087 1856 3667 1931; baseline -0.007 -15"><span class='ocrx_word' id='word_1_374' title='bbox 2087 1865 2306 1931; x_wconf 87' lang='grc' dir='ltr'><strong>λέγειν;</strong></span> <span class='ocrx_word' id='word_1_375' title='bbox 2349 1863 2536 1915; x_wconf 82' lang='grc' dir='ltr'><strong>Πάντα</strong></span> <span class='ocrx_word' id='word_1_376' title='bbox 2566 1862 2640 1915; x_wconf 82' lang='grc' dir='ltr'><strong>τά</strong></span> <span class='ocrx_word' id='word_1_377' title='bbox 2669 1861 2784 1913; x_wconf 77' lang='grc' dir='ltr'><strong>ἐκεῖ</strong></span> <span class='ocrx_word' id='word_1_378' title='bbox 2815 1859 3251 1929; x_wconf 76' lang='grc' dir='ltr'><strong>περιδραμόντες</strong></span> <span class='ocrx_word' id='word_1_379' title='bbox 3296 1857 3362 1910; x_wconf 72' lang='grc' dir='ltr'><strong>τά</strong></span> <span class='ocrx_word' id='word_1_380' title='bbox 3403 1856 3566 1918; x_wconf 66' lang='grc' dir='ltr'><strong>καλά,</strong></span> <span class='ocrx_word' id='word_1_381' title='bbox 3597 1857 3667 1907; x_wconf 72' lang='grc' dir='ltr'><strong>τὰ</strong></span> 
     </span>
    </p>
   </div>
   <div class='ocr_carea' id='block_1_48' title="bbox 2089 1948 3668 2027">
    <p class='ocr_par' dir='ltr' id='par_1_48' title="bbox 2089 1948 3668 2027">
     <span class='ocr_line' id='line_1_48' title="bbox 2089 1948 3668 2027; baseline -0.008 -15"><span class='ocrx_word' id='word_1_382' title='bbox 2089 1959 2279 2019; x_wconf 80' lang='grc' dir='ltr'><strong>πολλὰ,</strong></span> <span class='ocrx_word' id='word_1_383' title='bbox 2329 1958 2398 2011; x_wconf 79' lang='grc' dir='ltr'><strong>τὰ</strong></span> <span class='ocrx_word' id='word_1_384' title='bbox 2449 1956 2706 2027; x_wconf 86' lang='grc' dir='ltr'><strong>λαμπρά,</strong></span> <span class='ocrx_word' id='word_1_385' title='bbox 2760 1954 2880 2018; x_wconf 81' lang='grc' dir='ltr'><strong>ἐνὸς</strong></span> <span class='ocrx_word' id='word_1_386' title='bbox 2940 1955 3181 2022; x_wconf 87' lang='grc' dir='ltr'><strong>ἐγίνοντο</strong></span> <span class='ocrx_word' id='word_1_387' title='bbox 3229 1953 3318 2006; x_wconf 80' lang='grc' dir='ltr'><strong>καὶ</strong></span> <span class='ocrx_word' id='word_1_388' title='bbox 3363 1953 3528 2021; x_wconf 87' lang='grc' dir='ltr'><strong>μόνου</strong></span> <span class='ocrx_word' id='word_1_389' title='bbox 3572 1948 3668 2002; x_wconf 80' lang='grc' dir='ltr'><strong>τοῦ</strong></span> 
     </span>
    </p>
   </div>
   <div class='ocr_carea' id='block_1_49' title="bbox 2090 2041 3665 2122">
    <p class='ocr_par' dir='ltr' id='par_1_49' title="bbox 2090 2041 3665 2122">
     <span class='ocr_line' id='line_1_49' title="bbox 2090 2041 3665 2122; baseline -0.009 -17"><span class='ocrx_word' id='word_1_390' title='bbox 2090 2050 2432 2122; x_wconf 84' lang='grc' dir='ltr'><strong>περιπύστου</strong></span> <span class='ocrx_word' id='word_1_391' title='bbox 2463 2049 2705 2118; x_wconf 83' lang='grc' dir='ltr'><strong>δένδρου,</strong></span> <span class='ocrx_word' id='word_1_392' title='bbox 2729 2045 2826 2100; x_wconf 90' lang='grc' dir='ltr'><strong>τοῦ</strong></span> <span class='ocrx_word' id='word_1_393' title='bbox 2861 2045 3156 2110; x_wconf 75' lang='grc' dir='ltr'><strong>ἐπιφθόνου</strong></span> <span class='ocrx_word' id='word_1_394' title='bbox 3178 2061 3194 2077; x_wconf 79' lang='grc' dir='ltr'><strong><em>ο</em></strong></span> <span class='ocrx_word' id='word_1_395' title='bbox 3227 2045 3319 2096; x_wconf 66' lang='grc' dir='ltr'><strong>καὶ</strong></span> <span class='ocrx_word' id='word_1_396' title='bbox 3345 2043 3454 2096; x_wconf 87' lang='grc' dir='ltr'><strong>τῶν</strong></span> <span class='ocrx_word' id='word_1_397' title='bbox 3482 2041 3665 2095; x_wconf 76' lang='grc' dir='ltr'><strong>ἄλλων</strong></span> 
     </span>
    </p>
   </div>
   <div class='ocr_carea' id='block_1_50' title="bbox 2090 2137 3672 2218">
    <p class='ocr_par' dir='ltr' id='par_1_50' title="bbox 2090 2137 3672 2218">
     <span class='ocr_line' id='line_1_50' title="bbox 2090 2137 3672 2218; baseline -0.009 -16"><span class='ocrx_word' id='word_1_398' title='bbox 2090 2147 2492 2218; x_wconf 79' lang='grc' dir='ltr'><strong>ἀποκρίναντες</strong></span> <span class='ocrx_word' id='word_1_399' title='bbox 2538 2145 2639 2215; x_wconf 85' lang='grc' dir='ltr'><strong>τὴν</strong></span> <span class='ocrx_word' id='word_1_400' title='bbox 2669 2142 2841 2212; x_wconf 78' lang='grc' dir='ltr'><strong>καλήν</strong></span> <span class='ocrx_word' id='word_1_401' title='bbox 2892 2142 3128 2212; x_wconf 87' lang='grc' dir='ltr'><strong>μητέρα,</strong></span> <span class='ocrx_word' id='word_1_402' title='bbox 3180 2139 3278 2210; x_wconf 79' lang='grc' dir='ltr'><strong>τὴν</strong></span> <span class='ocrx_word' id='word_1_403' title='bbox 3327 2137 3672 2209; x_wconf 68' lang='grc' dir='ltr'><strong>ἀμυγδαλῆν,</strong></span> 
     </span>
    </p>
   </div>
   <div class='ocr_carea' id='block_1_51' title="bbox 2091 2231 3670 2311">
    <p class='ocr_par' dir='ltr' id='par_1_51' title="bbox 2091 2231 3670 2311">
     <span class='ocr_line' id='line_1_51' title="bbox 2091 2231 3670 2311; baseline -0.008 -17"><span class='ocrx_word' id='word_1_404' title='bbox 2091 2241 2222 2311; x_wconf 78' lang='grc' dir='ltr'><strong>περὶ</strong></span> <span class='ocrx_word' id='word_1_405' title='bbox 2289 2239 2381 2291; x_wconf 77' lang='grc' dir='ltr'><strong>τὸν</strong></span> <span class='ocrx_word' id='word_1_406' title='bbox 2440 2237 2618 2306; x_wconf 81' lang='grc' dir='ltr'><strong>αὐτῆς</strong></span> <span class='ocrx_word' id='word_1_407' title='bbox 2670 2237 2852 2304; x_wconf 90' lang='grc' dir='ltr'><strong>γόνον,</strong></span> <span class='ocrx_word' id='word_1_408' title='bbox 2914 2235 3007 2288; x_wconf 85' lang='grc' dir='ltr'><strong>τὸν</strong></span> <span class='ocrx_word' id='word_1_409' title='bbox 3054 2233 3173 2297; x_wconf 74' lang='grc' dir='ltr'><strong>ἕνα,</strong></span> <span class='ocrx_word' id='word_1_410' title='bbox 3231 2233 3327 2286; x_wconf 74' lang='grc' dir='ltr'><strong>τὸν</strong></span> <span class='ocrx_word' id='word_1_411' title='bbox 3382 2231 3670 2301; x_wconf 67' lang='grc' dir='ltr'><strong>ἀγαπητὸν</strong></span> 
     </span>
    </p>
   </div>
   <div class='ocr_carea' id='block_1_52' title="bbox 2093 2324 3670 2404">
    <p class='ocr_par' dir='ltr' id='par_1_52' title="bbox 2093 2324 3670 2404">
     <span class='ocr_line' id='line_1_52' title="bbox 2093 2324 3670 2404; baseline -0.006 -17"><span class='ocrx_word' id='word_1_412' title='bbox 2093 2335 2427 2404; x_wconf 80' lang='grc' dir='ltr'><strong>ἐκεχήνεσαν</strong></span> <span class='ocrx_word' id='word_1_413' title='bbox 2453 2349 2467 2363; x_wconf 76' lang='grc'><strong><em>⁸</em></strong></span> <span class='ocrx_word' id='word_1_414' title='bbox 2494 2332 2589 2385; x_wconf 80' lang='grc' dir='ltr'><strong>καὶ</strong></span> <span class='ocrx_word' id='word_1_415' title='bbox 2621 2330 2824 2394; x_wconf 77' lang='grc' dir='ltr'><strong>ἰδόντες</strong></span> <span class='ocrx_word' id='word_1_416' title='bbox 2850 2329 2910 2382; x_wconf 80' lang='grc' dir='ltr'><strong>τὸ</strong></span> <span class='ocrx_word' id='word_1_417' title='bbox 2942 2328 3304 2393; x_wconf 77' lang='grc' dir='ltr'><strong>ποθούμενον,</strong></span> <span class='ocrx_word' id='word_1_418' title='bbox 3333 2324 3670 2395; x_wconf 78' lang='grc' dir='ltr'><strong>ἀποσχέσθαι</strong></span> 
     </span>
    </p>
   </div>
   <div class='ocr_carea' id='block_1_53' title="bbox 2089 2415 3667 2498">
    <p class='ocr_par' dir='ltr' id='par_1_53' title="bbox 2089 2415 3667 2498">
     <span class='ocr_line' id='line_1_53' title="bbox 2089 2415 3667 2498; baseline -0.005 -18"><span class='ocrx_word' id='word_1_419' title='bbox 2089 2431 2190 2483; x_wconf 79' lang='grc' dir='ltr'><strong>οὐκ</strong></span> <span class='ocrx_word' id='word_1_420' title='bbox 2225 2429 2440 2498; x_wconf 69' lang='grc' dir='ltr'><strong>ἤθελον,</strong></span> <span class='ocrx_word' id='word_1_421' title='bbox 2495 2427 2616 2480; x_wconf 85' lang='grc' dir='ltr'><strong>ἀλλ’</strong></span> <span class='ocrx_word' id='word_1_422' title='bbox 2649 2426 2762 2481; x_wconf 83' lang='grc' dir='ltr'><strong>ὅλοι</strong></span> <span class='ocrx_word' id='word_1_423' title='bbox 2818 2424 2948 2493; x_wconf 82' lang='grc' dir='ltr'><strong>περὶ</strong></span> <span class='ocrx_word' id='word_1_424' title='bbox 2981 2422 3116 2476; x_wconf 75' lang='grc' dir='ltr'><strong>αὐτὸ</strong></span> <span class='ocrx_word' id='word_1_425' title='bbox 3160 2415 3320 2493; x_wconf 78' lang='grc' dir='ltr'><strong>ἦσαν.</strong></span> <span class='ocrx_word' id='word_1_426' title='bbox 3365 2421 3478 2472; x_wconf 75' lang='grc' dir='ltr'><strong>Καὶ</strong></span> <span class='ocrx_word' id='word_1_427' title='bbox 3529 2420 3667 2487; x_wconf 80' lang='grc' dir='ltr'><strong>ρητά</strong></span> 
     </span>
    </p>
   </div>
   <div class='ocr_carea' id='block_1_54' title="bbox 2095 2514 3669 2592">
    <p class='ocr_par' dir='ltr' id='par_1_54' title="bbox 2095 2514 3669 2592">
     <span class='ocr_line' id='line_1_54' title="bbox 2095 2514 3669 2592; baseline -0.008 -17"><span class='ocrx_word' id='word_1_428' title='bbox 2095 2522 2278 2592; x_wconf 74' lang='grc' dir='ltr'><strong>ῥητοῖς</strong></span> <span class='ocrx_word' id='word_1_429' title='bbox 2315 2521 2639 2574; x_wconf 86' lang='grc' dir='ltr'><strong>συνέϐαλλον</strong></span> <span class='ocrx_word' id='word_1_430' title='bbox 2672 2518 2882 2589; x_wconf 86' lang='grc' dir='ltr'><strong>ψίθυρα</strong></span> <span class='ocrx_word' id='word_1_431' title='bbox 2910 2535 2924 2550; x_wconf 77' lang='grc' dir='ltr'><strong>ο</strong></span> <span class='ocrx_word' id='word_1_432' title='bbox 2960 2520 3055 2571; x_wconf 80' lang='grc' dir='ltr'><strong>καὶ</strong></span> <span class='ocrx_word' id='word_1_433' title='bbox 3092 2518 3195 2570; x_wconf 84' lang='grc' dir='ltr'><strong>οὐκ</strong></span> <span class='ocrx_word' id='word_1_434' title='bbox 3231 2514 3309 2568; x_wconf 78' lang='grc' dir='ltr'><strong>ἔθ’</strong></span> <span class='ocrx_word' id='word_1_435' title='bbox 3345 2514 3452 2568; x_wconf 78' lang='grc' dir='ltr'><strong>ὑπὸ</strong></span> <span class='ocrx_word' id='word_1_436' title='bbox 3483 2514 3669 2582; x_wconf 81' lang='grc' dir='ltr'><strong>κόλπῳ</strong></span> 
     </span>
    </p>
   </div>
   <div class='ocr_carea' id='block_1_55' title="bbox 2094 2606 3668 2682">
    <p class='ocr_par' dir='ltr' id='par_1_55' title="bbox 2094 2606 3668 2682">
     <span class='ocr_line' id='line_1_55' title="bbox 2094 2606 3668 2682; baseline -0.006 -16"><span class='ocrx_word' id='word_1_437' title='bbox 2094 2615 2344 2681; x_wconf 80' lang='grc' dir='ltr'><strong>συνεῖχον</strong></span> <span class='ocrx_word' id='word_1_438' title='bbox 2392 2612 2493 2674; x_wconf 72' lang='grc' dir='ltr'><strong>τὰς</strong></span> <span class='ocrx_word' id='word_1_439' title='bbox 2549 2614 2761 2682; x_wconf 73' lang='grc' dir='ltr'><strong>χεῖρας,</strong></span> <span class='ocrx_word' id='word_1_440' title='bbox 2817 2610 2954 2663; x_wconf 75' lang='grc' dir='ltr'><strong>ἀλλὰ</strong></span> <span class='ocrx_word' id='word_1_441' title='bbox 3009 2607 3405 2680; x_wconf 86' lang='grc' dir='ltr'><strong>παρεγύμνουν</strong></span> <span class='ocrx_word' id='word_1_442' title='bbox 3460 2606 3668 2676; x_wconf 78' lang='grc' dir='ltr'><strong>ἠρέμα,</strong></span> 
     </span>
    </p>
   </div>
   <div class='ocr_carea' id='block_1_56' title="bbox 2091 2695 3668 2770">
    <p class='ocr_par' dir='ltr' id='par_1_56' title="bbox 2091 2695 3668 2770">
     <span class='ocr_line' id='line_1_56' title="bbox 2091 2695 3668 2770; baseline -0.004 -14"><span class='ocrx_word' id='word_1_443' title='bbox 2091 2703 2405 2765; x_wconf 82' lang='grc' dir='ltr'><strong>δεικνύντες</strong></span> <span class='ocrx_word' id='word_1_444' title='bbox 2433 2703 2592 2770; x_wconf 86' lang='grc' dir='ltr'><strong>ήλίῳ.</strong></span> <span class='ocrx_word' id='word_1_445' title='bbox 2641 2702 2754 2754; x_wconf 70' lang='grc' dir='ltr'><strong>Καὶ</strong></span> <span class='ocrx_word' id='word_1_446' title='bbox 2803 2696 2950 2770; x_wconf 74' lang='grc' dir='ltr'><strong>ετχον</strong></span> <span class='ocrx_word' id='word_1_447' title='bbox 2980 2701 3040 2752; x_wconf 84' lang='grc' dir='ltr'><strong>ἐν</strong></span> <span class='ocrx_word' id='word_1_448' title='bbox 3086 2699 3290 2767; x_wconf 79' lang='grc' dir='ltr'><strong>ἑτοίμῳ</strong></span> <span class='ocrx_word' id='word_1_449' title='bbox 3342 2695 3668 2764; x_wconf 76' lang='grc' dir='ltr'><strong>ϐράττεσθαι</strong></span> 
     </span>
    </p>
   </div>
   <div class='ocr_carea' id='block_1_57' title="bbox 2089 2790 3669 2867">
    <p class='ocr_par' dir='ltr' id='par_1_57' title="bbox 2089 2790 3669 2867">
     <span class='ocr_line' id='line_1_57' title="bbox 2089 2790 3669 2867; baseline -0.004 -17"><span class='ocrx_word' id='word_1_450' title='bbox 2089 2797 2186 2850; x_wconf 88' lang='grc' dir='ltr'><strong>τοῦ</strong></span> <span class='ocrx_word' id='word_1_451' title='bbox 2213 2795 2453 2867; x_wconf 81' lang='grc' dir='ltr'><strong>καρποῦ,</strong></span> <span class='ocrx_word' id='word_1_452' title='bbox 2489 2797 2637 2857; x_wconf 83' lang='grc' dir='ltr'><strong>ὅπως</strong></span> <span class='ocrx_word' id='word_1_453' title='bbox 2663 2795 2729 2849; x_wconf 84' lang='grc' dir='ltr'><strong>ἂν</strong></span> <span class='ocrx_word' id='word_1_454' title='bbox 2761 2792 2856 2847; x_wconf 76' lang='grc' dir='ltr'><strong>καὶ</strong></span> <span class='ocrx_word' id='word_1_455' title='bbox 2883 2795 3080 2862; x_wconf 75' lang='grc' dir='ltr'><strong>ἔχοιεν,</strong></span> <span class='ocrx_word' id='word_1_456' title='bbox 3113 2791 3224 2845; x_wconf 82' lang='grc' dir='ltr'><strong>εἴτε</strong></span> <span class='ocrx_word' id='word_1_457' title='bbox 3253 2792 3388 2861; x_wconf 75' lang='grc' dir='ltr'><strong>πρός</strong></span> <span class='ocrx_word' id='word_1_458' title='bbox 3411 2790 3533 2860; x_wconf 77' lang='grc' dir='ltr'><strong>βίαν</strong></span> <span class='ocrx_word' id='word_1_459' title='bbox 3559 2792 3669 2844; x_wconf 72' lang='grc' dir='ltr'><strong>εἴτε</strong></span> 
     </span>
    </p>
   </div>
   <div class='ocr_carea' id='block_1_58' title="bbox 2092 2884 3670 2959">
    <p class='ocr_par' dir='ltr' id='par_1_58' title="bbox 2092 2884 3670 2959">
     <span class='ocr_line' id='line_1_58' title="bbox 2092 2884 3670 2959; baseline -0.006 -14"><span class='ocrx_word' id='word_1_460' title='bbox 2092 2891 2190 2945; x_wconf 77' lang='grc' dir='ltr'><strong>καὶ</strong></span> <span class='ocrx_word' id='word_1_461' title='bbox 2222 2888 2359 2959; x_wconf 70' lang='grc' dir='ltr'><strong>δόλῳ</strong></span> <span class='ocrx_word' id='word_1_462' title='bbox 2391 2887 2850 2959; x_wconf 87' lang='grc' dir='ltr'><strong>περιγενόμενοι·</strong></span> <span class='ocrx_word' id='word_1_463' title='bbox 2903 2886 3006 2938; x_wconf 76' lang='grc' dir='ltr'><strong>κᾶν</strong></span> <span class='ocrx_word' id='word_1_464' title='bbox 3043 2884 3372 2953; x_wconf 76' lang='grc' dir='ltr'><strong>ἐξέπραξαν,</strong></span> <span class='ocrx_word' id='word_1_465' title='bbox 3417 2886 3466 2938; x_wconf 79' lang='grc' dir='ltr'><strong>εἰ</strong></span> <span class='ocrx_word' id='word_1_466' title='bbox 3501 2899 3670 2952; x_wconf 80' lang='grc' dir='ltr'><strong>κατη-</strong></span> 
     </span>
    </p>
   </div>
   <div class='ocr_carea' id='block_1_59' title="bbox 2097 2978 3668 3052">
    <p class='ocr_par' dir='ltr' id='par_1_59' title="bbox 2097 2978 3668 3052">
     <span class='ocr_line' id='line_1_59' title="bbox 2097 2978 3668 3052; baseline -0.005 -17"><span class='ocrx_word' id='word_1_467' title='bbox 2097 2982 2307 3052; x_wconf 83' lang='grc' dir='ltr'><strong>μέλησα</strong></span> <span class='ocrx_word' id='word_1_468' title='bbox 2341 2982 2471 3048; x_wconf 81' lang='grc' dir='ltr'><strong>ἐγώ.</strong></span> <span class='ocrx_word' id='word_1_469' title='bbox 2513 2983 2624 3034; x_wconf 80' lang='grc' dir='ltr'><strong>Καὶ</strong></span> <span class='ocrx_word' id='word_1_470' title='bbox 2669 2980 2875 3051; x_wconf 71' lang='grc' dir='ltr'><strong>ᾤχοντο</strong></span> <span class='ocrx_word' id='word_1_471' title='bbox 2919 2978 3009 3039; x_wconf 81' lang='grc' dir='ltr'><strong>ἂν,</strong></span> <span class='ocrx_word' id='word_1_472' title='bbox 3059 2978 3493 3046; x_wconf 80' lang='grc' dir='ltr'><strong>ἀφαρπάσαντες</strong></span> <span class='ocrx_word' id='word_1_473' title='bbox 3518 2991 3532 3005; x_wconf 79' lang='grc'><strong><em>⁸</em></strong></span> <span class='ocrx_word' id='word_1_474' title='bbox 3571 2978 3668 3028; x_wconf 81' lang='grc' dir='ltr'><strong>καὶ</strong></span> 
     </span>
    </p>
   </div>
   <div class='ocr_carea' id='block_1_60' title="bbox 407 3065 3673 3158">
    <p class='ocr_par' dir='ltr' id='par_1_60' title="bbox 407 3065 3673 3158">
     <span class='ocr_line' id='line_1_60' title="bbox 407 3065 3673 3158; baseline 0 -36"><span class='ocrx_word' id='word_1_475' title='bbox 407 3071 666 3138; x_wconf 82' lang='grc' dir='ltr'><strong>ἀφέλειαν</strong></span> <span class='ocrx_word' id='word_1_476' title='bbox 709 3071 909 3140; x_wconf 72' lang='grc' dir='ltr'><strong>ἔγωγε,</strong></span> <span class='ocrx_word' id='word_1_477' title='bbox 963 3073 1124 3144; x_wconf 87' lang='grc' dir='ltr'><strong>είπερ</strong></span> <span class='ocrx_word' id='word_1_478' title='bbox 1171 3072 1333 3135; x_wconf 77' lang='grc' dir='ltr'><strong>αὐτὸς</strong></span> <span class='ocrx_word' id='word_1_479' title='bbox 1382 3073 1482 3143; x_wconf 82' lang='grc' dir='ltr'><strong>μὲν</strong></span> <span class='ocrx_word' id='word_1_480' title='bbox 1525 3073 1776 3127; x_wconf 85' lang='grc' dir='ltr'><strong>τοιούτου</strong></span> <span class='ocrx_word' id='word_1_481' title='bbox 1823 3073 1988 3127; x_wconf 91' lang='grc' dir='ltr'><strong>καλοῦ</strong></span> <span class='ocrx_word' id='word_1_482' title='bbox 2018 3101 2063 3158; x_wconf 77' lang='lat' dir='ltr'>c</span> <span class='ocrx_word' id='word_1_483' title='bbox 2096 3070 2236 3129; x_wconf 70' lang='grc' dir='ltr'><strong>εἶδεν</strong></span> <span class='ocrx_word' id='word_1_484' title='bbox 2262 3075 2330 3129; x_wconf 75' lang='grc' dir='ltr'><strong>ἂν</strong></span> <span class='ocrx_word' id='word_1_485' title='bbox 2354 3075 2506 3145; x_wconf 78' lang='grc' dir='ltr'><strong>ἣλιος</strong></span> <span class='ocrx_word' id='word_1_486' title='bbox 2539 3074 2819 3144; x_wconf 73' lang='grc' dir='ltr'><strong>ἁρπαγὴν,</strong></span> <span class='ocrx_word' id='word_1_487' title='bbox 2855 3073 2950 3124; x_wconf 78' lang='grc' dir='ltr'><strong>καὶ</strong></span> <span class='ocrx_word' id='word_1_488' title='bbox 2979 3070 3205 3140; x_wconf 87' lang='grc' dir='ltr'><strong>ταύτην,</strong></span> <span class='ocrx_word' id='word_1_489' title='bbox 3241 3071 3308 3140; x_wconf 80' lang='grc' dir='ltr'><strong>ῆν</strong></span> <span class='ocrx_word' id='word_1_490' title='bbox 3341 3071 3440 3122; x_wconf 80' lang='grc' dir='ltr'><strong>οὐκ</strong></span> <span class='ocrx_word' id='word_1_491' title='bbox 3471 3065 3542 3139; x_wconf 78' lang='grc' dir='ltr'><strong>ἦν</strong></span> <span class='ocrx_word' id='word_1_492' title='bbox 3571 3069 3673 3134; x_wconf 81' lang='grc' dir='ltr'><strong>ἔξω</strong></span> 
     </span>
    </p>
   </div>
   <div class='ocr_carea' id='block_1_61' title="bbox 410 3164 1992 3234">
    <p class='ocr_par' dir='ltr' id='par_1_61' title="bbox 410 3164 1992 3234">
     <span class='ocr_line' id='line_1_61' title="bbox 410 3164 1992 3234; baseline 0.001 -18"><span class='ocrx_word' id='word_1_493' title='bbox 410 3164 680 3232; x_wconf 82' lang='grc' dir='ltr'><strong>ἐπήϐολος</strong></span> <span class='ocrx_word' id='word_1_494' title='bbox 740 3164 818 3217; x_wconf 80' lang='grc' dir='ltr'><strong>ὢν</strong></span> <span class='ocrx_word' id='word_1_495' title='bbox 867 3165 968 3216; x_wconf 88' lang='grc' dir='ltr'><strong>ούκ</strong></span> <span class='ocrx_word' id='word_1_496' title='bbox 1015 3166 1174 3234; x_wconf 80' lang='grc' dir='ltr'><strong>ἔσχον</strong></span> <span class='ocrx_word' id='word_1_497' title='bbox 1225 3165 1577 3233; x_wconf 76' lang='grc' dir='ltr'><strong>ἐπίστασθαι,</strong></span> <span class='ocrx_word' id='word_1_498' title='bbox 1631 3166 1785 3220; x_wconf 81' lang='grc' dir='ltr'><strong>ἄλλοι</strong></span> <span class='ocrx_word' id='word_1_499' title='bbox 1827 3167 1885 3220; x_wconf 76' lang='grc' dir='ltr'><strong>δὲ</strong></span> <span class='ocrx_word' id='word_1_500' title='bbox 1932 3165 1992 3218; x_wconf 74' lang='grc' dir='ltr'><strong>τὸ</strong></span> 
     </span>
    </p>
   </div>
   <div class='ocr_carea' id='block_1_62' title="bbox 412 3256 1994 3329">
    <p class='ocr_par' dir='ltr' id='par_1_62' title="bbox 412 3256 1994 3329">
     <span class='ocr_line' id='line_1_62' title="bbox 412 3256 1994 3329; baseline 0.001 -19"><span class='ocrx_word' id='word_1_501' title='bbox 412 3256 546 3326; x_wconf 82' lang='grc' dir='ltr'><strong>ἐμδν</strong></span> <span class='ocrx_word' id='word_1_502' title='bbox 584 3256 793 3322; x_wconf 77' lang='grc' dir='ltr'><strong>ἀγαθὸν</strong></span> <span class='ocrx_word' id='word_1_503' title='bbox 835 3257 1122 3328; x_wconf 73' lang='grc' dir='ltr'><strong>πόρρωθεν</strong></span> <span class='ocrx_word' id='word_1_504' title='bbox 1166 3258 1576 3329; x_wconf 82' lang='grc' dir='ltr'><strong>φαντασάμενοι</strong></span> <span class='ocrx_word' id='word_1_505' title='bbox 1607 3257 1743 3326; x_wconf 86' lang='grc' dir='ltr'><strong>ἐμοῦ</strong></span> <span class='ocrx_word' id='word_1_506' title='bbox 1789 3259 1994 3328; x_wconf 80' lang='grc' dir='ltr'><strong>μᾶλλον</strong></span> 
     </span>
    </p>
   </div>
   <div class='ocr_carea' id='block_1_63' title="bbox 410 3349 1992 3422">
    <p class='ocr_par' dir='ltr' id='par_1_63' title="bbox 410 3349 1992 3422">
     <span class='ocr_line' id='line_1_63' title="bbox 410 3349 1992 3422; baseline 0.004 -21"><span class='ocrx_word' id='word_1_507' title='bbox 410 3349 876 3421; x_wconf 82' lang='grc' dir='ltr'><strong>ἐξηκριϐὠσαντο.</strong></span> <span class='ocrx_word' id='word_1_508' title='bbox 935 3351 1128 3415; x_wconf 81' lang='grc' dir='ltr'><strong>Οὕτως</strong></span> <span class='ocrx_word' id='word_1_509' title='bbox 1177 3353 1400 3422; x_wconf 80' lang='grc' dir='ltr'><strong>ἀμαθὴς</strong></span> <span class='ocrx_word' id='word_1_510' title='bbox 1453 3351 1566 3421; x_wconf 86' lang='grc' dir='ltr'><strong>ἐγὼ</strong></span> <span class='ocrx_word' id='word_1_511' title='bbox 1607 3353 1703 3406; x_wconf 87' lang='grc' dir='ltr'><strong>τοῦ</strong></span> <span class='ocrx_word' id='word_1_512' title='bbox 1757 3353 1992 3418; x_wconf 80' lang='grc' dir='ltr'><strong>δέοντος,</strong></span> 
     </span>
    </p>
   </div>
   <div class='ocr_carea' id='block_1_64' title="bbox 412 3445 1992 3515">
    <p class='ocr_par' dir='ltr' id='par_1_64' title="bbox 412 3445 1992 3515">
     <span class='ocr_line' id='line_1_64' title="bbox 412 3445 1992 3515; baseline 0.002 -18"><span class='ocrx_word' id='word_1_513' title='bbox 412 3447 506 3498; x_wconf 76' lang='grc' dir='ltr'><strong>καὶ</strong></span> <span class='ocrx_word' id='word_1_514' title='bbox 566 3446 860 3514; x_wconf 83' lang='grc' dir='ltr'><strong>προσήκων</strong></span> <span class='ocrx_word' id='word_1_515' title='bbox 911 3445 1325 3500; x_wconf 80' lang='grc' dir='ltr'><strong>ύποδιδάσκοντι</strong></span> <span class='ocrx_word' id='word_1_516' title='bbox 1394 3445 1712 3515; x_wconf 86' lang='grc' dir='ltr'><strong>τάττεσθαι,</strong></span> <span class='ocrx_word' id='word_1_517' title='bbox 1771 3446 1867 3499; x_wconf 74' lang='grc' dir='ltr'><strong>καὶ</strong></span> <span class='ocrx_word' id='word_1_518' title='bbox 1931 3447 1992 3500; x_wconf 81' lang='grc' dir='ltr'><strong>τὸ</strong></span> 
     </span>
    </p>
   </div>
   <div class='ocr_carea' id='block_1_65' title="bbox 413 3535 1997 3610">
    <p class='ocr_par' dir='ltr' id='par_1_65' title="bbox 413 3535 1997 3610">
     <span class='ocr_line' id='line_1_65' title="bbox 413 3535 1997 3610; baseline 0.001 -22"><span class='ocrx_word' id='word_1_519' title='bbox 413 3535 707 3603; x_wconf 85' lang='grc' dir='ltr'><strong>γινώσκειν</strong></span> <span class='ocrx_word' id='word_1_520' title='bbox 732 3536 818 3591; x_wconf 75' lang='grc' dir='ltr'><strong>ἀεὶ</strong></span> <span class='ocrx_word' id='word_1_521' title='bbox 848 3537 980 3608; x_wconf 83' lang='grc' dir='ltr'><strong>παρ’</strong></span> <span class='ocrx_word' id='word_1_522' title='bbox 1011 3537 1193 3602; x_wconf 85' lang='grc' dir='ltr'><strong>ἄλλοις</strong></span> <span class='ocrx_word' id='word_1_523' title='bbox 1222 3538 1366 3610; x_wconf 74' lang='grc' dir='ltr'><strong>ἔχων</strong></span> <span class='ocrx_word' id='word_1_524' title='bbox 1402 3537 1680 3608; x_wconf 84' lang='grc' dir='ltr'><strong>κείμενον.</strong></span> <span class='ocrx_word' id='word_1_525' title='bbox 1727 3538 1896 3592; x_wconf 62' lang='lat' dir='ltr'><strong>mm</strong></span> <span class='ocrx_word' id='word_1_526' title='bbox 1945 3538 1997 3590; x_wconf 90' lang='grc' dir='ltr'><strong>τί</strong></span> 
     </span>
    </p>
   </div>
   <div class='ocr_carea' id='block_1_66' title="bbox 415 3627 1995 3699">
    <p class='ocr_par' dir='ltr' id='par_1_66' title="bbox 415 3627 1995 3699">
     <span class='ocr_line' id='line_1_66' title="bbox 415 3627 1995 3699; baseline 0.001 -19"><span class='ocrx_word' id='word_1_527' title='bbox 415 3627 554 3698; x_wconf 76' lang='grc' dir='ltr'><strong>πρὸς</strong></span> <span class='ocrx_word' id='word_1_528' title='bbox 604 3627 786 3692; x_wconf 83' lang='grc' dir='ltr'><strong>ἄλλοις</strong></span> <span class='ocrx_word' id='word_1_529' title='bbox 851 3629 1098 3699; x_wconf 89' lang='grc' dir='ltr'><strong>γίνομαι,</strong></span> <span class='ocrx_word' id='word_1_530' title='bbox 1157 3629 1286 3692; x_wconf 73' lang='grc' dir='ltr'><strong>τοὺς</strong></span> <span class='ocrx_word' id='word_1_531' title='bbox 1340 3629 1550 3692; x_wconf 81' lang='grc' dir='ltr'><strong>δεινοὺς</strong></span> <span class='ocrx_word' id='word_1_532' title='bbox 1609 3628 1995 3690; x_wconf 85' lang='grc' dir='ltr'><strong>κατασκόπους</strong></span> 
     </span>
    </p>
   </div>
   <div class='ocr_carea' id='block_1_67' title="bbox 418 3721 2000 3794">
    <p class='ocr_par' dir='ltr' id='par_1_67' title="bbox 418 3721 2000 3794">
     <span class='ocr_line' id='line_1_67' title="bbox 418 3721 2000 3794; baseline 0.001 -20"><span class='ocrx_word' id='word_1_533' title='bbox 418 3721 579 3792; x_wconf 86' lang='grc' dir='ltr'><strong>ἀφείς</strong></span> <span class='ocrx_word' id='word_1_534' title='bbox 602 3739 618 3790; x_wconf 87' lang='lat'><strong>;</strong></span> <span class='ocrx_word' id='word_1_535' title='bbox 649 3723 776 3786; x_wconf 73' lang='grc' dir='ltr'><strong>τοὺς</strong></span> <span class='ocrx_word' id='word_1_536' title='bbox 823 3721 1109 3793; x_wconf 82' lang='grc' dir='ltr'><strong>ὕποφήτας</strong></span> <span class='ocrx_word' id='word_1_537' title='bbox 1140 3723 1240 3794; x_wconf 84' lang='grc' dir='ltr'><strong>τῆς</strong></span> <span class='ocrx_word' id='word_1_538' title='bbox 1277 3724 1527 3793; x_wconf 84' lang='grc' dir='ltr'><strong>μηχανῆς</strong></span> <span class='ocrx_word' id='word_1_539' title='bbox 1555 3739 1570 3790; x_wconf 88' lang='grc'><strong>;</strong></span> <span class='ocrx_word' id='word_1_540' title='bbox 1605 3724 1731 3787; x_wconf 80' lang='grc' dir='ltr'><strong>τοὺς</strong></span> <span class='ocrx_word' id='word_1_541' title='bbox 1763 3721 2000 3791; x_wconf 82' lang='grc' dir='ltr'><strong>ὑποδρη-</strong></span> 
     </span>
    </p>
   </div>
   <div class='ocr_carea' id='block_1_68' title="bbox 420 3813 1998 3889">
    <p class='ocr_par' dir='ltr' id='par_1_68' title="bbox 420 3813 1998 3889">
     <span class='ocr_line' id='line_1_68' title="bbox 420 3813 1998 3889; baseline -0.001 -21"><span class='ocrx_word' id='word_1_542' title='bbox 420 3815 628 3889; x_wconf 84' lang='grc' dir='ltr'><strong>στῆρας</strong></span> <span class='ocrx_word' id='word_1_543' title='bbox 675 3815 781 3886; x_wconf 85' lang='grc' dir='ltr'><strong>τῆς</strong></span> <span class='ocrx_word' id='word_1_544' title='bbox 828 3816 1164 3886; x_wconf 81' lang='grc' dir='ltr'><strong>ἐπιϐουλῆς;</strong></span> <span class='ocrx_word' id='word_1_545' title='bbox 1222 3816 1351 3880; x_wconf 79' lang='grc' dir='ltr'><strong>τοὺς</strong></span> <span class='ocrx_word' id='word_1_546' title='bbox 1378 3815 1480 3887; x_wconf 82' lang='grc' dir='ltr'><strong>τῆς</strong></span> <span class='ocrx_word' id='word_1_547' title='bbox 1534 3815 1678 3884; x_wconf 83' lang='grc' dir='ltr'><strong>ἐμῆς</strong></span> <span class='ocrx_word' id='word_1_548' title='bbox 1728 3813 1998 3883; x_wconf 80' lang='grc' dir='ltr'><strong>φυταλιᾶς</strong></span> 
     </span>
    </p>
   </div>
   <div class='ocr_carea' id='block_1_69' title="bbox 421 3907 2000 3982">
    <p class='ocr_par' dir='ltr' id='par_1_69' title="bbox 421 3907 2000 3982">
     <span class='ocr_line' id='line_1_69' title="bbox 421 3907 2000 3982; baseline -0.001 -22"><span class='ocrx_word' id='word_1_549' title='bbox 421 3907 616 3978; x_wconf 84' lang='grc' dir='ltr'><strong>βαρεῖς</strong></span> <span class='ocrx_word' id='word_1_550' title='bbox 665 3907 1031 3975; x_wconf 82' lang='grc' dir='ltr'><strong>ἐπιϐούλους·;</strong></span> <span class='ocrx_word' id='word_1_551' title='bbox 1095 3909 1226 3973; x_wconf 78' lang='grc' dir='ltr'><strong>τοὺς</strong></span> <span class='ocrx_word' id='word_1_552' title='bbox 1278 3909 1349 3962; x_wconf 76' lang='grc' dir='ltr'><strong>τὰ</strong></span> <span class='ocrx_word' id='word_1_553' title='bbox 1416 3908 1515 3982; x_wconf 77' lang='grc' dir='ltr'><strong>μὲν</strong></span> <span class='ocrx_word' id='word_1_554' title='bbox 1578 3907 1716 3962; x_wconf 83' lang='grc' dir='ltr'><strong>ἄλλα</strong></span> <span class='ocrx_word' id='word_1_555' title='bbox 1781 3907 2000 3973; x_wconf 81' lang='grc' dir='ltr'><strong>κοινοὺς</strong></span> 
     </span>
    </p>
   </div>
   <div class='ocr_carea' id='block_1_70' title="bbox 423 3999 2000 4072">
    <p class='ocr_par' dir='ltr' id='par_1_70' title="bbox 423 3999 2000 4072">
     <span class='ocr_line' id='line_1_70' title="bbox 423 3999 2000 4072; baseline -0.004 -13"><span class='ocrx_word' id='word_1_556' title='bbox 423 3999 679 4072; x_wconf 70' lang='grc' dir='ltr'><strong>ἑταίρους</strong></span> <span class='ocrx_word' id='word_1_557' title='bbox 721 4003 818 4057; x_wconf 77' lang='grc' dir='ltr'><strong>καὶ</strong></span> <span class='ocrx_word' id='word_1_558' title='bbox 843 4002 920 4067; x_wconf 85' lang='grc' dir='ltr'><strong>ὡς</strong></span> <span class='ocrx_word' id='word_1_559' title='bbox 948 4003 1041 4055; x_wconf 78' lang='grc' dir='ltr'><strong>ἐπὶ</strong></span> <span class='ocrx_word' id='word_1_560' title='bbox 1081 4000 1325 4072; x_wconf 86' lang='grc' dir='ltr'><strong>σταθμοῦ</strong></span> <span class='ocrx_word' id='word_1_561' title='bbox 1353 4001 1451 4072; x_wconf 79' lang='grc' dir='ltr'><strong>τὴν</strong></span> <span class='ocrx_word' id='word_1_562' title='bbox 1487 3999 1673 4070; x_wconf 88' lang='grc' dir='ltr'><strong>φιλίαν</strong></span> <span class='ocrx_word' id='word_1_563' title='bbox 1703 4003 1762 4055; x_wconf 89' lang='grc' dir='ltr'><strong>ἐν</strong></span> <span class='ocrx_word' id='word_1_564' title='bbox 1792 4000 2000 4068; x_wconf 87' lang='grc' dir='ltr'><strong>ίσότητι</strong></span> 
     </span>
    </p>
   </div>
   <div class='ocr_carea' id='block_1_71' title="bbox 421 4091 1998 4164">
    <p class='ocr_par' dir='ltr' id='par_1_71' title="bbox 421 4091 1998 4164">
     <span class='ocr_line' id='line_1_71' title="bbox 421 4091 1998 4164; baseline -0.003 -18"><span class='ocrx_word' id='word_1_565' title='bbox 421 4093 869 4161; x_wconf 81' lang='grc' dir='ltr'><strong>ταλαντεύοντας,</strong></span> <span class='ocrx_word' id='word_1_566' title='bbox 915 4093 1151 4147; x_wconf 87' lang='grc' dir='ltr'><strong>ἐνταῦθα</strong></span> <span class='ocrx_word' id='word_1_567' title='bbox 1188 4093 1246 4147; x_wconf 71' lang='grc' dir='ltr'><strong>δέ</strong></span> <span class='ocrx_word' id='word_1_568' title='bbox 1294 4096 1433 4164; x_wconf 81' lang='grc' dir='ltr'><strong>πρὸς</strong></span> <span class='ocrx_word' id='word_1_569' title='bbox 1467 4094 1640 4163; x_wconf 80' lang='grc' dir='ltr'><strong>ῥοπὴν</strong></span> <span class='ocrx_word' id='word_1_570' title='bbox 1668 4091 1998 4163; x_wconf 75' lang='grc' dir='ltr'><strong>ἑτερόζηλον</strong></span> 
     </span>
    </p>
   </div>
   <div class='ocr_carea' id='block_1_72' title="bbox 422 4183 2000 4256">
    <p class='ocr_par' dir='ltr' id='par_1_72' title="bbox 422 4183 2000 4256">
     <span class='ocr_line' id='line_1_72' title="bbox 422 4183 2000 4256; baseline 0 -19"><span class='ocrx_word' id='word_1_571' title='bbox 422 4191 524 4253; x_wconf 82' lang='grc' dir='ltr'><strong>τὴν</strong></span> <span class='ocrx_word' id='word_1_572' title='bbox 583 4185 896 4254; x_wconf 76' lang='grc' dir='ltr'><strong>πλάστιγγα</strong></span> <span class='ocrx_word' id='word_1_573' title='bbox 957 4187 1434 4256; x_wconf 82' lang='grc' dir='ltr'><strong>μεταστήσαντας,</strong></span> <span class='ocrx_word' id='word_1_574' title='bbox 1496 4185 1592 4238; x_wconf 69' lang='grc' dir='ltr'><strong>καὶ</strong></span> <span class='ocrx_word' id='word_1_575' title='bbox 1643 4185 1779 4254; x_wconf 78' lang='grc' dir='ltr'><strong>πρὸς</strong></span> <span class='ocrx_word' id='word_1_576' title='bbox 1827 4183 1887 4238; x_wconf 82' lang='grc' dir='ltr'><strong>τὸ</strong></span> <span class='ocrx_word' id='word_1_577' title='bbox 1924 4184 2000 4253; x_wconf 83' lang='grc' dir='ltr'><strong>μὴ</strong></span> 
     </span>
    </p>
   </div>
   <div class='ocr_carea' id='block_1_73' title="bbox 424 4271 2005 4341">
    <p class='ocr_par' dir='ltr' id='par_1_73' title="bbox 424 4271 2005 4341">
     <span class='ocr_line' id='line_1_73' title="bbox 424 4271 2005 4341; baseline -0.003 -13"><span class='ocrx_word' id='word_1_578' title='bbox 424 4277 589 4330; x_wconf 78' lang='grc' dir='ltr'><strong>καλὸν</strong></span> <span class='ocrx_word' id='word_1_579' title='bbox 666 4277 894 4338; x_wconf 77' lang='grc' dir='ltr'><strong>ἑαυτοὺς</strong></span> <span class='ocrx_word' id='word_1_580' title='bbox 961 4274 1438 4339; x_wconf 85' lang='grc' dir='ltr'><strong>καθελκύσαντας;</strong></span> <span class='ocrx_word' id='word_1_581' title='bbox 1494 4273 1521 4326; x_wconf 82' lang='grc' dir='ltr'><strong>ὃ</strong></span> <span class='ocrx_word' id='word_1_582' title='bbox 1571 4272 1636 4341; x_wconf 85' lang='grc' dir='ltr'><strong>δὴ</strong></span> <span class='ocrx_word' id='word_1_583' title='bbox 1712 4271 2005 4341; x_wconf 84' lang='grc' dir='ltr'><strong>προδοσίας</strong></span> 
     </span>
    </p>
   </div>
   <div class='ocr_carea' id='block_1_74' title="bbox 427 4362 2004 4440">
    <p class='ocr_par' dir='ltr' id='par_1_74' title="bbox 427 4362 2004 4440">
     <span class='ocr_line' id='line_1_74' title="bbox 427 4362 2004 4440; baseline -0.008 -15"><span class='ocrx_word' id='word_1_584' title='bbox 427 4371 613 4440; x_wconf 82' lang='grc' dir='ltr'><strong>νόμος,</strong></span> <span class='ocrx_word' id='word_1_585' title='bbox 651 4372 698 4423; x_wconf 76' lang='grc' dir='ltr'><strong>εἰ</strong></span> <span class='ocrx_word' id='word_1_586' title='bbox 735 4367 830 4422; x_wconf 79' lang='grc' dir='ltr'><strong>καὶ</strong></span> <span class='ocrx_word' id='word_1_587' title='bbox 877 4367 1038 4430; x_wconf 74' lang='grc' dir='ltr'><strong>ὄκνος</strong></span> <span class='ocrx_word' id='word_1_588' title='bbox 1087 4369 1284 4420; x_wconf 74' lang='grc' dir='ltr'><strong>εἰπεῖν.</strong></span> <span class='ocrx_word' id='word_1_589' title='bbox 1345 4365 1412 4418; x_wconf 83' lang='grc' dir='ltr'><strong>Τί</strong></span> <span class='ocrx_word' id='word_1_590' title='bbox 1455 4365 1520 4434; x_wconf 81' lang='grc' dir='ltr'><strong>δὴ</strong></span> <span class='ocrx_word' id='word_1_591' title='bbox 1551 4365 1676 4426; x_wconf 79' lang='grc' dir='ltr'><strong>τοὺς</strong></span> <span class='ocrx_word' id='word_1_592' title='bbox 1726 4362 2004 4426; x_wconf 88' lang='grc' dir='ltr'><strong>τοιούτους</strong></span> 
     </span>
    </p>
   </div>
   <div class='ocr_carea' id='block_1_75' title="bbox 2096 3161 3672 3236">
    <p class='ocr_par' dir='ltr' id='par_1_75' title="bbox 2096 3161 3672 3236">
     <span class='ocr_line' id='line_1_75' title="bbox 2096 3161 3672 3236; baseline -0.006 -14"><span class='ocrx_word' id='word_1_593' title='bbox 2096 3167 2221 3236; x_wconf 78' lang='grc' dir='ltr'><strong>ἐμοί</strong></span> <span class='ocrx_word' id='word_1_594' title='bbox 2255 3169 2308 3236; x_wconf 83' lang='grc' dir='ltr'><strong>γ’</strong></span> <span class='ocrx_word' id='word_1_595' title='bbox 2341 3163 2436 3221; x_wconf 78' lang='grc' dir='ltr'><strong>οὖν</strong></span> <span class='ocrx_word' id='word_1_596' title='bbox 2463 3168 2627 3233; x_wconf 80' lang='grc' dir='ltr'><strong>λόγου</strong></span> <span class='ocrx_word' id='word_1_597' title='bbox 2663 3167 2875 3218; x_wconf 84' lang='grc' dir='ltr'><strong>πεσεῖν.</strong></span> <span class='ocrx_word' id='word_1_598' title='bbox 2909 3163 3025 3217; x_wconf 82' lang='grc' dir='ltr'><strong>Νῦν</strong></span> <span class='ocrx_word' id='word_1_599' title='bbox 3062 3163 3118 3217; x_wconf 87' lang='grc' dir='ltr'><strong>δέ</strong></span> <span class='ocrx_word' id='word_1_600' title='bbox 3156 3178 3222 3232; x_wconf 80' lang='grc' dir='ltr'><strong>με</strong></span> <span class='ocrx_word' id='word_1_601' title='bbox 3263 3161 3572 3233; x_wconf 88' lang='grc' dir='ltr'><strong>περιελθὼν</strong></span> <span class='ocrx_word' id='word_1_602' title='bbox 3597 3162 3672 3222; x_wconf 85' lang='grc' dir='ltr'><strong>ὡς</strong></span> 
     </span>
    </p>
   </div>
   <div class='ocr_carea' id='block_1_76' title="bbox 2094 3253 3676 3334">
    <p class='ocr_par' dir='ltr' id='par_1_76' title="bbox 2094 3253 3676 3334">
     <span class='ocr_line' id='line_1_76' title="bbox 2094 3253 3676 3334; baseline -0.008 -19"><span class='ocrx_word' id='word_1_603' title='bbox 2094 3262 2262 3334; x_wconf 87' lang='grc' dir='ltr'><strong>τάχος</strong></span> <span class='ocrx_word' id='word_1_604' title='bbox 2317 3259 2570 3330; x_wconf 89' lang='grc' dir='ltr'><strong>πτερόεις</strong></span> <span class='ocrx_word' id='word_1_605' title='bbox 2617 3276 2700 3322; x_wconf 88' lang='grc' dir='ltr'><strong>τις</strong></span> <span class='ocrx_word' id='word_1_606' title='bbox 2752 3256 3036 3326; x_wconf 81' lang='grc' dir='ltr'><strong>λογισμὸς,</strong></span> <span class='ocrx_word' id='word_1_607' title='bbox 3092 3257 3188 3308; x_wconf 72' lang='grc' dir='ltr'><strong>καὶ</strong></span> <span class='ocrx_word' id='word_1_608' title='bbox 3246 3253 3532 3308; x_wconf 87' lang='grc' dir='ltr'><strong>κατειπὼν</strong></span> <span class='ocrx_word' id='word_1_609' title='bbox 3577 3254 3676 3323; x_wconf 74' lang='grc' dir='ltr'><strong>τὴν</strong></span> 
     </span>
    </p>
   </div>
   <div class='ocr_carea' id='block_1_77' title="bbox 2098 3345 3679 3421">
    <p class='ocr_par' dir='ltr' id='par_1_77' title="bbox 2098 3345 3679 3421">
     <span class='ocr_line' id='line_1_77' title="bbox 2098 3345 3679 3421; baseline -0.007 -14"><span class='ocrx_word' id='word_1_610' title='bbox 2098 3350 2414 3421; x_wconf 75' lang='grc' dir='ltr'><strong>ἐπιϐουλὴν,</strong></span> <span class='ocrx_word' id='word_1_611' title='bbox 2492 3348 2808 3419; x_wconf 90' lang='grc' dir='ltr'><strong>παρέστησέ</strong></span> <span class='ocrx_word' id='word_1_612' title='bbox 2885 3363 2946 3400; x_wconf 86' lang='grc' dir='ltr'><strong>τε</strong></span> <span class='ocrx_word' id='word_1_613' title='bbox 3014 3349 3129 3410; x_wconf 88' lang='grc' dir='ltr'><strong>τοῖς</strong></span> <span class='ocrx_word' id='word_1_614' title='bbox 3202 3345 3514 3408; x_wconf 88' lang='grc' dir='ltr'><strong>ἐπιϐούλοις</strong></span> <span class='ocrx_word' id='word_1_615' title='bbox 3583 3349 3679 3398; x_wconf 75' lang='grc' dir='ltr'><strong>καὶ</strong></span> 
     </span>
    </p>
   </div>
   <div class='ocr_carea' id='block_1_78' title="bbox 2096 3439 3679 3515">
    <p class='ocr_par' dir='ltr' id='par_1_78' title="bbox 2096 3439 3679 3515">
     <span class='ocr_line' id='line_1_78' title="bbox 2096 3439 3679 3515; baseline -0.001 -21"><span class='ocrx_word' id='word_1_616' title='bbox 2096 3443 2322 3515; x_wconf 78' lang='grc' dir='ltr'><strong>ἀπεῖρξε</strong></span> <span class='ocrx_word' id='word_1_617' title='bbox 2354 3442 2448 3496; x_wconf 91' lang='grc' dir='ltr'><strong>τοῦ</strong></span> <span class='ocrx_word' id='word_1_618' title='bbox 2495 3442 2922 3512; x_wconf 83' lang='grc' dir='ltr'><strong>ἐγχειρήματος,</strong></span> <span class='ocrx_word' id='word_1_619' title='bbox 2978 3439 3394 3510; x_wconf 80' lang='grc' dir='ltr'><strong>ἐλεγχομένους,</strong></span> <span class='ocrx_word' id='word_1_620' title='bbox 3447 3439 3679 3506; x_wconf 73' lang='grc' dir='ltr'><strong>καὶτῆς</strong></span> 
     </span>
    </p>
   </div>
   <div class='ocr_carea' id='block_1_79' title="bbox 2100 3530 3679 3606">
    <p class='ocr_par' dir='ltr' id='par_1_79' title="bbox 2100 3530 3679 3606">
     <span class='ocr_line' id='line_1_79' title="bbox 2100 3530 3679 3606; baseline -0.004 -16"><span class='ocrx_word' id='word_1_621' title='bbox 2100 3536 2396 3606; x_wconf 86' lang='grc' dir='ltr'><strong>ἐπιϐουλῆς</strong></span> <span class='ocrx_word' id='word_1_622' title='bbox 2427 3535 2690 3604; x_wconf 84' lang='grc' dir='ltr'><strong>ἐξάρνους</strong></span> <span class='ocrx_word' id='word_1_623' title='bbox 2724 3535 2799 3604; x_wconf 82' lang='grc' dir='ltr'><strong>μὴ</strong></span> <span class='ocrx_word' id='word_1_624' title='bbox 2845 3533 3191 3603; x_wconf 85' lang='grc' dir='ltr'><strong>γινομένους.</strong></span> <span class='ocrx_word' id='word_1_625' title='bbox 3241 3530 3510 3585; x_wconf 84' lang='grc' dir='ltr'><strong>Ἐνταῦθα</strong></span> <span class='ocrx_word' id='word_1_626' title='bbox 3543 3531 3601 3584; x_wconf 85' lang='grc' dir='ltr'><strong>εῐ</strong></span> <span class='ocrx_word' id='word_1_627' title='bbox 3627 3550 3679 3585; x_wconf 91' lang='grc' dir='ltr'><strong>τι</strong></span> 
     </span>
    </p>
   </div>
   <div class='ocr_carea' id='block_1_80' title="bbox 2099 3624 3676 3700">
    <p class='ocr_par' dir='ltr' id='par_1_80' title="bbox 2099 3624 3676 3700">
     <span class='ocr_line' id='line_1_80' title="bbox 2099 3624 3676 3700; baseline -0.005 -18"><span class='ocrx_word' id='word_1_628' title='bbox 2099 3631 2194 3682; x_wconf 73' lang='grc' dir='ltr'><strong>καὶ</strong></span> <span class='ocrx_word' id='word_1_629' title='bbox 2241 3626 2740 3700; x_wconf 82' lang='grc' dir='ltr'><strong>περιαυτολογῆσαί</strong></span> <span class='ocrx_word' id='word_1_630' title='bbox 2777 3642 2845 3694; x_wconf 90' lang='grc' dir='ltr'><strong>με</strong></span> <span class='ocrx_word' id='word_1_631' title='bbox 2895 3625 3023 3696; x_wconf 82' lang='grc' dir='ltr'><strong>χρὴ,</strong></span> <span class='ocrx_word' id='word_1_632' title='bbox 3055 3624 3383 3695; x_wconf 80' lang='grc' dir='ltr'><strong>τεθαύμακα</strong></span> <span class='ocrx_word' id='word_1_633' title='bbox 3415 3625 3676 3694; x_wconf 73' lang='grc' dir='ltr'><strong>ἐμαυτὸν,</strong></span> 
     </span>
    </p>
   </div>
   <div class='ocr_carea' id='block_1_81' title="bbox 2099 3715 3682 3794">
    <p class='ocr_par' dir='ltr' id='par_1_81' title="bbox 2099 3715 3682 3794">
     <span class='ocr_line' id='line_1_81' title="bbox 2099 3715 3682 3794; baseline -0.006 -18"><span class='ocrx_word' id='word_1_634' title='bbox 2099 3723 2183 3776; x_wconf 80' lang='grc' dir='ltr'><strong>ὅτι</strong></span> <span class='ocrx_word' id='word_1_635' title='bbox 2211 3720 2618 3794; x_wconf 83' lang='grc' dir='ltr'><strong>πραῦθυμήσας</strong></span> <span class='ocrx_word' id='word_1_636' title='bbox 2647 3719 2741 3772; x_wconf 68' lang='grc' dir='ltr'><strong>καὶ</strong></span> <span class='ocrx_word' id='word_1_637' title='bbox 2767 3717 2844 3789; x_wconf 81' lang='grc' dir='ltr'><strong>μὴ</strong></span> <span class='ocrx_word' id='word_1_638' title='bbox 2872 3717 3272 3788; x_wconf 86' lang='grc' dir='ltr'><strong>θυμομαχὴσας</strong></span> <span class='ocrx_word' id='word_1_639' title='bbox 3304 3719 3399 3770; x_wconf 82' lang='grc' dir='ltr'><strong>καὶ</strong></span> <span class='ocrx_word' id='word_1_640' title='bbox 3426 3715 3682 3770; x_wconf 86' lang='grc' dir='ltr'><strong>ἐκπεσὼν</strong></span> 
     </span>
    </p>
   </div>
   <div class='ocr_carea' id='block_1_82' title="bbox 2101 3809 3677 3884">
    <p class='ocr_par' dir='ltr' id='par_1_82' title="bbox 2101 3809 3677 3884">
     <span class='ocr_line' id='line_1_82' title="bbox 2101 3809 3677 3884; baseline -0.005 -16"><span class='ocrx_word' id='word_1_641' title='bbox 2101 3813 2363 3884; x_wconf 79' lang='grc' dir='ltr'><strong>ἐμαυτοῦ,</strong></span> <span class='ocrx_word' id='word_1_642' title='bbox 2399 3812 2546 3866; x_wconf 79' lang='grc' dir='ltr'><strong>κακά</strong></span> <span class='ocrx_word' id='word_1_643' title='bbox 2575 3811 2833 3880; x_wconf 83' lang='grc' dir='ltr'><strong>διεθέμην</strong></span> <span class='ocrx_word' id='word_1_644' title='bbox 2874 3813 3004 3873; x_wconf 83' lang='grc' dir='ltr'><strong>τοὺς</strong></span> <span class='ocrx_word' id='word_1_645' title='bbox 3033 3809 3133 3882; x_wconf 79' lang='grc' dir='ltr'><strong>τὴν</strong></span> <span class='ocrx_word' id='word_1_646' title='bbox 3167 3809 3306 3881; x_wconf 83' lang='grc' dir='ltr'><strong>ἐμὴν</strong></span> <span class='ocrx_word' id='word_1_647' title='bbox 3337 3809 3446 3878; x_wconf 84' lang='grc' dir='ltr'><strong>γῆν</strong></span> <span class='ocrx_word' id='word_1_648' title='bbox 3471 3809 3677 3878; x_wconf 86' lang='grc' dir='ltr'><strong>ταύτην</strong></span> 
     </span>
    </p>
   </div>
   <div class='ocr_carea' id='block_1_83' title="bbox 2105 3901 3682 3976">
    <p class='ocr_par' dir='ltr' id='par_1_83' title="bbox 2105 3901 3682 3976">
     <span class='ocr_line' id='line_1_83' title="bbox 2105 3901 3682 3976; baseline -0.003 -16"><span class='ocrx_word' id='word_1_649' title='bbox 2105 3907 2650 3976; x_wconf 83' lang='grc' dir='ltr'><strong>περιεργασαμένους</strong></span> <span class='ocrx_word' id='word_1_650' title='bbox 2704 3905 2806 3957; x_wconf 86' lang='grc' dir='ltr'><strong>οὐκ</strong></span> <span class='ocrx_word' id='word_1_651' title='bbox 2861 3901 3129 3958; x_wconf 78' lang='grc' dir='ltr'><strong>εῦσκοπα.</strong></span> <span class='ocrx_word' id='word_1_652' title='bbox 3179 3903 3337 3957; x_wconf 83' lang='grc' dir='ltr'><strong>Καλὰ</strong></span> <span class='ocrx_word' id='word_1_653' title='bbox 3385 3905 3521 3973; x_wconf 88' lang='grc' dir='ltr'><strong>γοῦν</strong></span> <span class='ocrx_word' id='word_1_654' title='bbox 3587 3921 3682 3976; x_wconf 89' lang='grc' dir='ltr'><strong>μοι</strong></span> 
     </span>
    </p>
   </div>
   <div class='ocr_carea' id='block_1_84' title="bbox 2103 3997 3683 4070">
    <p class='ocr_par' dir='ltr' id='par_1_84' title="bbox 2103 3997 3683 4070">
     <span class='ocr_line' id='line_1_84' title="bbox 2103 3997 3683 4070; baseline -0.002 -17"><span class='ocrx_word' id='word_1_655' title='bbox 2103 4000 2278 4053; x_wconf 89' lang='grc' dir='ltr'><strong>ταῦτα</strong></span> <span class='ocrx_word' id='word_1_656' title='bbox 2305 3999 2516 4051; x_wconf 82' lang='grc' dir='ltr'><strong>οἴκοθεν</strong></span> <span class='ocrx_word' id='word_1_657' title='bbox 2541 3997 3011 4069; x_wconf 79' lang='grc' dir='ltr'><strong>πολιορκουμένῳ,</strong></span> <span class='ocrx_word' id='word_1_658' title='bbox 3049 3997 3144 4050; x_wconf 78' lang='grc' dir='ltr'><strong>καὶ</strong></span> <span class='ocrx_word' id='word_1_659' title='bbox 3167 3999 3264 4068; x_wconf 77' lang='grc' dir='ltr'><strong>ἀφ’</strong></span> <span class='ocrx_word' id='word_1_660' title='bbox 3290 4001 3477 4060; x_wconf 78' lang='grc' dir='ltr'><strong>ἑστίας</strong></span> <span class='ocrx_word' id='word_1_661' title='bbox 3502 3999 3683 4070; x_wconf 74' lang='grc' dir='ltr'><strong>ἔχοντι</strong></span> 
     </span>
    </p>
   </div>
   <div class='ocr_carea' id='block_1_85' title="bbox 2103 4085 3684 4162">
    <p class='ocr_par' dir='ltr' id='par_1_85' title="bbox 2103 4085 3684 4162">
     <span class='ocr_line' id='line_1_85' title="bbox 2103 4085 3684 4162; baseline -0.002 -15"><span class='ocrx_word' id='word_1_662' title='bbox 2103 4093 2173 4147; x_wconf 86' lang='grc' dir='ltr'><strong>τὰ</strong></span> <span class='ocrx_word' id='word_1_663' title='bbox 2199 4093 2299 4162; x_wconf 85' lang='grc' dir='ltr'><strong>τῆς</strong></span> <span class='ocrx_word' id='word_1_664' title='bbox 2331 4092 2644 4162; x_wconf 83' lang='grc' dir='ltr'><strong>ἐπιϐουλῆς.</strong></span> <span class='ocrx_word' id='word_1_665' title='bbox 2677 4091 2744 4144; x_wconf 87' lang='grc' dir='ltr'><strong>Τί</strong></span> <span class='ocrx_word' id='word_1_666' title='bbox 2774 4085 2867 4145; x_wconf 78' lang='grc' dir='ltr'><strong>οὖν</strong></span> <span class='ocrx_word' id='word_1_667' title='bbox 2889 4091 2956 4146; x_wconf 78' lang='grc' dir='ltr'><strong>ἂν</strong></span> <span class='ocrx_word' id='word_1_668' title='bbox 2981 4090 3061 4144; x_wconf 81' lang='grc' dir='ltr'><strong>ἐτι</strong></span> <span class='ocrx_word' id='word_1_669' title='bbox 3094 4109 3184 4162; x_wconf 88' lang='grc' dir='ltr'><strong>μοι</strong></span> <span class='ocrx_word' id='word_1_670' title='bbox 3210 4091 3363 4161; x_wconf 76' lang='grc' dir='ltr'><strong>παρὰ</strong></span> <span class='ocrx_word' id='word_1_671' title='bbox 3386 4091 3498 4146; x_wconf 89' lang='grc' dir='ltr'><strong>τῶν</strong></span> <span class='ocrx_word' id='word_1_672' title='bbox 3529 4093 3684 4146; x_wconf 67' lang='grc' dir='ltr'><strong>ἄλλοι</strong></span> 
     </span>
    </p>
   </div>
   <div class='ocr_carea' id='block_1_86' title="bbox 2103 4183 3685 4256">
    <p class='ocr_par' dir='ltr' id='par_1_86' title="bbox 2103 4183 3685 4256">
     <span class='ocr_line' id='line_1_86' title="bbox 2103 4183 3685 4256; baseline -0.001 -15"><span class='ocrx_word' id='word_1_673' title='bbox 2103 4186 2293 4241; x_wconf 84' lang='grc' dir='ltr'><strong>δαπῶν</strong></span> <span class='ocrx_word' id='word_1_674' title='bbox 2328 4186 2598 4256; x_wconf 85' lang='grc' dir='ltr'><strong>μήκιστον</strong></span> <span class='ocrx_word' id='word_1_675' title='bbox 2641 4185 2889 4254; x_wconf 89' lang='grc' dir='ltr'><strong>γένηται,</strong></span> <span class='ocrx_word' id='word_1_676' title='bbox 2939 4185 2988 4238; x_wconf 87' lang='grc' dir='ltr'><strong>εῑ</strong></span> <span class='ocrx_word' id='word_1_677' title='bbox 3032 4183 3160 4247; x_wconf 86' lang='grc' dir='ltr'><strong>τοὺς</strong></span> <span class='ocrx_word' id='word_1_678' title='bbox 3208 4186 3377 4256; x_wconf 83' lang='grc' dir='ltr'><strong>ἐμοὺς</strong></span> <span class='ocrx_word' id='word_1_679' title='bbox 3423 4187 3483 4239; x_wconf 86' lang='grc' dir='ltr'><strong>ἐν</strong></span> <span class='ocrx_word' id='word_1_680' title='bbox 3541 4187 3685 4240; x_wconf 80' lang='grc' dir='ltr'><strong>οῦτω</strong></span> 
     </span>
    </p>
   </div>
   <div class='ocr_carea' id='block_1_87' title="bbox 2108 4275 3684 4348">
    <p class='ocr_par' dir='ltr' id='par_1_87' title="bbox 2108 4275 3684 4348">
     <span class='ocr_line' id='line_1_87' title="bbox 2108 4275 3684 4348; baseline -0.001 -16"><span class='ocrx_word' id='word_1_681' title='bbox 2108 4278 2347 4348; x_wconf 90' lang='grc' dir='ltr'><strong>καιρίοις</strong></span> <span class='ocrx_word' id='word_1_682' title='bbox 2397 4275 2724 4340; x_wconf 87' lang='grc' dir='ltr'><strong>ἐπιϐούλους</strong></span> <span class='ocrx_word' id='word_1_683' title='bbox 2769 4276 3083 4348; x_wconf 79' lang='grc' dir='ltr'><strong>ἐξεύρηκα;</strong></span> <span class='ocrx_word' id='word_1_684' title='bbox 3131 4277 3196 4332; x_wconf 85' lang='grc' dir='ltr'><strong>Τί</strong></span> <span class='ocrx_word' id='word_1_685' title='bbox 3234 4277 3279 4331; x_wconf 87' lang='grc' dir='ltr'><strong>δ’</strong></span> <span class='ocrx_word' id='word_1_686' title='bbox 3309 4277 3376 4334; x_wconf 83' lang='grc' dir='ltr'><strong>ἂν</strong></span> <span class='ocrx_word' id='word_1_687' title='bbox 3422 4279 3504 4340; x_wconf 88' lang='grc' dir='ltr'><strong>εἰς</strong></span> <span class='ocrx_word' id='word_1_688' title='bbox 3549 4281 3684 4334; x_wconf 82' lang='grc' dir='ltr'><strong>ἁπο-</strong></span> 
     </span>
    </p>
   </div>
   <div class='ocr_carea' id='block_1_88' title="bbox 2110 4369 3688 4441">
    <p class='ocr_par' dir='ltr' id='par_1_88' title="bbox 2110 4369 3688 4441">
     <span class='ocr_line' id='line_1_88' title="bbox 2110 4369 3688 4441; baseline -0.001 -18"><span class='ocrx_word' id='word_1_689' title='bbox 2110 4369 2291 4441; x_wconf 80' lang='grc' dir='ltr'><strong>φυγὴν</strong></span> <span class='ocrx_word' id='word_1_690' title='bbox 2314 4369 2537 4438; x_wconf 86' lang='grc' dir='ltr'><strong>ἐνέδρας</strong></span> <span class='ocrx_word' id='word_1_691' title='bbox 2563 4369 2726 4431; x_wconf 80' lang='grc' dir='ltr'><strong>αὐτὸς</strong></span> <span class='ocrx_word' id='word_1_692' title='bbox 2752 4371 3185 4440; x_wconf 89' lang='grc' dir='ltr'><strong>μηχανήσωμαι,</strong></span> <span class='ocrx_word' id='word_1_693' title='bbox 3209 4371 3336 4434; x_wconf 80' lang='grc' dir='ltr'><strong>τοὺς</strong></span> <span class='ocrx_word' id='word_1_694' title='bbox 3362 4373 3688 4441; x_wconf 84' lang='grc' dir='ltr'><strong>συμμάχους</strong></span> 
     </span>
    </p>
   </div>
   <div class='ocr_carea' id='block_1_89' title="bbox 431 4455 3687 4542">
    <p class='ocr_par' dir='ltr' id='par_1_89' title="bbox 431 4455 3687 4542">
     <span class='ocr_line' id='line_1_89' title="bbox 431 4455 3687 4542; baseline -0.002 -20"><span class='ocrx_word' id='word_1_695' title='bbox 431 4463 836 4536; x_wconf 70' lang='grc' dir='ltr'><strong>παραδραμὼν,</strong></span> <span class='ocrx_word' id='word_1_696' title='bbox 866 4462 942 4526; x_wconf 78' lang='grc' dir='ltr'><strong>ὡς</strong></span> <span class='ocrx_word' id='word_1_697' title='bbox 966 4461 1137 4530; x_wconf 78' lang='grc' dir='ltr'><strong>ἔφθην</strong></span> <span class='ocrx_word' id='word_1_698' title='bbox 1172 4458 1364 4525; x_wconf 76' lang='grc' dir='ltr'><strong>εἰπὼν,</strong></span> <span class='ocrx_word' id='word_1_699' title='bbox 1398 4459 1527 4527; x_wconf 65' lang='grc' dir='ltr'><strong>περὶ</strong></span> <span class='ocrx_word' id='word_1_700' title='bbox 1553 4458 1690 4511; x_wconf 72' lang='grc' dir='ltr'><strong>ἄλλα</strong></span> <span class='ocrx_word' id='word_1_701' title='bbox 1723 4457 1814 4509; x_wconf 82' lang='grc' dir='ltr'><strong>τδν</strong></span> <span class='ocrx_word' id='word_1_702' title='bbox 1845 4455 2004 4523; x_wconf 79' lang='grc' dir='ltr'><strong>λόγον</strong></span> <span class='ocrx_word' id='word_1_703' title='bbox 2034 4481 2084 4542; x_wconf 77' lang='grc' dir='ltr'><strong>ι)</strong></span> <span class='ocrx_word' id='word_1_704' title='bbox 2111 4463 2446 4533; x_wconf 80' lang='grc' dir='ltr'><strong>αὐτομόλους</strong></span> <span class='ocrx_word' id='word_1_705' title='bbox 2471 4463 2593 4516; x_wconf 85' lang='grc' dir='ltr'><strong>καθ’</strong></span> <span class='ocrx_word' id='word_1_706' title='bbox 2620 4463 2778 4534; x_wconf 85' lang='grc' dir='ltr'><strong>ήμῶν</strong></span> <span class='ocrx_word' id='word_1_707' title='bbox 2803 4462 3042 4533; x_wconf 80' lang='grc' dir='ltr'><strong>ἐξευρών</strong></span> <span class='ocrx_word' id='word_1_708' title='bbox 3068 4480 3082 4529; x_wconf 88' lang='grc'>;</span> <span class='ocrx_word' id='word_1_709' title='bbox 3106 4463 3272 4520; x_wconf 82' lang='grc' dir='ltr'><strong>Οὐδὲν</strong></span> <span class='ocrx_word' id='word_1_710' title='bbox 3293 4463 3424 4517; x_wconf 76' lang='grc' dir='ltr'><strong>ἄλλο</strong></span> <span class='ocrx_word' id='word_1_711' title='bbox 3450 4464 3687 4528; x_wconf 77' lang='grc' dir='ltr'><strong>πάντως,</strong></span> 
     </span>
    </p>
   </div>
   <div class='ocr_carea' id='block_1_90' title="bbox 432 4547 3691 4627">
    <p class='ocr_par' dir='ltr' id='par_1_90' title="bbox 432 4547 3691 4627">
     <span class='ocr_line' id='line_1_90' title="bbox 432 4547 3691 4627; baseline -0.005 -16"><span class='ocrx_word' id='word_1_712' title='bbox 432 4556 663 4623; x_wconf 74' lang='grc' dir='ltr'><strong>πλανῶς</strong></span> <span class='ocrx_word' id='word_1_713' title='bbox 718 4555 769 4609; x_wconf 80' lang='grc' dir='ltr'><strong>οἶ</strong></span> <span class='ocrx_word' id='word_1_714' title='bbox 829 4553 1029 4625; x_wconf 88' lang='grc' dir='ltr'><strong>μικροῦ</strong></span> <span class='ocrx_word' id='word_1_715' title='bbox 1082 4547 1196 4606; x_wconf 79' lang='grc' dir='ltr'><strong>οἷον</strong></span> <span class='ocrx_word' id='word_1_716' title='bbox 1246 4552 1313 4607; x_wconf 82' lang='grc' dir='ltr'><strong>άν</strong></span> <span class='ocrx_word' id='word_1_717' title='bbox 1364 4569 1432 4622; x_wconf 90' lang='grc' dir='ltr'><strong>με</strong></span> <span class='ocrx_word' id='word_1_718' title='bbox 1479 4551 1738 4604; x_wconf 88' lang='grc' dir='ltr'><strong>διέθεντο.</strong></span> <span class='ocrx_word' id='word_1_719' title='bbox 1792 4549 2005 4621; x_wconf 74' lang='grc' dir='ltr'><strong>Ἡμέρα</strong></span> <span class='ocrx_word' id='word_1_720' title='bbox 2113 4559 2251 4612; x_wconf 75' lang='grc' dir='ltr'><strong>ἀλλά</strong></span> <span class='ocrx_word' id='word_1_721' title='bbox 2287 4574 2370 4611; x_wconf 79' lang='grc' dir='ltr'><strong>σοι</strong></span> <span class='ocrx_word' id='word_1_722' title='bbox 2405 4557 2795 4627; x_wconf 77' lang='grc' dir='ltr'><strong>ἀποπληρὼσω</strong></span> <span class='ocrx_word' id='word_1_723' title='bbox 2838 4556 2901 4610; x_wconf 81' lang='grc' dir='ltr'><strong>τδ</strong></span> <span class='ocrx_word' id='word_1_724' title='bbox 2935 4557 3170 4626; x_wconf 65' lang='grc' dir='ltr'><strong>θέλημα⁹</strong></span> <span class='ocrx_word' id='word_1_725' title='bbox 3214 4557 3312 4611; x_wconf 75' lang='grc' dir='ltr'><strong>και</strong></span> <span class='ocrx_word' id='word_1_726' title='bbox 3355 4558 3416 4610; x_wconf 74' lang='grc' dir='ltr'><strong>τὺ</strong></span> <span class='ocrx_word' id='word_1_727' title='bbox 3471 4558 3691 4610; x_wconf 65' lang='grc' dir='ltr'><strong>ἐπιδου-</strong></span> 
     </span>
    </p>
   </div>
   <div class='ocr_carea' id='block_1_91' title="bbox 430 4640 2010 4718">
    <p class='ocr_par' dir='ltr' id='par_1_91' title="bbox 430 4640 2010 4718">
     <span class='ocr_line' id='line_1_91' title="bbox 430 4640 2010 4718; baseline -0.006 -15"><span class='ocrx_word' id='word_1_728' title='bbox 430 4649 750 4717; x_wconf 81' lang='grc' dir='ltr'><strong>ἐπέλαμπεν</strong></span> <span class='ocrx_word' id='word_1_729' title='bbox 785 4647 908 4718; x_wconf 76' lang='grc' dir='ltr'><strong>ήδη,</strong></span> <span class='ocrx_word' id='word_1_730' title='bbox 961 4645 1056 4700; x_wconf 64' lang='grc' dir='ltr'><strong>καὶ⁵</strong></span> <span class='ocrx_word' id='word_1_731' title='bbox 1095 4646 1143 4699; x_wconf 91' lang='grc' dir='ltr'><strong>οί</strong></span> <span class='ocrx_word' id='word_1_732' title='bbox 1197 4644 1544 4699; x_wconf 87' lang='grc' dir='ltr'><strong>κατάσκοποί</strong></span> <span class='ocrx_word' id='word_1_733' title='bbox 1594 4659 1710 4708; x_wconf 89' lang='grc' dir='ltr'><strong>σου,</strong></span> <span class='ocrx_word' id='word_1_734' title='bbox 1742 4641 1835 4694; x_wconf 90' lang='grc' dir='ltr'><strong>τοῦ</strong></span> <span class='ocrx_word' id='word_1_735' title='bbox 1867 4640 2010 4695; x_wconf 82' lang='grc' dir='ltr'><strong>κατὰ</strong></span> 
     </span>
    </p>
   </div>
   <div class='ocr_carea' id='block_1_92' title="bbox 431 4733 2010 4808">
    <p class='ocr_par' dir='ltr' id='par_1_92' title="bbox 431 4733 2010 4808">
     <span class='ocr_line' id='line_1_92' title="bbox 431 4733 2010 4808; baseline -0.005 -16"><span class='ocrx_word' id='word_1_736' title='bbox 431 4741 591 4808; x_wconf 84' lang='grc' dir='ltr'><strong>λόγον</strong></span> <span class='ocrx_word' id='word_1_737' title='bbox 619 4737 826 4808; x_wconf 80' lang='grc' dir='ltr'><strong>ὑψηλὸν</strong></span> <span class='ocrx_word' id='word_1_738' title='bbox 859 4738 1156 4808; x_wconf 86' lang='grc' dir='ltr'><strong>νοουμένου</strong></span> <span class='ocrx_word' id='word_1_739' title='bbox 1196 4752 1285 4806; x_wconf 90' lang='grc' dir='ltr'><strong>μοι</strong></span> <span class='ocrx_word' id='word_1_740' title='bbox 1317 4735 1463 4788; x_wconf 89' lang='grc' dir='ltr'><strong>θείου</strong></span> <span class='ocrx_word' id='word_1_741' title='bbox 1506 4737 1600 4789; x_wconf 72' lang='grc' dir='ltr'><strong>καὶ</strong></span> <span class='ocrx_word' id='word_1_742' title='bbox 1629 4733 1814 4786; x_wconf 88' lang='grc' dir='ltr'><strong>θεόθεν</strong></span> <span class='ocrx_word' id='word_1_743' title='bbox 1835 4734 2010 4800; x_wconf 88' lang='grc' dir='ltr'><strong>δημα-</strong></span> 
     </span>
    </p>
   </div>
   <div class='ocr_carea' id='block_1_93' title="bbox 433 4826 2014 4901">
    <p class='ocr_par' dir='ltr' id='par_1_93' title="bbox 433 4826 2014 4901">
     <span class='ocr_line' id='line_1_93' title="bbox 433 4826 2014 4901; baseline -0.005 -15"><span class='ocrx_word' id='word_1_744' title='bbox 433 4830 641 4901; x_wconf 87' lang='grc' dir='ltr'><strong>γωγοῦ,</strong></span> <span class='ocrx_word' id='word_1_745' title='bbox 701 4831 1024 4892; x_wconf 74' lang='grc' dir='ltr'><strong>ἐπιστάντες</strong></span> <span class='ocrx_word' id='word_1_746' title='bbox 1077 4829 1154 4899; x_wconf 81' lang='grc' dir='ltr'><strong>τῷ</strong></span> <span class='ocrx_word' id='word_1_747' title='bbox 1207 4829 1382 4894; x_wconf 80' lang='grc' dir='ltr'><strong>ἄλσει,</strong></span> <span class='ocrx_word' id='word_1_748' title='bbox 1444 4827 1907 4899; x_wconf 76' lang='grc' dir='ltr'><strong>περιεργάζονται</strong></span> <span class='ocrx_word' id='word_1_749' title='bbox 1943 4826 2014 4878; x_wconf 81' lang='grc' dir='ltr'><strong>τὰ</strong></span> 
     </span>
    </p>
   </div>
   <div class='ocr_carea' id='block_1_94' title="bbox 436 4920 2016 4994">
    <p class='ocr_par' dir='ltr' id='par_1_94' title="bbox 436 4920 2016 4994">
     <span class='ocr_line' id='line_1_94' title="bbox 436 4920 2016 4994; baseline -0.004 -16"><span class='ocrx_word' id='word_1_750' title='bbox 436 4926 560 4978; x_wconf 87' lang='grc' dir='ltr'><strong>κατ’</strong></span> <span class='ocrx_word' id='word_1_751' title='bbox 591 4924 726 4978; x_wconf 82' lang='grc' dir='ltr'><strong>αὑτό</strong></span> <span class='ocrx_word' id='word_1_752' title='bbox 753 4940 769 4957; x_wconf 76' lang='grc' dir='ltr'><strong>ο</strong></span> <span class='ocrx_word' id='word_1_753' title='bbox 802 4926 832 4979; x_wconf 84' lang='grc' dir='ltr'>ὁ</span> <span class='ocrx_word' id='word_1_754' title='bbox 855 4925 955 4994; x_wconf 75' lang='grc' dir='ltr'><strong>μὲν</strong></span> <span class='ocrx_word' id='word_1_755' title='bbox 983 4922 1166 4987; x_wconf 77' lang='grc' dir='ltr'><strong>πολιὸς</strong></span> <span class='ocrx_word' id='word_1_756' title='bbox 1198 4922 1323 4993; x_wconf 76' lang='grc' dir='ltr'><strong>ήδη,</strong></span> <span class='ocrx_word' id='word_1_757' title='bbox 1352 4923 1446 4976; x_wconf 58' lang='grc' dir='ltr'><strong>καὶ⁵</strong></span> <span class='ocrx_word' id='word_1_758' title='bbox 1478 4923 1657 4993; x_wconf 81' lang='grc' dir='ltr'><strong>χρόνῳ</strong></span> <span class='ocrx_word' id='word_1_759' title='bbox 1689 4920 1790 4992; x_wconf 75' lang='grc' dir='ltr'><strong>τὴν</strong></span> <span class='ocrx_word' id='word_1_760' title='bbox 1818 4924 2016 4990; x_wconf 69' lang='grc' dir='ltr'><strong>ἐμπειη</strong></span> 
     </span>
    </p>
   </div>
   <div class='ocr_carea' id='block_1_95' title="bbox 440 5013 2015 5090">
    <p class='ocr_par' dir='ltr' id='par_1_95' title="bbox 440 5013 2015 5090">
     <span class='ocr_line' id='line_1_95' title="bbox 440 5013 2015 5090; baseline -0.004 -19"><span class='ocrx_word' id='word_1_761' title='bbox 440 5021 563 5090; x_wconf 87' lang='grc' dir='ltr'><strong>ρίαν</strong></span> <span class='ocrx_word' id='word_1_762' title='bbox 634 5019 854 5089; x_wconf 76' lang='grc' dir='ltr'><strong>μακράν</strong></span> <span class='ocrx_word' id='word_1_763' title='bbox 910 5017 1308 5084; x_wconf 84' lang='grc' dir='ltr'><strong>συλλεξάμενος</strong></span> <span class='ocrx_word' id='word_1_764' title='bbox 1338 5029 1352 5045; x_wconf 84' lang='grc'><em>’</em></span> <span class='ocrx_word' id='word_1_765' title='bbox 1418 5017 1548 5086; x_wconf 76' lang='grc' dir='ltr'><strong>ἡδὺς</strong></span> <span class='ocrx_word' id='word_1_766' title='bbox 1594 5015 1791 5078; x_wconf 79' lang='grc' dir='ltr'><strong>εἰπεῖν,</strong></span> <span class='ocrx_word' id='word_1_767' title='bbox 1846 5013 2015 5083; x_wconf 71' lang='grc' dir='ltr'><strong>ταχὺς</strong></span> 
     </span>
    </p>
   </div>
   <div class='ocr_carea' id='block_1_96' title="bbox 439 5107 2012 5180">
    <p class='ocr_par' dir='ltr' id='par_1_96' title="bbox 439 5107 2012 5180">
     <span class='ocr_line' id='line_1_96' title="bbox 439 5107 2012 5180; baseline -0.006 -12"><span class='ocrx_word' id='word_1_768' title='bbox 439 5110 790 5168; x_wconf 76' lang='grc' dir='ltr'><strong>ἐπιτελέσαιο</strong></span> <span class='ocrx_word' id='word_1_769' title='bbox 864 5110 992 5177; x_wconf 79' lang='grc' dir='ltr'><strong>ὀξὺς</strong></span> <span class='ocrx_word' id='word_1_770' title='bbox 1058 5108 1336 5180; x_wconf 80' lang='grc' dir='ltr'><strong>προϊδεῖν,</strong></span> <span class='ocrx_word' id='word_1_771' title='bbox 1409 5109 1600 5178; x_wconf 78' lang='grc' dir='ltr'><strong>βριθὺς</strong></span> <span class='ocrx_word' id='word_1_772' title='bbox 1675 5107 2012 5160; x_wconf 84' lang='grc' dir='ltr'><strong>ἐπιθέσθαι·</strong></span> 
     </span>
    </p>
   </div>
   <div class='ocr_carea' id='block_1_97' title="bbox 443 5200 2018 5276">
    <p class='ocr_par' dir='ltr' id='par_1_97' title="bbox 443 5200 2018 5276">
     <span class='ocr_line' id='line_1_97' title="bbox 443 5200 2018 5276; baseline -0.005 -16"><span class='ocrx_word' id='word_1_773' title='bbox 443 5204 674 5276; x_wconf 75' lang='grc' dir='ltr'><strong>σφοδρδς</strong></span> <span class='ocrx_word' id='word_1_774' title='bbox 705 5203 805 5273; x_wconf 74' lang='grc' dir='ltr'><strong>τὴν</strong></span> <span class='ocrx_word' id='word_1_775' title='bbox 833 5203 1037 5274; x_wconf 83' lang='grc' dir='ltr'><strong>ῥύμην,</strong></span> <span class='ocrx_word' id='word_1_776' title='bbox 1065 5201 1271 5273; x_wconf 77' lang='grc' dir='ltr'><strong>πτηνὸς</strong></span> <span class='ocrx_word' id='word_1_777' title='bbox 1299 5202 1359 5255; x_wconf 85' lang='grc' dir='ltr'><strong>τὸ</strong></span> <span class='ocrx_word' id='word_1_778' title='bbox 1387 5203 1551 5270; x_wconf 87' lang='grc' dir='ltr'><strong>τάχος</strong></span> <span class='ocrx_word' id='word_1_779' title='bbox 1581 5217 1595 5231; x_wconf 80' lang='grc' dir='ltr'><strong>ο</strong></span> <span class='ocrx_word' id='word_1_780' title='bbox 1633 5202 1790 5264; x_wconf 67' lang='grc' dir='ltr'><strong>ἀετός</strong></span> <span class='ocrx_word' id='word_1_781' title='bbox 1823 5200 2018 5271; x_wconf 85' lang='grc' dir='ltr'><strong>ὥσπερ</strong></span> 
     </span>
    </p>
   </div>
   <div class='ocr_carea' id='block_1_98' title="bbox 442 5292 2021 5364">
    <p class='ocr_par' dir='ltr' id='par_1_98' title="bbox 442 5292 2021 5364">
     <span class='ocr_line' id='line_1_98' title="bbox 442 5292 2021 5364; baseline -0.004 -10"><span class='ocrx_word' id='word_1_782' title='bbox 442 5297 652 5355; x_wconf 74' lang='grc' dir='ltr'><strong>ἄνωθέν</strong></span> <span class='ocrx_word' id='word_1_783' title='bbox 676 5294 840 5349; x_wconf 84' lang='grc' dir='ltr'><strong>ποθεν</strong></span> <span class='ocrx_word' id='word_1_784' title='bbox 869 5294 1217 5364; x_wconf 79' lang='grc' dir='ltr'><strong>καταῤῥάξας</strong></span> <span class='ocrx_word' id='word_1_785' title='bbox 1245 5295 1400 5363; x_wconf 79' lang='grc' dir='ltr'><strong>ἡμῖν.</strong></span> <span class='ocrx_word' id='word_1_786' title='bbox 1437 5293 1496 5347; x_wconf 82' lang='grc' dir='ltr'>Ὀ</span> <span class='ocrx_word' id='word_1_787' title='bbox 1518 5292 1576 5346; x_wconf 89' lang='grc' dir='ltr'><strong>δέ</strong></span> <span class='ocrx_word' id='word_1_788' title='bbox 1608 5311 1672 5360; x_wconf 90' lang='grc' dir='ltr'><strong>γε</strong></span> <span class='ocrx_word' id='word_1_789' title='bbox 1704 5293 1890 5356; x_wconf 73' lang='grc' dir='ltr'><strong>λοιπὸς</strong></span> <span class='ocrx_word' id='word_1_790' title='bbox 1925 5295 2021 5348; x_wconf 68' lang='grc' dir='ltr'><strong>κα)⁴</strong></span> 
     </span>
    </p>
   </div>
   <div class='ocr_carea' id='block_1_99' title="bbox 446 5384 2018 5462">
    <p class='ocr_par' dir='ltr' id='par_1_99' title="bbox 446 5384 2018 5462">
     <span class='ocr_line' id='line_1_99' title="bbox 446 5384 2018 5462; baseline -0.003 -20"><span class='ocrx_word' id='word_1_791' title='bbox 446 5390 700 5462; x_wconf 87' lang='grc' dir='ltr'><strong>δεύτερος</strong></span> <span class='ocrx_word' id='word_1_792' title='bbox 762 5384 1028 5448; x_wconf 83' lang='grc' dir='ltr'><strong>άετιδεὺς,</strong></span> <span class='ocrx_word' id='word_1_793' title='bbox 1087 5386 1183 5438; x_wconf 89' lang='grc' dir='ltr'><strong>τοῦ</strong></span> <span class='ocrx_word' id='word_1_794' title='bbox 1254 5385 1701 5456; x_wconf 83' lang='grc' dir='ltr'><strong>προφρασθέντος</strong></span> <span class='ocrx_word' id='word_1_795' title='bbox 1755 5384 2018 5450; x_wconf 79' lang='grc' dir='ltr'><strong>έκγονοςο</strong></span> 
     </span>
    </p>
   </div>
   <div class='ocr_carea' id='block_1_100' title="bbox 447 5473 2022 5548">
    <p class='ocr_par' dir='ltr' id='par_1_100' title="bbox 447 5473 2022 5548">
     <span class='ocr_line' id='line_1_100' title="bbox 447 5473 2022 5548; baseline -0.002 -17"><span class='ocrx_word' id='word_1_796' title='bbox 447 5476 600 5531; x_wconf 71' lang='grc' dir='ltr'><strong>οὔπω</strong></span> <span class='ocrx_word' id='word_1_797' title='bbox 659 5478 761 5548; x_wconf 79' lang='grc' dir='ltr'><strong>μὲν</strong></span> <span class='ocrx_word' id='word_1_798' title='bbox 810 5475 880 5528; x_wconf 82' lang='grc' dir='ltr'><strong>τὰ</strong></span> <span class='ocrx_word' id='word_1_799' title='bbox 934 5473 1100 5526; x_wconf 83' lang='grc' dir='ltr'><strong>πτίλα</strong></span> <span class='ocrx_word' id='word_1_800' title='bbox 1152 5473 1290 5544; x_wconf 83' lang='grc' dir='ltr'><strong>πρὸς</strong></span> <span class='ocrx_word' id='word_1_801' title='bbox 1341 5475 1698 5543; x_wconf 79' lang='grc' dir='ltr'><strong>ὀξυκινησίαν</strong></span> <span class='ocrx_word' id='word_1_802' title='bbox 1747 5475 1893 5529; x_wconf 80' lang='grc' dir='ltr'><strong>κατὰ</strong></span> <span class='ocrx_word' id='word_1_803' title='bbox 1928 5477 2022 5528; x_wconf 80' lang='grc' dir='ltr'><strong>τὸν</strong></span> 
     </span>
    </p>
   </div>
   <div class='ocr_carea' id='block_1_101' title="bbox 447 5567 2027 5641">
    <p class='ocr_par' dir='ltr' id='par_1_101' title="bbox 447 5567 2027 5641">
     <span class='ocr_line' id='line_1_101' title="bbox 447 5567 2027 5641; baseline -0.001 -18"><span class='ocrx_word' id='word_1_804' title='bbox 447 5569 604 5623; x_wconf 76' lang='grc' dir='ltr'><strong>ἀετὸν</strong></span> <span class='ocrx_word' id='word_1_805' title='bbox 635 5568 1020 5634; x_wconf 86' lang='grc' dir='ltr'><strong>εὐθετισμένος</strong></span> <span class='ocrx_word' id='word_1_806' title='bbox 1055 5567 1295 5636; x_wconf 87' lang='grc' dir='ltr'><strong>πατέρα,</strong></span> <span class='ocrx_word' id='word_1_807' title='bbox 1339 5568 1592 5637; x_wconf 79' lang='grc' dir='ltr'><strong>γαμψοὺς</strong></span> <span class='ocrx_word' id='word_1_808' title='bbox 1623 5567 1685 5624; x_wconf 80' lang='grc' dir='ltr'><strong>’δὲ</strong></span> <span class='ocrx_word' id='word_1_809' title='bbox 1717 5569 1864 5641; x_wconf 75' lang='grc' dir='ltr'><strong>ὅμως</strong></span> <span class='ocrx_word' id='word_1_810' title='bbox 1897 5569 2027 5622; x_wconf 82' lang='grc' dir='ltr'><strong>ὑπέ-</strong></span> 
     </span>
    </p>
   </div>
   <div class='ocr_carea' id='block_1_102' title="bbox 449 5655 2026 5730">
    <p class='ocr_par' dir='ltr' id='par_1_102' title="bbox 449 5655 2026 5730">
     <span class='ocr_line' id='line_1_102' title="bbox 449 5655 2026 5730; baseline 0.002 -22"><span class='ocrx_word' id='word_1_811' title='bbox 449 5673 560 5725; x_wconf 88' lang='grc' dir='ltr'><strong>χων</strong></span> <span class='ocrx_word' id='word_1_812' title='bbox 589 5657 714 5718; x_wconf 82' lang='grc' dir='ltr'><strong>τοὺς</strong></span> <span class='ocrx_word' id='word_1_813' title='bbox 747 5655 950 5726; x_wconf 81' lang='grc' dir='ltr'><strong>δνυχας</strong></span> <span class='ocrx_word' id='word_1_814' title='bbox 985 5657 1080 5709; x_wconf 74' lang='grc' dir='ltr'><strong>καὶ</strong></span> <span class='ocrx_word' id='word_1_815' title='bbox 1113 5655 1260 5717; x_wconf 85' lang='grc' dir='ltr'><strong>οἴους</strong></span> <span class='ocrx_word' id='word_1_816' title='bbox 1293 5656 1640 5722; x_wconf 67' lang='grc' dir='ltr'><strong>ἀφαρπάζειν</strong></span> <span class='ocrx_word' id='word_1_817' title='bbox 1685 5660 1748 5712; x_wconf 80' lang='grc' dir='ltr'><strong>τὸ</strong></span> <span class='ocrx_word' id='word_1_818' title='bbox 1787 5677 2026 5730; x_wconf 88' lang='grc' dir='ltr'><strong>προστυ-</strong></span> 
     </span>
    </p>
   </div>
   <div class='ocr_carea' id='block_1_103' title="bbox 459 5747 2023 5824">
    <p class='ocr_par' dir='ltr' id='par_1_103' title="bbox 459 5747 2023 5824">
     <span class='ocr_line' id='line_1_103' title="bbox 459 5747 2023 5824; baseline 0.005 -27"><span class='ocrx_word' id='word_1_819' title='bbox 459 5747 571 5812; x_wconf 65' lang='grc' dir='ltr'><strong>χόν.</strong></span> <span class='ocrx_word' id='word_1_820' title='bbox 597 5747 830 5811; x_wconf 75' lang='grc' dir='ltr'><strong>Τούτους</strong></span> <span class='ocrx_word' id='word_1_821' title='bbox 862 5765 958 5802; x_wconf 88' lang='grc' dir='ltr'><strong>σου</strong></span> <span class='ocrx_word' id='word_1_822' title='bbox 988 5750 1113 5813; x_wconf 79' lang='grc' dir='ltr'><strong>τοὺς</strong></span> <span class='ocrx_word' id='word_1_823' title='bbox 1156 5751 1540 5812; x_wconf 85' lang='grc' dir='ltr'><strong>κατασκόπους</strong></span> <span class='ocrx_word' id='word_1_824' title='bbox 1572 5753 1633 5803; x_wconf 79' lang='grc' dir='ltr'><strong>οὐ</strong></span> <span class='ocrx_word' id='word_1_825' title='bbox 1673 5753 1840 5824; x_wconf 78' lang='grc' dir='ltr'><strong>πόρνη</strong></span> <span class='ocrx_word' id='word_1_826' title='bbox 1883 5754 2023 5808; x_wconf 71' lang='grc' dir='ltr'><strong>κατὰ</strong></span> 
     </span>
    </p>
   </div>
   <div class='ocr_carea' id='block_1_104' title="bbox 2110 4648 3690 4720">
    <p class='ocr_par' dir='ltr' id='par_1_104' title="bbox 2110 4648 3690 4720">
     <span class='ocr_line' id='line_1_104' title="bbox 2110 4648 3690 4720; baseline -0.002 -15"><span class='ocrx_word' id='word_1_827' title='bbox 2110 4653 2402 4719; x_wconf 86' lang='grc' dir='ltr'><strong>λευόμενον</strong></span> <span class='ocrx_word' id='word_1_828' title='bbox 2434 4651 2576 4704; x_wconf 80' lang='grc' dir='ltr'><strong>ἑκὼν</strong></span> <span class='ocrx_word' id='word_1_829' title='bbox 2620 4651 2801 4703; x_wconf 87' lang='grc' dir='ltr'><strong>ἀέκων</strong></span> <span class='ocrx_word' id='word_1_830' title='bbox 2829 4666 2912 4703; x_wconf 93' lang='grc' dir='ltr'><strong>σοι</strong></span> <span class='ocrx_word' id='word_1_831' title='bbox 2950 4649 3354 4720; x_wconf 81' lang='grc' dir='ltr'><strong>διαπέμψομαι.</strong></span> <span class='ocrx_word' id='word_1_832' title='bbox 3390 4648 3553 4704; x_wconf 84' lang='grc' dir='ltr'><strong>Οῦτω</strong></span> <span class='ocrx_word' id='word_1_833' title='bbox 3584 4651 3690 4720; x_wconf 73' lang='grc' dir='ltr'><strong>γὰρ</strong></span> 
     </span>
    </p>
   </div>
   <div class='ocr_carea' id='block_1_105' title="bbox 2111 4741 3690 4812">
    <p class='ocr_par' dir='ltr' id='par_1_105' title="bbox 2111 4741 3690 4812">
     <span class='ocr_line' id='line_1_105' title="bbox 2111 4741 3690 4812; baseline -0.003 -14"><span class='ocrx_word' id='word_1_834' title='bbox 2111 4745 2239 4808; x_wconf 89' lang='grc' dir='ltr'><strong>τούς</strong></span> <span class='ocrx_word' id='word_1_835' title='bbox 2283 4763 2344 4799; x_wconf 89' lang='grc' dir='ltr'><strong>τε</strong></span> <span class='ocrx_word' id='word_1_836' title='bbox 2375 4743 2758 4805; x_wconf 80' lang='grc' dir='ltr'><strong>κατασκόπους</strong></span> <span class='ocrx_word' id='word_1_837' title='bbox 2809 4741 3148 4812; x_wconf 87' lang='grc' dir='ltr'><strong>ἀμυνοῦμαι,</strong></span> <span class='ocrx_word' id='word_1_838' title='bbox 3207 4743 3303 4796; x_wconf 82' lang='grc' dir='ltr'><strong>καὶ</strong></span> <span class='ocrx_word' id='word_1_839' title='bbox 3350 4742 3460 4795; x_wconf 83' lang='grc' dir='ltr'><strong>άπὸ</strong></span> <span class='ocrx_word' id='word_1_840' title='bbox 3514 4741 3690 4809; x_wconf 85' lang='grc' dir='ltr'><strong>θυμοῦ</strong></span> 
     </span>
    </p>
   </div>
   <div class='ocr_carea' id='block_1_106' title="bbox 2116 4836 3690 4911">
    <p class='ocr_par' dir='ltr' id='par_1_106' title="bbox 2116 4836 3690 4911">
     <span class='ocr_line' id='line_1_106' title="bbox 2116 4836 3690 4911; baseline -0.003 -19"><span class='ocrx_word' id='word_1_841' title='bbox 2116 4840 2306 4893; x_wconf 86' lang='grc' dir='ltr'><strong>πεσεῖν</strong></span> <span class='ocrx_word' id='word_1_842' title='bbox 2343 4855 2426 4891; x_wconf 92' lang='grc' dir='ltr'><strong>σοι</strong></span> <span class='ocrx_word' id='word_1_843' title='bbox 2459 4838 2689 4911; x_wconf 75' lang='grc' dir='ltr'><strong>ποιήσοι,</strong></span> <span class='ocrx_word' id='word_1_844' title='bbox 2713 4837 3072 4900; x_wconf 87' lang='grc' dir='ltr'><strong>διαπεσόντος</strong></span> <span class='ocrx_word' id='word_1_845' title='bbox 3101 4836 3285 4899; x_wconf 73' lang='grc' dir='ltr'><strong>αὐτοῖς</strong></span> <span class='ocrx_word' id='word_1_846' title='bbox 3316 4836 3411 4889; x_wconf 85' lang='grc' dir='ltr'><strong>τοῦ</strong></span> <span class='ocrx_word' id='word_1_847' title='bbox 3448 4838 3690 4890; x_wconf 82' lang='grc' dir='ltr'><strong>σκοποῦο</strong></span> 
     </span>
    </p>
   </div>
   <div class='ocr_carea' id='block_1_107' title="bbox 2117 4930 3694 5002">
    <p class='ocr_par' dir='ltr' id='par_1_107' title="bbox 2117 4930 3694 5002">
     <span class='ocr_line' id='line_1_107' title="bbox 2117 4930 3694 5002; baseline -0.002 -16"><span class='ocrx_word' id='word_1_848' title='bbox 2117 4933 2213 4988; x_wconf 71' lang='grc' dir='ltr'><strong>καὶ</strong></span> <span class='ocrx_word' id='word_1_849' title='bbox 2243 4932 2355 4987; x_wconf 79' lang='grc' dir='ltr'><strong>οὐδ’</strong></span> <span class='ocrx_word' id='word_1_850' title='bbox 2387 4930 2790 5002; x_wconf 80' lang='grc' dir='ltr'><strong>άντιστήσομαί</strong></span> <span class='ocrx_word' id='word_1_851' title='bbox 2823 4947 2916 4984; x_wconf 90' lang='grc' dir='ltr'><strong>σου</strong></span> <span class='ocrx_word' id='word_1_852' title='bbox 2950 4930 3028 5000; x_wconf 80' lang='grc' dir='ltr'><strong>τῷ</strong></span> <span class='ocrx_word' id='word_1_853' title='bbox 3063 4930 3390 5000; x_wconf 85' lang='grc' dir='ltr'><strong>βουλήματι,</strong></span> <span class='ocrx_word' id='word_1_854' title='bbox 3429 4931 3511 4984; x_wconf 84' lang='grc' dir='ltr'><strong>ὅτι</strong></span> <span class='ocrx_word' id='word_1_855' title='bbox 3557 4931 3694 5001; x_wconf 79' lang='grc' dir='ltr'><strong>μηδὲ</strong></span> 
     </span>
    </p>
   </div>
   <div class='ocr_carea' id='block_1_108' title="bbox 2119 5021 3696 5095">
    <p class='ocr_par' dir='ltr' id='par_1_108' title="bbox 2119 5021 3696 5095">
     <span class='ocr_line' id='line_1_108' title="bbox 2119 5021 3696 5095; baseline -0.003 -16"><span class='ocrx_word' id='word_1_856' title='bbox 2119 5027 2293 5095; x_wconf 78' lang='grc' dir='ltr'><strong>πάρος</strong></span> <span class='ocrx_word' id='word_1_857' title='bbox 2327 5025 2456 5079; x_wconf 87' lang='grc' dir='ltr'><strong>ποτέ</strong></span> <span class='ocrx_word' id='word_1_858' title='bbox 2477 5026 2575 5092; x_wconf 87' lang='grc' dir='ltr'><strong>τῆς</strong></span> <span class='ocrx_word' id='word_1_859' title='bbox 2608 5025 2707 5094; x_wconf 80' lang='grc' dir='ltr'><strong>σῆς</strong></span> <span class='ocrx_word' id='word_1_860' title='bbox 2729 5022 3069 5078; x_wconf 84' lang='grc' dir='ltr'><strong>ἀπεστάτουν</strong></span> <span class='ocrx_word' id='word_1_861' title='bbox 3093 5022 3290 5091; x_wconf 82' lang='grc' dir='ltr'><strong>φρενός</strong></span> <span class='ocrx_word' id='word_1_862' title='bbox 3317 5021 3497 5093; x_wconf 87' lang='grc' dir='ltr'><strong>(τοῦτο</strong></span> <span class='ocrx_word' id='word_1_863' title='bbox 3538 5024 3604 5088; x_wconf 80' lang='grc' dir='ltr'><strong>δὴ</strong></span> <span class='ocrx_word' id='word_1_864' title='bbox 3636 5022 3696 5075; x_wconf 79' lang='grc' dir='ltr'><strong>τὸ</strong></span> 
     </span>
    </p>
   </div>
   <div class='ocr_carea' id='block_1_109' title="bbox 2120 5114 3691 5189">
    <p class='ocr_par' dir='ltr' id='par_1_109' title="bbox 2120 5114 3691 5189">
     <span class='ocr_line' id='line_1_109' title="bbox 2120 5114 3691 5189; baseline -0.005 -17"><span class='ocrx_word' id='word_1_865' title='bbox 2120 5118 2486 5189; x_wconf 79' lang='grc' dir='ltr'><strong>Σοφόκλειον).</strong></span> <span class='ocrx_word' id='word_1_866' title='bbox 2518 5119 2708 5189; x_wconf 86' lang='grc' dir='ltr'><strong>Ἔχεις</strong></span> <span class='ocrx_word' id='word_1_867' title='bbox 2733 5115 2826 5170; x_wconf 88' lang='grc' dir='ltr'><strong>οῦν</strong></span> <span class='ocrx_word' id='word_1_868' title='bbox 2856 5118 2952 5170; x_wconf 78' lang='grc' dir='ltr'><strong>καὶ</strong></span> <span class='ocrx_word' id='word_1_869' title='bbox 2981 5116 3046 5188; x_wconf 81' lang='grc' dir='ltr'><strong>δὴ</strong></span> <span class='ocrx_word' id='word_1_870' title='bbox 3073 5115 3132 5169; x_wconf 86' lang='grc' dir='ltr'><strong>τὸ</strong></span> <span class='ocrx_word' id='word_1_871' title='bbox 3155 5115 3286 5186; x_wconf 76' lang='grc' dir='ltr'><strong>ἐμὸν</strong></span> <span class='ocrx_word' id='word_1_872' title='bbox 3319 5114 3480 5168; x_wconf 79' lang='grc' dir='ltr'><strong>τοῦτο</strong></span> <span class='ocrx_word' id='word_1_873' title='bbox 3505 5114 3691 5173; x_wconf 77' lang='grc' dir='ltr'><strong>καλὸν,</strong></span> 
     </span>
    </p>
   </div>
   <div class='ocr_carea' id='block_1_110' title="bbox 2121 5201 3697 5280">
    <p class='ocr_par' dir='ltr' id='par_1_110' title="bbox 2121 5201 3697 5280">
     <span class='ocr_line' id='line_1_110' title="bbox 2121 5201 3697 5280; baseline -0.004 -16"><span class='ocrx_word' id='word_1_874' title='bbox 2121 5210 2181 5265; x_wconf 84' lang='grc' dir='ltr'><strong>τὸ</strong></span> <span class='ocrx_word' id='word_1_875' title='bbox 2223 5212 2387 5280; x_wconf 90' lang='grc' dir='ltr'><strong>μέγα,</strong></span> <span class='ocrx_word' id='word_1_876' title='bbox 2419 5211 2479 5263; x_wconf 82' lang='grc' dir='ltr'><strong>τὸ</strong></span> <span class='ocrx_word' id='word_1_877' title='bbox 2513 5211 2747 5280; x_wconf 86' lang='grc' dir='ltr'><strong>μονῆρες</strong></span> <span class='ocrx_word' id='word_1_878' title='bbox 2768 5227 2781 5240; x_wconf 76' lang='grc' dir='ltr'><strong>ο</strong></span> <span class='ocrx_word' id='word_1_879' title='bbox 2825 5208 2855 5262; x_wconf 82' lang='grc' dir='ltr'><strong>δ</strong></span> <span class='ocrx_word' id='word_1_880' title='bbox 2888 5209 3028 5278; x_wconf 89' lang='grc' dir='ltr'><strong>τάχα</strong></span> <span class='ocrx_word' id='word_1_881' title='bbox 3066 5207 3224 5277; x_wconf 90' lang='grc' dir='ltr'><strong>μόνον</strong></span> <span class='ocrx_word' id='word_1_882' title='bbox 3255 5206 3313 5260; x_wconf 75' lang='grc' dir='ltr'><strong>ἓν</strong></span> <span class='ocrx_word' id='word_1_883' title='bbox 3339 5201 3491 5275; x_wconf 73' lang='grc' dir='ltr'><strong>εἶχεν</strong></span> <span class='ocrx_word' id='word_1_884' title='bbox 3520 5207 3550 5258; x_wconf 83' lang='grc' dir='ltr'><strong>ὁ</strong></span> <span class='ocrx_word' id='word_1_885' title='bbox 3576 5205 3697 5258; x_wconf 79' lang='grc' dir='ltr'><strong>καθ’</strong></span> 
     </span>
    </p>
   </div>
   <div class='ocr_carea' id='block_1_111' title="bbox 2123 5297 3698 5374">
    <p class='ocr_par' dir='ltr' id='par_1_111' title="bbox 2123 5297 3698 5374">
     <span class='ocr_line' id='line_1_111' title="bbox 2123 5297 3698 5374; baseline -0.006 -17"><span class='ocrx_word' id='word_1_886' title='bbox 2123 5304 2275 5374; x_wconf 83' lang='grc' dir='ltr'><strong>ἡμᾶς</strong></span> <span class='ocrx_word' id='word_1_887' title='bbox 2305 5303 2432 5369; x_wconf 79' lang='grc' dir='ltr'><strong>ἄρτι</strong></span> <span class='ocrx_word' id='word_1_888' title='bbox 2479 5303 2616 5372; x_wconf 83' lang='grc' dir='ltr'><strong>βίος,</strong></span> <span class='ocrx_word' id='word_1_889' title='bbox 2663 5302 2738 5364; x_wconf 85' lang='grc' dir='ltr'><strong>ὡς</strong></span> <span class='ocrx_word' id='word_1_890' title='bbox 2783 5300 2875 5355; x_wconf 82' lang='grc' dir='ltr'><strong>τὸν</strong></span> <span class='ocrx_word' id='word_1_891' title='bbox 2913 5298 3006 5353; x_wconf 87' lang='grc' dir='ltr'><strong>τοῦ</strong></span> <span class='ocrx_word' id='word_1_892' title='bbox 3039 5298 3300 5369; x_wconf 76' lang='grc' dir='ltr'><strong>Περιόξου</strong></span> <span class='ocrx_word' id='word_1_893' title='bbox 3345 5297 3477 5351; x_wconf 89' lang='grc' dir='ltr'><strong>ποτὲ</strong></span> <span class='ocrx_word' id='word_1_894' title='bbox 3525 5298 3698 5368; x_wconf 87' lang='grc' dir='ltr'><strong>μέγαν</strong></span> 
     </span>
    </p>
   </div>
   <div class='ocr_carea' id='block_1_112' title="bbox 2124 5385 3698 5462">
    <p class='ocr_par' dir='ltr' id='par_1_112' title="bbox 2124 5385 3698 5462">
     <span class='ocr_line' id='line_1_112' title="bbox 2124 5385 3698 5462; baseline -0.006 -15"><span class='ocrx_word' id='word_1_895' title='bbox 2124 5395 2219 5448; x_wconf 73' lang='grc' dir='ltr'><strong>καὶ</strong></span> <span class='ocrx_word' id='word_1_896' title='bbox 2263 5393 2555 5447; x_wconf 86' lang='grc' dir='ltr'><strong>κάλλιστον</strong></span> <span class='ocrx_word' id='word_1_897' title='bbox 2603 5393 2912 5462; x_wconf 89' lang='grc' dir='ltr'><strong>μάργαρον.</strong></span> <span class='ocrx_word' id='word_1_898' title='bbox 2961 5392 3148 5460; x_wconf 85' lang='grc' dir='ltr'><strong>Ἔχεις</strong></span> <span class='ocrx_word' id='word_1_899' title='bbox 3196 5390 3257 5442; x_wconf 83' lang='grc' dir='ltr'><strong>τὸ</strong></span> <span class='ocrx_word' id='word_1_900' title='bbox 3293 5385 3387 5441; x_wconf 87' lang='grc' dir='ltr'><strong>τοῦ</strong></span> <span class='ocrx_word' id='word_1_901' title='bbox 3448 5389 3698 5457; x_wconf 82' lang='grc' dir='ltr'><strong>κατ’ἐμέ</strong></span> 
     </span>
    </p>
   </div>
   <div class='ocr_carea' id='block_1_113' title="bbox 2125 5476 3696 5554">
    <p class='ocr_par' dir='ltr' id='par_1_113' title="bbox 2125 5476 3696 5554">
     <span class='ocr_line' id='line_1_113' title="bbox 2125 5476 3696 5554; baseline -0.006 -15"><span class='ocrx_word' id='word_1_902' title='bbox 2125 5485 2327 5544; x_wconf 84' lang='grc' dir='ltr'><strong>ἄλσους</strong></span> <span class='ocrx_word' id='word_1_903' title='bbox 2354 5484 2659 5554; x_wconf 85' lang='grc' dir='ltr'><strong>ἀγλάϊσμα,</strong></span> <span class='ocrx_word' id='word_1_904' title='bbox 2687 5483 2788 5554; x_wconf 79' lang='grc' dir='ltr'><strong>τὴν</strong></span> <span class='ocrx_word' id='word_1_905' title='bbox 2807 5480 2903 5536; x_wconf 88' lang='grc' dir='ltr'><strong>τοῦ</strong></span> <span class='ocrx_word' id='word_1_906' title='bbox 2930 5480 3063 5553; x_wconf 87' lang='grc' dir='ltr'><strong>ἐμοῦ</strong></span> <span class='ocrx_word' id='word_1_907' title='bbox 3090 5479 3268 5550; x_wconf 84' lang='grc' dir='ltr'><strong>κήπου</strong></span> <span class='ocrx_word' id='word_1_908' title='bbox 3293 5476 3696 5537; x_wconf 74' lang='grc' dir='ltr'><strong>καλλιτεχνίαν,</strong></span> 
     </span>
    </p>
   </div>
   <div class='ocr_carea' id='block_1_114' title="bbox 2127 5567 3698 5644">
    <p class='ocr_par' dir='ltr' id='par_1_114' title="bbox 2127 5567 3698 5644">
     <span class='ocr_line' id='line_1_114' title="bbox 2127 5567 3698 5644; baseline -0.008 -15"><span class='ocrx_word' id='word_1_909' title='bbox 2127 5578 2205 5639; x_wconf 79' lang='grc' dir='ltr'><strong>είς</strong></span> <span class='ocrx_word' id='word_1_910' title='bbox 2238 5576 2266 5628; x_wconf 84' lang='grc' dir='ltr'><strong>ὃ</strong></span> <span class='ocrx_word' id='word_1_911' title='bbox 2314 5574 2416 5643; x_wconf 78' lang='grc' dir='ltr'><strong>τὴν</strong></span> <span class='ocrx_word' id='word_1_912' title='bbox 2460 5575 2644 5628; x_wconf 85' lang='grc' dir='ltr'><strong>πᾶσαν</strong></span> <span class='ocrx_word' id='word_1_913' title='bbox 2679 5572 3060 5644; x_wconf 88' lang='grc' dir='ltr'><strong>καλλιτεχνίαν</strong></span> <span class='ocrx_word' id='word_1_914' title='bbox 3100 5569 3133 5638; x_wconf 83' lang='grc' dir='ltr'><strong>ή</strong></span> <span class='ocrx_word' id='word_1_915' title='bbox 3192 5567 3358 5636; x_wconf 87' lang='grc' dir='ltr'><strong>φύσις</strong></span> <span class='ocrx_word' id='word_1_916' title='bbox 3406 5568 3698 5636; x_wconf 81' lang='grc' dir='ltr'><strong>φιλοτίμως</strong></span> 
     </span>
    </p>
   </div>
   <div class='ocr_carea' id='block_1_115' title="bbox 2129 5657 3690 5736">
    <p class='ocr_par' dir='ltr' id='par_1_115' title="bbox 2129 5657 3690 5736">
     <span class='ocr_line' id='line_1_115' title="bbox 2129 5657 3690 5736; baseline -0.007 -17"><span class='ocrx_word' id='word_1_917' title='bbox 2129 5666 2610 5736; x_wconf 83' lang='grc' dir='ltr'><strong>ἐγκαταϐέϐληται</strong></span> <span class='ocrx_word' id='word_1_918' title='bbox 2633 5681 2647 5697; x_wconf 80' lang='grc' dir='ltr'><strong><em>ο</em></strong></span> <span class='ocrx_word' id='word_1_919' title='bbox 2699 5659 2871 5734; x_wconf 74' lang='grc' dir='ltr'><strong>οὗπερ</strong></span> <span class='ocrx_word' id='word_1_920' title='bbox 2902 5666 2970 5718; x_wconf 84' lang='grc' dir='ltr'><strong>τὰ</strong></span> <span class='ocrx_word' id='word_1_921' title='bbox 3002 5661 3140 5717; x_wconf 84' lang='grc' dir='ltr'><strong>καλὰ</strong></span> <span class='ocrx_word' id='word_1_922' title='bbox 3171 5661 3271 5730; x_wconf 77' lang='grc' dir='ltr'><strong>τὴν</strong></span> <span class='ocrx_word' id='word_1_923' title='bbox 3309 5658 3449 5729; x_wconf 80' lang='grc' dir='ltr'><strong>πρὸς</strong></span> <span class='ocrx_word' id='word_1_924' title='bbox 3479 5657 3552 5710; x_wconf 78' lang='grc' dir='ltr'><strong>τά</strong></span> <span class='ocrx_word' id='word_1_925' title='bbox 3578 5657 3690 5725; x_wconf 79' lang='grc' dir='ltr'><strong>ὁμο</strong></span> 
     </span>
    </p>
   </div>
   <div class='ocr_carea' id='block_1_116' title="bbox 2132 5748 3698 5820">
    <p class='ocr_par' dir='ltr' id='par_1_116' title="bbox 2132 5748 3698 5820">
     <span class='ocr_line' id='line_1_116' title="bbox 2132 5748 3698 5820; baseline -0.008 -10"><span class='ocrx_word' id='word_1_926' title='bbox 2132 5760 2264 5815; x_wconf 73' lang='grc' dir='ltr'><strong>νενῆ</strong></span> <span class='ocrx_word' id='word_1_927' title='bbox 2309 5759 2620 5820; x_wconf 75' lang='grc' dir='ltr'><strong>ἐκπέφευγε</strong></span> <span class='ocrx_word' id='word_1_928' title='bbox 2668 5759 2968 5819; x_wconf 79' lang='grc' dir='ltr'><strong>συμϐολήν.</strong></span> <span class='ocrx_word' id='word_1_929' title='bbox 3009 5755 3214 5811; x_wconf 84' lang='grc' dir='ltr'><strong>Τούτου</strong></span> <span class='ocrx_word' id='word_1_930' title='bbox 3262 5748 3556 5820; x_wconf 74' lang='grc' dir='ltr'><strong>στερηθεὶς</strong></span> <span class='ocrx_word' id='word_1_931' title='bbox 3595 5749 3698 5815; x_wconf 82' lang='grc' dir='ltr'><strong>ἐγὼ</strong></span> 
     </span>
    </p>
   </div>
  </div>
