  <div class='ocr_page' id='page_1' title='image "/cluster/home/n/w/nwhite01/storage/ocr_20150623/136/mdp.39015038093210/662.png"; bbox 0 0 3910 6242; ppageno 0'>
   <div class='ocr_carea' id='block_1_1' title="bbox 211 316 364 382">
    <p class='ocr_par' dir='ltr' id='par_1_1' title="bbox 211 316 364 382">
     <span class='ocr_line' id='line_1_1' title="bbox 211 316 364 382; baseline 0.065 -10"><span class='ocrx_word' id='word_1_1' title='bbox 211 316 364 382; x_wconf 74' lang='lat'><strong>1309</strong></span> 
     </span>
    </p>
   </div>
   <div class='ocr_carea' id='block_1_2' title="bbox 1016 315 2691 380">
    <p class='ocr_par' dir='ltr' id='par_1_2' title="bbox 1016 315 2691 380">
     <span class='ocr_line' id='line_1_2' title="bbox 1016 315 2691 380; baseline 0.001 -2"><span class='ocrx_word' id='word_1_2' title='bbox 1016 316 1445 378; x_wconf 81' lang='lat' dir='ltr'><strong>EUSTATHII</strong></span> <span class='ocrx_word' id='word_1_3' title='bbox 1483 315 1933 378; x_wconf 80' lang='lat' dir='ltr'><strong>THESSALON</strong></span> <span class='ocrx_word' id='word_1_4' title='bbox 1944 315 2242 379; x_wconf 77' lang='lat' dir='ltr'><strong>ICENSIS</strong></span> <span class='ocrx_word' id='word_1_5' title='bbox 2270 317 2691 380; x_wconf 70' lang='lat' dir='ltr'><strong>EPISTOL/E.</strong></span> 
     </span>
    </p>
   </div>
   <div class='ocr_carea' id='block_1_3' title="bbox 3349 313 3484 379">
    <p class='ocr_par' dir='ltr' id='par_1_3' title="bbox 3349 313 3484 379">
     <span class='ocr_line' id='line_1_3' title="bbox 3349 313 3484 379; baseline -0.022 0"><span class='ocrx_word' id='word_1_6' title='bbox 3349 313 3484 379; x_wconf 75' lang='lat'><strong>1310</strong></span> 
     </span>
    </p>
   </div>
   <div class='ocr_carea' id='block_1_4' title="bbox 206 426 3482 503">
    <p class='ocr_par' dir='ltr' id='par_1_4' title="bbox 206 426 3482 503">
     <span class='ocr_line' id='line_1_4' title="bbox 206 426 3482 503; baseline 0 -18"><span class='ocrx_word' id='word_1_7' title='bbox 206 433 277 486; x_wconf 81' lang='grc' dir='ltr'><strong>τὰ</strong></span> <span class='ocrx_word' id='word_1_8' title='bbox 307 431 409 501; x_wconf 71' lang='grc' dir='ltr'><strong>μὶν</strong></span> <span class='ocrx_word' id='word_1_9' title='bbox 438 429 574 486; x_wconf 72' lang='grc' dir='ltr'><strong>ἀλλα</strong></span> <span class='ocrx_word' id='word_1_10' title='bbox 617 430 904 501; x_wconf 78' lang='grc' dir='ltr'><strong>δυσφόρως</strong></span> <span class='ocrx_word' id='word_1_11' title='bbox 935 430 1096 499; x_wconf 78' lang='grc' dir='ltr'><strong>ἔσχον</strong></span> <span class='ocrx_word' id='word_1_12' title='bbox 1121 445 1133 458; x_wconf 83' lang='lat'><strong><em>°</em></strong></span> <span class='ocrx_word' id='word_1_13' title='bbox 1186 431 1268 485; x_wconf 82' lang='grc' dir='ltr'><strong>ὅτι</strong></span> <span class='ocrx_word' id='word_1_14' title='bbox 1313 430 1369 484; x_wconf 75' lang='grc' dir='ltr'><strong>δὲ</strong></span> <span class='ocrx_word' id='word_1_15' title='bbox 1403 430 1438 500; x_wconf 80' lang='grc' dir='ltr'><strong>ἡ</strong></span> <span class='ocrx_word' id='word_1_16' title='bbox 1486 429 1675 500; x_wconf 74' lang='grc' dir='ltr'><strong>μήτηρ</strong></span> <span class='ocrx_word' id='word_1_17' title='bbox 1707 429 1790 494; x_wconf 83' lang='grc' dir='ltr'><strong>(τὸ</strong></span> <span class='ocrx_word' id='word_1_18' title='bbox 1815 432 1865 492; x_wconf 72' lang='grc' dir='ltr'>Α</span> <span class='ocrx_word' id='word_1_19' title='bbox 1892 429 1976 482; x_wconf 81' lang='grc' dir='ltr'><strong>Τὰ</strong></span> <span class='ocrx_word' id='word_1_20' title='bbox 2037 429 2139 498; x_wconf 74' lang='grc' dir='ltr'><strong>μὲν</strong></span> <span class='ocrx_word' id='word_1_21' title='bbox 2191 426 2288 484; x_wconf 81' lang='grc' dir='ltr'><strong>οῦν</strong></span> <span class='ocrx_word' id='word_1_22' title='bbox 2343 430 2483 485; x_wconf 78' lang='grc' dir='ltr'><strong>ἄλλα</strong></span> <span class='ocrx_word' id='word_1_23' title='bbox 2537 431 2647 484; x_wconf 84' lang='grc' dir='ltr'><strong>τῶν</strong></span> <span class='ocrx_word' id='word_1_24' title='bbox 2701 428 2938 498; x_wconf 79' lang='grc' dir='ltr'>δένδρων</span> <span class='ocrx_word' id='word_1_25' title='bbox 2996 447 3102 501; x_wconf 87' lang='grc' dir='ltr'><strong>καρ</strong></span> <span class='ocrx_word' id='word_1_26' title='bbox 3157 430 3211 486; x_wconf 64' lang='grc' dir='ltr'><strong>δῦ</strong></span> <span class='ocrx_word' id='word_1_27' title='bbox 3253 431 3482 503; x_wconf 66' lang='grc' dir='ltr'><strong>ἔναγχος</strong></span> 
     </span>
    </p>
   </div>
   <div class='ocr_carea' id='block_1_5' title="bbox 203 519 3483 594">
    <p class='ocr_par' dir='ltr' id='par_1_5' title="bbox 203 519 3483 594">
     <span class='ocr_line' id='line_1_5' title="bbox 203 519 3483 594; baseline 0 -16"><span class='ocrx_word' id='word_1_28' title='bbox 203 521 444 592; x_wconf 79' lang='grc' dir='ltr'><strong>δένδρον)</strong></span> <span class='ocrx_word' id='word_1_29' title='bbox 469 520 570 578; x_wconf 80' lang='grc' dir='ltr'><strong>οὐκ</strong></span> <span class='ocrx_word' id='word_1_30' title='bbox 599 519 788 588; x_wconf 78' lang='grc' dir='ltr'><strong>ὀλίγοι·</strong></span> <span class='ocrx_word' id='word_1_31' title='bbox 808 521 904 574; x_wconf 89' lang='grc' dir='ltr'><strong>τοῦ</strong></span> <span class='ocrx_word' id='word_1_32' title='bbox 933 521 1140 590; x_wconf 77' lang='grc' dir='ltr'><strong>βάρους</strong></span> <span class='ocrx_word' id='word_1_33' title='bbox 1167 520 1602 592; x_wconf 77' lang='grc' dir='ltr'><strong>ἀπεφορτίσατο,</strong></span> <span class='ocrx_word' id='word_1_34' title='bbox 1631 519 1793 573; x_wconf 83' lang='grc' dir='ltr'><strong>τοῦτό</strong></span> <span class='ocrx_word' id='word_1_35' title='bbox 1898 523 2285 593; x_wconf 78' lang='grc' dir='ltr'><strong>εὐφορήσαντα</strong></span> <span class='ocrx_word' id='word_1_36' title='bbox 2347 523 2604 594; x_wconf 87' lang='grc' dir='ltr'><strong>κέκμηκε</strong></span> <span class='ocrx_word' id='word_1_37' title='bbox 2659 522 2853 580; x_wconf 81' lang='grc' dir='ltr'><strong>τέλεον</strong></span> <span class='ocrx_word' id='word_1_38' title='bbox 2911 525 2991 587; x_wconf 83' lang='grc' dir='ltr'><strong>είς</strong></span> <span class='ocrx_word' id='word_1_39' title='bbox 3055 524 3197 589; x_wconf 78' lang='grc' dir='ltr'><strong>ἔτος,</strong></span> <span class='ocrx_word' id='word_1_40' title='bbox 3253 522 3342 579; x_wconf 76' lang='grc' dir='ltr'><strong>οἷα</strong></span> <span class='ocrx_word' id='word_1_41' title='bbox 3384 534 3483 589; x_wconf 75' lang='grc' dir='ltr'><strong>τὴν</strong></span> 
     </span>
    </p>
   </div>
   <div class='ocr_carea' id='block_1_6' title="bbox 208 612 3484 686">
    <p class='ocr_par' dir='ltr' id='par_1_6' title="bbox 208 612 3484 686">
     <span class='ocr_line' id='line_1_6' title="bbox 208 612 3484 686; baseline -0 -17"><span class='ocrx_word' id='word_1_42' title='bbox 208 633 303 686; x_wconf 90' lang='grc' dir='ltr'><strong>μοι</strong></span> <span class='ocrx_word' id='word_1_43' title='bbox 335 615 396 670; x_wconf 81' lang='grc' dir='ltr'><strong>τὸ</strong></span> <span class='ocrx_word' id='word_1_44' title='bbox 433 615 594 686; x_wconf 87' lang='grc' dir='ltr'><strong>μόνον</strong></span> <span class='ocrx_word' id='word_1_45' title='bbox 621 612 881 684; x_wconf 77' lang='grc' dir='ltr'><strong>ἐλογίσθη</strong></span> <span class='ocrx_word' id='word_1_46' title='bbox 907 616 1226 684; x_wconf 84' lang='grc' dir='ltr'><strong>παρήγορον</strong></span> <span class='ocrx_word' id='word_1_47' title='bbox 1251 631 1266 646; x_wconf 74' lang='grc' dir='ltr'><strong><em>ο</em></strong></span> <span class='ocrx_word' id='word_1_48' title='bbox 1301 614 1402 678; x_wconf 85' lang='grc' dir='ltr'><strong>ὡς,</strong></span> <span class='ocrx_word' id='word_1_49' title='bbox 1427 614 1477 667; x_wconf 79' lang='grc' dir='ltr'><strong>εί</strong></span> <span class='ocrx_word' id='word_1_50' title='bbox 1500 612 1578 683; x_wconf 81' lang='grc' dir='ltr'><strong>μὴ</strong></span> <span class='ocrx_word' id='word_1_51' title='bbox 1603 612 1796 681; x_wconf 86' lang='grc' dir='ltr'><strong>τάχιον</strong></span> <span class='ocrx_word' id='word_1_52' title='bbox 1905 612 2039 684; x_wconf 74' lang='grc' dir='ltr'><strong>ὓλην</strong></span> <span class='ocrx_word' id='word_1_53' title='bbox 2071 614 2167 668; x_wconf 85' lang='grc' dir='ltr'><strong>τοῦ</strong></span> <span class='ocrx_word' id='word_1_54' title='bbox 2197 616 2398 686; x_wconf 85' lang='grc' dir='ltr'><strong>γεννᾷν</strong></span> <span class='ocrx_word' id='word_1_55' title='bbox 2424 614 2846 684; x_wconf 81' lang='grc' dir='ltr'><strong>δαπανήσαντα.</strong></span> <span class='ocrx_word' id='word_1_56' title='bbox 2889 617 2986 670; x_wconf 75' lang='grc' dir='ltr'><strong>καὶ</strong></span> <span class='ocrx_word' id='word_1_57' title='bbox 3015 617 3118 685; x_wconf 76' lang='grc' dir='ltr'><strong>τὴν</strong></span> <span class='ocrx_word' id='word_1_58' title='bbox 3143 617 3359 683; x_wconf 69' lang='grc' dir='ltr'><strong>γένεσιν</strong></span> <span class='ocrx_word' id='word_1_59' title='bbox 3387 617 3484 679; x_wconf 75' lang='grc' dir='ltr'><strong>(ὡς</strong></span> 
     </span>
    </p>
   </div>
   <div class='ocr_carea' id='block_1_7' title="bbox 206 705 1795 778">
    <p class='ocr_par' dir='ltr' id='par_1_7' title="bbox 206 705 1795 778">
     <span class='ocr_line' id='line_1_7' title="bbox 206 705 1795 778; baseline -0.004 -15"><span class='ocrx_word' id='word_1_60' title='bbox 206 709 449 763; x_wconf 83' lang='grc' dir='ltr'><strong>ἐκκοπέν</strong></span> <span class='ocrx_word' id='word_1_61' title='bbox 485 708 811 778; x_wconf 85' lang='grc' dir='ltr'><strong>ἀπεγένετο,</strong></span> <span class='ocrx_word' id='word_1_62' title='bbox 855 707 1208 760; x_wconf 70' lang='grc' dir='ltr'><strong>κατ-ἔσπακεν</strong></span> <span class='ocrx_word' id='word_1_63' title='bbox 1243 706 1312 761; x_wconf 83' lang='grc' dir='ltr'><strong>ἀν</strong></span> <span class='ocrx_word' id='word_1_64' title='bbox 1342 723 1394 758; x_wconf 87' lang='grc' dir='ltr'><strong>τι</strong></span> <span class='ocrx_word' id='word_1_65' title='bbox 1437 706 1538 773; x_wconf 86' lang='grc' dir='ltr'><strong>τῆς</strong></span> <span class='ocrx_word' id='word_1_66' title='bbox 1583 705 1795 774; x_wconf 74' lang='grc' dir='ltr'><strong>μητρὸς</strong></span> 
     </span>
    </p>
   </div>
   <div class='ocr_carea' id='block_1_8' title="bbox 205 797 1796 871">
    <p class='ocr_par' dir='ltr' id='par_1_8' title="bbox 205 797 1796 871">
     <span class='ocr_line' id='line_1_8' title="bbox 205 797 1796 871; baseline -0.003 -17"><span class='ocrx_word' id='word_1_67' title='bbox 205 801 290 870; x_wconf 84' lang='grc' dir='ltr'><strong>τῷ</strong></span> <span class='ocrx_word' id='word_1_68' title='bbox 320 801 502 871; x_wconf 85' lang='grc' dir='ltr'><strong>βάρει,</strong></span> <span class='ocrx_word' id='word_1_69' title='bbox 534 801 632 854; x_wconf 77' lang='grc' dir='ltr'><strong>καὶ</strong></span> <span class='ocrx_word' id='word_1_70' title='bbox 658 801 740 864; x_wconf 87' lang='grc' dir='ltr'><strong>είς</strong></span> <span class='ocrx_word' id='word_1_71' title='bbox 780 800 880 864; x_wconf 83' lang='grc' dir='ltr'><strong>τὰς</strong></span> <span class='ocrx_word' id='word_1_72' title='bbox 917 801 1045 868; x_wconf 83' lang='grc' dir='ltr'><strong>ἐξῆς</strong></span> <span class='ocrx_word' id='word_1_73' title='bbox 1079 799 1244 867; x_wconf 87' lang='grc' dir='ltr'><strong>γονάς</strong></span> <span class='ocrx_word' id='word_1_74' title='bbox 1278 799 1650 868; x_wconf 78' lang='grc' dir='ltr'><strong>ἀπηχρείωσε.</strong></span> <span class='ocrx_word' id='word_1_75' title='bbox 1684 797 1796 850; x_wconf 85' lang='lat' dir='ltr'><strong>Kal</strong></span> 
     </span>
    </p>
   </div>
   <div class='ocr_carea' id='block_1_9' title="bbox 208 890 1794 964">
    <p class='ocr_par' dir='ltr' id='par_1_9' title="bbox 208 890 1794 964">
     <span class='ocr_line' id='line_1_9' title="bbox 208 890 1794 964; baseline -0.003 -18"><span class='ocrx_word' id='word_1_76' title='bbox 208 893 322 964; x_wconf 84' lang='grc' dir='ltr'><strong>μὴν</strong></span> <span class='ocrx_word' id='word_1_77' title='bbox 371 895 404 964; x_wconf 81' lang='grc' dir='ltr'>ή</span> <span class='ocrx_word' id='word_1_78' title='bbox 465 895 673 964; x_wconf 81' lang='grc' dir='ltr'><strong>μήτηρ,</strong></span> <span class='ocrx_word' id='word_1_79' title='bbox 708 894 759 946; x_wconf 86' lang='grc' dir='ltr'><strong>εί</strong></span> <span class='ocrx_word' id='word_1_80' title='bbox 814 893 910 948; x_wconf 77' lang='grc' dir='ltr'><strong>καὶ</strong></span> <span class='ocrx_word' id='word_1_81' title='bbox 959 891 1050 949; x_wconf 76' lang='grc' dir='ltr'><strong>τὸν</strong></span> <span class='ocrx_word' id='word_1_82' title='bbox 1091 891 1288 962; x_wconf 86' lang='grc' dir='ltr'><strong>φόρτον</strong></span> <span class='ocrx_word' id='word_1_83' title='bbox 1339 891 1439 946; x_wconf 80' lang='grc' dir='ltr'><strong>οὑκ</strong></span> <span class='ocrx_word' id='word_1_84' title='bbox 1482 890 1620 962; x_wconf 73' lang='grc' dir='ltr'><strong>ἔχει,</strong></span> <span class='ocrx_word' id='word_1_85' title='bbox 1672 890 1794 944; x_wconf 79' lang='grc' dir='ltr'><strong>ἀλλ’</strong></span> 
     </span>
    </p>
   </div>
   <div class='ocr_carea' id='block_1_10' title="bbox 205 982 1795 1055">
    <p class='ocr_par' dir='ltr' id='par_1_10' title="bbox 205 982 1795 1055">
     <span class='ocr_line' id='line_1_10' title="bbox 205 982 1795 1055; baseline -0.001 -17"><span class='ocrx_word' id='word_1_86' title='bbox 205 985 358 1053; x_wconf 82' lang='grc' dir='ltr'><strong>ὅμως</strong></span> <span class='ocrx_word' id='word_1_87' title='bbox 386 985 547 1054; x_wconf 83' lang='grc' dir='ltr'><strong>ἐῴκει</strong></span> <span class='ocrx_word' id='word_1_88' title='bbox 587 986 812 1055; x_wconf 79' lang='grc' dir='ltr'><strong>θρηνεῖν</strong></span> <span class='ocrx_word' id='word_1_89' title='bbox 845 983 1015 1055; x_wconf 72' lang='grc' dir='ltr'><strong>(εἴποι</strong></span> <span class='ocrx_word' id='word_1_90' title='bbox 1040 982 1107 1037; x_wconf 76' lang='grc' dir='ltr'><strong>ἂν</strong></span> <span class='ocrx_word' id='word_1_91' title='bbox 1145 985 1175 1038; x_wconf 92' lang='lat'><strong>6</strong></span> <span class='ocrx_word' id='word_1_92' title='bbox 1205 982 1546 1055; x_wconf 83' lang='grc' dir='ltr'><strong>Θεόκριτος),</strong></span> <span class='ocrx_word' id='word_1_93' title='bbox 1579 983 1673 1039; x_wconf 76' lang='grc' dir='ltr'><strong>τὸν</strong></span> <span class='ocrx_word' id='word_1_94' title='bbox 1695 983 1795 1038; x_wconf 66' lang='grc' dir='ltr'><strong>ἕνα</strong></span> 
     </span>
    </p>
   </div>
   <div class='ocr_carea' id='block_1_11' title="bbox 205 1075 1795 1147">
    <p class='ocr_par' dir='ltr' id='par_1_11' title="bbox 205 1075 1795 1147">
     <span class='ocr_line' id='line_1_11' title="bbox 205 1075 1795 1147; baseline -0.002 -18"><span class='ocrx_word' id='word_1_95' title='bbox 205 1076 302 1129; x_wconf 83' lang='grc' dir='ltr'><strong>τὸν</strong></span> <span class='ocrx_word' id='word_1_96' title='bbox 347 1077 557 1145; x_wconf 74' lang='grc' dir='ltr'><strong>γλυκὺν</strong></span> <span class='ocrx_word' id='word_1_97' title='bbox 585 1075 774 1133; x_wconf 82' lang='grc' dir='ltr'><strong>τοῦτον</strong></span> <span class='ocrx_word' id='word_1_98' title='bbox 823 1075 1210 1146; x_wconf 72' lang='grc' dir='ltr'><strong>ἀφαιρεθεῖσα.</strong></span> <span class='ocrx_word' id='word_1_99' title='bbox 1251 1077 1363 1131; x_wconf 81' lang='grc' dir='ltr'><strong>Καὶ</strong></span> <span class='ocrx_word' id='word_1_100' title='bbox 1410 1075 1664 1147; x_wconf 80' lang='grc' dir='ltr'><strong>μεγάλην</strong></span> <span class='ocrx_word' id='word_1_101' title='bbox 1692 1077 1795 1144; x_wconf 76' lang='grc' dir='ltr'><strong>τὴν</strong></span> 
     </span>
    </p>
   </div>
   <div class='ocr_carea' id='block_1_12' title="bbox 204 1169 1796 1242">
    <p class='ocr_par' dir='ltr' id='par_1_12' title="bbox 204 1169 1796 1242">
     <span class='ocr_line' id='line_1_12' title="bbox 204 1169 1796 1242; baseline 0.001 -20"><span class='ocrx_word' id='word_1_102' title='bbox 204 1169 453 1242; x_wconf 80' lang='grc' dir='ltr'><strong>ἐκκοπὴν</strong></span> <span class='ocrx_word' id='word_1_103' title='bbox 508 1171 605 1226; x_wconf 89' lang='grc' dir='ltr'><strong>τοῦ</strong></span> <span class='ocrx_word' id='word_1_104' title='bbox 670 1169 887 1242; x_wconf 72' lang='grc' dir='ltr'><strong>καρποῦ</strong></span> <span class='ocrx_word' id='word_1_105' title='bbox 967 1169 1393 1241; x_wconf 68' lang='grc' dir='ltr'><strong>κραδαινόμενος</strong></span> <span class='ocrx_word' id='word_1_106' title='bbox 1445 1169 1476 1222; x_wconf 97' lang='lat'><strong>6</strong></span> <span class='ocrx_word' id='word_1_107' title='bbox 1530 1171 1796 1240; x_wconf 77' lang='grc' dir='ltr'><strong>ἀκρέμων</strong></span> 
     </span>
    </p>
   </div>
   <div class='ocr_carea' id='block_1_13' title="bbox 201 1259 1794 1333">
    <p class='ocr_par' dir='ltr' id='par_1_13' title="bbox 201 1259 1794 1333">
     <span class='ocr_line' id='line_1_13' title="bbox 201 1259 1794 1333; baseline 0 -18"><span class='ocrx_word' id='word_1_108' title='bbox 201 1259 385 1326; x_wconf 84' lang='grc' dir='ltr'><strong>οὗτος,</strong></span> <span class='ocrx_word' id='word_1_109' title='bbox 416 1261 580 1316; x_wconf 80' lang='grc' dir='ltr'><strong>καλὸν</strong></span> <span class='ocrx_word' id='word_1_110' title='bbox 595 1262 900 1333; x_wconf 77' lang='grc' dir='ltr'><strong>κάρπιμον,</strong></span> <span class='ocrx_word' id='word_1_111' title='bbox 923 1261 1282 1331; x_wconf 70' lang='grc' dir='ltr'><strong>ἐξεκρέματο.</strong></span> <span class='ocrx_word' id='word_1_112' title='bbox 1317 1261 1576 1316; x_wconf 82' lang='grc' dir='ltr'><strong>Σαλεύειν</strong></span> <span class='ocrx_word' id='word_1_113' title='bbox 1595 1262 1794 1326; x_wconf 82' lang='grc' dir='ltr'><strong>ἐδόκει.</strong></span> 
     </span>
    </p>
   </div>
   <div class='ocr_carea' id='block_1_14' title="bbox 202 1353 1796 1422">
    <p class='ocr_par' dir='ltr' id='par_1_14' title="bbox 202 1353 1796 1422">
     <span class='ocr_line' id='line_1_14' title="bbox 202 1353 1796 1422; baseline 0.001 -14"><span class='ocrx_word' id='word_1_114' title='bbox 202 1353 302 1408; x_wconf 75' lang='grc' dir='ltr'><strong>καὶ</strong></span> <span class='ocrx_word' id='word_1_115' title='bbox 333 1353 410 1416; x_wconf 84' lang='grc' dir='ltr'><strong>ὡς</strong></span> <span class='ocrx_word' id='word_1_116' title='bbox 445 1353 508 1408; x_wconf 87' lang='grc' dir='ltr'><strong>ἐν</strong></span> <span class='ocrx_word' id='word_1_117' title='bbox 548 1355 739 1409; x_wconf 86' lang='grc' dir='ltr'><strong>πένθει</strong></span> <span class='ocrx_word' id='word_1_118' title='bbox 769 1353 1182 1422; x_wconf 86' lang='grc' dir='ltr'><strong>κατασείεσθαι,</strong></span> <span class='ocrx_word' id='word_1_119' title='bbox 1213 1355 1310 1408; x_wconf 75' lang='grc' dir='ltr'><strong>καὶ</strong></span> <span class='ocrx_word' id='word_1_120' title='bbox 1341 1354 1410 1408; x_wconf 74' lang='grc' dir='ltr'><strong>τὰ</strong></span> <span class='ocrx_word' id='word_1_121' title='bbox 1440 1354 1591 1409; x_wconf 86' lang='grc' dir='ltr'><strong>κάτω</strong></span> <span class='ocrx_word' id='word_1_122' title='bbox 1613 1354 1796 1410; x_wconf 78' lang='grc' dir='ltr'><strong>νεύειν</strong></span> 
     </span>
    </p>
   </div>
   <div class='ocr_carea' id='block_1_15' title="bbox 203 1443 1793 1516">
    <p class='ocr_par' dir='ltr' id='par_1_15' title="bbox 203 1443 1793 1516">
     <span class='ocr_line' id='line_1_15' title="bbox 203 1443 1793 1516; baseline 0.004 -20"><span class='ocrx_word' id='word_1_123' title='bbox 203 1445 440 1508; x_wconf 84' lang='grc' dir='ltr'><strong>ἐκεῖνος.</strong></span> <span class='ocrx_word' id='word_1_124' title='bbox 485 1443 820 1515; x_wconf 80' lang='grc' dir='ltr'><strong>Ἐκουφίσθη</strong></span> <span class='ocrx_word' id='word_1_125' title='bbox 847 1450 974 1514; x_wconf 76' lang='grc' dir='ltr'><strong>μὶν,</strong></span> <span class='ocrx_word' id='word_1_126' title='bbox 1013 1445 1303 1516; x_wconf 72' lang='grc' dir='ltr'><strong>οίχομάνου</strong></span> <span class='ocrx_word' id='word_1_127' title='bbox 1331 1446 1429 1501; x_wconf 92' lang='grc' dir='ltr'><strong>τοῦ</strong></span> <span class='ocrx_word' id='word_1_128' title='bbox 1459 1446 1700 1515; x_wconf 86' lang='grc' dir='ltr'><strong>καρποῦ,</strong></span> <span class='ocrx_word' id='word_1_129' title='bbox 1729 1448 1793 1502; x_wconf 75' lang='grc' dir='ltr'><strong>τὸ</strong></span> 
     </span>
    </p>
   </div>
   <div class='ocr_carea' id='block_1_16' title="bbox 200 1534 1793 1613">
    <p class='ocr_par' dir='ltr' id='par_1_16' title="bbox 200 1534 1793 1613">
     <span class='ocr_line' id='line_1_16' title="bbox 200 1534 1793 1613; baseline 0.003 -25"><span class='ocrx_word' id='word_1_130' title='bbox 200 1535 302 1588; x_wconf 81' lang='grc' dir='ltr'><strong>τοῦ</strong></span> <span class='ocrx_word' id='word_1_131' title='bbox 343 1535 548 1607; x_wconf 84' lang='grc' dir='ltr'><strong>βάρους</strong></span> <span class='ocrx_word' id='word_1_132' title='bbox 574 1539 711 1592; x_wconf 79' lang='grc' dir='ltr'><strong>πολὺ</strong></span> <span class='ocrx_word' id='word_1_133' title='bbox 740 1537 1112 1608; x_wconf 74' lang='grc' dir='ltr'><strong>ἀποθέμενοςο</strong></span> <span class='ocrx_word' id='word_1_134' title='bbox 1140 1538 1202 1592; x_wconf 80' lang='grc' dir='ltr'><strong>τὸ</strong></span> <span class='ocrx_word' id='word_1_135' title='bbox 1227 1538 1274 1594; x_wconf 85' lang='grc' dir='ltr'><strong>δ’</strong></span> <span class='ocrx_word' id='word_1_136' title='bbox 1303 1534 1375 1613; x_wconf 79' lang='grc' dir='ltr'><strong>ἦν</strong></span> <span class='ocrx_word' id='word_1_137' title='bbox 1393 1539 1455 1592; x_wconf 81' lang='grc' dir='ltr'><strong>οὐ</strong></span> <span class='ocrx_word' id='word_1_138' title='bbox 1488 1539 1793 1608; x_wconf 79' lang='grc' dir='ltr'><strong>κουφισμὸς</strong></span> 
     </span>
    </p>
   </div>
   <div class='ocr_carea' id='block_1_17' title="bbox 204 1625 1796 1700">
    <p class='ocr_par' dir='ltr' id='par_1_17' title="bbox 204 1625 1796 1700">
     <span class='ocr_line' id='line_1_17' title="bbox 204 1625 1796 1700; baseline 0.006 -21"><span class='ocrx_word' id='word_1_139' title='bbox 204 1625 452 1696; x_wconf 86' lang='grc' dir='ltr'><strong>ἀληθῶς,</strong></span> <span class='ocrx_word' id='word_1_140' title='bbox 503 1627 638 1682; x_wconf 83' lang='grc' dir='ltr'><strong>ἀλλά</strong></span> <span class='ocrx_word' id='word_1_141' title='bbox 695 1632 843 1700; x_wconf 85' lang='grc' dir='ltr'><strong>φυγή</strong></span> <span class='ocrx_word' id='word_1_142' title='bbox 897 1646 978 1694; x_wconf 91' lang='grc' dir='ltr'><strong>τις</strong></span> <span class='ocrx_word' id='word_1_143' title='bbox 1031 1629 1128 1682; x_wconf 78' lang='grc' dir='ltr'><strong>καὶ</strong></span> <span class='ocrx_word' id='word_1_144' title='bbox 1187 1630 1509 1700; x_wconf 82' lang='grc' dir='ltr'><strong>ἀνοικισμὸς</strong></span> <span class='ocrx_word' id='word_1_145' title='bbox 1565 1632 1663 1688; x_wconf 80' lang='grc' dir='ltr'><strong>καὶ</strong></span> <span class='ocrx_word' id='word_1_146' title='bbox 1715 1631 1796 1694; x_wconf 81' lang='grc' dir='ltr'><strong>εἰς</strong></span> 
     </span>
    </p>
   </div>
   <div class='ocr_carea' id='block_1_18' title="bbox 203 1715 1794 1794">
    <p class='ocr_par' dir='ltr' id='par_1_18' title="bbox 203 1715 1794 1794">
     <span class='ocr_line' id='line_1_18' title="bbox 203 1715 1794 1794; baseline 0.005 -23"><span class='ocrx_word' id='word_1_147' title='bbox 203 1715 345 1786; x_wconf 78' lang='grc' dir='ltr'><strong>ῦψος</strong></span> <span class='ocrx_word' id='word_1_148' title='bbox 367 1720 840 1785; x_wconf 74' lang='grc' dir='ltr'><strong>ἀποκατάστασις,</strong></span> <span class='ocrx_word' id='word_1_149' title='bbox 871 1722 947 1792; x_wconf 79' lang='grc' dir='ltr'><strong>μὴ</strong></span> <span class='ocrx_word' id='word_1_150' title='bbox 971 1723 1069 1776; x_wconf 81' lang='grc' dir='ltr'><strong>καὶ</strong></span> <span class='ocrx_word' id='word_1_151' title='bbox 1098 1723 1248 1794; x_wconf 86' lang='grc' dir='ltr'><strong>αὑτῷ</strong></span> <span class='ocrx_word' id='word_1_152' title='bbox 1269 1723 1341 1777; x_wconf 83' lang='grc' dir='ltr'><strong>τὰ</strong></span> <span class='ocrx_word' id='word_1_153' title='bbox 1365 1725 1462 1794; x_wconf 82' lang='grc' dir='ltr'><strong>τῆς</strong></span> <span class='ocrx_word' id='word_1_154' title='bbox 1500 1724 1794 1781; x_wconf 76' lang='grc' dir='ltr'><strong>ἐπιϐούλου</strong></span> 
     </span>
    </p>
   </div>
   <div class='ocr_carea' id='block_1_19' title="bbox 202 1811 1796 1888">
    <p class='ocr_par' dir='ltr' id='par_1_19' title="bbox 202 1811 1796 1888">
     <span class='ocr_line' id='line_1_19' title="bbox 202 1811 1796 1888; baseline 0.008 -27"><span class='ocrx_word' id='word_1_155' title='bbox 202 1811 392 1881; x_wconf 65' lang='grc' dir='ltr'><strong>χειρὸς</strong></span> <span class='ocrx_word' id='word_1_156' title='bbox 445 1811 620 1866; x_wconf 82' lang='grc' dir='ltr'><strong>κακόν</strong></span> <span class='ocrx_word' id='word_1_157' title='bbox 674 1829 728 1866; x_wconf 93' lang='grc' dir='ltr'><strong>τι</strong></span> <span class='ocrx_word' id='word_1_158' title='bbox 787 1813 1080 1868; x_wconf 85' lang='grc' dir='ltr'><strong>διάθωνται</strong></span> <span class='ocrx_word' id='word_1_159' title='bbox 1169 1833 1350 1886; x_wconf 87' lang='grc' dir='ltr'><strong>προσα</strong></span> <span class='ocrx_word' id='word_1_160' title='bbox 1369 1817 1619 1888; x_wconf 81' lang='grc' dir='ltr'><strong>ψάμενα’</strong></span> <span class='ocrx_word' id='word_1_161' title='bbox 1670 1820 1796 1873; x_wconf 75' lang='grc' dir='ltr'><strong>ἐπεὶ</strong></span> 
     </span>
    </p>
   </div>
   <div class='ocr_carea' id='block_1_20' title="bbox 202 1901 1798 1979">
    <p class='ocr_par' dir='ltr' id='par_1_20' title="bbox 202 1901 1798 1979">
     <span class='ocr_line' id='line_1_20' title="bbox 202 1901 1798 1979; baseline 0.008 -27"><span class='ocrx_word' id='word_1_162' title='bbox 202 1901 394 1956; x_wconf 81' lang='grc' dir='ltr'><strong>οὐκέτι</strong></span> <span class='ocrx_word' id='word_1_163' title='bbox 443 1903 610 1958; x_wconf 87' lang='grc' dir='ltr'><strong>πιστά</strong></span> <span class='ocrx_word' id='word_1_164' title='bbox 652 1906 720 1959; x_wconf 89' lang='grc' dir='ltr'><strong>τά</strong></span> <span class='ocrx_word' id='word_1_165' title='bbox 766 1922 832 1974; x_wconf 87' lang='grc' dir='ltr'><strong>γε</strong></span> <span class='ocrx_word' id='word_1_166' title='bbox 892 1909 974 1972; x_wconf 88' lang='grc' dir='ltr'><strong>είς</strong></span> <span class='ocrx_word' id='word_1_167' title='bbox 1039 1908 1231 1978; x_wconf 82' lang='grc' dir='ltr'><strong>αὑτήν.</strong></span> <span class='ocrx_word' id='word_1_168' title='bbox 1282 1909 1392 1964; x_wconf 82' lang='lat' dir='ltr'><strong>Kal</strong></span> <span class='ocrx_word' id='word_1_169' title='bbox 1449 1909 1561 1979; x_wconf 78' lang='grc' dir='ltr'><strong>μὴν</strong></span> <span class='ocrx_word' id='word_1_170' title='bbox 1621 1910 1798 1975; x_wconf 82' lang='grc' dir='ltr'><strong>άλλως</strong></span> 
     </span>
    </p>
   </div>
   <div class='ocr_carea' id='block_1_21' title="bbox 207 1994 1798 2075">
    <p class='ocr_par' dir='ltr' id='par_1_21' title="bbox 207 1994 1798 2075">
     <span class='ocr_line' id='line_1_21' title="bbox 207 1994 1798 2075; baseline 0.008 -26"><span class='ocrx_word' id='word_1_171' title='bbox 207 1999 443 2068; x_wconf 65' lang='grc' dir='ltr'><strong>⁴ἡμέρως</strong></span> <span class='ocrx_word' id='word_1_172' title='bbox 472 1994 619 2070; x_wconf 82' lang='grc' dir='ltr'><strong>εῐχον</strong></span> <span class='ocrx_word' id='word_1_173' title='bbox 653 2003 749 2055; x_wconf 78' lang='grc' dir='ltr'><strong>καὶ</strong></span> <span class='ocrx_word' id='word_1_174' title='bbox 776 2005 804 2056; x_wconf 91' lang='lat'><strong>6</strong></span> <span class='ocrx_word' id='word_1_175' title='bbox 833 2005 1020 2074; x_wconf 85' lang='grc' dir='ltr'><strong>φέρων</strong></span> <span class='ocrx_word' id='word_1_176' title='bbox 1043 2004 1310 2075; x_wconf 85' lang='grc' dir='ltr'><strong>ἀκρέμων</strong></span> <span class='ocrx_word' id='word_1_177' title='bbox 1340 2002 1434 2060; x_wconf 74' lang='grc' dir='ltr'><strong>καὶ</strong></span> <span class='ocrx_word' id='word_1_178' title='bbox 1463 2007 1492 2060; x_wconf 91' lang='lat'><strong>6</strong></span> <span class='ocrx_word' id='word_1_179' title='bbox 1523 2003 1740 2074; x_wconf 79' lang='grc' dir='ltr'><strong>καρπὸς</strong></span> <span class='ocrx_word' id='word_1_180' title='bbox 1767 2005 1798 2062; x_wconf 78' lang='grc'>6</span> 
     </span>
    </p>
   </div>
   <div class='ocr_carea' id='block_1_22' title="bbox 205 2092 1798 2169">
    <p class='ocr_par' dir='ltr' id='par_1_22' title="bbox 205 2092 1798 2169">
     <span class='ocr_line' id='line_1_22' title="bbox 205 2092 1798 2169; baseline 0.004 -25"><span class='ocrx_word' id='word_1_181' title='bbox 205 2092 552 2162; x_wconf 79' lang='grc' dir='ltr'><strong>φερόμενοςο</strong></span> <span class='ocrx_word' id='word_1_182' title='bbox 604 2093 662 2157; x_wconf 85' lang='lat'><em>6;</em></span> <span class='ocrx_word' id='word_1_183' title='bbox 705 2097 803 2148; x_wconf 79' lang='grc' dir='ltr'><strong>καὶ</strong></span> <span class='ocrx_word' id='word_1_184' title='bbox 837 2098 989 2152; x_wconf 85' lang='grc' dir='ltr'><strong>κάτω</strong></span> <span class='ocrx_word' id='word_1_185' title='bbox 1031 2096 1368 2167; x_wconf 78' lang='grc' dir='ltr'><strong>προκόπτων</strong></span> <span class='ocrx_word' id='word_1_186' title='bbox 1420 2097 1616 2169; x_wconf 76' lang='grc' dir='ltr'><strong>ἢθελεν</strong></span> <span class='ocrx_word' id='word_1_187' title='bbox 1659 2100 1798 2150; x_wconf 79' lang='grc' dir='ltr'><strong>ἐπα-</strong></span> 
     </span>
    </p>
   </div>
   <div class='ocr_carea' id='block_1_23' title="bbox 203 2184 1796 2262">
    <p class='ocr_par' dir='ltr' id='par_1_23' title="bbox 203 2184 1796 2262">
     <span class='ocr_line' id='line_1_23' title="bbox 203 2184 1796 2262; baseline 0.006 -26"><span class='ocrx_word' id='word_1_188' title='bbox 203 2184 438 2254; x_wconf 79' lang='grc' dir='ltr'><strong>φᾶσθαι,</strong></span> <span class='ocrx_word' id='word_1_189' title='bbox 468 2185 563 2242; x_wconf 79' lang='grc' dir='ltr'><strong>καὶ</strong></span> <span class='ocrx_word' id='word_1_190' title='bbox 611 2187 720 2240; x_wconf 89' lang='grc' dir='ltr'><strong>τῶν</strong></span> <span class='ocrx_word' id='word_1_191' title='bbox 752 2189 1146 2260; x_wconf 80' lang='grc' dir='ltr'><strong>ὑπερχομένων</strong></span> <span class='ocrx_word' id='word_1_192' title='bbox 1192 2190 1545 2262; x_wconf 86' lang='grc' dir='ltr'><strong>δράττεσθαι.</strong></span> <span class='ocrx_word' id='word_1_193' title='bbox 1583 2192 1696 2246; x_wconf 81' lang='grc' dir='ltr'><strong>Καὶ</strong></span> <span class='ocrx_word' id='word_1_194' title='bbox 1727 2187 1796 2258; x_wconf 74' lang='grc' dir='ltr'><strong>ἦν</strong></span> 
     </span>
    </p>
   </div>
   <div class='ocr_carea' id='block_1_24' title="bbox 203 2277 1796 2356">
    <p class='ocr_par' dir='ltr' id='par_1_24' title="bbox 203 2277 1796 2356">
     <span class='ocr_line' id='line_1_24' title="bbox 203 2277 1796 2356; baseline 0.006 -26"><span class='ocrx_word' id='word_1_195' title='bbox 203 2277 343 2341; x_wconf 74' lang='grc' dir='ltr'><strong>ἐθὰς</strong></span> <span class='ocrx_word' id='word_1_196' title='bbox 363 2277 669 2348; x_wconf 85' lang='grc' dir='ltr'><strong>ἀνθρώπων</strong></span> <span class='ocrx_word' id='word_1_197' title='bbox 697 2282 988 2350; x_wconf 84' lang='grc' dir='ltr'><strong>κεφαλαῖς,</strong></span> <span class='ocrx_word' id='word_1_198' title='bbox 1021 2285 1114 2336; x_wconf 84' lang='grc' dir='ltr'><strong>καὶ</strong></span> <span class='ocrx_word' id='word_1_199' title='bbox 1147 2284 1388 2356; x_wconf 87' lang='grc' dir='ltr'><strong>χείλεσιν</strong></span> <span class='ocrx_word' id='word_1_200' title='bbox 1411 2283 1615 2352; x_wconf 78' lang='grc' dir='ltr'><strong>ὡμίλει</strong></span> <span class='ocrx_word' id='word_1_201' title='bbox 1649 2283 1796 2356; x_wconf 73' lang='grc' dir='ltr'><strong>(ᾔδει</strong></span> 
     </span>
    </p>
   </div>
   <div class='ocr_carea' id='block_1_25' title="bbox 201 2370 1796 2447">
    <p class='ocr_par' dir='ltr' id='par_1_25' title="bbox 201 2370 1796 2447">
     <span class='ocr_line' id='line_1_25' title="bbox 201 2370 1796 2447; baseline 0.004 -25"><span class='ocrx_word' id='word_1_202' title='bbox 201 2370 340 2439; x_wconf 83' lang='grc' dir='ltr'><strong>γὰρ,</strong></span> <span class='ocrx_word' id='word_1_203' title='bbox 373 2371 459 2424; x_wconf 84' lang='grc' dir='ltr'><strong>ὅτι</strong></span> <span class='ocrx_word' id='word_1_204' title='bbox 493 2373 588 2424; x_wconf 79' lang='grc' dir='ltr'><strong>καὶ</strong></span> <span class='ocrx_word' id='word_1_205' title='bbox 614 2373 888 2440; x_wconf 85' lang='grc' dir='ltr'><strong>φιλεῖσθαί</strong></span> <span class='ocrx_word' id='word_1_206' title='bbox 922 2377 1071 2430; x_wconf 83' lang='grc' dir='ltr'><strong>ἐστιν</strong></span> <span class='ocrx_word' id='word_1_207' title='bbox 1101 2375 1274 2447; x_wconf 74' lang='grc' dir='ltr'><strong>ἄξιος)</strong></span> <span class='ocrx_word' id='word_1_208' title='bbox 1296 2391 1311 2406; x_wconf 79' lang='grc'><strong><em>⁸</em></strong></span> <span class='ocrx_word' id='word_1_209' title='bbox 1367 2377 1463 2432; x_wconf 73' lang='grc' dir='ltr'><strong>καὶ</strong></span> <span class='ocrx_word' id='word_1_210' title='bbox 1491 2376 1796 2446; x_wconf 76' lang='grc' dir='ltr'><strong>ὀφθαλμοῖς</strong></span> 
     </span>
    </p>
   </div>
   <div class='ocr_carea' id='block_1_26' title="bbox 201 2461 1795 2540">
    <p class='ocr_par' dir='ltr' id='par_1_26' title="bbox 201 2461 1795 2540">
     <span class='ocr_line' id='line_1_26' title="bbox 201 2461 1795 2540; baseline 0.003 -24"><span class='ocrx_word' id='word_1_211' title='bbox 201 2461 490 2529; x_wconf 79' lang='grc' dir='ltr'><strong>ἐνέπιπτε,</strong></span> <span class='ocrx_word' id='word_1_212' title='bbox 515 2465 609 2520; x_wconf 76' lang='grc' dir='ltr'><strong>καὶ</strong></span> <span class='ocrx_word' id='word_1_213' title='bbox 651 2467 760 2537; x_wconf 90' lang='grc' dir='ltr'><strong>γάρ</strong></span> <span class='ocrx_word' id='word_1_214' title='bbox 795 2483 879 2520; x_wconf 88' lang='grc' dir='ltr'><strong>τοι</strong></span> <span class='ocrx_word' id='word_1_215' title='bbox 911 2469 1004 2522; x_wconf 83' lang='grc' dir='ltr'><strong>καὶ</strong></span> <span class='ocrx_word' id='word_1_216' title='bbox 1031 2469 1366 2534; x_wconf 78' lang='grc' dir='ltr'><strong>ἀξιοθέατος.</strong></span> <span class='ocrx_word' id='word_1_217' title='bbox 1408 2468 1521 2524; x_wconf 80' lang='grc' dir='ltr'><strong>Καὶ</strong></span> <span class='ocrx_word' id='word_1_218' title='bbox 1547 2468 1687 2532; x_wconf 85' lang='grc' dir='ltr'><strong>ὅλως</strong></span> <span class='ocrx_word' id='word_1_219' title='bbox 1723 2463 1795 2540; x_wconf 78' lang='grc' dir='ltr'><strong>ἦν</strong></span> 
     </span>
    </p>
   </div>
   <div class='ocr_carea' id='block_1_27' title="bbox 201 2554 1796 2630">
    <p class='ocr_par' dir='ltr' id='par_1_27' title="bbox 201 2554 1796 2630">
     <span class='ocr_line' id='line_1_27' title="bbox 201 2554 1796 2630; baseline 0.004 -20"><span class='ocrx_word' id='word_1_220' title='bbox 201 2554 598 2626; x_wconf 87' lang='grc' dir='ltr'><strong>φιλάνθρωπον</strong></span> <span class='ocrx_word' id='word_1_221' title='bbox 624 2558 688 2612; x_wconf 83' lang='grc' dir='ltr'><strong>τὸ</strong></span> <span class='ocrx_word' id='word_1_222' title='bbox 733 2558 922 2615; x_wconf 82' lang='grc' dir='ltr'><strong>καλόν.</strong></span> <span class='ocrx_word' id='word_1_223' title='bbox 950 2560 1080 2614; x_wconf 86' lang='grc' dir='ltr'><strong>Ὅτε</strong></span> <span class='ocrx_word' id='word_1_224' title='bbox 1129 2562 1313 2630; x_wconf 86' lang='grc' dir='ltr'><strong>μέντοι</strong></span> <span class='ocrx_word' id='word_1_225' title='bbox 1342 2561 1698 2630; x_wconf 76' lang='grc' dir='ltr'><strong>κατεσπάσθη</strong></span> <span class='ocrx_word' id='word_1_226' title='bbox 1727 2560 1796 2617; x_wconf 81' lang='grc' dir='ltr'><strong>τὰ</strong></span> 
     </span>
    </p>
   </div>
   <div class='ocr_carea' id='block_1_28' title="bbox 198 2647 1793 2725">
    <p class='ocr_par' dir='ltr' id='par_1_28' title="bbox 198 2647 1793 2725">
     <span class='ocr_line' id='line_1_28' title="bbox 198 2647 1793 2725; baseline 0.001 -21"><span class='ocrx_word' id='word_1_227' title='bbox 198 2647 302 2704; x_wconf 85' lang='grc' dir='ltr'><strong>τοῦ</strong></span> <span class='ocrx_word' id='word_1_228' title='bbox 357 2648 598 2719; x_wconf 78' lang='grc' dir='ltr'><strong>καρποῦ,</strong></span> <span class='ocrx_word' id='word_1_229' title='bbox 661 2650 760 2705; x_wconf 76' lang='grc' dir='ltr'><strong>καὶ</strong></span> <span class='ocrx_word' id='word_1_230' title='bbox 805 2651 836 2704; x_wconf 89' lang='lat'><strong>6</strong></span> <span class='ocrx_word' id='word_1_231' title='bbox 883 2651 1078 2716; x_wconf 81' lang='grc' dir='ltr'><strong>κλάδος</strong></span> <span class='ocrx_word' id='word_1_232' title='bbox 1143 2652 1399 2725; x_wconf 80' lang='grc' dir='ltr'><strong>ἀφῃρέθη</strong></span> <span class='ocrx_word' id='word_1_233' title='bbox 1442 2653 1504 2708; x_wconf 84' lang='grc' dir='ltr'><strong>τὸ</strong></span> <span class='ocrx_word' id='word_1_234' title='bbox 1555 2651 1793 2721; x_wconf 84' lang='grc' dir='ltr'><strong>ποθητὸν</strong></span> 
     </span>
    </p>
   </div>
   <div class='ocr_carea' id='block_1_29' title="bbox 199 2740 1792 2816">
    <p class='ocr_par' dir='ltr' id='par_1_29' title="bbox 199 2740 1792 2816">
     <span class='ocr_line' id='line_1_29' title="bbox 199 2740 1792 2816; baseline 0.003 -23"><span class='ocrx_word' id='word_1_235' title='bbox 199 2740 457 2812; x_wconf 82' lang='grc' dir='ltr'><strong>φόρημα,</strong></span> <span class='ocrx_word' id='word_1_236' title='bbox 502 2745 624 2795; x_wconf 84' lang='grc' dir='ltr'><strong>τότε</strong></span> <span class='ocrx_word' id='word_1_237' title='bbox 656 2743 722 2814; x_wconf 82' lang='grc' dir='ltr'><strong>δὴ</strong></span> <span class='ocrx_word' id='word_1_238' title='bbox 761 2744 1041 2798; x_wconf 79' lang='grc' dir='ltr'><strong>ἀναίνεται</strong></span> <span class='ocrx_word' id='word_1_239' title='bbox 1067 2744 1131 2798; x_wconf 81' lang='grc' dir='ltr'><strong>τὸ</strong></span> <span class='ocrx_word' id='word_1_240' title='bbox 1161 2744 1450 2816; x_wconf 81' lang='grc' dir='ltr'><strong>χειρόηθες</strong></span> <span class='ocrx_word' id='word_1_241' title='bbox 1471 2761 1485 2776; x_wconf 93' lang='grc'><strong>·</strong></span> <span class='ocrx_word' id='word_1_242' title='bbox 1537 2747 1634 2799; x_wconf 75' lang='grc' dir='ltr'><strong>καὶ</strong></span> <span class='ocrx_word' id='word_1_243' title='bbox 1659 2745 1792 2816; x_wconf 86' lang='grc' dir='ltr'><strong>δρα-</strong></span> 
     </span>
    </p>
   </div>
   <div class='ocr_carea' id='block_1_30' title="bbox 199 2833 1791 2909">
    <p class='ocr_par' dir='ltr' id='par_1_30' title="bbox 199 2833 1791 2909">
     <span class='ocr_line' id='line_1_30' title="bbox 199 2833 1791 2909; baseline 0.003 -23"><span class='ocrx_word' id='word_1_244' title='bbox 199 2833 377 2902; x_wconf 86' lang='grc' dir='ltr'><strong>πέτης</strong></span> <span class='ocrx_word' id='word_1_245' title='bbox 447 2835 736 2906; x_wconf 74' lang='grc' dir='ltr'><strong>οἰχόμενος</strong></span> <span class='ocrx_word' id='word_1_246' title='bbox 805 2837 1102 2909; x_wconf 84' lang='grc' dir='ltr'><strong>ἀναχωρεῖ,</strong></span> <span class='ocrx_word' id='word_1_247' title='bbox 1169 2841 1269 2894; x_wconf 74' lang='grc' dir='ltr'><strong>καὶ</strong></span> <span class='ocrx_word' id='word_1_248' title='bbox 1333 2839 1415 2901; x_wconf 72' lang='grc' dir='ltr'><strong>εἰς</strong></span> <span class='ocrx_word' id='word_1_249' title='bbox 1471 2837 1542 2892; x_wconf 84' lang='grc' dir='ltr'><strong>τὰ</strong></span> <span class='ocrx_word' id='word_1_250' title='bbox 1621 2837 1791 2892; x_wconf 83' lang='grc' dir='ltr'><strong>αὐτοῦ</strong></span> 
     </span>
    </p>
   </div>
   <div class='ocr_carea' id='block_1_31' title="bbox 198 2920 1791 3001">
    <p class='ocr_par' dir='ltr' id='par_1_31' title="bbox 198 2920 1791 3001">
     <span class='ocr_line' id='line_1_31' title="bbox 198 2920 1791 3001; baseline 0.001 -18"><span class='ocrx_word' id='word_1_251' title='bbox 198 2927 479 2992; x_wconf 78' lang='grc' dir='ltr'><strong>ἀναλύσας</strong></span> <span class='ocrx_word' id='word_1_252' title='bbox 535 2928 676 2998; x_wconf 82' lang='grc' dir='ltr'><strong>ὑψοῦ</strong></span> <span class='ocrx_word' id='word_1_253' title='bbox 733 2929 860 2984; x_wconf 82' lang='grc' dir='ltr'><strong>ὅσον</strong></span> <span class='ocrx_word' id='word_1_254' title='bbox 905 2931 1072 3000; x_wconf 85' lang='grc' dir='ltr'><strong>τάχος</strong></span> <span class='ocrx_word' id='word_1_255' title='bbox 1121 2929 1366 3001; x_wconf 71' lang='grc' dir='ltr'><strong>αἴρεται,</strong></span> <span class='ocrx_word' id='word_1_256' title='bbox 1411 2920 1488 2994; x_wconf 83' lang='grc' dir='ltr'><strong>ῶς</strong></span> <span class='ocrx_word' id='word_1_257' title='bbox 1530 2930 1596 2985; x_wconf 77' lang='grc' dir='ltr'><strong>ἐκ</strong></span> <span class='ocrx_word' id='word_1_258' title='bbox 1643 2948 1791 2996; x_wconf 89' lang='grc' dir='ltr'><strong>τινος</strong></span> 
     </span>
    </p>
   </div>
   <div class='ocr_carea' id='block_1_32' title="bbox 1897 707 3482 779">
    <p class='ocr_par' dir='ltr' id='par_1_32' title="bbox 1897 707 3482 779">
     <span class='ocr_line' id='line_1_32' title="bbox 1897 707 3482 779; baseline -0.003 -17"><span class='ocrx_word' id='word_1_259' title='bbox 1897 707 1963 762; x_wconf 85' lang='grc' dir='ltr'><strong>ἂν</strong></span> <span class='ocrx_word' id='word_1_260' title='bbox 2020 707 2152 779; x_wconf 74' lang='grc' dir='ltr'><strong>εἴπῃ</strong></span> <span class='ocrx_word' id='word_1_261' title='bbox 2196 709 2304 775; x_wconf 88' lang='grc' dir='ltr'><strong>τις)</strong></span> <span class='ocrx_word' id='word_1_262' title='bbox 2365 709 2940 779; x_wconf 83' lang='grc' dir='ltr'><strong>κατασωτευσάμενα’</strong></span> <span class='ocrx_word' id='word_1_263' title='bbox 3005 715 3099 764; x_wconf 86' lang='grc' dir='ltr'><strong>καὶ</strong></span> <span class='ocrx_word' id='word_1_264' title='bbox 3141 708 3322 764; x_wconf 76' lang='grc' dir='ltr'><strong>οὐκέτ’</strong></span> <span class='ocrx_word' id='word_1_265' title='bbox 3369 710 3482 776; x_wconf 79' lang='grc' dir='ltr'><strong>ἔχει</strong></span> 
     </span>
    </p>
   </div>
   <div class='ocr_carea' id='block_1_33' title="bbox 1895 801 3485 874">
    <p class='ocr_par' dir='ltr' id='par_1_33' title="bbox 1895 801 3485 874">
     <span class='ocr_line' id='line_1_33' title="bbox 1895 801 3485 874; baseline 0.004 -20"><span class='ocrx_word' id='word_1_266' title='bbox 1895 801 2112 870; x_wconf 72' lang='grc' dir='ltr'><strong>καρπδν</strong></span> <span class='ocrx_word' id='word_1_267' title='bbox 2137 801 2328 855; x_wconf 77' lang='grc' dir='ltr'><strong>οὐδένα</strong></span> <span class='ocrx_word' id='word_1_268' title='bbox 2367 803 2694 873; x_wconf 78' lang='grc' dir='ltr'><strong>προφέρειν.</strong></span> <span class='ocrx_word' id='word_1_269' title='bbox 2728 803 2898 858; x_wconf 86' lang='grc' dir='ltr'><strong>Μένει</strong></span> <span class='ocrx_word' id='word_1_270' title='bbox 2923 803 2980 856; x_wconf 80' lang='grc' dir='ltr'><strong>δὲ</strong></span> <span class='ocrx_word' id='word_1_271' title='bbox 3001 803 3235 874; x_wconf 78' lang='grc' dir='ltr'><strong>γονίμης</strong></span> <span class='ocrx_word' id='word_1_272' title='bbox 3267 801 3485 870; x_wconf 71' lang='grc' dir='ltr'><strong>φύσεως</strong></span> 
     </span>
    </p>
   </div>
   <div class='ocr_carea' id='block_1_34' title="bbox 1895 893 3486 964">
    <p class='ocr_par' dir='ltr' id='par_1_34' title="bbox 1895 893 3486 964">
     <span class='ocr_line' id='line_1_34' title="bbox 1895 893 3486 964; baseline -0.005 -14"><span class='ocrx_word' id='word_1_273' title='bbox 1895 893 2194 962; x_wconf 78' lang='grc' dir='ltr'><strong>ἁσυντελῆ,</strong></span> <span class='ocrx_word' id='word_1_274' title='bbox 2230 893 2455 962; x_wconf 75' lang='grc' dir='ltr'><strong>φύλλοις</strong></span> <span class='ocrx_word' id='word_1_275' title='bbox 2501 895 2880 964; x_wconf 71' lang='grc' dir='ltr'><strong>εὖθηνούμενα</strong></span> <span class='ocrx_word' id='word_1_276' title='bbox 2931 895 3148 962; x_wconf 84' lang='grc' dir='ltr'><strong>μόνοις·</strong></span> <span class='ocrx_word' id='word_1_277' title='bbox 3197 897 3274 957; x_wconf 79' lang='grc' dir='ltr'><strong>ὡς</strong></span> <span class='ocrx_word' id='word_1_278' title='bbox 3323 895 3486 962; x_wconf 74' lang='grc' dir='ltr'><strong>ἔργον</strong></span> 
     </span>
    </p>
   </div>
   <div class='ocr_carea' id='block_1_35' title="bbox 1897 979 3482 1058">
    <p class='ocr_par' dir='ltr' id='par_1_35' title="bbox 1897 979 3482 1058">
     <span class='ocr_line' id='line_1_35' title="bbox 1897 979 3482 1058; baseline -0.002 -18"><span class='ocrx_word' id='word_1_279' title='bbox 1897 979 2059 1052; x_wconf 73' lang='grc' dir='ltr'><strong>εἶναι,</strong></span> <span class='ocrx_word' id='word_1_280' title='bbox 2109 985 2405 1054; x_wconf 85' lang='grc' dir='ltr'><strong>διαγνῶναι</strong></span> <span class='ocrx_word' id='word_1_281' title='bbox 2438 987 2533 1040; x_wconf 85' lang='grc' dir='ltr'><strong>τὸν</strong></span> <span class='ocrx_word' id='word_1_282' title='bbox 2563 987 2794 1058; x_wconf 75' lang='grc' dir='ltr'><strong>θεατὴν,</strong></span> <span class='ocrx_word' id='word_1_283' title='bbox 2849 987 2961 1042; x_wconf 72' lang='grc' dir='ltr'><strong>εἴτε</strong></span> <span class='ocrx_word' id='word_1_284' title='bbox 3012 987 3228 1055; x_wconf 80' lang='grc' dir='ltr'><strong>φύσεως</strong></span> <span class='ocrx_word' id='word_1_285' title='bbox 3273 986 3482 1054; x_wconf 80' lang='grc' dir='ltr'><strong>ἡμέρου</strong></span> 
     </span>
    </p>
   </div>
   <div class='ocr_carea' id='block_1_36' title="bbox 1896 1079 3528 1162">
    <p class='ocr_par' dir='ltr' id='par_1_36' title="bbox 1896 1079 3528 1162">
     <span class='ocr_line' id='line_1_36' title="bbox 1896 1079 3528 1162; baseline -0.001 -31"><span class='ocrx_word' id='word_1_286' title='bbox 1896 1079 1959 1131; x_wconf 85' lang='grc' dir='ltr'><strong>τδ</strong></span> <span class='ocrx_word' id='word_1_287' title='bbox 2006 1079 2198 1146; x_wconf 84' lang='grc' dir='ltr'><strong>φυτὸν,</strong></span> <span class='ocrx_word' id='word_1_288' title='bbox 2247 1081 2363 1134; x_wconf 84' lang='grc' dir='ltr'><strong>εῐτε</strong></span> <span class='ocrx_word' id='word_1_289' title='bbox 2415 1081 2512 1134; x_wconf 75' lang='grc' dir='ltr'><strong>καὶ</strong></span> <span class='ocrx_word' id='word_1_290' title='bbox 2569 1080 2830 1146; x_wconf 79' lang='grc' dir='ltr'><strong>καθάπαξ</strong></span> <span class='ocrx_word' id='word_1_291' title='bbox 2879 1081 2940 1134; x_wconf 81' lang='grc' dir='ltr'><strong>οὐ</strong></span> <span class='ocrx_word' id='word_1_292' title='bbox 2992 1081 3220 1149; x_wconf 75' lang='grc' dir='ltr'><strong>γόνιμον</strong></span> <span class='ocrx_word' id='word_1_293' title='bbox 3271 1079 3528 1162; x_wconf 38' lang='grc' dir='ltr'><strong>ἡμέρου,</strong></span> 
     </span>
    </p>
   </div>
   <div class='ocr_carea' id='block_1_37' title="bbox 1897 1168 3528 1242">
    <p class='ocr_par' dir='ltr' id='par_1_37' title="bbox 1897 1168 3528 1242">
     <span class='ocr_line' id='line_1_37' title="bbox 1897 1168 3528 1242; baseline -0.002 -18"><span class='ocrx_word' id='word_1_294' title='bbox 1897 1171 2136 1240; x_wconf 81' lang='grc' dir='ltr'><strong>καρποῦ.</strong></span> <span class='ocrx_word' id='word_1_295' title='bbox 2167 1170 2242 1224; x_wconf 81' lang='lat' dir='ltr'><em>T6</em></span> <span class='ocrx_word' id='word_1_296' title='bbox 2275 1171 2335 1224; x_wconf 86' lang='grc' dir='ltr'><strong>δὲ</strong></span> <span class='ocrx_word' id='word_1_297' title='bbox 2363 1172 2502 1240; x_wconf 82' lang='grc' dir='ltr'><strong>ἐμὸν</strong></span> <span class='ocrx_word' id='word_1_298' title='bbox 2529 1171 2694 1226; x_wconf 86' lang='grc' dir='ltr'><strong>τοῦτο</strong></span> <span class='ocrx_word' id='word_1_299' title='bbox 2725 1175 2918 1241; x_wconf 83' lang='grc' dir='ltr'><strong>φυτὸν,</strong></span> <span class='ocrx_word' id='word_1_300' title='bbox 2943 1175 2977 1242; x_wconf 84' lang='grc' dir='ltr'><strong>ἡ</strong></span> <span class='ocrx_word' id='word_1_301' title='bbox 3009 1173 3148 1242; x_wconf 77' lang='grc' dir='ltr'><strong>καλὴ</strong></span> <span class='ocrx_word' id='word_1_302' title='bbox 3170 1175 3264 1242; x_wconf 71' lang='grc' dir='ltr'><strong>ἀρ’</strong></span> <span class='ocrx_word' id='word_1_303' title='bbox 3289 1171 3484 1240; x_wconf 82' lang='grc' dir='ltr'><strong>γδαλὴ,</strong></span> <span class='ocrx_word' id='word_1_304' title='bbox 3522 1168 3528 1178; x_wconf 79' lang='grc'><em>“</em></span> 
     </span>
    </p>
   </div>
   <div class='ocr_carea' id='block_1_38' title="bbox 1897 1261 3487 1338">
    <p class='ocr_par' dir='ltr' id='par_1_38' title="bbox 1897 1261 3487 1338">
     <span class='ocr_line' id='line_1_38' title="bbox 1897 1261 3487 1338; baseline -0.001 -20"><span class='ocrx_word' id='word_1_305' title='bbox 1897 1261 1960 1318; x_wconf 79' lang='grc' dir='ltr'><strong>τὸ</strong></span> <span class='ocrx_word' id='word_1_306' title='bbox 1989 1261 2203 1330; x_wconf 76' lang='grc' dir='ltr'><strong>νεαλές,</strong></span> <span class='ocrx_word' id='word_1_307' title='bbox 2244 1263 2306 1316; x_wconf 82' lang='grc' dir='ltr'><strong>τὸ</strong></span> <span class='ocrx_word' id='word_1_308' title='bbox 2359 1265 2562 1334; x_wconf 82' lang='grc' dir='ltr'><strong>πέρυσι</strong></span> <span class='ocrx_word' id='word_1_309' title='bbox 2622 1267 2718 1322; x_wconf 70' lang='grc' dir='ltr'><strong>καὶ</strong></span> <span class='ocrx_word' id='word_1_310' title='bbox 2772 1265 3120 1338; x_wconf 80' lang='grc' dir='ltr'><strong>πρωτοτόκου</strong></span> <span class='ocrx_word' id='word_1_311' title='bbox 3171 1267 3268 1320; x_wconf 75' lang='grc' dir='ltr'><strong>καὶ</strong></span> <span class='ocrx_word' id='word_1_312' title='bbox 3325 1264 3487 1318; x_wconf 80' lang='grc' dir='ltr'><strong>πολυ-</strong></span> 
     </span>
    </p>
   </div>
   <div class='ocr_carea' id='block_1_39' title="bbox 1897 1355 3486 1428">
    <p class='ocr_par' dir='ltr' id='par_1_39' title="bbox 1897 1355 3486 1428">
     <span class='ocr_line' id='line_1_39' title="bbox 1897 1355 3486 1428; baseline 0.003 -22"><span class='ocrx_word' id='word_1_313' title='bbox 1897 1355 2080 1420; x_wconf 83' lang='grc' dir='ltr'><strong>τόκον,</strong></span> <span class='ocrx_word' id='word_1_314' title='bbox 2110 1355 2203 1409; x_wconf 83' lang='grc' dir='ltr'><strong>ὅτε</strong></span> <span class='ocrx_word' id='word_1_315' title='bbox 2228 1356 2298 1412; x_wconf 86' lang='grc' dir='ltr'><strong>τὰ</strong></span> <span class='ocrx_word' id='word_1_316' title='bbox 2322 1357 2465 1412; x_wconf 78' lang='grc' dir='ltr'><strong>αὐτὰ</strong></span> <span class='ocrx_word' id='word_1_317' title='bbox 2493 1358 2592 1411; x_wconf 87' lang='grc' dir='ltr'><strong>νῦν</strong></span> <span class='ocrx_word' id='word_1_318' title='bbox 2623 1359 2732 1414; x_wconf 70' lang='grc' dir='ltr'><strong>ἔδει</strong></span> <span class='ocrx_word' id='word_1_319' title='bbox 2761 1361 2854 1412; x_wconf 78' lang='grc' dir='ltr'><strong>καὶ</strong></span> <span class='ocrx_word' id='word_1_320' title='bbox 2887 1359 3125 1428; x_wconf 83' lang='grc' dir='ltr'><strong>μάλιστα</strong></span> <span class='ocrx_word' id='word_1_321' title='bbox 3153 1359 3266 1421; x_wconf 82' lang='grc' dir='ltr'><strong>τοῖς</strong></span> <span class='ocrx_word' id='word_1_322' title='bbox 3301 1357 3486 1420; x_wconf 84' lang='grc' dir='ltr'><strong>ἄλλοις</strong></span> 
     </span>
    </p>
   </div>
   <div class='ocr_carea' id='block_1_40' title="bbox 1901 1447 3484 1523">
    <p class='ocr_par' dir='ltr' id='par_1_40' title="bbox 1901 1447 3484 1523">
     <span class='ocr_line' id='line_1_40' title="bbox 1901 1447 3484 1523; baseline 0.003 -23"><span class='ocrx_word' id='word_1_323' title='bbox 1901 1447 2116 1516; x_wconf 78' lang='grc' dir='ltr'><strong>παθεῖν,</strong></span> <span class='ocrx_word' id='word_1_324' title='bbox 2179 1452 2274 1507; x_wconf 75' lang='grc' dir='ltr'><strong>καὶ</strong></span> <span class='ocrx_word' id='word_1_325' title='bbox 2335 1452 2475 1523; x_wconf 74' lang='grc' dir='ltr'><strong>πρὸς</strong></span> <span class='ocrx_word' id='word_1_326' title='bbox 2544 1454 2763 1520; x_wconf 83' lang='grc' dir='ltr'><strong>γένεσιν</strong></span> <span class='ocrx_word' id='word_1_327' title='bbox 2829 1453 3168 1520; x_wconf 76' lang='grc' dir='ltr'><strong>ἀποκαμεῖν,</strong></span> <span class='ocrx_word' id='word_1_328' title='bbox 3243 1451 3306 1505; x_wconf 76' lang='grc' dir='ltr'><strong>οὐ</strong></span> <span class='ocrx_word' id='word_1_329' title='bbox 3361 1451 3484 1504; x_wconf 81' lang='grc' dir='ltr'><strong>κατ’</strong></span> 
     </span>
    </p>
   </div>
   <div class='ocr_carea' id='block_1_41' title="bbox 1899 1539 3486 1614">
    <p class='ocr_par' dir='ltr' id='par_1_41' title="bbox 1899 1539 3486 1614">
     <span class='ocr_line' id='line_1_41' title="bbox 1899 1539 3486 1614; baseline 0.008 -22"><span class='ocrx_word' id='word_1_330' title='bbox 1899 1539 2086 1596; x_wconf 86' lang='grc' dir='ltr'><strong>ἐκεῖνα</strong></span> <span class='ocrx_word' id='word_1_331' title='bbox 2127 1542 2315 1598; x_wconf 81' lang='grc' dir='ltr'><strong>τέλεον</strong></span> <span class='ocrx_word' id='word_1_332' title='bbox 2339 1543 2666 1599; x_wconf 86' lang='grc' dir='ltr'><strong>λανθάνεται</strong></span> <span class='ocrx_word' id='word_1_333' title='bbox 2710 1543 2812 1613; x_wconf 80' lang='grc' dir='ltr'><strong>τῆς</strong></span> <span class='ocrx_word' id='word_1_334' title='bbox 2852 1545 3016 1614; x_wconf 82' lang='grc' dir='ltr'><strong>γονῆς</strong></span> <span class='ocrx_word' id='word_1_335' title='bbox 3039 1559 3052 1573; x_wconf 89' lang='grc'><strong>·</strong></span> <span class='ocrx_word' id='word_1_336' title='bbox 3089 1543 3207 1597; x_wconf 79' lang='grc' dir='ltr'><strong>ἀλλ’</strong></span> <span class='ocrx_word' id='word_1_337' title='bbox 3236 1545 3358 1597; x_wconf 78' lang='grc' dir='ltr'><strong>ἀντὶ</strong></span> <span class='ocrx_word' id='word_1_338' title='bbox 3388 1543 3486 1611; x_wconf 75' lang='grc' dir='ltr'><strong>τῆς</strong></span> 
     </span>
    </p>
   </div>
   <div class='ocr_carea' id='block_1_42' title="bbox 1900 1633 3484 1709">
    <p class='ocr_par' dir='ltr' id='par_1_42' title="bbox 1900 1633 3484 1709">
     <span class='ocr_line' id='line_1_42' title="bbox 1900 1633 3484 1709; baseline 0.001 -21"><span class='ocrx_word' id='word_1_339' title='bbox 1900 1633 2071 1689; x_wconf 83' lang='grc' dir='ltr'><strong>πάλαι</strong></span> <span class='ocrx_word' id='word_1_340' title='bbox 2109 1636 2546 1705; x_wconf 81' lang='grc' dir='ltr'><strong>μυριοπληθείας</strong></span> <span class='ocrx_word' id='word_1_341' title='bbox 2588 1637 2720 1709; x_wconf 82' lang='grc' dir='ltr'><strong>άρτι</strong></span> <span class='ocrx_word' id='word_1_342' title='bbox 2742 1637 2843 1706; x_wconf 75' lang='grc' dir='ltr'><strong>τὴν</strong></span> <span class='ocrx_word' id='word_1_343' title='bbox 2873 1637 3083 1706; x_wconf 83' lang='grc' dir='ltr'><strong>μονάδα</strong></span> <span class='ocrx_word' id='word_1_344' title='bbox 3134 1636 3484 1707; x_wconf 82' lang='grc' dir='ltr'><strong>προῖσχεται,</strong></span> 
     </span>
    </p>
   </div>
   <div class='ocr_carea' id='block_1_43' title="bbox 1899 1725 3483 1802">
    <p class='ocr_par' dir='ltr' id='par_1_43' title="bbox 1899 1725 3483 1802">
     <span class='ocr_line' id='line_1_43' title="bbox 1899 1725 3483 1802; baseline 0.002 -22"><span class='ocrx_word' id='word_1_345' title='bbox 1899 1730 1995 1782; x_wconf 80' lang='grc' dir='ltr'><strong>καὶ</strong></span> <span class='ocrx_word' id='word_1_346' title='bbox 2019 1728 2226 1784; x_wconf 81' lang='grc' dir='ltr'><strong>τοκάδα</strong></span> <span class='ocrx_word' id='word_1_347' title='bbox 2260 1729 2604 1802; x_wconf 86' lang='grc' dir='ltr'><strong>πληροφορεῖ</strong></span> <span class='ocrx_word' id='word_1_348' title='bbox 2628 1733 2764 1797; x_wconf 86' lang='grc' dir='ltr'><strong>τέως</strong></span> <span class='ocrx_word' id='word_1_349' title='bbox 2811 1731 3015 1801; x_wconf 73' lang='grc' dir='ltr'><strong>ἑαυτὴν</strong></span> <span class='ocrx_word' id='word_1_350' title='bbox 3059 1725 3202 1783; x_wconf 77' lang='grc' dir='ltr'><strong>εἶναι</strong></span> <span class='ocrx_word' id='word_1_351' title='bbox 3233 1731 3483 1798; x_wconf 85' lang='grc' dir='ltr'><strong>γόνιμον.</strong></span> 
     </span>
    </p>
   </div>
   <div class='ocr_carea' id='block_1_44' title="bbox 1903 1819 3484 1893">
    <p class='ocr_par' dir='ltr' id='par_1_44' title="bbox 1903 1819 3484 1893">
     <span class='ocr_line' id='line_1_44' title="bbox 1903 1819 3484 1893; baseline -0.001 -19"><span class='ocrx_word' id='word_1_352' title='bbox 1903 1823 2026 1875; x_wconf 81' lang='grc' dir='ltr'><strong>Ἔτι</strong></span> <span class='ocrx_word' id='word_1_353' title='bbox 2072 1839 2137 1891; x_wconf 84' lang='grc' dir='ltr'><strong>γε</strong></span> <span class='ocrx_word' id='word_1_354' title='bbox 2183 1823 2295 1893; x_wconf 71' lang='grc' dir='ltr'><strong>μὴν</strong></span> <span class='ocrx_word' id='word_1_355' title='bbox 2338 1823 2624 1878; x_wconf 85' lang='grc' dir='ltr'><strong>κάνταῦθα</strong></span> <span class='ocrx_word' id='word_1_356' title='bbox 2671 1825 2974 1892; x_wconf 85' lang='grc' dir='ltr'><strong>φιλοσοφεῖ,</strong></span> <span class='ocrx_word' id='word_1_357' title='bbox 3023 1822 3258 1878; x_wconf 83' lang='grc' dir='ltr'><strong>ἀνιοῦσά</strong></span> <span class='ocrx_word' id='word_1_358' title='bbox 3294 1839 3356 1874; x_wconf 87' lang='grc' dir='ltr'><strong>τε</strong></span> <span class='ocrx_word' id='word_1_359' title='bbox 3405 1819 3484 1890; x_wconf 83' lang='grc' dir='ltr'><strong>τῷ</strong></span> 
     </span>
    </p>
   </div>
   <div class='ocr_carea' id='block_1_45' title="bbox 1899 1913 3485 1986">
    <p class='ocr_par' dir='ltr' id='par_1_45' title="bbox 1899 1913 3485 1986">
     <span class='ocr_line' id='line_1_45' title="bbox 1899 1913 3485 1986; baseline -0.003 -18"><span class='ocrx_word' id='word_1_360' title='bbox 1899 1914 2122 1984; x_wconf 85' lang='grc' dir='ltr'><strong>καρπῷ,</strong></span> <span class='ocrx_word' id='word_1_361' title='bbox 2162 1915 2256 1968; x_wconf 80' lang='grc' dir='ltr'><strong>καὶ</strong></span> <span class='ocrx_word' id='word_1_362' title='bbox 2301 1914 2456 1986; x_wconf 84' lang='grc' dir='ltr'><strong>αὐτῷ</strong></span> <span class='ocrx_word' id='word_1_363' title='bbox 2494 1915 3043 1980; x_wconf 75' lang='grc' dir='ltr'><strong>ὑποκαταϐαίνουσα,</strong></span> <span class='ocrx_word' id='word_1_364' title='bbox 3087 1916 3184 1969; x_wconf 76' lang='grc' dir='ltr'><strong>καὶ</strong></span> <span class='ocrx_word' id='word_1_365' title='bbox 3216 1914 3346 1969; x_wconf 84' lang='grc' dir='ltr'><strong>ποτέ</strong></span> <span class='ocrx_word' id='word_1_366' title='bbox 3383 1913 3485 1978; x_wconf 80' lang='grc' dir='ltr'><strong>μὲν</strong></span> 
     </span>
    </p>
   </div>
   <div class='ocr_carea' id='block_1_46' title="bbox 1899 2006 3485 2079">
    <p class='ocr_par' dir='ltr' id='par_1_46' title="bbox 1899 2006 3485 2079">
     <span class='ocr_line' id='line_1_46' title="bbox 1899 2006 3485 2079; baseline -0.002 -17"><span class='ocrx_word' id='word_1_367' title='bbox 1899 2007 2106 2078; x_wconf 81' lang='grc' dir='ltr'><strong>πλῆθος</strong></span> <span class='ocrx_word' id='word_1_368' title='bbox 2138 2009 2514 2079; x_wconf 84' lang='grc' dir='ltr'><strong>προίσχομένη</strong></span> <span class='ocrx_word' id='word_1_369' title='bbox 2554 2009 2886 2078; x_wconf 79' lang='grc' dir='ltr'><strong>ἀνάριθμον,</strong></span> <span class='ocrx_word' id='word_1_370' title='bbox 2916 2008 3046 2063; x_wconf 86' lang='grc' dir='ltr'><strong>ποτέ</strong></span> <span class='ocrx_word' id='word_1_371' title='bbox 3088 2008 3146 2062; x_wconf 79' lang='grc' dir='ltr'><strong>δὲ</strong></span> <span class='ocrx_word' id='word_1_372' title='bbox 3175 2007 3236 2060; x_wconf 85' lang='grc' dir='ltr'><strong>τὸ</strong></span> <span class='ocrx_word' id='word_1_373' title='bbox 3264 2006 3324 2060; x_wconf 79' lang='grc' dir='ltr'><strong>ἓν</strong></span> <span class='ocrx_word' id='word_1_374' title='bbox 3353 2008 3485 2062; x_wconf 69' lang='grc' dir='ltr'><strong>αὐτὸ</strong></span> 
     </span>
    </p>
   </div>
   <div class='ocr_carea' id='block_1_47' title="bbox 1897 2094 3482 2172">
    <p class='ocr_par' dir='ltr' id='par_1_47' title="bbox 1897 2094 3482 2172">
     <span class='ocr_line' id='line_1_47' title="bbox 1897 2094 3482 2172; baseline -0.003 -17"><span class='ocrx_word' id='word_1_375' title='bbox 1897 2101 1958 2155; x_wconf 84' lang='grc' dir='ltr'><strong>τὺ</strong></span> <span class='ocrx_word' id='word_1_376' title='bbox 2016 2100 2558 2171; x_wconf 76' lang='grc' dir='ltr'><strong>στοιχειωδέστατον,</strong></span> <span class='ocrx_word' id='word_1_377' title='bbox 2589 2094 2652 2154; x_wconf 76' lang='grc' dir='ltr'><strong>οῦ</strong></span> <span class='ocrx_word' id='word_1_378' title='bbox 2685 2101 2796 2155; x_wconf 49' lang='grc' dir='ltr'><strong>πᾶν</strong></span> <span class='ocrx_word' id='word_1_379' title='bbox 2845 2099 3052 2169; x_wconf 82' lang='grc' dir='ltr'><strong>πλῆθος</strong></span> <span class='ocrx_word' id='word_1_380' title='bbox 3103 2100 3356 2172; x_wconf 79' lang='grc' dir='ltr'><strong>μετέχειν</strong></span> <span class='ocrx_word' id='word_1_381' title='bbox 3403 2116 3482 2167; x_wconf 89' lang='grc' dir='ltr'><strong>πη</strong></span> 
     </span>
    </p>
   </div>
   <div class='ocr_carea' id='block_1_48' title="bbox 1895 2190 3484 2266">
    <p class='ocr_par' dir='ltr' id='par_1_48' title="bbox 1895 2190 3484 2266">
     <span class='ocr_line' id='line_1_48' title="bbox 1895 2190 3484 2266; baseline -0.002 -18"><span class='ocrx_word' id='word_1_382' title='bbox 1895 2191 2262 2262; x_wconf 80' lang='grc' dir='ltr'><strong>δεδιδάγμεθα</strong></span> <span class='ocrx_word' id='word_1_383' title='bbox 2285 2209 2303 2225; x_wconf 73' lang='grc' dir='ltr'><strong>ο</strong></span> <span class='ocrx_word' id='word_1_384' title='bbox 2333 2196 2430 2249; x_wconf 79' lang='grc' dir='ltr'><strong>καὶ</strong></span> <span class='ocrx_word' id='word_1_385' title='bbox 2461 2195 2720 2250; x_wconf 75' lang='grc' dir='ltr'><strong>οὐδέποτε</strong></span> <span class='ocrx_word' id='word_1_386' title='bbox 2749 2193 2811 2249; x_wconf 82' lang='grc' dir='ltr'><strong>τὸ</strong></span> <span class='ocrx_word' id='word_1_387' title='bbox 2839 2193 3006 2266; x_wconf 73' lang='grc' dir='ltr'><strong>ἔργον</strong></span> <span class='ocrx_word' id='word_1_388' title='bbox 3044 2190 3208 2245; x_wconf 85' lang='grc' dir='ltr'><strong>τοῦτο</strong></span> <span class='ocrx_word' id='word_1_389' title='bbox 3236 2191 3484 2262; x_wconf 86' lang='grc' dir='ltr'><strong>ἀριθμοῦ</strong></span> 
     </span>
    </p>
   </div>
   <div class='ocr_carea' id='block_1_49' title="bbox 1898 2282 3488 2354">
    <p class='ocr_par' dir='ltr' id='par_1_49' title="bbox 1898 2282 3488 2354">
     <span class='ocr_line' id='line_1_49' title="bbox 1898 2282 3488 2354; baseline -0.002 -18"><span class='ocrx_word' id='word_1_390' title='bbox 1898 2283 2050 2337; x_wconf 84' lang='grc' dir='ltr'><strong>ἐστιν</strong></span> <span class='ocrx_word' id='word_1_391' title='bbox 2117 2285 2554 2350; x_wconf 72' lang='grc' dir='ltr'><strong>ἀνεπίγνωστον,</strong></span> <span class='ocrx_word' id='word_1_392' title='bbox 2600 2286 2633 2354; x_wconf 82' lang='grc' dir='ltr'>ἢ</span> <span class='ocrx_word' id='word_1_393' title='bbox 2680 2284 2778 2339; x_wconf 87' lang='grc' dir='ltr'><strong>τοῦ</strong></span> <span class='ocrx_word' id='word_1_394' title='bbox 2830 2284 2976 2340; x_wconf 82' lang='grc' dir='ltr'><strong>κατὰ</strong></span> <span class='ocrx_word' id='word_1_395' title='bbox 3013 2283 3360 2354; x_wconf 81' lang='grc' dir='ltr'><strong>παραύξησιν</strong></span> <span class='ocrx_word' id='word_1_396' title='bbox 3403 2282 3488 2344; x_wconf 74' lang='grc' dir='ltr'><strong>εὶς</strong></span> 
     </span>
    </p>
   </div>
   <div class='ocr_carea' id='block_1_50' title="bbox 1896 2375 3484 2449">
    <p class='ocr_par' dir='ltr' id='par_1_50' title="bbox 1896 2375 3484 2449">
     <span class='ocr_line' id='line_1_50' title="bbox 1896 2375 3484 2449; baseline -0.001 -20"><span class='ocrx_word' id='word_1_397' title='bbox 1896 2375 2090 2442; x_wconf 82' lang='grc' dir='ltr'><strong>πολλὰ,</strong></span> <span class='ocrx_word' id='word_1_398' title='bbox 2128 2376 2163 2449; x_wconf 77' lang='grc' dir='ltr'><strong>ἢ</strong></span> <span class='ocrx_word' id='word_1_399' title='bbox 2201 2375 2299 2431; x_wconf 86' lang='grc' dir='ltr'><strong>τοῦ</strong></span> <span class='ocrx_word' id='word_1_400' title='bbox 2329 2379 2410 2441; x_wconf 80' lang='grc' dir='ltr'><strong>είς</strong></span> <span class='ocrx_word' id='word_1_401' title='bbox 2441 2377 2500 2430; x_wconf 80' lang='grc' dir='ltr'><strong>ἐν</strong></span> <span class='ocrx_word' id='word_1_402' title='bbox 2531 2377 2656 2434; x_wconf 82' lang='grc' dir='ltr'><strong>κατ’</strong></span> <span class='ocrx_word' id='word_1_403' title='bbox 2705 2379 2988 2434; x_wconf 86' lang='grc' dir='ltr'><strong>ἀνάλυσιν.</strong></span> <span class='ocrx_word' id='word_1_404' title='bbox 3036 2379 3110 2432; x_wconf 77' lang='grc' dir='ltr'>Σὺ</span> <span class='ocrx_word' id='word_1_405' title='bbox 3163 2378 3222 2432; x_wconf 78' lang='grc' dir='ltr'><strong>δὲ</strong></span> <span class='ocrx_word' id='word_1_406' title='bbox 3258 2379 3369 2446; x_wconf 82' lang='grc' dir='ltr'><strong>ἀρα</strong></span> <span class='ocrx_word' id='word_1_407' title='bbox 3419 2376 3484 2429; x_wconf 82' lang='grc' dir='ltr'><strong>τὸ</strong></span> 
     </span>
    </p>
   </div>
   <div class='ocr_carea' id='block_1_51' title="bbox 1898 2466 3487 2542">
    <p class='ocr_par' dir='ltr' id='par_1_51' title="bbox 1898 2466 3487 2542">
     <span class='ocr_line' id='line_1_51' title="bbox 1898 2466 3487 2542; baseline -0.001 -20"><span class='ocrx_word' id='word_1_408' title='bbox 1898 2466 1991 2522; x_wconf 74' lang='grc' dir='ltr'><strong>σὺν</strong></span> <span class='ocrx_word' id='word_1_409' title='bbox 2014 2467 2186 2538; x_wconf 76' lang='grc' dir='ltr'><strong>φυτὸν</strong></span> <span class='ocrx_word' id='word_1_410' title='bbox 2214 2468 2470 2524; x_wconf 86' lang='grc' dir='ltr'><strong>ἐπαινεῖν</strong></span> <span class='ocrx_word' id='word_1_411' title='bbox 2497 2469 2706 2533; x_wconf 74' lang='grc' dir='ltr'><strong>ἔοικας.</strong></span> <span class='ocrx_word' id='word_1_412' title='bbox 2735 2471 2764 2525; x_wconf 82' lang='lat'><strong>6</strong></span> <span class='ocrx_word' id='word_1_413' title='bbox 2783 2470 2918 2542; x_wconf 73' lang='grc' dir='ltr'><strong>χθὲς</strong></span> <span class='ocrx_word' id='word_1_414' title='bbox 2945 2472 3030 2535; x_wconf 83' lang='grc' dir='ltr'><strong>είς</strong></span> <span class='ocrx_word' id='word_1_415' title='bbox 3061 2469 3326 2534; x_wconf 81' lang='grc' dir='ltr'><strong>ἐπίδειξιν</strong></span> <span class='ocrx_word' id='word_1_416' title='bbox 3357 2469 3487 2522; x_wconf 90' lang='grc' dir='ltr'><strong>πολ-</strong></span> 
     </span>
    </p>
   </div>
   <div class='ocr_carea' id='block_1_52' title="bbox 1895 2556 3486 2632">
    <p class='ocr_par' dir='ltr' id='par_1_52' title="bbox 1895 2556 3486 2632">
     <span class='ocr_line' id='line_1_52' title="bbox 1895 2556 3486 2632; baseline 0.003 -24"><span class='ocrx_word' id='word_1_417' title='bbox 1895 2556 2009 2619; x_wconf 91' lang='grc' dir='ltr'><strong>λοῖς</strong></span> <span class='ocrx_word' id='word_1_418' title='bbox 2042 2556 2548 2628; x_wconf 77' lang='grc' dir='ltr'><strong>φιλοτιμησάμενον</strong></span> <span class='ocrx_word' id='word_1_419' title='bbox 2581 2561 2860 2631; x_wconf 77' lang='grc' dir='ltr'><strong>ἀριθμοῖς,</strong></span> <span class='ocrx_word' id='word_1_420' title='bbox 2883 2563 3128 2632; x_wconf 83' lang='grc' dir='ltr'><strong>σήμερον</strong></span> <span class='ocrx_word' id='word_1_421' title='bbox 3154 2560 3248 2614; x_wconf 86' lang='grc' dir='ltr'><strong>τοῦ</strong></span> <span class='ocrx_word' id='word_1_422' title='bbox 3280 2561 3486 2622; x_wconf 63' lang='grc' dir='ltr'><strong>παντὸς</strong></span> 
     </span>
    </p>
   </div>
   <div class='ocr_carea' id='block_1_53' title="bbox 1895 2649 3485 2723">
    <p class='ocr_par' dir='ltr' id='par_1_53' title="bbox 1895 2649 3485 2723">
     <span class='ocr_line' id='line_1_53' title="bbox 1895 2649 3485 2723; baseline 0.003 -22"><span class='ocrx_word' id='word_1_423' title='bbox 1895 2649 2200 2716; x_wconf 75' lang='grc' dir='ltr'><strong>ἐξελάθετο.</strong></span> <span class='ocrx_word' id='word_1_424' title='bbox 2237 2652 2326 2714; x_wconf 80' lang='grc' dir='ltr'><strong>Ὠς</strong></span> <span class='ocrx_word' id='word_1_425' title='bbox 2350 2652 2579 2721; x_wconf 77' lang='grc' dir='ltr'><strong>εὐγενής</strong></span> <span class='ocrx_word' id='word_1_426' title='bbox 2603 2671 2686 2714; x_wconf 92' lang='grc' dir='ltr'><strong>τις</strong></span> <span class='ocrx_word' id='word_1_427' title='bbox 2715 2653 2940 2722; x_wconf 86' lang='grc' dir='ltr'><strong>ἀληθῶς</strong></span> <span class='ocrx_word' id='word_1_428' title='bbox 2962 2655 3320 2723; x_wconf 81' lang='grc' dir='ltr'><strong>ἀναχώρησις</strong></span> <span class='ocrx_word' id='word_1_429' title='bbox 3342 2651 3485 2720; x_wconf 82' lang='grc' dir='ltr'><strong>αὕτη</strong></span> 
     </span>
    </p>
   </div>
   <div class='ocr_carea' id='block_1_54' title="bbox 1894 2743 3482 2816">
    <p class='ocr_par' dir='ltr' id='par_1_54' title="bbox 1894 2743 3482 2816">
     <span class='ocr_line' id='line_1_54' title="bbox 1894 2743 3482 2816; baseline 0.003 -20"><span class='ocrx_word' id='word_1_430' title='bbox 1894 2743 2144 2810; x_wconf 82' lang='grc' dir='ltr'><strong>τοκετοῦ,</strong></span> <span class='ocrx_word' id='word_1_431' title='bbox 2183 2744 2274 2797; x_wconf 76' lang='grc' dir='ltr'><strong>καὶ</strong></span> <span class='ocrx_word' id='word_1_432' title='bbox 2311 2743 2410 2815; x_wconf 84' lang='grc' dir='ltr'><strong>(ὡς</strong></span> <span class='ocrx_word' id='word_1_433' title='bbox 2456 2747 2656 2813; x_wconf 80' lang='grc' dir='ltr'><strong>εἰπεῖν)</strong></span> <span class='ocrx_word' id='word_1_434' title='bbox 2704 2745 2994 2802; x_wconf 84' lang='grc' dir='ltr'><strong>ἀνάπαυλά</strong></span> <span class='ocrx_word' id='word_1_435' title='bbox 3033 2762 3117 2812; x_wconf 86' lang='grc' dir='ltr'><strong>τις</strong></span> <span class='ocrx_word' id='word_1_436' title='bbox 3169 2745 3442 2816; x_wconf 77' lang='grc' dir='ltr'><strong>γενέσεως</strong></span> <span class='ocrx_word' id='word_1_437' title='bbox 3470 2763 3482 2776; x_wconf 83' lang='grc'><strong>”</strong></span> 
     </span>
    </p>
   </div>
   <div class='ocr_carea' id='block_1_55' title="bbox 1893 2837 3483 2910">
    <p class='ocr_par' dir='ltr' id='par_1_55' title="bbox 1893 2837 3483 2910">
     <span class='ocr_line' id='line_1_55' title="bbox 1893 2837 3483 2910; baseline 0 -18"><span class='ocrx_word' id='word_1_438' title='bbox 1893 2839 1988 2893; x_wconf 77' lang='grc' dir='ltr'><strong>καὶ</strong></span> <span class='ocrx_word' id='word_1_439' title='bbox 2013 2838 2076 2895; x_wconf 83' lang='grc' dir='ltr'><strong>οὐ</strong></span> <span class='ocrx_word' id='word_1_440' title='bbox 2107 2838 2248 2896; x_wconf 82' lang='grc' dir='ltr'><strong>κατὰ</strong></span> <span class='ocrx_word' id='word_1_441' title='bbox 2270 2837 2370 2910; x_wconf 77' lang='grc' dir='ltr'><strong>τὴν</strong></span> <span class='ocrx_word' id='word_1_442' title='bbox 2409 2837 2518 2893; x_wconf 88' lang='grc' dir='ltr'><strong>τῶν</strong></span> <span class='ocrx_word' id='word_1_443' title='bbox 2545 2837 2779 2892; x_wconf 89' lang='grc' dir='ltr'><strong>λεόντων</strong></span> <span class='ocrx_word' id='word_1_444' title='bbox 2831 2838 3206 2909; x_wconf 81' lang='grc' dir='ltr'><strong>συμπέρασμα</strong></span> <span class='ocrx_word' id='word_1_445' title='bbox 3241 2837 3483 2904; x_wconf 79' lang='grc' dir='ltr'><strong>φύσεως.</strong></span> 
     </span>
    </p>
   </div>
   <div class='ocr_carea' id='block_1_56' title="bbox 1893 2929 3483 3003">
    <p class='ocr_par' dir='ltr' id='par_1_56' title="bbox 1893 2929 3483 3003">
     <span class='ocr_line' id='line_1_56' title="bbox 1893 2929 3483 3003; baseline -0.002 -18"><span class='ocrx_word' id='word_1_446' title='bbox 1893 2932 2021 2993; x_wconf 84' lang='grc' dir='ltr'><strong>Τοῖς</strong></span> <span class='ocrx_word' id='word_1_447' title='bbox 2053 2930 2154 3003; x_wconf 72' lang='grc' dir='ltr'><strong>μὲν</strong></span> <span class='ocrx_word' id='word_1_448' title='bbox 2177 2931 2286 3001; x_wconf 79' lang='grc' dir='ltr'><strong>γάρ</strong></span> <span class='ocrx_word' id='word_1_449' title='bbox 2311 2932 2375 2984; x_wconf 85' lang='grc' dir='ltr'><strong>ὲκ</strong></span> <span class='ocrx_word' id='word_1_450' title='bbox 2399 2929 2614 2984; x_wconf 84' lang='grc' dir='ltr'><strong>πολλῶν</strong></span> <span class='ocrx_word' id='word_1_451' title='bbox 2637 2930 2995 3000; x_wconf 83' lang='grc' dir='ltr'><strong>γεννημάτων</strong></span> <span class='ocrx_word' id='word_1_452' title='bbox 3017 2932 3098 2992; x_wconf 83' lang='grc' dir='ltr'><strong>εἰς</strong></span> <span class='ocrx_word' id='word_1_453' title='bbox 3124 2930 3222 2984; x_wconf 75' lang='grc' dir='ltr'><strong>ἕνα</strong></span> <span class='ocrx_word' id='word_1_454' title='bbox 3253 2930 3483 2999; x_wconf 81' lang='grc' dir='ltr'><strong>τελευτᾷ</strong></span> 
     </span>
    </p>
   </div>
   <div class='ocr_carea' id='block_1_57' title="bbox 200 3019 3484 3096">
    <p class='ocr_par' dir='ltr' id='par_1_57' title="bbox 200 3019 3484 3096">
     <span class='ocr_line' id='line_1_57' title="bbox 200 3019 3484 3096; baseline -0.001 -23"><span class='ocrx_word' id='word_1_455' title='bbox 200 3023 462 3090; x_wconf 81' lang='grc' dir='ltr'><strong>μηχανῆς</strong></span> <span class='ocrx_word' id='word_1_456' title='bbox 486 3035 502 3050; x_wconf 84' lang='lat'><strong><em>°</em></strong></span> <span class='ocrx_word' id='word_1_457' title='bbox 571 3020 761 3076; x_wconf 83' lang='grc' dir='ltr'><strong>οὐκέτι</strong></span> <span class='ocrx_word' id='word_1_458' title='bbox 813 3021 989 3091; x_wconf 85' lang='grc' dir='ltr'><strong>φιλῶν</strong></span> <span class='ocrx_word' id='word_1_459' title='bbox 1037 3021 1390 3096; x_wconf 82' lang='grc' dir='ltr'><strong>ἀνθρώπους,</strong></span> <span class='ocrx_word' id='word_1_460' title='bbox 1439 3022 1564 3076; x_wconf 85' lang='grc' dir='ltr'><strong>οὐδέ</strong></span> <span class='ocrx_word' id='word_1_461' title='bbox 1616 3039 1792 3078; x_wconf 85' lang='grc' dir='ltr'><strong>κατα·</strong></span> <span class='ocrx_word' id='word_1_462' title='bbox 1897 3022 2142 3091; x_wconf 84' lang='grc' dir='ltr'><strong>σκύμνον</strong></span> <span class='ocrx_word' id='word_1_463' title='bbox 2173 3021 2630 3075; x_wconf 75' lang='grc' dir='ltr'><strong>ὑποκαταϐαίνων</strong></span> <span class='ocrx_word' id='word_1_464' title='bbox 2661 3022 2689 3076; x_wconf 94' lang='lat'><strong>6</strong></span> <span class='ocrx_word' id='word_1_465' title='bbox 2722 3019 2943 3086; x_wconf 84' lang='grc' dir='ltr'><strong>τοκετός</strong></span> <span class='ocrx_word' id='word_1_466' title='bbox 2971 3037 2987 3053; x_wconf 77' lang='grc' dir='ltr'><strong>ο</strong></span> <span class='ocrx_word' id='word_1_467' title='bbox 3020 3023 3116 3075; x_wconf 76' lang='grc' dir='ltr'><strong>κα)⁵</strong></span> <span class='ocrx_word' id='word_1_468' title='bbox 3150 3019 3228 3090; x_wconf 84' lang='grc' dir='ltr'><strong>τῷ</strong></span> <span class='ocrx_word' id='word_1_469' title='bbox 3255 3019 3484 3088; x_wconf 83' lang='grc' dir='ltr'><strong>σκύμνῳ</strong></span> 
     </span>
    </p>
   </div>
   <div class='ocr_carea' id='block_1_58' title="bbox 192 3108 3486 3190">
    <p class='ocr_par' dir='ltr' id='par_1_58' title="bbox 192 3108 3486 3190">
     <span class='ocr_line' id='line_1_58' title="bbox 192 3108 3486 3190; baseline -0.002 -23"><span class='ocrx_word' id='word_1_470' title='bbox 192 3112 413 3182; x_wconf 78' lang='grc' dir='ltr'><strong>ψᾶσθαι</strong></span> <span class='ocrx_word' id='word_1_471' title='bbox 470 3113 643 3170; x_wconf 77' lang='grc' dir='ltr'><strong>θέλων</strong></span> <span class='ocrx_word' id='word_1_472' title='bbox 681 3113 996 3185; x_wconf 84' lang='grc' dir='ltr'><strong>ἀνθρώπων</strong></span> <span class='ocrx_word' id='word_1_473' title='bbox 1047 3116 1260 3186; x_wconf 79' lang='grc' dir='ltr'><strong>χερσὶν,</strong></span> <span class='ocrx_word' id='word_1_474' title='bbox 1317 3116 1410 3184; x_wconf 78' lang='grc' dir='ltr'><strong>ὑφ’</strong></span> <span class='ocrx_word' id='word_1_475' title='bbox 1463 3109 1540 3170; x_wconf 81' lang='grc' dir='ltr'><strong>ῶν</strong></span> <span class='ocrx_word' id='word_1_476' title='bbox 1565 3116 1593 3168; x_wconf 93' lang='lat'><strong>6</strong></span> <span class='ocrx_word' id='word_1_477' title='bbox 1622 3114 1789 3178; x_wconf 83' lang='grc' dir='ltr'><strong>καλὸς</strong></span> <span class='ocrx_word' id='word_1_478' title='bbox 1816 3129 1861 3190; x_wconf 78' lang='lat' dir='ltr'><strong>c</strong></span> <span class='ocrx_word' id='word_1_479' title='bbox 1892 3114 2071 3185; x_wconf 84' lang='grc' dir='ltr'><strong>τούτῳ</strong></span> <span class='ocrx_word' id='word_1_480' title='bbox 2097 3112 2264 3176; x_wconf 80' lang='grc' dir='ltr'><strong>εὐθὺς</strong></span> <span class='ocrx_word' id='word_1_481' title='bbox 2296 3112 2392 3166; x_wconf 81' lang='grc' dir='ltr'><strong>καὶ</strong></span> <span class='ocrx_word' id='word_1_482' title='bbox 2421 3112 2454 3186; x_wconf 82' lang='grc' dir='ltr'><strong>ἡ</strong></span> <span class='ocrx_word' id='word_1_483' title='bbox 2485 3112 2700 3181; x_wconf 85' lang='grc' dir='ltr'><strong>γένεσις</strong></span> <span class='ocrx_word' id='word_1_484' title='bbox 2728 3111 3192 3182; x_wconf 85' lang='grc' dir='ltr'><strong>ἐπεσφράγισται,</strong></span> <span class='ocrx_word' id='word_1_485' title='bbox 3227 3108 3486 3178; x_wconf 85' lang='grc' dir='ltr'><strong>συγκλει-</strong></span> 
     </span>
    </p>
   </div>
   <div class='ocr_carea' id='block_1_59' title="bbox 193 3204 1788 3278">
    <p class='ocr_par' dir='ltr' id='par_1_59' title="bbox 193 3204 1788 3278">
     <span class='ocr_line' id='line_1_59' title="bbox 193 3204 1788 3278; baseline 0.001 -19"><span class='ocrx_word' id='word_1_486' title='bbox 193 3205 656 3259; x_wconf 80' lang='grc' dir='ltr'><strong>ἐπιϐεϐούλευται</strong></span> <span class='ocrx_word' id='word_1_487' title='bbox 695 3205 941 3270; x_wconf 87' lang='grc' dir='ltr'><strong>τοκετός.</strong></span> <span class='ocrx_word' id='word_1_488' title='bbox 974 3204 1133 3260; x_wconf 85' lang='grc' dir='ltr'><strong>Οῦτω</strong></span> <span class='ocrx_word' id='word_1_489' title='bbox 1176 3207 1269 3260; x_wconf 84' lang='grc' dir='ltr'><strong>καὶ</strong></span> <span class='ocrx_word' id='word_1_490' title='bbox 1309 3205 1525 3278; x_wconf 80' lang='grc' dir='ltr'><strong>πέρδιξ,</strong></span> <span class='ocrx_word' id='word_1_491' title='bbox 1566 3205 1788 3271; x_wconf 80' lang='grc' dir='ltr'><strong>ἁλόντος</strong></span> 
     </span>
    </p>
   </div>
   <div class='ocr_carea' id='block_1_60' title="bbox 193 3297 1788 3372">
    <p class='ocr_par' dir='ltr' id='par_1_60' title="bbox 193 3297 1788 3372">
     <span class='ocr_line' id='line_1_60' title="bbox 193 3297 1788 3372; baseline 0.001 -18"><span class='ocrx_word' id='word_1_492' title='bbox 193 3302 298 3354; x_wconf 73' lang='grc' dir='ltr'><strong>τοῦ</strong></span> <span class='ocrx_word' id='word_1_493' title='bbox 358 3299 596 3366; x_wconf 86' lang='grc' dir='ltr'><strong>νεοττοῦ,</strong></span> <span class='ocrx_word' id='word_1_494' title='bbox 626 3300 793 3366; x_wconf 84' lang='grc' dir='ltr'><strong>αὐτὸς</strong></span> <span class='ocrx_word' id='word_1_495' title='bbox 843 3299 1257 3368; x_wconf 78' lang='grc' dir='ltr'><strong>πτερυξάμενος</strong></span> <span class='ocrx_word' id='word_1_496' title='bbox 1283 3297 1477 3372; x_wconf 76' lang='grc' dir='ltr'><strong>ᾤχετο.</strong></span> <span class='ocrx_word' id='word_1_497' title='bbox 1529 3299 1690 3354; x_wconf 87' lang='grc' dir='ltr'><strong>Κατά</strong></span> <span class='ocrx_word' id='word_1_498' title='bbox 1718 3301 1788 3356; x_wconf 76' lang='grc' dir='ltr'><strong>τὰ</strong></span> 
     </span>
    </p>
   </div>
   <div class='ocr_carea' id='block_1_61' title="bbox 194 3389 1790 3458">
    <p class='ocr_par' dir='ltr' id='par_1_61' title="bbox 194 3389 1790 3458">
     <span class='ocr_line' id='line_1_61' title="bbox 194 3389 1790 3458; baseline -0.001 -12"><span class='ocrx_word' id='word_1_499' title='bbox 194 3393 345 3448; x_wconf 83' lang='grc' dir='ltr'><strong>αὐτά</strong></span> <span class='ocrx_word' id='word_1_500' title='bbox 397 3391 454 3446; x_wconf 78' lang='grc' dir='ltr'><strong>δέ</strong></span> <span class='ocrx_word' id='word_1_501' title='bbox 500 3407 603 3445; x_wconf 82' lang='grc' dir='ltr'><strong>που</strong></span> <span class='ocrx_word' id='word_1_502' title='bbox 654 3389 753 3444; x_wconf 76' lang='grc' dir='ltr'><strong>καὶ</strong></span> <span class='ocrx_word' id='word_1_503' title='bbox 805 3390 965 3458; x_wconf 82' lang='grc' dir='ltr'><strong>λέων,</strong></span> <span class='ocrx_word' id='word_1_504' title='bbox 1011 3391 1154 3445; x_wconf 80' lang='grc' dir='ltr'><strong>ἐπὰν</strong></span> <span class='ocrx_word' id='word_1_505' title='bbox 1200 3393 1230 3446; x_wconf 87' lang='lat'><strong>6</strong></span> <span class='ocrx_word' id='word_1_506' title='bbox 1278 3391 1582 3454; x_wconf 81' lang='grc' dir='ltr'><strong>λεοντιδεὺς</strong></span> <span class='ocrx_word' id='word_1_507' title='bbox 1640 3389 1790 3457; x_wconf 84' lang='grc' dir='ltr'><strong>αὑτῷ</strong></span> 
     </span>
    </p>
   </div>
   <div class='ocr_carea' id='block_1_62' title="bbox 193 3479 1789 3555">
    <p class='ocr_par' dir='ltr' id='par_1_62' title="bbox 193 3479 1789 3555">
     <span class='ocr_line' id='line_1_62' title="bbox 193 3479 1789 3555; baseline -0.004 -16"><span class='ocrx_word' id='word_1_508' title='bbox 193 3484 518 3555; x_wconf 84' lang='grc' dir='ltr'><strong>ἀνθρώποις</strong></span> <span class='ocrx_word' id='word_1_509' title='bbox 548 3481 702 3536; x_wconf 89' lang='grc' dir='ltr'><strong>λάθοι</strong></span> <span class='ocrx_word' id='word_1_510' title='bbox 726 3480 912 3534; x_wconf 81' lang='grc' dir='ltr'><strong>πεσὼν</strong></span> <span class='ocrx_word' id='word_1_511' title='bbox 933 3481 1268 3554; x_wconf 81' lang='grc' dir='ltr'><strong>ὑποχείριος,</strong></span> <span class='ocrx_word' id='word_1_512' title='bbox 1293 3481 1469 3550; x_wconf 81' lang='grc' dir='ltr'><strong>ἀλκῆς</strong></span> <span class='ocrx_word' id='word_1_513' title='bbox 1489 3479 1789 3552; x_wconf 83' lang='grc' dir='ltr'><strong>λαθόμενος</strong></span> 
     </span>
    </p>
   </div>
   <div class='ocr_carea' id='block_1_63' title="bbox 193 3567 1790 3648">
    <p class='ocr_par' dir='ltr' id='par_1_63' title="bbox 193 3567 1790 3648">
     <span class='ocr_line' id='line_1_63' title="bbox 193 3567 1790 3648; baseline -0.003 -18"><span class='ocrx_word' id='word_1_514' title='bbox 193 3575 597 3647; x_wconf 83' lang='grc' dir='ltr'><strong>ἐδραπέτευσε.</strong></span> <span class='ocrx_word' id='word_1_515' title='bbox 632 3572 808 3629; x_wconf 80' lang='lat' dir='ltr'><strong>Ba6al</strong></span> <span class='ocrx_word' id='word_1_516' title='bbox 831 3567 944 3635; x_wconf 72' lang='grc' dir='ltr'><strong>οἷος</strong></span> <span class='ocrx_word' id='word_1_517' title='bbox 971 3573 1072 3644; x_wconf 73' lang='grc' dir='ltr'><strong>μὲν</strong></span> <span class='ocrx_word' id='word_1_518' title='bbox 1093 3574 1293 3643; x_wconf 87' lang='grc' dir='ltr'><strong>πέρυσι</strong></span> <span class='ocrx_word' id='word_1_519' title='bbox 1323 3573 1538 3648; x_wconf 87' lang='grc' dir='ltr'><strong>χρόνοις</strong></span> <span class='ocrx_word' id='word_1_520' title='bbox 1567 3574 1790 3642; x_wconf 84' lang='grc' dir='ltr'><strong>ἀπειρο-</strong></span> 
     </span>
    </p>
   </div>
   <div class='ocr_carea' id='block_1_64' title="bbox 200 3661 1791 3736">
    <p class='ocr_par' dir='ltr' id='par_1_64' title="bbox 200 3661 1791 3736">
     <span class='ocr_line' id='line_1_64' title="bbox 200 3661 1791 3736; baseline -0.003 -18"><span class='ocrx_word' id='word_1_521' title='bbox 200 3663 422 3735; x_wconf 79' lang='grc' dir='ltr'><strong>πληθὴς</strong></span> <span class='ocrx_word' id='word_1_522' title='bbox 453 3663 688 3734; x_wconf 83' lang='grc' dir='ltr'><strong>καρπῶν</strong></span> <span class='ocrx_word' id='word_1_523' title='bbox 717 3663 822 3735; x_wconf 82' lang='grc' dir='ltr'><strong>τὴν</strong></span> <span class='ocrx_word' id='word_1_524' title='bbox 849 3661 1303 3736; x_wconf 87' lang='grc' dir='ltr'><strong>προενεγκοῦσαν</strong></span> <span class='ocrx_word' id='word_1_525' title='bbox 1334 3663 1664 3730; x_wconf 83' lang='grc' dir='ltr'><strong>κατέστεφε,</strong></span> <span class='ocrx_word' id='word_1_526' title='bbox 1698 3661 1791 3717; x_wconf 74' lang='grc' dir='ltr'><strong>καὶ</strong></span> 
     </span>
    </p>
   </div>
   <div class='ocr_carea' id='block_1_65' title="bbox 202 3750 1788 3829">
    <p class='ocr_par' dir='ltr' id='par_1_65' title="bbox 202 3750 1788 3829">
     <span class='ocr_line' id='line_1_65' title="bbox 202 3750 1788 3829; baseline -0.003 -16"><span class='ocrx_word' id='word_1_527' title='bbox 202 3761 402 3829; x_wconf 80' lang='grc' dir='ltr'><strong>ὥσπερ</strong></span> <span class='ocrx_word' id='word_1_528' title='bbox 435 3759 592 3822; x_wconf 86' lang='grc' dir='ltr'><strong>ἐντὸς</strong></span> <span class='ocrx_word' id='word_1_529' title='bbox 617 3756 896 3819; x_wconf 76' lang='grc' dir='ltr'><strong>ἐπύκαζεν</strong></span> <span class='ocrx_word' id='word_1_530' title='bbox 921 3771 936 3785; x_wconf 85' lang='grc'><strong>’</strong></span> <span class='ocrx_word' id='word_1_531' title='bbox 971 3756 1048 3819; x_wconf 84' lang='grc' dir='ltr'><strong>ὠς</strong></span> <span class='ocrx_word' id='word_1_532' title='bbox 1076 3756 1255 3808; x_wconf 89' lang='grc' dir='ltr'><strong>δοκεῖν</strong></span> <span class='ocrx_word' id='word_1_533' title='bbox 1288 3756 1366 3826; x_wconf 81' lang='grc' dir='ltr'><strong>μὴ</strong></span> <span class='ocrx_word' id='word_1_534' title='bbox 1391 3755 1610 3825; x_wconf 76' lang='grc' dir='ltr'><strong>δένδρον</strong></span> <span class='ocrx_word' id='word_1_535' title='bbox 1648 3750 1788 3809; x_wconf 78' lang='grc' dir='ltr'><strong>εἶναι</strong></span> 
     </span>
    </p>
   </div>
   <div class='ocr_carea' id='block_1_66' title="bbox 198 3847 1786 3925">
    <p class='ocr_par' dir='ltr' id='par_1_66' title="bbox 198 3847 1786 3925">
     <span class='ocr_line' id='line_1_66' title="bbox 198 3847 1786 3925; baseline -0.004 -18"><span class='ocrx_word' id='word_1_536' title='bbox 198 3853 267 3907; x_wconf 75' lang='grc' dir='ltr'><strong>τὺ</strong></span> <span class='ocrx_word' id='word_1_537' title='bbox 298 3851 438 3925; x_wconf 77' lang='grc' dir='ltr'><strong>πρὸς</strong></span> <span class='ocrx_word' id='word_1_538' title='bbox 466 3850 596 3906; x_wconf 83' lang='grc' dir='ltr'><strong>θέαν</strong></span> <span class='ocrx_word' id='word_1_539' title='bbox 625 3851 968 3919; x_wconf 86' lang='grc' dir='ltr'><strong>ἐκκείμενον,</strong></span> <span class='ocrx_word' id='word_1_540' title='bbox 989 3848 1130 3903; x_wconf 85' lang='grc' dir='ltr'><strong>ἀλλά</strong></span> <span class='ocrx_word' id='word_1_541' title='bbox 1162 3848 1350 3917; x_wconf 75' lang='grc' dir='ltr'><strong>βουνὸν</strong></span> <span class='ocrx_word' id='word_1_542' title='bbox 1369 3849 1494 3902; x_wconf 83' lang='grc' dir='ltr'><strong>ὅλον</strong></span> <span class='ocrx_word' id='word_1_543' title='bbox 1519 3849 1747 3918; x_wconf 82' lang='grc' dir='ltr'><strong>καρπῶν</strong></span> <span class='ocrx_word' id='word_1_544' title='bbox 1771 3847 1786 3902; x_wconf 88' lang='lat'><strong>!</strong></span> 
     </span>
    </p>
   </div>
   <div class='ocr_carea' id='block_1_67' title="bbox 198 3938 1791 4013">
    <p class='ocr_par' dir='ltr' id='par_1_67' title="bbox 198 3938 1791 4013">
     <span class='ocr_line' id='line_1_67' title="bbox 198 3938 1791 4013; baseline -0.002 -13"><span class='ocrx_word' id='word_1_545' title='bbox 198 3938 334 4008; x_wconf 76' lang='grc' dir='ltr'><strong>οἷος</strong></span> <span class='ocrx_word' id='word_1_546' title='bbox 373 3943 431 3997; x_wconf 80' lang='grc' dir='ltr'><strong>δὲ</strong></span> <span class='ocrx_word' id='word_1_547' title='bbox 458 3942 584 4013; x_wconf 85' lang='grc' dir='ltr'><strong>άρτι</strong></span> <span class='ocrx_word' id='word_1_548' title='bbox 615 3943 738 3998; x_wconf 77' lang='grc' dir='ltr'><strong>ἀντὶ</strong></span> <span class='ocrx_word' id='word_1_549' title='bbox 765 3941 986 3996; x_wconf 83' lang='grc' dir='ltr'><strong>πολλῶν</strong></span> <span class='ocrx_word' id='word_1_550' title='bbox 1035 3939 1264 3998; x_wconf 79' lang='grc' dir='ltr'><strong>ἐκείνων</strong></span> <span class='ocrx_word' id='word_1_551' title='bbox 1299 3939 1387 4007; x_wconf 78' lang='grc' dir='ltr'><strong>εἷς</strong></span> <span class='ocrx_word' id='word_1_552' title='bbox 1434 3941 1598 3996; x_wconf 77' lang='grc' dir='ltr'><strong>αὑτὸν</strong></span> <span class='ocrx_word' id='word_1_553' title='bbox 1627 3959 1791 3998; x_wconf 89' lang='grc' dir='ltr'><strong>κατε-</strong></span> 
     </span>
    </p>
   </div>
   <div class='ocr_carea' id='block_1_68' title="bbox 197 4033 1790 4106">
    <p class='ocr_par' dir='ltr' id='par_1_68' title="bbox 197 4033 1790 4106">
     <span class='ocr_line' id='line_1_68' title="bbox 197 4033 1790 4106; baseline -0.002 -15"><span class='ocrx_word' id='word_1_554' title='bbox 197 4037 510 4105; x_wconf 81' lang='grc' dir='ltr'><strong>κόσμησεν,</strong></span> <span class='ocrx_word' id='word_1_555' title='bbox 536 4033 840 4106; x_wconf 78' lang='grc' dir='ltr'><strong>ἀξιόχρεως</strong></span> <span class='ocrx_word' id='word_1_556' title='bbox 871 4034 997 4090; x_wconf 65' lang='grc' dir='ltr'><strong>ἀντί⁸</strong></span> <span class='ocrx_word' id='word_1_557' title='bbox 1027 4034 1240 4106; x_wconf 78' lang='grc' dir='ltr'><strong>μυρίων</strong></span> <span class='ocrx_word' id='word_1_558' title='bbox 1267 4035 1350 4098; x_wconf 80' lang='grc' dir='ltr'><strong>είς</strong></span> <span class='ocrx_word' id='word_1_559' title='bbox 1398 4033 1790 4093; x_wconf 85' lang='grc' dir='ltr'><strong>καλλιτεκνίαν</strong></span> 
     </span>
    </p>
   </div>
   <div class='ocr_carea' id='block_1_69' title="bbox 196 4125 1792 4200">
    <p class='ocr_par' dir='ltr' id='par_1_69' title="bbox 196 4125 1792 4200">
     <span class='ocr_line' id='line_1_69' title="bbox 196 4125 1792 4200; baseline 0 -16"><span class='ocrx_word' id='word_1_560' title='bbox 196 4131 271 4199; x_wconf 73' lang='grc' dir='ltr'><strong>τῇ</strong></span> <span class='ocrx_word' id='word_1_561' title='bbox 303 4127 474 4199; x_wconf 87' lang='grc' dir='ltr'><strong>μητρί</strong></span> <span class='ocrx_word' id='word_1_562' title='bbox 501 4127 516 4181; x_wconf 81' lang='grc' dir='ltr'><strong>ί</strong></span> <span class='ocrx_word' id='word_1_563' title='bbox 542 4127 654 4182; x_wconf 83' lang='lat' dir='ltr'><strong>Kal</strong></span> <span class='ocrx_word' id='word_1_564' title='bbox 686 4125 881 4199; x_wconf 82' lang='grc' dir='ltr'><strong>πρώην</strong></span> <span class='ocrx_word' id='word_1_565' title='bbox 931 4127 1033 4200; x_wconf 79' lang='grc' dir='ltr'><strong>μὲν</strong></span> <span class='ocrx_word' id='word_1_566' title='bbox 1065 4127 1442 4184; x_wconf 86' lang='grc' dir='ltr'><strong>πολυτοκοῦσα</strong></span> <span class='ocrx_word' id='word_1_567' title='bbox 1466 4125 1558 4182; x_wconf 78' lang='grc' dir='ltr'><strong>τὸν</strong></span> <span class='ocrx_word' id='word_1_568' title='bbox 1588 4128 1792 4199; x_wconf 77' lang='grc' dir='ltr'><strong>θεατὴν</strong></span> 
     </span>
    </p>
   </div>
   <div class='ocr_carea' id='block_1_70' title="bbox 198 4207 1791 4292">
    <p class='ocr_par' dir='ltr' id='par_1_70' title="bbox 198 4207 1791 4292">
     <span class='ocr_line' id='line_1_70' title="bbox 198 4207 1791 4292; baseline -0.001 -18"><span class='ocrx_word' id='word_1_569' title='bbox 198 4219 466 4290; x_wconf 73' lang='grc' dir='ltr'><strong>ἐμέριζεν</strong></span> <span class='ocrx_word' id='word_1_570' title='bbox 493 4219 579 4282; x_wconf 89' lang='grc' dir='ltr'><strong>είς</strong></span> <span class='ocrx_word' id='word_1_571' title='bbox 617 4207 819 4284; x_wconf 81' lang='grc' dir='ltr'><strong>πολλὰ,</strong></span> <span class='ocrx_word' id='word_1_572' title='bbox 857 4219 1275 4292; x_wconf 81' lang='grc' dir='ltr'><strong>ἀμηχανοῦντα,</strong></span> <span class='ocrx_word' id='word_1_573' title='bbox 1305 4220 1454 4286; x_wconf 89' lang='grc' dir='ltr'><strong>τίνος</strong></span> <span class='ocrx_word' id='word_1_574' title='bbox 1490 4219 1557 4276; x_wconf 80' lang='grc' dir='ltr'><strong>άν</strong></span> <span class='ocrx_word' id='word_1_575' title='bbox 1581 4220 1791 4291; x_wconf 85' lang='grc' dir='ltr'><strong>γένοιτο</strong></span> 
     </span>
    </p>
   </div>
   <div class='ocr_carea' id='block_1_71' title="bbox 195 4309 1790 4384">
    <p class='ocr_par' dir='ltr' id='par_1_71' title="bbox 195 4309 1790 4384">
     <span class='ocr_line' id='line_1_71' title="bbox 195 4309 1790 4384; baseline 0.002 -20"><span class='ocrx_word' id='word_1_576' title='bbox 195 4311 314 4364; x_wconf 89' lang='grc' dir='ltr'><strong>τῶν</strong></span> <span class='ocrx_word' id='word_1_577' title='bbox 373 4309 587 4365; x_wconf 78' lang='grc' dir='ltr'><strong>πολλῶν</strong></span> <span class='ocrx_word' id='word_1_578' title='bbox 612 4325 627 4342; x_wconf 85' lang='lat'><strong><em>°</em></strong></span> <span class='ocrx_word' id='word_1_579' title='bbox 690 4309 790 4366; x_wconf 90' lang='grc' dir='ltr'><strong>νῦν</strong></span> <span class='ocrx_word' id='word_1_580' title='bbox 837 4309 900 4365; x_wconf 80' lang='grc' dir='ltr'><strong>δέ</strong></span> <span class='ocrx_word' id='word_1_581' title='bbox 955 4312 1348 4382; x_wconf 74' lang='grc' dir='ltr'><strong>παραξέσαντα</strong></span> <span class='ocrx_word' id='word_1_582' title='bbox 1395 4313 1497 4384; x_wconf 81' lang='grc' dir='ltr'><strong>τὴν</strong></span> <span class='ocrx_word' id='word_1_583' title='bbox 1547 4313 1790 4367; x_wconf 83' lang='grc' dir='ltr'><strong>παλαιάν</strong></span> 
     </span>
    </p>
   </div>
   <div class='ocr_carea' id='block_1_72' title="bbox 197 4400 1788 4472">
    <p class='ocr_par' dir='ltr' id='par_1_72' title="bbox 197 4400 1788 4472">
     <span class='ocr_line' id='line_1_72' title="bbox 197 4400 1788 4472; baseline 0.001 -16"><span class='ocrx_word' id='word_1_584' title='bbox 197 4401 414 4472; x_wconf 85' lang='grc' dir='ltr'><strong>ταύτην</strong></span> <span class='ocrx_word' id='word_1_585' title='bbox 472 4400 796 4471; x_wconf 84' lang='grc' dir='ltr'><strong>παροιμίαν,</strong></span> <span class='ocrx_word' id='word_1_586' title='bbox 859 4402 1038 4455; x_wconf 79' lang='grc' dir='ltr'><strong>εἰπεῖν</strong></span> <span class='ocrx_word' id='word_1_587' title='bbox 1061 4417 1077 4434; x_wconf 75' lang='grc' dir='ltr'><strong>ο</strong></span> <span class='ocrx_word' id='word_1_588' title='bbox 1113 4405 1223 4461; x_wconf 87' lang='grc' dir='ltr'><strong><em>.οὑ</em></strong></span> <span class='ocrx_word' id='word_1_589' title='bbox 1273 4402 1554 4472; x_wconf 68' lang='grc' dir='ltr'><strong>,πολλοὺς</strong></span> <span class='ocrx_word' id='word_1_590' title='bbox 1599 4405 1788 4472; x_wconf 64' lang='grc' dir='ltr'><strong>ἔτεκε,</strong></span> 
     </span>
    </p>
   </div>
   <div class='ocr_carea' id='block_1_73' title="bbox 1894 3204 3486 3280">
    <p class='ocr_par' dir='ltr' id='par_1_73' title="bbox 1894 3204 3486 3280">
     <span class='ocr_line' id='line_1_73' title="bbox 1894 3204 3486 3280; baseline -0.005 -17"><span class='ocrx_word' id='word_1_591' title='bbox 1894 3208 2124 3280; x_wconf 89' lang='grc' dir='ltr'><strong>σθείσης</strong></span> <span class='ocrx_word' id='word_1_592' title='bbox 2156 3205 2261 3275; x_wconf 84' lang='grc' dir='ltr'><strong>τῆς</strong></span> <span class='ocrx_word' id='word_1_593' title='bbox 2307 3207 2549 3275; x_wconf 86' lang='grc' dir='ltr'><strong>φύσεως.</strong></span> <span class='ocrx_word' id='word_1_594' title='bbox 2580 3204 2673 3277; x_wconf 85' lang='grc' dir='ltr'><strong>Τῷ</strong></span> <span class='ocrx_word' id='word_1_595' title='bbox 2701 3204 2760 3258; x_wconf 84' lang='grc' dir='ltr'><strong>δέ</strong></span> <span class='ocrx_word' id='word_1_596' title='bbox 2805 3205 2927 3276; x_wconf 81' lang='grc' dir='ltr'><strong>ἐμῷ</strong></span> <span class='ocrx_word' id='word_1_597' title='bbox 2969 3204 3174 3274; x_wconf 80' lang='grc' dir='ltr'><strong>δένδρῳ</strong></span> <span class='ocrx_word' id='word_1_598' title='bbox 3207 3204 3486 3256; x_wconf 81' lang='grc' dir='ltr'><strong>ὑποκατα-</strong></span> 
     </span>
    </p>
   </div>
   <div class='ocr_carea' id='block_1_74' title="bbox 1893 3296 3486 3370">
    <p class='ocr_par' dir='ltr' id='par_1_74' title="bbox 1893 3296 3486 3370">
     <span class='ocr_line' id='line_1_74' title="bbox 1893 3296 3486 3370; baseline -0.004 -14"><span class='ocrx_word' id='word_1_599' title='bbox 1893 3301 2132 3357; x_wconf 76' lang='grc' dir='ltr'><strong>σαίνοντι</strong></span> <span class='ocrx_word' id='word_1_600' title='bbox 2165 3302 2229 3356; x_wconf 80' lang='grc' dir='ltr'><strong>τὸ</strong></span> <span class='ocrx_word' id='word_1_601' title='bbox 2261 3300 2321 3353; x_wconf 81' lang='grc' dir='ltr'><strong>ἓν</strong></span> <span class='ocrx_word' id='word_1_602' title='bbox 2359 3298 2518 3354; x_wconf 88' lang='grc' dir='ltr'><strong>τοῦτο</strong></span> <span class='ocrx_word' id='word_1_603' title='bbox 2560 3299 2622 3353; x_wconf 76' lang='grc' dir='ltr'><strong>οὐ</strong></span> <span class='ocrx_word' id='word_1_604' title='bbox 2649 3299 2877 3370; x_wconf 80' lang='grc' dir='ltr'><strong>τελευτὴ</strong></span> <span class='ocrx_word' id='word_1_605' title='bbox 2914 3300 3302 3368; x_wconf 82' lang='grc' dir='ltr'><strong>γονιμότητος,</strong></span> <span class='ocrx_word' id='word_1_606' title='bbox 3345 3296 3486 3350; x_wconf 83' lang='grc' dir='ltr'><strong>ἀλλὰ</strong></span> 
     </span>
    </p>
   </div>
   <div class='ocr_carea' id='block_1_75' title="bbox 1892 3388 3482 3466">
    <p class='ocr_par' dir='ltr' id='par_1_75' title="bbox 1892 3388 3482 3466">
     <span class='ocr_line' id='line_1_75' title="bbox 1892 3388 3482 3466; baseline -0.006 -17"><span class='ocrx_word' id='word_1_607' title='bbox 1892 3393 2132 3466; x_wconf 87' lang='grc' dir='ltr'><strong>μονότης</strong></span> <span class='ocrx_word' id='word_1_608' title='bbox 2158 3394 2254 3446; x_wconf 85' lang='grc' dir='ltr'><strong>καὶ</strong></span> <span class='ocrx_word' id='word_1_609' title='bbox 2278 3393 2470 3454; x_wconf 85' lang='grc' dir='ltr'><strong>στάσις</strong></span> <span class='ocrx_word' id='word_1_610' title='bbox 2499 3391 2592 3444; x_wconf 75' lang='grc' dir='ltr'><strong>καὶ</strong></span> <span class='ocrx_word' id='word_1_611' title='bbox 2620 3389 2715 3460; x_wconf 72' lang='grc' dir='ltr'><strong>(ὡς</strong></span> <span class='ocrx_word' id='word_1_612' title='bbox 2738 3390 2950 3457; x_wconf 73' lang='grc' dir='ltr'><strong>φθάσας</strong></span> <span class='ocrx_word' id='word_1_613' title='bbox 2975 3388 3134 3459; x_wconf 70' lang='grc' dir='ltr'><strong>ἔφην)</strong></span> <span class='ocrx_word' id='word_1_614' title='bbox 3165 3388 3482 3450; x_wconf 83' lang='grc' dir='ltr'><strong>ἀνάπαυλα,</strong></span> 
     </span>
    </p>
   </div>
   <div class='ocr_carea' id='block_1_76' title="bbox 1890 3477 3482 3552">
    <p class='ocr_par' dir='ltr' id='par_1_76' title="bbox 1890 3477 3482 3552">
     <span class='ocr_line' id='line_1_76' title="bbox 1890 3477 3482 3552; baseline -0.008 -13"><span class='ocrx_word' id='word_1_615' title='bbox 1890 3485 1986 3539; x_wconf 73' lang='grc' dir='ltr'><strong>καὶ</strong></span> <span class='ocrx_word' id='word_1_616' title='bbox 2024 3483 2329 3552; x_wconf 84' lang='grc' dir='ltr'><strong>ἐπαγγελία</strong></span> <span class='ocrx_word' id='word_1_617' title='bbox 2355 3480 2587 3552; x_wconf 83' lang='grc' dir='ltr'><strong>καρπῶν</strong></span> <span class='ocrx_word' id='word_1_618' title='bbox 2635 3477 3063 3550; x_wconf 81' lang='grc' dir='ltr'><strong>φιλοτιμοτέρων</strong></span> <span class='ocrx_word' id='word_1_619' title='bbox 3095 3481 3154 3542; x_wconf 89' lang='grc' dir='ltr'><strong>ἐς</strong></span> <span class='ocrx_word' id='word_1_620' title='bbox 3183 3477 3379 3532; x_wconf 86' lang='grc' dir='ltr'><strong>νέωτα.</strong></span> <span class='ocrx_word' id='word_1_621' title='bbox 3407 3477 3482 3528; x_wconf 84' lang='grc' dir='ltr'><strong>Οὐ</strong></span> 
     </span>
    </p>
   </div>
   <div class='ocr_carea' id='block_1_77' title="bbox 1891 3567 3481 3644">
    <p class='ocr_par' dir='ltr' id='par_1_77' title="bbox 1891 3567 3481 3644">
     <span class='ocr_line' id='line_1_77' title="bbox 1891 3567 3481 3644; baseline -0.004 -16"><span class='ocrx_word' id='word_1_622' title='bbox 1891 3575 2001 3644; x_wconf 84' lang='grc' dir='ltr'><strong>γὰρ</strong></span> <span class='ocrx_word' id='word_1_623' title='bbox 2036 3573 2381 3641; x_wconf 85' lang='grc' dir='ltr'><strong>ἀπέκαμενή</strong></span> <span class='ocrx_word' id='word_1_624' title='bbox 2417 3569 2583 3640; x_wconf 86' lang='grc' dir='ltr'><strong>φύσις</strong></span> <span class='ocrx_word' id='word_1_625' title='bbox 2607 3568 2706 3624; x_wconf 93' lang='grc' dir='ltr'><strong>τοῦ</strong></span> <span class='ocrx_word' id='word_1_626' title='bbox 2737 3569 2981 3639; x_wconf 82' lang='grc' dir='ltr'><strong>δένδρου,</strong></span> <span class='ocrx_word' id='word_1_627' title='bbox 3011 3567 3150 3622; x_wconf 82' lang='grc' dir='ltr'><strong>ἀλλὰ</strong></span> <span class='ocrx_word' id='word_1_628' title='bbox 3177 3567 3272 3620; x_wconf 79' lang='grc' dir='ltr'><strong>νῦν</strong></span> <span class='ocrx_word' id='word_1_629' title='bbox 3297 3569 3481 3638; x_wconf 83' lang='grc' dir='ltr'><strong>ἀκμά-</strong></span> 
     </span>
    </p>
   </div>
   <div class='ocr_carea' id='block_1_78' title="bbox 1893 3661 3478 3736">
    <p class='ocr_par' dir='ltr' id='par_1_78' title="bbox 1893 3661 3478 3736">
     <span class='ocr_line' id='line_1_78' title="bbox 1893 3661 3478 3736; baseline -0.011 -15"><span class='ocrx_word' id='word_1_630' title='bbox 1893 3665 2010 3730; x_wconf 76' lang='grc' dir='ltr'><strong>ζειν</strong></span> <span class='ocrx_word' id='word_1_631' title='bbox 2041 3666 2372 3736; x_wconf 88' lang='grc' dir='ltr'><strong>ἀπάρχεται,</strong></span> <span class='ocrx_word' id='word_1_632' title='bbox 2398 3663 2494 3719; x_wconf 62' lang='grc' dir='ltr'><strong>καὶ⁵</strong></span> <span class='ocrx_word' id='word_1_633' title='bbox 2521 3661 2843 3732; x_wconf 82' lang='grc' dir='ltr'><strong>πολυγονεῖν</strong></span> <span class='ocrx_word' id='word_1_634' title='bbox 2882 3661 3105 3734; x_wconf 77' lang='grc' dir='ltr'><strong>μελετᾷ,</strong></span> <span class='ocrx_word' id='word_1_635' title='bbox 3138 3662 3233 3716; x_wconf 78' lang='grc' dir='ltr'><strong>καὶ</strong></span> <span class='ocrx_word' id='word_1_636' title='bbox 3270 3661 3478 3730; x_wconf 78' lang='grc' dir='ltr'><strong>ἐγγυᾶ..</strong></span> 
     </span>
    </p>
   </div>
   <div class='ocr_carea' id='block_1_79' title="bbox 1891 3753 3482 3830">
    <p class='ocr_par' dir='ltr' id='par_1_79' title="bbox 1891 3753 3482 3830">
     <span class='ocr_line' id='line_1_79' title="bbox 1891 3753 3482 3830; baseline -0.005 -15"><span class='ocrx_word' id='word_1_637' title='bbox 1891 3760 1981 3815; x_wconf 89' lang='grc' dir='ltr'><strong>ταί</strong></span> <span class='ocrx_word' id='word_1_638' title='bbox 2016 3776 2106 3830; x_wconf 86' lang='grc' dir='ltr'><strong>μοι</strong></span> <span class='ocrx_word' id='word_1_639' title='bbox 2128 3759 2230 3830; x_wconf 77' lang='grc' dir='ltr'><strong>τὴν</strong></span> <span class='ocrx_word' id='word_1_640' title='bbox 2266 3756 2596 3826; x_wconf 77' lang='grc' dir='ltr'><strong>πολυγονίαν</strong></span> <span class='ocrx_word' id='word_1_641' title='bbox 2644 3756 2953 3811; x_wconf 82' lang='grc' dir='ltr'><strong>είσέπειτα.</strong></span> <span class='ocrx_word' id='word_1_642' title='bbox 2987 3755 3096 3811; x_wconf 82' lang='grc' dir='ltr'><strong>Καί</strong></span> <span class='ocrx_word' id='word_1_643' title='bbox 3145 3772 3239 3824; x_wconf 88' lang='grc' dir='ltr'><strong>μοι</strong></span> <span class='ocrx_word' id='word_1_644' title='bbox 3270 3754 3360 3808; x_wconf 77' lang='grc' dir='ltr'><strong>τὸν</strong></span> <span class='ocrx_word' id='word_1_645' title='bbox 3384 3753 3482 3808; x_wconf 73' lang='grc' dir='ltr'><strong>ἕνα</strong></span> 
     </span>
    </p>
   </div>
   <div class='ocr_carea' id='block_1_80' title="bbox 1890 3845 3484 3928">
    <p class='ocr_par' dir='ltr' id='par_1_80' title="bbox 1890 3845 3484 3928">
     <span class='ocr_line' id='line_1_80' title="bbox 1890 3845 3484 3928; baseline -0.007 -20"><span class='ocrx_word' id='word_1_646' title='bbox 1890 3852 2083 3908; x_wconf 86' lang='grc' dir='ltr'><strong>τοῦτον</strong></span> <span class='ocrx_word' id='word_1_647' title='bbox 2116 3851 2210 3928; x_wconf 86' lang='grc' dir='ltr'><strong>τὸν</strong></span> <span class='ocrx_word' id='word_1_648' title='bbox 2237 3850 2418 3923; x_wconf 85' lang='grc' dir='ltr'><strong>μέγαν</strong></span> <span class='ocrx_word' id='word_1_649' title='bbox 2447 3849 2662 3920; x_wconf 83' lang='grc' dir='ltr'><strong>καρπὸν</strong></span> <span class='ocrx_word' id='word_1_650' title='bbox 2690 3845 3042 3922; x_wconf 86' lang='grc' dir='ltr'><strong>προενεγκὼν</strong></span> <span class='ocrx_word' id='word_1_651' title='bbox 3065 3847 3145 3909; x_wconf 84' lang='grc' dir='ltr'><strong>είς</strong></span> <span class='ocrx_word' id='word_1_652' title='bbox 3171 3845 3484 3916; x_wconf 83' lang='grc' dir='ltr'><strong>ἀρχέτυπον</strong></span> 
     </span>
    </p>
   </div>
   <div class='ocr_carea' id='block_1_81' title="bbox 1891 3937 3480 4016">
    <p class='ocr_par' dir='ltr' id='par_1_81' title="bbox 1891 3937 3480 4016">
     <span class='ocr_line' id='line_1_81' title="bbox 1891 3937 3480 4016; baseline -0.008 -16"><span class='ocrx_word' id='word_1_653' title='bbox 1891 3947 2076 4011; x_wconf 82' lang='grc' dir='ltr'><strong>ὁποῖα,</strong></span> <span class='ocrx_word' id='word_1_654' title='bbox 2132 3943 2536 4016; x_wconf 86' lang='grc' dir='ltr'><strong>καρποδοτήσει</strong></span> <span class='ocrx_word' id='word_1_655' title='bbox 2587 3940 2726 4010; x_wconf 80' lang='grc' dir='ltr'><strong>πρὸς</strong></span> <span class='ocrx_word' id='word_1_656' title='bbox 2781 3940 2842 3997; x_wconf 80' lang='grc' dir='ltr'><strong>τὸ</strong></span> <span class='ocrx_word' id='word_1_657' title='bbox 2889 3938 3067 3996; x_wconf 85' lang='grc' dir='ltr'><strong>ἐπιόν.</strong></span> <span class='ocrx_word' id='word_1_658' title='bbox 3140 3937 3480 4008; x_wconf 78' lang='grc' dir='ltr'><strong>’Ᾱσχολεῖται</strong></span> 
     </span>
    </p>
   </div>
   <div class='ocr_carea' id='block_1_82' title="bbox 1893 4029 3482 4108">
    <p class='ocr_par' dir='ltr' id='par_1_82' title="bbox 1893 4029 3482 4108">
     <span class='ocr_line' id='line_1_82' title="bbox 1893 4029 3482 4108; baseline -0.006 -17"><span class='ocrx_word' id='word_1_659' title='bbox 1893 4038 2025 4108; x_wconf 81' lang='grc' dir='ltr'><strong>περὶ</strong></span> <span class='ocrx_word' id='word_1_660' title='bbox 2075 4036 2287 4092; x_wconf 87' lang='grc' dir='ltr'><strong>κλάδων</strong></span> <span class='ocrx_word' id='word_1_661' title='bbox 2334 4034 2596 4106; x_wconf 83' lang='grc' dir='ltr'><strong>βλάστην,</strong></span> <span class='ocrx_word' id='word_1_662' title='bbox 2651 4032 2750 4089; x_wconf 78' lang='grc' dir='ltr'><strong>καὶ</strong></span> <span class='ocrx_word' id='word_1_663' title='bbox 2803 4030 3089 4099; x_wconf 85' lang='grc' dir='ltr'><strong>στελέχους</strong></span> <span class='ocrx_word' id='word_1_664' title='bbox 3132 4029 3331 4103; x_wconf 74' lang='grc' dir='ltr'><strong>αὔξην,</strong></span> <span class='ocrx_word' id='word_1_665' title='bbox 3387 4031 3482 4082; x_wconf 72' lang='grc' dir='ltr'><strong>καὶ</strong></span> 
     </span>
    </p>
   </div>
   <div class='ocr_carea' id='block_1_83' title="bbox 1894 4121 3481 4201">
    <p class='ocr_par' dir='ltr' id='par_1_83' title="bbox 1894 4121 3481 4201">
     <span class='ocr_line' id='line_1_83' title="bbox 1894 4121 3481 4201; baseline -0.006 -17"><span class='ocrx_word' id='word_1_666' title='bbox 1894 4131 2086 4201; x_wconf 87' lang='grc' dir='ltr'><strong>φλοιοῦ</strong></span> <span class='ocrx_word' id='word_1_667' title='bbox 2115 4128 2426 4200; x_wconf 84' lang='grc' dir='ltr'><strong>παχύτητα,</strong></span> <span class='ocrx_word' id='word_1_668' title='bbox 2457 4129 2553 4182; x_wconf 72' lang='grc' dir='ltr'><strong>καὶ</strong></span> <span class='ocrx_word' id='word_1_669' title='bbox 2595 4127 2843 4199; x_wconf 86' lang='grc' dir='ltr'><strong>πρέμνου</strong></span> <span class='ocrx_word' id='word_1_670' title='bbox 2895 4125 3270 4197; x_wconf 75' lang='grc' dir='ltr'><strong>στερῤότηταο</strong></span> <span class='ocrx_word' id='word_1_671' title='bbox 3303 4121 3380 4186; x_wconf 86' lang='grc' dir='ltr'><strong>ὡς</strong></span> <span class='ocrx_word' id='word_1_672' title='bbox 3413 4123 3481 4176; x_wconf 86' lang='grc' dir='ltr'><strong>ἂν</strong></span> 
     </span>
    </p>
   </div>
   <div class='ocr_carea' id='block_1_84' title="bbox 1891 4214 3481 4292">
    <p class='ocr_par' dir='ltr' id='par_1_84' title="bbox 1891 4214 3481 4292">
     <span class='ocr_line' id='line_1_84' title="bbox 1891 4214 3481 4292; baseline -0.006 -15"><span class='ocrx_word' id='word_1_673' title='bbox 1891 4222 1990 4278; x_wconf 88' lang='grc' dir='ltr'><strong>τοῦ</strong></span> <span class='ocrx_word' id='word_1_674' title='bbox 2021 4223 2269 4285; x_wconf 85' lang='grc' dir='ltr'><strong>ἐπιόντος</strong></span> <span class='ocrx_word' id='word_1_675' title='bbox 2293 4221 2448 4284; x_wconf 77' lang='grc' dir='ltr'><strong>ἔτους</strong></span> <span class='ocrx_word' id='word_1_676' title='bbox 2476 4219 2616 4292; x_wconf 83' lang='grc' dir='ltr'><strong>(ἀλλ’</strong></span> <span class='ocrx_word' id='word_1_677' title='bbox 2640 4218 2856 4272; x_wconf 85' lang='grc' dir='ltr'><strong>ἐπέστω</strong></span> <span class='ocrx_word' id='word_1_678' title='bbox 2889 4216 3162 4286; x_wconf 83' lang='grc' dir='ltr'><strong>βάσκανος</strong></span> <span class='ocrx_word' id='word_1_679' title='bbox 3197 4215 3357 4286; x_wconf 81' lang='grc' dir='ltr'><strong>ἀκοὴ)</strong></span> <span class='ocrx_word' id='word_1_680' title='bbox 3388 4214 3481 4268; x_wconf 74' lang='grc' dir='ltr'><strong>τὸν</strong></span> 
     </span>
    </p>
   </div>
   <div class='ocr_carea' id='block_1_85' title="bbox 1895 4308 3483 4386">
    <p class='ocr_par' dir='ltr' id='par_1_85' title="bbox 1895 4308 3483 4386">
     <span class='ocr_line' id='line_1_85' title="bbox 1895 4308 3483 4386; baseline -0.005 -16"><span class='ocrx_word' id='word_1_681' title='bbox 1895 4315 2063 4370; x_wconf 76' lang='grc' dir='ltr'><strong>πολὺν</strong></span> <span class='ocrx_word' id='word_1_682' title='bbox 2093 4314 2310 4386; x_wconf 83' lang='grc' dir='ltr'><strong>καρπὸν</strong></span> <span class='ocrx_word' id='word_1_683' title='bbox 2334 4313 2574 4382; x_wconf 83' lang='grc' dir='ltr'><strong>στέγειν,</strong></span> <span class='ocrx_word' id='word_1_684' title='bbox 2600 4311 2698 4367; x_wconf 79' lang='grc' dir='ltr'><strong>καὶ</strong></span> <span class='ocrx_word' id='word_1_685' title='bbox 2726 4313 2787 4366; x_wconf 78' lang='grc' dir='ltr'><strong>τὸ</strong></span> <span class='ocrx_word' id='word_1_686' title='bbox 2815 4310 3026 4366; x_wconf 86' lang='grc' dir='ltr'><strong>ἐκεῖθεν</strong></span> <span class='ocrx_word' id='word_1_687' title='bbox 3055 4308 3348 4379; x_wconf 83' lang='grc' dir='ltr'><strong>ύπανέχειν</strong></span> <span class='ocrx_word' id='word_1_688' title='bbox 3379 4308 3483 4377; x_wconf 80' lang='grc' dir='ltr'><strong>βά-</strong></span> 
     </span>
    </p>
   </div>
   <div class='ocr_carea' id='block_1_86' title="bbox 1896 4398 3482 4478">
    <p class='ocr_par' dir='ltr' id='par_1_86' title="bbox 1896 4398 3482 4478">
     <span class='ocr_line' id='line_1_86' title="bbox 1896 4398 3482 4478; baseline -0.008 -17"><span class='ocrx_word' id='word_1_689' title='bbox 1896 4424 1989 4478; x_wconf 91' lang='grc' dir='ltr'><strong>ρος</strong></span> <span class='ocrx_word' id='word_1_690' title='bbox 2019 4406 2330 4478; x_wconf 85' lang='grc' dir='ltr'><strong>δυνήσεται.</strong></span> <span class='ocrx_word' id='word_1_691' title='bbox 2368 4405 2464 4466; x_wconf 78' lang='grc' dir='ltr'><strong>Εἰς</strong></span> <span class='ocrx_word' id='word_1_692' title='bbox 2496 4402 2807 4464; x_wconf 87' lang='grc' dir='ltr'><strong>διαστάσεις</strong></span> <span class='ocrx_word' id='word_1_693' title='bbox 2850 4399 3164 4470; x_wconf 83' lang='grc' dir='ltr'><strong>εὐρύνεται,</strong></span> <span class='ocrx_word' id='word_1_694' title='bbox 3201 4399 3282 4460; x_wconf 74' lang='grc' dir='ltr'><strong>είς</strong></span> <span class='ocrx_word' id='word_1_695' title='bbox 3316 4398 3482 4469; x_wconf 83' lang='grc' dir='ltr'><strong>εὐρυ-</strong></span> 
     </span>
    </p>
   </div>
   <div class='ocr_carea' id='block_1_87' title="bbox 197 4490 3479 4571">
    <p class='ocr_par' dir='ltr' id='par_1_87' title="bbox 197 4490 3479 4571">
     <span class='ocr_line' id='line_1_87' title="bbox 197 4490 3479 4571; baseline -0 -25"><span class='ocrx_word' id='word_1_696' title='bbox 197 4491 472 4547; x_wconf 79' lang='grc' dir='ltr'><strong>τεκοῦσα</strong></span> <span class='ocrx_word' id='word_1_697' title='bbox 523 4490 594 4544; x_wconf 77' lang='grc' dir='ltr'><strong>δὲ</strong></span> <span class='ocrx_word' id='word_1_698' title='bbox 623 4491 820 4562; x_wconf 77' lang='grc' dir='ltr'><strong>μέγαν</strong></span> <span class='ocrx_word' id='word_1_699' title='bbox 868 4491 1062 4548; x_wconf 73' lang='grc' dir='ltr'><strong>ἔτεκε.</strong></span> <span class='ocrx_word' id='word_1_700' title='bbox 1112 4494 1224 4550; x_wconf 88' lang='lat' dir='ltr'><strong>Kal</strong></span> <span class='ocrx_word' id='word_1_701' title='bbox 1274 4495 1416 4565; x_wconf 88' lang='grc' dir='ltr'><strong>τάχα</strong></span> <span class='ocrx_word' id='word_1_702' title='bbox 1475 4494 1794 4564; x_wconf 83' lang='grc' dir='ltr'><strong>φιλοσοφεῖν</strong></span> <span class='ocrx_word' id='word_1_703' title='bbox 1824 4510 1869 4565; x_wconf 82' lang='grc' dir='ltr'><strong>ι)</strong></span> <span class='ocrx_word' id='word_1_704' title='bbox 1898 4499 2107 4571; x_wconf 84' lang='grc' dir='ltr'><strong>χωρίαν</strong></span> <span class='ocrx_word' id='word_1_705' title='bbox 2155 4499 2486 4560; x_wconf 84' lang='grc' dir='ltr'><strong>ἐκτείνεται,</strong></span> <span class='ocrx_word' id='word_1_706' title='bbox 2513 4497 2597 4558; x_wconf 84' lang='grc' dir='ltr'><strong>είς</strong></span> <span class='ocrx_word' id='word_1_707' title='bbox 2629 4495 2864 4564; x_wconf 82' lang='grc' dir='ltr'><strong>τοπικὴν</strong></span> <span class='ocrx_word' id='word_1_708' title='bbox 2912 4492 3147 4560; x_wconf 75' lang='grc' dir='ltr'><strong>εὐφυΐαν</strong></span> <span class='ocrx_word' id='word_1_709' title='bbox 3185 4491 3479 4546; x_wconf 80' lang='grc' dir='ltr'><strong>διΐσταται.</strong></span> 
     </span>
    </p>
   </div>
   <div class='ocr_carea' id='block_1_88' title="bbox 199 4578 1789 4656">
    <p class='ocr_par' dir='ltr' id='par_1_88' title="bbox 199 4578 1789 4656">
     <span class='ocr_line' id='line_1_88' title="bbox 199 4578 1789 4656; baseline 0.004 -18"><span class='ocrx_word' id='word_1_710' title='bbox 199 4584 387 4638; x_wconf 70' lang='grc' dir='ltr'><strong>ἔοικεν</strong></span> <span class='ocrx_word' id='word_1_711' title='bbox 411 4585 441 4638; x_wconf 88' lang='lat'><strong>6</strong></span> <span class='ocrx_word' id='word_1_712' title='bbox 473 4583 605 4653; x_wconf 84' lang='grc' dir='ltr'><strong>ἐμὸς</strong></span> <span class='ocrx_word' id='word_1_713' title='bbox 636 4578 794 4648; x_wconf 72' lang='grc' dir='ltr'><strong>οὗτος</strong></span> <span class='ocrx_word' id='word_1_714' title='bbox 825 4584 1062 4654; x_wconf 80' lang='grc' dir='ltr'><strong>καρπὸς,</strong></span> <span class='ocrx_word' id='word_1_715' title='bbox 1091 4584 1186 4640; x_wconf 89' lang='grc' dir='ltr'><strong>νῦν</strong></span> <span class='ocrx_word' id='word_1_716' title='bbox 1218 4587 1321 4654; x_wconf 83' lang='grc' dir='ltr'><strong>μέν</strong></span> <span class='ocrx_word' id='word_1_717' title='bbox 1359 4589 1458 4640; x_wconf 80' lang='grc' dir='ltr'><strong>ὅσα</strong></span> <span class='ocrx_word' id='word_1_718' title='bbox 1493 4590 1587 4642; x_wconf 82' lang='grc' dir='ltr'><strong>καὶ</strong></span> <span class='ocrx_word' id='word_1_719' title='bbox 1610 4589 1789 4656; x_wconf 73' lang='grc' dir='ltr'><strong>φύλλα</strong></span> 
     </span>
    </p>
   </div>
   <div class='ocr_carea' id='block_1_89' title="bbox 195 4676 1792 4747">
    <p class='ocr_par' dir='ltr' id='par_1_89' title="bbox 195 4676 1792 4747">
     <span class='ocr_line' id='line_1_89' title="bbox 195 4676 1792 4747; baseline 0.002 -17"><span class='ocrx_word' id='word_1_720' title='bbox 195 4676 382 4741; x_wconf 82' lang='grc' dir='ltr'><strong>διδοὺς</strong></span> <span class='ocrx_word' id='word_1_721' title='bbox 429 4676 624 4732; x_wconf 74' lang='grc' dir='ltr'><strong>ἐαυτὸν</strong></span> <span class='ocrx_word' id='word_1_722' title='bbox 665 4677 746 4740; x_wconf 88' lang='grc' dir='ltr'><strong>είς</strong></span> <span class='ocrx_word' id='word_1_723' title='bbox 793 4677 1009 4747; x_wconf 77' lang='grc' dir='ltr'><strong>τρυφὴν</strong></span> <span class='ocrx_word' id='word_1_724' title='bbox 1038 4678 1107 4746; x_wconf 77' lang='grc' dir='ltr'><strong>τῇ</strong></span> <span class='ocrx_word' id='word_1_725' title='bbox 1147 4679 1343 4746; x_wconf 76' lang='grc' dir='ltr'><strong>μητρὶ,</strong></span> <span class='ocrx_word' id='word_1_726' title='bbox 1395 4677 1557 4743; x_wconf 82' lang='grc' dir='ltr'><strong>αὖθις</strong></span> <span class='ocrx_word' id='word_1_727' title='bbox 1607 4680 1665 4732; x_wconf 84' lang='grc' dir='ltr'><strong>δέ</strong></span> <span class='ocrx_word' id='word_1_728' title='bbox 1710 4683 1792 4744; x_wconf 87' lang='grc' dir='ltr'><strong>είς</strong></span> 
     </span>
    </p>
   </div>
   <div class='ocr_carea' id='block_1_90' title="bbox 196 4768 1792 4842">
    <p class='ocr_par' dir='ltr' id='par_1_90' title="bbox 196 4768 1792 4842">
     <span class='ocr_line' id='line_1_90' title="bbox 196 4768 1792 4842; baseline -0.001 -18"><span class='ocrx_word' id='word_1_729' title='bbox 196 4771 304 4825; x_wconf 72' lang='grc' dir='ltr'><strong>ἕνα</strong></span> <span class='ocrx_word' id='word_1_730' title='bbox 366 4772 464 4823; x_wconf 78' lang='grc' dir='ltr'><strong>καὶ</strong></span> <span class='ocrx_word' id='word_1_731' title='bbox 523 4770 687 4840; x_wconf 86' lang='grc' dir='ltr'><strong>μόνον</strong></span> <span class='ocrx_word' id='word_1_732' title='bbox 744 4768 1216 4840; x_wconf 79' lang='grc' dir='ltr'><strong>προϐεὸλημένος,</strong></span> <span class='ocrx_word' id='word_1_733' title='bbox 1265 4769 1345 4833; x_wconf 85' lang='grc' dir='ltr'><strong>ὡς</strong></span> <span class='ocrx_word' id='word_1_734' title='bbox 1405 4771 1472 4824; x_wconf 82' lang='grc' dir='ltr'><strong>ἂν</strong></span> <span class='ocrx_word' id='word_1_735' title='bbox 1522 4771 1792 4842; x_wconf 82' lang='grc' dir='ltr'><strong>ἐντρέψας</strong></span> 
     </span>
    </p>
   </div>
   <div class='ocr_carea' id='block_1_91' title="bbox 199 4859 1792 4934">
    <p class='ocr_par' dir='ltr' id='par_1_91' title="bbox 199 4859 1792 4934">
     <span class='ocr_line' id='line_1_91' title="bbox 199 4859 1792 4934; baseline 0 -17"><span class='ocrx_word' id='word_1_736' title='bbox 199 4862 429 4932; x_wconf 84' lang='grc' dir='ltr'><strong>ἐκείνην</strong></span> <span class='ocrx_word' id='word_1_737' title='bbox 460 4862 648 4934; x_wconf 74' lang='grc' dir='ltr'><strong>πείσῃ,</strong></span> <span class='ocrx_word' id='word_1_738' title='bbox 671 4862 751 4932; x_wconf 81' lang='grc' dir='ltr'><strong>μὴ</strong></span> <span class='ocrx_word' id='word_1_739' title='bbox 775 4863 868 4915; x_wconf 79' lang='grc' dir='ltr'><strong>ἐπὶ</strong></span> <span class='ocrx_word' id='word_1_740' title='bbox 897 4859 1196 4930; x_wconf 77' lang='grc' dir='ltr'><strong>πολυγονίᾳ</strong></span> <span class='ocrx_word' id='word_1_741' title='bbox 1229 4860 1376 4930; x_wconf 85' lang='grc' dir='ltr'><strong>μέγα</strong></span> <span class='ocrx_word' id='word_1_742' title='bbox 1403 4865 1647 4931; x_wconf 83' lang='grc' dir='ltr'><strong>φρονεῖν,</strong></span> <span class='ocrx_word' id='word_1_743' title='bbox 1673 4863 1792 4917; x_wconf 76' lang='grc' dir='ltr'><strong>ἀλλ⁹</strong></span> 
     </span>
    </p>
   </div>
   <div class='ocr_carea' id='block_1_92' title="bbox 195 4951 1793 5024">
    <p class='ocr_par' dir='ltr' id='par_1_92' title="bbox 195 4951 1793 5024">
     <span class='ocr_line' id='line_1_92' title="bbox 195 4951 1793 5024; baseline 0 -16"><span class='ocrx_word' id='word_1_744' title='bbox 195 4955 284 5018; x_wconf 83' lang='grc' dir='ltr'><strong>είς</strong></span> <span class='ocrx_word' id='word_1_745' title='bbox 311 4955 414 5024; x_wconf 82' lang='grc' dir='ltr'><strong>τὴν</strong></span> <span class='ocrx_word' id='word_1_746' title='bbox 453 4951 628 5022; x_wconf 79' lang='grc' dir='ltr'><strong>ἀρχὴν</strong></span> <span class='ocrx_word' id='word_1_747' title='bbox 658 4952 1067 5024; x_wconf 80' lang='grc' dir='ltr'><strong>ἐπεστράφθαι,</strong></span> <span class='ocrx_word' id='word_1_748' title='bbox 1108 4955 1207 5006; x_wconf 72' lang='grc' dir='ltr'><strong>καὶ</strong></span> <span class='ocrx_word' id='word_1_749' title='bbox 1229 4953 1432 5023; x_wconf 76' lang='grc' dir='ltr'><strong>ἐαυτην</strong></span> <span class='ocrx_word' id='word_1_750' title='bbox 1459 4953 1682 5022; x_wconf 78' lang='grc' dir='ltr'><strong>ειδέναι,</strong></span> <span class='ocrx_word' id='word_1_751' title='bbox 1715 4954 1793 5020; x_wconf 83' lang='grc' dir='ltr'><strong>ὡς</strong></span> 
     </span>
    </p>
   </div>
   <div class='ocr_carea' id='block_1_93' title="bbox 199 5043 1794 5115">
    <p class='ocr_par' dir='ltr' id='par_1_93' title="bbox 199 5043 1794 5115">
     <span class='ocr_line' id='line_1_93' title="bbox 199 5043 1794 5115; baseline 0.001 -15"><span class='ocrx_word' id='word_1_752' title='bbox 199 5047 266 5112; x_wconf 83' lang='grc' dir='ltr'><strong>ἐξ</strong></span> <span class='ocrx_word' id='word_1_753' title='bbox 290 5045 412 5110; x_wconf 83' lang='grc' dir='ltr'><strong>ἐνὸς</strong></span> <span class='ocrx_word' id='word_1_754' title='bbox 449 5043 549 5114; x_wconf 74' lang='grc' dir='ltr'><strong>τὴν</strong></span> <span class='ocrx_word' id='word_1_755' title='bbox 571 5045 749 5115; x_wconf 79' lang='grc' dir='ltr'><strong>ἀρχὴν</strong></span> <span class='ocrx_word' id='word_1_756' title='bbox 777 5046 938 5114; x_wconf 86' lang='grc' dir='ltr'><strong>μόνον</strong></span> <span class='ocrx_word' id='word_1_757' title='bbox 960 5045 1058 5099; x_wconf 76' lang='grc' dir='ltr'><strong>καὶ</strong></span> <span class='ocrx_word' id='word_1_758' title='bbox 1084 5047 1334 5099; x_wconf 86' lang='grc' dir='ltr'><strong>τοιούτου</strong></span> <span class='ocrx_word' id='word_1_759' title='bbox 1366 5046 1446 5110; x_wconf 89' lang='grc' dir='ltr'><strong>είς</strong></span> <span class='ocrx_word' id='word_1_760' title='bbox 1469 5046 1794 5115; x_wconf 85' lang='grc' dir='ltr'><strong>τηλικοῦτον</strong></span> 
     </span>
    </p>
   </div>
   <div class='ocr_carea' id='block_1_94' title="bbox 195 5141 1794 5214">
    <p class='ocr_par' dir='ltr' id='par_1_94' title="bbox 195 5141 1794 5214">
     <span class='ocr_line' id='line_1_94' title="bbox 195 5141 1794 5214; baseline -0.003 -14"><span class='ocrx_word' id='word_1_761' title='bbox 195 5144 426 5214; x_wconf 81' lang='grc' dir='ltr'><strong>δένδρον</strong></span> <span class='ocrx_word' id='word_1_762' title='bbox 447 5141 723 5212; x_wconf 79' lang='grc' dir='ltr'><strong>προήχθη,</strong></span> <span class='ocrx_word' id='word_1_763' title='bbox 747 5141 840 5196; x_wconf 78' lang='grc' dir='ltr'><strong>καὶ</strong></span> <span class='ocrx_word' id='word_1_764' title='bbox 863 5143 923 5194; x_wconf 78' lang='grc' dir='ltr'><strong>τὸ</strong></span> <span class='ocrx_word' id='word_1_765' title='bbox 956 5142 1100 5210; x_wconf 85' lang='grc' dir='ltr'><strong>μέγα</strong></span> <span class='ocrx_word' id='word_1_766' title='bbox 1256 5141 1599 5212; x_wconf 65' lang='grc' dir='ltr'><strong>Μλυπληθές</strong></span> <span class='ocrx_word' id='word_1_767' title='bbox 1628 5160 1794 5196; x_wconf 79' lang='grc' dir='ltr'><strong>κατε-</strong></span> 
     </span>
    </p>
   </div>
   <div class='ocr_carea' id='block_1_95' title="bbox 199 5234 1793 5309">
    <p class='ocr_par' dir='ltr' id='par_1_95' title="bbox 199 5234 1793 5309">
     <span class='ocr_line' id='line_1_95' title="bbox 199 5234 1793 5309; baseline -0.001 -17"><span class='ocrx_word' id='word_1_768' title='bbox 199 5236 485 5306; x_wconf 75' lang='grc' dir='ltr'><strong>πλοὺτησε</strong></span> <span class='ocrx_word' id='word_1_769' title='bbox 530 5236 624 5304; x_wconf 79' lang='grc' dir='ltr'><strong>τῆς</strong></span> <span class='ocrx_word' id='word_1_770' title='bbox 661 5234 1023 5298; x_wconf 86' lang='grc' dir='ltr'><strong>πολυτεκνίας</strong></span> <span class='ocrx_word' id='word_1_771' title='bbox 1051 5236 1272 5306; x_wconf 86' lang='grc' dir='ltr'><strong>σεμνόν.</strong></span> <span class='ocrx_word' id='word_1_772' title='bbox 1306 5236 1418 5293; x_wconf 84' lang='lat' dir='ltr'><strong>Kal</strong></span> <span class='ocrx_word' id='word_1_773' title='bbox 1449 5238 1664 5309; x_wconf 84' lang='grc' dir='ltr'><strong>μήποτε</strong></span> <span class='ocrx_word' id='word_1_774' title='bbox 1704 5237 1793 5291; x_wconf 83' lang='grc' dir='ltr'><strong>διά</strong></span> 
     </span>
    </p>
   </div>
   <div class='ocr_carea' id='block_1_96' title="bbox 203 5326 1793 5400">
    <p class='ocr_par' dir='ltr' id='par_1_96' title="bbox 203 5326 1793 5400">
     <span class='ocr_line' id='line_1_96' title="bbox 203 5326 1793 5400; baseline -0.001 -16"><span class='ocrx_word' id='word_1_775' title='bbox 203 5331 269 5386; x_wconf 84' lang='grc' dir='ltr'><strong>τδ</strong></span> <span class='ocrx_word' id='word_1_776' title='bbox 300 5327 400 5383; x_wconf 90' lang='grc' dir='ltr'><strong>νῦν</strong></span> <span class='ocrx_word' id='word_1_777' title='bbox 435 5344 539 5398; x_wconf 86' lang='grc' dir='ltr'><strong>μου</strong></span> <span class='ocrx_word' id='word_1_778' title='bbox 567 5326 756 5382; x_wconf 84' lang='grc' dir='ltr'><strong>άδικον</strong></span> <span class='ocrx_word' id='word_1_779' title='bbox 782 5328 876 5380; x_wconf 75' lang='grc' dir='ltr'><strong>καὶ</strong></span> <span class='ocrx_word' id='word_1_780' title='bbox 905 5327 1078 5394; x_wconf 77' lang='grc' dir='ltr'><strong>οὕτως</strong></span> <span class='ocrx_word' id='word_1_781' title='bbox 1120 5328 1423 5400; x_wconf 83' lang='grc' dir='ltr'><strong>άχρειῶδες</strong></span> <span class='ocrx_word' id='word_1_782' title='bbox 1449 5329 1545 5384; x_wconf 91' lang='grc' dir='ltr'><strong>τοῦ</strong></span> <span class='ocrx_word' id='word_1_783' title='bbox 1575 5327 1793 5400; x_wconf 86' lang='grc' dir='ltr'><strong>καρποῦ</strong></span> 
     </span>
    </p>
   </div>
   <div class='ocr_carea' id='block_1_97' title="bbox 205 5419 1791 5493">
    <p class='ocr_par' dir='ltr' id='par_1_97' title="bbox 205 5419 1791 5493">
     <span class='ocr_line' id='line_1_97' title="bbox 205 5419 1791 5493; baseline 0.001 -18"><span class='ocrx_word' id='word_1_784' title='bbox 205 5423 331 5477; x_wconf 78' lang='grc' dir='ltr'><strong>οὐδὲ</strong></span> <span class='ocrx_word' id='word_1_785' title='bbox 359 5421 418 5485; x_wconf 80' lang='grc' dir='ltr'><strong>ἐς</strong></span> <span class='ocrx_word' id='word_1_786' title='bbox 454 5419 666 5490; x_wconf 75' lang='grc' dir='ltr'><strong>τροφὴν</strong></span> <span class='ocrx_word' id='word_1_787' title='bbox 698 5419 1112 5488; x_wconf 80' lang='grc' dir='ltr'><strong>ἀποχρήσεσθαι</strong></span> <span class='ocrx_word' id='word_1_788' title='bbox 1137 5421 1243 5492; x_wconf 77' lang='grc' dir='ltr'><strong>χρὴ</strong></span> <span class='ocrx_word' id='word_1_789' title='bbox 1271 5423 1336 5491; x_wconf 80' lang='grc' dir='ltr'><strong>τῇ</strong></span> <span class='ocrx_word' id='word_1_790' title='bbox 1368 5421 1562 5490; x_wconf 86' lang='grc' dir='ltr'><strong>μονάδι</strong></span> <span class='ocrx_word' id='word_1_791' title='bbox 1595 5420 1791 5493; x_wconf 74' lang='grc' dir='ltr'><strong>ταύτῃ,</strong></span> 
     </span>
    </p>
   </div>
   <div class='ocr_carea' id='block_1_98' title="bbox 204 5509 1795 5582">
    <p class='ocr_par' dir='ltr' id='par_1_98' title="bbox 204 5509 1795 5582">
     <span class='ocr_line' id='line_1_98' title="bbox 204 5509 1795 5582; baseline -0.001 -15"><span class='ocrx_word' id='word_1_792' title='bbox 204 5513 330 5567; x_wconf 81' lang='grc' dir='ltr'><strong>ούδέ</strong></span> <span class='ocrx_word' id='word_1_793' title='bbox 355 5511 418 5565; x_wconf 80' lang='grc' dir='ltr'><strong>τὸ</strong></span> <span class='ocrx_word' id='word_1_794' title='bbox 455 5509 620 5578; x_wconf 83' lang='grc' dir='ltr'><strong>φύσει</strong></span> <span class='ocrx_word' id='word_1_795' title='bbox 645 5511 829 5580; x_wconf 88' lang='grc' dir='ltr'><strong>τίμιον</strong></span> <span class='ocrx_word' id='word_1_796' title='bbox 872 5509 1012 5580; x_wconf 76' lang='grc' dir='ltr'><strong>αὐτῇ</strong></span> <span class='ocrx_word' id='word_1_797' title='bbox 1054 5512 1518 5582; x_wconf 83' lang='grc' dir='ltr'><strong>περιποιήσεσθαι</strong></span> <span class='ocrx_word' id='word_1_798' title='bbox 1567 5513 1662 5566; x_wconf 78' lang='grc' dir='ltr'><strong>καὶ</strong></span> <span class='ocrx_word' id='word_1_799' title='bbox 1713 5515 1795 5575; x_wconf 79' lang='grc' dir='ltr'><strong>εἰς</strong></span> 
     </span>
    </p>
   </div>
   <div class='ocr_carea' id='block_1_99' title="bbox 203 5601 1796 5676">
    <p class='ocr_par' dir='ltr' id='par_1_99' title="bbox 203 5601 1796 5676">
     <span class='ocr_line' id='line_1_99' title="bbox 203 5601 1796 5676; baseline 0 -18"><span class='ocrx_word' id='word_1_800' title='bbox 203 5605 386 5676; x_wconf 76' lang='grc' dir='ltr'><strong>ἀρχὴν</strong></span> <span class='ocrx_word' id='word_1_801' title='bbox 439 5601 644 5672; x_wconf 84' lang='grc' dir='ltr'><strong>ὁμοίως</strong></span> <span class='ocrx_word' id='word_1_802' title='bbox 681 5602 950 5668; x_wconf 82' lang='grc' dir='ltr'><strong>γενέσεως</strong></span> <span class='ocrx_word' id='word_1_803' title='bbox 989 5604 1410 5672; x_wconf 83' lang='grc' dir='ltr'><strong>ταμιεύσεσθαι,</strong></span> <span class='ocrx_word' id='word_1_804' title='bbox 1439 5606 1536 5663; x_wconf 78' lang='grc' dir='ltr'><strong>καὶ</strong></span> <span class='ocrx_word' id='word_1_805' title='bbox 1565 5606 1796 5676; x_wconf 84' lang='grc' dir='ltr'><strong>σπέρμα</strong></span> 
     </span>
    </p>
   </div>
   <div class='ocr_carea' id='block_1_100' title="bbox 205 5692 1796 5770">
    <p class='ocr_par' dir='ltr' id='par_1_100' title="bbox 205 5692 1796 5770">
     <span class='ocr_line' id='line_1_100' title="bbox 205 5692 1796 5770; baseline -0.003 -18"><span class='ocrx_word' id='word_1_806' title='bbox 205 5698 437 5766; x_wconf 82' lang='grc' dir='ltr'><strong>εὐγενὲς</strong></span> <span class='ocrx_word' id='word_1_807' title='bbox 481 5694 617 5750; x_wconf 80' lang='grc' dir='ltr'><strong>αὐτὸ</strong></span> <span class='ocrx_word' id='word_1_808' title='bbox 659 5692 902 5748; x_wconf 79' lang='grc' dir='ltr'><strong>ἐκθεῖναι</strong></span> <span class='ocrx_word' id='word_1_809' title='bbox 951 5697 1032 5758; x_wconf 82' lang='grc' dir='ltr'><strong>εἰς</strong></span> <span class='ocrx_word' id='word_1_810' title='bbox 1081 5699 1208 5767; x_wconf 80' lang='grc' dir='ltr'><strong>γῆν,</strong></span> <span class='ocrx_word' id='word_1_811' title='bbox 1259 5699 1356 5768; x_wconf 83' lang='grc' dir='ltr'><strong>ἀφ’</strong></span> <span class='ocrx_word' id='word_1_812' title='bbox 1385 5695 1448 5753; x_wconf 75' lang='grc' dir='ltr'><strong>οὗ</strong></span> <span class='ocrx_word' id='word_1_813' title='bbox 1499 5700 1796 5770; x_wconf 80' lang='grc' dir='ltr'><strong>γενήσεται</strong></span> 
     </span>
    </p>
   </div>
   <div class='ocr_carea' id='block_1_101' title="bbox 210 5785 1786 5862">
    <p class='ocr_par' dir='ltr' id='par_1_101' title="bbox 210 5785 1786 5862">
     <span class='ocr_line' id='line_1_101' title="bbox 210 5785 1786 5862; baseline -0.001 -17"><span class='ocrx_word' id='word_1_814' title='bbox 210 5794 426 5858; x_wconf 70' lang='grc' dir='ltr'><strong>ὅμοιον,</strong></span> <span class='ocrx_word' id='word_1_815' title='bbox 461 5787 557 5843; x_wconf 80' lang='grc' dir='ltr'><strong>καὶ</strong></span> <span class='ocrx_word' id='word_1_816' title='bbox 598 5785 934 5856; x_wconf 85' lang='grc' dir='ltr'><strong>πληθυνθείη</strong></span> <span class='ocrx_word' id='word_1_817' title='bbox 963 5787 1022 5842; x_wconf 75' lang='grc' dir='ltr'><strong>τὸ</strong></span> <span class='ocrx_word' id='word_1_818' title='bbox 1067 5789 1232 5848; x_wconf 79' lang='grc' dir='ltr'><strong>καλὸν</strong></span> <span class='ocrx_word' id='word_1_819' title='bbox 1261 5791 1499 5862; x_wconf 79' lang='grc' dir='ltr'><strong>αὑξηθέν</strong></span> <span class='ocrx_word' id='word_1_820' title='bbox 1532 5792 1628 5846; x_wconf 76' lang='grc' dir='ltr'><strong>ἐπὶ</strong></span> <span class='ocrx_word' id='word_1_821' title='bbox 1663 5790 1786 5860; x_wconf 80' lang='grc' dir='ltr'><strong>γῆς.</strong></span> 
     </span>
    </p>
   </div>
   <div class='ocr_carea' id='block_1_102' title="bbox 1906 4578 3482 4656">
    <p class='ocr_par' dir='ltr' id='par_1_102' title="bbox 1906 4578 3482 4656">
     <span class='ocr_line' id='line_1_102' title="bbox 1906 4578 3482 4656; baseline -0.008 -12"><span class='ocrx_word' id='word_1_822' title='bbox 1906 4589 2215 4644; x_wconf 86' lang='grc' dir='ltr'><strong>Ἀνατέλλει</strong></span> <span class='ocrx_word' id='word_1_823' title='bbox 2242 4603 2333 4656; x_wconf 86' lang='grc' dir='ltr'><strong>μοι</strong></span> <span class='ocrx_word' id='word_1_824' title='bbox 2373 4587 2659 4654; x_wconf 82' lang='grc' dir='ltr'><strong>κάμακας,</strong></span> <span class='ocrx_word' id='word_1_825' title='bbox 2700 4578 2777 4637; x_wconf 83' lang='grc' dir='ltr'><strong>ὧν</strong></span> <span class='ocrx_word' id='word_1_826' title='bbox 2826 4586 2854 4637; x_wconf 90' lang='lat'><strong>6</strong></span> <span class='ocrx_word' id='word_1_827' title='bbox 2895 4582 3107 4654; x_wconf 84' lang='grc' dir='ltr'><strong>καρπὸς</strong></span> <span class='ocrx_word' id='word_1_828' title='bbox 3150 4583 3352 4644; x_wconf 82' lang='grc' dir='ltr'><strong>ἐκεῖνος</strong></span> <span class='ocrx_word' id='word_1_829' title='bbox 3401 4584 3482 4644; x_wconf 78' lang='grc' dir='ltr'><strong>εἰς</strong></span> 
     </span>
    </p>
   </div>
   <div class='ocr_carea' id='block_1_103' title="bbox 1895 4672 3480 4750">
    <p class='ocr_par' dir='ltr' id='par_1_103' title="bbox 1895 4672 3480 4750">
     <span class='ocr_line' id='line_1_103' title="bbox 1895 4672 3480 4750; baseline -0.008 -14"><span class='ocrx_word' id='word_1_830' title='bbox 1895 4682 1958 4736; x_wconf 80' lang='grc' dir='ltr'><strong>τὸ</strong></span> <span class='ocrx_word' id='word_1_831' title='bbox 1992 4679 2185 4750; x_wconf 82' lang='grc' dir='ltr'><strong>μέλλον</strong></span> <span class='ocrx_word' id='word_1_832' title='bbox 2211 4677 2446 4748; x_wconf 73' lang='grc' dir='ltr'><strong>δαψιλὴς</strong></span> <span class='ocrx_word' id='word_1_833' title='bbox 2471 4677 2983 4748; x_wconf 83' lang='grc' dir='ltr'><strong>ἀπαιωρηθήσεται.</strong></span> <span class='ocrx_word' id='word_1_834' title='bbox 3036 4673 3354 4744; x_wconf 86' lang='grc' dir='ltr'><strong>Προνοεῖται</strong></span> <span class='ocrx_word' id='word_1_835' title='bbox 3386 4672 3480 4727; x_wconf 88' lang='grc' dir='ltr'><strong>τοῦ</strong></span> 
     </span>
    </p>
   </div>
   <div class='ocr_carea' id='block_1_104' title="bbox 1891 4766 3484 4847">
    <p class='ocr_par' dir='ltr' id='par_1_104' title="bbox 1891 4766 3484 4847">
     <span class='ocr_line' id='line_1_104' title="bbox 1891 4766 3484 4847; baseline -0.009 -16"><span class='ocrx_word' id='word_1_836' title='bbox 1891 4775 2087 4831; x_wconf 69' lang='grc' dir='ltr'><strong>ἔπειτα</strong></span> <span class='ocrx_word' id='word_1_837' title='bbox 2112 4772 2454 4847; x_wconf 84' lang='grc' dir='ltr'><strong>στερεμνίου,</strong></span> <span class='ocrx_word' id='word_1_838' title='bbox 2476 4771 2550 4834; x_wconf 83' lang='grc' dir='ltr'><strong>ὡς</strong></span> <span class='ocrx_word' id='word_1_839' title='bbox 2577 4769 2644 4824; x_wconf 82' lang='grc' dir='ltr'><strong>ἂν</strong></span> <span class='ocrx_word' id='word_1_840' title='bbox 2669 4770 2746 4840; x_wconf 83' lang='grc' dir='ltr'><strong>μὴ</strong></span> <span class='ocrx_word' id='word_1_841' title='bbox 2769 4768 2830 4822; x_wconf 82' lang='grc' dir='ltr'><strong>τὸ</strong></span> <span class='ocrx_word' id='word_1_842' title='bbox 2855 4767 2989 4822; x_wconf 74' lang='grc' dir='ltr'><strong>πολὺ</strong></span> <span class='ocrx_word' id='word_1_843' title='bbox 3023 4766 3212 4838; x_wconf 84' lang='grc' dir='ltr'><strong>βρῖθος</strong></span> <span class='ocrx_word' id='word_1_844' title='bbox 3247 4766 3346 4834; x_wconf 83' lang='grc' dir='ltr'><strong>τῆς</strong></span> <span class='ocrx_word' id='word_1_845' title='bbox 3380 4783 3484 4818; x_wconf 75' lang='lat'><strong>1:0-</strong></span> 
     </span>
    </p>
   </div>
   <div class='ocr_carea' id='block_1_105' title="bbox 1891 4855 3483 4932">
    <p class='ocr_par' dir='ltr' id='par_1_105' title="bbox 1891 4855 3483 4932">
     <span class='ocr_line' id='line_1_105' title="bbox 1891 4855 3483 4932; baseline -0.008 -13"><span class='ocrx_word' id='word_1_846' title='bbox 1891 4863 2148 4929; x_wconf 87' lang='grc' dir='ltr'><strong>λυτοκίας</strong></span> <span class='ocrx_word' id='word_1_847' title='bbox 2175 4863 2310 4922; x_wconf 80' lang='grc' dir='ltr'><strong>αὐτὸ</strong></span> <span class='ocrx_word' id='word_1_848' title='bbox 2337 4861 2744 4932; x_wconf 79' lang='grc' dir='ltr'><strong>κατακάμψειε.</strong></span> <span class='ocrx_word' id='word_1_849' title='bbox 2771 4860 2985 4922; x_wconf 79' lang='grc' dir='ltr'><strong>Τόπους</strong></span> <span class='ocrx_word' id='word_1_850' title='bbox 3015 4857 3276 4929; x_wconf 81' lang='grc' dir='ltr'><strong>παράγει,</strong></span> <span class='ocrx_word' id='word_1_851' title='bbox 3313 4855 3363 4910; x_wconf 80' lang='grc' dir='ltr'><strong>οἳ</strong></span> <span class='ocrx_word' id='word_1_852' title='bbox 3386 4856 3483 4926; x_wconf 83' lang='grc' dir='ltr'><strong>τὴν</strong></span> 
     </span>
    </p>
   </div>
   <div class='ocr_carea' id='block_1_106' title="bbox 1893 4939 3482 5026">
    <p class='ocr_par' dir='ltr' id='par_1_106' title="bbox 1893 4939 3482 5026">
     <span class='ocr_line' id='line_1_106' title="bbox 1893 4939 3482 5026; baseline -0.009 -16"><span class='ocrx_word' id='word_1_853' title='bbox 1893 4957 2245 5026; x_wconf 84' lang='grc' dir='ltr'><strong>εὐδαιμονίαν</strong></span> <span class='ocrx_word' id='word_1_854' title='bbox 2299 4954 2631 5026; x_wconf 80' lang='grc' dir='ltr'><strong>χωρήσουσι.</strong></span> <span class='ocrx_word' id='word_1_855' title='bbox 2689 4951 2940 5021; x_wconf 89' lang='grc' dir='ltr'><strong>Σημαίας</strong></span> <span class='ocrx_word' id='word_1_856' title='bbox 2997 4949 3146 5019; x_wconf 76' lang='grc' dir='ltr'><strong>ὑψοῖ,</strong></span> <span class='ocrx_word' id='word_1_857' title='bbox 3179 4947 3264 5015; x_wconf 81' lang='grc' dir='ltr'><strong>ἐφ’</strong></span> <span class='ocrx_word' id='word_1_858' title='bbox 3305 4939 3382 5000; x_wconf 83' lang='grc' dir='ltr'><strong>ῶν</strong></span> <span class='ocrx_word' id='word_1_859' title='bbox 3421 4946 3482 5000; x_wconf 78' lang='grc' dir='ltr'><strong>τὸ</strong></span> 
     </span>
    </p>
   </div>
   <div class='ocr_carea' id='block_1_107' title="bbox 1897 5038 3481 5122">
    <p class='ocr_par' dir='ltr' id='par_1_107' title="bbox 1897 5038 3481 5122">
     <span class='ocr_line' id='line_1_107' title="bbox 1897 5038 3481 5122; baseline -0.008 -20"><span class='ocrx_word' id='word_1_860' title='bbox 1897 5051 2099 5122; x_wconf 73' lang='grc' dir='ltr'><strong>ἑαυτῆς</strong></span> <span class='ocrx_word' id='word_1_861' title='bbox 2153 5045 2532 5116; x_wconf 83' lang='grc' dir='ltr'><strong>ἀναστηλὼσει</strong></span> <span class='ocrx_word' id='word_1_862' title='bbox 2579 5043 2767 5104; x_wconf 79' lang='grc' dir='ltr'><strong>καλὸν,</strong></span> <span class='ocrx_word' id='word_1_863' title='bbox 2821 5043 2919 5094; x_wconf 78' lang='grc' dir='ltr'><strong>καὶ</strong></span> <span class='ocrx_word' id='word_1_864' title='bbox 2973 5039 3338 5110; x_wconf 75' lang='grc' dir='ltr'><strong>θριαμϐεύσει</strong></span> <span class='ocrx_word' id='word_1_865' title='bbox 3384 5038 3481 5091; x_wconf 90' lang='grc' dir='ltr'><strong>τοῦ</strong></span> 
     </span>
    </p>
   </div>
   <div class='ocr_carea' id='block_1_108' title="bbox 1890 5129 3483 5212">
    <p class='ocr_par' dir='ltr' id='par_1_108' title="bbox 1890 5129 3483 5212">
     <span class='ocr_line' id='line_1_108' title="bbox 1890 5129 3483 5212; baseline -0.007 -18"><span class='ocrx_word' id='word_1_866' title='bbox 1890 5139 2119 5194; x_wconf 88' lang='grc' dir='ltr'><strong>τοκετοῦ</strong></span> <span class='ocrx_word' id='word_1_867' title='bbox 2161 5138 2467 5212; x_wconf 84' lang='grc' dir='ltr'><strong>θεατρικῶς</strong></span> <span class='ocrx_word' id='word_1_868' title='bbox 2513 5137 2574 5190; x_wconf 78' lang='grc' dir='ltr'><strong>τὸ</strong></span> <span class='ocrx_word' id='word_1_869' title='bbox 2613 5135 3005 5201; x_wconf 87' lang='grc' dir='ltr'><strong>καλλίστευμα.</strong></span> <span class='ocrx_word' id='word_1_870' title='bbox 3041 5134 3150 5187; x_wconf 83' lang='lat' dir='ltr'><strong>Kal</strong></span> <span class='ocrx_word' id='word_1_871' title='bbox 3185 5129 3333 5184; x_wconf 76' lang='grc' dir='ltr'><strong>οὕτω</strong></span> <span class='ocrx_word' id='word_1_872' title='bbox 3381 5134 3483 5200; x_wconf 75' lang='grc' dir='ltr'><strong>μὲν</strong></span> 
     </span>
    </p>
   </div>
   <div class='ocr_carea' id='block_1_109' title="bbox 1891 5225 3476 5304">
    <p class='ocr_par' dir='ltr' id='par_1_109' title="bbox 1891 5225 3476 5304">
     <span class='ocr_line' id='line_1_109' title="bbox 1891 5225 3476 5304; baseline -0.009 -16"><span class='ocrx_word' id='word_1_873' title='bbox 1891 5237 1976 5298; x_wconf 85' lang='grc' dir='ltr'><strong>είς</strong></span> <span class='ocrx_word' id='word_1_874' title='bbox 2007 5233 2141 5304; x_wconf 77' lang='grc' dir='ltr'><strong>ὕψος</strong></span> <span class='ocrx_word' id='word_1_875' title='bbox 2173 5231 2480 5304; x_wconf 87' lang='grc' dir='ltr'><strong>μηκύνεται</strong></span> <span class='ocrx_word' id='word_1_876' title='bbox 2506 5247 2522 5264; x_wconf 78' lang='grc' dir='ltr'><strong>ο</strong></span> <span class='ocrx_word' id='word_1_877' title='bbox 2555 5232 2624 5302; x_wconf 79' lang='grc' dir='ltr'><strong>τῇ</strong></span> <span class='ocrx_word' id='word_1_878' title='bbox 2657 5229 2714 5284; x_wconf 81' lang='grc' dir='ltr'><strong>δέ</strong></span> <span class='ocrx_word' id='word_1_879' title='bbox 2743 5229 2823 5291; x_wconf 86' lang='grc' dir='ltr'><strong>είς</strong></span> <span class='ocrx_word' id='word_1_880' title='bbox 2856 5227 3058 5290; x_wconf 87' lang='grc' dir='ltr'><strong>πλάτος</strong></span> <span class='ocrx_word' id='word_1_881' title='bbox 3087 5225 3370 5280; x_wconf 81' lang='grc' dir='ltr'><strong>διαστάσει</strong></span> <span class='ocrx_word' id='word_1_882' title='bbox 3400 5226 3476 5285; x_wconf 85' lang='grc' dir='ltr'><strong>εἰς</strong></span> 
     </span>
    </p>
   </div>
   <div class='ocr_carea' id='block_1_110' title="bbox 1893 5315 3482 5397">
    <p class='ocr_par' dir='ltr' id='par_1_110' title="bbox 1893 5315 3482 5397">
     <span class='ocr_line' id='line_1_110' title="bbox 1893 5315 3482 5397; baseline -0.009 -17"><span class='ocrx_word' id='word_1_883' title='bbox 1893 5327 2096 5397; x_wconf 71' lang='grc' dir='ltr'><strong>ὄροφον</strong></span> <span class='ocrx_word' id='word_1_884' title='bbox 2138 5325 2562 5390; x_wconf 86' lang='grc' dir='ltr'><strong>ἐκπετάννυται,</strong></span> <span class='ocrx_word' id='word_1_885' title='bbox 2612 5324 2708 5378; x_wconf 84' lang='grc' dir='ltr'><strong>καὶ</strong></span> <span class='ocrx_word' id='word_1_886' title='bbox 2756 5320 2916 5374; x_wconf 82' lang='grc' dir='ltr'><strong>σκιὰν</strong></span> <span class='ocrx_word' id='word_1_887' title='bbox 2958 5319 3174 5373; x_wconf 84' lang='grc' dir='ltr'><strong>ένδοθεν</strong></span> <span class='ocrx_word' id='word_1_888' title='bbox 3206 5315 3482 5369; x_wconf 79' lang='grc' dir='ltr'><strong>ῦποθαλα-</strong></span> 
     </span>
    </p>
   </div>
   <div class='ocr_carea' id='block_1_111' title="bbox 1899 5405 3477 5488">
    <p class='ocr_par' dir='ltr' id='par_1_111' title="bbox 1899 5405 3477 5488">
     <span class='ocr_line' id='line_1_111' title="bbox 1899 5405 3477 5488; baseline -0.011 -14"><span class='ocrx_word' id='word_1_889' title='bbox 1899 5420 2078 5488; x_wconf 87' lang='grc' dir='ltr'><strong>μεύει,</strong></span> <span class='ocrx_word' id='word_1_890' title='bbox 2106 5417 2279 5488; x_wconf 78' lang='grc' dir='ltr'><strong>καλὴν</strong></span> <span class='ocrx_word' id='word_1_891' title='bbox 2305 5417 2385 5486; x_wconf 87' lang='grc' dir='ltr'>τῷ</span> <span class='ocrx_word' id='word_1_892' title='bbox 2416 5417 2730 5486; x_wconf 84' lang='grc' dir='ltr'><strong>βουλομένῳ</strong></span> <span class='ocrx_word' id='word_1_893' title='bbox 2752 5413 3154 5481; x_wconf 81' lang='grc' dir='ltr'><strong>ύποκαθῆσθαι,</strong></span> <span class='ocrx_word' id='word_1_894' title='bbox 3185 5408 3274 5459; x_wconf 83' lang='grc' dir='ltr'><strong>καὶ</strong></span> <span class='ocrx_word' id='word_1_895' title='bbox 3305 5405 3477 5472; x_wconf 76' lang='grc' dir='ltr'><strong>ηλίοις</strong></span> 
     </span>
    </p>
   </div>
   <div class='ocr_carea' id='block_1_112' title="bbox 1895 5496 3482 5591">
    <p class='ocr_par' dir='ltr' id='par_1_112' title="bbox 1895 5496 3482 5591">
     <span class='ocr_line' id='line_1_112' title="bbox 1895 5496 3482 5591; baseline -0.012 -24"><span class='ocrx_word' id='word_1_896' title='bbox 1895 5513 2371 5568; x_wconf 78' lang='grc' dir='ltr'><strong>ἀνεπιϐούλευτον.</strong></span> <span class='ocrx_word' id='word_1_897' title='bbox 2404 5511 2512 5564; x_wconf 83' lang='lat' dir='ltr'><strong>Kal</strong></span> <span class='ocrx_word' id='word_1_898' title='bbox 2537 5507 2709 5562; x_wconf 88' lang='grc' dir='ltr'><strong>ταῦτα</strong></span> <span class='ocrx_word' id='word_1_899' title='bbox 2745 5506 2842 5560; x_wconf 91' lang='grc' dir='ltr'><strong>νῦν</strong></span> <span class='ocrx_word' id='word_1_900' title='bbox 2869 5506 2932 5559; x_wconf 82' lang='grc' dir='ltr'><strong>τὺ</strong></span> <span class='ocrx_word' id='word_1_901' title='bbox 2973 5504 3107 5571; x_wconf 76' lang='grc' dir='ltr'><strong>ἐμὸν</strong></span> <span class='ocrx_word' id='word_1_902' title='bbox 3134 5496 3482 5591; x_wconf 64' lang='grc' dir='ltr'><strong>τεχνασάμε-</strong></span> 
     </span>
    </p>
   </div>
   <div class='ocr_carea' id='block_1_113' title="bbox 1897 5585 3476 5676">
    <p class='ocr_par' dir='ltr' id='par_1_113' title="bbox 1897 5585 3476 5676">
     <span class='ocr_line' id='line_1_113' title="bbox 1897 5585 3476 5676; baseline -0.011 -18"><span class='ocrx_word' id='word_1_903' title='bbox 1897 5622 1986 5658; x_wconf 90' lang='grc' dir='ltr'><strong>νον</strong></span> <span class='ocrx_word' id='word_1_904' title='bbox 2016 5605 2232 5676; x_wconf 85' lang='grc' dir='ltr'><strong>δένδρον</strong></span> <span class='ocrx_word' id='word_1_905' title='bbox 2259 5603 2341 5666; x_wconf 89' lang='grc' dir='ltr'><strong>είς</strong></span> <span class='ocrx_word' id='word_1_906' title='bbox 2367 5602 2484 5668; x_wconf 73' lang='grc' dir='ltr'><strong>ἔτος</strong></span> <span class='ocrx_word' id='word_1_907' title='bbox 2518 5601 2646 5658; x_wconf 75' lang='grc' dir='ltr'><strong>ἄλλο</strong></span> <span class='ocrx_word' id='word_1_908' title='bbox 2669 5600 2764 5653; x_wconf 79' lang='grc' dir='ltr'><strong>καὶ</strong></span> <span class='ocrx_word' id='word_1_909' title='bbox 2795 5595 2873 5664; x_wconf 82' lang='grc' dir='ltr'><strong>τῷ</strong></span> <span class='ocrx_word' id='word_1_910' title='bbox 2903 5591 3101 5660; x_wconf 85' lang='grc' dir='ltr'><strong>καρπῷ</strong></span> <span class='ocrx_word' id='word_1_911' title='bbox 3133 5585 3312 5651; x_wconf 86' lang='grc' dir='ltr'><strong>πολλῴ</strong></span> <span class='ocrx_word' id='word_1_912' title='bbox 3338 5587 3476 5640; x_wconf 87' lang='grc' dir='ltr'><strong>καλ-</strong></span> 
     </span>
    </p>
   </div>
   <div class='ocr_carea' id='block_1_114' title="bbox 1901 5676 3481 5766">
    <p class='ocr_par' dir='ltr' id='par_1_114' title="bbox 1901 5676 3481 5766">
     <span class='ocr_line' id='line_1_114' title="bbox 1901 5676 3481 5766; baseline -0.009 -17"><span class='ocrx_word' id='word_1_913' title='bbox 1901 5696 2162 5760; x_wconf 87' lang='grc' dir='ltr'><strong>λυνεῖται,</strong></span> <span class='ocrx_word' id='word_1_914' title='bbox 2194 5694 2291 5748; x_wconf 80' lang='grc' dir='ltr'><strong>καὶ</strong></span> <span class='ocrx_word' id='word_1_915' title='bbox 2315 5693 2390 5759; x_wconf 82' lang='grc' dir='ltr'><strong>ὡς</strong></span> <span class='ocrx_word' id='word_1_916' title='bbox 2432 5695 2466 5766; x_wconf 75' lang='grc' dir='ltr'><strong>ἡ</strong></span> <span class='ocrx_word' id='word_1_917' title='bbox 2515 5691 2719 5763; x_wconf 81' lang='grc' dir='ltr'><strong>Ξέρξου</strong></span> <span class='ocrx_word' id='word_1_918' title='bbox 2773 5685 3046 5742; x_wconf 82' lang='grc' dir='ltr'><strong>πλάτανος</strong></span> <span class='ocrx_word' id='word_1_919' title='bbox 3093 5676 3363 5746; x_wconf 77' lang='grc' dir='ltr'><strong>πρότερον</strong></span> <span class='ocrx_word' id='word_1_920' title='bbox 3397 5681 3481 5740; x_wconf 82' lang='grc' dir='ltr'><strong>είς</strong></span> 
     </span>
    </p>
   </div>
   <div class='ocr_carea' id='block_1_115' title="bbox 1901 5769 3476 5859">
    <p class='ocr_par' dir='ltr' id='par_1_115' title="bbox 1901 5769 3476 5859">
     <span class='ocr_line' id='line_1_115' title="bbox 1901 5769 3476 5859; baseline -0.01 -17"><span class='ocrx_word' id='word_1_921' title='bbox 1901 5787 2081 5858; x_wconf 80' lang='grc' dir='ltr'><strong>εὐφυῆ</strong></span> <span class='ocrx_word' id='word_1_922' title='bbox 2111 5787 2399 5859; x_wconf 78' lang='grc' dir='ltr'><strong>νυμφικῶς</strong></span> <span class='ocrx_word' id='word_1_923' title='bbox 2447 5786 2648 5856; x_wconf 81' lang='grc' dir='ltr'><strong>ἑαυτὴν</strong></span> <span class='ocrx_word' id='word_1_924' title='bbox 2677 5770 2985 5843; x_wconf 82' lang='grc' dir='ltr'><strong>ἀναδρομὴν</strong></span> <span class='ocrx_word' id='word_1_925' title='bbox 3013 5769 3349 5836; x_wconf 73' lang='grc' dir='ltr'><strong>σκευάσασα,</strong></span> <span class='ocrx_word' id='word_1_926' title='bbox 3380 5776 3476 5826; x_wconf 72' lang='grc' dir='ltr'><strong>καὶ</strong></span> 
     </span>
    </p>
   </div>
  </div>
