  <div class='ocr_page' id='page_1' title='image "/cluster/home/n/w/nwhite01/storage/ocr_20150623/136/mdp.39015038093210/663.png"; bbox 0 0 4004 6252; ppageno 0'>
   <div class='ocr_carea' id='block_1_1' title="bbox 455 315 593 383">
    <p class='ocr_par' dir='ltr' id='par_1_1' title="bbox 455 315 593 383">
     <span class='ocr_line' id='line_1_1' title="bbox 455 315 593 383; baseline -0.014 0"><span class='ocrx_word' id='word_1_1' title='bbox 455 315 593 383; x_wconf 79' lang='grc'>1311</span> 
     </span>
    </p>
   </div>
   <div class='ocr_carea' id='block_1_2' title="bbox 1880 309 2242 374">
    <p class='ocr_par' dir='ltr' id='par_1_2' title="bbox 1880 309 2242 374">
     <span class='ocr_line' id='line_1_2' title="bbox 1880 309 2242 374; baseline -0.017 0"><span class='ocrx_word' id='word_1_2' title='bbox 1880 309 2138 374; x_wconf 83' lang='lat' dir='ltr'><strong>ADDEN</strong></span> <span class='ocrx_word' id='word_1_3' title='bbox 2153 310 2242 372; x_wconf 80' lang='lat' dir='ltr'>DA</span> 
     </span>
    </p>
   </div>
   <div class='ocr_carea' id='block_1_3' title="bbox 3580 308 3712 377">
    <p class='ocr_par' dir='ltr' id='par_1_3' title="bbox 3580 308 3712 377">
     <span class='ocr_line' id='line_1_3' title="bbox 3580 308 3712 377; baseline 0.03 -4"><span class='ocrx_word' id='word_1_4' title='bbox 3580 308 3712 377; x_wconf 74' lang='lat'>1312</span> 
     </span>
    </p>
   </div>
   <div class='ocr_carea' id='block_1_4' title="bbox 455 423 3714 502">
    <p class='ocr_par' dir='ltr' id='par_1_4' title="bbox 455 423 3714 502">
     <span class='ocr_line' id='line_1_4' title="bbox 455 423 3714 502; baseline -0.001 -20"><span class='ocrx_word' id='word_1_5' title='bbox 455 435 534 493; x_wconf 86' lang='grc' dir='ltr'>είς</span> <span class='ocrx_word' id='word_1_6' title='bbox 564 431 784 499; x_wconf 79' lang='grc' dir='ltr'>εὐγενὲς</span> <span class='ocrx_word' id='word_1_7' title='bbox 816 431 1094 496; x_wconf 75' lang='grc' dir='ltr'>εὐσταλῶς</span> <span class='ocrx_word' id='word_1_8' title='bbox 1137 431 1368 502; x_wconf 88' lang='grc' dir='ltr'>μέγεθος</span> <span class='ocrx_word' id='word_1_9' title='bbox 1414 431 1758 502; x_wconf 82' lang='grc' dir='ltr'>διαστήσασα</span> <span class='ocrx_word' id='word_1_10' title='bbox 1779 446 1795 463; x_wconf 81' lang='grc'><em>’</em></span> <span class='ocrx_word' id='word_1_11' title='bbox 1826 425 1947 500; x_wconf 77' lang='grc' dir='ltr'>εἶτα</span> <span class='ocrx_word' id='word_1_12' title='bbox 1974 427 2032 481; x_wconf 84' lang='grc' dir='ltr'>δέ</span> <span class='ocrx_word' id='word_1_13' title='bbox 2061 423 2109 486; x_wconf 77' lang='grc' dir='ltr'>Α</span> <span class='ocrx_word' id='word_1_14' title='bbox 2135 425 2246 478; x_wconf 85' lang='grc' dir='ltr'>τῶν</span> <span class='ocrx_word' id='word_1_15' title='bbox 2277 423 2572 496; x_wconf 79' lang='grc' dir='ltr'>χαρτιδίων</span> <span class='ocrx_word' id='word_1_16' title='bbox 2605 425 2873 496; x_wconf 80' lang='grc' dir='ltr'>φήσομεν,</span> <span class='ocrx_word' id='word_1_17' title='bbox 2921 423 2970 478; x_wconf 85' lang='grc' dir='ltr'>εῖ</span> <span class='ocrx_word' id='word_1_18' title='bbox 3021 425 3150 498; x_wconf 70' lang='grc' dir='ltr'>περὶ</span> <span class='ocrx_word' id='word_1_19' title='bbox 3183 424 3356 481; x_wconf 88' lang='grc' dir='ltr'>ταῦτα</span> <span class='ocrx_word' id='word_1_20' title='bbox 3409 425 3505 479; x_wconf 73' lang='grc' dir='ltr'>καὶ</span> <span class='ocrx_word' id='word_1_21' title='bbox 3535 424 3615 494; x_wconf 84' lang='grc' dir='ltr'>τῷ</span> <span class='ocrx_word' id='word_1_22' title='bbox 3637 428 3714 478; x_wconf 71' lang='grc' dir='ltr'>τι·</span> 
     </span>
    </p>
   </div>
   <div class='ocr_carea' id='block_1_5' title="bbox 457 519 2041 594">
    <p class='ocr_par' dir='ltr' id='par_1_5' title="bbox 457 519 2041 594">
     <span class='ocr_line' id='line_1_5' title="bbox 457 519 2041 594; baseline -0.001 -21"><span class='ocrx_word' id='word_1_23' title='bbox 457 522 551 573; x_wconf 77' lang='grc' dir='ltr'>καὶ</span> <span class='ocrx_word' id='word_1_24' title='bbox 576 522 766 592; x_wconf 84' lang='grc' dir='ltr'>κόσμῳ</span> <span class='ocrx_word' id='word_1_25' title='bbox 798 519 912 576; x_wconf 81' lang='grc' dir='ltr'>οῖον</span> <span class='ocrx_word' id='word_1_26' title='bbox 941 522 1156 594; x_wconf 80' lang='grc' dir='ltr'>χρυσέῳ</span> <span class='ocrx_word' id='word_1_27' title='bbox 1179 521 1258 592; x_wconf 83' lang='grc' dir='ltr'>τῷ</span> <span class='ocrx_word' id='word_1_28' title='bbox 1285 521 1530 592; x_wconf 83' lang='grc' dir='ltr'>λαμπρῷ</span> <span class='ocrx_word' id='word_1_29' title='bbox 1555 521 1652 575; x_wconf 88' lang='grc' dir='ltr'>τοῦ</span> <span class='ocrx_word' id='word_1_30' title='bbox 1681 519 1893 590; x_wconf 89' lang='grc' dir='ltr'>καρποῦ</span> <span class='ocrx_word' id='word_1_31' title='bbox 1921 537 2041 573; x_wconf 85' lang='grc' dir='ltr'>στο-</span> 
     </span>
    </p>
   </div>
   <div class='ocr_carea' id='block_1_6' title="bbox 456 613 2040 684">
    <p class='ocr_par' dir='ltr' id='par_1_6' title="bbox 456 613 2040 684">
     <span class='ocr_line' id='line_1_6' title="bbox 456 613 2040 684; baseline 0 -18"><span class='ocrx_word' id='word_1_32' title='bbox 456 613 916 683; x_wconf 81' lang='grc' dir='ltr'>λισθήσεταιοὼς</span> <span class='ocrx_word' id='word_1_33' title='bbox 969 614 1065 670; x_wconf 86' lang='grc' dir='ltr'>νῦν</span> <span class='ocrx_word' id='word_1_34' title='bbox 1098 632 1162 684; x_wconf 89' lang='grc' dir='ltr'>γε</span> <span class='ocrx_word' id='word_1_35' title='bbox 1217 617 1318 670; x_wconf 82' lang='grc' dir='ltr'>οὐκ</span> <span class='ocrx_word' id='word_1_36' title='bbox 1376 617 1599 684; x_wconf 84' lang='grc' dir='ltr'>ἐξαρκεῖ</span> <span class='ocrx_word' id='word_1_37' title='bbox 1647 617 1708 669; x_wconf 83' lang='grc' dir='ltr'>τὸ</span> <span class='ocrx_word' id='word_1_38' title='bbox 1760 614 2040 682; x_wconf 81' lang='grc' dir='ltr'>νεοτήσιον</span> 
     </span>
    </p>
   </div>
   <div class='ocr_carea' id='block_1_7' title="bbox 455 703 2036 777">
    <p class='ocr_par' dir='ltr' id='par_1_7' title="bbox 455 703 2036 777">
     <span class='ocr_line' id='line_1_7' title="bbox 455 703 2036 777; baseline 0.001 -22"><span class='ocrx_word' id='word_1_39' title='bbox 455 703 616 756; x_wconf 90' lang='grc' dir='ltr'>τοῦτο</span> <span class='ocrx_word' id='word_1_40' title='bbox 649 704 745 756; x_wconf 89' lang='grc' dir='ltr'>τοῦ</span> <span class='ocrx_word' id='word_1_41' title='bbox 791 703 1010 774; x_wconf 83' lang='grc' dir='ltr'>δένδρου</span> <span class='ocrx_word' id='word_1_42' title='bbox 1043 704 1241 769; x_wconf 87' lang='grc' dir='ltr'>κάλλος</span> <span class='ocrx_word' id='word_1_43' title='bbox 1289 706 1609 777; x_wconf 82' lang='grc' dir='ltr'>μερίζεσθαι</span> <span class='ocrx_word' id='word_1_44' title='bbox 1657 705 1794 776; x_wconf 77' lang='grc' dir='ltr'>πρὸς</span> <span class='ocrx_word' id='word_1_45' title='bbox 1845 705 2036 773; x_wconf 76' lang='grc' dir='ltr'>πολλὰ,</span> 
     </span>
    </p>
   </div>
   <div class='ocr_carea' id='block_1_8' title="bbox 462 795 2042 868">
    <p class='ocr_par' dir='ltr' id='par_1_8' title="bbox 462 795 2042 868">
     <span class='ocr_line' id='line_1_8' title="bbox 462 795 2042 868; baseline 0.003 -21"><span class='ocrx_word' id='word_1_46' title='bbox 462 795 572 848; x_wconf 80' lang='grc' dir='ltr'>οὐδ’</span> <span class='ocrx_word' id='word_1_47' title='bbox 599 796 891 866; x_wconf 84' lang='grc' dir='ltr'>αὐτάρκως</span> <span class='ocrx_word' id='word_1_48' title='bbox 919 797 1030 868; x_wconf 73' lang='grc' dir='ltr'>ἔχει</span> <span class='ocrx_word' id='word_1_49' title='bbox 1061 797 1274 865; x_wconf 90' lang='grc' dir='ltr'>φύσεως</span> <span class='ocrx_word' id='word_1_50' title='bbox 1302 800 1438 868; x_wconf 85' lang='grc' dir='ltr'>πρός</span> <span class='ocrx_word' id='word_1_51' title='bbox 1467 815 1528 852; x_wconf 91' lang='grc' dir='ltr'>τε</span> <span class='ocrx_word' id='word_1_52' title='bbox 1557 798 1872 862; x_wconf 81' lang='grc' dir='ltr'>διαστάσεις</span> <span class='ocrx_word' id='word_1_53' title='bbox 1897 798 2042 864; x_wconf 78' lang='grc' dir='ltr'>ἀξιο-</span> 
     </span>
    </p>
   </div>
   <div class='ocr_carea' id='block_1_9' title="bbox 460 887 2045 962">
    <p class='ocr_par' dir='ltr' id='par_1_9' title="bbox 460 887 2045 962">
     <span class='ocr_line' id='line_1_9' title="bbox 460 887 2045 962; baseline 0.003 -25"><span class='ocrx_word' id='word_1_54' title='bbox 460 887 654 953; x_wconf 84' lang='grc' dir='ltr'>λόγους</span> <span class='ocrx_word' id='word_1_55' title='bbox 686 889 1176 958; x_wconf 80' lang='grc' dir='ltr'>καταμερίζεσθαι,</span> <span class='ocrx_word' id='word_1_56' title='bbox 1208 891 1302 945; x_wconf 77' lang='grc' dir='ltr'>καὶ</span> <span class='ocrx_word' id='word_1_57' title='bbox 1331 891 1408 962; x_wconf 84' lang='grc' dir='ltr'>τῷ</span> <span class='ocrx_word' id='word_1_58' title='bbox 1433 890 1631 962; x_wconf 83' lang='grc' dir='ltr'>καρπῷ</span> <span class='ocrx_word' id='word_1_59' title='bbox 1663 890 1842 959; x_wconf 83' lang='grc' dir='ltr'>πολλῷ</span> <span class='ocrx_word' id='word_1_60' title='bbox 1877 907 2045 943; x_wconf 81' lang='grc' dir='ltr'>κατα·-</span> 
     </span>
    </p>
   </div>
   <div class='ocr_carea' id='block_1_10' title="bbox 461 975 2043 1052">
    <p class='ocr_par' dir='ltr' id='par_1_10' title="bbox 461 975 2043 1052">
     <span class='ocr_line' id='line_1_10' title="bbox 461 975 2043 1052; baseline 0.005 -27"><span class='ocrx_word' id='word_1_61' title='bbox 461 975 765 1045; x_wconf 78' lang='grc' dir='ltr'>6ρὲθεσθαι.</span> <span class='ocrx_word' id='word_1_62' title='bbox 804 981 913 1034; x_wconf 83' lang='lat' dir='ltr'>Kal</span> <span class='ocrx_word' id='word_1_63' title='bbox 947 981 982 1052; x_wconf 80' lang='grc' dir='ltr'>ἡ</span> <span class='ocrx_word' id='word_1_64' title='bbox 1023 983 1168 1033; x_wconf 88' lang='grc' dir='ltr'>αίτία</span> <span class='ocrx_word' id='word_1_65' title='bbox 1203 981 1354 1050; x_wconf 87' lang='grc' dir='ltr'>παρά</span> <span class='ocrx_word' id='word_1_66' title='bbox 1404 982 1497 1034; x_wconf 86' lang='grc' dir='ltr'>τὸν</span> <span class='ocrx_word' id='word_1_67' title='bbox 1553 984 1768 1050; x_wconf 81' lang='grc' dir='ltr'>χρόνον.</span> <span class='ocrx_word' id='word_1_68' title='bbox 1807 979 1882 1033; x_wconf 84' lang='grc' dir='ltr'>υύ</span> <span class='ocrx_word' id='word_1_69' title='bbox 1931 981 2043 1048; x_wconf 79' lang='grc' dir='ltr'>γὰρ</span> 
     </span>
    </p>
   </div>
   <div class='ocr_carea' id='block_1_11' title="bbox 461 1067 2045 1143">
    <p class='ocr_par' dir='ltr' id='par_1_11' title="bbox 461 1067 2045 1143">
     <span class='ocr_line' id='line_1_11' title="bbox 461 1067 2045 1143; baseline 0.004 -24"><span class='ocrx_word' id='word_1_70' title='bbox 461 1067 616 1137; x_wconf 81' lang='grc' dir='ltr'>ἡλίου</span> <span class='ocrx_word' id='word_1_71' title='bbox 667 1071 894 1135; x_wconf 88' lang='grc' dir='ltr'>πολλαῖς</span> <span class='ocrx_word' id='word_1_72' title='bbox 941 1073 1454 1128; x_wconf 68' lang='grc' dir='ltr'>ἀποκαταστάσεσιν</span> <span class='ocrx_word' id='word_1_73' title='bbox 1487 1075 1522 1143; x_wconf 78' lang='grc' dir='ltr'>ἠ</span> <span class='ocrx_word' id='word_1_74' title='bbox 1578 1074 1774 1128; x_wconf 85' lang='grc' dir='ltr'>τούτου</span> <span class='ocrx_word' id='word_1_75' title='bbox 1827 1075 2045 1142; x_wconf 87' lang='grc' dir='ltr'>γένεσις</span> 
     </span>
    </p>
   </div>
   <div class='ocr_carea' id='block_1_12' title="bbox 465 1162 2047 1236">
    <p class='ocr_par' dir='ltr' id='par_1_12' title="bbox 465 1162 2047 1236">
     <span class='ocr_line' id='line_1_12' title="bbox 465 1162 2047 1236; baseline 0.003 -22"><span class='ocrx_word' id='word_1_76' title='bbox 465 1162 952 1234; x_wconf 77' lang='grc' dir='ltr'>συμμεμέτρηται,</span> <span class='ocrx_word' id='word_1_77' title='bbox 983 1165 1120 1219; x_wconf 89' lang='grc' dir='ltr'>ἀλλά</span> <span class='ocrx_word' id='word_1_78' title='bbox 1145 1165 1401 1235; x_wconf 87' lang='grc' dir='ltr'>πέμπτον</span> <span class='ocrx_word' id='word_1_79' title='bbox 1425 1167 1458 1236; x_wconf 80' lang='grc' dir='ltr'><strong>ἢ</strong></span> <span class='ocrx_word' id='word_1_80' title='bbox 1491 1167 1651 1221; x_wconf 76' lang='grc' dir='ltr'>ἕκτον</span> <span class='ocrx_word' id='word_1_81' title='bbox 1679 1167 1800 1230; x_wconf 78' lang='grc' dir='ltr'>ἔτος</span> <span class='ocrx_word' id='word_1_82' title='bbox 1826 1167 1889 1219; x_wconf 82' lang='grc' dir='ltr'>τὸ</span> <span class='ocrx_word' id='word_1_83' title='bbox 1923 1166 2047 1220; x_wconf 89' lang='grc' dir='ltr'>τού-</span> 
     </span>
    </p>
   </div>
   <div class='ocr_carea' id='block_1_13' title="bbox 465 1255 2038 1332">
    <p class='ocr_par' dir='ltr' id='par_1_13' title="bbox 465 1255 2038 1332">
     <span class='ocr_line' id='line_1_13' title="bbox 465 1255 2038 1332; baseline 0.006 -27"><span class='ocrx_word' id='word_1_84' title='bbox 465 1270 562 1308; x_wconf 82' lang='grc' dir='ltr'>του</span> <span class='ocrx_word' id='word_1_85' title='bbox 594 1255 754 1319; x_wconf 80' lang='grc' dir='ltr'>θάλος</span> <span class='ocrx_word' id='word_1_86' title='bbox 791 1259 1001 1327; x_wconf 89' lang='grc' dir='ltr'>μετρεῖ.</span> <span class='ocrx_word' id='word_1_87' title='bbox 1037 1259 1225 1327; x_wconf 84' lang='grc' dir='ltr'>Ἔχεις</span> <span class='ocrx_word' id='word_1_88' title='bbox 1271 1255 1386 1326; x_wconf 82' lang='grc' dir='ltr'>οὖν,</span> <span class='ocrx_word' id='word_1_89' title='bbox 1418 1263 1721 1332; x_wconf 83' lang='grc' dir='ltr'>τιμιωτάτη</span> <span class='ocrx_word' id='word_1_90' title='bbox 1753 1261 1900 1332; x_wconf 81' lang='grc' dir='ltr'>ψυχὴ</span> <span class='ocrx_word' id='word_1_91' title='bbox 1947 1261 2038 1314; x_wconf 80' lang='grc' dir='ltr'>καὶ</span> 
     </span>
    </p>
   </div>
   <div class='ocr_carea' id='block_1_14' title="bbox 467 1345 2045 1423">
    <p class='ocr_par' dir='ltr' id='par_1_14' title="bbox 467 1345 2045 1423">
     <span class='ocr_line' id='line_1_14' title="bbox 467 1345 2045 1423; baseline 0.004 -25"><span class='ocrx_word' id='word_1_92' title='bbox 467 1345 561 1400; x_wconf 88' lang='grc' dir='ltr'>τοῦ</span> <span class='ocrx_word' id='word_1_93' title='bbox 612 1348 814 1412; x_wconf 79' lang='grc' dir='ltr'>παντὸς</span> <span class='ocrx_word' id='word_1_94' title='bbox 857 1350 982 1416; x_wconf 83' lang='grc' dir='ltr'>ἀξία</span> <span class='ocrx_word' id='word_1_95' title='bbox 1032 1367 1123 1416; x_wconf 89' lang='grc' dir='ltr'>μοι</span> <span class='ocrx_word' id='word_1_96' title='bbox 1173 1351 1412 1422; x_wconf 76' lang='grc' dir='ltr'>κεφαλὴ,</span> <span class='ocrx_word' id='word_1_97' title='bbox 1444 1353 1507 1405; x_wconf 81' lang='grc' dir='ltr'>τὸ</span> <span class='ocrx_word' id='word_1_98' title='bbox 1555 1351 1614 1406; x_wconf 79' lang='grc' dir='ltr'>ἓν</span> <span class='ocrx_word' id='word_1_99' title='bbox 1657 1353 1752 1406; x_wconf 70' lang='grc' dir='ltr'>καὶ</span> <span class='ocrx_word' id='word_1_100' title='bbox 1783 1354 1893 1406; x_wconf 87' lang='grc' dir='ltr'>πᾶν</span> <span class='ocrx_word' id='word_1_101' title='bbox 1945 1353 2045 1423; x_wconf 77' lang='grc' dir='ltr'>τῆς</span> 
     </span>
    </p>
   </div>
   <div class='ocr_carea' id='block_1_15' title="bbox 467 1439 2044 1516">
    <p class='ocr_par' dir='ltr' id='par_1_15' title="bbox 467 1439 2044 1516">
     <span class='ocr_line' id='line_1_15' title="bbox 467 1439 2044 1516; baseline 0.006 -26"><span class='ocrx_word' id='word_1_102' title='bbox 467 1439 609 1508; x_wconf 83' lang='grc' dir='ltr'>ἐμῆς</span> <span class='ocrx_word' id='word_1_103' title='bbox 642 1440 909 1510; x_wconf 75' lang='grc' dir='ltr'>κηπαίας,</span> <span class='ocrx_word' id='word_1_104' title='bbox 944 1441 1039 1494; x_wconf 78' lang='grc' dir='ltr'>τὸν</span> <span class='ocrx_word' id='word_1_105' title='bbox 1081 1443 1362 1514; x_wconf 83' lang='grc' dir='ltr'>ἐγγυητήν</span> <span class='ocrx_word' id='word_1_106' title='bbox 1413 1462 1506 1514; x_wconf 88' lang='grc' dir='ltr'>μοι</span> <span class='ocrx_word' id='word_1_107' title='bbox 1537 1445 1639 1514; x_wconf 77' lang='grc' dir='ltr'>τῆς</span> <span class='ocrx_word' id='word_1_108' title='bbox 1671 1445 1950 1516; x_wconf 81' lang='grc' dir='ltr'>εὐφορίας,</span> <span class='ocrx_word' id='word_1_109' title='bbox 1984 1445 2044 1500; x_wconf 72' lang='grc' dir='ltr'>τὸ</span> 
     </span>
    </p>
   </div>
   <div class='ocr_carea' id='block_1_16' title="bbox 467 1531 2046 1608">
    <p class='ocr_par' dir='ltr' id='par_1_16' title="bbox 467 1531 2046 1608">
     <span class='ocr_line' id='line_1_16' title="bbox 467 1531 2046 1608; baseline 0.006 -26"><span class='ocrx_word' id='word_1_110' title='bbox 467 1531 636 1584; x_wconf 90' lang='grc' dir='ltr'>καλόν</span> <span class='ocrx_word' id='word_1_111' title='bbox 691 1549 785 1603; x_wconf 91' lang='grc' dir='ltr'>μοι</span> <span class='ocrx_word' id='word_1_112' title='bbox 829 1534 888 1586; x_wconf 85' lang='grc' dir='ltr'>ἐν</span> <span class='ocrx_word' id='word_1_113' title='bbox 931 1533 1106 1588; x_wconf 85' lang='grc' dir='ltr'>ἐλπίδι</span> <span class='ocrx_word' id='word_1_114' title='bbox 1160 1535 1538 1608; x_wconf 77' lang='grc' dir='ltr'>πληροφορίας</span> <span class='ocrx_word' id='word_1_115' title='bbox 1583 1537 1910 1608; x_wconf 85' lang='grc' dir='ltr'>ἀρχέτυπον,</span> <span class='ocrx_word' id='word_1_116' title='bbox 1951 1538 2046 1592; x_wconf 84' lang='grc' dir='ltr'>τὸν</span> 
     </span>
    </p>
   </div>
   <div class='ocr_carea' id='block_1_17' title="bbox 465 1624 2046 1700">
    <p class='ocr_par' dir='ltr' id='par_1_17' title="bbox 465 1624 2046 1700">
     <span class='ocr_line' id='line_1_17' title="bbox 465 1624 2046 1700; baseline 0.005 -24"><span class='ocrx_word' id='word_1_117' title='bbox 465 1624 569 1693; x_wconf 85' lang='grc' dir='ltr'>τῆς</span> <span class='ocrx_word' id='word_1_118' title='bbox 598 1624 846 1689; x_wconf 86' lang='grc' dir='ltr'>είσαῦθις</span> <span class='ocrx_word' id='word_1_119' title='bbox 888 1629 1274 1699; x_wconf 85' lang='grc' dir='ltr'>καρποφορίας</span> <span class='ocrx_word' id='word_1_120' title='bbox 1309 1646 1400 1697; x_wconf 90' lang='grc' dir='ltr'>μοι</span> <span class='ocrx_word' id='word_1_121' title='bbox 1439 1629 1772 1700; x_wconf 82' lang='grc' dir='ltr'>πρόδρομον.</span> <span class='ocrx_word' id='word_1_122' title='bbox 1804 1630 2046 1697; x_wconf 81' lang='grc' dir='ltr'>Φύλαξον</span> 
     </span>
    </p>
   </div>
   <div class='ocr_carea' id='block_1_18' title="bbox 465 1716 2045 1795">
    <p class='ocr_par' dir='ltr' id='par_1_18' title="bbox 465 1716 2045 1795">
     <span class='ocr_line' id='line_1_18' title="bbox 465 1716 2045 1795; baseline 0.006 -25"><span class='ocrx_word' id='word_1_123' title='bbox 465 1716 562 1770; x_wconf 77' lang='grc' dir='ltr'>οῦν</span> <span class='ocrx_word' id='word_1_124' title='bbox 585 1718 749 1772; x_wconf 80' lang='grc' dir='ltr'>αὐτὸν</span> <span class='ocrx_word' id='word_1_125' title='bbox 783 1719 1069 1784; x_wconf 79' lang='grc' dir='ltr'>ἀπόθετον,</span> <span class='ocrx_word' id='word_1_126' title='bbox 1102 1722 1200 1776; x_wconf 78' lang='grc' dir='ltr'>καὶ</span> <span class='ocrx_word' id='word_1_127' title='bbox 1236 1719 1312 1786; x_wconf 85' lang='grc' dir='ltr'>ὡς</span> <span class='ocrx_word' id='word_1_128' title='bbox 1345 1721 1520 1794; x_wconf 79' lang='grc' dir='ltr'>ἀρχὴν</span> <span class='ocrx_word' id='word_1_129' title='bbox 1556 1722 1811 1795; x_wconf 85' lang='grc' dir='ltr'>περίεπε,</span> <span class='ocrx_word' id='word_1_130' title='bbox 1842 1724 1941 1778; x_wconf 78' lang='grc' dir='ltr'>καὶ</span> <span class='ocrx_word' id='word_1_131' title='bbox 1968 1724 2045 1788; x_wconf 88' lang='grc' dir='ltr'>ώς</span> 
     </span>
    </p>
   </div>
   <div class='ocr_carea' id='block_1_19' title="bbox 466 1778 2120 1888">
    <p class='ocr_par' dir='ltr' id='par_1_19' title="bbox 466 1778 2120 1888">
     <span class='ocr_line' id='line_1_19' title="bbox 466 1778 2120 1888; baseline 0.008 -28"><span class='ocrx_word' id='word_1_132' title='bbox 466 1809 755 1880; x_wconf 79' lang='grc' dir='ltr'>κειμήλιον</span> <span class='ocrx_word' id='word_1_133' title='bbox 781 1809 992 1882; x_wconf 87' lang='grc' dir='ltr'>σύνεχε,</span> <span class='ocrx_word' id='word_1_134' title='bbox 1026 1778 1122 1866; x_wconf 78' lang='grc' dir='ltr'>καὶ</span> <span class='ocrx_word' id='word_1_135' title='bbox 1144 1814 1222 1876; x_wconf 86' lang='grc' dir='ltr'>ώς</span> <span class='ocrx_word' id='word_1_136' title='bbox 1251 1778 1530 1885; x_wconf 59' lang='grc' dir='ltr'>ἐγγυητήν</span> <span class='ocrx_word' id='word_1_137' title='bbox 1553 1778 1872 1885; x_wconf 73' lang='grc' dir='ltr'>περίστελλε</span> <span class='ocrx_word' id='word_1_138' title='bbox 1895 1832 1911 1848; x_wconf 88' lang='grc'><strong>·</strong></span> <span class='ocrx_word' id='word_1_139' title='bbox 1939 1778 2042 1888; x_wconf 60' lang='grc' dir='ltr'>ηδτ]</span> <span class='ocrx_word' id='word_1_140' title='bbox 2076 1778 2120 1834; x_wconf 70' lang='grc' dir='ltr'><strong>Β</strong></span> 
     </span>
    </p>
   </div>
   <div class='ocr_carea' id='block_1_20' title="bbox 467 1899 2044 1979">
    <p class='ocr_par' dir='ltr' id='par_1_20' title="bbox 467 1899 2044 1979">
     <span class='ocr_line' id='line_1_20' title="bbox 467 1899 2044 1979; baseline 0.007 -28"><span class='ocrx_word' id='word_1_141' title='bbox 467 1899 524 1952; x_wconf 79' lang='grc' dir='ltr'>δέ</span> <span class='ocrx_word' id='word_1_142' title='bbox 550 1899 647 1954; x_wconf 76' lang='grc' dir='ltr'>καὶ</span> <span class='ocrx_word' id='word_1_143' title='bbox 683 1901 757 1964; x_wconf 83' lang='grc' dir='ltr'>ὡς</span> <span class='ocrx_word' id='word_1_144' title='bbox 794 1900 1018 1973; x_wconf 78' lang='grc' dir='ltr'>ἔλεγχον</span> <span class='ocrx_word' id='word_1_145' title='bbox 1063 1902 1403 1975; x_wconf 77' lang='grc' dir='ltr'>σύγκρυπτε.</span> <span class='ocrx_word' id='word_1_146' title='bbox 1431 1906 1540 1960; x_wconf 91' lang='grc' dir='ltr'>Καί</span> <span class='ocrx_word' id='word_1_147' title='bbox 1583 1924 1677 1976; x_wconf 88' lang='grc' dir='ltr'>μοι</span> <span class='ocrx_word' id='word_1_148' title='bbox 1712 1908 1850 1979; x_wconf 80' lang='grc' dir='ltr'>πρὸς</span> <span class='ocrx_word' id='word_1_149' title='bbox 1881 1908 2044 1962; x_wconf 73' lang='grc' dir='ltr'>αὐτὸν</span> 
     </span>
    </p>
   </div>
   <div class='ocr_carea' id='block_1_21' title="bbox 468 1994 2047 2073">
    <p class='ocr_par' dir='ltr' id='par_1_21' title="bbox 468 1994 2047 2073">
     <span class='ocr_line' id='line_1_21' title="bbox 468 1994 2047 2073; baseline 0.006 -27"><span class='ocrx_word' id='word_1_150' title='bbox 468 1994 526 2046; x_wconf 88' lang='grc' dir='ltr'>ἐν</span> <span class='ocrx_word' id='word_1_151' title='bbox 557 1994 737 2067; x_wconf 80' lang='grc' dir='ltr'>καιρῷ</span> <span class='ocrx_word' id='word_1_152' title='bbox 789 1996 1090 2068; x_wconf 79' lang='grc' dir='ltr'>συγκρίνας</span> <span class='ocrx_word' id='word_1_153' title='bbox 1131 1999 1188 2052; x_wconf 81' lang='grc' dir='ltr'>τὸ</span> <span class='ocrx_word' id='word_1_154' title='bbox 1227 1999 1487 2066; x_wconf 74' lang='grc' dir='ltr'>ἐσόμενον</span> <span class='ocrx_word' id='word_1_155' title='bbox 1534 1999 1630 2055; x_wconf 89' lang='grc' dir='ltr'>τοῦ</span> <span class='ocrx_word' id='word_1_156' title='bbox 1661 2000 1899 2073; x_wconf 82' lang='grc' dir='ltr'>καρποῦ,</span> <span class='ocrx_word' id='word_1_157' title='bbox 1950 2002 2047 2056; x_wconf 73' lang='grc' dir='ltr'>καὶ</span> 
     </span>
    </p>
   </div>
   <div class='ocr_carea' id='block_1_22' title="bbox 471 2085 2042 2168">
    <p class='ocr_par' dir='ltr' id='par_1_22' title="bbox 471 2085 2042 2168">
     <span class='ocr_line' id='line_1_22' title="bbox 471 2085 2042 2168; baseline 0.008 -31"><span class='ocrx_word' id='word_1_158' title='bbox 471 2085 683 2155; x_wconf 84' lang='grc' dir='ltr'>μαθὼν,</span> <span class='ocrx_word' id='word_1_159' title='bbox 712 2087 762 2140; x_wconf 79' lang='grc' dir='ltr'>εί</span> <span class='ocrx_word' id='word_1_160' title='bbox 799 2087 1096 2160; x_wconf 77' lang='grc' dir='ltr'>ψεύσομαι,</span> <span class='ocrx_word' id='word_1_161' title='bbox 1131 2090 1434 2160; x_wconf 79' lang='grc' dir='ltr'>άπέλεγξόν</span> <span class='ocrx_word' id='word_1_162' title='bbox 1475 2109 1535 2146; x_wconf 89' lang='grc' dir='ltr'>τε</span> <span class='ocrx_word' id='word_1_163' title='bbox 1569 2094 1663 2148; x_wconf 70' lang='grc' dir='ltr'>καὶ</span> <span class='ocrx_word' id='word_1_164' title='bbox 1693 2095 2042 2168; x_wconf 89' lang='grc' dir='ltr'>ἐπιτίμησον.</span> 
     </span>
    </p>
   </div>
   <div class='ocr_carea' id='block_1_23' title="bbox 470 2174 2048 2262">
    <p class='ocr_par' dir='ltr' id='par_1_23' title="bbox 470 2174 2048 2262">
     <span class='ocr_line' id='line_1_23' title="bbox 470 2174 2048 2262; baseline 0.01 -34"><span class='ocrx_word' id='word_1_165' title='bbox 470 2174 536 2229; x_wconf 72' lang='lat' dir='ltr'>Et</span> <span class='ocrx_word' id='word_1_166' title='bbox 564 2177 623 2230; x_wconf 81' lang='grc' dir='ltr'>δέ</span> <span class='ocrx_word' id='word_1_167' title='bbox 654 2179 746 2231; x_wconf 76' lang='grc' dir='ltr'>καὶ</span> <span class='ocrx_word' id='word_1_168' title='bbox 781 2181 1107 2248; x_wconf 88' lang='grc' dir='ltr'>μεταλαϐεῖν</span> <span class='ocrx_word' id='word_1_169' title='bbox 1147 2183 1313 2240; x_wconf 85' lang='grc' dir='ltr'>αὑτοῦ</span> <span class='ocrx_word' id='word_1_170' title='bbox 1357 2187 1568 2258; x_wconf 85' lang='grc' dir='ltr'>βούλοιο</span> <span class='ocrx_word' id='word_1_171' title='bbox 1603 2187 1742 2260; x_wconf 74' lang='grc' dir='ltr'>(οἶδα</span> <span class='ocrx_word' id='word_1_172' title='bbox 1771 2189 1901 2262; x_wconf 89' lang='grc' dir='ltr'>γάρ,</span> <span class='ocrx_word' id='word_1_173' title='bbox 1932 2187 2048 2244; x_wconf 75' lang='grc' dir='ltr'>οἷον</span> 
     </span>
    </p>
   </div>
   <div class='ocr_carea' id='block_1_24' title="bbox 469 2270 2051 2352">
    <p class='ocr_par' dir='ltr' id='par_1_24' title="bbox 469 2270 2051 2352">
     <span class='ocr_line' id='line_1_24' title="bbox 469 2270 2051 2352; baseline 0.01 -30"><span class='ocrx_word' id='word_1_174' title='bbox 469 2270 564 2323; x_wconf 87' lang='grc' dir='ltr'>τοῦ</span> <span class='ocrx_word' id='word_1_175' title='bbox 589 2272 808 2342; x_wconf 85' lang='grc' dir='ltr'>καρποῦ</span> <span class='ocrx_word' id='word_1_176' title='bbox 829 2273 891 2327; x_wconf 84' lang='grc' dir='ltr'>τδ</span> <span class='ocrx_word' id='word_1_177' title='bbox 920 2276 1253 2348; x_wconf 77' lang='grc' dir='ltr'>ἐπαγωγὸν),</span> <span class='ocrx_word' id='word_1_178' title='bbox 1282 2284 1417 2352; x_wconf 89' lang='grc' dir='ltr'>μήτε</span> <span class='ocrx_word' id='word_1_179' title='bbox 1448 2283 1610 2352; x_wconf 89' lang='grc' dir='ltr'>μόνος</span> <span class='ocrx_word' id='word_1_180' title='bbox 1635 2285 1695 2336; x_wconf 75' lang='grc' dir='ltr'>τὸ</span> <span class='ocrx_word' id='word_1_181' title='bbox 1718 2284 1883 2339; x_wconf 83' lang='grc' dir='ltr'>καλὸν</span> <span class='ocrx_word' id='word_1_182' title='bbox 1911 2287 2051 2340; x_wconf 85' lang='grc' dir='ltr'>ἀπο-</span> 
     </span>
    </p>
   </div>
   <div class='ocr_carea' id='block_1_25' title="bbox 468 2363 2047 2449">
    <p class='ocr_par' dir='ltr' id='par_1_25' title="bbox 468 2363 2047 2449">
     <span class='ocr_line' id='line_1_25' title="bbox 468 2363 2047 2449; baseline 0.011 -34"><span class='ocrx_word' id='word_1_183' title='bbox 468 2363 649 2417; x_wconf 87' lang='grc' dir='ltr'>λαϐὼν</span> <span class='ocrx_word' id='word_1_184' title='bbox 675 2365 788 2435; x_wconf 74' lang='grc' dir='ltr'>ἔχε,</span> <span class='ocrx_word' id='word_1_185' title='bbox 840 2368 974 2436; x_wconf 83' lang='grc' dir='ltr'>μήτε</span> <span class='ocrx_word' id='word_1_186' title='bbox 1006 2371 1208 2442; x_wconf 78' lang='grc' dir='ltr'>ἄθρουν</span> <span class='ocrx_word' id='word_1_187' title='bbox 1247 2376 1307 2428; x_wconf 80' lang='grc' dir='ltr'>τὸ</span> <span class='ocrx_word' id='word_1_188' title='bbox 1341 2375 1484 2444; x_wconf 87' lang='grc' dir='ltr'>μέγα</span> <span class='ocrx_word' id='word_1_189' title='bbox 1526 2377 1686 2431; x_wconf 89' lang='grc' dir='ltr'>τοῦτο</span> <span class='ocrx_word' id='word_1_190' title='bbox 1733 2380 2047 2449; x_wconf 80' lang='grc' dir='ltr'>προσφέρου</span> 
     </span>
    </p>
   </div>
   <div class='ocr_carea' id='block_1_26' title="bbox 469 2457 2043 2546">
    <p class='ocr_par' dir='ltr' id='par_1_26' title="bbox 469 2457 2043 2546">
     <span class='ocr_line' id='line_1_26' title="bbox 469 2457 2043 2546; baseline 0.011 -36"><span class='ocrx_word' id='word_1_191' title='bbox 469 2457 623 2531; x_wconf 88' lang='grc' dir='ltr'>(τί[ς]</span> <span class='ocrx_word' id='word_1_192' title='bbox 653 2463 762 2531; x_wconf 86' lang='grc' dir='ltr'>γὰρ</span> <span class='ocrx_word' id='word_1_193' title='bbox 794 2463 862 2516; x_wconf 81' lang='grc' dir='ltr'>ἂν</span> <span class='ocrx_word' id='word_1_194' title='bbox 891 2464 1063 2529; x_wconf 78' lang='grc' dir='ltr'>οὕτως</span> <span class='ocrx_word' id='word_1_195' title='bbox 1110 2465 1274 2520; x_wconf 80' lang='grc' dir='ltr'>αὐτοῦ</span> <span class='ocrx_word' id='word_1_196' title='bbox 1321 2472 1837 2542; x_wconf 85' lang='grc' dir='ltr'>κατακαυχήσηται,</span> <span class='ocrx_word' id='word_1_197' title='bbox 1869 2475 1917 2527; x_wconf 86' lang='grc' dir='ltr'>εί</span> <span class='ocrx_word' id='word_1_198' title='bbox 1969 2476 2043 2546; x_wconf 81' lang='grc' dir='ltr'>μὴ</span> 
     </span>
    </p>
   </div>
   <div class='ocr_carea' id='block_1_27' title="bbox 468 2553 2046 2637">
    <p class='ocr_par' dir='ltr' id='par_1_27' title="bbox 468 2553 2046 2637">
     <span class='ocr_line' id='line_1_27' title="bbox 468 2553 2046 2637; baseline 0.011 -33"><span class='ocrx_word' id='word_1_199' title='bbox 468 2553 600 2606; x_wconf 81' lang='grc' dir='ltr'>αὐτὸ</span> <span class='ocrx_word' id='word_1_200' title='bbox 649 2555 808 2610; x_wconf 90' lang='grc' dir='ltr'>τοῦτο</span> <span class='ocrx_word' id='word_1_201' title='bbox 841 2555 1122 2626; x_wconf 86' lang='grc' dir='ltr'>βουθοίνας</span> <span class='ocrx_word' id='word_1_202' title='bbox 1171 2560 1260 2629; x_wconf 71' lang='grc' dir='ltr'>εἴη</span> <span class='ocrx_word' id='word_1_203' title='bbox 1318 2560 1616 2631; x_wconf 78' lang='grc' dir='ltr'>ἐκεῖνος;)’</span> <span class='ocrx_word' id='word_1_204' title='bbox 1664 2565 1943 2637; x_wconf 90' lang='grc' dir='ltr'>κατάτεμε</span> <span class='ocrx_word' id='word_1_205' title='bbox 1989 2567 2046 2622; x_wconf 81' lang='grc' dir='ltr'>δέ</span> 
     </span>
    </p>
   </div>
   <div class='ocr_carea' id='block_1_28' title="bbox 469 2650 2045 2723">
    <p class='ocr_par' dir='ltr' id='par_1_28' title="bbox 469 2650 2045 2723">
     <span class='ocr_line' id='line_1_28' title="bbox 469 2650 2045 2723; baseline 0.015 -26"><span class='ocrx_word' id='word_1_206' title='bbox 469 2650 814 2716; x_wconf 84' lang='grc' dir='ltr'>κερματίσας</span> <span class='ocrx_word' id='word_1_207' title='bbox 848 2653 928 2716; x_wconf 85' lang='grc' dir='ltr'>είς</span> <span class='ocrx_word' id='word_1_208' title='bbox 959 2654 1152 2720; x_wconf 89' lang='grc' dir='ltr'>πλείω,</span> <span class='ocrx_word' id='word_1_209' title='bbox 1199 2657 1294 2711; x_wconf 73' lang='grc' dir='ltr'>καὶ</span> <span class='ocrx_word' id='word_1_210' title='bbox 1324 2661 1435 2723; x_wconf 83' lang='grc' dir='ltr'>τοῖς</span> <span class='ocrx_word' id='word_1_211' title='bbox 1465 2661 1526 2714; x_wconf 81' lang='grc' dir='ltr'>τὸ</span> <span class='ocrx_word' id='word_1_212' title='bbox 1559 2662 1726 2716; x_wconf 73' lang='grc' dir='ltr'>καλὸν</span> <span class='ocrx_word' id='word_1_213' title='bbox 1755 2665 1922 2718; x_wconf 76' lang='grc' dir='ltr'>εἰδόσι</span> <span class='ocrx_word' id='word_1_214' title='bbox 1951 2669 2045 2720; x_wconf 75' lang='grc' dir='ltr'>καὶ</span> 
     </span>
    </p>
   </div>
   <div class='ocr_carea' id='block_1_29' title="bbox 469 2741 2046 2824">
    <p class='ocr_par' dir='ltr' id='par_1_29' title="bbox 469 2741 2046 2824">
     <span class='ocr_line' id='line_1_29' title="bbox 469 2741 2046 2824; baseline 0.012 -30"><span class='ocrx_word' id='word_1_215' title='bbox 469 2741 686 2810; x_wconf 89' lang='grc' dir='ltr'>φιλοῦσι</span> <span class='ocrx_word' id='word_1_216' title='bbox 733 2743 1031 2815; x_wconf 85' lang='grc' dir='ltr'>διάνειμαι.</span> <span class='ocrx_word' id='word_1_217' title='bbox 1090 2749 1422 2824; x_wconf 82' lang='grc' dir='ltr'>Ἀποχρήσει</span> <span class='ocrx_word' id='word_1_218' title='bbox 1475 2756 1587 2824; x_wconf 80' lang='grc' dir='ltr'>γάρ</span> <span class='ocrx_word' id='word_1_219' title='bbox 1624 2751 1744 2810; x_wconf 80' lang='grc' dir='ltr'>οῖδα</span> <span class='ocrx_word' id='word_1_220' title='bbox 1778 2758 2046 2823; x_wconf 84' lang='grc' dir='ltr'>τοιούτοις</span> 
     </span>
    </p>
   </div>
   <div class='ocr_carea' id='block_1_30' title="bbox 463 2835 2042 2921">
    <p class='ocr_par' dir='ltr' id='par_1_30' title="bbox 463 2835 2042 2921">
     <span class='ocr_line' id='line_1_30' title="bbox 463 2835 2042 2921; baseline 0.012 -35"><span class='ocrx_word' id='word_1_221' title='bbox 463 2835 682 2899; x_wconf 77' lang='grc' dir='ltr'>πολλοῖς</span> <span class='ocrx_word' id='word_1_222' title='bbox 705 2853 722 2869; x_wconf 88' lang='grc'><strong>·</strong></span> <span class='ocrx_word' id='word_1_223' title='bbox 751 2837 801 2890; x_wconf 85' lang='grc' dir='ltr'>εί</span> <span class='ocrx_word' id='word_1_224' title='bbox 830 2839 923 2892; x_wconf 80' lang='grc' dir='ltr'>καὶ</span> <span class='ocrx_word' id='word_1_225' title='bbox 958 2839 1032 2910; x_wconf 76' lang='grc' dir='ltr'>μὴ</span> <span class='ocrx_word' id='word_1_226' title='bbox 1063 2842 1281 2908; x_wconf 87' lang='grc' dir='ltr'>πάντως</span> <span class='ocrx_word' id='word_1_227' title='bbox 1312 2847 1447 2915; x_wconf 72' lang='grc' dir='ltr'>πρὸς</span> <span class='ocrx_word' id='word_1_228' title='bbox 1479 2848 1690 2918; x_wconf 83' lang='grc' dir='ltr'>τροφὴν</span> <span class='ocrx_word' id='word_1_229' title='bbox 1734 2849 2042 2921; x_wconf 86' lang='grc' dir='ltr'>πλησμίαν,</span> 
     </span>
    </p>
   </div>
   <div class='ocr_carea' id='block_1_31' title="bbox 469 2925 2046 3010">
    <p class='ocr_par' dir='ltr' id='par_1_31' title="bbox 469 2925 2046 3010">
     <span class='ocr_line' id='line_1_31' title="bbox 469 2925 2046 3010; baseline 0.01 -32"><span class='ocrx_word' id='word_1_230' title='bbox 469 2925 607 2980; x_wconf 87' lang='grc' dir='ltr'>ἀλλά</span> <span class='ocrx_word' id='word_1_231' title='bbox 630 2945 694 2994; x_wconf 83' lang='grc' dir='ltr'>γε</span> <span class='ocrx_word' id='word_1_232' title='bbox 724 2930 938 3002; x_wconf 87' lang='grc' dir='ltr'>τρυφήν</span> <span class='ocrx_word' id='word_1_233' title='bbox 963 2946 978 2962; x_wconf 78' lang='grc' dir='ltr'><strong><em>ο</em></strong></span> <span class='ocrx_word' id='word_1_234' title='bbox 1012 2933 1060 2985; x_wconf 86' lang='grc' dir='ltr'>εί</span> <span class='ocrx_word' id='word_1_235' title='bbox 1091 2931 1167 3002; x_wconf 84' lang='grc' dir='ltr'>μὴ</span> <span class='ocrx_word' id='word_1_236' title='bbox 1201 2935 1336 3002; x_wconf 76' lang='grc' dir='ltr'>πρὸς</span> <span class='ocrx_word' id='word_1_237' title='bbox 1381 2935 1562 3006; x_wconf 88' lang='grc' dir='ltr'>κόρον,</span> <span class='ocrx_word' id='word_1_238' title='bbox 1600 2937 1736 2991; x_wconf 86' lang='grc' dir='ltr'>ἀλλά</span> <span class='ocrx_word' id='word_1_239' title='bbox 1781 2940 1917 3008; x_wconf 78' lang='grc' dir='ltr'>πρὸς</span> <span class='ocrx_word' id='word_1_240' title='bbox 1947 2940 2046 3010; x_wconf 83' lang='grc' dir='ltr'>χά-</span> 
     </span>
    </p>
   </div>
   <div class='ocr_carea' id='block_1_32' title="bbox 475 3019 2046 3102">
    <p class='ocr_par' dir='ltr' id='par_1_32' title="bbox 475 3019 2046 3102">
     <span class='ocr_line' id='line_1_32' title="bbox 475 3019 2046 3102; baseline 0.008 -30"><span class='ocrx_word' id='word_1_241' title='bbox 475 3036 562 3087; x_wconf 86' lang='grc' dir='ltr'>ριν</span> <span class='ocrx_word' id='word_1_242' title='bbox 585 3035 600 3051; x_wconf 88' lang='grc'><strong>·</strong></span> <span class='ocrx_word' id='word_1_243' title='bbox 628 3019 677 3073; x_wconf 84' lang='grc' dir='ltr'>εί</span> <span class='ocrx_word' id='word_1_244' title='bbox 715 3020 788 3092; x_wconf 79' lang='grc' dir='ltr'>μὴ</span> <span class='ocrx_word' id='word_1_245' title='bbox 824 3021 961 3091; x_wconf 76' lang='grc' dir='ltr'>πρὸς</span> <span class='ocrx_word' id='word_1_246' title='bbox 995 3023 1340 3090; x_wconf 84' lang='grc' dir='ltr'>πανδαισίαν,</span> <span class='ocrx_word' id='word_1_247' title='bbox 1371 3025 1503 3078; x_wconf 86' lang='grc' dir='ltr'>ἀλλά</span> <span class='ocrx_word' id='word_1_248' title='bbox 1531 3027 1668 3096; x_wconf 80' lang='grc' dir='ltr'>πρὸς</span> <span class='ocrx_word' id='word_1_249' title='bbox 1695 3026 1914 3098; x_wconf 70' lang='grc' dir='ltr'>ἥδιστον</span> <span class='ocrx_word' id='word_1_250' title='bbox 1942 3031 2046 3102; x_wconf 83' lang='grc' dir='ltr'>ἀρ-</span> 
     </span>
    </p>
   </div>
   <div class='ocr_carea' id='block_1_33' title="bbox 2141 515 3714 589">
    <p class='ocr_par' dir='ltr' id='par_1_33' title="bbox 2141 515 3714 589">
     <span class='ocr_line' id='line_1_33' title="bbox 2141 515 3714 589; baseline 0.002 -20"><span class='ocrx_word' id='word_1_251' title='bbox 2141 518 2401 586; x_wconf 85' lang='grc' dir='ltr'>μιωτάτῳ</span> <span class='ocrx_word' id='word_1_252' title='bbox 2428 515 2669 588; x_wconf 80' lang='grc' dir='ltr'>δεσπότῃ</span> <span class='ocrx_word' id='word_1_253' title='bbox 2716 533 2818 586; x_wconf 90' lang='grc' dir='ltr'>μου</span> <span class='ocrx_word' id='word_1_254' title='bbox 2847 516 2926 589; x_wconf 81' lang='grc' dir='ltr'>τῷ</span> <span class='ocrx_word' id='word_1_255' title='bbox 2955 516 3106 585; x_wconf 80' lang='grc' dir='ltr'>δεῖνι,</span> <span class='ocrx_word' id='word_1_256' title='bbox 3141 519 3238 571; x_wconf 80' lang='grc' dir='ltr'>καὶ</span> <span class='ocrx_word' id='word_1_257' title='bbox 3269 517 3346 588; x_wconf 84' lang='grc' dir='ltr'>τῷ</span> <span class='ocrx_word' id='word_1_258' title='bbox 3379 518 3532 586; x_wconf 90' lang='grc' dir='ltr'>καλῷ</span> <span class='ocrx_word' id='word_1_259' title='bbox 3565 518 3714 572; x_wconf 80' lang='grc' dir='ltr'>δεῖνι.</span> 
     </span>
    </p>
   </div>
   <div class='ocr_carea' id='block_1_34' title="bbox 2142 603 3720 673">
    <p class='ocr_par' dir='ltr' id='par_1_34' title="bbox 2142 603 3720 673">
     <span class='ocr_line' id='line_1_34' title="bbox 2142 603 3720 673; baseline 0.001 -11"><span class='ocrx_word' id='word_1_260' title='bbox 2142 610 2250 662; x_wconf 81' lang='grc' dir='ltr'>Καὶ</span> <span class='ocrx_word' id='word_1_261' title='bbox 2278 610 2410 672; x_wconf 68' lang='grc' dir='ltr'>ἴσως</span> <span class='ocrx_word' id='word_1_262' title='bbox 2444 610 2544 662; x_wconf 82' lang='grc' dir='ltr'>οὐκ</span> <span class='ocrx_word' id='word_1_263' title='bbox 2575 610 2956 663; x_wconf 86' lang='grc' dir='ltr'>ἐπαινέσονταί</span> <span class='ocrx_word' id='word_1_264' title='bbox 2995 627 3076 672; x_wconf 90' lang='grc' dir='ltr'>σε,</span> <span class='ocrx_word' id='word_1_265' title='bbox 3111 603 3187 664; x_wconf 79' lang='grc' dir='ltr'>ὧν</span> <span class='ocrx_word' id='word_1_266' title='bbox 3222 615 3394 673; x_wconf 85' lang='grc' dir='ltr'>ποιεῖς</span> <span class='ocrx_word' id='word_1_267' title='bbox 3418 627 3434 640; x_wconf 87' lang='grc'><strong>·</strong></span> <span class='ocrx_word' id='word_1_268' title='bbox 3461 614 3510 663; x_wconf 85' lang='grc' dir='ltr'>εί</span> <span class='ocrx_word' id='word_1_269' title='bbox 3556 611 3613 664; x_wconf 84' lang='grc' dir='ltr'>δέ</span> <span class='ocrx_word' id='word_1_270' title='bbox 3637 613 3720 664; x_wconf 79' lang='grc' dir='ltr'>εὐ-</span> 
     </span>
    </p>
   </div>
   <div class='ocr_carea' id='block_1_35' title="bbox 2139 700 3714 772">
    <p class='ocr_par' dir='ltr' id='par_1_35' title="bbox 2139 700 3714 772">
     <span class='ocr_line' id='line_1_35' title="bbox 2139 700 3714 772; baseline 0.001 -18"><span class='ocrx_word' id='word_1_271' title='bbox 2139 700 2434 771; x_wconf 85' lang='grc' dir='ltr'>λογήσουσί</span> <span class='ocrx_word' id='word_1_272' title='bbox 2485 717 2568 766; x_wconf 88' lang='grc' dir='ltr'>σε,</span> <span class='ocrx_word' id='word_1_273' title='bbox 2615 701 2826 770; x_wconf 85' lang='grc' dir='ltr'>σχάσας</span> <span class='ocrx_word' id='word_1_274' title='bbox 2869 702 2970 771; x_wconf 82' lang='grc' dir='ltr'>τὴν</span> <span class='ocrx_word' id='word_1_275' title='bbox 3006 703 3270 772; x_wconf 79' lang='grc' dir='ltr'>γραφίδα,</span> <span class='ocrx_word' id='word_1_276' title='bbox 3305 703 3432 770; x_wconf 83' lang='grc' dir='ltr'>μένε</span> <span class='ocrx_word' id='word_1_277' title='bbox 3484 703 3714 771; x_wconf 82' lang='grc' dir='ltr'>ἄφωνος.</span> 
     </span>
    </p>
   </div>
   <div class='ocr_carea' id='block_1_36' title="bbox 2867 793 2994 850">
    <p class='ocr_par' dir='ltr' id='par_1_36' title="bbox 2867 793 2994 850">
     <span class='ocr_line' id='line_1_36' title="bbox 2867 793 2994 850; baseline 0.024 -3"><span class='ocrx_word' id='word_1_278' title='bbox 2867 793 2914 847; x_wconf 85' lang='grc' dir='ltr'><strong>Μ</strong></span> <span class='ocrx_word' id='word_1_279' title='bbox 2921 799 2994 850; x_wconf 65' lang='grc' dir='ltr'>Δθ.</span> 
     </span>
    </p>
   </div>
   <div class='ocr_carea' id='block_1_37' title="bbox 2394 883 3477 958">
    <p class='ocr_par' dir='ltr' id='par_1_37' title="bbox 2394 883 3477 958">
     <span class='ocr_line' id='line_1_37' title="bbox 2394 883 3477 958; baseline 0.001 -16"><span class='ocrx_word' id='word_1_280' title='bbox 2394 883 2479 954; x_wconf 81' lang='grc' dir='ltr'>Τῷ</span> <span class='ocrx_word' id='word_1_281' title='bbox 2509 887 2666 942; x_wconf 77' lang='grc' dir='ltr'>νέων</span> <span class='ocrx_word' id='word_1_282' title='bbox 2695 886 2945 958; x_wconf 82' lang='grc' dir='ltr'>Πατρῶν</span> <span class='ocrx_word' id='word_1_283' title='bbox 2971 889 3158 957; x_wconf 84' lang='grc' dir='ltr'>κυρίῳ</span> <span class='ocrx_word' id='word_1_284' title='bbox 3177 889 3477 958; x_wconf 82' lang='grc' dir='ltr'>Εὐθυμίφ.</span> 
     </span>
    </p>
   </div>
   <div class='ocr_carea' id='block_1_38' title="bbox 2215 978 3716 1053">
    <p class='ocr_par' dir='ltr' id='par_1_38' title="bbox 2215 978 3716 1053">
     <span class='ocr_line' id='line_1_38' title="bbox 2215 978 3716 1053; baseline -0.001 -17"><span class='ocrx_word' id='word_1_285' title='bbox 2215 983 2602 1053; x_wconf 88' lang='grc' dir='ltr'>Πανιερώτατε</span> <span class='ocrx_word' id='word_1_286' title='bbox 2633 982 2759 1051; x_wconf 83' lang='grc' dir='ltr'>ἆγιέ</span> <span class='ocrx_word' id='word_1_287' title='bbox 2793 1000 2894 1052; x_wconf 90' lang='grc' dir='ltr'>μου</span> <span class='ocrx_word' id='word_1_288' title='bbox 2942 982 3175 1035; x_wconf 82' lang='grc' dir='ltr'>δέσποτα</span> <span class='ocrx_word' id='word_1_289' title='bbox 3196 997 3210 1012; x_wconf 88' lang='grc'><strong>·</strong></span> <span class='ocrx_word' id='word_1_290' title='bbox 3243 982 3365 1036; x_wconf 80' lang='grc' dir='ltr'>οὐδὲ</span> <span class='ocrx_word' id='word_1_291' title='bbox 3397 985 3467 1036; x_wconf 84' lang='grc' dir='ltr'>τὰ</span> <span class='ocrx_word' id='word_1_292' title='bbox 3494 982 3630 1036; x_wconf 83' lang='grc' dir='ltr'>ἄλλα</span> <span class='ocrx_word' id='word_1_293' title='bbox 3658 978 3716 1035; x_wconf 80' lang='grc' dir='ltr'>εὖ</span> 
     </span>
    </p>
   </div>
   <div class='ocr_carea' id='block_1_39' title="bbox 2143 1073 3722 1144">
    <p class='ocr_par' dir='ltr' id='par_1_39' title="bbox 2143 1073 3722 1144">
     <span class='ocr_line' id='line_1_39' title="bbox 2143 1073 3722 1144; baseline -0.001 -18"><span class='ocrx_word' id='word_1_294' title='bbox 2143 1074 2424 1144; x_wconf 80' lang='grc' dir='ltr'>πράττων,</span> <span class='ocrx_word' id='word_1_295' title='bbox 2451 1073 2754 1141; x_wconf 90' lang='grc' dir='ltr'>δυσπραγῶ</span> <span class='ocrx_word' id='word_1_296' title='bbox 2783 1073 3083 1140; x_wconf 83' lang='grc' dir='ltr'>κάνταῦθα,</span> <span class='ocrx_word' id='word_1_297' title='bbox 3105 1073 3186 1127; x_wconf 76' lang='grc' dir='ltr'>δτι</span> <span class='ocrx_word' id='word_1_298' title='bbox 3215 1073 3395 1144; x_wconf 85' lang='grc' dir='ltr'>λύπην</span> <span class='ocrx_word' id='word_1_299' title='bbox 3414 1073 3535 1126; x_wconf 86' lang='grc' dir='ltr'>κατ’</span> <span class='ocrx_word' id='word_1_300' title='bbox 3554 1075 3722 1142; x_wconf 82' lang='grc' dir='ltr'>ἐμαυ-</span> 
     </span>
    </p>
   </div>
   <div class='ocr_carea' id='block_1_40' title="bbox 2142 1165 3716 1238">
    <p class='ocr_par' dir='ltr' id='par_1_40' title="bbox 2142 1165 3716 1238">
     <span class='ocr_line' id='line_1_40' title="bbox 2142 1165 3716 1238; baseline 0.001 -20"><span class='ocrx_word' id='word_1_301' title='bbox 2142 1165 2237 1218; x_wconf 91' lang='grc' dir='ltr'>τοῦ</span> <span class='ocrx_word' id='word_1_302' title='bbox 2280 1165 2503 1235; x_wconf 85' lang='grc' dir='ltr'>τρέφειν</span> <span class='ocrx_word' id='word_1_303' title='bbox 2552 1165 2651 1234; x_wconf 81' lang='grc' dir='ltr'>τὴν</span> <span class='ocrx_word' id='word_1_304' title='bbox 2692 1165 2790 1236; x_wconf 81' lang='grc' dir='ltr'>σὴν</span> <span class='ocrx_word' id='word_1_305' title='bbox 2838 1165 3152 1234; x_wconf 83' lang='grc' dir='ltr'>ἁγιωσύνην</span> <span class='ocrx_word' id='word_1_306' title='bbox 3196 1166 3716 1238; x_wconf 82' lang='grc' dir='ltr'>πεπληροφόρημαι.</span> 
     </span>
    </p>
   </div>
   <div class='ocr_carea' id='block_1_41' title="bbox 2144 1257 3720 1329">
    <p class='ocr_par' dir='ltr' id='par_1_41' title="bbox 2144 1257 3720 1329">
     <span class='ocr_line' id='line_1_41' title="bbox 2144 1257 3720 1329; baseline 0.001 -19"><span class='ocrx_word' id='word_1_307' title='bbox 2144 1257 2255 1310; x_wconf 89' lang='lat' dir='ltr'>Kal</span> <span class='ocrx_word' id='word_1_308' title='bbox 2286 1257 2481 1328; x_wconf 70' lang='grc' dir='ltr'>ἤθελον</span> <span class='ocrx_word' id='word_1_309' title='bbox 2515 1259 2614 1328; x_wconf 82' lang='grc' dir='ltr'>μὲν</span> <span class='ocrx_word' id='word_1_310' title='bbox 2645 1259 2718 1329; x_wconf 85' lang='grc' dir='ltr'>μὴ</span> <span class='ocrx_word' id='word_1_311' title='bbox 2770 1258 2971 1328; x_wconf 88' lang='grc' dir='ltr'>λέγειν,</span> <span class='ocrx_word' id='word_1_312' title='bbox 3005 1260 3086 1312; x_wconf 84' lang='grc' dir='ltr'>ὅτι</span> <span class='ocrx_word' id='word_1_313' title='bbox 3128 1259 3191 1312; x_wconf 84' lang='grc' dir='ltr'>ού</span> <span class='ocrx_word' id='word_1_314' title='bbox 3225 1259 3408 1322; x_wconf 85' lang='grc' dir='ltr'>καλῶς</span> <span class='ocrx_word' id='word_1_315' title='bbox 3435 1275 3450 1290; x_wconf 74' lang='grc' dir='ltr'><strong>ο</strong></span> <span class='ocrx_word' id='word_1_316' title='bbox 3481 1260 3582 1311; x_wconf 77' lang='grc' dir='ltr'>οὐκ</span> <span class='ocrx_word' id='word_1_317' title='bbox 3616 1259 3720 1327; x_wconf 76' lang='grc' dir='ltr'>ἔχω</span> 
     </span>
    </p>
   </div>
   <div class='ocr_carea' id='block_1_42' title="bbox 2141 1349 3722 1422">
    <p class='ocr_par' dir='ltr' id='par_1_42' title="bbox 2141 1349 3722 1422">
     <span class='ocr_line' id='line_1_42' title="bbox 2141 1349 3722 1422; baseline -0.001 -18"><span class='ocrx_word' id='word_1_318' title='bbox 2141 1349 2199 1404; x_wconf 82' lang='grc' dir='ltr'>δέ</span> <span class='ocrx_word' id='word_1_319' title='bbox 2248 1351 2323 1422; x_wconf 80' lang='grc' dir='ltr'>μὴ</span> <span class='ocrx_word' id='word_1_320' title='bbox 2358 1352 2555 1405; x_wconf 77' lang='grc' dir='ltr'>εἰπεῖν.</span> <span class='ocrx_word' id='word_1_321' title='bbox 2608 1351 2718 1406; x_wconf 88' lang='lat' dir='ltr'>Kal</span> <span class='ocrx_word' id='word_1_322' title='bbox 2767 1353 2885 1416; x_wconf 79' lang='grc' dir='ltr'>πῶς</span> <span class='ocrx_word' id='word_1_323' title='bbox 2929 1352 3038 1422; x_wconf 80' lang='grc' dir='ltr'>γὰρ</span> <span class='ocrx_word' id='word_1_324' title='bbox 3087 1352 3154 1405; x_wconf 84' lang='grc' dir='ltr'>ἂν</span> <span class='ocrx_word' id='word_1_325' title='bbox 3205 1351 3421 1417; x_wconf 88' lang='grc' dir='ltr'>καλῶς;</span> <span class='ocrx_word' id='word_1_326' title='bbox 3461 1351 3577 1419; x_wconf 83' lang='grc' dir='ltr'>εῐγε</span> <span class='ocrx_word' id='word_1_327' title='bbox 3631 1351 3722 1403; x_wconf 67' lang='grc' dir='ltr'>τὸν</span> 
     </span>
    </p>
   </div>
   <div class='ocr_carea' id='block_1_43' title="bbox 2145 1443 3722 1516">
    <p class='ocr_par' dir='ltr' id='par_1_43' title="bbox 2145 1443 3722 1516">
     <span class='ocr_line' id='line_1_43' title="bbox 2145 1443 3722 1516; baseline -0.002 -19"><span class='ocrx_word' id='word_1_328' title='bbox 2145 1444 2385 1497; x_wconf 85' lang='grc' dir='ltr'>ἀναίτιον</span> <span class='ocrx_word' id='word_1_329' title='bbox 2425 1445 2484 1497; x_wconf 86' lang='grc' dir='ltr'>ἐν</span> <span class='ocrx_word' id='word_1_330' title='bbox 2517 1444 2666 1516; x_wconf 84' lang='grc' dir='ltr'>αίτίᾳ</span> <span class='ocrx_word' id='word_1_331' title='bbox 2693 1444 2936 1498; x_wconf 78' lang='grc' dir='ltr'>τίθεσθαι</span> <span class='ocrx_word' id='word_1_332' title='bbox 2965 1445 3192 1516; x_wconf 87' lang='grc' dir='ltr'>κρίνεις,</span> <span class='ocrx_word' id='word_1_333' title='bbox 3225 1445 3320 1496; x_wconf 75' lang='grc' dir='ltr'>καὶ</span> <span class='ocrx_word' id='word_1_334' title='bbox 3361 1443 3722 1510; x_wconf 82' lang='grc' dir='ltr'>ἁποστέργεις</span> 
     </span>
    </p>
   </div>
   <div class='ocr_carea' id='block_1_44' title="bbox 2145 1536 3721 1605">
    <p class='ocr_par' dir='ltr' id='par_1_44' title="bbox 2145 1536 3721 1605">
     <span class='ocr_line' id='line_1_44' title="bbox 2145 1536 3721 1605; baseline -0.003 -15"><span class='ocrx_word' id='word_1_335' title='bbox 2145 1536 2238 1590; x_wconf 81' lang='grc' dir='ltr'>τὸν</span> <span class='ocrx_word' id='word_1_336' title='bbox 2268 1536 2504 1590; x_wconf 85' lang='grc' dir='ltr'>πνέοντά</span> <span class='ocrx_word' id='word_1_337' title='bbox 2537 1553 2619 1601; x_wconf 87' lang='grc' dir='ltr'>σε,</span> <span class='ocrx_word' id='word_1_338' title='bbox 2651 1537 2745 1590; x_wconf 76' lang='grc' dir='ltr'>καὶ</span> <span class='ocrx_word' id='word_1_339' title='bbox 2776 1537 3152 1605; x_wconf 75' lang='grc' dir='ltr'>ἀπραγμόνως</span> <span class='ocrx_word' id='word_1_340' title='bbox 3180 1537 3607 1602; x_wconf 76' lang='grc' dir='ltr'>ἀποδοκιμάζεις</span> <span class='ocrx_word' id='word_1_341' title='bbox 3632 1537 3721 1586; x_wconf 74' lang='grc' dir='ltr'>τὸν</span> 
     </span>
    </p>
   </div>
   <div class='ocr_carea' id='block_1_45' title="bbox 2147 1628 3721 1701">
    <p class='ocr_par' dir='ltr' id='par_1_45' title="bbox 2147 1628 3721 1701">
     <span class='ocr_line' id='line_1_45' title="bbox 2147 1628 3721 1701; baseline -0.003 -18"><span class='ocrx_word' id='word_1_342' title='bbox 2147 1631 2212 1684; x_wconf 85' lang='grc' dir='ltr'>ἐκ</span> <span class='ocrx_word' id='word_1_343' title='bbox 2238 1631 2453 1700; x_wconf 88' lang='grc' dir='ltr'>μακροῦ</span> <span class='ocrx_word' id='word_1_344' title='bbox 2499 1630 2744 1699; x_wconf 87' lang='grc' dir='ltr'>δόκιμον.</span> <span class='ocrx_word' id='word_1_345' title='bbox 2777 1631 2841 1684; x_wconf 71' lang='lat' dir='ltr'><strong>El</strong></span> <span class='ocrx_word' id='word_1_346' title='bbox 2873 1629 2939 1694; x_wconf 87' lang='grc' dir='ltr'>δ’,</span> <span class='ocrx_word' id='word_1_347' title='bbox 2967 1629 3048 1682; x_wconf 82' lang='grc' dir='ltr'>ὅτι</span> <span class='ocrx_word' id='word_1_348' title='bbox 3076 1629 3150 1701; x_wconf 83' lang='grc' dir='ltr'>μὴ</span> <span class='ocrx_word' id='word_1_349' title='bbox 3194 1628 3501 1681; x_wconf 82' lang='grc' dir='ltr'>ἐπιστέλλω</span> <span class='ocrx_word' id='word_1_350' title='bbox 3530 1628 3721 1697; x_wconf 75' lang='grc' dir='ltr'>συχνὰ,</span> 
     </span>
    </p>
   </div>
   <div class='ocr_carea' id='block_1_46' title="bbox 2145 1721 3722 1795">
    <p class='ocr_par' dir='ltr' id='par_1_46' title="bbox 2145 1721 3722 1795">
     <span class='ocr_line' id='line_1_46' title="bbox 2145 1721 3722 1795; baseline -0.001 -19"><span class='ocrx_word' id='word_1_351' title='bbox 2145 1721 2308 1777; x_wconf 89' lang='grc' dir='ltr'>τοῦτό</span> <span class='ocrx_word' id='word_1_352' title='bbox 2339 1740 2401 1776; x_wconf 91' lang='grc' dir='ltr'>σε</span> <span class='ocrx_word' id='word_1_353' title='bbox 2431 1724 2720 1793; x_wconf 79' lang='grc' dir='ltr'>δοκιμάζει</span> <span class='ocrx_word' id='word_1_354' title='bbox 2750 1723 2873 1777; x_wconf 87' lang='grc' dir='ltr'>καθ’</span> <span class='ocrx_word' id='word_1_355' title='bbox 2907 1723 3088 1795; x_wconf 81' lang='grc' dir='ltr'>ἡμῶν,</span> <span class='ocrx_word' id='word_1_356' title='bbox 3118 1722 3264 1793; x_wconf 73' lang='grc' dir='ltr'>εἶχον</span> <span class='ocrx_word' id='word_1_357' title='bbox 3299 1725 3399 1794; x_wconf 81' lang='grc' dir='ltr'>μὲν</span> <span class='ocrx_word' id='word_1_358' title='bbox 3436 1722 3533 1776; x_wconf 73' lang='grc' dir='ltr'>καὶ</span> <span class='ocrx_word' id='word_1_359' title='bbox 3564 1721 3722 1782; x_wconf 75' lang='grc' dir='ltr'>αὐτὸς</span> 
     </span>
    </p>
   </div>
   <div class='ocr_carea' id='block_1_47' title="bbox 2149 1813 3722 1887">
    <p class='ocr_par' dir='ltr' id='par_1_47' title="bbox 2149 1813 3722 1887">
     <span class='ocr_line' id='line_1_47' title="bbox 2149 1813 3722 1887; baseline -0.001 -20"><span class='ocrx_word' id='word_1_360' title='bbox 2149 1813 2558 1882; x_wconf 85' lang='grc' dir='ltr'>ἀντεπαγαγεῖν</span> <span class='ocrx_word' id='word_1_361' title='bbox 2581 1830 2635 1867; x_wconf 87' lang='grc' dir='ltr'>τι</span> <span class='ocrx_word' id='word_1_362' title='bbox 2664 1813 2906 1868; x_wconf 88' lang='grc' dir='ltr'>τοιοῦτον</span> <span class='ocrx_word' id='word_1_363' title='bbox 2929 1831 2945 1846; x_wconf 79' lang='grc' dir='ltr'>ο</span> <span class='ocrx_word' id='word_1_364' title='bbox 2976 1818 3050 1886; x_wconf 90' lang='grc' dir='ltr'>μή</span> <span class='ocrx_word' id='word_1_365' title='bbox 3085 1833 3176 1887; x_wconf 88' lang='grc' dir='ltr'>μοι</span> <span class='ocrx_word' id='word_1_366' title='bbox 3207 1817 3264 1869; x_wconf 85' lang='grc' dir='ltr'>δέ</span> <span class='ocrx_word' id='word_1_367' title='bbox 3294 1815 3526 1884; x_wconf 86' lang='grc' dir='ltr'>γένοιτο.</span> <span class='ocrx_word' id='word_1_368' title='bbox 3569 1813 3644 1866; x_wconf 87' lang='grc' dir='ltr'>Τό</span> <span class='ocrx_word' id='word_1_369' title='bbox 3665 1828 3722 1865; x_wconf 77' lang='grc' dir='ltr'>τε</span> 
     </span>
    </p>
   </div>
   <div class='ocr_carea' id='block_1_48' title="bbox 2145 1907 3725 1980">
    <p class='ocr_par' dir='ltr' id='par_1_48' title="bbox 2145 1907 3725 1980">
     <span class='ocr_line' id='line_1_48' title="bbox 2145 1907 3725 1980; baseline -0.001 -18"><span class='ocrx_word' id='word_1_370' title='bbox 2145 1908 2258 1978; x_wconf 82' lang='grc' dir='ltr'>γὰρ</span> <span class='ocrx_word' id='word_1_371' title='bbox 2281 1909 2340 1962; x_wconf 84' lang='grc' dir='ltr'>ἐν</span> <span class='ocrx_word' id='word_1_372' title='bbox 2368 1911 2482 1972; x_wconf 90' lang='grc' dir='ltr'>τοῖς</span> <span class='ocrx_word' id='word_1_373' title='bbox 2507 1908 2772 1972; x_wconf 87' lang='grc' dir='ltr'>τοιούτοις</span> <span class='ocrx_word' id='word_1_374' title='bbox 2800 1909 3098 1980; x_wconf 79' lang='grc' dir='ltr'>ἀμυντικὸν</span> <span class='ocrx_word' id='word_1_375' title='bbox 3131 1909 3192 1962; x_wconf 82' lang='grc' dir='ltr'>οὐ</span> <span class='ocrx_word' id='word_1_376' title='bbox 3222 1909 3360 1976; x_wconf 79' lang='grc' dir='ltr'>πρὸς</span> <span class='ocrx_word' id='word_1_377' title='bbox 3397 1907 3610 1977; x_wconf 83' lang='grc' dir='ltr'>ἀγαθοῦ</span> <span class='ocrx_word' id='word_1_378' title='bbox 3635 1908 3725 1960; x_wconf 80' lang='grc' dir='ltr'>ἀν-</span> 
     </span>
    </p>
   </div>
   <div class='ocr_carea' id='block_1_49' title="bbox 2145 1999 3724 2072">
    <p class='ocr_par' dir='ltr' id='par_1_49' title="bbox 2145 1999 3724 2072">
     <span class='ocr_line' id='line_1_49' title="bbox 2145 1999 3724 2072; baseline -0.001 -18"><span class='ocrx_word' id='word_1_379' title='bbox 2145 1999 2296 2070; x_wconf 77' lang='grc' dir='ltr'>δρὸς,</span> <span class='ocrx_word' id='word_1_380' title='bbox 2342 2003 2438 2056; x_wconf 72' lang='grc' dir='ltr'>καὶ</span> <span class='ocrx_word' id='word_1_381' title='bbox 2467 2001 2589 2056; x_wconf 79' lang='grc' dir='ltr'>οὐδὲ</span> <span class='ocrx_word' id='word_1_382' title='bbox 2617 2001 2916 2072; x_wconf 87' lang='grc' dir='ltr'>τεκμήριον</span> <span class='ocrx_word' id='word_1_383' title='bbox 2957 2001 3229 2072; x_wconf 80' lang='grc' dir='ltr'>σταθηρὸν</span> <span class='ocrx_word' id='word_1_384' title='bbox 3273 2002 3336 2054; x_wconf 81' lang='grc' dir='ltr'>τὸ</span> <span class='ocrx_word' id='word_1_385' title='bbox 3368 2001 3601 2070; x_wconf 81' lang='grc' dir='ltr'>γράμμς</span> <span class='ocrx_word' id='word_1_386' title='bbox 3640 2016 3724 2068; x_wconf 82' lang='grc' dir='ltr'>φιο</span> 
     </span>
    </p>
   </div>
   <div class='ocr_carea' id='block_1_50' title="bbox 2146 2093 3726 2166">
    <p class='ocr_par' dir='ltr' id='par_1_50' title="bbox 2146 2093 3726 2166">
     <span class='ocr_line' id='line_1_50' title="bbox 2146 2093 3726 2166; baseline -0.003 -16"><span class='ocrx_word' id='word_1_387' title='bbox 2146 2095 2290 2158; x_wconf 88' lang='grc' dir='ltr'>λίας.</span> <span class='ocrx_word' id='word_1_388' title='bbox 2335 2095 2499 2148; x_wconf 81' lang='grc' dir='ltr'>Ἀλλὰ</span> <span class='ocrx_word' id='word_1_389' title='bbox 2538 2096 2704 2150; x_wconf 80' lang='grc' dir='ltr'>καλὸν</span> <span class='ocrx_word' id='word_1_390' title='bbox 2735 2097 2856 2166; x_wconf 77' lang='grc' dir='ltr'>μὲν,</span> <span class='ocrx_word' id='word_1_391' title='bbox 2890 2097 2939 2148; x_wconf 85' lang='grc' dir='ltr'>εί</span> <span class='ocrx_word' id='word_1_392' title='bbox 2977 2094 3250 2160; x_wconf 84' lang='grc' dir='ltr'>πέμποιτο</span> <span class='ocrx_word' id='word_1_393' title='bbox 3273 2111 3287 2126; x_wconf 79' lang='grc'><strong>⁸</strong></span> <span class='ocrx_word' id='word_1_394' title='bbox 3325 2095 3401 2165; x_wconf 83' lang='grc' dir='ltr'>μὴ</span> <span class='ocrx_word' id='word_1_395' title='bbox 3438 2093 3726 2161; x_wconf 73' lang='grc' dir='ltr'>στελλόμεο</span> 
     </span>
    </p>
   </div>
   <div class='ocr_carea' id='block_1_51' title="bbox 2147 2185 3724 2258">
    <p class='ocr_par' dir='ltr' id='par_1_51' title="bbox 2147 2185 3724 2258">
     <span class='ocr_line' id='line_1_51' title="bbox 2147 2185 3724 2258; baseline -0.001 -18"><span class='ocrx_word' id='word_1_396' title='bbox 2147 2203 2238 2240; x_wconf 88' lang='grc' dir='ltr'>νον</span> <span class='ocrx_word' id='word_1_397' title='bbox 2262 2187 2319 2241; x_wconf 82' lang='grc' dir='ltr'>δέ</span> <span class='ocrx_word' id='word_1_398' title='bbox 2345 2185 2436 2242; x_wconf 88' lang='grc' dir='ltr'>διά</span> <span class='ocrx_word' id='word_1_399' title='bbox 2464 2205 2517 2241; x_wconf 89' lang='grc' dir='ltr'>τι</span> <span class='ocrx_word' id='word_1_400' title='bbox 2540 2187 2927 2258; x_wconf 88' lang='grc' dir='ltr'>παρεμπίπτον</span> <span class='ocrx_word' id='word_1_401' title='bbox 2954 2188 3218 2258; x_wconf 86' lang='grc' dir='ltr'>ἀνάγκης,</span> <span class='ocrx_word' id='word_1_402' title='bbox 3245 2187 3398 2240; x_wconf 82' lang='grc' dir='ltr'>οὐδὲν</span> <span class='ocrx_word' id='word_1_403' title='bbox 3423 2186 3524 2258; x_wconf 78' lang='grc' dir='ltr'>τὴν</span> <span class='ocrx_word' id='word_1_404' title='bbox 3547 2185 3724 2255; x_wconf 82' lang='grc' dir='ltr'>φιλίαν</span> 
     </span>
    </p>
   </div>
   <div class='ocr_carea' id='block_1_52' title="bbox 2148 2278 3724 2350">
    <p class='ocr_par' dir='ltr' id='par_1_52' title="bbox 2148 2278 3724 2350">
     <span class='ocr_line' id='line_1_52' title="bbox 2148 2278 3724 2350; baseline -0.004 -16"><span class='ocrx_word' id='word_1_405' title='bbox 2148 2280 2442 2348; x_wconf 84' lang='grc' dir='ltr'>ἐλύπησεν,</span> <span class='ocrx_word' id='word_1_406' title='bbox 2502 2281 2623 2334; x_wconf 74' lang='grc' dir='ltr'>οὐδὲ</span> <span class='ocrx_word' id='word_1_407' title='bbox 2671 2281 3130 2350; x_wconf 61' lang='grc' dir='ltr'>⁸παρενεπόδισειιν.</span> <span class='ocrx_word' id='word_1_408' title='bbox 3179 2280 3295 2333; x_wconf 84' lang='grc' dir='ltr'>Οὐκ</span> <span class='ocrx_word' id='word_1_409' title='bbox 3342 2278 3724 2347; x_wconf 81' lang='grc' dir='ltr'>ἀντεπάγομεν</span> 
     </span>
    </p>
   </div>
   <div class='ocr_carea' id='block_1_53' title="bbox 2148 2370 3724 2442">
    <p class='ocr_par' dir='ltr' id='par_1_53' title="bbox 2148 2370 3724 2442">
     <span class='ocr_line' id='line_1_53' title="bbox 2148 2370 3724 2442; baseline -0.003 -17"><span class='ocrx_word' id='word_1_410' title='bbox 2148 2371 2242 2426; x_wconf 81' lang='grc' dir='ltr'>οὖν</span> <span class='ocrx_word' id='word_1_411' title='bbox 2273 2372 2364 2426; x_wconf 79' lang='grc' dir='ltr'>διὰ</span> <span class='ocrx_word' id='word_1_412' title='bbox 2395 2372 2567 2426; x_wconf 87' lang='grc' dir='ltr'>ταῦτα</span> <span class='ocrx_word' id='word_1_413' title='bbox 2597 2373 2658 2424; x_wconf 84' lang='grc' dir='ltr'>τὸ</span> <span class='ocrx_word' id='word_1_414' title='bbox 2709 2374 2826 2426; x_wconf 83' lang='grc' dir='ltr'>ῖσον</span> <span class='ocrx_word' id='word_1_415' title='bbox 2856 2374 2954 2442; x_wconf 82' lang='grc' dir='ltr'>τῆς</span> <span class='ocrx_word' id='word_1_416' title='bbox 2991 2370 3304 2432; x_wconf 81' lang='grc' dir='ltr'>αίτιάσεως.</span> <span class='ocrx_word' id='word_1_417' title='bbox 3323 2370 3724 2438; x_wconf 83' lang='grc' dir='ltr'>Ἀπολογοῦμαι</span> 
     </span>
    </p>
   </div>
   <div class='ocr_carea' id='block_1_54' title="bbox 2147 2467 3726 2540">
    <p class='ocr_par' dir='ltr' id='par_1_54' title="bbox 2147 2467 3726 2540">
     <span class='ocr_line' id='line_1_54' title="bbox 2147 2467 3726 2540; baseline -0.004 -16"><span class='ocrx_word' id='word_1_418' title='bbox 2147 2472 2224 2534; x_wconf 83' lang='grc' dir='ltr'>δέ,</span> <span class='ocrx_word' id='word_1_419' title='bbox 2262 2468 2621 2539; x_wconf 82' lang='grc' dir='ltr'>ὕποφητεύων</span> <span class='ocrx_word' id='word_1_420' title='bbox 2665 2471 2728 2537; x_wconf 83' lang='grc' dir='ltr'>τῇ</span> <span class='ocrx_word' id='word_1_421' title='bbox 2772 2468 3039 2540; x_wconf 77' lang='grc' dir='ltr'>ἀληθείᾳ·</span> <span class='ocrx_word' id='word_1_422' title='bbox 3075 2468 3170 2520; x_wconf 80' lang='grc' dir='ltr'>καὶ</span> <span class='ocrx_word' id='word_1_423' title='bbox 3222 2467 3503 2531; x_wconf 81' lang='grc' dir='ltr'>πέποιθα,</span> <span class='ocrx_word' id='word_1_424' title='bbox 3560 2467 3632 2535; x_wconf 84' lang='grc' dir='ltr'>μὴ</span> <span class='ocrx_word' id='word_1_425' title='bbox 3663 2467 3726 2519; x_wconf 74' lang='grc' dir='ltr'>ἂν</span> 
     </span>
    </p>
   </div>
   <div class='ocr_carea' id='block_1_55' title="bbox 2149 2555 3727 2632">
    <p class='ocr_par' dir='ltr' id='par_1_55' title="bbox 2149 2555 3727 2632">
     <span class='ocr_line' id='line_1_55' title="bbox 2149 2555 3727 2632; baseline -0.003 -16"><span class='ocrx_word' id='word_1_426' title='bbox 2149 2563 2354 2616; x_wconf 81' lang='grc' dir='ltr'>ἁλῶναι</span> <span class='ocrx_word' id='word_1_427' title='bbox 2402 2561 2656 2632; x_wconf 80' lang='grc' dir='ltr'>ψεύδους,</span> <span class='ocrx_word' id='word_1_428' title='bbox 2685 2560 2771 2628; x_wconf 82' lang='grc' dir='ltr'>ἐφ’</span> <span class='ocrx_word' id='word_1_429' title='bbox 2826 2555 2908 2623; x_wconf 77' lang='grc' dir='ltr'>οἷς</span> <span class='ocrx_word' id='word_1_430' title='bbox 2941 2559 3073 2632; x_wconf 85' lang='grc' dir='ltr'>ἐρῶ.</span> <span class='ocrx_word' id='word_1_431' title='bbox 3108 2562 3223 2612; x_wconf 82' lang='grc' dir='ltr'>Οὐκ</span> <span class='ocrx_word' id='word_1_432' title='bbox 3279 2558 3604 2621; x_wconf 87' lang='grc' dir='ltr'>ἐπιστέλλω,</span> <span class='ocrx_word' id='word_1_433' title='bbox 3643 2558 3727 2611; x_wconf 79' lang='grc' dir='ltr'>δέ·</span> 
     </span>
    </p>
   </div>
   <div class='ocr_carea' id='block_1_56' title="bbox 2150 2652 3730 2722">
    <p class='ocr_par' dir='ltr' id='par_1_56' title="bbox 2150 2652 3730 2722">
     <span class='ocr_line' id='line_1_56' title="bbox 2150 2652 3730 2722; baseline -0.003 -13"><span class='ocrx_word' id='word_1_434' title='bbox 2150 2673 2347 2722; x_wconf 89' lang='grc' dir='ltr'>σποτα,</span> <span class='ocrx_word' id='word_1_435' title='bbox 2399 2654 2487 2708; x_wconf 88' lang='grc' dir='ltr'>διά</span> <span class='ocrx_word' id='word_1_436' title='bbox 2534 2654 2664 2716; x_wconf 85' lang='grc' dir='ltr'>τοὺς</span> <span class='ocrx_word' id='word_1_437' title='bbox 2711 2653 2930 2722; x_wconf 83' lang='grc' dir='ltr'>φαύλως</span> <span class='ocrx_word' id='word_1_438' title='bbox 2969 2652 3353 2714; x_wconf 89' lang='grc' dir='ltr'>διακονοῦντας</span> <span class='ocrx_word' id='word_1_439' title='bbox 3397 2655 3513 2715; x_wconf 83' lang='grc' dir='ltr'>τοῖς</span> <span class='ocrx_word' id='word_1_440' title='bbox 3553 2654 3730 2722; x_wconf 82' lang='grc' dir='ltr'>γράμ-</span> 
     </span>
    </p>
   </div>
   <div class='ocr_carea' id='block_1_57' title="bbox 2150 2745 3728 2820">
    <p class='ocr_par' dir='ltr' id='par_1_57' title="bbox 2150 2745 3728 2820">
     <span class='ocr_line' id='line_1_57' title="bbox 2150 2745 3728 2820; baseline -0.004 -18"><span class='ocrx_word' id='word_1_441' title='bbox 2150 2766 2306 2820; x_wconf 86' lang='grc' dir='ltr'>μασι,</span> <span class='ocrx_word' id='word_1_442' title='bbox 2341 2747 2556 2801; x_wconf 72' lang='grc' dir='ltr'>καὶτὸν</span> <span class='ocrx_word' id='word_1_443' title='bbox 2599 2747 2776 2801; x_wconf 74' lang='grc' dir='ltr'>κοινὸν</span> <span class='ocrx_word' id='word_1_444' title='bbox 2814 2745 3135 2808; x_wconf 88' lang='grc' dir='ltr'>ἀδικοῦντας</span> <span class='ocrx_word' id='word_1_445' title='bbox 3172 2745 3384 2816; x_wconf 78' lang='grc' dir='ltr'>Ἑρμῆν</span> <span class='ocrx_word' id='word_1_446' title='bbox 3409 2763 3424 2776; x_wconf 87' lang='grc'><strong>·</strong></span> <span class='ocrx_word' id='word_1_447' title='bbox 3459 2746 3512 2798; x_wconf 83' lang='grc' dir='ltr'>οἶ</span> <span class='ocrx_word' id='word_1_448' title='bbox 3561 2747 3728 2814; x_wconf 69' lang='grc' dir='ltr'>χειρίς</span> 
     </span>
    </p>
   </div>
   <div class='ocr_carea' id='block_1_58' title="bbox 2149 2837 3729 2911">
    <p class='ocr_par' dir='ltr' id='par_1_58' title="bbox 2149 2837 3729 2911">
     <span class='ocr_line' id='line_1_58' title="bbox 2149 2837 3729 2911; baseline -0.004 -15"><span class='ocrx_word' id='word_1_449' title='bbox 2149 2841 2345 2896; x_wconf 91' lang='grc' dir='ltr'>σασθαι</span> <span class='ocrx_word' id='word_1_450' title='bbox 2382 2841 2482 2911; x_wconf 79' lang='grc' dir='ltr'>μὲν</span> <span class='ocrx_word' id='word_1_451' title='bbox 2509 2837 2811 2893; x_wconf 74' lang='grc' dir='ltr'>ἐπιστολῶν</span> <span class='ocrx_word' id='word_1_452' title='bbox 2862 2838 3011 2892; x_wconf 83' lang='grc' dir='ltr'>ἀετοὶ</span> <span class='ocrx_word' id='word_1_453' title='bbox 3038 2837 3343 2901; x_wconf 88' lang='grc' dir='ltr'>ὠκυπετεῖς</span> <span class='ocrx_word' id='word_1_454' title='bbox 3380 2837 3729 2906; x_wconf 80' lang='grc' dir='ltr'>ἐφίπτανται,</span> 
     </span>
    </p>
   </div>
   <div class='ocr_carea' id='block_1_59' title="bbox 2147 2928 3732 3004">
    <p class='ocr_par' dir='ltr' id='par_1_59' title="bbox 2147 2928 3732 3004">
     <span class='ocr_line' id='line_1_59' title="bbox 2147 2928 3732 3004; baseline -0.003 -16"><span class='ocrx_word' id='word_1_455' title='bbox 2147 2933 2374 3004; x_wconf 89' lang='grc' dir='ltr'>κομίσαι</span> <span class='ocrx_word' id='word_1_456' title='bbox 2403 2934 2459 2986; x_wconf 84' lang='grc' dir='ltr'>δέ</span> <span class='ocrx_word' id='word_1_457' title='bbox 2502 2933 2582 3003; x_wconf 85' lang='grc' dir='ltr'>τῷ</span> <span class='ocrx_word' id='word_1_458' title='bbox 2630 2931 2768 3002; x_wconf 82' lang='grc' dir='ltr'>φίλῳ</span> <span class='ocrx_word' id='word_1_459' title='bbox 2795 2932 2889 2984; x_wconf 75' lang='grc' dir='ltr'>καὶ</span> <span class='ocrx_word' id='word_1_460' title='bbox 2913 2930 3052 3000; x_wconf 78' lang='grc' dir='ltr'>ὑπὲρ</span> <span class='ocrx_word' id='word_1_461' title='bbox 3080 2930 3208 2992; x_wconf 72' lang='grc' dir='ltr'>τοὺς</span> <span class='ocrx_word' id='word_1_462' title='bbox 3245 2930 3401 2992; x_wconf 76' lang='grc' dir='ltr'>ὅνους</span> <span class='ocrx_word' id='word_1_463' title='bbox 3432 2928 3732 2997; x_wconf 85' lang='grc' dir='ltr'>νωθρεύον-</span> 
     </span>
    </p>
   </div>
   <div class='ocr_carea' id='block_1_60' title="bbox 2147 3019 3733 3096">
    <p class='ocr_par' dir='ltr' id='par_1_60' title="bbox 2147 3019 3733 3096">
     <span class='ocr_line' id='line_1_60' title="bbox 2147 3019 3733 3096; baseline -0.001 -17"><span class='ocrx_word' id='word_1_464' title='bbox 2147 3025 2573 3096; x_wconf 84' lang='grc' dir='ltr'>ται.Κερδαλέοι</span> <span class='ocrx_word' id='word_1_465' title='bbox 2628 3025 2798 3092; x_wconf 80' lang='grc' dir='ltr'>τινὲς,</span> <span class='ocrx_word' id='word_1_466' title='bbox 2845 3020 3025 3094; x_wconf 76' lang='grc' dir='ltr'>οἶμαι,</span> <span class='ocrx_word' id='word_1_467' title='bbox 3069 3019 3214 3078; x_wconf 79' lang='grc' dir='ltr'>οὗτοι</span> <span class='ocrx_word' id='word_1_468' title='bbox 3269 3024 3573 3094; x_wconf 79' lang='grc' dir='ltr'>ἄνθρωποι,</span> <span class='ocrx_word' id='word_1_469' title='bbox 3628 3024 3733 3092; x_wconf 77' lang='grc' dir='ltr'>πρὸ</span> 
     </span>
    </p>
   </div>
   <div class='ocr_carea' id='block_1_61' title="bbox 471 3112 3732 3191">
    <p class='ocr_par' dir='ltr' id='par_1_61' title="bbox 471 3112 3732 3191">
     <span class='ocr_line' id='line_1_61' title="bbox 471 3112 3732 3191; baseline 0.002 -27"><span class='ocrx_word' id='word_1_470' title='bbox 471 3129 638 3180; x_wconf 89' lang='grc' dir='ltr'>τυμα.</span> <span class='ocrx_word' id='word_1_471' title='bbox 680 3112 794 3164; x_wconf 89' lang='lat' dir='ltr'>Kal</span> <span class='ocrx_word' id='word_1_472' title='bbox 837 3113 990 3166; x_wconf 81' lang='grc' dir='ltr'>ἐσται</span> <span class='ocrx_word' id='word_1_473' title='bbox 1021 3113 1138 3176; x_wconf 88' lang='grc' dir='ltr'>τοῖς</span> <span class='ocrx_word' id='word_1_474' title='bbox 1184 3114 1284 3182; x_wconf 80' lang='grc' dir='ltr'>μὲν</span> <span class='ocrx_word' id='word_1_475' title='bbox 1328 3115 1638 3183; x_wconf 81' lang='grc' dir='ltr'>φιλοκάλοις</span> <span class='ocrx_word' id='word_1_476' title='bbox 1667 3116 1744 3179; x_wconf 86' lang='grc' dir='ltr'>ὡς</span> <span class='ocrx_word' id='word_1_477' title='bbox 1785 3119 2007 3187; x_wconf 75' lang='grc' dir='ltr'>ἥδυσμα</span> <span class='ocrx_word' id='word_1_478' title='bbox 2030 3135 2044 3151; x_wconf 76' lang='grc' dir='ltr'><strong>ο</strong></span> <span class='ocrx_word' id='word_1_479' title='bbox 2074 3115 2119 3174; x_wconf 85' lang='lat' dir='ltr'><strong><em>C</em></strong></span> <span class='ocrx_word' id='word_1_480' title='bbox 2151 3119 2318 3191; x_wconf 75' lang='grc' dir='ltr'>ἔργου</span> <span class='ocrx_word' id='word_1_481' title='bbox 2351 3118 2648 3190; x_wconf 82' lang='grc' dir='ltr'>τιθέμενοι,</span> <span class='ocrx_word' id='word_1_482' title='bbox 2691 3119 2967 3189; x_wconf 81' lang='grc' dir='ltr'>χαρτάρια</span> <span class='ocrx_word' id='word_1_483' title='bbox 3009 3118 3369 3188; x_wconf 88' lang='grc' dir='ltr'>ἐπισωρεύειν</span> <span class='ocrx_word' id='word_1_484' title='bbox 3407 3119 3604 3188; x_wconf 77' lang='grc' dir='ltr'>συχνά,</span> <span class='ocrx_word' id='word_1_485' title='bbox 3640 3119 3732 3170; x_wconf 77' lang='grc' dir='ltr'>καὶ</span> 
     </span>
    </p>
   </div>
   <div class='ocr_carea' id='block_1_62' title="bbox 464 3203 2048 3280">
    <p class='ocr_par' dir='ltr' id='par_1_62' title="bbox 464 3203 2048 3280">
     <span class='ocr_line' id='line_1_62' title="bbox 464 3203 2048 3280; baseline 0.006 -25"><span class='ocrx_word' id='word_1_486' title='bbox 464 3204 583 3267; x_wconf 84' lang='grc' dir='ltr'>τοῖς</span> <span class='ocrx_word' id='word_1_487' title='bbox 626 3203 684 3257; x_wconf 83' lang='grc' dir='ltr'>δὲ</span> <span class='ocrx_word' id='word_1_488' title='bbox 720 3203 1018 3274; x_wconf 83' lang='grc' dir='ltr'>ὀψοφάγοις</span> <span class='ocrx_word' id='word_1_489' title='bbox 1062 3207 1140 3270; x_wconf 84' lang='grc' dir='ltr'>ὡς</span> <span class='ocrx_word' id='word_1_490' title='bbox 1179 3207 1331 3276; x_wconf 83' lang='grc' dir='ltr'>δψον,</span> <span class='ocrx_word' id='word_1_491' title='bbox 1364 3208 1488 3279; x_wconf 76' lang='grc' dir='ltr'>ἔχον</span> <span class='ocrx_word' id='word_1_492' title='bbox 1525 3225 1576 3264; x_wconf 91' lang='grc' dir='ltr'>τι</span> <span class='ocrx_word' id='word_1_493' title='bbox 1613 3209 1858 3280; x_wconf 87' lang='grc' dir='ltr'>χάριτος.</span> <span class='ocrx_word' id='word_1_494' title='bbox 1905 3211 2048 3275; x_wconf 89' lang='grc' dir='ltr'>Τούς</span> 
     </span>
    </p>
   </div>
   <div class='ocr_carea' id='block_1_63' title="bbox 468 3295 2049 3372">
    <p class='ocr_par' dir='ltr' id='par_1_63' title="bbox 468 3295 2049 3372">
     <span class='ocr_line' id='line_1_63' title="bbox 468 3295 2049 3372; baseline 0.006 -26"><span class='ocrx_word' id='word_1_495' title='bbox 468 3311 533 3360; x_wconf 86' lang='grc' dir='ltr'>γε</span> <span class='ocrx_word' id='word_1_496' title='bbox 588 3295 698 3366; x_wconf 80' lang='grc' dir='ltr'>μὴν</span> <span class='ocrx_word' id='word_1_497' title='bbox 753 3296 1144 3367; x_wconf 85' lang='grc' dir='ltr'>χαριεστέρους</span> <span class='ocrx_word' id='word_1_498' title='bbox 1201 3299 1434 3368; x_wconf 83' lang='grc' dir='ltr'>λυπήσει</span> <span class='ocrx_word' id='word_1_499' title='bbox 1491 3300 1845 3372; x_wconf 81' lang='grc' dir='ltr'>κατατμηθέν</span> <span class='ocrx_word' id='word_1_500' title='bbox 1904 3302 2049 3356; x_wconf 80' lang='grc' dir='ltr'>οὕτω</span> 
     </span>
    </p>
   </div>
   <div class='ocr_carea' id='block_1_64' title="bbox 468 3386 2050 3466">
    <p class='ocr_par' dir='ltr' id='par_1_64' title="bbox 468 3386 2050 3466">
     <span class='ocr_line' id='line_1_64' title="bbox 468 3386 2050 3466; baseline 0.006 -27"><span class='ocrx_word' id='word_1_501' title='bbox 468 3386 628 3441; x_wconf 89' lang='grc' dir='ltr'>τοῦτο</span> <span class='ocrx_word' id='word_1_502' title='bbox 672 3389 733 3442; x_wconf 86' lang='grc' dir='ltr'>τδ</span> <span class='ocrx_word' id='word_1_503' title='bbox 782 3390 965 3456; x_wconf 88' lang='grc' dir='ltr'>τίμιον</span> <span class='ocrx_word' id='word_1_504' title='bbox 1008 3390 1306 3463; x_wconf 81' lang='grc' dir='ltr'>κάρπιμον.</span> <span class='ocrx_word' id='word_1_505' title='bbox 1352 3392 1702 3463; x_wconf 79' lang='grc' dir='ltr'>Θεωρήσουσι</span> <span class='ocrx_word' id='word_1_506' title='bbox 1753 3394 1862 3466; x_wconf 81' lang='grc' dir='ltr'>γὰρ</span> <span class='ocrx_word' id='word_1_507' title='bbox 1890 3393 2050 3449; x_wconf 89' lang='grc' dir='ltr'>τοῦτο</span> 
     </span>
    </p>
   </div>
   <div class='ocr_carea' id='block_1_65' title="bbox 470 3480 2050 3557">
    <p class='ocr_par' dir='ltr' id='par_1_65' title="bbox 470 3480 2050 3557">
     <span class='ocr_line' id='line_1_65' title="bbox 470 3480 2050 3557; baseline 0.006 -25"><span class='ocrx_word' id='word_1_508' title='bbox 470 3481 611 3533; x_wconf 88' lang='grc' dir='ltr'>κατά</span> <span class='ocrx_word' id='word_1_509' title='bbox 638 3498 702 3550; x_wconf 90' lang='grc' dir='ltr'>γε</span> <span class='ocrx_word' id='word_1_510' title='bbox 731 3480 858 3545; x_wconf 84' lang='grc' dir='ltr'>τοὺς</span> <span class='ocrx_word' id='word_1_511' title='bbox 889 3481 1002 3537; x_wconf 76' lang='grc' dir='ltr'>ἄνω</span> <span class='ocrx_word' id='word_1_512' title='bbox 1038 3483 1228 3552; x_wconf 84' lang='grc' dir='ltr'>λόγους</span> <span class='ocrx_word' id='word_1_513' title='bbox 1251 3484 1345 3539; x_wconf 82' lang='grc' dir='ltr'>καὶ</span> <span class='ocrx_word' id='word_1_514' title='bbox 1374 3485 1450 3548; x_wconf 84' lang='grc' dir='ltr'>ὡς</span> <span class='ocrx_word' id='word_1_515' title='bbox 1475 3487 1674 3557; x_wconf 81' lang='grc' dir='ltr'>ἀρχὴν.</span> <span class='ocrx_word' id='word_1_516' title='bbox 1704 3487 1801 3540; x_wconf 73' lang='grc' dir='ltr'>καὶ</span> <span class='ocrx_word' id='word_1_517' title='bbox 1829 3487 1906 3551; x_wconf 82' lang='grc' dir='ltr'>ὡς</span> <span class='ocrx_word' id='word_1_518' title='bbox 1934 3505 2050 3542; x_wconf 88' lang='grc' dir='ltr'>κει-</span> 
     </span>
    </p>
   </div>
   <div class='ocr_carea' id='block_1_66' title="bbox 471 3570 2048 3649">
    <p class='ocr_par' dir='ltr' id='par_1_66' title="bbox 471 3570 2048 3649">
     <span class='ocr_line' id='line_1_66' title="bbox 471 3570 2048 3649; baseline 0.003 -21"><span class='ocrx_word' id='word_1_519' title='bbox 471 3577 686 3647; x_wconf 85' lang='grc' dir='ltr'>μήλιον,</span> <span class='ocrx_word' id='word_1_520' title='bbox 711 3578 805 3631; x_wconf 79' lang='grc' dir='ltr'>καὶ</span> <span class='ocrx_word' id='word_1_521' title='bbox 834 3577 910 3640; x_wconf 86' lang='grc' dir='ltr'>ὼς</span> <span class='ocrx_word' id='word_1_522' title='bbox 956 3577 1232 3648; x_wconf 88' lang='grc' dir='ltr'>ἐγγυητήν</span> <span class='ocrx_word' id='word_1_523' title='bbox 1256 3592 1272 3609; x_wconf 79' lang='grc' dir='ltr'><strong><em>ο</em></strong></span> <span class='ocrx_word' id='word_1_524' title='bbox 1305 3570 1382 3632; x_wconf 81' lang='grc' dir='ltr'>ὧν</span> <span class='ocrx_word' id='word_1_525' title='bbox 1408 3578 1623 3642; x_wconf 82' lang='grc' dir='ltr'>οὐδενός</span> <span class='ocrx_word' id='word_1_526' title='bbox 1665 3581 1834 3649; x_wconf 90' lang='grc' dir='ltr'>ἐσμεν</span> <span class='ocrx_word' id='word_1_527' title='bbox 1863 3581 2048 3635; x_wconf 87' lang='grc' dir='ltr'>ἀνεπί-</span> 
     </span>
    </p>
   </div>
   <div class='ocr_carea' id='block_1_67' title="bbox 471 3669 2050 3743">
    <p class='ocr_par' dir='ltr' id='par_1_67' title="bbox 471 3669 2050 3743">
     <span class='ocr_line' id='line_1_67' title="bbox 471 3669 2050 3743; baseline 0.004 -23"><span class='ocrx_word' id='word_1_528' title='bbox 471 3685 694 3740; x_wconf 86' lang='grc' dir='ltr'>στροφοι</span> <span class='ocrx_word' id='word_1_529' title='bbox 747 3669 1045 3740; x_wconf 80' lang='grc' dir='ltr'>ἄνθρωποι.</span> <span class='ocrx_word' id='word_1_530' title='bbox 1087 3669 1162 3722; x_wconf 88' lang='grc' dir='ltr'><em>Ἥ</em></span> <span class='ocrx_word' id='word_1_531' title='bbox 1206 3686 1268 3723; x_wconf 90' lang='grc' dir='ltr'>τε</span> <span class='ocrx_word' id='word_1_532' title='bbox 1321 3669 1430 3740; x_wconf 80' lang='grc' dir='ltr'>γὰρ</span> <span class='ocrx_word' id='word_1_533' title='bbox 1488 3671 1629 3742; x_wconf 80' lang='grc' dir='ltr'>ἀρχὴ</span> <span class='ocrx_word' id='word_1_534' title='bbox 1692 3672 1748 3726; x_wconf 87' lang='grc' dir='ltr'>ἐν</span> <span class='ocrx_word' id='word_1_535' title='bbox 1797 3676 2050 3743; x_wconf 76' lang='grc' dir='ltr'>τιμηταῖς</span> 
     </span>
    </p>
   </div>
   <div class='ocr_carea' id='block_1_68' title="bbox 473 3761 2052 3837">
    <p class='ocr_par' dir='ltr' id='par_1_68' title="bbox 473 3761 2052 3837">
     <span class='ocr_line' id='line_1_68' title="bbox 473 3761 2052 3837; baseline 0.006 -24"><span class='ocrx_word' id='word_1_536' title='bbox 473 3761 808 3829; x_wconf 87' lang='grc' dir='ltr'>σπουδαίοις,</span> <span class='ocrx_word' id='word_1_537' title='bbox 846 3764 939 3817; x_wconf 75' lang='grc' dir='ltr'>καὶ</span> <span class='ocrx_word' id='word_1_538' title='bbox 965 3763 1027 3816; x_wconf 79' lang='grc' dir='ltr'>τὸ</span> <span class='ocrx_word' id='word_1_539' title='bbox 1059 3765 1344 3834; x_wconf 82' lang='grc' dir='ltr'>κειμήλιον</span> <span class='ocrx_word' id='word_1_540' title='bbox 1378 3766 1681 3837; x_wconf 83' lang='grc' dir='ltr'>συνέχεται,</span> <span class='ocrx_word' id='word_1_541' title='bbox 1712 3767 1805 3821; x_wconf 79' lang='grc' dir='ltr'>καὶ</span> <span class='ocrx_word' id='word_1_542' title='bbox 1835 3771 1863 3822; x_wconf 84' lang='grc' dir='ltr'>ὀ</span> <span class='ocrx_word' id='word_1_543' title='bbox 1895 3769 2052 3836; x_wconf 82' lang='grc' dir='ltr'>ἐξεγ-</span> 
     </span>
    </p>
   </div>
   <div class='ocr_carea' id='block_1_69' title="bbox 471 3851 2047 3928">
    <p class='ocr_par' dir='ltr' id='par_1_69' title="bbox 471 3851 2047 3928">
     <span class='ocr_line' id='line_1_69' title="bbox 471 3851 2047 3928; baseline 0.006 -22"><span class='ocrx_word' id='word_1_544' title='bbox 471 3851 753 3922; x_wconf 75' lang='grc' dir='ltr'>γυώμενος</span> <span class='ocrx_word' id='word_1_545' title='bbox 800 3856 1142 3926; x_wconf 89' lang='grc' dir='ltr'>περιέπεται.</span> <span class='ocrx_word' id='word_1_546' title='bbox 1189 3858 1549 3928; x_wconf 79' lang='grc' dir='ltr'>Μεμνήσεται</span> <span class='ocrx_word' id='word_1_547' title='bbox 1580 3859 1638 3914; x_wconf 84' lang='grc' dir='ltr'>δὲ</span> <span class='ocrx_word' id='word_1_548' title='bbox 1667 3862 1696 3913; x_wconf 90' lang='grc' dir='ltr'>ὀ</span> <span class='ocrx_word' id='word_1_549' title='bbox 1735 3859 1832 3914; x_wconf 88' lang='grc' dir='ltr'>τοῦ</span> <span class='ocrx_word' id='word_1_550' title='bbox 1880 3861 2047 3916; x_wconf 88' lang='grc' dir='ltr'>καλοῦ</span> 
     </span>
    </p>
   </div>
   <div class='ocr_carea' id='block_1_70' title="bbox 470 3947 2051 4026">
    <p class='ocr_par' dir='ltr' id='par_1_70' title="bbox 470 3947 2051 4026">
     <span class='ocr_line' id='line_1_70' title="bbox 470 3947 2051 4026; baseline 0.006 -26"><span class='ocrx_word' id='word_1_551' title='bbox 470 3947 661 4003; x_wconf 90' lang='grc' dir='ltr'>τούτου</span> <span class='ocrx_word' id='word_1_552' title='bbox 690 3949 881 4018; x_wconf 85' lang='grc' dir='ltr'>φαγὼν</span> <span class='ocrx_word' id='word_1_553' title='bbox 909 3949 1006 4018; x_wconf 83' lang='grc' dir='ltr'>τῆς</span> <span class='ocrx_word' id='word_1_554' title='bbox 1037 3949 1320 4022; x_wconf 84' lang='grc' dir='ltr'>ήδύτητος,</span> <span class='ocrx_word' id='word_1_555' title='bbox 1347 3952 1425 4016; x_wconf 87' lang='grc' dir='ltr'>ὡς</span> <span class='ocrx_word' id='word_1_556' title='bbox 1451 3953 1502 4006; x_wconf 85' lang='grc' dir='ltr'>εί</span> <span class='ocrx_word' id='word_1_557' title='bbox 1533 3953 1630 4008; x_wconf 70' lang='grc' dir='ltr'>καὶ</span> <span class='ocrx_word' id='word_1_558' title='bbox 1660 3953 1836 4009; x_wconf 90' lang='grc' dir='ltr'>λωτοῦ</span> <span class='ocrx_word' id='word_1_559' title='bbox 1865 3957 2051 4026; x_wconf 83' lang='grc' dir='ltr'>ἐνεφο-</span> 
     </span>
    </p>
   </div>
   <div class='ocr_carea' id='block_1_71' title="bbox 475 4039 1690 4117">
    <p class='ocr_par' dir='ltr' id='par_1_71' title="bbox 475 4039 1690 4117">
     <span class='ocr_line' id='line_1_71' title="bbox 475 4039 1690 4117; baseline 0.007 -27"><span class='ocrx_word' id='word_1_560' title='bbox 475 4039 639 4110; x_wconf 88' lang='grc' dir='ltr'>ρήθη,</span> <span class='ocrx_word' id='word_1_561' title='bbox 668 4039 780 4094; x_wconf 73' lang='grc' dir='ltr'>εἴτε</span> <span class='ocrx_word' id='word_1_562' title='bbox 815 4041 924 4114; x_wconf 78' lang='grc' dir='ltr'>μὴν</span> <span class='ocrx_word' id='word_1_563' title='bbox 957 4043 1266 4113; x_wconf 87' lang='grc' dir='ltr'>ἀμϐροσίας</span> <span class='ocrx_word' id='word_1_564' title='bbox 1295 4047 1390 4098; x_wconf 80' lang='grc' dir='ltr'>καὶ</span> <span class='ocrx_word' id='word_1_565' title='bbox 1425 4045 1690 4117; x_wconf 88' lang='grc' dir='ltr'>νέκταρος</span> 
     </span>
    </p>
   </div>
   <div class='ocr_carea' id='block_1_72' title="bbox 1196 4136 1330 4190">
    <p class='ocr_par' dir='ltr' id='par_1_72' title="bbox 1196 4136 1330 4190">
     <span class='ocr_line' id='line_1_72' title="bbox 1196 4136 1330 4190; baseline 0 -1"><span class='ocrx_word' id='word_1_566' title='bbox 1196 4136 1330 4190; x_wconf 81' lang='lat' dir='ltr'>MI&quot;.</span> 
     </span>
    </p>
   </div>
   <div class='ocr_carea' id='block_1_73' title="bbox 1036 4222 1486 4296">
    <p class='ocr_par' dir='ltr' id='par_1_73' title="bbox 1036 4222 1486 4296">
     <span class='ocr_line' id='line_1_73' title="bbox 1036 4222 1486 4296; baseline 0.016 -19"><span class='ocrx_word' id='word_1_567' title='bbox 1036 4222 1119 4289; x_wconf 81' lang='grc' dir='ltr'>Τῷ</span> <span class='ocrx_word' id='word_1_568' title='bbox 1156 4225 1486 4296; x_wconf 82' lang='grc' dir='ltr'>δισυπάτφ.</span> 
     </span>
    </p>
   </div>
   <div class='ocr_carea' id='block_1_74' title="bbox 549 4311 2050 4388">
    <p class='ocr_par' dir='ltr' id='par_1_74' title="bbox 549 4311 2050 4388">
     <span class='ocr_line' id='line_1_74' title="bbox 549 4311 2050 4388; baseline 0.011 -24"><span class='ocrx_word' id='word_1_569' title='bbox 549 4311 710 4367; x_wconf 82' lang='grc' dir='ltr'>Ἀλλο</span> <span class='ocrx_word' id='word_1_570' title='bbox 738 4315 798 4368; x_wconf 82' lang='grc' dir='ltr'>οὐ</span> <span class='ocrx_word' id='word_1_571' title='bbox 850 4316 1124 4386; x_wconf 77' lang='grc' dir='ltr'>γράφειςς</span> <span class='ocrx_word' id='word_1_572' title='bbox 1157 4317 1358 4373; x_wconf 84' lang='grc' dir='ltr'>Οὐκέτι</span> <span class='ocrx_word' id='word_1_573' title='bbox 1387 4320 1608 4388; x_wconf 86' lang='grc' dir='ltr'>λαλεῖς;</span> <span class='ocrx_word' id='word_1_574' title='bbox 1651 4324 1822 4379; x_wconf 83' lang='grc' dir='ltr'>Τοῦτο</span> <span class='ocrx_word' id='word_1_575' title='bbox 1853 4327 2050 4381; x_wconf 83' lang='grc' dir='ltr'>κατάν-</span> 
     </span>
    </p>
   </div>
   <div class='ocr_carea' id='block_1_75' title="bbox 470 4407 2050 4486">
    <p class='ocr_par' dir='ltr' id='par_1_75' title="bbox 470 4407 2050 4486">
     <span class='ocr_line' id='line_1_75' title="bbox 470 4407 2050 4486; baseline 0.011 -31"><span class='ocrx_word' id='word_1_576' title='bbox 470 4420 623 4474; x_wconf 83' lang='grc' dir='ltr'>τημα</span> <span class='ocrx_word' id='word_1_577' title='bbox 657 4407 765 4459; x_wconf 87' lang='grc' dir='ltr'>τῶν</span> <span class='ocrx_word' id='word_1_578' title='bbox 796 4409 1008 4479; x_wconf 83' lang='grc' dir='ltr'>συχνῶν</span> <span class='ocrx_word' id='word_1_579' title='bbox 1036 4412 1261 4466; x_wconf 79' lang='grc' dir='ltr'>ἐκείνων</span> <span class='ocrx_word' id='word_1_580' title='bbox 1299 4413 1498 4482; x_wconf 86' lang='grc' dir='ltr'>λόγων,</span> <span class='ocrx_word' id='word_1_581' title='bbox 1525 4414 1586 4468; x_wconf 82' lang='grc' dir='ltr'>τὸ</span> <span class='ocrx_word' id='word_1_582' title='bbox 1614 4416 1739 4486; x_wconf 84' lang='grc' dir='ltr'>μηδ’</span> <span class='ocrx_word' id='word_1_583' title='bbox 1787 4417 1925 4482; x_wconf 81' lang='grc' dir='ltr'>ὅλως</span> <span class='ocrx_word' id='word_1_584' title='bbox 1954 4420 2050 4473; x_wconf 85' lang='grc' dir='ltr'>λα·-</span> 
     </span>
    </p>
   </div>
   <div class='ocr_carea' id='block_1_76' title="bbox 469 4496 2051 4576">
    <p class='ocr_par' dir='ltr' id='par_1_76' title="bbox 469 4496 2051 4576">
     <span class='ocr_line' id='line_1_76' title="bbox 469 4496 2051 4576; baseline 0.009 -28"><span class='ocrx_word' id='word_1_585' title='bbox 469 4496 616 4564; x_wconf 86' lang='grc' dir='ltr'>λεῖν;</span> <span class='ocrx_word' id='word_1_586' title='bbox 688 4497 886 4570; x_wconf 82' lang='grc' dir='ltr'>Ἐχρῆν</span> <span class='ocrx_word' id='word_1_587' title='bbox 914 4501 1005 4556; x_wconf 86' lang='grc' dir='ltr'>ἀσί</span> <span class='ocrx_word' id='word_1_588' title='bbox 1035 4500 1250 4576; x_wconf 85' lang='grc' dir='ltr'>[γητον]</span> <span class='ocrx_word' id='word_1_589' title='bbox 1299 4503 1546 4572; x_wconf 79' lang='grc' dir='ltr'>λιάζειν,</span> <span class='ocrx_word' id='word_1_590' title='bbox 1601 4507 1698 4561; x_wconf 73' lang='grc' dir='ltr'>καὶ</span> <span class='ocrx_word' id='word_1_591' title='bbox 1756 4507 1845 4562; x_wconf 70' lang='grc' dir='ltr'>ἀεὶ</span> <span class='ocrx_word' id='word_1_592' title='bbox 1893 4507 2051 4562; x_wconf 88' lang='grc' dir='ltr'>τοῦτο</span> 
     </span>
    </p>
   </div>
   <div class='ocr_carea' id='block_1_77' title="bbox 471 4587 2050 4665">
    <p class='ocr_par' dir='ltr' id='par_1_77' title="bbox 471 4587 2050 4665">
     <span class='ocr_line' id='line_1_77' title="bbox 471 4587 2050 4665; baseline 0.009 -29"><span class='ocrx_word' id='word_1_593' title='bbox 471 4588 666 4650; x_wconf 80' lang='grc' dir='ltr'>ποιεῖν,</span> <span class='ocrx_word' id='word_1_594' title='bbox 716 4587 861 4659; x_wconf 70' lang='grc' dir='ltr'>ἢπερ</span> <span class='ocrx_word' id='word_1_595' title='bbox 911 4590 1184 4661; x_wconf 84' lang='grc' dir='ltr'>ἁλάμενον</span> <span class='ocrx_word' id='word_1_596' title='bbox 1232 4595 1425 4648; x_wconf 86' lang='grc' dir='ltr'>τοσάδε</span> <span class='ocrx_word' id='word_1_597' title='bbox 1465 4594 1674 4665; x_wconf 76' lang='grc' dir='ltr'>(θετέον</span> <span class='ocrx_word' id='word_1_598' title='bbox 1718 4595 1784 4662; x_wconf 86' lang='grc' dir='ltr'>δ’,</span> <span class='ocrx_word' id='word_1_599' title='bbox 1817 4597 1900 4651; x_wconf 78' lang='grc' dir='ltr'>ὅτι</span> <span class='ocrx_word' id='word_1_600' title='bbox 1955 4597 2050 4650; x_wconf 73' lang='grc' dir='ltr'>καὶ</span> 
     </span>
    </p>
   </div>
   <div class='ocr_carea' id='block_1_78' title="bbox 473 4674 2052 4759">
    <p class='ocr_par' dir='ltr' id='par_1_78' title="bbox 473 4674 2052 4759">
     <span class='ocr_line' id='line_1_78' title="bbox 473 4674 2052 4759; baseline 0.008 -29"><span class='ocrx_word' id='word_1_601' title='bbox 473 4678 705 4749; x_wconf 77' lang='grc' dir='ltr'>μακρά),</span> <span class='ocrx_word' id='word_1_602' title='bbox 740 4674 861 4734; x_wconf 71' lang='grc' dir='ltr'>εἶτα</span> <span class='ocrx_word' id='word_1_603' title='bbox 893 4684 1328 4754; x_wconf 87' lang='grc' dir='ltr'>συμποδισθῆναι</span> <span class='ocrx_word' id='word_1_604' title='bbox 1369 4686 1464 4740; x_wconf 80' lang='grc' dir='ltr'>καὶ</span> <span class='ocrx_word' id='word_1_605' title='bbox 1499 4687 1836 4759; x_wconf 82' lang='grc' dir='ltr'>ἀκινητίζειν</span> <span class='ocrx_word' id='word_1_606' title='bbox 1865 4689 1947 4752; x_wconf 90' lang='grc' dir='ltr'>είς</span> <span class='ocrx_word' id='word_1_607' title='bbox 1990 4688 2052 4742; x_wconf 80' lang='grc' dir='ltr'>τὺ</span> 
     </span>
    </p>
   </div>
   <div class='ocr_carea' id='block_1_79' title="bbox 469 4769 2052 4852">
    <p class='ocr_par' dir='ltr' id='par_1_79' title="bbox 469 4769 2052 4852">
     <span class='ocr_line' id='line_1_79' title="bbox 469 4769 2052 4852; baseline 0.007 -31"><span class='ocrx_word' id='word_1_608' title='bbox 469 4769 598 4824; x_wconf 80' lang='grc' dir='ltr'>πᾶν.</span> <span class='ocrx_word' id='word_1_609' title='bbox 633 4771 742 4825; x_wconf 93' lang='lat' dir='ltr'>Kal</span> <span class='ocrx_word' id='word_1_610' title='bbox 772 4772 866 4826; x_wconf 88' lang='grc' dir='ltr'>τοῦ</span> <span class='ocrx_word' id='word_1_611' title='bbox 895 4775 1132 4846; x_wconf 84' lang='grc' dir='ltr'>σωλῆνος</span> <span class='ocrx_word' id='word_1_612' title='bbox 1172 4778 1335 4831; x_wconf 75' lang='grc' dir='ltr'>καλὸν</span> <span class='ocrx_word' id='word_1_613' title='bbox 1365 4780 1424 4833; x_wconf 83' lang='grc' dir='ltr'>τὸ</span> <span class='ocrx_word' id='word_1_614' title='bbox 1457 4778 1752 4852; x_wconf 90' lang='grc' dir='ltr'>σύστομον,</span> <span class='ocrx_word' id='word_1_615' title='bbox 1787 4781 1864 4846; x_wconf 86' lang='grc' dir='ltr'>ὡς</span> <span class='ocrx_word' id='word_1_616' title='bbox 1893 4780 1960 4835; x_wconf 86' lang='grc' dir='ltr'>ἂν</span> <span class='ocrx_word' id='word_1_617' title='bbox 1989 4781 2052 4833; x_wconf 81' lang='grc' dir='ltr'>τὸ</span> 
     </span>
    </p>
   </div>
   <div class='ocr_carea' id='block_1_80' title="bbox 469 4863 2052 4943">
    <p class='ocr_par' dir='ltr' id='par_1_80' title="bbox 469 4863 2052 4943">
     <span class='ocr_line' id='line_1_80' title="bbox 469 4863 2052 4943; baseline 0.006 -27"><span class='ocrx_word' id='word_1_618' title='bbox 469 4863 731 4934; x_wconf 76' lang='grc' dir='ltr'>ἐπιρρέον</span> <span class='ocrx_word' id='word_1_619' title='bbox 782 4864 926 4936; x_wconf 72' lang='grc' dir='ltr'>ὕδωρ</span> <span class='ocrx_word' id='word_1_620' title='bbox 963 4868 1294 4938; x_wconf 88' lang='grc' dir='ltr'>πνιγόμενον</span> <span class='ocrx_word' id='word_1_621' title='bbox 1335 4872 1435 4943; x_wconf 80' lang='grc' dir='ltr'>ῥέῃ</span> <span class='ocrx_word' id='word_1_622' title='bbox 1481 4873 1836 4943; x_wconf 78' lang='grc' dir='ltr'>παράμονονο</span> <span class='ocrx_word' id='word_1_623' title='bbox 1871 4873 1965 4926; x_wconf 87' lang='grc' dir='ltr'>ἐάν</span> <span class='ocrx_word' id='word_1_624' title='bbox 1994 4871 2052 4926; x_wconf 85' lang='grc' dir='ltr'>δέ</span> 
     </span>
    </p>
   </div>
   <div class='ocr_carea' id='block_1_81' title="bbox 372 4944 2044 5035">
    <p class='ocr_par' dir='ltr' id='par_1_81' title="bbox 372 4944 2044 5035">
     <span class='ocr_line' id='line_1_81' title="bbox 372 4944 2044 5035; baseline 0.008 -30"><span class='ocrx_word' id='word_1_625' title='bbox 372 4944 378 4951; x_wconf 78' lang='grc'><em>’</em></span> <span class='ocrx_word' id='word_1_626' title='bbox 468 4953 645 5009; x_wconf 87' lang='grc' dir='ltr'>πλατὺ</span> <span class='ocrx_word' id='word_1_627' title='bbox 673 4958 833 5030; x_wconf 82' lang='grc' dir='ltr'>χαίνῃ</span> <span class='ocrx_word' id='word_1_628' title='bbox 864 4957 1282 5033; x_wconf 80' lang='grc' dir='ltr'>[ἀνεῳγμέ]νον,</span> <span class='ocrx_word' id='word_1_629' title='bbox 1307 4961 1369 5017; x_wconf 84' lang='grc' dir='ltr'>τδ</span> <span class='ocrx_word' id='word_1_630' title='bbox 1384 4965 1494 5018; x_wconf 80' lang='grc' dir='ltr'>πᾶν</span> <span class='ocrx_word' id='word_1_631' title='bbox 1519 4963 1771 5035; x_wconf 81' lang='grc' dir='ltr'>ἐξήμεσε,</span> <span class='ocrx_word' id='word_1_632' title='bbox 1799 4965 1894 5019; x_wconf 77' lang='grc' dir='ltr'>καὶ</span> <span class='ocrx_word' id='word_1_633' title='bbox 1917 4965 2044 5019; x_wconf 79' lang='grc' dir='ltr'>οὐκ·</span> 
     </span>
    </p>
   </div>
   <div class='ocr_carea' id='block_1_82' title="bbox 469 5045 2052 5130">
    <p class='ocr_par' dir='ltr' id='par_1_82' title="bbox 469 5045 2052 5130">
     <span class='ocr_line' id='line_1_82' title="bbox 469 5045 2052 5130; baseline 0.009 -32"><span class='ocrx_word' id='word_1_634' title='bbox 469 5045 546 5100; x_wconf 78' lang='grc' dir='ltr'>ἐτ’</span> <span class='ocrx_word' id='word_1_635' title='bbox 572 5050 777 5112; x_wconf 79' lang='grc' dir='ltr'>ἐκεῖνος</span> <span class='ocrx_word' id='word_1_636' title='bbox 819 5050 1143 5123; x_wconf 79' lang='grc' dir='ltr'>εὔχρηστος.</span> <span class='ocrx_word' id='word_1_637' title='bbox 1171 5055 1533 5127; x_wconf 88' lang='grc' dir='ltr'>Συρφετώδης</span> <span class='ocrx_word' id='word_1_638' title='bbox 1583 5058 1703 5128; x_wconf 85' lang='grc' dir='ltr'>μὲν,</span> <span class='ocrx_word' id='word_1_639' title='bbox 1729 5057 1830 5111; x_wconf 83' lang='grc' dir='ltr'>οὐκ</span> <span class='ocrx_word' id='word_1_640' title='bbox 1854 5057 2052 5130; x_wconf 81' lang='grc' dir='ltr'>ἄχαρις</span> 
     </span>
    </p>
   </div>
   <div class='ocr_carea' id='block_1_83' title="bbox 467 5136 2051 5216">
    <p class='ocr_par' dir='ltr' id='par_1_83' title="bbox 467 5136 2051 5216">
     <span class='ocr_line' id='line_1_83' title="bbox 467 5136 2051 5216; baseline 0.008 -27"><span class='ocrx_word' id='word_1_641' title='bbox 467 5136 526 5190; x_wconf 81' lang='grc' dir='ltr'>δὲ</span> <span class='ocrx_word' id='word_1_642' title='bbox 571 5137 747 5205; x_wconf 85' lang='grc' dir='ltr'>λόγος,</span> <span class='ocrx_word' id='word_1_643' title='bbox 782 5141 841 5204; x_wconf 78' lang='grc' dir='ltr'>ὃς</span> <span class='ocrx_word' id='word_1_644' title='bbox 875 5143 1023 5211; x_wconf 87' lang='grc' dir='ltr'>φιλεῖ</span> <span class='ocrx_word' id='word_1_645' title='bbox 1048 5143 1215 5198; x_wconf 76' lang='grc' dir='ltr'>καλὸν</span> <span class='ocrx_word' id='word_1_646' title='bbox 1247 5145 1308 5198; x_wconf 83' lang='grc' dir='ltr'>τὸ</span> <span class='ocrx_word' id='word_1_647' title='bbox 1335 5146 1520 5216; x_wconf 81' lang='grc' dir='ltr'>ὀλίγον</span> <span class='ocrx_word' id='word_1_648' title='bbox 1563 5149 1659 5204; x_wconf 78' lang='grc' dir='ltr'>καὶ</span> <span class='ocrx_word' id='word_1_649' title='bbox 1700 5149 1952 5203; x_wconf 89' lang='grc' dir='ltr'>πάντοτε.</span> <span class='ocrx_word' id='word_1_650' title='bbox 1985 5148 2051 5204; x_wconf 80' lang='lat' dir='ltr'><strong>El</strong></span> 
     </span>
    </p>
   </div>
   <div class='ocr_carea' id='block_1_84' title="bbox 467 5222 2050 5304">
    <p class='ocr_par' dir='ltr' id='par_1_84' title="bbox 467 5222 2050 5304">
     <span class='ocr_line' id='line_1_84' title="bbox 467 5222 2050 5304; baseline 0.009 -30"><span class='ocrx_word' id='word_1_651' title='bbox 467 5222 526 5275; x_wconf 84' lang='grc' dir='ltr'>δὲ</span> <span class='ocrx_word' id='word_1_652' title='bbox 574 5224 636 5276; x_wconf 86' lang='grc' dir='ltr'>τὸ</span> <span class='ocrx_word' id='word_1_653' title='bbox 687 5226 998 5282; x_wconf 86' lang='grc' dir='ltr'>Δωδωναῖόν</span> <span class='ocrx_word' id='word_1_654' title='bbox 1057 5247 1150 5300; x_wconf 86' lang='grc' dir='ltr'>μοι</span> <span class='ocrx_word' id='word_1_655' title='bbox 1207 5233 1534 5304; x_wconf 87' lang='grc' dir='ltr'>περιφέρεις</span> <span class='ocrx_word' id='word_1_656' title='bbox 1587 5233 1860 5304; x_wconf 84' lang='grc' dir='ltr'>χαλκεῖον,</span> <span class='ocrx_word' id='word_1_657' title='bbox 1914 5235 2050 5289; x_wconf 88' lang='grc' dir='ltr'>ἀλλά</span> 
     </span>
    </p>
   </div>
   <div class='ocr_carea' id='block_1_85' title="bbox 467 5315 2052 5398">
    <p class='ocr_par' dir='ltr' id='par_1_85' title="bbox 467 5315 2052 5398">
     <span class='ocr_line' id='line_1_85' title="bbox 467 5315 2052 5398; baseline -0.002 -17"><span class='ocrx_word' id='word_1_658' title='bbox 467 5315 710 5387; x_wconf 78' lang='grc' dir='ltr'>φλύαρος</span> <span class='ocrx_word' id='word_1_659' title='bbox 739 5320 944 5381; x_wconf 75' lang='grc' dir='ltr'>ὲκεῖνος</span> <span class='ocrx_word' id='word_1_660' title='bbox 971 5323 999 5373; x_wconf 82' lang='grc' dir='ltr'><strong>ὁ</strong></span> <span class='ocrx_word' id='word_1_661' title='bbox 1029 5318 1186 5392; x_wconf 75' lang='grc' dir='ltr'>ἦχος,</span> <span class='ocrx_word' id='word_1_662' title='bbox 1224 5327 1318 5378; x_wconf 79' lang='grc' dir='ltr'>καὶ</span> <span class='ocrx_word' id='word_1_663' title='bbox 1345 5326 1496 5379; x_wconf 87' lang='grc' dir='ltr'>οὐδέν</span> <span class='ocrx_word' id='word_1_664' title='bbox 1529 5343 1582 5380; x_wconf 87' lang='grc' dir='ltr'>τι</span> <span class='ocrx_word' id='word_1_665' title='bbox 1621 5329 1890 5398; x_wconf 87' lang='grc' dir='ltr'>προσήκει</span> <span class='ocrx_word' id='word_1_666' title='bbox 1930 5330 2052 5390; x_wconf 83' lang='grc' dir='ltr'>ταῖς</span> 
     </span>
    </p>
   </div>
   <div class='ocr_carea' id='block_1_86' title="bbox 468 5409 2048 5490">
    <p class='ocr_par' dir='ltr' id='par_1_86' title="bbox 468 5409 2048 5490">
     <span class='ocr_line' id='line_1_86' title="bbox 468 5409 2048 5490; baseline 0.016 -30"><span class='ocrx_word' id='word_1_667' title='bbox 468 5409 822 5481; x_wconf 85' lang='grc' dir='ltr'>φιλουμέναις</span> <span class='ocrx_word' id='word_1_668' title='bbox 844 5413 1175 5480; x_wconf 85' lang='grc' dir='ltr'>ἐπιστολαῖς.</span> <span class='ocrx_word' id='word_1_669' title='bbox 1212 5419 1273 5471; x_wconf 77' lang='lat' dir='ltr'><strong>El</strong></span> <span class='ocrx_word' id='word_1_670' title='bbox 1302 5419 1359 5471; x_wconf 87' lang='grc' dir='ltr'>δέ</span> <span class='ocrx_word' id='word_1_671' title='bbox 1395 5419 1471 5489; x_wconf 80' lang='grc' dir='ltr'>μὴ</span> <span class='ocrx_word' id='word_1_672' title='bbox 1501 5419 1753 5490; x_wconf 77' lang='grc' dir='ltr'>θαμίζειν</span> <span class='ocrx_word' id='word_1_673' title='bbox 1780 5422 1837 5482; x_wconf 78' lang='grc' dir='ltr'>ἐς</span> <span class='ocrx_word' id='word_1_674' title='bbox 1865 5419 2048 5489; x_wconf 67' lang='grc' dir='ltr'>φίλου.</span> 
     </span>
    </p>
   </div>
   <div class='ocr_carea' id='block_1_87' title="bbox 468 5504 2048 5584">
    <p class='ocr_par' dir='ltr' id='par_1_87' title="bbox 468 5504 2048 5584">
     <span class='ocr_line' id='line_1_87' title="bbox 468 5504 2048 5584; baseline 0.008 -31"><span class='ocrx_word' id='word_1_675' title='bbox 468 5504 607 5572; x_wconf 81' lang='grc' dir='ltr'>μηδὲ</span> <span class='ocrx_word' id='word_1_676' title='bbox 641 5505 813 5576; x_wconf 81' lang='grc' dir='ltr'>συχνὰ</span> <span class='ocrx_word' id='word_1_677' title='bbox 856 5506 1014 5560; x_wconf 87' lang='grc' dir='ltr'>τοῦτο</span> <span class='ocrx_word' id='word_1_678' title='bbox 1043 5511 1240 5576; x_wconf 80' lang='grc' dir='ltr'>ποιεῖν,</span> <span class='ocrx_word' id='word_1_679' title='bbox 1266 5513 1294 5564; x_wconf 89' lang='grc' dir='ltr'>ὀ</span> <span class='ocrx_word' id='word_1_680' title='bbox 1319 5511 1378 5576; x_wconf 81' lang='grc' dir='ltr'>ἐξ</span> <span class='ocrx_word' id='word_1_681' title='bbox 1424 5514 1631 5584; x_wconf 78' lang='grc' dir='ltr'>ἀγορᾶς</span> <span class='ocrx_word' id='word_1_682' title='bbox 1660 5512 1820 5583; x_wconf 90' lang='grc' dir='ltr'>λόγος</span> <span class='ocrx_word' id='word_1_683' title='bbox 1860 5511 2048 5566; x_wconf 81' lang='grc' dir='ltr'>λαλεῖ·</span> 
     </span>
    </p>
   </div>
   <div class='ocr_carea' id='block_1_88' title="bbox 471 5595 2052 5676">
    <p class='ocr_par' dir='ltr' id='par_1_88' title="bbox 471 5595 2052 5676">
     <span class='ocr_line' id='line_1_88' title="bbox 471 5595 2052 5676; baseline 0.009 -30"><span class='ocrx_word' id='word_1_684' title='bbox 471 5595 590 5649; x_wconf 87' lang='grc' dir='ltr'>ἀλλ’</span> <span class='ocrx_word' id='word_1_685' title='bbox 627 5595 751 5649; x_wconf 79' lang='grc' dir='ltr'>οὔτε</span> <span class='ocrx_word' id='word_1_686' title='bbox 784 5600 1051 5670; x_wconf 80' lang='grc' dir='ltr'>περὶτῶν</span> <span class='ocrx_word' id='word_1_687' title='bbox 1083 5603 1408 5672; x_wconf 67' lang='grc' dir='ltr'>ὡς’ἀληθῶς</span> <span class='ocrx_word' id='word_1_688' title='bbox 1437 5604 1609 5672; x_wconf 81' lang='grc' dir='ltr'>φίλων</span> <span class='ocrx_word' id='word_1_689' title='bbox 1641 5607 1674 5676; x_wconf 80' lang='grc' dir='ltr'><strong>ὴ</strong></span> <span class='ocrx_word' id='word_1_690' title='bbox 1709 5605 1925 5675; x_wconf 85' lang='grc' dir='ltr'>γνώμη,</span> <span class='ocrx_word' id='word_1_691' title='bbox 1956 5607 2052 5661; x_wconf 62' lang='grc' dir='ltr'>καί⁵</span> 
     </span>
    </p>
   </div>
   <div class='ocr_carea' id='block_1_89' title="bbox 469 5686 2050 5770">
    <p class='ocr_par' dir='ltr' id='par_1_89' title="bbox 469 5686 2050 5770">
     <span class='ocr_line' id='line_1_89' title="bbox 469 5686 2050 5770; baseline 0.011 -35"><span class='ocrx_word' id='word_1_692' title='bbox 469 5686 594 5738; x_wconf 84' lang='grc' dir='ltr'>οὑδέ</span> <span class='ocrx_word' id='word_1_693' title='bbox 628 5691 825 5744; x_wconf 79' lang='grc' dir='ltr'>ταυτὸν</span> <span class='ocrx_word' id='word_1_694' title='bbox 856 5692 985 5745; x_wconf 77' lang='grc' dir='ltr'>ποσὶ</span> <span class='ocrx_word' id='word_1_695' title='bbox 1011 5693 1264 5764; x_wconf 79' lang='grc' dir='ltr'>θαμίζειν</span> <span class='ocrx_word' id='word_1_696' title='bbox 1295 5697 1393 5748; x_wconf 72' lang='grc' dir='ltr'>καὶ</span> <span class='ocrx_word' id='word_1_697' title='bbox 1424 5697 1738 5767; x_wconf 87' lang='grc' dir='ltr'>γράμμασι.</span> <span class='ocrx_word' id='word_1_698' title='bbox 1767 5699 1919 5770; x_wconf 84' lang='grc' dir='ltr'>Τάχα</span> <span class='ocrx_word' id='word_1_699' title='bbox 1943 5699 2050 5752; x_wconf 85' lang='grc' dir='ltr'>τοί-</span> 
     </span>
    </p>
   </div>
   <div class='ocr_carea' id='block_1_90' title="bbox 477 5781 2049 5858">
    <p class='ocr_par' dir='ltr' id='par_1_90' title="bbox 477 5781 2049 5858">
     <span class='ocr_line' id='line_1_90' title="bbox 477 5781 2049 5858; baseline 0.011 -31"><span class='ocrx_word' id='word_1_700' title='bbox 477 5793 572 5829; x_wconf 87' lang='grc' dir='ltr'>νυν</span> <span class='ocrx_word' id='word_1_701' title='bbox 605 5781 941 5852; x_wconf 79' lang='grc' dir='ltr'>ἁπέστερξας</span> <span class='ocrx_word' id='word_1_702' title='bbox 989 5787 1135 5855; x_wconf 77' lang='grc' dir='ltr'>ἡμᾶς</span> <span class='ocrx_word' id='word_1_703' title='bbox 1161 5803 1178 5821; x_wconf 80' lang='grc' dir='ltr'><strong>ο</strong></span> <span class='ocrx_word' id='word_1_704' title='bbox 1214 5786 1274 5840; x_wconf 86' lang='grc' dir='ltr'>οὐ</span> <span class='ocrx_word' id='word_1_705' title='bbox 1310 5789 1416 5857; x_wconf 84' lang='grc' dir='ltr'>γὰρ</span> <span class='ocrx_word' id='word_1_706' title='bbox 1460 5786 1632 5857; x_wconf 84' lang='grc' dir='ltr'>δήπου</span> <span class='ocrx_word' id='word_1_707' title='bbox 1677 5790 1957 5858; x_wconf 83' lang='grc' dir='ltr'>φείδεσθαί</span> <span class='ocrx_word' id='word_1_708' title='bbox 1987 5807 2049 5844; x_wconf 87' lang='grc' dir='ltr'>σε</span> 
     </span>
    </p>
   </div>
   <div class='ocr_carea' id='block_1_91' title="bbox 2156 3201 3732 3284">
    <p class='ocr_par' dir='ltr' id='par_1_91' title="bbox 2156 3201 3732 3284">
     <span class='ocr_line' id='line_1_91' title="bbox 2156 3201 3732 3284; baseline -0.002 -19"><span class='ocrx_word' id='word_1_709' title='bbox 2156 3213 2237 3276; x_wconf 88' lang='grc' dir='ltr'>είς</span> <span class='ocrx_word' id='word_1_710' title='bbox 2292 3201 2664 3284; x_wconf 66' lang='grc' dir='ltr'>ὀψαρτυτικήν</span> <span class='ocrx_word' id='word_1_711' title='bbox 2735 3212 3008 3281; x_wconf 81' lang='grc' dir='ltr'>ἐμπορίαν</span> <span class='ocrx_word' id='word_1_712' title='bbox 3074 3210 3472 3280; x_wconf 81' lang='grc' dir='ltr'>φορτίζεσθαι·</span> <span class='ocrx_word' id='word_1_713' title='bbox 3520 3209 3732 3279; x_wconf 81' lang='grc' dir='ltr'>τρυφῆς</span> 
     </span>
    </p>
   </div>
   <div class='ocr_carea' id='block_1_92' title="bbox 2154 3302 3730 3376">
    <p class='ocr_par' dir='ltr' id='par_1_92' title="bbox 2154 3302 3730 3376">
     <span class='ocr_line' id='line_1_92' title="bbox 2154 3302 3730 3376; baseline -0.003 -18"><span class='ocrx_word' id='word_1_714' title='bbox 2154 3305 2418 3376; x_wconf 80' lang='grc' dir='ltr'>ἐπιϐολὴν</span> <span class='ocrx_word' id='word_1_715' title='bbox 2463 3303 2809 3374; x_wconf 82' lang='grc' dir='ltr'>εὐπόριστον,</span> <span class='ocrx_word' id='word_1_716' title='bbox 2860 3303 3102 3373; x_wconf 82' lang='grc' dir='ltr'>ἐμπολὴν</span> <span class='ocrx_word' id='word_1_717' title='bbox 3142 3305 3377 3376; x_wconf 81' lang='grc' dir='ltr'>τρυφαῖς</span> <span class='ocrx_word' id='word_1_718' title='bbox 3422 3302 3730 3373; x_wconf 74' lang='grc' dir='ltr'>ἀγώγιμον,</span> 
     </span>
    </p>
   </div>
   <div class='ocr_carea' id='block_1_93' title="bbox 2155 3396 3729 3468">
    <p class='ocr_par' dir='ltr' id='par_1_93' title="bbox 2155 3396 3729 3468">
     <span class='ocr_line' id='line_1_93' title="bbox 2155 3396 3729 3468; baseline 0.001 -17"><span class='ocrx_word' id='word_1_719' title='bbox 2155 3397 2229 3461; x_wconf 83' lang='grc' dir='ltr'>ὡς</span> <span class='ocrx_word' id='word_1_720' title='bbox 2265 3398 2332 3452; x_wconf 80' lang='grc' dir='ltr'>ἂν</span> <span class='ocrx_word' id='word_1_721' title='bbox 2370 3399 2544 3468; x_wconf 76' lang='grc' dir='ltr'>ἔχοιεν</span> <span class='ocrx_word' id='word_1_722' title='bbox 2577 3398 2688 3460; x_wconf 85' lang='grc' dir='ltr'>τοῖς</span> <span class='ocrx_word' id='word_1_723' title='bbox 2715 3396 2868 3466; x_wconf 83' lang='grc' dir='ltr'>δψοις</span> <span class='ocrx_word' id='word_1_724' title='bbox 2906 3397 3195 3467; x_wconf 78' lang='grc' dir='ltr'>ἡδύσματα</span> <span class='ocrx_word' id='word_1_725' title='bbox 3238 3396 3729 3452; x_wconf 84' lang='grc' dir='ltr'>καταλλάττεσθαι.</span> 
     </span>
    </p>
   </div>
   <div class='ocr_carea' id='block_1_94' title="bbox 2160 3487 3734 3559">
    <p class='ocr_par' dir='ltr' id='par_1_94' title="bbox 2160 3487 3734 3559">
     <span class='ocr_line' id='line_1_94' title="bbox 2160 3487 3734 3559; baseline -0.002 -16"><span class='ocrx_word' id='word_1_726' title='bbox 2160 3490 2232 3543; x_wconf 87' lang='grc' dir='ltr'><strong><em>Ἦ</em></strong></span> <span class='ocrx_word' id='word_1_727' title='bbox 2280 3489 2332 3542; x_wconf 87' lang='grc' dir='ltr'>τί</span> <span class='ocrx_word' id='word_1_728' title='bbox 2383 3491 2478 3543; x_wconf 79' lang='grc' dir='ltr'>καὶ</span> <span class='ocrx_word' id='word_1_729' title='bbox 2512 3487 2826 3558; x_wconf 83' lang='grc' dir='ltr'>βουλόμενοι</span> <span class='ocrx_word' id='word_1_730' title='bbox 2871 3488 3062 3557; x_wconf 74' lang='grc' dir='ltr'>ἕτερον</span> <span class='ocrx_word' id='word_1_731' title='bbox 3108 3489 3375 3559; x_wconf 83' lang='grc' dir='ltr'>φορυτοὺς</span> <span class='ocrx_word' id='word_1_732' title='bbox 3431 3489 3734 3543; x_wconf 76' lang='grc' dir='ltr'>ἐπιστολῶν</span> 
     </span>
    </p>
   </div>
   <div class='ocr_carea' id='block_1_95' title="bbox 2156 3581 3735 3653">
    <p class='ocr_par' dir='ltr' id='par_1_95' title="bbox 2156 3581 3735 3653">
     <span class='ocr_line' id='line_1_95' title="bbox 2156 3581 3735 3653; baseline -0.002 -15"><span class='ocrx_word' id='word_1_733' title='bbox 2156 3583 2440 3653; x_wconf 82' lang='grc' dir='ltr'>ἀγείρουσι</span> <span class='ocrx_word' id='word_1_734' title='bbox 2475 3581 2598 3650; x_wconf 78' lang='grc' dir='ltr'>μὲν,</span> <span class='ocrx_word' id='word_1_735' title='bbox 2644 3582 2906 3653; x_wconf 84' lang='grc' dir='ltr'>ἐπέχουσι</span> <span class='ocrx_word' id='word_1_736' title='bbox 2936 3581 3026 3647; x_wconf 75' lang='grc' dir='ltr'>δές</span> <span class='ocrx_word' id='word_1_737' title='bbox 3068 3581 3138 3636; x_wconf 85' lang='lat'>&#39;0</span> <span class='ocrx_word' id='word_1_738' title='bbox 3170 3582 3227 3634; x_wconf 79' lang='grc' dir='ltr'>δὲ</span> <span class='ocrx_word' id='word_1_739' title='bbox 3257 3581 3354 3635; x_wconf 89' lang='grc' dir='ltr'>τοῦ</span> <span class='ocrx_word' id='word_1_740' title='bbox 3405 3582 3735 3651; x_wconf 82' lang='grc' dir='ltr'>πράγματος</span> 
     </span>
    </p>
   </div>
   <div class='ocr_carea' id='block_1_96' title="bbox 2155 3671 3736 3745">
    <p class='ocr_par' dir='ltr' id='par_1_96' title="bbox 2155 3671 3736 3745">
     <span class='ocr_line' id='line_1_96' title="bbox 2155 3671 3736 3745; baseline -0.003 -17"><span class='ocrx_word' id='word_1_741' title='bbox 2155 3673 2583 3745; x_wconf 85' lang='grc' dir='ltr'>φορτικώτατον,</span> <span class='ocrx_word' id='word_1_742' title='bbox 2631 3672 2809 3726; x_wconf 81' lang='grc' dir='ltr'>ἐκεῖνό</span> <span class='ocrx_word' id='word_1_743' title='bbox 2864 3675 3037 3738; x_wconf 88' lang='grc' dir='ltr'>ἐστιν,</span> <span class='ocrx_word' id='word_1_744' title='bbox 3078 3672 3164 3726; x_wconf 77' lang='grc' dir='ltr'>ὅτι</span> <span class='ocrx_word' id='word_1_745' title='bbox 3214 3671 3403 3726; x_wconf 81' lang='grc' dir='ltr'>πολλοὶ</span> <span class='ocrx_word' id='word_1_746' title='bbox 3455 3672 3569 3724; x_wconf 89' lang='grc' dir='ltr'>τῶν</span> <span class='ocrx_word' id='word_1_747' title='bbox 3617 3674 3736 3734; x_wconf 87' lang='grc' dir='ltr'>ταῖς</span> 
     </span>
    </p>
   </div>
   <div class='ocr_carea' id='block_1_97' title="bbox 2155 3764 3738 3838">
    <p class='ocr_par' dir='ltr' id='par_1_97' title="bbox 2155 3764 3738 3838">
     <span class='ocr_line' id='line_1_97' title="bbox 2155 3764 3738 3838; baseline -0.003 -17"><span class='ocrx_word' id='word_1_748' title='bbox 2155 3769 2398 3838; x_wconf 88' lang='grc' dir='ltr'>γραφαῖς</span> <span class='ocrx_word' id='word_1_749' title='bbox 2453 3766 2872 3837; x_wconf 77' lang='grc' dir='ltr'>ὑπουργούντων</span> <span class='ocrx_word' id='word_1_750' title='bbox 2915 3765 3012 3819; x_wconf 75' lang='grc' dir='ltr'>καὶ</span> <span class='ocrx_word' id='word_1_751' title='bbox 3061 3766 3121 3819; x_wconf 84' lang='grc' dir='ltr'>ἐν</span> <span class='ocrx_word' id='word_1_752' title='bbox 3161 3764 3447 3832; x_wconf 81' lang='grc' dir='ltr'>ἀξιώσεως</span> <span class='ocrx_word' id='word_1_753' title='bbox 3491 3766 3738 3819; x_wconf 84' lang='grc' dir='ltr'>τίθενται</span> 
     </span>
    </p>
   </div>
   <div class='ocr_carea' id='block_1_98' title="bbox 2159 3855 3733 3929">
    <p class='ocr_par' dir='ltr' id='par_1_98' title="bbox 2159 3855 3733 3929">
     <span class='ocr_line' id='line_1_98' title="bbox 2159 3855 3733 3929; baseline -0.002 -17"><span class='ocrx_word' id='word_1_754' title='bbox 2159 3858 2315 3929; x_wconf 81' lang='grc' dir='ltr'>μέρει</span> <span class='ocrx_word' id='word_1_755' title='bbox 2329 3858 2389 3910; x_wconf 81' lang='grc' dir='ltr'>τὸ</span> <span class='ocrx_word' id='word_1_756' title='bbox 2407 3859 2663 3928; x_wconf 83' lang='grc' dir='ltr'>πρᾶγμα,</span> <span class='ocrx_word' id='word_1_757' title='bbox 2684 3859 2781 3912; x_wconf 79' lang='grc' dir='ltr'>καὶ</span> <span class='ocrx_word' id='word_1_758' title='bbox 2795 3855 3107 3920; x_wconf 80' lang='grc' dir='ltr'>λιτάζονται</span> <span class='ocrx_word' id='word_1_759' title='bbox 3122 3855 3733 3927; x_wconf 80' lang='grc' dir='ltr'>χειρίσεσθαιγράμμα,</span> 
     </span>
    </p>
   </div>
   <div class='ocr_carea' id='block_1_99' title="bbox 2155 3946 3738 4019">
    <p class='ocr_par' dir='ltr' id='par_1_99' title="bbox 2155 3946 3738 4019">
     <span class='ocr_line' id='line_1_99' title="bbox 2155 3946 3738 4019; baseline -0.003 -15"><span class='ocrx_word' id='word_1_760' title='bbox 2155 3951 2252 4004; x_wconf 77' lang='grc' dir='ltr'>καὶ</span> <span class='ocrx_word' id='word_1_761' title='bbox 2307 3948 2586 4019; x_wconf 80' lang='grc' dir='ltr'>ἐξαίρουσι</span> <span class='ocrx_word' id='word_1_762' title='bbox 2630 3946 2707 4018; x_wconf 81' lang='grc' dir='ltr'>τῷ</span> <span class='ocrx_word' id='word_1_763' title='bbox 2760 3947 2905 4018; x_wconf 85' lang='grc' dir='ltr'>λόγῳ</span> <span class='ocrx_word' id='word_1_764' title='bbox 2939 3947 3032 4001; x_wconf 79' lang='grc' dir='ltr'>τὸν</span> <span class='ocrx_word' id='word_1_765' title='bbox 3070 3947 3374 4017; x_wconf 84' lang='grc' dir='ltr'>ἀπόδημον,</span> <span class='ocrx_word' id='word_1_766' title='bbox 3430 3949 3529 4002; x_wconf 77' lang='grc' dir='ltr'>καὶ</span> <span class='ocrx_word' id='word_1_767' title='bbox 3584 3949 3738 4018; x_wconf 84' lang='grc' dir='ltr'>φίλον</span> 
     </span>
    </p>
   </div>
   <div class='ocr_carea' id='block_1_100' title="bbox 2157 4034 3738 4112">
    <p class='ocr_par' dir='ltr' id='par_1_100' title="bbox 2157 4034 3738 4112">
     <span class='ocr_line' id='line_1_100' title="bbox 2157 4034 3738 4112; baseline 0 -17"><span class='ocrx_word' id='word_1_768' title='bbox 2157 4043 2370 4112; x_wconf 77' lang='grc' dir='ltr'>ἑταῖρον</span> <span class='ocrx_word' id='word_1_769' title='bbox 2403 4040 2803 4110; x_wconf 81' lang='grc' dir='ltr'>ἐπιγράφονται</span> <span class='ocrx_word' id='word_1_770' title='bbox 2831 4056 2849 4071; x_wconf 87' lang='grc'><strong>·</strong></span> <span class='ocrx_word' id='word_1_771' title='bbox 2883 4040 2978 4095; x_wconf 76' lang='grc' dir='ltr'>καὶ</span> <span class='ocrx_word' id='word_1_772' title='bbox 3005 4034 3041 4111; x_wconf 82' lang='grc' dir='ltr'>ἦ</span> <span class='ocrx_word' id='word_1_773' title='bbox 3081 4039 3188 4110; x_wconf 79' lang='grc' dir='ltr'>μὴν</span> <span class='ocrx_word' id='word_1_774' title='bbox 3218 4041 3352 4111; x_wconf 86' lang='grc' dir='ltr'>παρ’</span> <span class='ocrx_word' id='word_1_775' title='bbox 3393 4041 3562 4095; x_wconf 80' lang='grc' dir='ltr'>αὐτὸν</span> <span class='ocrx_word' id='word_1_776' title='bbox 3597 4042 3738 4096; x_wconf 75' lang='grc' dir='ltr'>κατὰ</span> 
     </span>
    </p>
   </div>
   <div class='ocr_carea' id='block_1_101' title="bbox 2159 4132 3742 4203">
    <p class='ocr_par' dir='ltr' id='par_1_101' title="bbox 2159 4132 3742 4203">
     <span class='ocr_line' id='line_1_101' title="bbox 2159 4132 3742 4203; baseline -0.001 -17"><span class='ocrx_word' id='word_1_777' title='bbox 2159 4133 2398 4203; x_wconf 84' lang='grc' dir='ltr'>σπουδὴν</span> <span class='ocrx_word' id='word_1_778' title='bbox 2436 4132 2610 4186; x_wconf 87' lang='grc' dir='ltr'>ἐλθεῖν</span> <span class='ocrx_word' id='word_1_779' title='bbox 2640 4132 3005 4203; x_wconf 81' lang='grc' dir='ltr'>βεϐαιοῦνται,</span> <span class='ocrx_word' id='word_1_780' title='bbox 3036 4133 3112 4194; x_wconf 88' lang='grc' dir='ltr'>ὡς</span> <span class='ocrx_word' id='word_1_781' title='bbox 3143 4133 3212 4199; x_wconf 68' lang='grc' dir='ltr'>ἐκ</span> <span class='ocrx_word' id='word_1_782' title='bbox 3240 4133 3514 4201; x_wconf 85' lang='grc' dir='ltr'>πελάγους</span> <span class='ocrx_word' id='word_1_783' title='bbox 3549 4139 3632 4195; x_wconf 83' lang='grc' dir='ltr'>είς</span> <span class='ocrx_word' id='word_1_784' title='bbox 3660 4135 3742 4186; x_wconf 83' lang='grc' dir='ltr'>λι-</span> 
     </span>
    </p>
   </div>
   <div class='ocr_carea' id='block_1_102' title="bbox 2161 4222 3740 4294">
    <p class='ocr_par' dir='ltr' id='par_1_102' title="bbox 2161 4222 3740 4294">
     <span class='ocr_line' id='line_1_102' title="bbox 2161 4222 3740 4294; baseline 0 -18"><span class='ocrx_word' id='word_1_785' title='bbox 2161 4225 2319 4294; x_wconf 86' lang='grc' dir='ltr'>μένα,</span> <span class='ocrx_word' id='word_1_786' title='bbox 2349 4222 2444 4278; x_wconf 75' lang='grc' dir='ltr'>καὶ</span> <span class='ocrx_word' id='word_1_787' title='bbox 2475 4222 2533 4290; x_wconf 84' lang='grc' dir='ltr'>ἐξ</span> <span class='ocrx_word' id='word_1_788' title='bbox 2565 4222 2874 4290; x_wconf 84' lang='grc' dir='ltr'>ὁδοιπορίας</span> <span class='ocrx_word' id='word_1_789' title='bbox 2903 4222 3124 4291; x_wconf 82' lang='grc' dir='ltr'>μακρᾶς</span> <span class='ocrx_word' id='word_1_790' title='bbox 3146 4223 3227 4284; x_wconf 86' lang='grc' dir='ltr'>είς</span> <span class='ocrx_word' id='word_1_791' title='bbox 3250 4222 3600 4277; x_wconf 80' lang='grc' dir='ltr'>ἀνάπαυλαν.</span> <span class='ocrx_word' id='word_1_792' title='bbox 3633 4227 3740 4278; x_wconf 85' lang='lat' dir='ltr'>Kal</span> 
     </span>
    </p>
   </div>
   <div class='ocr_carea' id='block_1_103' title="bbox 2157 4314 3743 4387">
    <p class='ocr_par' dir='ltr' id='par_1_103' title="bbox 2157 4314 3743 4387">
     <span class='ocr_line' id='line_1_103' title="bbox 2157 4314 3743 4387; baseline 0 -19"><span class='ocrx_word' id='word_1_793' title='bbox 2157 4317 2324 4387; x_wconf 78' lang='grc' dir='ltr'>ἡμεῖς</span> <span class='ocrx_word' id='word_1_794' title='bbox 2354 4314 2658 4386; x_wconf 87' lang='grc' dir='ltr'>τηνικαῦτα</span> <span class='ocrx_word' id='word_1_795' title='bbox 2686 4315 2824 4383; x_wconf 79' lang='grc' dir='ltr'>πρὸς</span> <span class='ocrx_word' id='word_1_796' title='bbox 2854 4314 3038 4378; x_wconf 84' lang='grc' dir='ltr'>αὐτοῖς</span> <span class='ocrx_word' id='word_1_797' title='bbox 3082 4314 3280 4384; x_wconf 76' lang='grc' dir='ltr'>ἔχομεν</span> <span class='ocrx_word' id='word_1_798' title='bbox 3324 4314 3422 4368; x_wconf 74' lang='grc' dir='ltr'>τὸν</span> <span class='ocrx_word' id='word_1_799' title='bbox 3454 4316 3608 4381; x_wconf 89' lang='grc' dir='ltr'>νοῦν,</span> <span class='ocrx_word' id='word_1_800' title='bbox 3647 4319 3743 4370; x_wconf 80' lang='grc' dir='ltr'>καὶ</span> 
     </span>
    </p>
   </div>
   <div class='ocr_carea' id='block_1_104' title="bbox 2157 4403 3742 4476">
    <p class='ocr_par' dir='ltr' id='par_1_104' title="bbox 2157 4403 3742 4476">
     <span class='ocr_line' id='line_1_104' title="bbox 2157 4403 3742 4476; baseline 0.001 -19"><span class='ocrx_word' id='word_1_801' title='bbox 2157 4404 2421 4474; x_wconf 85' lang='grc' dir='ltr'>δοκοῦμεν</span> <span class='ocrx_word' id='word_1_802' title='bbox 2450 4403 2666 4474; x_wconf 86' lang='grc' dir='ltr'>ἐρμαίῳ</span> <span class='ocrx_word' id='word_1_803' title='bbox 2691 4405 2952 4475; x_wconf 80' lang='grc' dir='ltr'>ἐντυχεῖν,</span> <span class='ocrx_word' id='word_1_804' title='bbox 2987 4403 3081 4458; x_wconf 79' lang='grc' dir='ltr'>καὶ</span> <span class='ocrx_word' id='word_1_805' title='bbox 3111 4405 3476 4474; x_wconf 82' lang='grc' dir='ltr'>ἐπιτρέχομεν</span> <span class='ocrx_word' id='word_1_806' title='bbox 3505 4407 3589 4476; x_wconf 83' lang='grc' dir='ltr'>τῷ</span> <span class='ocrx_word' id='word_1_807' title='bbox 3615 4425 3742 4476; x_wconf 86' lang='grc' dir='ltr'>φαι-</span> 
     </span>
    </p>
   </div>
   <div class='ocr_carea' id='block_1_105' title="bbox 2079 4471 3739 4569">
    <p class='ocr_par' dir='ltr' id='par_1_105' title="bbox 2079 4471 3739 4569">
     <span class='ocr_line' id='line_1_105' title="bbox 2079 4471 3739 4569; baseline 0.002 -20"><span class='ocrx_word' id='word_1_808' title='bbox 2079 4471 2126 4526; x_wconf 76' lang='grc' dir='ltr'><strong>ι)</strong></span> <span class='ocrx_word' id='word_1_809' title='bbox 2155 4471 2389 4566; x_wconf 77' lang='grc' dir='ltr'>νομένῳ.</span> <span class='ocrx_word' id='word_1_810' title='bbox 2424 4471 2587 4550; x_wconf 62' lang='grc' dir='ltr'>τάδε</span> <span class='ocrx_word' id='word_1_811' title='bbox 2629 4471 2774 4568; x_wconf 66' lang='grc' dir='ltr'>ἦσαν</span> <span class='ocrx_word' id='word_1_812' title='bbox 2805 4471 2981 4564; x_wconf 58' lang='lat' dir='ltr'>«Iam,</span> <span class='ocrx_word' id='word_1_813' title='bbox 3029 4496 3146 4550; x_wconf 89' lang='grc' dir='ltr'>ἀλλ’</span> <span class='ocrx_word' id='word_1_814' title='bbox 3177 4497 3210 4567; x_wconf 74' lang='grc' dir='ltr'>ἢ</span> <span class='ocrx_word' id='word_1_815' title='bbox 3245 4471 3408 4568; x_wconf 48' lang='grc' dir='ltr'>κάμε</span> <span class='ocrx_word' id='word_1_816' title='bbox 3455 4471 3739 4569; x_wconf 73' lang='grc' dir='ltr'>γλώσσης,</span> 
     </span>
    </p>
   </div>
   <div class='ocr_carea' id='block_1_106' title="bbox 2155 4587 3742 4658">
    <p class='ocr_par' dir='ltr' id='par_1_106' title="bbox 2155 4587 3742 4658">
     <span class='ocr_line' id='line_1_106' title="bbox 2155 4587 3742 4658; baseline -0.001 -17"><span class='ocrx_word' id='word_1_817' title='bbox 2155 4588 2250 4641; x_wconf 82' lang='grc' dir='ltr'>καὶ</span> <span class='ocrx_word' id='word_1_818' title='bbox 2284 4590 2366 4651; x_wconf 88' lang='grc' dir='ltr'>είς</span> <span class='ocrx_word' id='word_1_819' title='bbox 2405 4587 2544 4658; x_wconf 83' lang='grc' dir='ltr'>ἀέρα</span> <span class='ocrx_word' id='word_1_820' title='bbox 2597 4587 2791 4658; x_wconf 80' lang='grc' dir='ltr'>ψόφος,</span> <span class='ocrx_word' id='word_1_821' title='bbox 2827 4589 2923 4642; x_wconf 72' lang='grc' dir='ltr'>καὶ</span> <span class='ocrx_word' id='word_1_822' title='bbox 2955 4587 3167 4658; x_wconf 84' lang='grc' dir='ltr'>κόμπος</span> <span class='ocrx_word' id='word_1_823' title='bbox 3216 4589 3392 4652; x_wconf 85' lang='grc' dir='ltr'>κενός.</span> <span class='ocrx_word' id='word_1_824' title='bbox 3439 4590 3553 4644; x_wconf 85' lang='lat' dir='ltr'>Kal</span> <span class='ocrx_word' id='word_1_825' title='bbox 3587 4591 3742 4642; x_wconf 73' lang='grc' dir='ltr'>αὐτοὶ</span> 
     </span>
    </p>
   </div>
   <div class='ocr_carea' id='block_1_107' title="bbox 2159 4678 3742 4752">
    <p class='ocr_par' dir='ltr' id='par_1_107' title="bbox 2159 4678 3742 4752">
     <span class='ocr_line' id='line_1_107' title="bbox 2159 4678 3742 4752; baseline 0.005 -22"><span class='ocrx_word' id='word_1_826' title='bbox 2159 4679 2259 4750; x_wconf 84' lang='grc' dir='ltr'>μὲν</span> <span class='ocrx_word' id='word_1_827' title='bbox 2280 4680 2566 4751; x_wconf 87' lang='grc' dir='ltr'>γράφομεν</span> <span class='ocrx_word' id='word_1_828' title='bbox 2591 4680 2664 4732; x_wconf 83' lang='grc' dir='ltr'>τὰ</span> <span class='ocrx_word' id='word_1_829' title='bbox 2681 4678 2966 4743; x_wconf 87' lang='grc' dir='ltr'>δοκοῦντα,</span> <span class='ocrx_word' id='word_1_830' title='bbox 2993 4679 3085 4733; x_wconf 72' lang='grc' dir='ltr'>καὶ</span> <span class='ocrx_word' id='word_1_831' title='bbox 3117 4679 3217 4733; x_wconf 79' lang='grc' dir='ltr'>ὅσα</span> <span class='ocrx_word' id='word_1_832' title='bbox 3243 4680 3386 4734; x_wconf 82' lang='grc' dir='ltr'>είσὶν</span> <span class='ocrx_word' id='word_1_833' title='bbox 3411 4683 3472 4733; x_wconf 83' lang='grc' dir='ltr'>ἐν</span> <span class='ocrx_word' id='word_1_834' title='bbox 3497 4682 3742 4752; x_wconf 71' lang='grc' dir='ltr'>ἀνάγκη,</span> 
     </span>
    </p>
   </div>
   <div class='ocr_carea' id='block_1_108' title="bbox 2155 4771 3744 4846">
    <p class='ocr_par' dir='ltr' id='par_1_108' title="bbox 2155 4771 3744 4846">
     <span class='ocr_line' id='line_1_108' title="bbox 2155 4771 3744 4846; baseline 0.003 -21"><span class='ocrx_word' id='word_1_835' title='bbox 2155 4772 2558 4844; x_wconf 71' lang='grc' dir='ltr'>τεθαρρηκότες</span> <span class='ocrx_word' id='word_1_836' title='bbox 2623 4775 2691 4844; x_wconf 81' lang='grc' dir='ltr'>τῇ</span> <span class='ocrx_word' id='word_1_837' title='bbox 2747 4771 3157 4844; x_wconf 79' lang='grc' dir='ltr'>ἐπιπολαζούσῃ</span> <span class='ocrx_word' id='word_1_838' title='bbox 3209 4773 3291 4843; x_wconf 81' lang='grc' dir='ltr'>τῷ</span> <span class='ocrx_word' id='word_1_839' title='bbox 3346 4773 3744 4846; x_wconf 77' lang='grc' dir='ltr'>ἀγγελιαφόρῳ</span> 
     </span>
    </p>
   </div>
   <div class='ocr_carea' id='block_1_109' title="bbox 2156 4863 3745 4936">
    <p class='ocr_par' dir='ltr' id='par_1_109' title="bbox 2156 4863 3745 4936">
     <span class='ocr_line' id='line_1_109' title="bbox 2156 4863 3745 4936; baseline -0.009 -16"><span class='ocrx_word' id='word_1_840' title='bbox 2156 4865 2490 4936; x_wconf 86' lang='grc' dir='ltr'>χρηστότητι</span> <span class='ocrx_word' id='word_1_841' title='bbox 2514 4880 2530 4895; x_wconf 80' lang='grc' dir='ltr'><strong>ο</strong></span> <span class='ocrx_word' id='word_1_842' title='bbox 2557 4866 2586 4918; x_wconf 85' lang='grc' dir='ltr'>ὀ</span> <span class='ocrx_word' id='word_1_843' title='bbox 2611 4863 2666 4917; x_wconf 83' lang='grc' dir='ltr'>δέ</span> <span class='ocrx_word' id='word_1_844' title='bbox 2696 4863 2765 4916; x_wconf 75' lang='grc' dir='ltr'>τὰ</span> <span class='ocrx_word' id='word_1_845' title='bbox 2793 4863 2966 4918; x_wconf 90' lang='grc' dir='ltr'>πολλά</span> <span class='ocrx_word' id='word_1_846' title='bbox 2997 4865 3181 4918; x_wconf 86' lang='grc' dir='ltr'>ἐκεῖνα</span> <span class='ocrx_word' id='word_1_847' title='bbox 3208 4863 3404 4934; x_wconf 88' lang='grc' dir='ltr'>λόγους</span> <span class='ocrx_word' id='word_1_848' title='bbox 3435 4867 3634 4928; x_wconf 76' lang='grc' dir='ltr'>κενοὺς</span> <span class='ocrx_word' id='word_1_849' title='bbox 3668 4864 3745 4919; x_wconf 75' lang='grc' dir='ltr'>εἷ.</span> 
     </span>
    </p>
   </div>
   <div class='ocr_carea' id='block_1_110' title="bbox 2152 4955 3746 5029">
    <p class='ocr_par' dir='ltr' id='par_1_110' title="bbox 2152 4955 3746 5029">
     <span class='ocr_line' id='line_1_110' title="bbox 2152 4955 3746 5029; baseline 0.001 -19"><span class='ocrx_word' id='word_1_850' title='bbox 2152 4973 2244 5010; x_wconf 89' lang='grc' dir='ltr'>ναι</span> <span class='ocrx_word' id='word_1_851' title='bbox 2305 4955 2650 5026; x_wconf 85' lang='grc' dir='ltr'>πραγμάτων</span> <span class='ocrx_word' id='word_1_852' title='bbox 2709 4957 2892 5026; x_wconf 74' lang='grc' dir='ltr'>ἀφεὶς,</span> <span class='ocrx_word' id='word_1_853' title='bbox 2941 4955 3376 5027; x_wconf 79' lang='grc' dir='ltr'>ἀτελεσφόρητον</span> <span class='ocrx_word' id='word_1_854' title='bbox 3423 4955 3587 5011; x_wconf 64' lang='grc' dir='ltr'>ἔθετο</span> <span class='ocrx_word' id='word_1_855' title='bbox 3641 4958 3746 5029; x_wconf 78' lang='grc' dir='ltr'>τὴν</span> 
     </span>
    </p>
   </div>
   <div class='ocr_carea' id='block_1_111' title="bbox 2152 5047 3746 5121">
    <p class='ocr_par' dir='ltr' id='par_1_111' title="bbox 2152 5047 3746 5121">
     <span class='ocr_line' id='line_1_111' title="bbox 2152 5047 3746 5121; baseline 0.001 -19"><span class='ocrx_word' id='word_1_856' title='bbox 2152 5047 2344 5102; x_wconf 86' lang='grc' dir='ltr'>ἐλπίδα</span> <span class='ocrx_word' id='word_1_857' title='bbox 2374 5048 2452 5119; x_wconf 84' lang='grc' dir='ltr'>τῷ</span> <span class='ocrx_word' id='word_1_858' title='bbox 2481 5049 2775 5103; x_wconf 88' lang='grc' dir='ltr'>στείλαντι.</span> <span class='ocrx_word' id='word_1_859' title='bbox 2821 5049 2880 5103; x_wconf 86' lang='grc' dir='ltr'>Ὀ</span> <span class='ocrx_word' id='word_1_860' title='bbox 2917 5049 3017 5120; x_wconf 75' lang='grc' dir='ltr'>μὲν</span> <span class='ocrx_word' id='word_1_861' title='bbox 3048 5051 3159 5119; x_wconf 90' lang='grc' dir='ltr'>γάρ</span> <span class='ocrx_word' id='word_1_862' title='bbox 3187 5051 3244 5103; x_wconf 84' lang='grc' dir='ltr'>ἐν</span> <span class='ocrx_word' id='word_1_863' title='bbox 3271 5049 3449 5103; x_wconf 82' lang='grc' dir='ltr'>ἐλπίδι</span> <span class='ocrx_word' id='word_1_864' title='bbox 3480 5051 3646 5121; x_wconf 85' lang='grc' dir='ltr'>φέρει</span> <span class='ocrx_word' id='word_1_865' title='bbox 3676 5053 3746 5104; x_wconf 72' lang='grc' dir='ltr'>τά</span> 
     </span>
    </p>
   </div>
   <div class='ocr_carea' id='block_1_112' title="bbox 2153 5139 3744 5212">
    <p class='ocr_par' dir='ltr' id='par_1_112' title="bbox 2153 5139 3744 5212">
     <span class='ocr_line' id='line_1_112' title="bbox 2153 5139 3744 5212; baseline 0.001 -20"><span class='ocrx_word' id='word_1_866' title='bbox 2153 5139 2256 5210; x_wconf 82' lang='grc' dir='ltr'>τῆς</span> <span class='ocrx_word' id='word_1_867' title='bbox 2293 5141 2537 5211; x_wconf 86' lang='grc' dir='ltr'>γραφῆς,</span> <span class='ocrx_word' id='word_1_868' title='bbox 2584 5141 2685 5209; x_wconf 82' lang='grc' dir='ltr'>τὴν</span> <span class='ocrx_word' id='word_1_869' title='bbox 2717 5139 2981 5210; x_wconf 88' lang='grc' dir='ltr'>φιλτάτην</span> <span class='ocrx_word' id='word_1_870' title='bbox 3009 5140 3136 5210; x_wconf 72' lang='grc' dir='ltr'>ὄψιν</span> <span class='ocrx_word' id='word_1_871' title='bbox 3178 5141 3367 5194; x_wconf 84' lang='grc' dir='ltr'>αὐτόθι</span> <span class='ocrx_word' id='word_1_872' title='bbox 3410 5141 3744 5212; x_wconf 80' lang='grc' dir='ltr'>καραδοκῶν</span> 
     </span>
    </p>
   </div>
   <div class='ocr_carea' id='block_1_113' title="bbox 2153 5225 3743 5303">
    <p class='ocr_par' dir='ltr' id='par_1_113' title="bbox 2153 5225 3743 5303">
     <span class='ocr_line' id='line_1_113' title="bbox 2153 5225 3743 5303; baseline 0.001 -19"><span class='ocrx_word' id='word_1_873' title='bbox 2153 5225 2266 5285; x_wconf 77' lang='grc' dir='ltr'>οἷον</span> <span class='ocrx_word' id='word_1_874' title='bbox 2303 5231 2726 5303; x_wconf 80' lang='grc' dir='ltr'>ἐνοπτρίσασθαι</span> <span class='ocrx_word' id='word_1_875' title='bbox 2751 5248 2767 5264; x_wconf 74' lang='grc' dir='ltr'><strong>ο</strong></span> <span class='ocrx_word' id='word_1_876' title='bbox 2811 5232 2872 5286; x_wconf 82' lang='grc' dir='ltr'>τὸ</span> <span class='ocrx_word' id='word_1_877' title='bbox 2900 5231 2948 5285; x_wconf 82' lang='grc' dir='ltr'>δ’</span> <span class='ocrx_word' id='word_1_878' title='bbox 2987 5231 3166 5296; x_wconf 80' lang='grc' dir='ltr'>ἄλλως</span> <span class='ocrx_word' id='word_1_879' title='bbox 3210 5234 3428 5288; x_wconf 82' lang='grc' dir='ltr'>πίπτει.</span> <span class='ocrx_word' id='word_1_880' title='bbox 3466 5236 3580 5286; x_wconf 84' lang='lat' dir='ltr'>Kal</span> <span class='ocrx_word' id='word_1_881' title='bbox 3613 5232 3743 5285; x_wconf 73' lang='grc' dir='ltr'>οὔτε</span> 
     </span>
    </p>
   </div>
   <div class='ocr_carea' id='block_1_114' title="bbox 2153 5324 3739 5397">
    <p class='ocr_par' dir='ltr' id='par_1_114' title="bbox 2153 5324 3739 5397">
     <span class='ocr_line' id='line_1_114' title="bbox 2153 5324 3739 5397; baseline 0.001 -19"><span class='ocrx_word' id='word_1_882' title='bbox 2153 5326 2215 5378; x_wconf 59' lang='lat' dir='ltr'><strong>ab</strong></span> <span class='ocrx_word' id='word_1_883' title='bbox 2267 5324 2602 5396; x_wconf 86' lang='grc' dir='ltr'>ποθούμενον</span> <span class='ocrx_word' id='word_1_884' title='bbox 2640 5326 2880 5394; x_wconf 86' lang='grc' dir='ltr'>γίνεται,</span> <span class='ocrx_word' id='word_1_885' title='bbox 2935 5325 3031 5380; x_wconf 76' lang='grc' dir='ltr'>καὶ</span> <span class='ocrx_word' id='word_1_886' title='bbox 3069 5325 3314 5397; x_wconf 72' lang='grc' dir='ltr'>ἡφιλία</span> <span class='ocrx_word' id='word_1_887' title='bbox 3359 5326 3739 5380; x_wconf 83' lang='grc' dir='ltr'>διαϐάλλεται.</span> 
     </span>
    </p>
   </div>
   <div class='ocr_carea' id='block_1_115' title="bbox 2153 5418 3742 5491">
    <p class='ocr_par' dir='ltr' id='par_1_115' title="bbox 2153 5418 3742 5491">
     <span class='ocr_line' id='line_1_115' title="bbox 2153 5418 3742 5491; baseline -0.001 -18"><span class='ocrx_word' id='word_1_888' title='bbox 2153 5418 2274 5473; x_wconf 84' lang='grc' dir='ltr'>Τίνι</span> <span class='ocrx_word' id='word_1_889' title='bbox 2304 5418 2439 5488; x_wconf 87' lang='grc' dir='ltr'>γοῦν</span> <span class='ocrx_word' id='word_1_890' title='bbox 2459 5418 2908 5482; x_wconf 81' lang='grc' dir='ltr'>τοὺς.τοιούτους</span> <span class='ocrx_word' id='word_1_891' title='bbox 2938 5419 3313 5490; x_wconf 84' lang='grc' dir='ltr'>τιμησάμενός</span> <span class='ocrx_word' id='word_1_892' title='bbox 3340 5435 3428 5483; x_wconf 89' lang='grc' dir='ltr'>τις</span> <span class='ocrx_word' id='word_1_893' title='bbox 3475 5420 3641 5491; x_wconf 75' lang='grc' dir='ltr'>κρίνῃ</span> <span class='ocrx_word' id='word_1_894' title='bbox 3675 5421 3742 5473; x_wconf 79' lang='grc' dir='ltr'>ἂν</span> 
     </span>
    </p>
   </div>
   <div class='ocr_carea' id='block_1_116' title="bbox 2155 5511 3741 5584">
    <p class='ocr_par' dir='ltr' id='par_1_116' title="bbox 2155 5511 3741 5584">
     <span class='ocr_line' id='line_1_116' title="bbox 2155 5511 3741 5584; baseline 0.001 -20"><span class='ocrx_word' id='word_1_895' title='bbox 2155 5511 2452 5578; x_wconf 87' lang='grc' dir='ltr'>εὐθύτατα,</span> <span class='ocrx_word' id='word_1_896' title='bbox 2481 5511 2516 5583; x_wconf 77' lang='grc' dir='ltr'>ἢ</span> <span class='ocrx_word' id='word_1_897' title='bbox 2548 5511 2690 5581; x_wconf 86' lang='grc' dir='ltr'>τάχα</span> <span class='ocrx_word' id='word_1_898' title='bbox 2717 5512 2786 5565; x_wconf 81' lang='grc' dir='ltr'>ἂν</span> <span class='ocrx_word' id='word_1_899' title='bbox 2815 5512 3033 5584; x_wconf 88' lang='grc' dir='ltr'>θανάτῳ</span> <span class='ocrx_word' id='word_1_900' title='bbox 3061 5528 3079 5580; x_wconf 84' lang='lat'><strong>;</strong></span> <span class='ocrx_word' id='word_1_901' title='bbox 3113 5512 3224 5565; x_wconf 82' lang='lat' dir='ltr'>Kal</span> <span class='ocrx_word' id='word_1_902' title='bbox 3269 5513 3379 5583; x_wconf 76' lang='grc' dir='ltr'>μὴν</span> <span class='ocrx_word' id='word_1_903' title='bbox 3410 5514 3512 5583; x_wconf 81' lang='grc' dir='ltr'>οὐχ</span> <span class='ocrx_word' id='word_1_904' title='bbox 3551 5515 3741 5574; x_wconf 76' lang='grc' dir='ltr'>ἱκανὸς</span> 
     </span>
    </p>
   </div>
   <div class='ocr_carea' id='block_1_117' title="bbox 2155 5601 3730 5677">
    <p class='ocr_par' dir='ltr' id='par_1_117' title="bbox 2155 5601 3730 5677">
     <span class='ocr_line' id='line_1_117' title="bbox 2155 5601 3730 5677; baseline 0.001 -19"><span class='ocrx_word' id='word_1_905' title='bbox 2155 5605 2314 5677; x_wconf 79' lang='grc' dir='ltr'>ἀνδρὶ</span> <span class='ocrx_word' id='word_1_906' title='bbox 2341 5605 2572 5676; x_wconf 77' lang='grc' dir='ltr'>τοιούτῳ</span> <span class='ocrx_word' id='word_1_907' title='bbox 2619 5605 2848 5669; x_wconf 86' lang='grc' dir='ltr'>θάνατος</span> <span class='ocrx_word' id='word_1_908' title='bbox 2884 5601 2992 5672; x_wconf 64' lang='grc' dir='ltr'>οἷς,</span> <span class='ocrx_word' id='word_1_909' title='bbox 3021 5605 3166 5659; x_wconf 78' lang='grc' dir='ltr'>οὕτω</span> <span class='ocrx_word' id='word_1_910' title='bbox 3195 5606 3325 5669; x_wconf 83' lang='grc' dir='ltr'>τοὺς</span> <span class='ocrx_word' id='word_1_911' title='bbox 3353 5607 3546 5675; x_wconf 81' lang='grc' dir='ltr'>φίλους</span> <span class='ocrx_word' id='word_1_912' title='bbox 3588 5608 3730 5677; x_wconf 74' lang='grc' dir='ltr'>διχάο</span> 
     </span>
    </p>
   </div>
   <div class='ocr_carea' id='block_1_118' title="bbox 2157 5695 3737 5769">
    <p class='ocr_par' dir='ltr' id='par_1_118' title="bbox 2157 5695 3737 5769">
     <span class='ocr_line' id='line_1_118' title="bbox 2157 5695 3737 5769; baseline 0 -19"><span class='ocrx_word' id='word_1_913' title='bbox 2157 5696 2326 5762; x_wconf 81' lang='grc' dir='ltr'>ζοντι.</span> <span class='ocrx_word' id='word_1_914' title='bbox 2371 5697 2679 5751; x_wconf 86' lang='grc' dir='ltr'>Ἐπίϐουλοι</span> <span class='ocrx_word' id='word_1_915' title='bbox 2710 5697 2894 5769; x_wconf 89' lang='grc' dir='ltr'>φιλίας</span> <span class='ocrx_word' id='word_1_916' title='bbox 2923 5699 2976 5751; x_wconf 81' lang='grc' dir='ltr'>οί</span> <span class='ocrx_word' id='word_1_917' title='bbox 3012 5695 3265 5764; x_wconf 90' lang='grc' dir='ltr'>τοιοῦτοι,</span> <span class='ocrx_word' id='word_1_918' title='bbox 3296 5698 3561 5769; x_wconf 84' lang='grc' dir='ltr'>ἀληθείας</span> <span class='ocrx_word' id='word_1_919' title='bbox 3592 5700 3737 5768; x_wconf 63' lang='lat' dir='ltr'>{apd—</span> 
     </span>
    </p>
   </div>
   <div class='ocr_carea' id='block_1_119' title="bbox 2157 5789 3735 5860">
    <p class='ocr_par' dir='ltr' id='par_1_119' title="bbox 2157 5789 3735 5860">
     <span class='ocr_line' id='line_1_119' title="bbox 2157 5789 3735 5860; baseline -0.001 -18"><span class='ocrx_word' id='word_1_920' title='bbox 2157 5789 2328 5857; x_wconf 85' lang='grc' dir='ltr'>συλοι,</span> <span class='ocrx_word' id='word_1_921' title='bbox 2353 5789 2634 5860; x_wconf 79' lang='grc' dir='ltr'>κακόξενοι</span> <span class='ocrx_word' id='word_1_922' title='bbox 2657 5805 2675 5824; x_wconf 79' lang='grc' dir='ltr'><strong>ο</strong></span> <span class='ocrx_word' id='word_1_923' title='bbox 2699 5790 2948 5847; x_wconf 86' lang='grc' dir='ltr'>ἀδικοῦσι</span> <span class='ocrx_word' id='word_1_924' title='bbox 2969 5789 3059 5848; x_wconf 80' lang='grc' dir='ltr'>τὸν</span> <span class='ocrx_word' id='word_1_925' title='bbox 3092 5791 3416 5856; x_wconf 85' lang='grc' dir='ltr'>Ἐταιρεῖον,</span> <span class='ocrx_word' id='word_1_926' title='bbox 3443 5789 3735 5856; x_wconf 79' lang='grc' dir='ltr'>ψεύδονται</span> 
     </span>
    </p>
   </div>
  </div>
