3910 6242
181 302 314 370 1313

986 305 1408 370 ΕυοΤΑΤΗΙΙ
1446 306 2199 371 THESSALONICENSIS
2218 307 2626 376 EPISTUL‘E.

3300 314 3437 382 13M

170 423 261 474 τὶν
297 419 530 490 Ἑρμῆν,
560 421 620 472 τὸ
653 421 746 490 τῆς
775 421 1035 491 ἀγγελίας
1067 421 1449 496 κιϐδηλεύουσι
1473 425 1736 494 καθαρόν.
1768 428 1816 486 Α
1844 427 2050 491 κακῶς.
2094 427 2208 481 Ούκ
2239 427 2348 499 ἔχω
2389 429 2566 498 φιλεῖν
2613 429 2735 483 ούδέ
2758 429 2847 482 τὸν
2904 428 3342 501 Βελλεροφῶντα,
3373 433 3437 500 6;

174 512 338 565 Οὐδὲν
370 512 506 575 ὅλως
561 515 701 566 είσ¹ιν
735 515 926 584 ὑγιέςο
959 516 1008 568 οἳ
1057 517 1151 570 καὶ
1204 518 1338 588 ἡμῖν
1385 518 1458 571 τὰ
1503 520 1752 588 παρόντα

174 606 474 676 ἐπήγειραν
523 606 848 678 πράγματα,
899 607 1068 662 πολλὰ
1105 609 1204 677 μὲν
1254 610 1514 673 λαϐόντες
1567 609 1750 680 γράμο

180 717 323 766 ματα
361 700 495 768 πρὸς
535 701 634 771 τὴν
663 701 760 772 σὴν
790 701 1055 772 ἀγιότητα
1084 701 1218 770 παρ’
1244 703 1426 774 ἡμῶν,
1459 703 1752 766 ἀποδόντες

171 791 226 842 δέ
256 789 374 842 οὐδὲ
403 790 480 852 ἓν,
508 793 601 845 καὶ
631 791 718 845 διὰ
743 790 902 845 τοῦτο
929 794 1137 865 ναρκᾷν
1161 794 1252 847 ἐπὶ
1279 796 1387 858 τοῖς
1416 792 1616 864 ἐφεξῆς
1651 811 1755 847 πε-

173 885 463 952 ποιηκότες
502 883 672 952 ἡμᾶς,
705 884 783 948 ὡς
815 885 882 938 τά
910 888 1010 955 τῆς
1057 889 1502 958 προσφωνήσεως
1535 888 1669 958 ἡμῖν
1697 888 1753 940 ἐν

170 969 354 1040 ψιλαῖς
394 972 489 1024 καὶ
519 974 708 1042 μόναις
737 975 949 1029 κεῖσθαι
987 979 1493 1049 προσαγορεύσεσιν
1517 995 1532 1009 ’
1558 979 1612 1034 εί
1646 980 1750 1033 πού

171 1079 253 1125 τις
288 1063 524 1117 ἐνταῦθα
555 1062 684 1132 γοῦν
718 1065 901 1119 δίδωσι
932 1067 998 1119 τὰ
1023 1071 1210 1131 πιστά,
1250 1070 1323 1134 ὡς
1357 1069 1532 1139 ἔγωγε
1573 1068 1749 1142 οἶμαι.

170 1150 278 1207 οὐδ’
329 1157 395 1208 ἄν
440 1151 598 1209 τοῦτό
638 1173 728 1226 μοι
761 1163 1064 1228 συμπεσεῖν
1098 1161 1363 1231 εὐτυχῶς.
1419 1164 1607 1218 Ἔοικε
1638 1167 1749 1235 γὰρ

171 1245 290 1297 οὐδὲ
328 1245 703 1320 προσκύνησίς
733 1249 896 1302 ποθεν
921 1249 1220 1318 οὐδὲλόγος
1239 1251 1488 1306 ὁστισοῦν
1518 1253 1750 1318 ἐξικνεῖ-

176 1337 298 1389 σθαί
335 1355 415 1391 σοι
451 1337 546 1405 ἀφ’
577 1340 734 1411 ἡμῶν
758 1358 773 1374 ·
807 1341 867 1394 οὐ
912 1343 1020 1412 γὰρ
1047 1343 1115 1396 ἂν
1144 1342 1318 1409 οὕτως
1353 1345 1500 1414 ἡμᾶς
1527 1345 1750 1417 διέγρα-

172 1444 271 1497 φες
318 1431 419 1500 τῆς
455 1430 652 1504 ψυχῆς.
687 1433 981 1505 Μάρτυρες
1033 1434 1092 1490 δέ
1143 1455 1238 1508 μοι
1297 1437 1488 1492 τούτου
1521 1470 1591 1481 -
1621 1440 1749 1505 τοὺς

175 1526 276 1598 μὲν
303 1529 494 1593 ἄλλους
523 1529 577 1582 τί
625 1529 723 1583 καλ⁸
771 1530 952 1602 λέγειν
980 1531 1192 1604 ἐχρῆνς
1239 1534 1268 1588 6
1308 1533 1365 1586 δὲ
1418 1534 1750 1604 τιμιώτατος

175 1622 363 1690 κύριος
398 1620 678 1690 Ἰωάννης,
707 1623 737 1676 6
782 1624 1122 1696 δευτερεύων
1157 1625 1375 1690 πάντως
1405 1627 1500 1681 καὶ
1529 1629 1747 1698 ἀπαρά-

170 1730 414 1784 γραπτος
440 1733 454 1747 ·
488 1713 547 1780 ὃς
574 1715 864 1788 διαφόρους
894 1719 1032 1790 ἐμὰς
1065 1718 1286 1789 γραφὰς
1328 1719 1746 1790 ἀναδεξάμενος,

1855 518 2018 588 ἀέρια
2050 515 2408 592 [χαλκω]θεὶς
2436 519 2629 586 ἔπαιζε
2664 522 2807 574 κατά
2836 524 3118 593 Πίνδαρον.
3165 522 3289 594 Εἶχε
3323 529 3434 596 γὰρ

1853 609 2018 663 αὐτὸν
2049 611 2274 681 ὕστερον
2300 610 2361 665 τὸ
2393 611 2626 683 Ἀλήϊον,
2657 615 2807 668 κάτω
2839 614 3136 678 πεζεύοντα
3168 615 3262 669 καὶ
3297 634 3431 670 κατ·

1853 701 2232 772 επιχειροῦντα
2260 702 2359 772 τῆς
2415 703 2615 774 ψυχῆς,
2649 706 2742 756 καὶ
2788 704 2884 773 τὴν
2932 702 3052 772 μετ’
3094 705 3274 758 αὐτῶν
3312 721 3436 757 συν-

1853 889 2182 958 κατενεχθὲν
2218 891 2296 954 είς
2330 892 2686 956 ταπείνωσιν,
2738 892 3043 962 παροιμίαν
3092 887 3281 960 ὥσπερ
3316 891 3440 944 καθ’

1855 979 2048 1046 ὕδατος
2095 982 2363 1054 ἔγραψεν.
2412 977 2566 1036 Εἶναι
2606 983 2679 1036 ’δέ
2711 983 2887 1056 ἔοικεν
2939 981 3048 1034 οὐδ’
3102 985 3309 1046 ἐκεῖνος
3350 983 3442 1035 ἄν-

1855 1073 2072 1145 θρωπος
2124 1075 2512 1144 προσηκόντως
2554 1076 2693 1146 ἔχων
2747 1077 2824 1138 είς
2869 1073 3127 1144 ἔξαρμα·
3186 1074 3440 1128 ἐντεῦθεν

1853 1166 1970 1220 οὐδέ
2015 1167 2449 1238 τετελεσφόρηκε
2475 1168 2544 1221 τά
2562 1167 2657 1220 τοῦ
2683 1167 2912 1220 σκοποῦ.
2950 1167 3102 1239 [Ἐξ]
3138 1163 3439 1238 ὲ[ναν]τίου

1854 1258 1999 1334 [μοι]
2031 1261 2232 1328 τοίνυν,
2269 1261 2324 1314 εί
2356 1259 2458 1314 πού
2489 1277 2598 1328 τις,
2632 1260 2888 1324 Δαίδαλος
2911 1276 2928 1291 ·
2967 1262 3045 1329 τῷ
3069 1263 3293 1328 τοιούτῳ
3329 1259 3440 1329 γὰρ

1851 1356 2120 1425 προσήκει
2149 1355 2212 1408 τὸ
2239 1354 2340 1425 τῆς
2367 1354 2644 1424 πτήσεως.
2674 1353 2968 1408 Λυέτωσαν
2992 1351 3240 1424 ιαίῦραις
3257 1354 3303 1404 οί
3338 1352 3438 1403 Βο-

1853 1447 2043 1518 ρεάδαι
2061 1446 2121 1500 τὸ
2161 1445 2431 1520 πτε[ρδν,]
2479 1445 2998 1520 φ[ι]λ[οτιμ]οῦντες
3013 1446 3324 1499 τὸτοιοῦτον
3339 1462 3440 1498 κα·-

1849 1537 1964 1594 λόν.
1998 1540 2132 1595 Οὐδὲ
2157 1541 2247 1594 τὸν
2267 1543 2482 1612 Περσέα
2513 1542 2825 1612 μέμφομαι,
2849 1538 3151 1611 θαρροῦντα
3178 1538 3276 1607 τὴν
3301 1538 3438 1604 πτῆ-

1853 1649 1953 1686 σιν·
1994 1627 2063 1702 ἦν
2093 1634 2201 1703 γὰρ
2225 1634 2428 1696 ἐκεῖνος
2462 1635 2736 1701 πτερωτὸς
2757 1632 2825 1685 τά
2845 1635 2926 1697 είς
2951 1631 3176 1703 βάδισιν,
3212 1627 3437 1702 [είτουν,

1854 1724 2023 1799 καθ]ά
2039 1743 2122 1790 τις
2147 1725 2306 1795 λόγος
2334 1727 2500 1791 ποιεῖ,
2535 1726 2964 1796 ἀρϐυλότττερος.
3000 1725 3180 1794 Ἠμᾶς
3212 1724 3269 1778 δὲ
3285 1725 3437 1777 κάτω

172 1807 442 1871 ὲξέστειλε
473 1786 693 1880 γράψας
731 1786 824 1864 καὶ
853 1786 1036 1873 αὐτός.
1081 1786 1221 1865 Ἆλλ⁹
1245 1809 1369 1864 οὔτε
1399 1786 1753 1884 αύτδςνῆνυσε
1784 1786 1829 1846 Β
1856 1836 1941 1884 τις
1963 1786 2117 1872 ἐάτω
2157 1786 2363 1888 μένε-ιν,
2413 1786 2507 1872 καί
2535 1786 2642 1872 των
2669 1819 2768 1888 τῆς
2821 1786 2935 1888 γῆς
2958 1786 3140 1873 καλῶν
3163 1786 3437 1888 ⁷χορτάξιε..

168 1903 237 1953 τά
271 1901 366 1954 τοῦ
398 1902 623 1969 σκοποῦ,
654 1903 748 1956 καὶ
780 1905 940 1974 ἡμεῖς
982 1904 1441 1974 συνεξεπέσομεν.
1476 1905 1631 1976 Ἔχει
1656 1906 1751 1959 καὶ

170 1995 334 2058 αὐτὸς
361 1995 818 2066 ἀπαριθμεῖσθαι,
849 1997 1261 2068 πόσαέγραψεν
1290 2000 1350 2053 ἐν
1377 2001 1577 2064 κενοῖς,
1609 1996 1751 2050 καθά

169 2087 265 2139 καὶ
292 2089 475 2157 ἡμεῖς.
501 2086 672 2142 Τοῦτό
697 2106 791 2159 μοι
822 2089 883 2142 τὸ
910 2090 1004 2143 τοῦ
1037 2091 1113 2160 μὴ
1140 2091 1376 2161 γράφειν
1405 2093 1603 2158 αῖτιον,
1628 2093 1752 2163 ἀγιέ

174 2196 278 2248 μου
308 2179 546 2235 δέσποτα
572 2196 587 2212 ο
637 2180 735 2247 ὡς,
769 2181 822 2236 εῐ
850 2199 915 2251 γε
957 2181 1252 2255 θαρροῦντι
1296 2202 1387 2253 μοι
1416 2181 1508 2256 ἦν,
1538 2185 1613 2258 μὴ
1653 2186 1748 2239 τοῦ

175 2270 518 2340 ποθουμένου
573 2275 887 2340 ἐκπίπτειν,
937 2274 1213 2346 δυσχερῶς
1261 2278 1328 2330 ἂν
1364 2276 1560 2348 ἔφερες
1593 2277 1750 2349 δχλον

171 2364 421 2432 πάσχων,
469 2357 550 2428 οἷς
597 2359 742 2436 εἶχον
789 2366 1026 2436 γράφειν
1061 2368 1253 2437 συχνά.
1307 2367 1516 2422 Οὔκουν
1557 2369 1624 2423 ἂν
1675 2371 1752 2423 δι-

173 2458 349 2518 καίως
381 2457 561 2511 αἰτίαν
597 2459 840 2535 ἔχοιμεν,
887 2457 966 2524 οἷς
998 2461 1058 2516 οὐ
1106 2464 1415 2535 γράφομεν.
1448 2466 1522 2522 Τὸ
1551 2464 1607 2520 δὲ
1655 2470 1749 2524 καὶ

169 2551 473 2618 ὀνειδίζειν,
502 2554 670 2621 τῦφον
699 2556 851 2625 ἡμᾶς
879 2556 1097 2621 παθεῖν,
1125 2556 1212 2628 ἐφ’
1236 2555 1318 2621 οἷς
1341 2558 1420 2630 τῷ
1452 2562 1748 2632 σοφιστικῷ

173 2642 372 2713 βαθμῷ
408 2645 782 2717 προσέϐημεν,
817 2648 893 2718 μὴ
922 2648 987 2703 σύ
1030 2666 1095 2718 γε
1135 2649 1236 2705 ἔτι.
1276 2647 1384 2704 Τοῦ
1414 2653 1614 2718 παντὸς
1639 2655 1749 2725 γὰρ

171 2739 368 2807 δέομεν
425 2739 666 2792 τοιοῦτόν
713 2757 766 2794 τι
816 2740 1047 2795 παθεῖν·
1081 2741 1136 2796 οῖ
1184 2758 1246 2810 γε
1295 2745 1392 2796 καὶ
1427 2746 1748 2814 φαινόμενοι

173 2829 542 2900 ἐρυθριῶμεν,
584 2833 679 2884 καὶ
733 2830 957 2900 ραϐϐίον
986 2831 1056 2885 τά
1086 2833 1168 2896 είς
1217 2833 1506 2902 ῥητορείαν
1546 2835 1746 2889 καλού-

172 2936 353 2988 μενοι,
385 2920 863 2991 ἐγκαλυπτόμεθα,
903 2923 998 2976 καὶ
1032 2923 1192 2994 μόνον
1219 2925 1281 2977 οὐ
1330 2927 1748 2996 προϐαλλόμεθα

167 3018 272 3083 τῆς
299 3013 476 3082 ὅψεως
505 3015 784 3085 θοιμάτιον
805 3032 817 3046 ο
851 3015 878 3068 ὂ
907 3017 970 3088 δὴ
1002 3019 1114 3080 τοῖς
1142 3019 1533 3089 ἁπλουστέροις
1563 3021 1748 3084 αἰδοῦς

173 3110 553 3178 προκάλυμμα
604 3111 836 3178 γίνεται.
873 3111 1029 3166 Οἶδεν
1064 3117 1091 3168 ό
1131 3114 1288 3178 Θεὸς,
1325 3117 1406 3170 ὅτι
1454 3117 1515 3170 ού
1557 3117 1739 3186 ψεύδο-
1772 3138 1815 3195 C

175 3219 302 3269 μαι.
341 3199 502 3265 Οἶδας
539 3203 599 3256 τὸ
627 3205 760 3274 ἐμὸν
782 3208 842 3259 οὐ
872 3207 1014 3261 πάνυ
1042 3225 1093 3260 τι
1123 3209 1497 3279 περιπόνηρον
1522 3227 1534 3239 ο
1574 3211 1631 3262 τὸ
1654 3210 1746 3263 ἐπὶ

170 3293 426 3362 προόδοις
476 3295 576 3348 οὐκ
631 3297 920 3370 ἐντρεχές·
970 3299 1030 3352 τὸ
1079 3301 1174 3352 ἐπὶ
1233 3303 1353 3363 ταῖς
1403 3300 1748 3371 ἀνυψώσεσιν

166 3386 404 3448 εὐλαϐές
427 3405 470 3463 θ’
493 3389 555 3440 τὸ
587 3390 680 3441 ἐπὶ
733 3391 846 3452 τοῖς
886 3389 1211 3460 ὑψουμένοις
1263 3392 1570 3463 ἀφθόνητον
1600 3409 1613 3423 ’
1651 3394 1748 3464 τὴν

167 3480 415 3551 σπουδὴν
455 3481 546 3533 τοῦ
599 3482 928 3536 λανθάνοντα
961 3483 1079 3554 ζῇν,
1128 3484 1161 3555 ἢ
1199 3485 1334 3554 μηδέ
1383 3486 1504 3556 ζῇν.
1532 3485 1656 3549 Πῶς
1682 3485 1748 3538 ἂν

162 3574 264 3627 οῦν
320 3576 650 3645 τυφωθείην,
713 3576 807 3628 καὶ
855 3577 916 3628 οὐ
973 3576 1177 3644 μᾶλλον
1230 3576 1526 3647 ἀχθοίμην,
1555 3575 1616 3631 οὗ
1671 3578 1746 3647 μὴ

161 3667 411 3732 ἐμαυτὸν
441 3668 626 3732 ἀξιοῦν
656 3665 800 3738 εἶχον
835 3673 1025 3723 τούτου
1070 3668 1284 3738 τυχών;
1324 3670 1518 3723 Πολλοὶ
1547 3669 1748 3723 πολλά-

162 3778 260 3823 κις
273 3761 610 3832 ἀνεπτέρουν
627 3764 774 3832 ἡμᾶς
796 3781 808 3796 ·
837 3763 949 3815 ἀλλ’
966 3764 1127 3834 ἡμεῖς
1145 3762 1434 3836 ἐϐρίθομεν
1457 3763 1629 3828 κάτω,
1652 3763 1746 3815 καὶ

159 3854 271 3924 τὴν
311 3856 450 3923 πρὸς
472 3854 576 3924 γῆν
609 3855 893 3927 διατριϐὴν
932 3857 1285 3927 ἐστέργομεν.
1307 3853 1746 3926 Ἀνεμίμνησκον

161 3946 443 4019 μακάρων
465 3947 675 4016 τρυφῆς
698 3964 714 3981 ο
744 3949 875 4018 ἡμῖν
905 3949 962 4002 δὲ
987 3948 1153 4020 ῆρεσε
1181 3947 1274 4002 καὶ
1294 3948 1323 4000 6
1343 3946 1480 4018 πρὸς
1503 3945 1610 4016 ἠμέ
1621 3962 1742 4016 ραν,

158 4036 223 4090 εῖ
256 4053 362 4092 που
393 4039 490 4092 καὶ
523 4039 710 4110 ἀρκῶν
745 4041 853 4108 εῐη,
876 4041 904 4093 6
923 4039 1314 4109 κατάϐλωμος.
1339 4037 1572 4091 Ἥθελον
1595 4035 1744 4106 ἡμᾶς

156 4133 215 4186 οῖ
250 4132 535 4202 φιλοῦντες
571 4131 904 4198 αὐξάνεσθαι
946 4134 1044 4188 καὶ
1078 4131 1432 4202 ἀνδρίζεσθαι
1455 4144 1469 4157 ·
1500 4129 1651 4199 ἡμᾶς
1686 4127 1746 4181 δὲ

154 4229 268 4281 οὐκ
289 4226 602 4287 ἐλάνθανεν,
619 4228 700 4281 ὅτι
721 4226 981 4290 κώνωπες
998 4227 1179 4296 ἡμεῖς,
1200 4225 1282 4278 ὅτι
1307 4223 1624 4294 μύρμηκες,
1649 4221 1746 4276 καὶ

155 4321 218 4374 εἰ
247 4319 301 4371 τί
329 4335 434 4371 που
465 4318 672 4372 τούτων
693 4317 914 4372 ἔλαττον
941 4319 1021 4383 είς
1055 4317 1332 4371 εὐτέλειαν
1355 4357 1370 4382 ,
1402 4317 1554 4370 κάτω
1581 4315 1745 4385 συρό-

162 4431 358 4485 μενον,
387 4412 420 4483 ἢ
445 4412 559 4466 ἀνω
588 4412 909 4481 φερόμενον.
937 4411 1046 4466 Καί
1071 4429 1174 4465 που
1205 4411 1301 4464 καὶ
1329 4408 1533 4464 τοιαῦτ’
1577 4409 1743 4479 ῆκουε

1854 1912 1999 1972 σθαι,
2027 1912 2207 1966 είτουν
2239 1912 2381 1964 κατά
2413 1914 2510 1975 τάς
2540 1910 2766 1984 [χαμαὶ]
2790 1912 2983 1981 φύσεις
3003 1912 3349 1982 ἐρέπτεσθαι.
3373 1909 3436 1962 El

1850 2007 1905 2060 δέ
1935 2023 2064 2060 ποτε
2088 2007 2183 2060 καὶ
2204 2007 2386 2077 δεήσει
2421 2007 2820 2077 πτερύξασθαι,
2854 2006 3164 2077 ἀγαπητὸν,
3199 2007 3248 2058 εί
3291 2007 3436 2058 κατὰ

1849 2100 1948 2171 τὴν
1979 2100 2225 2168 Λιϐυκὴν
2256 2098 2520 2170 στρουθὸν
2551 2099 2620 2151 τὰ
2668 2100 2838 2152 πολλὰ
2873 2100 2970 2170 τῆς
3013 2099 3117 2170 γῆς
3148 2096 3436 2170 ἐφαπ[τοί-

1853 2190 2015 2261 μεθα.
2051 2191 2160 2243 Καὶ
2185 2187 2319 2263 μὴν]
2341 2189 2456 2260 ἔχει
2486 2188 2629 2241 καὶὸ
2667 2188 2875 2260 Ἐρμῆς
2907 2188 3234 2256 πράγματα,
3263 2185 3350 2238 διὰ
3377 2185 3436 2236 τὸ

1851 2284 2055 2354 πτερὸν
2085 2284 2359 2342 ἀστατῶν,
2395 2284 2493 2335 καὶ⁵
2516 2281 2610 2334 νῦν
2645 2280 2745 2348 μὲν
2783 2279 3018 2350 χθόνιος,
3050 2278 3146 2332 νῦν
3171 2277 3230 2330 δὲ
3276 2275 3434 2336 αὖθις

1849 2375 2103 2446 οὐράνιος
2133 2374 2232 2429 ὧν.
2260 2375 2373 2438 Τὰς
2396 2374 2451 2428 δέ
2476 2375 2740 2443 Σειρῆνας
2771 2371 2821 2445 [ὁ
2851 2373 3022 2426 πάλαι
3049 2369 3242 2444 μ]ῦθος
3273 2370 3434 2429 αὑτός

1851 2467 1946 2522 καὶ
1974 2467 2252 2536 παρέλυσε
2281 2465 2376 2519 τοῦ
2413 2466 2620 2534 πτεροῦ
2653 2466 2748 2520 καὶ
2797 2464 3148 2530 κάτέπνιξεν.
3209 2461 3269 2515 'U
3299 2462 3438 2529 γοῦν

1849 2559 2025 2612 ταῦτα
2077 2559 2254 2625 λέγων
2316 2556 2615 2621 Εὐστάθιο’ς
2673 2559 2782 2611 καῖ
2823 2555 3008 2626 πολλῷ
3054 2553 3326 2637 πρότερον
3370 2554 3431 2606 οὐ

1852 2653 1995 2720 μέγα
2033 2648 2381 2724 φρον[ήσας],
2411 2651 2789 2721 πανιερώτατέ
2821 2667 2926 2716 μου
2953 2649 3211 2706 δέσποτα,
3237 2647 3336 2698 οὐκ
3367 2646 3432 2697 ἂν

1850 2744 2067 2805 πάντως
2097 2743 2208 2811 ἐχοι
2237 2741 2561 2812 τυφοῦσθαι,
2591 2741 2685 2794 τοῦ
2713 2739 3051 2808 ποθουμένου
3089 2738 3206 2808 βίου
3258 2753 3431 2805 μετα-

1849 2833 2073 2894 ναστάς’
2094 2832 2314 2903 στέργοι
2332 2830 2400 2895 δ’,
2418 2832 2468 2883 εί
2486 2829 2673 2903 [μετὰ]
2704 2830 2804 2897 τὴν
2824 2828 2987 2898 φίλην
3001 2827 3105 2896 γῆν
3132 2823 3311 2898 [ποτε]
3338 2824 3436 2877 αύ-

1847 2925 1940 2978 τδν
1972 2925 2196 2992 οὐρανὸς
2219 2920 3027 2993 ἐλαφρίζοιτο.Ἀπολελόγημαι
3082 2919 3204 2990 ἤδη,
3238 2919 3435 2971 δέσπο-

1847 3036 1939 3081 τα,
1980 3014 2088 3089 [οὑ]
2133 3014 2339 3089 μό[νον]
2363 3013 2562 3078 ίκανῶς
2596 3013 2733 3068 ἀλλά
2767 3011 2860 3067 καὶ
2887 3011 3435 3081 άληθῶς·προσθήσω

1847 3109 1902 3163 δέ
1934 3111 1999 3182 τῇ
2033 3111 2193 3180 λοιπῇ
2218 3107 2347 3181 [μου
2379 3107 2591 3180 γραφ]ῇ
2625 3109 2718 3160 καὶ
2758 3107 2858 3178 τὴν
2920 3106 3208 3177 κορωνίδα.
3247 3103 3313 3158 Εἴ
3333 3123 3430 3158 σου

1856 3203 2224 3274 ἐπελαθόμην,
2265 3202 2486 3257 λάθοιτό
2521 3219 2627 3272 μου
2684 3200 2836 3265 Θεός.
2871 3200 2996 3254 Ὀτι
3025 3201 3081 3253 δὲ
3125 3200 3246 3254 οὐδὲ
3275 3198 3428 3268 φίλον

1854 3295 2230 3364 ἐπιγράφομαί
2255 3313 2376 3349 τινα
2396 3293 2731 3366 κρείτίτονα]
2788 3295 2888 3364 τῆς
2911 3293 3039 3366 [σῆς
3094 3292 3432 3364 ἁγιότηῙτος,

1854 3384 1960 3443 οἶδε
1982 3388 2078 3456 μὲν
2093 3387 2353 3440 καὶτοῦτο
2374 3387 2526 3449 Θεὸς·
2541 3389 2598 3439 οὑ
2619 3387 2953 3452 λανθάνειδὲ,
2972 3383 3144 3454 οῐμαι,
3163 3387 3282 3438 οὐδέ
3305 3402 3428 3440 τινα.

1853 3483 1984 3546 τῶν,
2006 3482 2117 3533 ὅσοι
2153 3479 2452 3533 Εὐστάθιόν
2481 3497 2538 3532 τε
2570 3478 2761 3532 τοῦτον
2807 3478 3050 3547 ἀκριϐῶς
3079 3479 3277 3540 οῖδασι,
3328 3477 3426 3531 καὶ

1853 3575 1945 3626 τὸν
1997 3571 2410 3642 πανιερώτατον
2474 3571 2883 3641 μητροπολίτην
2924 3570 3194 3641 Πατρῶν.
3250 3568 3424 3640 Εῦχου

1852 3667 2005 3737 ἡμῖν,
2038 3664 2166 3734 ἆγιέ
2219 3681 2320 3735 μου
2354 3661 2609 3717 δέσποτα.
2671 3663 2958 3734 Εὐχόμεθα
3001 3663 3097 3716 καὶ
3129 3665 3288 3733 ἡμεῖς
3321 3665 3431 3716 πᾶν

1852 3757 2058 3827 ἀγαθὸν
2085 3758 2152 3827 τῇ
2180 3758 2248 3827 σῇ
2279 3756 2557 3826 ἁγιότητι·
2608 3755 2980 3824 συνευχόμεθα
3032 3755 3089 3809 δὲ
3144 3755 3240 3808 καὶ
3299 3755 3429 3808 ἰδεῖν

1852 3853 2022 3923 αὐτὴν
2043 3853 2365 3921 χαίρουσαν,
2387 3849 2482 3902 καὶ
2506 3847 2576 3902 τὰ
2602 3847 2794 3916 φιλικὰ
2819 3849 2877 3900 ἐν
2899 3846 3056 3916 ὄψεσι
3083 3849 3426 3918 προσειπεῖν.

1851 3944 1943 4015 Τῷ
1976 3943 2114 4008 τέως
2147 3942 2202 3995 δέ
2233 3941 2395 3994 λύσον
2429 3939 2530 4010 τὴν
2559 3931 2832 4007 γλῶσσαν.
2884 3939 2978 3991 καὶ
3015 3937 3388 4007 ἀντιφώνησον
3409 3955 3425 3969 ·

1853 4039 1949 4091 καὶ
1969 4035 2144 4100 οὕτως
2164 4035 2297 4108 ἡμῖν
2327 4035 2427 4105 τὴν
2459 4035 2521 4088 ἐκ
2544 4033 2724 4103 λύπης
2766 4032 3014 4088 διάλυσιν
3048 4033 3284 4104 συνόχει.

2568 4130 2704 4183 ME'.

2492 4219 2578 4287 Τῷ
2609 4220 2792 4287 αὐτῷ.

1926 4316 2190 4386 Ἥγειρας
2250 4315 2423 4387 ἡμᾶς,
2462 4309 2545 4377 οἷς
2586 4314 2853 4384 ἐλάλησας
2876 4329 2892 4346 ⁸
2959 4315 3286 4388 ἀνέστησας,
3346 4311 3429 4380 οἷς

1852 4403 2250 4480 ἐφώνησας.Ὦ
2279 4407 2438 4474 λόγος
2470 4405 2674 4472 γλυκύς
2696 4407 2709 4461 ί
2735 4399 2780 4460 ὧ
2809 4406 3030 4474 γλῶσσα
3054 4409 3308 4477 Χαρίτων
3332 4409 3428 4474 γέ-

158 4507 311 4575 πρδς
337 4506 498 4576 ἡμῶν
521 4507 549 4558 6
573 4505 635 4559 τὸ
669 4506 935 4575 ἡμέτερον
956 4505 1300 4559 ἐπισπεύδων
1335 4503 1557 4574 ὕψωμω
1583 4504 1747 4556 ἔασον
1777 4496 1824 4555 D
1853 4520 2031 4572 μουσα
2060 4503 2073 4556 ί
2099 4502 2177 4564 ὡς
2209 4503 2319 4570 ἄρα
2353 4500 2419 4552 σὺ
2454 4501 2613 4570 μόνος
2647 4501 2706 4552 ἐν
2743 4502 2856 4562 τοῖς
2886 4501 3010 4568 ἀρτι
3037 4500 3238 4568 λαλεῖς,
3268 4503 3427 4554 ὁποῖα

151 4597 342 4665 ἡμᾶς,
369 4587 615 4664 ὧνοῦτος,
651 4595 835 4664 μένειν
867 4595 1040 4648 κάτω.
1091 4593 1168 4648 Οὐ
1199 4593 1428 4665 θέλομεν
1459 4593 1743 4663 ὑψοῦσθαι·

151 4687 226 4738 οὐ
271 4685 540 4756 φιλοῦμεν
589 4685 938 4749 αὐξάνεσθαι.
998 4683 1318 4754 Ηύξήμεθα,
1367 4685 1452 4754 ἐφ’
1481 4685 1604 4738 ὅσον
1637 4683 1748 4737 ἔδει

154 4777 477 4849 αὐξηθῆναι
508 4777 604 4829 καὶ
645 4777 939 4847 μύρμηκα*
988 4776 1097 4829 ἔδει
1145 4775 1203 4830 δὲ
1253 4776 1473 4837 πάντως
1519 4775 1619 4828 οὐκ
1668 4774 1749 4837 είς

147 4870 413 4929 λέοντας,
447 4867 659 4936 μήποτε
683 4868 791 4938 ἀρα
811 4867 870 4919 τὸ
898 4867 996 4936 τῆς
1029 4867 1248 4937 γραφῆς
1273 4866 1748 4937 μυρμηκολέοντες

145 4959 428 5030 ὀλοίμεθα
453 4958 607 5028 παρὰ
643 4960 704 5012 τὸ
748 4958 824 5028 μὴ
873 4957 1018 5028 ἔχειν
1052 4959 1280 5030 τροφήν.
1339 4961 1449 5012 Καὶ
1487 4960 1661 5022 ἄλλως
1689 4960 1745 5013 δὲ

144 5053 288 5107 οὐαὶ
328 5051 584 5121 μύρμηκι
649 5052 868 5122 πτεροῖς
925 5051 1170 5122 ἀρθέντι,
1227 5051 1364 5122 ὥςή
1417 5052 1477 5119 ἐξ
1539 5053 1746 5124 ἀγορᾶς

149 5146 449 5214 παροιμία
477 5143 648 5198 λαλεῖ.
679 5143 959 5205 Κῶνωπες
1010 5143 1087 5210 δὲ,
1121 5144 1170 5196 εί
1219 5143 1297 5214 μὴ
1342 5145 1612 5214 περίγειοι
1647 5145 1746 5198 πέ-

139 5255 365 5303 τοιντο,
418 5237 520 5290 οὐκ
550 5237 616 5292 ἂν
670 5236 772 5306 τῆς
801 5237 1054 5303 πτήσεως
1101 5237 1180 5298 είς
1215 5235 1380 5289 καλὸν
1429 5236 1742 5300 ἀπόναιντο,

139 5328 548 5400 ἀρπαχθέντες
568 5329 792 5399 ἀνέμοις
815 5329 911 5381 καὶ
929 5327 1365 5398 ἀπαλλαχθέντες
1383 5327 1464 5390 είς
1495 5327 1619 5380 δλεθ
1628 5344 1740 5398 ρον.

147 5424 346 5492 ’Ἄφες
381 5417 477 5476 οὖν
522 5423 669 5490 ἡμᾶς
714 5426 772 5475 ἐν
803 5421 903 5491 βίῳ
969 5417 1129 5488 εἶναι,
1171 5421 1264 5474 καὶ
1314 5422 1390 5498 μὴ
1446 5423 1568 5484 ταῖς
1622 5421 1744 5490 ’Λρ-

143 5516 363 5578 οπυίαις
425 5512 818 5584 ἀνερείψασθαι
883 5515 1030 5582 δοίης
1092 5515 1262 5584 ἡμᾶς.
1336 5513 1477 5582 Ἐγὼ
1537 5512 1593 5565 δὲ
1653 5513 1746 5565 τὸν

135 5608 447 5662 Τάνταλον
503 5605 790 5676 ἄνθρωπον
840 5600 994 5673 οἶμαι
1061 5607 1228 5658 πάλαι
1275 5606 1406 5658 ποτὲ
1462 5606 1742 5674 γενέσθαι,

139 5696 311 5767 στέρα
344 5695 442 5748 τοῦ
481 5695 690 5756 δέοντος
726 5693 1030 5764 ὑψωθέντα⁹
1063 5693 1120 5756 6;
1153 5692 1276 5747 οὔτε
1302 5697 1414 5758 τοῖς
1437 5697 1588 5750 κάτω
1619 5693 1744 5748 σύν-

131 5805 305 5854 εστι,
344 5785 440 5839 καὶ
485 5786 604 5839 ούδέ
643 5786 750 5839 τῶν
795 5786 1052 5840 ἀνωτάτω
1103 5784 1298 5854 ψαύειν
1350 5785 1509 5855 ἔχων,
1545 5786 1743 5858 πάσχει

1851 4595 2145 4662 φθέγξεται
2178 4593 2343 4659 σοφὸς
2389 4592 2699 4661 ἄνθρωπος.
2744 4591 2890 4645 Ἰδὼν
2924 4591 3025 4662 μὲν
3063 4591 3165 4663 τὴν
3203 4595 3426 4662 γραφὴν

1847 4684 1946 4750 τῆς
1975 4683 2075 4752 σῆς
2125 4682 2415 4750 ἁγιότητος
2447 4681 2929 4752 (ἐπιμαρτυρέσθω
2970 4699 3063 4752 μοι
3101 4686 3214 4748 τοῖς
3246 4683 3427 4754 λόγοις

1846 4775 1876 4828 6
1903 4775 2001 4844 τῆς
2029 4771 2288 4843 ἀληθείας
2312 4772 2489 4841 Θεὸς),
2514 4773 2609 4827 καὶ
2647 4773 2739 4825 τδν
2767 4773 2948 4826 τίτλον
2979 4773 3183 4843 ταύτης
3206 4776 3426 4843 περιελ-

1849 4864 1979 4933 θὼν,
2018 4864 2355 4936 ἐξελαθόμην
2384 4866 2481 4934 τῆς
2504 4865 2815 4932 ἀσθενείας,
2847 4865 2882 4936 ἦ
2918 4883 2987 4935 με
3037 4869 3421 4938 περιεκέχυτο.

1859 4957 2025 5022 Ὠςδέ
2047 4957 2143 5012 καὶ
2170 4957 2466 5023 άνέπτυξα,
2511 4960 2604 5012 καὶ
2643 4957 2736 5011 τοῦ
2783 4957 3181 5024 ἀναγινώσκειν
3237 4962 3423 5026 ἐγενό-

1850 5065 1980 5120 μην,
2011 5050 2093 5103 ὅτι
2127 5048 2226 5117 μὲν
2260 5050 2293 5120 ἡ
2334 5048 2616 5117 ἀγιωσύνη
2652 5067 2744 5104 σου
2785 5049 3073 5119 πράγμασι
3115 5067 3426 5119 περιεστοιυ

1847 5141 2032 5214 χίσθη,
2065 5129 2127 5196 06
2173 5142 2320 5213 μάλα
2355 5159 2422 5213 με
2455 5143 2695 5212 ἐλύπησε
2733 5141 2979 5210 (δύνασαι
3005 5144 3116 5215 γὰρ
3155 5147 3290 5205 θεοῦ
3324 5149 3424 5216 χά-

1850 5253 1960 5307 ριτι
1996 5235 2102 5288 τῶν
2133 5235 2390 5290 τοιούτων
2419 5235 2756 5305 ἐλαφρότατα
2782 5235 3232 5318 ὑπερπέτεσθαιγ
3264 5241 3345 5291 ὅτι
3367 5243 3421 5291 δὲ

1849 5329 2126 5400 ὑγιαίνειν
2147 5329 2358 5399 ἔλαχες,
2383 5326 2541 5381 τοῦτο
2569 5330 2649 5390 είς
2673 5328 2695 5378 ἐ
2706 5327 2811 5399 μὴν
2834 5327 3166 5401 ἐλογισάμην
3188 5332 3417 5396 ὑγίειανο

1846 5422 1874 5474 6
1908 5421 2004 5473 καὶ
2062 5421 2382 5489 φυλάττοιτό
2412 5417 2619 5477 σοιδιά
2679 5418 2797 5488 βίου
2849 5422 2930 5482 είς
2977 5427 3152 5474 κοινὸν
3191 5419 3414 5485 ἀγαθόν.

1845 5512 2030 5584 Βραχὺ
2054 5512 2111 5564 δὲ
2143 5512 2246 5581 τῆς
2296 5508 2658 5578 ἀναγνώσεως
2709 5514 3018 5583 γενόμενος,
3071 5512 3166 5564 καὶ
3217 5511 3414 5578 μηκέτ’

1845 5605 1985 5675 ἔχων
2010 5604 2214 5658 διδόναι
2262 5603 2390 5667 τοὺς
2428 5602 2744 5674 ὀφθαλμοὺς
2802 5606 2880 5675 τῷ
2912 5605 3198 5673 γράμματι
3250 5602 3414 5670 (οὕτω

1844 5690 1956 5759 γάρ
1993 5706 2060 5760 με
2094 5692 2128 5761 ὴ
2158 5691 2315 5754 νόσος
2367 5691 2618 5760 διέθετο),
2655 5690 2773 5748 εἶτα
2816 5693 2986 5760 ἐτέρῳ
3028 5691 3151 5752 δοῦς
3181 5690 3417 5744 ὑποϐάλ-

1845 5783 1954 5836 λειν
1985 5800 2077 5852 μοι
2109 5784 2175 5838 τά
2206 5783 2304 5856 τῆς
2325 5785 2613 5855 ἐπιστολῆς
2634 5787 2710 5850 ὡς
2727 5787 2943 5854 ἐγένετο
2969 5783 3172 5846 ἐκεῖνος
3193 5783 3259 5851 τῇ
3282 5783 3414 5836 ἀνα-
