4004 6252
432 422 434 424 ν
538 333 677 397 1315

1985 331 2347 394 ADDENDA

3668 335 3795 400 1316

527 453 730 511 γνώσει
765 446 893 515 ’περὶ⁹
912 445 979 498 τὰ
1003 442 1230 515 Σέρΰια,
1259 444 1491 498 ἐνταῦθα
1523 444 1618 498 καὶ
1658 444 1992 516 ἀνωρθώθην
2016 444 2112 499 τοῦ
2137 450 2188 510 Α
2219 445 2356 500 ἀλλά
2388 442 2549 501 τοῦτο
2580 446 2718 518 μήτε
2753 444 2953 517 ἀληθὲς
2976 446 3085 516 εἴη,
3135 448 3273 520 μήτε
3304 447 3563 520 δεύτερόν
3590 465 3684 519 μοι
3708 467 3797 504 πε-

530 539 769 603 κεῖσθαι,
799 540 895 593 καὶ
920 541 1178 610 κατέχειν
1207 537 1441 608 ἐμαυτὸν
1472 538 1572 592 οὐκ
1603 535 1749 609 εἶχον
1777 535 1870 608 ὑφ’
1890 539 2104 610 ἡδονῆς.

531 625 601 682 Ὦ
629 630 728 699 τῆς
750 630 858 683 τῶν
902 627 1192 700 νοημάτων
1247 629 1589 700 γλυκύτητος
1624 629 1638 684 ι
1673 630 1914 697 Σάλπιγξ
1968 648 2058 700 μοι
2085 633 2111 685 6

445 734 447 737 '
531 728 697 787 τόπος
721 718 873 787 οὗτος
899 726 1072 794 ἐφάνη
1101 725 1194 778 τοῦ
1244 723 1595 793 γράμματος,
1648 723 1790 776 κατά
1820 723 1979 792 λόγον
2009 722 2111 790 τῆς

533 815 850 878 τελευταίας
908 816 1125 885 ἐκείνης
1162 814 1438 869 ἀνιστῶσά
1491 832 1557 886 με
1617 814 1718 883 τῆς
1767 816 2107 882 νεκρώσεως.

535 908 668 960 ΕΞδέ
695 909 789 960 καὶ
829 907 1131 977 σάλπιγγες
1168 907 1496 976 κατὰλόγον
1545 908 1705 962 ἄλλον
1755 909 1810 961 αί
1862 907 2111 962 τοιαῦται

532 999 627 1052 τοῦ
650 1001 981 1070 γράμματος
1019 1000 1245 1066 ἔννοιαι,
1302 1001 1443 1054 κατά
1492 1000 1588 1062 τὰς
1635 999 1730 1052 τοῦ
1775 996 1973 1065 Ἰησοῦ,
2011 1000 2111 1060 τάς

533 1090 790 1155 ἐπάλξεις
824 1091 919 1144 τοῦ
962 1091 1266 1162 νοσήματος
1315 1093 1762 1160 κατερείπουσαι,
1794 1089 1988 1154 δώσεις
2020 1107 2112 1160 μοι

534 1189 628 1240 καὶ
658 1186 818 1240 τοῦτο
842 1185 1189 1256 θαρρούντως
1213 1188 1410 1250 εἰπεῖν,
1435 1186 1510 1248 ὡς
1537 1181 1674 1238 εἶναι
1697 1185 1787 1238 διὰ
1817 1183 1992 1239 ταῦτα
2015 1185 2114 1256 τὴν

533 1284 750 1353 γραφὴν
783 1283 880 1346 τῆς
927 1283 1025 1349 σῆς
1055 1281 1344 1349 ἁγιότητος
1374 1280 1453 1342 είς
1503 1279 1713 1331 πτῶσίν
1745 1296 1802 1331 τε
1842 1283 1936 1331 καὶ
1988 1279 2117 1331 ἀνά-

536 1392 726 1426 στασιν
755 1377 996 1443 ’ταύτην
1044 1373 1203 1442 ἐμήν·
1256 1372 1470 1441 ἐκείνην
1507 1371 1601 1423 τοῦ
1654 1371 2112 1442 άρρωστήματος.

533 1466 794 1519 Φυλάττοι
831 1465 962 1528 Θεὸς
1011 1465 1102 1517 ἐπὶ
1138 1466 1368 1536 χρόνους
1421 1465 1673 1536 μακροὺς
1716 1465 1812 1534 τὴν
1861 1465 2114 1534 γλῶσσαν

533 1559 762 1628 ταύτην,
820 1559 1036 1610 καὶτὸν
1081 1555 1286 1627 ταύτης
1339 1557 1640 1627 ἐπιστάτην
1685 1556 1835 1623 νοῦν,
1886 1557 1982 1612 καὶ
2023 1559 2114 1610 τὸν

535 1651 754 1703 σύνολόν
786 1669 884 1720 μου
921 1650 1328 1721 δεσπότην·τὴν
1365 1651 1644 1722 ἀναπνοήν
1667 1669 1794 1720 μου,
1830 1653 1933 1720 τὴν
1965 1668 2112 1720 παρ-

531 1745 782 1816 ηγορίαν,
839 1747 937 1813 τὴν
972 1744 1280 1816 ἀναψυχὴν,
1307 1745 1398 1798 τὸν
1426 1747 1583 1816 μόνον
1619 1748 1770 1818 ἐμόν.
1808 1747 2114 1801 Ἀπαλλάτ-

2222 538 2334 590 σεῖν
2362 537 2576 605 γένοιτο
2605 539 2684 600 είς
2715 535 2905 604 ἀκοάς,
2939 536 3018 590 ὅτι
3047 536 3134 590 διὰ
3160 536 3222 590 τδ
3250 537 3343 592 τοῦ
3375 537 3609 604 πένθους
3633 536 3797 610 ἄκρα·

2217 647 2311 682 τον
2335 630 2430 682 καὶ
2465 631 2699 697 ἄμικτον
2727 630 2860 699 πρὸς
2887 630 3231 700 παρηγορίαν
3280 629 3527 693 κίνδυνός
3561 631 3678 684 ἐστι
3707 629 3797 683 θα·

2219 721 2365 792 νάτῳ
2394 719 2628 776 πελάσαι
2657 722 2750 776 καὶ
2801 721 2882 778 σέ.
2935 720 3002 776 Τί
3052 739 3136 776 σοι
3185 721 3374 794 κέρδος
3425 720 3522 776 τοῦ
3560 723 3792 789 ἀσιτεῖνς

2220 817 2314 870 καὶ
2346 815 2654 886 βρωμάτων
2687 816 2784 886 μὲν
2831 814 3132 885 ἀπέχεσθαι
3177 816 3257 879 είς
3311 816 3371 868 τὸ
3399 813 3683 878 παντελὲς,
3708 813 3796 866 δας

2220 906 2404 977 κρύων
2430 907 2485 960 δὲ
2517 906 2716 978 ἄρτους
2743 904 3127 978 ψωμίζωθαις
3154 907 3248 960 καὶ
3285 907 3433 976 λιμῷ
3474 907 3575 977 μὲν
3640 905 3795 974 τήκε-

2223 999 2368 1061 σθαι,
2401 998 2633 1063 πένθους
2663 1000 2718 1053 δέ
2748 1000 3027 1071 ἀφορήτου
3061 1000 3464 1072 κορέννυσθαι;
3494 1001 3568 1052 Ἥ
3598 996 3793 1067 φαῦλος

2221 1095 2280 1147 ἐν
2309 1095 2496 1163 σοφοῖς
2528 1094 2557 1147 ό
2603 1093 2797 1154 εἰπὼν,
2868 1093 2945 1164 μὴ
2996 1093 3106 1147 δεῖν
3159 1087 3300 1148 εἷναι
3326 1095 3452 1159 τοὺς
3494 1095 3796 1159 τεθνεῶτας

2222 1186 2451 1257 γαστέρι
2483 1185 2726 1240 πενθεῖν.
2765 1183 3112 1238 Ἐπαινετέον
3140 1184 3249 1255 ἄρα
3279 1187 3375 1240 καὶ
3401 1188 3529 1252 τοὺς
3559 1189 3795 1258 ἀπαγχοο

2225 1281 2443 1350 μένους,
2467 1278 2556 1347 ἐφ’
2580 1273 2662 1340 οἷς
2693 1277 2785 1333 ἐπὶ
2816 1281 3031 1348 νεκροῖς
3071 1277 3327 1349 ἄχθονται
3349 1295 3364 1310 ⁸
3413 1278 3705 1334 ἑλκυστέον
3747 1281 3796 1333 δὶ

2221 1375 2315 1426 καὶ
2343 1371 2435 1423 τὸν
2468 1369 2686 1441 σφαγέα
2715 1368 2838 1422 καθ’
2860 1367 3072 1424 ἑαυτῶν
3090 1367 3216 1440 δίχα
3233 1369 3402 1440 ψόγου
3424 1371 3631 1432 παντδς
3658 1372 3795 1434 τοὺς.

2221 1466 2336 1518 ὅσοι
2367 1464 2460 1519 ἐπὶ
2493 1465 2606 1526 τοῖς
2631 1464 2936 1533 οίχομένοις
2957 1463 3334 1518 παθαίνονται.
3364 1461 3455 1515 Σοὶ
3489 1463 3545 1517 δέ
3579 1463 3796 1533 ἀρκέσει

2222 1561 2316 1612 καὶ
2341 1557 2488 1628 λύπη
2523 1557 2755 1630 βραχεῖα
2785 1555 2922 1628 πρὸς
2950 1556 3012 1610 τὸ
3045 1557 3423 1628 μεμισημένον
3454 1559 3795 1624 κατάντημα,

2222 1648 2309 1705 οἷα
2337 1652 2785 1722 τεταριχευμένῳ
2827 1651 2894 1721 τῇ
2949 1649 3111 1717 νόσῳ,
3157 1650 3254 1703 καὶ
3281 1650 3342 1703 ού
3374 1647 3556 1710 καλῶς
3604 1650 3797 1720 ἔχοντι.

2223 1734 2373 1796 Εί’δὲ
2405 1742 2498 1796 καὶ
2545 1744 2646 1814 τὴν
2681 1741 2894 1814 τροφὴν
2932 1745 3166 1814 ὲπίσχῃς
3194 1743 3286 1798 ἐπὶ
3311 1741 3500 1811 πλέον,
3543 1744 3701 1814 κακῷ
3744 1746 3798 1798 τὸ

531 1855 615 1891 τοι
641 1840 695 1892 δὲ
719 1839 879 1891 αὑτὸν
907 1839 993 1892 ἀεὶ
1031 1840 1124 1891 καὶ
1153 1839 1251 1908 τῆς
1287 1838 1394 1890 τῶν
1439 1839 1747 1910 Κιμμέρων
1793 1837 2118 1907 Σερὸιωτῶν
2149 1834 2192 1890 Β
2222 1835 2392 1888 κακὸν
2436 1836 2688 1904 ἰώμενος,
2720 1833 2841 1906 ῶρα
2884 1851 2970 1888 σοι
3030 1833 3228 1906 μηκέτι
3282 1830 3442 1897 εῖναι,
3478 1834 3540 1888 τὸ
3589 1835 3797 1889 πάντων

531 1931 655 1999 γῆς,
685 1929 1076 1984 ἀποκαθιστῶν
1104 1931 1185 1992 είς
1223 1931 1321 2001 τὴν
1357 1929 1698 2000 Ἐλλαδικὴν,
1752 1931 1853 2001 τὴν
1888 1931 2114 2004 ήλιώδη,

529 2023 630 2094 τὴν
657 2022 1072 2094 αἰθριάξουσανο
1101 2023 1327 2092 όδηγοίη
1355 2022 1413 2076 δὲ
1454 2025 1549 2076 καὶ
1587 2023 1899 2092 μεμνῆσθαι
1933 2023 2115 2094 ἡμῶν,

531 2118 618 2170 ἵνα
641 2118 736 2186 ὀψέ
775 2133 905 2169 ποτε
954 2109 1104 2186 ῶμεν
1136 2117 1247 2180 τοῖς
1296 2116 1557 2187 καθαρῶς
1619 2115 1788 2182 ζῶσιν
1845 2116 2113 2186 ἀρίθμιοι.

529 2207 646 2260 Νῦν
701 2207 812 2278 γὰρ
859 2210 1020 2279 ἡμεῖς
1076 2207 1198 2260 οὐδὲ
1255 2208 1495 2279 ἡμίϐιοι,
1555 2206 1632 2270 ὡς
1685 2205 1860 2270 οὕτως
1917 2208 2115 2262 εἰπεῖν.

536 2299 607 2352 Ἥ
641 2297 797 2370 κλίνη
848 2301 947 2369 μὶν
998 2299 1107 2368 γὰρ
1141 2299 1292 2368 ἡμᾶς
1335 2299 1435 2352 οῦκ
1467 2299 1555 2351 ἀεὶ
1603 2297 1736 2367 ἔχει,
1791 2297 1929 2354 ἀλλά
1978 2297 2115 2368 πρὸς

529 2387 682 2458 ὥραν
728 2388 931 2456 ταύτης
979 2389 1441 2455 ἀπαλλαττόμεθα
1471 2403 1487 2418 ·
1533 2387 1602 2440 τά
1625 2387 1682 2440 δὲ
1713 2387 1898 2449 λοιπά,
1950 2379 2039 2440 οία
2063 2385 2116 2437 οί

531 2481 692 2544 πόδες
730 2481 873 2534 κατά
919 2481 1046 2542 τοὺς
1104 2479 1215 2533 τῶν
1251 2479 1470 2550 βρεφῶν
1519 2479 1871 2543 ὀκλάζουσιν·
1907 2479 2008 2548 οὐχ
2035 2477 2130 2544 ὅτι,

527 2575 598 2628 τὰ
629 2573 741 2628 ἄνω
774 2572 963 2645 βαρεῖς
1002 2574 1096 2626 καὶ
1143 2572 1402 2635 νανὼδεις
1430 2572 1614 2642 ἡμεῖς,
1675 2572 1751 2635 ὡς
1799 2571 2118 2625 ἐπιπίπτειν

529 2666 712 2727 αὐτοῖς
741 2666 951 2718 ἐκεῖθεν
985 2666 1080 2718 καὶ
1119 2664 1403 2734 βιάζεσθαι
1438 2663 1536 2735 τὴν
1587 2665 1876 2718 ύπένδοσιν
1908 2666 2120 2737 (περιε-

531 2757 808 2827 πτίσμεθα
834 2758 941 2827 γὰρ
963 2759 1104 2810 κατὰ
1140 2759 1267 2818 τοὺς
1301 2757 1454 2827 παρά
1483 2758 1560 2828 τῷ
1609 2757 1857 2829 κωμικῷ
1892 2759 2117 2830 σφηκώ-

529 2849 664 2912 δεις,
714 2849 809 2901 καὶ
837 2879 910 2888 -
940 2846 1016 2910 ὡς
1081 2850 1289 2912 ἐκεῖνος
1341 2851 1502 2903 τοῦτο
1522 2850 1673 2920 λέγει
1700 2883 1772 2892 -
1796 2851 1886 2905 διὰ
1913 2853 2116 2906 δακτυ-

529 2940 651 2992 λίου
683 2941 748 2994 ἂν
777 2942 1220 3012 ἐλκυσθείημεν)’
1262 2942 1378 2997 ἀλλ’
1416 2943 1498 2998 ὅτι
1547 2945 1788 2998 ἀνεῖνται
1816 2946 1884 2998 τά
1924 2943 2114 3017 νεῦρα,

530 3033 626 3083 καὶ
666 3032 693 3083 6
739 3033 968 3100 φυσικὸς
1029 3033 1324 3104 ἐξητόνησε
1367 3035 1688 3105 σύνδεσμος.
1725 3035 1788 3090 Ὀ
1842 3036 2116 3107 στόμαχος

527 3123 655 3176 οὔτε
687 3126 752 3194 τῇ
787 3127 989 3194 φυσικῇ
1021 3127 1321 3196 ταμιουχίᾳ
1360 3127 1598 3196 στέργει,
1625 3128 1740 3181 ἀλλ’
1783 3129 2110 3182 ἀναόάλλιειν
2135 3177 2179 3236 C

530 3216 705 3269 ἐθέλει
734 3216 800 3268 τὰ
832 3216 1182 3288 ἐντιθέμεναο
1218 3219 1324 3272 κᾶν
1355 3220 1573 3291 στέρξῃ,
1607 3221 1956 3292 παρενοχλεῖ,
2017 3225 2110 3276 καὶ

528 3308 722 3370 ὀδύνας
746 3309 894 3376 ἀγειο
922 3311 1016 3363 καὶ
1052 3313 1235 3381 χεῖρον
1278 3313 1440 3366 τοῦτο
1489 3315 1640 3368 δοκεῖ
1692 3320 1867 3371 ποιεῖν
1905 3319 2115 3374 ἐκείνου

530 3397 623 3450 τοῦ
649 3399 843 3453 κακοῦ.
878 3402 941 3454 Δί
994 3404 1269 3472 χεῖρεςς-
1324 3405 1614 3472 γελάσειας
1667 3409 1757 3474 ἂν,
1808 3410 2116 3478 γλυκύτατε

526 3491 790 3558 δέσποτα,
821 3493 965 3560 ἰδὼν,
1016 3495 1167 3558 ὅπως
1201 3497 1506 3569 ύπότρομοι
1540 3501 1762 3571 γραφὰς
1799 3503 2116 3575 ὑποσημαί-

531 3602 736 3651 νονται,
790 3585 990 3655 δεῆσάν
1041 3607 1196 3644 ποτε.
1255 3591 1379 3644 Οὐδ’
1419 3591 1487 3644 ἂν
1524 3595 1656 3658 παῖς
1713 3595 2114 3668 ἀναλφάϐητος,

531 3678 745 3741 παίζων
767 3680 994 3748 γραφέδι
1017 3682 1112 3734 καὶ
1145 3681 1358 3749 μέλανι,
1390 3685 1649 3750 τοιαύτας
1680 3686 1859 3761 ἀνάγῃ
1895 3693 2114 3760 γραφάς

537 3785 667 3836 μου.
705 3769 770 3820 Ἦ
801 3770 1013 3840 κεφαλὴ
1046 3797 1114 3812 -ο
1149 3774 1412 3826 συνέπεσέ
1438 3792 1493 3825 τι
1531 3777 1731 3846 μικροῦ
1773 3795 1917 3843 τινος
1949 3779 2112 3848 λόγου

530 3861 702 3926 ἄξιον,
727 3862 822 3914 καὶ
862 3863 1194 3933 ἀνέστρεψεν
1227 3865 1374 3919 ἅπαν
1427 3867 1488 3920 τὸ
1515 3867 1878 3940 ὑποκείμενον
1903 3885 1917 3900 ⁶
1951 3871 2111 3940 λόγου

530 3952 640 4021 γάρ
671 3951 903 4004 ἀκοῦσαι
954 3954 1244 4008 σπουδαίου
1289 3958 1386 4010 καὶ
1415 3959 1695 4026 περινοίας
1750 3958 2036 4030 δεομένου,
2077 3963 2110 4032 ἢ

532 4041 739 4111 βιϐλίον
768 4043 1176 4113 χειρίσασθαι,ἢ
1209 4046 1397 4116 ἐτέρου
1429 4047 1587 4101 τοῦτο
1620 4051 1901 4117 ποιοῦντος
1929 4054 2114 4118 ἀνέξε·

531 4133 680 4196 σθαι,
728 4134 987 4187 τοσοῦτον
1025 4135 1350 4205 ἀποδέομεν,
1399 4138 1526 4191 ὅσον
1558 4142 1652 4194 καὶ
1703 4143 1752 4195 οἱ
1780 4142 1871 4197 τοῦ
1911 4144 2108 4216 ἀγροῦ.

531 4225 596 4276 Τί
625 4224 718 4278 οὖν
743 4223 948 4295 ζῶμεν,
999 4225 1122 4294 ἅγιε
1143 4228 1382 4283 δέσποτα
1406 4249 1422 4299 ;
1479 4233 1553 4285 Τὸ
1589 4235 1777 4302 μεῖζον
1809 4238 1944 4308 ημῖν
1972 4239 2112 4292 πάν-

528 4334 636 4370 των
670 4316 784 4370 τῶν
810 4319 996 4372 κακῶν
1015 4335 1030 4351 ο
1067 4325 1217 4391 τρεῖς
1248 4323 1356 4376 ίδοὺ
1385 4325 1570 4394 σχεδὸν
1599 4327 1790 4397 μῆνες,
1821 4332 1915 4382 καὶ
1943 4331 1972 4382 6
2009 4349 2112 4402 μυ-

530 4407 800 4480 ροὸλύτης
829 4409 1073 4474 ἄποπτος
1118 4412 1272 4481 ἡμῖν.
1308 4413 1418 4466 Καὶ
1467 4415 1519 4468 οί
1554 4417 1652 4486 μὲν
1707 4417 1857 4472 ἄλλοι
1905 4421 2108 4486 πάντες

528 4503 630 4572 τῆς
689 4503 914 4567 εὐωδίας
985 4505 1200 4559 ἐκείνου
1263 4510 1761 4578 καταπολαύουσιν,
1823 4514 1984 4585 ἡμεῖς
2048 4517 2106 4569 δὲ
2137 4515 2190 4578 D

526 4595 888 4669 δεδιώγμεθα,
929 4600 1102 4669 χοῖροι
1142 4601 1366 4664 πάντως
1417 4603 1684 4675 βορϐόρου
1725 4605 1890 4673 ἄξιοι.
1933 4607 2108 4679 Εῦχου

526 4689 684 4758 ἡμῖν,
720 4689 843 4758 ἀγιε
878 4688 1139 4756 δέσποτα,
1191 4694 1518 4766 ἀπαλλαγὴν
1552 4696 1662 4750 τῶν
1699 4700 1986 4770 παρόντων
2012 4718 2113 4755 κα-

529 4779 663 4846 κῶν,
699 4779 732 4850 ἢ
763 4777 894 4849 γοῦν
950 4779 1087 4836 ἀλλὰ
1123 4785 1224 4849 τὴν
1273 4785 1470 4856 ἑτέραν
1531 4787 1873 4860 ἀπαλλαγήν.
1912 4792 2111 4862 Χάριτι

530 4873 634 4941 μὲν
658 4873 765 4943 γὰρ
795 4873 931 4941 ἡμῖν
969 4873 1002 4942 ἡ
1033 4874 1302 4946 προτέραο
1335 4879 1386 4930 εί
1435 4878 1492 4931 δέ
1518 4881 1766 4946 κίνδυνος
1827 4881 1914 4955 είη
1968 4883 2112 4940 οὕτω

530 4967 654 5035 ζῇν,
693 4967 946 5019 εὐκταῖον
979 4967 1213 5036 πρᾶγμα
1247 4971 1339 5021 καὶ
1371 4971 1405 5041 ἡ
1429 4959 1615 5042 λοιπή.

1252 5063 1402 5130 mcr.
1817 5114 1819 5116 .

599 5150 742 5204 Ὅσα
770 5153 870 5222 μὲν
899 5152 1027 5224 άχρι
1061 5157 1157 5208 καὶ
1192 5156 1292 5225 τῆς
1314 5157 1438 5225 ἄρτι
1472 5158 1604 5231 περὶ
1635 5158 1737 5231 τῆς
1765 5161 1989 5234 ἀγάπης
2018 5181 2112 5218 σου

531 5241 932 5313 ἐμανθάνομεν,
949 5245 1251 5312 λογιιῖετατε
1276 5249 1372 5301 καὶ
1392 5249 1585 5321 ἠγαπη
1594 5251 1723 5320 μένε
1747 5270 1839 5323 μοι
1855 5253 2111 5322 δέσποτα,

523 5335 765 5404 δυσαχθῆ
799 5335 920 5404 μὲν,
949 5335 1122 5401 άλλως
1149 5337 1204 5391 δὲ
1228 5339 1288 5391 οὐ
1317 5341 1457 5395 πάνυ
1483 5359 1536 5396 τι
1561 5346 1794 5414 φορτικὰ
1818 5346 1950 5417 ἡμῖν
1979 5365 2113 5402 κατ-

528 5425 832 5494 εφαίνοντο.
865 5424 939 5478 Ἥ
969 5443 1028 5478 τε
1076 5430 1185 5500 γὰρ
1231 5430 1384 5495 νόσος
1428 5433 1519 5486 διὰ
1572 5435 1633 5486 τὸ
1682 5437 2112 5508 εὐανακόμιστον

528 5517 748 5580 ἐλπίδας
778 5517 990 5586 ἀγαθὰς
1015 5520 1149 5589 ἡμῖν
1172 5521 1423 5576 ὐπέτεινε
1447 5540 1462 5555 ·
1491 5524 1671 5578 καὶτὸ
1709 5524 2001 5582 λυπεῖσθαι
2052 5529 2111 5582 δὲ

529 5609 621 5660 ἐπὶ
667 5608 882 5679 θανάτῳ
931 5611 1242 5681 συγγενικῷ
1296 5609 1442 5682 εἶχον
1492 5615 1784 5683 ἀπόλογον.
1870 5620 1978 5672 Καὶ
2024 5619 2114 5674 διὰ

529 5697 701 5750 ταῦτα
737 5701 838 5752 οὐκ
878 5700 1100 5754 ἐδόκουν
1151 5703 1285 5772 ἡμῖν
1341 5706 1479 5758 αὐτὰ
1538 5707 1705 5760 πολὺν
1758 5709 1848 5763 τὸν
1915 5712 2112 5782 φόρτον

537 5788 678 5855 ἔχειν
729 5791 825 5845 καὶ
866 5792 1322 5866 ἀπαραμύθητον.
1370 5797 1434 5850 Ὃ
1485 5797 1540 5852 δὲ
1577 5801 1820 5872 σήμερον
1878 5803 2104 5874 ἔμαθον,

2222 1927 2354 1997 ἡμῖν
2396 1927 2893 1982 ἀπευκταιότατον.
2955 1925 3321 1998 Ἐπαρτῶμέν
3353 1944 3435 1981 σοι
3466 1925 3526 1980 τδ
3574 1929 3638 1980 ἐκ
3671 1926 3797 1980 Θεοῦ

2220 2019 2418 2091 κρίμα·
2449 2019 2751 2090 στεροῦμέν
2784 2037 2842 2073 σε
2878 2021 2936 2074 δέ
2957 2021 3053 2075 καὶ
3082 2020 3192 2074 τῶν
3216 2022 3464 2089 γονίμων
3508 2037 3605 2074 σου
3634 2019 3797 2089 εὗχῶν

2219 2117 2318 2188 τῆς
2347 2115 2749 2187 ἐπαινουμένης
2774 2115 3142 2186 θερμότητος,
3167 2115 3311 2170 οὕτω
3351 2114 3799 2186 παραπειθούσης

2220 2211 2388 2280 ἡμᾶς,
2425 2208 2522 2262 έάν
2547 2207 2642 2262 καὶ
2671 2207 2838 2261 εἰσέτι
2879 2207 3109 2261 σεαυτὸν
3151 2208 3491 2278 περιτείνῃς,
3555 2207 3655 2261 καὶ
3708 2207 3798 2260 οὐκ

2219 2302 2521 2374 ἀνενέγκῃς
2546 2303 2783 2373 μετρίως
2812 2301 2908 2355 τοῦ
2942 2298 3106 2355 σάλου
3132 2299 3233 2370 τῆς
3264 2300 3519 2368 θλίψεως.
3551 2299 3797 2368 Νήστεν-

2221 2413 2334 2458 σον,
2357 2393 2657 2466 λυπήθητι,
2681 2393 2942 2448 κλαῦσονο
2969 2391 3107 2448 ἀλλά
3132 2389 3227 2446 καὶ
3249 2394 3413 2462 φάγε,
3442 2395 3541 2446 καὶ
3576 2393 3691 2458 πίε,
3711 2392 3799 2446 καὶ

2219 2483 2400 2536 πάντα
2463 2485 2706 2552 μετρίως
2732 2485 2826 2538 καὶ
2873 2481 3017 2538 κατά
3066 2483 3278 2553 καιρόν.
3308 2483 3382 2536 Οὐ
3409 2482 3521 2552 γάρ
3580 2485 3799 2546 ἀπαθῶς

2218 2571 2481 2642 ἀξιοῦμεν
2513 2571 2823 2627 διακεῖσθαί
2868 2589 2951 2636 σε,
2979 2575 3074 2626 καὶ
3110 2574 3204 2625 τὸν
3231 2571 3563 2642 φιλάδελφον
3617 2573 3800 2643 ψεύδε·

2221 2667 2371 2721 σθαι.
2403 2665 2471 2719 Τί
2518 2664 2596 2729 δὲ,
2625 2666 2720 2719 ἐάν
2752 2683 2878 2720 τινα
2917 2666 3244 2736 φιλούμενον
3269 2666 3446 2736 ὁμοίῳ
3477 2661 3622 2730 εἶδες
3649 2683 3800 2735 περιο

2220 2763 2453 2814 πεσόντα
2478 2801 2492 2826 ,
2517 2757 2636 2815 είτα
2691 2762 2754 2834 δὴ
2825 2762 2967 2816 κατά
3009 2763 3068 2817 οὶ
3100 2761 3502 2832 διατιθέμενον,
3539 2759 3800 2832 ἐπῄνεσας

2217 2853 2282 2905 άν
2305 2869 2321 2916 ς
2359 2853 2433 2904 Οὐ
2462 2851 2607 2906 δοκῶ
2631 2853 2870 2916 πάντως.
2900 2853 3036 2906 Οὐδὲ
3067 2853 3094 2904 6
3118 2852 3344 2918 ἀδελφὸς
3371 2851 3557 2922 φιλοίη
3581 2852 3650 2905 ἀν
3667 2848 3800 2904 οὕτω

2221 2962 2280 2997 σε
2301 2945 2664 3014 διακείμενον.
2701 2946 2926 3010 ’ῐκανῶς
2951 2947 3243 3016 ἐϐυθίσθης
3263 2945 3341 3014 τῷ
3361 2945 3542 3014 κακῷ·
3563 2945 3799 3012 ἀνάγαγε

2219 3037 2400 3091 τοίνυν
2431 3039 2679 3093 σεαυτόν.
2703 3039 3034 3111 Κατεπόθης
3056 3057 3071 3072 ’
3101 3039 3422 3112 ἀνάνευσον.
3473 3038 3799 3108 Διάκρουσαι

2217 3135 2318 3206 τὴν
2346 3137 2696 3206 πολυκυμίαν
2727 3138 2826 3206 τῆς
2855 3137 3109 3206 θλίψεως·
3140 3139 3236 3192 καὶ
3257 3137 3306 3190 εί
3333 3136 3410 3206 μὴ
3436 3137 3496 3190 ἐν
3523 3132 3799 3193 παντελῶς

2219 3225 2525 3298 γαληναίη),
2576 3227 2694 3280 ἀλλ’
2746 3228 2822 3289 ὡς
2881 3231 2940 3282 ἐν
2993 3228 3415 3298 όλιγοκυμάντῳ
3473 3225 3800 3296 κατάστηθι.

2218 3318 2456 3386 Φύλαξαι
2487 3321 2702 3391 σεαυτῷ
2725 3320 2786 3374 τὸ
2814 3321 3076 3375 δύνασθαι
3111 3323 3282 3393 τιμᾷν
3316 3321 3410 3375 ἐπὶ
3458 3320 3678 3390 μακρὸν
3720 3319 3802 3372 τὸν

2218 3410 2448 3480 ἀδελφὸν
2480 3413 2669 3468 πένθει
2699 3413 2777 3484 τῷ
2821 3415 3180 3482 προσήκοντι.
3235 3413 3363 3467 Ἐὰν
3384 3413 3445 3467 δὲ
3474 3413 3628 3466 οὕτω
3673 3413 3802 3483 ταχὺ

2221 3503 2451 3557 σεαυτὸν
2507 3509 2899 3576 καταπονήσας
2962 3507 3220 3578 ἐκτήξῃς,
3285 3503 3408 3560 οὔτε
3458 3505 3541 3568 είς
3575 3505 3606 3558 6
3639 3505 3800 3565 ποιεῖς

2219 3598 2504 3668 ἐπαρκεῖς,
2540 3599 2634 3652 καὶ
2687 3599 2836 3652 ἐλέου
2893 3600 3227 3669 ἐστέρησαι,
3274 3598 3645 3654 καταϐάλλων
3673 3597 3801 3651 ἑκὼν

2219 3695 2467 3746 σεαυτόν.
2508 3692 2636 3746 Εἴθε
2672 3694 2772 3762 μὲν
2802 3688 2896 3748 οῦν
2927 3695 3149 3764 εἴχομεν
3183 3694 3278 3746 καὶ
3309 3694 3441 3746 ποσὶ
3469 3691 3800 3764 χρήσασθαι,

2217 3784 2313 3837 καὶ
2350 3783 2524 3837 ἐλθεῖν
2561 3785 2712 3855 παρά
2749 3785 2808 3839 σέ
2833 3802 2850 3818 ο
2883 3784 3026 3840 οὓτω
3047 3798 3156 3856 γαρ
3185 3785 3251 3840 ἂν
3284 3785 3346 3838 τὸ
3382 3786 3494 3838 πᾶν
3523 3785 3660 3855 ἡμῖν
3687 3785 3800 3855 ἥνυ-

2219 3891 2332 3930 στο.
2373 3876 2490 3931 Νῦν
2516 3876 2574 3930 δὲ
2615 3879 2767 3932 δοκεῖ
2793 3879 2962 3950 μέρος
2991 3897 3046 3932 τι
3089 3878 3186 3932 τοῦ
3214 3876 3348 3946 παρ’
3370 3878 3507 3946 ἡμῖν
3567 3877 3801 3930 ἐνδιαθέ-

2214 3983 2310 4021 του
2347 3969 2725 4037 ἀπεσπᾶσθαι,
2761 3971 2859 4025 καὶ
2901 3972 2967 4043 τῇ
3030 3973 3219 4042 γραφῇ
3271 3969 3448 4043 ταύτῃ
3496 3969 3800 4039 ἐγκεῖσθαι,

2215 4062 2310 4115 καὶ
2332 4061 2403 4115 δι’
2433 4061 2600 4116 αὑτοῦ
2640 4081 2701 4117 σε
2731 4063 3254 4136 περικλητεύεσθαι.
3293 4063 3564 4136 Πείσθητι
3594 4060 3689 4118 οῦν
3721 4063 3802 4117 διὰ

2212 4152 2304 4207 τὸν
2326 4153 2483 4218 Θεὸν,
2512 4154 2601 4208 ῖνα
2632 4155 2733 4227 μὴ,
2758 4155 2897 4226 πρός
2924 4152 3006 4220 οἷς
3031 4155 3215 4219 ἀλλοις
3236 4155 3606 4226 ἐγκαλοῦμεν,
3645 4175 3801 4226 προσ-

2211 4247 2601 4318 εγκαλέσωμέν
2646 4266 2730 4302 σοι
2764 4250 2860 4302 καὶ
2887 4249 2949 4302 τὸ
2975 4249 3174 4316 θέλειν,
3213 4249 3297 4320 ἐφ’
3323 4242 3408 4313 οἷς
3441 4249 3504 4303 οὐ
3540 4251 3645 4316 δεῖ,
3698 4249 3803 4303 θλί-

2211 4338 2330 4394 ϐειν
2373 4343 2504 4405 τοὺς
2533 4341 2872 4409 ἀγαπῶντάς
2907 4357 2989 4398 σε.

2951 4437 3005 4491 Μ
3011 4433 3084 4492 Ζ’.

2820 4527 2904 4594 Τῷ
2927 4527 3192 4598 Λαχανᾷ.

2283 4616 2359 4670 Οὐ
2390 4615 2686 4687 ψεύσομαι,
2745 4618 2866 4673 οὐδὲ
2901 4621 2972 4672 τά
3031 4621 3171 4692 ὑπὲρ
3224 4622 3330 4691 ἐμὲ
3384 4623 3801 4696 κομψεύσομαι.

2213 4705 2374 4762 Λαλῶ
2391 4708 2513 4780 μὲν,
2535 4710 2655 4764 ἀλλ’
2671 4710 2797 4766 οὔτε
2828 4711 3016 4782 ῥύδην,
3035 4715 3128 4766 καὶ
3165 4714 3287 4768 οὐδὲ
3311 4716 3477 4786 τορὸν
3497 4721 3600 4774 καὶ
3615 4719 3804 4788 γλυκύ·

2212 4802 2306 4854 καὶ
2329 4803 2529 4870 γράφω
2553 4802 2652 4874 μὲν
2683 4804 2823 4874 πρὸς
2860 4807 3174 4876 ῥητορείαν,
3218 4808 3357 4864 ἀλλά
3390 4809 3694 4880 σχολαίως,
3719 4814 3808 4865 καὶ

2211 4892 2386 4948 ταῦτα
2411 4897 2526 4958 τοῖς
2545 4897 2978 4952 κατασκατοῦσι.
3011 4900 3230 4964 ’Δλλοις
3264 4900 3365 4969 μὲν
3395 4906 3512 4974 γὰρ
3547 4903 3810 4968 ἐνδειξαί-

2215 5003 2343 5056 μην,
2382 4988 2472 5040 καὶ
2501 4987 2600 5057 τὴν
2632 4988 2769 5059 ἐμὴν
2801 4989 3156 5062 θεατρίσαιμι
3189 4995 3485 5065 μουσικὴν,
3520 4996 3575 5050 οἶ
3604 4997 3810 5064 ταύτης

2211 5077 2364 5132 οὐδὲν
2392 5078 2598 5148 μᾶλλον
2621 5081 2654 5151 ἢ
2680 5080 2798 5146 ὄνος
2828 5081 2999 5154 λύρας
3039 5085 3319 5139 ἐπαΐουσιο
3354 5088 3451 5141 καὶ
3489 5089 3600 5160 τῆς
3664 5089 3811 5158 σφῶν

2212 5168 2484 5237 ἀμουσίας
2511 5173 2937 5244 κατατρυφήσω.
2967 5173 3060 5228 Σοὶ
3080 5173 3124 5229 δ’
3153 5176 3254 5230 οὐκ
3287 5170 3383 5230 οἷδ’
3410 5179 3566 5242 ὅπως
3593 5181 3813 5252 ύπᾴσω.

2212 5259 2353 5312 οὕτω
2379 5262 2818 5335 μεμουσωμένῳ,
2877 5265 2973 5318 καὶ
3022 5269 3356 5336 σοφιστικῶς
3409 5271 3510 5322 καὶ
3544 5271 3816 5342 λαμυρῶς

2212 5346 2388 5418 ἔχοντι
2432 5349 2527 5403 τοῦ
2563 5352 2704 5415 νοός.
2767 5353 2921 5406 Ἐπεὶ
2953 5353 3000 5408 δ’
3040 5357 3372 5412 ἐπιστέλλων
3434 5354 3560 5412 οῖδα
3596 5363 3737 5432 (χρὴ
3765 5361 3816 5412 δὲ

2211 5440 2310 5512 τὴν
2366 5443 2658 5513 ἐπιστολὴν
2712 5442 3078 5516 ἀνθρωπίνως
3133 5446 3343 5516 λαλεῖν,
3379 5450 3476 5502 καὶ
3530 5454 3690 5504 κατά
3731 5451 3820 5501 τίαν

2214 5533 2475 5602 κωμικὸν
2506 5534 2892 5605 ἀμαθέστερόν
2926 5555 3045 5602 πως
3073 5540 3168 5594 καὶ
3200 5542 3609 5615 σαφέστερον),
3643 5542 3820 5609 ἔγνων

2213 5626 2292 5687 είς
2334 5627 2510 5697 μάτην
2553 5627 2766 5683 δειλιῶν
2798 5632 2897 5701 τὴν
2936 5633 3194 5703 γραφήν
3233 5635 3544 5688 κάντεῦθεν
3587 5639 3818 5708 γράφω.

2214 5718 2317 5771 Ἦν
2344 5718 2401 5771 δέ
2427 5737 2495 5788 με
2523 5720 2744 5793 πείσῃς,
2786 5723 2862 5787 ὼς
2901 5725 2963 5778 ού
2999 5725 3206 5794 γελοῖος
3236 5723 3348 5795 ἐγὼ
3380 5728 3541 5797 παρά
3575 5731 3701 5792 σοὶ,
3727 5728 3821 5779 καὶ

2212 5809 2511 5879 διαγεύσω,
2557 5815 2651 5867 καὶ
2685 5814 3022 5878 τριαγεύσω.
3067 5818 3164 5873 καὶ
3203 5819 3456 5875 τετάρτω
3503 5819 3825 5877 ἐπιϐαλού-
