4004 6252
288 289 419 352 1317

1076 290 1497 352 EUSTATHII
1530 286 2289 350 THESSALONICENSIS
2328 287 2498 349 EPIS
2517 288 2734 354 ΙῸῘΑΕ.

3421 289 3554 354 13ἷὸ

287 425 386 475 μαι
411 408 728 478 γράμματι.
775 410 900 464 Ἐάν
947 411 1005 464 δέ
1059 427 1166 464 που
1221 411 1416 482 δεήσῃ,
1448 410 1547 462 καὶ
1597 409 1692 463 ἐπὶ
1738 409 1862 462 τάδε
1896 407 2197 475 Λδείσθαι,
2225 408 2323 462 καὶ
2377 408 2484 463 ὑπὸ
2526 407 2749 464 σύσκιον
2807 409 3090 479 πάγκαλον
3129 408 3551 464 ἀναπαύεσθαι⁹

284 500 379 554 τοῦ
411 501 647 572 γράφειν
675 502 1053 574 προϐήσομαι.
1084 507 1313 567 Πάντως
1345 504 1400 557 δέ
1430 503 1678 567 πείσειςο
1710 503 1760 555 εί
1792 500 1870 572 μὴ

291 593 389 644 καὶ⁸
429 593 490 646 σὲ
531 595 560 646 ὁ
589 593 735 646 δεῖνα
771 596 1122 668 παρήγαγεν,
1151 597 1180 650 δ
1225 597 1302 670 μὴ
1349 595 1583 666 γένοιτο.
1617 596 1727 650 Καὶ
1763 593 1872 664 μὴν

288 685 399 754 ἐγὼ
437 691 814 757 καχυπόπτως
844 691 974 762 ἔχω,
1012 695 1106 746 καὶ
1153 693 1395 758 δέδοικα,
1439 694 1515 763 μὴ
1544 691 1640 745 καὶ
1676 688 1740 743 τὸ
1779 690 1872 742 σὸν

290 780 427 847 πρὸς
470 783 530 835 τὸ
571 783 770 837 ἑαυτοῦ
808 780 940 855 ἦθος
985 786 1244 854 ἀπέξεσε.
1293 784 1469 840 Τοῦτο
1509 785 1566 839 δὲ
1606 784 1680 855 μὴ
1711 781 1775 836 σύ
1804 798 1867 849 γε

279 876 454 946 πείσῃ
477 891 492 907 ο
529 875 606 946 μὴ
637 880 750 944 καὶ,
777 879 1028 934 τιιοῦτον
1066 881 1304 934 ἕκαστον
1335 877 1500 938 εἶναι.
1527 872 1682 931 οἷσπε
1692 895 1722 946 ρ
1750 876 1873 947 ἥδε-

283 983 375 1019 ται
409 967 604 1032 ξυνὼν,
637 970 1062 1042 ἐπιφθέγξωμαί
1092 989 1203 1036 σοι,
1231 973 1328 1026 καί
1371 989 1430 1024 σε
1455 971 1619 1024 τοῦτο
1649 969 1781 1038 γοῦν
1810 968 1870 1021 τὸ

286 1057 451 1127 μέρος
480 1060 633 1113 ὕδατι
666 1063 996 1132 παρεικάσω
1024 1064 1112 1118 διά
1153 1064 1254 1133 τὴν
1295 1064 1392 1119 τοῦ
1436 1063 1602 1135 ἤθους
1650 1062 1869 1127 συνεξο-

287 1153 541 1221 μοίωσιν.
579 1155 730 1208 Φιλεῖ
764 1157 872 1227 γάρ
919 1175 1004 1211 τοι
1041 1161 1271 1214 κάκεῖνο
1318 1157 1568 1212 τοιοῦτον
1605 1150 1770 1221 εἶναι,
1801 1156 1868 1208 δι’

281 1243 353 1320 ἧς
388 1248 454 1302 ἂν
483 1250 587 1318 γῆς
628 1249 951 1320 πορεύηται.
981 1252 1058 1305 Οὐ
1117 1251 1226 1322 μὴν
1264 1251 1429 1305 ἀλλἰ5
1474 1250 1575 1320 μὲν
1612 1249 1784 1312 δεῖνα,
1819 1251 1869 1302 εί

287 1342 392 1411 μὲν
445 1341 717 1412 βούλεται,
751 1343 1074 1413 στεργέτωο
1124 1345 1176 1398 ιί
1227 1343 1274 1394 δ’
1317 1343 1412 1398 οὐν
1464 1341 1869 1411 ἀποστέργεται

283 1433 458 1502 ἡμᾶς,
488 1433 600 1498 ἐγὼ
650 1433 707 1486 δὲ
746 1434 845 1487 καὶ
877 1433 1091 1494 ἀπόντα
1121 1435 1282 1504 φιλῶ.
1334 1435 1640 1506 Προσθήσω
1667 1433 1736 1502 δ’,
1783 1434 1868 1488 ὃτι

282 1525 428 1593 τάχα
484 1528 576 1578 καὶ
627 1525 832 1579 ἄκοντα
854 1526 952 1580 καὶ
989 1527 1064 1595 μὴ
1106 1526 1483 1596 φθεγγόμενον
1533 1525 1866 1596 προσφωνῶ,

280 1616 472 1683 ὅμοιον
499 1618 575 1680 ὼς
615 1615 694 1688 [εἴ
729 1617 838 1690 τ]ις
891 1619 1190 1690 ἀνδριάντα
1222 1619 1407 1690 φιλοίη
1445 1619 1612 1690 μηδὲν
1661 1620 1866 1674 είδότα.

293 1708 507 1762 Ἐκεῖνο
541 1709 710 1779 μόνον
752 1707 893 1776 οἶδα,
924 1710 1000 1775 ὡς
1049 1712 1386 1766 ἐπιστέλλων
1415 1711 1570 1782 αὐτῷ
1606 1711 1703 1766 τοῦ
1751 1709 1868 1764 λοι-

1973 500 2146 563 οῦτως
2180 504 2207 555 ὁ
2238 503 2697 573 γεγυμνασμένος
2756 504 2824 557 τὰ
2875 504 3210 574 αἰσθητήρια
3261 503 3397 572 πρὸς
3437 503 3556 557 διά-

1972 609 2158 661 κρισιν
2185 593 2433 664 χείρονος
2472 596 2569 648 καὶ
2601 595 2924 666 βελτίοντος,
2950 594 3042 650 ἐπὶ
3093 598 3209 660 τοῖς
3237 593 3348 650 τῶν
3372 611 3556 665 πραγ-

1974 688 2164 756 μάτων
2219 689 2475 760 ἐνθουσιᾷ
2529 690 2790 744 κάλλεσι·
2835 687 2931 743 καὶ
2987 688 3244 758 θέλγεται
3308 689 3408 759 μὲν
3442 691 3558 752 τοῖς

1974 781 2224 850 ῥυθμοῖς,
2253 781 2623 852 ἐπαγάλλεται
2650 782 2706 835 δέ
2741 785 3086 852 συμφωνίαις
3120 784 3214 837 καὶ
3237 782 3552 854 ἀρμονίαεςῗ

1972 873 2150 942 λόγων
2179 876 2236 929 δέ
2270 876 2506 945 μάλιστα
2529 877 2722 947 κόσμῳ
2758 878 2854 930 καὶ
2884 877 3071 930 κάλλει
3111 877 3390 948 συνθήκης
3420 892 3554 943 γοη-

1972 967 2190 1022 τεύεται
2235 971 2502 1039 ἀτεχνῶς.
2551 971 2695 1039 Ἐρῶ
2750 975 2861 1041 γάρ
2911 988 2994 1024 σοι
3040 970 3199 1038 λόγον
3242 971 3558 1042 ἀπόρρητον

1974 1060 2095 1128 μὲν.
2120 1061 2569 1131 φιλοσοφώτατον
2600 1063 2678 1120 δέ.
2721 1063 2785 1116 Ἦ
2817 1063 2984 1134 ψυχὴ,
3014 1061 3269 1116 κάλλιστε
3313 1063 3556 1131 Καῖσαρ,

1975 1154 2115 1223 μετά
2156 1154 2252 1207 τοῦ
2301 1155 2495 1222 νοητοῦ
2528 1154 2763 1218 κάλλους
2797 1153 2876 1225 τῷ
2923 1153 3138 1224 σώματι
3171 1152 3560 1222 προσαρμόζε-

1969 1264 2063 1302 ται
2084 1263 2099 1278 ο
2135 1249 2263 1302 ἰδεῖν
2285 1249 2341 1301 δὲ
2369 1247 2532 1302 τοῦτο
2578 1250 2638 1301 ἐν
2681 1248 2760 1320 τῷ
2788 1245 2962 1317 ὐλικῷ
2991 1248 3185 1318 κόσμῳ
3214 1247 3274 1300 οὐ
3305 1247 3554 1300 δύναται.

1972 1342 2050 1394 Οὐ
2079 1341 2190 1412 γὰρ
2217 1344 2388 1411 χωρεῖ
2413 1343 2515 1410 τὴν
2549 1341 2746 1395 ἀῦλίαν
2769 1343 2802 1410 ἡ
2838 1339 2962 1411 ὕλη.
2997 1341 3324 1412 Ἀποῤῥοίας
3353 1339 3410 1392 δὲ
3433 1337 3556 1392 τού-

1969 1449 2063 1486 του
2095 1436 2194 1487 καὶ
2222 1435 2343 1504 ῖχνη
2374 1435 2432 1486 ἐν
2477 1434 2814 1504 σωματικοῖς
2846 1434 3098 1505 θεωμένη
3171 1431 3449 1494 κάλλεσιν,
3476 1433 3556 1484 οἱ-

1974 1526 2130 1597 στριῖ
2149 1528 2240 1580 καὶ
2265 1528 2530 1597 μέμηνεν,
2557 1528 2804 1596 οἰομένη,
2829 1529 3010 1581 ἐκεῖνο
3039 1521 3203 1589 εῖναι,
3237 1525 3376 1594 ὅπερ
3399 1526 3458 1578 ἐν
3479 1522 3558 1593 τῷ

1955 1620 2186 1688 ι’σώματι
2247 1621 2513 1692 γενομένη
2569 1621 2866 1692 διέφθειρε.
2901 1620 3000 1672 Διά
3043 1621 3219 1673 ταῦτα
3273 1618 3404 1686 περὶ
3457 1619 3559 1680 τὰς

1972 1713 2307 1782 πολυτίμους
2338 1713 2449 1766 τῶν
2475 1713 2641 1766 λίθων
2695 1712 2793 1766 καὶ
2839 1712 2908 1766 τὰ
2939 1711 3118 1783 εὐειδῆ
3156 1711 3429 1782 πρόσωπα
3463 1711 3559 1763 καὶ

279 1801 389 1855 ποῦ
418 1801 520 1872 τὴν
547 1805 788 1872 σύριγγα
823 1803 1286 1876 [προσθή]σομαι.
1333 1805 1544 1858 Ἐκεῖσε
1569 1805 1679 1875 γὰρ
1711 1807 1739 1858 ό
1765 1802 1867 1874 μέν
1900 1793 1943 1852 Β
1972 1804 2070 1869 τάς
2138 1805 2404 1872 μουσικὰς
2455 1805 2724 1876 ἁρμονίας
2770 1806 2818 1858 οἱ
2871 1803 2928 1858 δέ
2998 1822 3063 1874 γε
3125 1802 3558 1874 φιλοσοφώτεροι

277 1912 367 1957 τις
427 1895 772 1964 καλαμίσκος
830 1898 942 1951 τῶν
996 1898 1180 1952 ἄλλων
1236 1897 1866 1968 ύπερανίτταταιοόδὲ

277 1990 406 2059 ’μετ’
437 1992 647 2044 ἐκεῖνον
686 1991 941 2060 δεύτερος
971 1973 1333 2044 ὑπολείπεται
1367 1991 1445 2060 τῷ
1481 1988 1702 2062 [μή]κει
1724 2005 1740 2019 ⁶
1769 1991 1865 2044 καὶ

274 2083 308 2135 ὁ
335 2082 523 2151 τρίτος
579 2082 710 2145 τοὺς
764 2082 870 2152 πρὸ
918 2080 1086 2136 αὐτοῦ
1126 2082 1493 2152 ὑποκάθηται.
1527 2082 1587 2137 '0
1626 2083 1684 2136 δέ
1727 2082 1867 2152 μετά

273 2172 474 2226 τοῦτον
528 2173 610 2227 ἔτι
663 2175 850 2229 πλεῖον
883 2175 1368 2240 ὐποκαταϐαίνων,
1407 2177 1558 2246 ὅμως
1607 2176 1704 2231 τοῦ
1747 2174 1865 2245 μετ’

275 2265 497 2339 Ιαύτὸν]
543 2269 964 2341 ὐπερκάθηταιο
1014 2269 1178 2334 αὐτὸς
1208 2271 1264 2324 δὲ
1294 2273 1376 2333 είς
1408 2269 1751 2341 βραχύτερον
1783 2268 1866 2323 ἐτι

274 2359 662 2413 συνέσταλται.
696 2361 806 2414 Καὶ
845 2361 1005 2417 τοῦτο
1047 2362 1213 2436 μέχρι
1241 2362 1426 2431 πάσης
1450 2361 1551 2430 τῆς
1577 2362 1864 2429 σύριγγῢς.

271 2448 394 2503 ἔστ’
420 2450 486 2503 ἂν
514 2449 920 2523 ἐσκον[θυλκὼς
951 2451 1175 2525 βρα]χύ,
1195 2453 1546 2522 καταλήξειε.
1570 2451 1679 2504 Καὶ
1703 2451 1867 2522 ἡμεῖς

268 2543 338 2597 τὺ
398 2541 500 2611 μὲν
558 2542 776 2613 πρῶτον
824 2544 1150 2615 ἐγράψαμεν
1181 2545 1331 2614 αὐτῷ
1371 2545 1716 2615 μακρότερα’
1766 2539 1866 2596 εἷθ’

270 2634 737 2699 ὐποκαταϐάντες
767 2651 896 2689 συνε
905 2637 990 2707 στί
1002 2637 1106 2706 άλη
1115 2635 1238 2708 μεν]
1249 2676 1264 2692 .

999 2733 1054 2787 Μ
1064 2727 1143 2788 H'.

350 2824 470 2895 Τὴν
502 2825 657 2894 ιεράν
688 2839 785 2877 σου
820 2825 918 2879 κα)⁸
955 2825 1291 2896 τριπόθητον
1329 2825 1601 2895 κεφαλὴν,
1634 2826 1863 2896 μέγιστε

267 2920 394 2973 ⁴ιῶν
439 2917 660 2971 πώποτε
701 2918 1097 2988 γεγενημένων
1138 2919 1439 2988 Καισάρων
1485 2920 1580 2970 καὶ
1634 2917 1866 2984 ἀξιάγα-

272 3030 404 3078 στε,
440 3009 535 3064 νῦν
579 3011 883 3080 ἀπόναμαι,
933 3003 1000 3080 ἦς
1048 3009 1357 3079 συνείλοχα.
1407 3011 1718 3081 ἁγιότητος.
1757 3010 1867 3064 Καὶ

268 3107 378 3159 νῦν
407 3107 573 3174 σοφὸς
609 3104 753 3158 δοκῶ
808 3104 1162 3174 γεγενῆσθαι,
1190 3104 1286 3158 καὶ
1337 3104 1396 3156 ἐν
1450 3105 1529 3174 τῷ
1581 3103 1866 3174 καταλόγῳ

269 3199 393 3251 τῶν
425 3196 623 3266 λογίων
664 3198 1130 3269 συνηριθμῆσθαι,
1177 3197 1342 3252 ὁπότε
1380 3216 1480 3269 μου
1517 3196 1581 3250 σύ
1615 3197 1725 3250 τῶν
1776 3195 1868 3248 λόο

268 3308 398 3359 γων
431 3289 581 3360 ἐρᾷς.
625 3288 715 3342 Ἐν
763 3289 965 3361 αὐχμῷ
1025 3291 1121 3343 καὶ
1165 3289 1340 3344 ταῦτα
1390 3287 1724 3359 φιλομούσου
1774 3285 1870 3342 καὶ

267 3382 537 3452 γλώττης
581 3381 677 3435 καὶ
710 3382 900 3448 ἀκοῆς.
931 3380 999 3435 Τί
1026 3383 1138 3454 γὰρ
1180 3382 1378 3452 θφελος
1421 3381 1654 3453 αὐλητῇ,
1689 3382 1740 3434 εί
1769 3381 1871 3435 αὐ-

272 3477 414 3538 λοὺς
450 3477 547 3544 μὲν
579 3473 691 3545 ἔχοι
721 3474 946 3542 καλοὺς,
974 3474 1150 3539 οὐδεὶς
1178 3475 1236 3528 δέ
1276 3474 1456 3528 αὐτῶν
1487 3474 1712 3528 ἀκούειν
1741 3474 1870 3544 βού-

267 3571 471 3634 λοιτο;
506 3569 571 3621 Τί
616 3569 675 3620 δέ
725 3569 1042 3640 κιθαριστῇ,
1073 3570 1124 3622 εί
1155 3569 1382 3622 ἐντείνει
1419 3569 1520 3638 μέν
1551 3567 1736 3628 καλῶς
1765 3566 1868 3630 τὰς

269 3651 508 3736 χορδάς,
556 3663 608 3715 οί
655 3662 712 3715 δέ
751 3664 809 3714 ἐν
855 3663 1118 3729 γειτόνων
1166 3662 1269 3731 τὴν
1325 3660 1538 3713 ἐκείνου
1592 3657 1868 3730 μουσικὴν

270 3755 734 3824 ἀποστρέφονται
760 3771 775 3819 ;
809 3753 872 3806 Εί
901 3753 960 3806 δὲ
994 3754 1090 3806 καὶ
1129 3752 1364 3823 δρομεὺς
1398 3751 1601 3820 ἀγαθὸς
1631 3750 1743 3818 είη,
1775 3751 1873 3804 οὐ·

268 3850 396 3912 δεῖς
423 3847 480 3900 δέ
510 3847 642 3918 όρᾷν
675 3845 922 3916 βούλοιτο
955 3843 1256 3914 ῑπτάμενον
1311 3843 1477 3898 αὐτὸν
1509 3845 1569 3897 ἐν
1605 3845 1720 3906 τοῖς
1744 3843 1868 3912 δρό-

273 3962 440 4016 μοις,
469 3943 524 3996 τί
582 3941 704 3995 ποτ’
756 3941 824 3996 ἂν
870 3940 1139 3995 ἀπόναιτο
1174 3939 1274 4008 τῆς
1325 3939 1644 4007 ὠκύτητος;
1680 3937 1869 4002 Οὐτως

266 4039 400 4108 ἐγὼ
432 4036 491 4089 τὸ
525 4036 687 4106 μέχρι
721 4032 819 4088 τοῦ
861 4033 956 4087 νῦν
1008 4031 1294 4104 κύμϐαλον
1327 4025 1396 4102 ἦν
1441 4031 1735 4096 ἀλαλάζον,
1777 4031 1870 4084 καὶ

270 4131 473 4202 μάτην
502 4128 653 4198 ἠχῶν
676 4144 691 4158 ·
719 4126 857 4180 ἀλλὰ
897 4124 964 4179 σύ
998 4141 1066 4195 με
1097 4125 1426 4195 σεμνότερον
1457 4123 1545 4177 διὰ
1593 4125 1692 4193 τῆς
1744 4125 1868 4175 ἐπι-

267 4221 492 4297 μελοῦς
547 4219 838 4284 ἀπέδειξας
900 4216 1245 4290 ἀκροάσεως.
1285 4216 1396 4270 Καὶ
1427 4215 1516 4269 ἴνα
1572 4231 1654 4267 σοι
1709 4213 1868 4281 ἐξαγ-

265 4315 482 4385 γείλω,
511 4311 540 4364 δ
582 4310 734 4380 παρά
763 4308 858 4362 σοῦ
897 4309 1146 4362 πέπονθα
1177 4306 1337 4379 (ἀλλά
1368 4324 1457 4376 μοι
1491 4304 1570 4375 τῷ
1595 4307 1743 4376 λόγῳ
1776 4305 1870 4386 τὸν

262 4408 412 4462 νοῦν
446 4403 732 4474 πρόσεχε)·
761 4401 985 4472 σημεῖον
1024 4397 1288 4466 ποιοῦμαι
1321 4399 1419 4468 τὴν
1455 4397 1556 4467 σὴν
1590 4399 1718 4466 περὶ
1738 4399 1870 4459 τοὺς

1977 1914 2044 1953 πε
2057 1900 2106 1970 pl
2131 1901 2192 1952 τὸ
2222 1902 2330 1952 τῶν
2358 1899 2534 1968 λόγων
2571 1899 2766 1964 κάλλος
2799 1899 3090 1972 ἐπτόηνται
3114 1919 3128 1931 '
3157 1899 3336 1962 ὁποῖος
3375 1891 3427 1950 εί
3468 1896 3553 1952 σύ.

1988 1989 2252 2046 Ἀλλ’ἐδει
2283 2010 2342 2045 σε
2370 1994 2463 2046 καὶ
2497 1991 2744 2047 τοιούτου
2794 1993 3089 2062 φιλοσόφου
3123 1995 3328 2062 τυχεῖν,
3362 1991 3551 2045 ὁποίου

1965 2081 2069 2135 τοῦ
2106 2082 2515 2154 Ἀριστοτέλους
2553 2082 2654 2154 μὲν
2679 2085 2706 2138 ὁ
2735 2081 3109 2151 Ἀλέξανδρος,
3134 2080 3227 2134 τοῦ
3263 2080 3552 2141 Πλάτωνος

1972 2170 2030 2225 δὲ
2061 2172 2092 2224 ό
2122 2172 2423 2239 Διονύσιος.
2463 2172 2629 2226 Ἀλλά
2667 2172 2732 2227 σύ
2770 2174 2870 2244 μὲν
2889 2173 3154 2243 κρείττων
3184 2171 3409 2224 ἐκείνων
3435 2170 3558 2238 (καὶ⁵

1971 2263 2050 2327 ὡς
2079 2264 2192 2332 ἐγὼ
2220 2266 2432 2330 δικάζω
2479 2265 2572 2318 καὶ
2624 2263 3047 2335 ἀποφαίνομαι)⁶
3094 2263 3207 2333 ἐγὼ
3246 2263 3303 2318 δὲ
3353 2263 3557 2335 χείρων

1973 2357 2286 2428 παραπολύ.
2323 2358 2469 2429 Πλὴν
2491 2359 2750 2413 τοσοῦτον
2777 2359 3076 2429 εὐτύχηκα,
3102 2360 3185 2412 ὅτι
3217 2359 3321 2428 μου
3353 2357 3559 2428 μᾶλλον

1973 2452 2106 2522 ἐρᾷς
2153 2451 2186 2520 ἢ
2237 2449 2348 2505 τῶν
2409 2451 2719 2522 φιλοσόφων
2757 2453 2992 2505 ἐκεῖνον
3039 2453 3132 2506 καὶ
3165 2452 3253 2506 διὰ
3289 2451 3463 2506 ταῦτα
3493 2451 3558 2506 τδ

1975 2545 2115 2614 παρ’
2159 2545 2283 2614 ἐμοὶ
2335 2545 2558 2598 ἔλαττον
2613 2546 2796 2600 πλεῖον
2835 2546 2944 2616 ἡγῇ
3004 2545 3100 2600 τοῦ
3144 2547 3276 2617 παρ’
3322 2545 3559 2608 ἐκείνοις

1978 2639 2220 2708 μείζονάς
2254 2655 2312 2692 τε
2344 2641 2440 2693 καὶ
2489 2639 2757 2703 πλείονος.
2814 2640 2959 2710 Πλὴν
2994 2640 3090 2694 καὶ
3123 2640 3282 2693 τοῦτο
3322 2639 3454 2705 ἴσθι,
3479 2638 3558 2702 ὡς

1974 2733 2171 2785 ἐκεῖνοι
2207 2732 2327 2802 μὲν,
2356 2726 2433 2788 ὧν
2478 2733 2684 2804 ἀρτίως
2716 2731 3020 2803 ἐμνήσθην,
3049 2732 3400 2802 σφοδρότατοι
3431 2733 3560 2802 ἐρα-

1977 2818 2149 2892 στῘαὶ]
2184 2821 2245 2873 τὸ
2279 2820 2399 2874 κατ’
2429 2821 2607 2892 ἀρχὰς
2654 2822 2747 2875 ἐπὶ
2789 2823 2916 2885 τοὺς
2968 2823 3294 2892 φιλοσόφους
3324 2821 3559 2890 γενόμε-

1977 2931 2082 2981 νοι,
2147 2915 2378 2985 ὕστερον
2409 2915 2598 2986 ὥσπερ
2629 2916 2678 2969 οῖ
2715 2916 2824 2970 τῶν
2864 2917 3109 2988 δρομέων
3139 2916 3391 2986 ὀλίγωροι
3427 2916 3559 2970 καθ-

1975 3007 2195 3078 υφῆκαν
2226 3011 2412 3072 αὐτοῖς
2440 3008 2534 3062 τοῦ
2567 3009 2791 3079 ἔρωτος.
2817 3012 2924 3064 Καὶ
2945 3010 3034 3064 διά
3063 3009 3559 3064 ταῦτα’καῖΔιονί-

1976 3121 2090 3166 σιος
2156 3104 2215 3156 ἐν
2264 3107 2548 3174 τυράννοις
2604 3103 2933 3174 ὴρίθμηται,
2987 3105 3068 3158 ὅτι
3132 3103 3199 3157 τά
3265 3103 3555 3166 Πλάτωνος

1972 3197 2206 3267 ὴθέτησε
2231 3197 2486 3269 δόγματα
2507 3212 2522 3230 ο
2547 3199 2645 3253 καὶ
2684 3198 3033 3270 Ἀλέξανδρος
3081 3199 3192 3252 τῶν
3225 3198 3558 3268 κρειττόνων

1972 3290 2268 3360 ἐγκωμίων
2309 3291 2620 3362 ἐστέρηται,
2654 3290 2741 3344 ὃτι
2773 3294 2874 3362 τῆς
2914 3292 3329 3361 Ἀριστοτέλους
3360 3293 3556 3360 σοφίας

1972 3383 2456 3450 καταπεφρόνηκε.
2483 3382 2619 3451 Περὶ
2652 3382 2735 3434 σοὶ
2765 3381 2822 3435 δέ
2852 3379 3007 3434 οὐδὲν
3034 3381 3280 3435 τοιοῦτον
3313 3383 3552 3444 ὑπονοῶ.

1972 3475 2055 3528 ὅτι
2087 3475 2180 3528 καὶ
2205 3476 2471 3545 κρείττων
2502 3475 2729 3529 ἐκείνων
2760 3476 2944 3546 πολλῷ
2973 3477 3201 3546 καίπτὴν
3237 3477 3418 3549 ψυχὴν
3450 3479 3549 3531 καὶ

1971 3567 2070 3636 τὴν
2107 3568 2345 3623 σύνεσιν.
2379 3567 2526 3622 Ἔδει
2555 3570 2612 3622 δὲ
2645 3569 2738 3622 καὶ
2787 3567 2915 3632 τοὺς
2948 3567 3190 3638 βασιλεῖς
3219 3573 3334 3633 τοῖς
3366 3573 3552 3638 σοφοῖς

1973 3660 2203 3722 ἐκείνοις
2253 3661 2694 3732 μνησικακῆσαι,
2734 3662 2816 3714 ὅτι
2867 3660 2980 3714 οὐτ’
3025 3662 3409 3734 Ἀριστοτέλης
3461 3664 3557 3734 ἐγ-

1971 3752 2184 3823 κώμιον
2227 3751 2604 3824 Ἀλεξάνδρου,
2650 3755 2776 3808 οὐτε
2833 3756 3065 3809 Πλάτων
3124 3740 3404 3809 Διονυσίου
3454 3773 3558 3810 πε-

1975 3848 2220 3918 ποίηται.
2240 3845 2340 3901 Διά
2367 3846 2542 3901 ταῦτα
2570 3842 2758 3919 ὥσπερ
2791 3847 3112 3919 ὑϐρισμένοι
3141 3849 3297 3919 παρά
3324 3847 3556 3916 τούτων,

1973 3941 2129 4014 δίκην
2163 3943 2299 4012 παρ’
2318 3943 2501 3996 αὐτῶν
2532 3945 2628 4012 τῆς
2665 3940 2878 4012 ὕϐρεως
2904 3942 3159 4011 ἑκάτεροι
3187 3941 3557 4013 ἁπειλήφασι.

1973 4034 2084 4088 Καὶ
2125 4033 2212 4087 ἵνα
2241 4051 2323 4089 σοι
2359 4037 2456 4088 καὶ
2509 4037 2570 4088 τὸ
2618 4035 2750 4106 περὶ
2809 4034 3032 4089 ἐκείνων
3091 4035 3450 4107 ἀνακαλύψω,
3474 4037 3557 4094 είς

1972 4129 2142 4202 ἄκρον
2183 4130 2284 4198 μέν
2341 4130 2666 4200 φιλοσοφίας
2715 4129 3080 4202 ἐληλάκεισαν
3129 4131 3340 4200 ἄμφω·
3378 4130 3559 4200 λόγων

1971 4219 2028 4274 δέ
2076 4219 2308 4291 χάριτας
2347 4221 2446 4274 οὐκ
2509 4222 2801 4292 ἐσχήκασι.
2834 4223 2933 4275 Διά
2967 4221 3143 4275 ταῦτα
3190 4219 3447 4285 ἐλάττους
3495 4224 3558 4277 ἐν

1972 4314 2084 4375 τοῖς
2144 4313 2441 4383 ἐγκωμίοις
2492 4313 2822 4383 γεγόνασιν*
2850 4315 2963 4382 ἐγὼ
3001 4313 3059 4366 δέ
3096 4332 3182 4369 σοι
3230 4318 3413 4386 ἥττων
3451 4317 3560 4386 μὲν

1974 4403 2071 4474 τὴν
2101 4406 2296 4464 σοφίαν
2326 4407 2571 4474 ἐκείνων,
2606 4408 2876 4477 κρείττων
2914 4407 2972 4462 δὲ
3001 4409 3102 4477 τὴν
3133 4407 3385 4476 γλῶτταν
3420 4409 3556 4477 περὶ

182 4514 186 4516 ·
260 4503 479 4569 λόγους
522 4495 820 4565 ἐπιθυμίαν
879 4494 980 4562 τῆς
1038 4491 1138 4560 σῆς
1183 4492 1418 4561 ἀρίστης
1449 4489 1652 4560 ψυχῆς.
1677 4490 1768 4558 ἀφ’
1803 4485 1866 4563 ἧς
1900 4493 1946 4548 D
1971 4499 2069 4570 τὴν
2102 4500 2383 4571 εὐφημίαν
2411 4499 2549 4569 εἰμί.

262 4595 505 4666 γίνεται
561 4587 627 4640 τὸ
678 4585 987 4655 ἐπιθυμεῖν.
1027 4583 1170 4650 Ἐγὼ
1200 4582 1306 4651 γὰρ
1353 4582 1464 4650 (ἵνα
1511 4597 1593 4634 σοι
1630 4580 1868 4650 τάληθὲς

261 4687 427 4762 ἐρῶ)
475 4686 537 4737 οὐ
587 4681 753 4754 ξηρὸς
781 4681 986 4750 γέγονα
1032 4677 1132 4748 τὴν
1174 4673 1390 4743 σοφίαν,
1441 4675 1553 4728 οὐδ’
1594 4674 1789 4741 ὥσπερ
1819 4673 1869 4726 οί

259 4778 480 4837 πολλοὶ
547 4777 713 4846 μέχρι
753 4772 848 4826 τοῦ
917 4770 1100 4838 λέγειν
1182 4766 1671 4840 προθυμηθέντεςο
1732 4766 1871 4819 ἀλλά

257 4871 631 4933 παντοδαπδς
662 4869 795 4921 πᾶσι
853 4865 1053 4933 γέγονα
1097 4861 1412 4930 πράγμασι,
1446 4862 1538 4912 καὶ
1568 4860 1750 4912 πᾶσαν
1781 4877 1872 4928 φι-

255 4965 519 5022 λόκαλον
543 4959 723 5031 ψυχὴν
755 4953 968 5010 ἐπαινῶ
988 4970 1003 4986 ο
1035 4955 1096 5007 οὐ
1138 4953 1321 5023 μόνον,
1349 4951 1473 5022 ἦτις
1517 4950 1714 5022 νοητοῦ
1736 4953 1871 5006 κάλ-

254 5061 413 5116 λους
450 5053 572 5124 ἐρᾷ,
599 5050 737 5104 ἀλλά
770 5049 866 5100 καὶ
915 5045 1039 5116 ἣτις
1084 5044 1393 5117 χρωμάτων
1453 5040 1738 5112 ἀνθηρῶν,
1772 5045 1867 5096 καὶ

251 5151 483 5218 τέχνης
514 5141 800 5215 ἀκριϐοῦς,
833 5141 928 5193 καὶ
975 5137 1346 5210 μαργαρίτου,
1397 5137 1496 5190 καὶ
1537 5135 1868 5206 σαπφείρου,

252 5245 375 5302 καὶ
409 5236 693 5292 ὑακίνθου.
727 5233 920 5301 Τεκμὴ
932 5247 1045 5300 ριον
1078 5231 1185 5299 γὰρ
1213 5229 1312 5299 τὴν
1338 5229 1468 5298 περὶ
1484 5227 1660 5284 ταῦτα
1686 5225 1870 5295 ποιοῦ-τ

254 5354 380 5412 μαι
449 5332 634 5399 ἔφεσιν
665 5331 764 5400 τῆς
798 5326 1137 5398 ὑψηλοτέρας
1163 5324 1460 5397 ἐπιθυμίας
1494 5324 1868 5412 καῖ-κρείττο-

2697 4594 2836 4650 MO’.

2043 4683 2185 4752 Πρὸς
2220 4683 2319 4753 μὲν
2349 4682 2547 4752 τυροὺς
2579 4683 2675 4736 καὶ
2707 4684 2862 4749 ὕδνα,
2892 4685 3026 4752 ἴσως
3056 4686 3117 4742 δὲ
3153 4688 3252 4744 καὶ
3285 4689 3435 4758 μύρα
3455 4688 3552 4743 καὶ

1969 4777 2238 4845 πέμματα
2267 4776 2362 4828 καὶ
2385 4775 2682 4846 ἀρώματα,
2719 4777 3154 4851 ὐπιρθαύμαστέ
3185 4798 3280 4852 μοι
3305 4781 3552 4851 Καῖσαρ,

1970 4865 2315 4920 ἐπιστέλλειν
2373 4869 2470 4920 καὶ
2518 4868 2958 4937 ἀνταμείϐεσθαι
3009 4869 3289 4940 δύναμαιο
3323 4871 3462 4942 πρὸς
3492 4871 3552 4924 δὲ

1972 4959 2140 5012 ἵππον
2184 4957 2330 5012 οὕτω
2393 4959 2496 5029 μὲν
2562 4960 2755 5026 καλὸν,
2802 4961 2947 5015 οὕτω
2976 4962 3035 5017 δέ
3078 4966 3276 5033 μέγαν,
3311 4963 3456 5018 οὓτω
3491 4964 3552 5018 δὲ

1969 5048 2266 5117 τρυφερὸν,
2309 5046 2451 5101 οὕτω
2503 5048 2560 5101 δέ
2591 5051 2764 5121 ταχὺν
2796 5051 2892 5105 καὶ
2924 5051 3230 5123 εὐκίνητον,
3257 5055 3551 5126 ἐπιστολὴν

1973 5139 2262 5210 ἰσόμετρόν
2308 5157 2368 5193 τε
2405 5141 2500 5195 καὶ
2548 5142 2870 5208 ίσοδύναμον
2901 5144 3128 5211 ποιῆσαι
3157 5146 3452 5219 ἀμηχανῶ.
3482 5149 3551 5202 El

1969 5233 2081 5303 γὰρ
2113 5235 2207 5286 καὶ
2241 5235 2316 5304 μὴ
2338 5235 2579 5300 τοιοῦτος
2609 5231 2695 5306 ἦν,
2732 5238 2867 5306 μηδὲ
2897 5237 3175 5302 τοσούτοις
3196 5241 3542 5312 ἐκεκόσμητο

1969 5323 2249 5389 κάλλεσιν,
2275 5329 2492 5391 ὁπόσοις
2517 5328 2628 5382 οὐδ’
2651 5331 2679 5381 ὁ
2702 5328 2794 5380 τοῦ
2833 5328 3188 5402 Ἀλεξάνδρου
3219 5331 3549 5402 παράσημος

247 5409 388 5494 θος,
431 5423 604 5476 Ὅταν
658 5423 714 5475 δέ
763 5437 846 5484 τις
890 5418 1068 5486 λόγων
1129 5418 1360 5480 κάλλους
1403 5417 1527 5487 ἐρᾷ,
1556 5409 1712 5479 οὗτος
1744 5415 1868 5484 ἐμοὶ

248 5515 628 5595 ὑψηλότερός
677 5517 790 5568 ἐστι
842 5511 942 5583 τὴν
991 5511 1249 5582 ἐπιδολῆν
1292 5511 1390 5580 τῆς
1420 5507 1621 5580 ψυχῆς·
1657 5509 1868 5578 Ὥσπερ

244 5618 385 5689 γὰρ
435 5610 466 5660 ὁ
496 5608 810 5661 παντάπασι
842 5603 941 5676 τὴν
967 5603 1194 5673 γνώμην
1217 5601 1428 5671 ἠλίθιος
1460 5601 1723 5671 ἀκίνητός
1749 5599 1868 5652 ἐστι

242 5704 422 5776 πρὸς
465 5700 648 5752 πᾶσαν
699 5696 992 5768 μουσικὴν,
1021 5693 1117 5747 καὶ
1153 5692 1307 5747 οὐδὲν
1366 5692 1530 5747 αὐτὸν
1581 5692 1728 5765 αἱρεῖ
1759 5690 1866 5744 τῶν

239 5803 372 5857 ὃσα
411 5790 653 5859 τερπνὰ,
685 5790 806 5846 ἀλλ’
843 5790 900 5846 ἐν
931 5789 1032 5859 ἴσῳ
1059 5786 1290 5855 τίθεται,
1328 5786 1576 5859 βορϐόρῳ
1607 5785 1864 5854 ὲγκαλιν.

1969 5417 2132 5482 ἵππος
2166 5420 2395 5487 (ἐκεῖνος
2428 5421 2538 5490 γὰρ
2573 5419 2862 5491 θυμοειδὴς
2904 5420 3079 5484 ἄλλως
3127 5417 3215 5494 ἦν,
3248 5419 3548 5474 ἀποπτύων

1967 5526 2027 5562 τε
2065 5513 2157 5563 τὸν
2187 5510 2428 5581 χαλινὸν,
2467 5513 2558 5565 κα)⁵
2598 5512 2667 5565 δι’
2697 5512 3008 5586 ὑπερϐολὴν
3059 5513 3370 5583 ἀγερωχίας
3424 5515 3545 5569 ἐπι.

1969 5602 2144 5673 ϐάτην
2182 5604 2258 5674 μὴ
2294 5606 2701 5676 προσιέμενος)·
2740 5605 2857 5659 ἀλλ’
2882 5605 3070 5674 ἐπειδὴ
3104 5604 3253 5673 παρὰ
3299 5602 3544 5657 τοιούτου

1968 5695 2162 5766 ἀνδρὸς
2202 5695 2379 5767 δῶρόν
2409 5712 2503 5765 μοι
2556 5698 2918 5764 ἀπέσταλται,
2941 5694 3113 5765 ὁποίῳ
3139 5693 3206 5748 ἂν
3231 5693 3408 5758 οὐδεὶς
3436 5695 3550 5750 τῶν

1969 5784 2064 5841 ἀπ’
2096 5783 2288 5852 αἰῶνος
2331 5786 2582 5857 γηγενῶν
2606 5787 2958 5854 ἀντερίσειεν,
2987 5779 3105 5845 πῶς
3146 5780 3212 5836 ἂν
3253 5779 3536 5845 διαμιλλη-
