4004 6252
481 287 621 352 1319

1916 285 2274 348 ADDENDA

3597 283 3733 346 1320

481 405 688 473 σαίμην
705 402 852 474 λόγῳ
874 401 1010 472 πρὸς
1032 401 1130 474 τὴν
1155 403 1250 457 τοῦ
1275 403 1595 475 πέμψαντος
1623 404 1868 476 άρετήνς
1894 401 2052 458 Ἐπεὶ
2082 419 2126 474 Α
2155 401 2462 471 ἀναστῆσαι
2515 396 2783 467 σύντομός
2833 411 2896 448 τε
2945 395 3042 448 καὶ
3096 395 3428 466 ἐπιτήδειος.
3474 395 3622 465 Ἐγὼ
3674 399 3734 450 δέ

474 497 537 552 δὲ
567 497 662 551 καὶ
679 497 709 550 6
735 495 1040 566 πεπομφὼς
1063 497 1176 551 ἀνω
1199 515 1304 551 που
1331 498 1570 568 κάθηται
1605 498 1714 552 τῶν
1736 498 1936 566 νεφῶν,
1961 499 2057 551 καὶ

480 590 544 641 τὸ
578 588 828 656 πεμφθὲν
862 584 1061 656 μικροῦ
1090 586 1198 640 δεῖν
1226 589 1338 650 τοῖς
1391 589 1665 658 ὁμοειδέσι
1693 587 1856 652 ζώοις
1885 587 2058 655 ἀσύγ-

484 693 672 746 κριτον
695 691 711 710 ο
746 675 884 746 πρὸς
920 675 1016 729 δύο
1052 675 1376 746 τηλικαῦτα,
1418 677 1480 730 τδ
1530 677 1725 740 κάλλος
1773 676 1913 748 ὁμοῦ
1963 679 2060 731 καὶ

485 772 546 823 τὸ
579 770 808 840 μέγεθος
863 769 928 832 δ’,
969 769 1248 839 Ἡρακλῆς
1292 772 1499 837 ἐκεῖνος
1544 772 2002 841 ἀνταγωνίσαιτο.
2027 772 2062 842 ἡ

489 863 763 934 παροιμία
789 863 975 933 φησίν.
1019 863 1160 918 Ἀλλ’
1193 866 1324 919 ὅταν
1356 866 1455 936 μὲν
1487 867 1625 935 πρὸς
1656 867 1756 936 τὴν
1799 865 1900 936 σὴν
1943 867 2063 919 ἐπι-

493 955 675 1025 μύσας
717 958 1014 1029 ὑπεροχήν,
1042 959 1134 1011 τόν
1169 959 1338 1012 ἵππον
1388 960 1672 1024 θαυμάσαι
1701 961 2061 1032 βουλήσομαι,

489 1050 644 1104 κάτω
673 1069 777 1104 που
807 1051 998 1104 τούτου
1030 1054 1126 1104 καὶ
1170 1052 1266 1105 τὸν
1313 1054 1665 1120 Βουκεφάλαν
1693 1054 1790 1109 καὶ
1822 1055 1918 1109 τὸν
1952 1055 2065 1126 Πή-

492 1160 664 1208 γασον
689 1143 935 1212 τίθεμαι.
970 1143 1037 1197 Τί
1070 1144 1200 1214 γάρ,
1227 1147 1279 1198 εί
1334 1146 1363 1197 6
1413 1146 1513 1215 μὲν
1546 1146 1818 1218 εὖσαρκος
1847 1148 1948 1216 μέν
1980 1167 2066 1214 τις

492 1229 582 1303 ἦν,
609 1232 704 1287 καὶ
757 1235 1031 1299 πιότατος,
1069 1235 1164 1288 καὶ
1213 1233 1339 1305 βοὸς
1388 1235 1598 1308 κεφαλῇ
1641 1238 2067 1309 διεσχημάτιστο

494 1324 588 1378 ἐπὶ
614 1325 709 1378 τοῦ
751 1324 954 1396 μηροῦ,
981 1327 1314 1396 θρασύτατος
1337 1327 1394 1380 δὲ
1417 1328 1609 1395 τᾶλλα,
1643 1331 1740 1383 καὶ
1769 1331 1869 1402 τήν
1911 1331 2068 1402 ἡνίαν

495 1417 575 1486 μὴ
615 1417 970 1489 προσιέμενος
995 1435 1011 1450 ο
1047 1421 1076 1471 6
1125 1420 1184 1474 δέ
1230 1423 1312 1484 είς
1351 1421 1493 1494 ἀέρα
1522 1423 1825 1494 ἐπτέρωτο,
1855 1424 2070 1478 καὶτὸν

497 1511 766 1581 ἐπιϐάτην
799 1511 1062 1576 πολλάκις
1102 1513 1212 1567 τῶν
1255 1515 1442 1569 νώτων
1471 1516 1814 1587 ἀπέκρουεν;
1861 1516 2003 1571 Ἀλλ’
2037 1517 2066 1571 ὃ

497 1618 561 1668 γε
591 1600 864 1673 πεμφθεὶς
891 1605 1015 1674 ἐμοὶ
1039 1605 1134 1658 καὶ
1163 1604 1240 1675 τῷ
1269 1607 1457 1662 κάλλει
1490 1609 1588 1678 μέν
1611 1610 1706 1662 καὶ
1731 1607 1810 1678 τῷ
1843 1609 2070 1678 μεγέθει

493 1693 722 1756 ἐκείνοις
756 1693 1119 1764 ἀνθάμιλλοςσ
1143 1695 1257 1766 ἔχει
1283 1697 1338 1752 δὲ
1373 1699 1512 1766 μετὰ
1544 1699 1654 1752 τῶν
1685 1698 1828 1753 δυοῖν
1863 1698 2072 1752 τούτων

2161 493 2280 563 (καὶ
2301 488 2703 564 όρκοποιοῦμαι
2749 487 2850 558 τὴν
2895 489 2996 558 σήν
3047 486 3314 556 φιλτάτην
3358 485 3562 558 ψυχὴν)
3592 488 3740 543 οὕτω

2158 591 2286 652 τοὺς
2350 588 2572 651 ἵππουςκ
2608 585 2828 639 δέδοικα
2871 583 3118 652 πέφρικά
3169 598 3231 635 τε
3295 582 3392 636 καὶ
3446 583 3740 653 ἐπτόημαι,

2161 680 2350 751 ῶσπερ
2382 679 2448 750 δὴ
2480 679 2532 732 οί
2567 677 2746 732 λοιποὶ
2798 677 2926 738 τοὺς
2968 675 3280 742 ἐλέφαντας
3307 674 3404 727 καὶ
3427 673 3557 735 τοὺς
3596 676 3746 726 λέον-

2159 789 2262 836 τας
2283 787 2300 805 ⁶
2324 771 2428 825 κᾶν
2454 769 2628 841 βραχύ
2657 786 2711 822 τι
2734 769 3067 838 περικινήσῃ
3093 767 3193 838 τὴν
3226 766 3475 837 κεφαλὴν
3497 769 3526 820 6
3557 767 3744 837 φέρων

2162 866 2286 935 ἐμὲ.
2312 865 2476 928 εὐθὺς
2505 863 2669 926 αὐτὸς
2699 862 2798 932 τῆς
2831 861 2995 931 ἐδρας
3022 859 3422 923 ἀπολισθαίνω,
3447 859 3545 914 καὶ
3568 860 3744 928 ἀκρα-

2163 960 2261 1032 τής
2304 977 2394 1030 μοι
2427 959 2460 1028 ἡ
2498 958 2620 1030 χεὶρ
2657 956 2753 1011 τοῦ
2786 954 3007 1027 χαλινοῦ
3044 957 3281 1024 γίνεται.
3347 954 3490 1008 Ἀλλ’
3543 954 3598 1006 εί
3653 971 3746 1023 μοι

2164 1053 2322 1107 τοῦτο
2371 1051 2636 1120 πρότερον
2663 1051 2721 1115 ἐξ
2756 1048 2976 1117 ἁπαλῆς
3007 1049 3106 1102 καὶ
3141 1048 3324 1118 δειλῆς
3372 1047 3614 1113 φύσεως,
3647 1047 3746 1098 νῦν

2163 1145 2223 1198 δέ
2260 1161 2353 1214 μοι
2388 1143 2484 1197 καὶ
2515 1143 2577 1195 τὸ
2615 1140 3058 1210 προσγενόμενον
3095 1139 3310 1209 νόσημα
3347 1138 3448 1208 τὴν
3499 1139 3744 1204 φυσικὴν

2165 1237 2362 1292 πτοίαν
2393 1235 2705 1290 ἐδίπλασεν.
2753 1233 2895 1288 Ἀλλ’
2948 1235 2997 1287 εί
3047 1235 3144 1286 καὶ
3191 1229 3364 1304 [τοὺς]
3418 1229 3617 1294 ἄλλους
3654 1231 3748 1282 ῖπ-

2166 1347 2304 1394 πους
2337 1328 2676 1399 πεφόϐημαι,
2701 1326 2795 1380 ἐπί
2829 1342 2893 1394 γε
2926 1324 3022 1378 τοῦ
3049 1322 3144 1377 σοῦ
3181 1321 3529 1394 θαρρούντως
3553 1320 3750 1390 ὀχήσο-

2168 1438 2292 1490 μαι.
2323 1419 2482 1474 Οὕτω
2515 1437 2612 1474 σου
2646 1417 2838 1491 θαρρῶ
2878 1416 2941 1470 οὺ
2975 1413 3076 1486 τὴν
3112 1412 3295 1485 ψυχὴν
3331 1413 3519 1483 μόνον,
3557 1412 3674 1465 ἀλλ’
3699 1412 3750 1463 εῖ

2167 1530 2320 1576 τινας
2351 1513 2498 1583 ἔχοις
2525 1515 2616 1567 καὶ
2647 1513 2896 1575 λέοντας.

2909 1602 2990 1660 N'.

2241 1693 2372 1752 Εἶτα
2427 1697 2493 1770 δὴ
2550 1698 2785 1765 ἀγνοεῖς,
2838 1693 3252 1767 ὁπερφυέστατε
3300 1693 3548 1762 Καῖσαρ,
3572 1689 3654 1744 ὅτι
3685 1687 3746 1743 τὸ

497 1786 707 1858 ἀρετῶν
736 1788 832 1842 καὶ
885 1789 947 1840 τὸ
987 1789 1063 1860 μὴ
1118 1791 1226 1858 πρὸ
1281 1792 1480 1846 πολλοῦ
1537 1792 1924 1862 γεγεννῆσθαι,
1952 1791 2070 1846 ἀλλ’
2103 1775 2145 1833 Β
2175 1789 2330 1845 ὕδνον
2356 1790 2544 1853 ἀτελές
2573 1791 2688 1842 ἐστι
2719 1789 2819 1859 τῆς
2845 1789 2950 1859 γῆς
2972 1788 3238 1858 γέννημα,
3299 1787 3396 1840 καὶ
3435 1786 3514 1848 ὡς
3576 1783 3747 1835 είπεῖν

497 1881 625 1948 ἇρτι
654 1879 793 1950 ἡϐᾷν
825 1880 925 1947 τὴν
959 1881 1178 1935 ἵππειον
1204 1882 1367 1953 ἡϐην,
1407 1884 1616 1955 ἥμερόν
1647 1901 1708 1938 τε
1757 1881 1922 1952 εἶναι,
1973 1887 2070 1939 καὶ

498 1971 626 2044 ίμὴ]
659 1973 795 2043 πρὸς
821 1972 958 2038 θίξιν
999 1974 1178 2044 χειρὸς
1210 1975 1537 2044 ἀγριαίνειν,
1567 1977 1706 2048 μήτε
1737 1978 1948 2032 δεῖσθαι
1973 1975 2068 2032 τοῦ

498 2063 1014 2134 περιποππύζεσθαι
1034 2105 1050 2129 ,
1088 2065 1184 2119 καὶ
1212 2060 1323 2119 οἷον
1355 2067 1735 2123 τιθασεύεσθαί
1765 2087 1824 2123 τε
1855 2071 1950 2125 καὶ
1976 2087 2072 2124 κο-

492 2153 848 2209 λακεύεσθαι.
887 2155 1059 2209 Ὅταν
1107 2155 1208 2226 μὲν
1253 2155 1347 2210 οὖν
1378 2161 1516 2229 πρὸς
1549 2159 1640 2213 τὸν
1673 2161 1843 2214 ἵππον
1871 2161 2068 2226 ἀπίδω,

497 2244 674 2308 οὕτως
723 2247 912 2300 τοῦτον
971 2247 1536 2320 ὑπερεκπέπληγμαι,
1588 2252 1685 2304 καὶ
1740 2252 2072 2325 ἀσύγκριτον

501 2335 637 2406 πρὸς
665 2335 794 2399 τοὺς
824 2335 1046 2401 λοιποὺς
1077 2337 1335 2407 τίθεμαι⁶
1367 2339 1498 2392 εῖδέ
1535 2340 1671 2410 πρὸς
1697 2340 1790 2394 τὸν
1823 2341 2074 2396 ἀποστα-

495 2422 660 2478 λέντα
687 2423 1040 2492 μεταϐιϐάσω
1065 2424 1164 2495 τὴν
1193 2426 1420 2490 ἔννοιαν,
1444 2429 1745 2496 τηνικαῦτα
1792 2433 1854 2483 τὸ
1891 2429 2074 2502 λυχνι-

501 2514 618 2565 αῖον
642 2513 758 2581 φῶς
793 2513 1101 2584 θαυμάζειν
1153 2517 1331 2584 ἀφεὶς,
1377 2516 1474 2570 τοῦ
1513 2518 1667 2588 ἡλίου
1720 2521 1936 2592 τέθηπα
1972 2526 2073 2593 τήν

505 2603 899 2674 μαρμαρυγήν.
926 2605 1076 2660 Ἔδει
1130 2605 1230 2674 μέν
1258 2601 1354 2661 οὖν
1402 2624 1485 2672 σε,
1530 2611 1654 2664 ὅσον
1685 2613 1776 2667 ἐπὶ
1808 2617 1930 2680 ταῖς
1963 2616 2074 2671 τῶν

499 2700 845 2770 πραγμάτων
899 2700 1218 2772 ὑπεροχαῖς,
1306 2703 1630 2772 ὐπερνεφεῖν
1683 2723 1744 2759 τε
1817 2707 1914 2760 καὶ
1962 2704 2074 2764 οἷον

499 2792 839 2862 ἀεροϐατεῖν,
866 2794 963 2848 καὶ
993 2797 1360 2864 καταφρονεῖν
1396 2794 1506 2848 τῶν
1533 2797 1831 2867 ἐφημέρων
1864 2799 2024 2870 ἡμῶν
2055 2816 2070 2831 ·

505 2884 601 2940 νῦν
630 2885 706 2948 δέ,
735 2885 764 2938 6
796 2888 909 2949 τοῖς
957 2885 1138 2948 ἄλλοις
1181 2888 1284 2951 τὰς
1333 2887 1504 2957 ὀφρῦς
1545 2887 1694 2958 ὑπὲρ
1727 2891 1790 2942 τὸ
1822 2891 2075 2960 μέτωπον

505 2977 710 3046 τίθησι,
740 2978 823 3029 σοὶ
860 2977 955 3030 καὶ
991 2978 1116 3041 τοὺς
1138 2977 1452 3046 ὀφθαλμοὺς
1482 2977 1666 3042 αἰδοῦς
1694 2979 1965 3052 ἐμπιπλᾷ.
1985 2982 2076 3033 καὶ

511 3070 980 3140 μετριοφροσύνην
1005 3069 1242 3141 ἄρρητον
1301 3073 1541 3140 ἐμποιεῖ.
1585 3071 1729 3141 Ἐγὼ
1753 3073 1810 3127 δὲ
1843 3073 1977 3147 έ[τι]
2013 3074 2073 3126 οὐ

507 3125 574 3214 τά
606 3125 817 3231 μεγάλα
848 3125 1007 3231 μόνον
1039 3125 1346 3233 θαυμάζειν
1365 3125 1674 3234 προῆγμαι,
1694 3125 2075 3219 ἀλλάόουΙκαῖ
2100 3125 2146 3190 C

507 3254 575 3308 τὰ
627 3252 882 3323 πάρεργα
936 3252 1249 3323 ἀσύγκριτα
1284 3255 1383 3310 καλ⁹
1427 3255 1783 3326 ἀπαράμιλλα
1816 3256 2032 3327 ἡγημαι
2059 3270 2073 3286 °

507 3343 602 3395 καὶ
625 3345 652 3395 6
686 3345 784 3412 τὴν
815 3343 944 3414 χθές
975 3343 1129 3416 π[ου]
1159 3347 1272 3408 τοῖς
1321 3346 1630 3410 καλλίπαις
1658 3347 1794 3411 υίοῖς
1824 3365 1918 3402 σου
1950 3365 2078 3400 συσ-

509 3433 849 3505 σιτούμενος,
882 3436 958 3499 ὡς
989 3437 1300 3504 ἐπίστασαι,
1325 3441 1426 3493 οὐκ
1484 3441 1901 3512 ἀποκρύψομαι,
1940 3440 2079 3496 ἀλλά

507 3525 774 3595 λαμπρῶς
826 3527 1192 3599 διηγήσομαι.
1244 3529 1302 3582 Ὀ
1355 3531 1464 3600 γὰρ
1516 3533 1932 3604 πειριῙπόθητός
1987 3550 2079 3602 μοι

523 3617 860 3686 Ἀνδρόνικος
886 3619 944 3672 τὸ
979 3620 1086 3673 τῶν
1120 3621 1365 3690 γεράνων
1399 3622 1574 3692 ἡδέως
1607 3641 1696 3693 μοι
1718 3624 2081 3694 διηγούμενος

509 3707 854 3776 κυνηγέσιον,
877 3709 972 3762 καὶ
1001 3710 1075 3772 ώς
1110 3711 1170 3764 τὸ
1204 3710 1547 3784 βραχύτατον
1581 3713 1720 3778 ζῶον
1754 3716 1824 3784 τὸ
1868 3714 1963 3769 τοῦ
1992 3716 2083 3784 γέ-

511 3816 638 3862 νους
689 3800 1110 3857 ἐπιϐουλότατον
1142 3802 1402 3872 θηρᾶται,
1447 3804 1642 3860 τοῦτον
1674 3805 1768 3860 τὸν
1820 3809 2075 3878 γέρανον,

509 3890 918 3962 ὑπερνεφοῦντα
967 3895 1082 3957 τοῖς
1123 3894 1377 3966 πτέρυξι,
1409 3895 1505 3950 καὶ
1551 3896 1658 3950 ὑπὸ
1692 3897 1794 3970 τὴν
1828 3899 2079 3971 ἀγκάλην

509 3983 694 4054 ἡρέμα
719 3985 970 4038 ὑπεισιδν
1004 3986 1288 4056 πολιορκεῖ
1337 4003 1422 4054 τε,
1466 3987 1564 4041 καὶ
1599 3989 1677 4053 ὡς
1705 3992 1884 4060 τεῖχος
1920 3993 2081 4062 μέγι-

512 4094 636 4131 στον
661 4077 937 4147 καθαιρεῖ,
964 4077 1062 4131 καὶ
1087 4081 1207 4141 ταῖς
1256 4078 1437 4144 ὄνυξιν
1480 4081 1694 4136 ἐκείνου
1745 4082 2084 4154 διασπαράτ-

509 4187 663 4224 τεται
687 4185 704 4202 ο
737 4167 856 4222 εῖτά
888 4186 980 4240 μοι
1012 4171 1104 4222 τὸν
1132 4171 1292 4238 λόγον
1321 4172 1717 4237 καταϐιϐάσας,
1750 4175 1832 4228 ὅτι
1869 4192 1953 4229 σοι
1987 4193 2082 4231 και

513 4261 621 4330 πρὸ
661 4260 845 4328 ὀλίγου
877 4261 1176 4330 θαυμάσιον
1213 4261 1349 4326 ζῶον
1393 4264 1498 4315 ὑπὸ
1547 4263 1785 4334 γεράνου
1828 4265 2085 4337 διέφθαρ-

396 4355 398 4357 ’
510 4369 626 4416 ται,
653 4351 717 4404 σὺ
757 4351 814 4403 δὲ
849 4350 1107 4403 τοσούτου
1134 4351 1362 4422 ἐδεήθης
1397 4354 1658 4424 ἀλγῆσαι,
1682 4355 1826 4408 ὥστε
1863 4358 1960 4411 καὶ
1985 4373 2083 4410 πε-

2175 1881 2575 1952 ἀμϐλωθρίδιον
2599 1899 2614 1948 ;
2641 1881 2719 1935 Οὐ
2741 1883 2852 1952 γὰρ
2872 1880 3157 1934 ἀποτίκτει
3181 1879 3338 1932 τοῦτο
3359 1880 3454 1930 καὶ
3478 1878 3512 1946 ἡ
3543 1877 3745 1946 μήτηρ,

2175 1977 2298 2030 οὐδὲ
2326 1977 2447 2038 ταῖς
2469 1975 2651 2028 ὠδῖσιν
2678 1973 2863 2043 ἐξάγει
2897 1971 3036 2042 πρὸς
3069 1970 3185 2041 φῶς
3215 1985 3232 2001 ⁸
3259 1969 3375 2024 ἀλλ’
3417 1970 3466 2021 οί
3497 1969 3599 2037 τὴν
3655 1969 3748 2035 ἐμν-

2154 2065 2508 2136 ,ϐρυουλκίαν
2545 2065 2746 2126 εἰδότες
2787 2063 2882 2117 τοῦ
2941 2060 3248 2130 θαυμασίου
3312 2058 3504 2111 τούτου
3565 2056 3744 2120 τόκου,

2141 2159 2144 2162 ’
2178 2160 2396 2214 ἐπειδὰν
2423 2158 2520 2227 τὴν
2556 2157 2798 2228 γαστέρα
2821 2157 2922 2227 τῆς
2951 2156 3055 2224 γῆς
3084 2150 3486 2220 ἐξογκωθεῖσαν
3513 2148 3750 2202 θεάσων-

2177 2269 2290 2315 ται,
2346 2250 2416 2303 τά
2469 2247 2751 2318 σπλάγχνα
2806 2246 3009 2317 ταύτης
3066 2243 3135 2316 (εί
3183 2243 3290 2313 χρὴ
3332 2240 3505 2304 οὕτως
3557 2237 3747 2308 εἰπεῖν)

2177 2342 2664 2412 διασπαράξαντες,
2697 2341 2758 2393 τὸ
2791 2339 3054 2409 κυόμενον
3085 2335 3420 2403 ὑπεξάγουσι
3454 2350 3471 2365 ο
3516 2333 3614 2386 καὶ
3664 2331 3748 2384 διὰ

2178 2433 2350 2487 ταῦτα
2371 2432 2616 2502 ἄμορφόν
2645 2432 2764 2484 ἐστι
2787 2431 2887 2498 τὴν
2913 2428 3041 2482 θέαν
3068 2427 3166 2482 καὶ
3202 2425 3462 2489 ἀκαλλές.
3517 2423 3588 2476 Ἦ
3611 2421 3667 2474 δέ
3687 2437 3746 2490 γε

2181 2527 2364 2595 μήτηρ
2389 2521 2839 2594 περιμυθουμένη
2880 2519 3072 2572 τούτου
3101 2517 3201 2588 τὴν
3228 2516 3535 2586 ἀμορφίαν,
3562 2513 3747 2584 ἡδονὴν

2179 2619 2482 2672 ἐντέθεικεν
2520 2617 2792 2689 άῤῥητον·
2838 2616 3031 2687 ὥσπερ
3064 2613 3128 2686 δὴ
3179 2611 3258 2682 τῷ
3291 2609 3614 2680 δημαγωγῷ
3646 2609 3748 2661 τῶν

2195 2708 2496 2780 Ἀθηναίων
2553 2708 2630 2779 τῷ
2682 2707 2833 2778 σοφῷ
2879 2707 2980 2778 τήν
3022 2705 3248 2776 γνώμην
3291 2707 3390 2758 καὶ
3421 2699 3748 2784 μεγαλοφυεῖ

2182 2802 2458 2873 Περικλεῖ,
2483 2801 2758 2873 προμήκει
2785 2799 2886 2872 τὴν
2909 2799 3152 2870 κεφαλὴν
3172 2796 3442 2867 γεγονότι,
3477 2794 3605 2847 νοῦν
3655 2795 3751 2860 ἐμ-

2185 2894 2320 2968 μελῆ
2349 2894 2705 2963 κατέσπειρεν
2733 2895 2760 2944 ὀ
2784 2891 2939 2954 Θεός.
2971 2889 3179 2943 Λύτίκα
3203 2891 3292 2942 καὶ
3313 2890 3342 2942 6
3374 2884 3749 2958 Ἀριστοτέλης

2181 2985 2481 3056 ὕπόψελλος
2505 2981 2573 3055 ἦν
2596 2983 2693 3051 τήν
2708 2981 2976 3050 γλῶτταν,
3005 2982 3098 3034 καὶ
3127 2981 3156 3032 6
3184 2979 3409 3033 Πλάτων
3434 2977 3746 3046 ἐπίκυρτος;

2183 3079 2278 3131 καὶ
2307 3079 2336 3130 6
2384 3074 2649 3130 Μακεδὼν
2687 3074 2894 3135 ἐκεῖνος
2942 3070 3285 3140 Ἀλέξανδρος
3311 3067 3750 3138 παρεγκεκλιμέ-

2177 3187 2266 3233 νος
2292 3168 2383 3221 τὸν
2401 3165 2689 3238 τράχηλον.
2731 3160 2821 3228 Οἷς
2860 3164 2960 3235 μέν
2993 3165 3100 3234 γὰρ
3127 3165 3196 3216 τά
3255 3162 3364 3228 ἔξω
3421 3158 3745 3230 περικαλλῆ,

2175 3261 2245 3314 τά
2289 3260 2436 3313 ἔνδον
2459 3260 2607 3312 νοσεῖ
2636 3273 2650 3289 ·
2677 3253 2757 3322 οἷς
2786 3256 2841 3310 δέ
2872 3254 3051 3325 φαύλη
3089 3257 3121 3325 ἡ
3151 3253 3438 3324 περιϐολὴ,
3481 3254 3545 3305 τὸ
3597 3255 3752 3319 ἐγκει-

2177 3352 2492 3422 κρυμμένον
2541 3350 2868 3419 θαυμάσιον.
2905 3347 3151 3402 Ἀκανθα
3179 3345 3310 3414 γοῦν
3333 3344 3428 3399 καὶ
3472 3343 3568 3397 τοῦ
3601 3343 3750 3413 ῥόδου

2178 3444 2545 3514 προϐέϐληται
2573 3461 2589 3477 -
2623 3444 2718 3496 καὶ
2746 3444 2780 3513 ἡ
2811 3444 3141 3512 κυπάριττος
3183 3441 3460 3510 ἄκαρπος.
3495 3439 3750 3493 Τοιοῦτον

2177 3537 2242 3608 δὴ
2271 3538 2367 3591 καὶ
2390 3532 2630 3590 τὸνῠδνον
2655 3535 2771 3588 ἐστι
2797 3552 2811 3566 ·
2841 3535 2904 3588 τὸ
2951 3535 3052 3604 μὲν
3112 3534 3439 3603 φαινόμενον
3483 3533 3750 3602 ἄμορφον,

2178 3629 2240 3682 τὸ
2271 3629 2325 3680 δέ
2360 3627 2735 3698 κρυπτόμενον
2761 3632 3049 3696 τρόφιμον.
3082 3623 3146 3680 Ἦ
3182 3625 3250 3694 σὴ
3291 3624 3438 3695 ψυχὴ
3488 3626 3629 3694 μόνη
3657 3625 3752 3677 ὑπ-

2180 3719 2466 3793 εξῃρήσθω
2486 3717 2580 3772 τοῦ
2610 3718 2769 3788 λόγου
2799 3733 2814 3749 ⁸
2849 3718 3051 3788 μᾶλλον
3097 3716 3156 3771 δὲ
3182 3717 3245 3769 τὸ
3276 3715 3369 3769 σὸν
3422 3718 3641 3786 κρᾶμα,
3695 3719 3752 3767 τὸ

2183 3811 2543 3882 συγχεόμενον
2567 3811 2631 3863 ἐκ
2665 3808 2842 3880 ψυχῆς
2867 3826 2929 3862 τε
2975 3809 3070 3862 καὶ
3095 3807 3370 3878 σώματος.
3399 3807 3477 3861 Ἤ
3531 3824 3594 3860 τε
3648 3809 3752 3877 γάρ

2184 3917 2266 3954 σοι
2312 3901 2406 3954 τοῦ
2463 3898 2712 3969 σώματος
2768 3897 3030 3969 περιϐολὴ
3085 3897 3368 3966 θαυμασία
3423 3897 3598 3962 ὅντως
3658 3900 3750 3952 καὶ

2183 3992 2414 4064 ἡρωϊκή,
2457 3991 2493 4061 ἡ
2539 4007 2600 4044 τε
2650 3993 2749 4062 τῆς
2802 3991 2985 4060 ψυχῆς
3013 3989 3174 4058 φύσις
3232 3990 3325 4044 νοῦ
3349 3990 3449 4044 καὶ
3499 3990 3753 4063 Χαρίτων

2187 4083 2383 4154 μεστή.
2433 4083 2570 4135 Ἀλλ’
2597 4082 2959 4152 ἐπιλέλησμαι
2982 4082 3092 4135 τῶν
3119 4081 3267 4152 ἐμῶν
3295 4081 3482 4134 κακῶν
3506 4081 3616 4134 ὑπὸ
3650 4081 3753 4133 τῶν

2186 4176 2296 4230 σῶν
2323 4174 2564 4243 ἀγαθῶν.
2606 4175 2800 4228 Κεῖται
2839 4173 2950 4242 γάρ
2984 4190 3074 4244 μοι
3121 4173 3507 4244 ψυχορραγοῦν
3550 4174 3612 4226 τὺ
3669 4173 3751 4224 θυ-

2184 4265 2484 4340 γάτρι[ον].
2503 4267 2539 4338 ἡ
2570 4267 2666 4320 νῦν
2693 4265 2923 4336 πρώτως
2952 4266 3088 4336 μετά
3113 4267 3184 4318 τὰ
3231 4268 3300 4320 σὰ
3331 4267 3480 4337 δῶρα
3536 4267 3753 4336 μετηνέ-

2184 4361 2290 4432 χθη
2322 4359 2457 4428 πρὸς
2502 4358 2601 4429 τὴν
2630 4355 2799 4426 ζωήν.
2852 4355 2996 4410 Ἀλλ’
3036 4357 3070 4427 ἡ
3112 4356 3212 4426 μὲν
3239 4358 3537 4428 ἡμίπνους,
3570 4360 3678 4427 ἐγὼ
3698 4359 3750 4410 δὲ

515 4446 854 4514 ριεγάννυσο,
887 4443 982 4495 καὶ
1013 4443 1213 4514 μικροῦ
1241 4445 1350 4497 δεῖν
1371 4444 1448 4514 τῷ
1470 4446 1562 4498 τοῦ
1592 4447 1732 4510 ζώου
1766 4449 2082 4519 σπαραγμῷ
2107 4468 2160 4528 ι)
2187 4454 2274 4523 (νὴ
2297 4451 2395 4524 τὴν
2431 4451 2582 4521 ίεράν
2614 4468 2708 4504 σου
2766 4451 3030 4521 κεφαλήν)
3076 4451 3300 4514 ἀπνους,
3347 4449 3426 4520 τῷ
3475 4450 3559 4521 σῷ
3615 4455 3752 4520 μόνῳ

513 4535 945 4604 ἐπεσκίρτησας,
970 4535 1234 4601 ἐπειπών,
1261 4537 1342 4588 ὃτι
1368 4537 1609 4608 ἀνῃρέθη
1633 4540 1961 4608 μαχόμενον,
1989 4542 2085 4593 καὶ⁹

513 4623 704 4693 ῶσπερ
737 4625 797 4676 ἐν
843 4622 1068 4695 πολέμῳ
1100 4625 1341 4678 ἀπέθυσε
1381 4626 1478 4697 τήν
1529 4626 1695 4698 ζωὴν,
1745 4626 1935 4700 ὥσπερ
1970 4631 2086 4681 ἐπι-

514 4717 733 4785 κήδειόν
767 4733 890 4769 τινα
939 4717 1101 4784 λόγον
1133 4717 1347 4788 ἐπᾴσας
1397 4717 1474 4788 τῷ
1522 4717 1668 4788 ζώῳ,
1715 4715 1834 4773 εἷτα
1863 4719 1926 4789 δὴ
1964 4721 2087 4774 ούδέ

515 4808 757 4875 ἠξίωσας
787 4806 1052 4861 ἀποδῦσαι
1087 4807 1184 4860 τοῦ
1243 4806 1536 4876 ὁπλισμοῦ,
1599 4808 1732 4861 ἀλλὰ
1795 4812 1960 4876 μετά’
1991 4809 2086 4863 τοῦ

517 4897 762 4966 θώρακος
792 4899 889 4950 καὶ
918 4898 1018 4967 τῆς
1040 4898 1235 4967 λοιπῆς
1266 4897 1580 4967 κατέθαψας
1602 4900 1874 4970 προϐολῆς
1891 4917 1906 4931 ο
1932 4918 2088 4972 σκιρ-

516 4986 680 5052 τῆσαι
735 4987 1006 5057 πεποίηκε
1057 4988 1122 5059 νὴ
1155 4987 1254 5059 τὴν
1306 4989 1458 5058 ἱεράν
1506 5007 1602 5041 σου
1638 4991 1819 5061 ψυχὴν
1869 4993 1960 5045 ἐπὶ
2009 4993 2087 5062 τῷ

518 5075 810 5146 θαυμασίῳ
839 5079 1016 5150 τούτῳ
1045 5082 1142 5132 καὶ
1172 5081 1445 5152 ὑπερφυεῖ
1497 5082 1592 5135 καὶ
1629 5085 1864 5154 γενναίῳ
1899 5085 2090 5154 διηγή-

521 5184 676 5235 ματι.
707 5170 782 5221 Οὐ
813 5173 922 5240 γὰρ
975 5173 1249 5240 ἀριστεῖαι
1301 5174 1463 5239 μόνον
1517 5176 1612 5226 καὶ
1647 5178 2086 5246 στρατηγήματα

517 5259 607 5310 τὸν
631 5259 800 5329 ἄνδρα
827 5263 1171 5317 δεικνύουσιν
1193 5277 1207 5292 ⁸
1240 5261 1378 5317 ἀλλά
1423 5266 1520 5318 καὶ
1544 5265 1746 5336 νεῦμα,
1779 5269 1875 5320 καὶ
1905 5267 2084 5335 λόγος,

517 5353 611 5404 καὶ
670 5354 842 5418 γέλως
898 5355 1116 5422 σεμνὸς,
1171 5356 1270 5410 καὶ
1319 5356 1652 5427 ἀπόφθεγμα
1688 5357 1948 5427 Χαρίτων
1994 5376 2088 5429 με-

520 5443 645 5495 στὸν
669 5445 768 5513 τήν
789 5461 854 5511 γε
885 5445 1120 5516 ἀρίστην
1151 5447 1332 5518 ψυχὴν
1369 5449 1786 5514 ἐξεικονίζουσιν
1815 5450 2083 5517 ἀκριϐῶς.

532 5535 694 5587 Ἀλλά
720 5537 784 5588 σὺ
825 5538 926 5604 μὲν
961 5538 1058 5592 καὶ
1094 5539 1333 5611 θηρᾶσαι
1359 5541 1551 5606 δεινὸς,
1600 5544 1695 5596 καὶ
1741 5544 2087 5598 ίππάσασθαι

520 5627 844 5695 περιδέξιος,
878 5631 972 5682 καὶ
1024 5629 1227 5700 ὄχθους
1277 5633 1671 5701 ὑπερπηδήσαι
1715 5635 1959 5701 γενναῖος
1993 5633 2088 5686 καὶ

523 5715 706 5786 ἀδεὴς,
735 5717 832 5769 καὶ
858 5718 1198 5778 διολισθὲντα
1227 5724 1320 5777 τὸν
1347 5722 1513 5776 ἵππον
1558 5721 1688 5778 εὐθὺ
1718 5725 1966 5796 ἀνεῖρξαι
1994 5726 2086 5780 καὶ

2189 4541 2416 4612 νεύματι
2439 4557 2500 4594 τε
2525 4541 2618 4595 καὶ
2647 4541 2923 4610 πνεύματι
2970 4541 3262 4612 ἀναφέρων
3303 4557 3364 4595 τε
3397 4542 3497 4597 καὶ
3554 4541 3749 4611 ζωογο-

2188 4633 2279 4688 νού
2287 4650 2472 4704 μενος.

2907 4725 3034 4779 NA'.

2260 4815 2532 4882 Τοσαῦτα,
2569 4818 2953 4888 φιλοτιμότατε
2983 4820 3226 4890 Καῖσαρ.
3273 4820 3504 4891 Μήποτε
3566 4822 3626 4876 δέ
3679 4839 3758 4878 σοι

2189 4911 2222 4980 ἡ
2251 4911 2326 4979 γῆ
2359 4911 2812 4980 ἐκπεπόρνευται,
2846 4913 2939 4966 καὶ
2967 4913 3053 4966 διὰ
3078 4928 3176 4986 την
3200 4907 3350 4982 ὥραν
3380 4916 3760 4989 ἀπηναισχύν-

2189 5019 2360 5071 τηκας
2395 5016 2409 5030 ·
2448 5000 2588 5054 ὥστε
2642 5003 2776 5072 μηδέ
2818 5004 3138 5073 προφαίνειν
3199 5007 3327 5068 τοὺς
3373 5007 3616 5072 οἰκείους
3666 5027 3761 5078 μα-

2191 5095 2371 5158 στοὺς,
2394 5093 2529 5146 ἀλλά
2556 5095 2652 5147 καὶ
2679 5094 2968 5148 ἐπιδιδόναι
2995 5099 3106 5157 τοῖς
3143 5097 3362 5166 ἀφελεῖν
3389 5098 3758 5168 βουλομένοις.

2190 5185 2251 5238 Εί
2275 5183 2331 5237 δὲ
2357 5184 2449 5237 καὶ
2485 5185 2560 5255 μὴ
2590 5186 2807 5254 μαστοὶ,
2839 5186 2979 5239 ἀλλά
3019 5189 3113 5240 καὶ
3151 5190 3310 5256 γοναὶ
3365 5191 3618 5260 κρύφιοι,
3665 5193 3759 5245 οὐκ

2190 5275 2418 5347 ἐρυθριᾷ
2455 5275 2540 5344 ἐφ’
2577 5275 2719 5329 οὕτω
2747 5277 2959 5342 πολλοῖς
2993 5279 3086 5332 καὶ
3107 5281 3374 5351 ἀμόρφοις
3395 5283 3584 5346 τόκοις
3618 5299 3633 5315 ο
3665 5285 3759 5337 οὐκ

2189 5368 2245 5420 ἐν
2281 5368 2455 5438 ῥόδοις
2485 5368 2578 5421 καὶ
2602 5367 2823 5431 κάλυξιν
2865 5369 3071 5423 ἀνθέων
3122 5371 3349 5443 ἐτέρων,
3371 5373 3493 5426 ἀλλ’
3527 5377 3588 5428 ἐν
3627 5377 3753 5430 είδεο

2192 5457 2380 5528 χθέσιν
2410 5457 2588 5522 ὕδνοις
2638 5459 3063 5531 ἐπιδεικνυμένη
3092 5461 3152 5514 τὸ
3184 5462 3429 5533 γόνιμον.
3496 5465 3640 5519 Ἀλλ’
3672 5467 3759 5538 (ᾡς

2191 5547 2356 5619 ἐοικε)
2406 5548 2541 5616 πρὸς
2562 5548 2659 5619 τήν
2682 5547 2775 5600 τοῦ
2824 5549 2994 5618 μύθου
3038 5549 3303 5606 ἀλώπεκα
3350 5554 3559 5625 ἑαυτὴν
3618 5574 3762 5625 περι·-
3863 5569 3888 5584 κ

2192 5637 2480 5699 ϐάλλουσα,
2503 5639 2563 5690 οὐ
2594 5638 2672 5709 τῷ
2709 5638 2906 5704 ἔξωθεν
2954 5641 3206 5714 ἀμόρφῳ.
3235 5643 3370 5696 ἀλλὰ
3399 5647 3478 5716 τῷ
3520 5665 3757 5718 κεκρυμε

2195 5727 2342 5800 μένῳ
2369 5729 2464 5800 τῆς
2496 5728 2690 5800 ἡδονῆς
2745 5732 3152 5804 ἐνσεμνύνεται.
3204 5735 3508 5801 Είσάγεται
3559 5740 3665 5802 γὰρ
3705 5739 3756 5788 ἐν
