4004 6252
291 302 310 367 1
324 303 432 370 325

1090 315 2316 417 EUSTATHII‘THESSALONICENSIS
2351 339 2738 405 EPISTOUE

3419 353 3551 417 1396

279 424 695 540 3666-
709 427 826 540 :rhv
848 539 857 540 7
879 431 1353 540 κράσιν“ιῐιυχρός.
1389 440 1575 540 ⁸’Δλλά
1623 444 1759 514 πρὸς
1792 443 1863 499 τὰ
1886 449 1936 508 Α
1965 447 2116 518 ίεράν
2147 466 2245 504 σου
2273 450 2474 524 ψυχήν.
2512 457 2604 526 Μὴ
2635 461 2739 529 γὰρ
2761 432 2950 527 οὕτως.
2969 466 3228 539 ἐκσταίην
3291 472 3530 540 φρενῶν,

277 519 564 589 νυκτερινὰ
619 519 771 588 φῶτα
835 527 1320 598 σχηματιζόμενος.
1386 534 1699 589 ἐναλλάττει
1758 539 1857 607 τὴν

276 609 461 680 φύσιν,
492 616 583 666 καὶ
612 615 836 686 γλυκὺς,
868 619 1027 692 εῐπερ
1049 639 1132 686 τις
1161 623 1341 692 ἀλλος,
1364 627 1511 682 ἐστίν
1538 644 1552 658 ·
1578 629 1677 684 οὐκ
1703 630 1861 685 ἀπει-

277 704 538 772 λούμενός
575 724 738 774 τισιν,
767 709 828 764 οὐ
863 713 1046 782 φιλίας
1075 714 1445 787 διαταράττων
1467 720 1728 789 θεσμοὺς,
1761 723 1862 777 οὐκ

277 795 405 848 ἄλλο
442 815 496 850 τι
524 801 632 853 τῶν
653 802 1016 874 ἀτοπωτέρων
1038 807 1227 864 ποιῶν.
1260 809 1473 881 Τρόπον
1494 813 1596 881 μὲν
1621 813 1716 870 οὖν
1739 831 1863 871 τινα

279 888 634 960 ἠλλοτρίωται
678 915 761 951 σοι
795 900 1161 972 μισοῦπιτῆς
1193 905 1440 975 ἀμπέλου
1498 909 1558 961 τὸ
1614 903 1862 980 γέννημα

279 983 306 1035 6
338 984 520 1049 αὐτὸς,
557 988 776 1058 πρῶτος
802 993 867 1062 δὴ
899 992 975 1047 ὢν
998 994 1210 1060 Οίνεύς.
1243 999 1304 1052 El
1328 998 1386 1052 δέ
1414 1017 1495 1053 σοι
1536 1002 1637 1071 τὴν
1698 1002 1864 1070 φύσιν

283 1080 668 1150 μεταποιήσει,
696 1083 790 1139 καί
848 1103 932 1140 σοι
963 1089 1062 1158 τὴν
1088 1089 1248 1162 δίκην
1309 1092 1520 1149 οίκείαν
1580 1095 1864 1166 εὐμούσως

283 1174 766 1244 συγκερασάμενος
801 1181 1178 1251 προσενέγκω.
1222 1183 1381 1240 τοῦτο
1428 1187 1492 1259 δὴ
1551 1187 1725 1260 δῶρον
1773 1185 1867 1242 τύὲ

279 1281 404 1334 χητ,
433 1267 525 1319 καὶ
549 1271 796 1338 κρεῖττον
840 1274 1027 1345 εὐχῆς.
1062 1276 1135 1330 Σὺ
1171 1277 1228 1331 δὲ
1282 1278 1359 1350 μὴ
1393 1278 1715 1353 ἀπαξιώσῃς
1765 1281 1868 1352 τὴν

279 1358 477 1414 κύλικα
509 1377 525 1393 ⁶
553 1362 620 1431 ἣν
650 1362 706 1418 δὲ
736 1365 922 1438 βούλῃ,
951 1368 1042 1423 τὸν
1074 1369 1385 1440 βομϐυλιὸν.
1421 1369 1514 1438 Οἷς
1535 1371 1645 1446 γάρ
1670 1376 1698 1427 6
1727 1372 1868 1446 ἀνὴρ

283 1450 669 1524 ἐντέθραπται,
694 1457 904 1522 τούτοις
942 1476 1002 1513 σε
1030 1459 1364 1526 δεξιώσεται.

1006 1554 1138 1612 ΝΘ.

364 1637 424 1693 '0
453 1639 750 1706 ἐπίσκοπος
777 1636 932 1709 οὗτος
954 1644 1064 1718 ἔχει
1102 1648 1202 1718 μὲν
1250 1649 1347 1704 καὶ
1403 1651 1714 1724 σεμνότητα
1773 1654 1871 1724 ἀρε

281 1734 459 1801 χιερεῖ
489 1733 828 1804 πρέπουσαν,
861 1737 1054 1809 ἔχειδέ
1087 1742 1182 1796 καὶ
1241 1737 1377 1814 ἦθος
1431 1743 1712 1802 πολιτικὸν
1773 1752 1870 1806 καὶ

281 1821 456 1891 γλυκύ
485 1840 500 1856 ’
536 1826 636 1880 οὐκ
659 1829 1164 1901 ἐπιτετηδευμένον,
1187 1834 1309 1888 οὐδὲ
1343 1835 1702 1906 εὐτράπελον,
1734 1841 1870 1897 ἀλλά

283 1921 516 1988 φυσικὸν
553 1923 646 1975 καὶ
676 1923 941 1992 ἔμφυτον.
972 1926 1034 1980 El
1059 1928 1158 1994 μὲν
1208 1923 1302 1983 οῦν
1347 1931 1410 1984 τὸ
1449 1935 1649 2001 σεμνὸν
1702 1939 1870 2008 τιμᾷς

283 2011 378 2063 καὶ
399 2010 646 2084 ἀσπάζῃ,
678 2014 933 2085 εὑρήσεις
964 2017 1124 2073 τοῦτο
1152 2022 1308 2092 παρά
1337 2021 1418 2089 τῷ
1465 2023 1639 2094 ἀνδρί.
1711 2027 1776 2082 El
1809 2027 1868 2080 δὲ

283 2101 344 2154 τὸ
369 2101 552 2172 ίλαρὸν
576 2104 671 2160 καὶ
699 2104 916 2178 εὔχαρι,
951 2109 1173 2164 πλουτεῖ
1198 2112 1292 2165 καὶ
1314 2111 1490 2167 ταῦτα
1510 2116 1537 2168 6
1558 2115 1866 2186 ἄνθρωπος.

287 2194 350 2249 Εί
379 2193 436 2248 δὲ
460 2197 522 2249 τὺ
543 2197 602 2263 ἐξ
635 2199 836 2270 ἀμφοῖν
865 2201 1204 2273 σύγκρατον,
1240 2207 1616 2278 συνήρμοσται
1670 2209 1731 2275 ἐξ
1760 2211 1869 2281 ἀμ·

285 2287 548 2360 φοτέρων.
577 2291 647 2343 ’Ἡ
669 2291 852 2346 τοίνυν
881 2294 944 2346 ἐκ
973 2294 1082 2348 τῶν
1113 2295 1320 2362 ἁπλῶν,
1343 2297 1376 2366 ἢ
1401 2300 1466 2352 ἐκ
1489 2301 1589 2368 τῆς
1619 2301 1869 2367 κράσεως

283 2380 534 2452 τίμησον.
573 2384 642 2439 Ἦ
669 2385 840 2440 ταῦτα
878 2387 978 2455 μὲν
1003 2388 1160 2456 ἄφες,
1191 2388 1260 2442 δι’
1289 2390 1390 2460 ἐμὲ
1439 2390 1498 2443 δὲ
1537 2391 1720 2462 σαυτῷ
1750 2393 1872 2446 τοῦ·

285 2491 380 2527 τον
407 2475 711 2548 ρίκείωσον.
744 2478 856 2532 Καὶ
884 2479 1033 2542 ὅπως
1063 2479 1162 2550 μὲν
1210 2481 1323 2550 ἔχει
1378 2475 1555 2549 οὗτος,
1617 2483 1760 2539 ἔστω
1803 2484 1868 2556 δὴ

284 2563 492 2628 οὕτως·
547 2566 636 2620 διὰ
685 2567 741 2622 δέ
797 2567 896 2638 τὴν
936 2569 1078 2641 ἐμὴν
1130 2572 1352 2642 γραφὴν
1397 2573 1493 2628 καὶ
1520 2574 1743 2639 ἀξίωσιν
1771 2576 1871 2646 τῆς

288 2659 596 2728 κρείττονος
627 2661 775 2733 παρὰ
800 2661 882 2716 σοὶ
919 2664 1305 2736 εὐμοιρησάτω
1353 2667 1450 2720 καὶ
1508 2669 1729 2739 μερίδος
1777 2672 1868 2724 καὶ

289 2751 635 2826 ὑπολήψεως.

1067 2852 1118 2890 τε

337 2941 422 3007 Τῷ
453 2942 779 3014 aurarium
809 2943 908 2998 καί
943 2947 1396 3016 πρωτονοταρίῳ
1437 2948 1544 3003 τοῦ
1575 2948 1823 3017 δρόμου.
1873 2961 1877 2964 ·

361 3035 588 3089 Φίλτατε
640 3035 856 3106 ἀδελφέ,
911 3037 980 3090 τὰ
1019 3038 1118 3106 μέν
1170 3041 1239 3092 σὰ
1287 3040 1514 3093 τοιαῦτα
1572 3040 1667 3093 καί⁵
1699 3037 1870 3104 οὕτως

290 3127 504 3198 ἔχοντα.
547 3131 681 3183 Τίνα
717 3131 926 3199 ταῦτα;
998 3131 1384 3200 Ἔλαφηϐολίαι
1413 3150 1427 3164 ·
1477 3133 1819 3203 θηροφονεῖαι
1858 3147 1870 3162 ⁶
1900 3148 1946 3208 c

293 3221 656 3294 ἐπεμϐοῆσεις
681 3239 696 3254 ο
725 3224 1073 3291 ἐπεξελάσεις
1097 3241 1114 3257 ο
1143 3225 1474 3280 καταλαϐεῖν
1491 3225 1556 3278 τά
1592 3223 1868 3294 μετέωραο

291 3315 455 3387 δῆσαι
480 3317 576 3388 τὴν
614 3317 916 3390 θηρατικὴν
943 3318 1197 3388 φάλαγγα
1232 3334 1246 3348 ·
1301 3318 1394 3373 τὸν
1439 3317 1615 3390 μηρὸν
1673 3319 1874 3385 πλῆξαι

294 3411 364 3481 τῇ
395 3408 642 3480 μάστιγι,
673 3412 768 3466 καὶ
799 3412 1082 3482 ἐπεγεῖραι
1112 3411 1203 3466 τὸν
1239 3412 1454 3474 πτῶκα,
1496 3411 1877 3479 ἐπιθωῧξαντά

293 3520 347 3556 τι
384 3502 681 3571 θηρατικδν
732 3505 828 3557 καὶ
855 3507 1102 3573 γενναῖον
1137 3521 1152 3538 ο
1207 3504 1268 3558 τὸ
1302 3505 1508 3575 μεῖζον,
1569 3505 1877 3560 ἀπολαῦσαι

295 3595 406 3649 τῶν
433 3593 790 3664 θηραμάτων,
825 3597 919 3650 ἐπὶ
947 3596 1198 3662 στιϐάδος
1227 3596 1571 3668 αὐτοσχεδίου
1602 3597 1880 3652 ἀναπαυόο
1912 3640 1914 3642 τ

1972 539 2106 609 μηδέ
2131 559 2184 596 τι
2217 541 2527 616 ζηλώσαιμι
2556 550 2666 604 τῶν
2695 551 2862 618 ὅντως
2893 557 3074 612 καλῶν
3112 578 3127 593 ο
3178 562 3252 632 μὴ
3282 539 3432 627 νοῦν,
3473 563 3548 632 μὴ

1962 633 2024 684 τὸ
2053 632 2135 700 ὃν,
2167 637 2242 705 μὴ
2269 637 2482 706 σοφίαν,
2510 641 2583 712 μὴ
2620 643 2681 697 τὸ
2712 643 2793 708 ἐν,
2825 647 2897 716 μὴ
2933 647 3084 706 Θεόν.
3147 650 3290 720 Ἐγὼ
3333 652 3389 706 δὲ
3441 653 3553 706 οὐδ’

1968 726 2145 793 ἄλλως
2189 731 2321 784 ποτὲ
2374 735 2473 802 τὴν
2510 737 2869 806 θηροφονείαν
2919 743 3262 812 τεθαύμακα.
3325 745 3550 815 Πρῶτον

1969 818 2068 888 μὲν
2121 819 2232 890 γάρ
2287 824 2566 892 τυραννίδι
2621 825 2682 880 τὸ
2736 830 2968 900 πρᾶγμα
3018 831 3184 896 ἔοικε,
3243 834 3338 886 καὶ
3367 831 3547 902 ψυχῆς

1965 908 2087 962 ἐστι
2142 909 2283 974 ζώου
2327 913 2640 983 ἀφαίρεσις,
2689 918 2784 972 καὶ
2828 920 3061 989 πόλεμος
3115 923 3395 993 ἄντικρυς,
3461 924 3554 976 καὶ

1967 1001 2184 1066 φύσεων
2210 1005 2434 1079 ἡμέρων
2457 1009 2770 1081 ἀκήρυκτος
2797 1013 3037 1086 ὄλεθρος.
3060 1017 3291 1071 Ἔπειτα
3317 1017 3426 1070 οὐδ’
3455 1015 3554 1069 ἄλ-

1966 1092 2073 1158 λως
2104 1098 2202 1167 ἡδὺ
2238 1099 2298 1153 τὸ
2329 1102 2519 1172 χρῆμα
2551 1119 2565 1135 ⁸
2611 1105 2716 1158 ὑπό
2745 1106 2938 1177 ψυχρῷ
2970 1109 3113 1177 ἀέρι,
3148 1109 3242 1163 καὶ
3294 1109 3390 1163 ἐπὶ⁵
3427 1109 3552 1163 τέλη

1970 1205 2139 1259 ματος
2165 1191 2260 1244 καὶ
2292 1192 2466 1261 πηλοῦ
2508 1195 2572 1249 ἐκ
2601 1197 2761 1262 ποδὸς
2798 1199 3000 1268 δίωξις,
3031 1203 3246 1272 κραυγή
3289 1219 3350 1253 τε
3411 1219 3552 1271 συμο

1971 1283 2139 1354 μιγὴς
2167 1285 2262 1339 καὶ
2293 1286 2447 1359 φωνὴ
2477 1289 2584 1359 ἄση
2596 1306 2717 1359 μος.
2766 1291 2930 1365 Ὁρᾷς
2967 1294 3032 1346 ἐκ
3089 1293 3317 1365 θατέρου
3346 1297 3441 1348 τὸν
3470 1294 3559 1347 λό-

1968 1393 2064 1446 γον
2087 1383 2409 1449 νενικηκότα
2439 1399 2455 1449 ;
2495 1383 2570 1437 Τὸ
2597 1382 2654 1438 δέ
2681 1401 2744 1452 γε
2775 1385 3049 1456 ἡμέτερον
3084 1387 3179 1440 καὶ
3233 1388 3547 1457 φιλόσοφον,

1972 1470 2285 1540 κρείττονος
2320 1475 2606 1545 μετουσία,
2645 1477 2741 1532 καὶ
2766 1479 2930 1551 σχολὴ
2962 1479 3092 1551 φίλη
3116 1480 3256 1550 Θεῷ,
3285 1483 3381 1536 καὶ
3433 1482 3559 1546 νοῦς

1979 1561 2279 1635 μετέωρος,
2313 1567 2408 1620 καὶ
2438 1567 2620 1640 ψυχῆς
2660 1569 2889 1641 ὕψωσις,
2922 1572 3016 1625 καὶ
3039 1573 3212 1628 ὁπόσα
3234 1576 3344 1628 τῶν
3375 1574 3557 1627 καλῶν

1971 1655 2188 1728 ἇρῤητά
2217 1676 2276 1713 τε
2304 1661 2398 1714 καὶ
2433 1661 2667 1734 κρύφια.
2712 1663 2856 1717 Ἀλλ’
2912 1665 3030 1718 οὐδὲ
3085 1665 3256 1736 βαρὺς
3302 1668 3330 1720 ὁ
3371 1665 3559 1735 ζυγὸς,

1901 1797 1944 1855 Β
1974 1750 2111 1805 άλλά
2139 1754 2235 1808 καὶ
2264 1753 2504 1825 ἐλαφρὸς
2541 1757 2684 1810 πάνυ
2717 1760 2858 1811 κατά
2889 1757 2990 1829 τὴν
3047 1757 3143 1811 τοῦ
3197 1759 3403 1830 Κυρίου
3449 1776 3563 1824 φωσ-

1971 1844 2089 1914 νήν.
2149 1846 2604 1919 ’Πλευθερώμεθα
2651 1851 2758 1920 γὰρ
2810 1851 2906 1904 καὶ
2961 1851 3276 1922 πληθούσης
3329 1852 3558 1921 ἀγορᾶς,

1970 1939 2065 1991 καὶ
2094 1938 2267 2008 δήμου
2295 1940 2678 2010 κυμαίνοντος,
2713 1943 2809 1994 καὶ
2858 1942 2967 1995 τῶν
3011 1945 3071 1995 ἐν
3104 1942 3254 2010 μέσῳ
3277 1943 3555 2014 ταραχῶν,

1971 2031 2066 2085 καὶ
2091 2031 2267 2084 ὁπόσα
2312 2031 2370 2084 ἐν
2398 2033 2512 2096 τοῖς
2549 2031 2839 2102 βασιλείοις
2882 2033 3053 2088 δεινά.
3085 2033 3144 2086 '0
3175 2034 3232 2086 δέ
3264 2051 3327 2102 γε
3359 2035 3559 2104 δεσμὸς

1970 2123 2255 2193 ἐλευθερία
2287 2123 2491 2194 δεσμοῦ
2518 2141 2534 2156 ο
2582 2125 2810 2179 ἀπολύει
2862 2125 2992 2194 γοῦν
3030 2126 3138 2179 ἀπο
3170 2125 3265 2180 τοῦ
3306 2125 3559 2194 σώματος

1971 2213 2072 2283 τὴν
2107 2213 2319 2283 ψυχήν.
2346 2213 2493 2268 Τίδέ
2529 2215 2662 2284 ἡμῖν
2687 2216 2779 2268 καὶ
2822 2215 2882 2268 τὸ
2923 2216 3322 2287 μαραινόμενον
3373 2216 3560 2280 ἄνθος,

1971 2308 2066 2361 καὶ
2095 2308 2154 2361 τὸ
2172 2310 2424 2380 διαρρέον
2449 2308 2613 2380 ὔδωρ,
2643 2311 2736 2362 καὶ
2764 2311 2792 2363 6
2825 2310 3037 2364 πίπτων
3057 2310 3271 2380 καρπός
3300 2327 3315 2375 ;
3371 2309 3551 2363 Μόνον

1972 2402 2079 2472 γὰρ
2113 2400 2316 2468 ἀγαθὸν
2348 2403 2408 2454 τὸ
2432 2401 2623 2466 ἑστὼς,
2650 2395 2711 2455 οὗ
2747 2403 2828 2456 δεῖ
2855 2401 3109 2469 ἐφίεσθαι
3143 2402 3306 2469 μόνου
3337 2402 3429 2455 τὶν
3464 2420 3556 2475 φιε

1970 2491 2304 2562 λοσοφοῦντα
2348 2493 2496 2549 νοῦν.
2524 2493 2592 2547 Σὲ
2629 2495 2727 2561 μὲν
2753 2489 2846 2547 οῦν
2886 2493 3137 2561 τερπέτω
3158 2494 3308 2565 ὅρνις
3345 2494 3536 2548 ἀλισκο

1975 2587 2111 2658 μένη
2151 2589 2423 2658 μετέωρός
2447 2601 2464 2619 ο
2494 2587 2594 2655 ἐμὲ
2616 2587 2673 2640 δὲ
2707 2587 2881 2652 θέλξει
2908 2585 3032 2649 νοῦς
3078 2586 3300 2656 ὑψηλὸς,
3360 2586 3558 2646 ὑποπί-

1972 2696 2122 2732 πτων
2153 2680 2231 2742 είς
2259 2678 2462 2748 νόησιν.
2499 2678 2564 2731 El
2601 2678 2656 2731 δὲ
2694 2677 2896 2747 βούλει,
2958 2676 3280 2748 μεταδῶμεν
3311 2675 3559 2747 ἀλλήλοις

1971 2769 2237 2838 ἀλλήλων.
2270 2769 2382 2824 Καὶ
2416 2770 2481 2823 σὺ
2515 2769 2614 2841 μὲν
2643 2771 2795 2842 ἡμᾶς
2823 2771 2934 2834 τοῖς
2969 2769 3074 2823 ἀπὺ
3130 2771 3229 2839 τῆς
3270 2767 3442 2838 θήρας
3476 2769 3562 2822 δε-

1974 2861 2088 2927 ξιοῦ
2124 2861 2388 2930 ἀγαθοῖςο
2417 2858 2528 2931 ἐγὼ
2557 2861 2615 2916 δέ
2650 2878 2709 2915 σε
2759 2863 2871 2926 τοῖς
2901 2863 3058 2933 ἐμοῖς
3108 2859 3564 2931 ἀντιδεξιώσομαι

1976 2955 2321 3025 γράμμασιν.

2694 3044 2821 3100 ΞΝ.

2450 3138 2536 3206 Τῷ
2573 3137 2748 3209 κριτῇ
2787 3140 3086 3208 Ὀψικίου.

2047 3231 2137 3304 Τῷ
2161 3231 2532 3304 χοιροσφάκτῃ
2573 3233 2769 3304 ἐκείνῳ
2798 3233 3042 3303 Μιχαὴλ,
3076 3231 3404 3303 περίϐλεπτε
3427 3228 3558 3286 K6-

1978 3326 2061 3398 ριέ
2096 3343 2223 3395 μου,
2253 3325 2369 3388 υίός
2400 3323 2609 3397 ἑστι[ν]
2642 3323 2879 3379 ἐνταῦθα
2916 3325 3290 3396 κοσμιώτατος
3341 3326 3440 3394 μὲν
3472 3325 3568 3378 καὶ

1975 3418 2326 3488 λογιώτατος,
2353 3415 2509 3471 οὐπω
2539 3415 2596 3470 δὲ
2623 3416 2738 3487 βίου
2756 3417 3091 3488 δραξάμενος
3117 3417 3369 3480 εὐκλεοῦς
3393 3433 3408 3448 ⁸
3444 3416 3569 3470 ὅθεν

1977 3511 2077 3580 τὴν
2103 3509 2272 3581 τύχην
2311 3510 2434 3562 ίδὼν
2483 3509 2865 3578 ἀντικειμένην
2904 3507 3073 3579 αὐτῷ,
3136 3507 3448 3562 συνέστειλέ
3507 3523 3570 3558 τε

1979 3602 2072 3655 τὸν
2118 3599 2313 3656 ἑαυτοῦ
2369 3599 2504 3671 βίον,
2562 3600 2656 3653 καί
2697 3598 2764 3668 ζῇ
2796 3597 3070 3670 γλίσχρως
3109 3599 3201 3653 καὶ
3247 3597 3440 3664 ἐνδεῶς
3461 3597 3568 3653 ἀπο

302 3702 480 3754 μενον.
512 3686 594 3740 Τά
623 3685 678 3739 δέ
707 3685 951 3756 ἡμέτερα
975 3687 1192 3749 τούτοις
1225 3690 1390 3742 πᾶσιν
1414 3688 1720 3760 ἀντίρῤοπα
1766 3690 1882 3759 (καὶ
1985 3694 2330 3766 βραχυτάτης
2355 3692 2560 3746 εἰσόδου
2593 3689 2686 3744 τοῦ
2723 3691 2780 3744 ἐν
2812 3692 2926 3754 τοῖς
2955 3690 3176 3754 Πυθίοις
3225 3688 3394 3744 αὐτοῦ
3436 3690 3571 3760 κτή-

297 3779 380 3833 ἐτι
407 3778 578 3851 βαρὺς
608 3777 896 3849 όκανών)⁶
959 3780 1033 3850 μὴ
1073 3779 1239 3846 θίξαι,
1293 3781 1370 3852 μὴ
1413 3781 1633 3851 γρῦξαι.
1699 3782 1774 3854 μὴ
1824 3784 1883 3847 ἐς
1988 3803 2177 3857 ματος.
2207 3784 2348 3837 Ἀλλ’
2374 3784 2410 3854 ἦ
2444 3801 2508 3852 γε
2534 3782 3080 3854 συμπαρομαρτοῦσα
3133 3781 3309 3850 τούτῳ
3358 3783 3572 3852 πονηρὰ

298 3872 526 3942 θέατρον
555 3871 854 3941 περικύψαι
887 3890 901 3904 ’
939 3873 1014 3942 μὴ
1043 3872 1171 3927 ίδεῖν
1205 3873 1527 3942 κυνηγέσιον
1557 3893 1572 3908 ο
1606 3876 1682 3945 μὴ
1719 3892 1881 3946 περι-
1985 3873 2122 3944 τύχη
2154 3872 2246 3925 καὶ⁴
2285 3871 2426 3926 κατὰ
2456 3873 2639 3936 πόλεις
2663 3871 2758 3924 καλ⁵
2797 3871 2915 3924 κατ’
2946 3873 3151 3943 ἀγροὺς
3181 3871 3418 3942 ἐνοχλεῖν
3447 3871 3575 3924 εῖω-

299 3966 484 4037 τυχεῖν
540 3965 889 4030 ἀκοντίζουσι
916 3979 932 3994 ·
993 3965 1068 4034 μὴ
1112 3964 1495 4036 περιγενέσθαι
1552 3965 1884 4033 τοξεύουσιν,
1989 3965 2081 4019 θεν
2109 3979 2124 3996 ο
2158 3964 2282 4019 ὅθεν
2310 3963 2650 4031 ἐπανέστησε
2678 3964 2792 4028 τοῖς
2825 3965 2888 4017 τὸ
2928 3965 3252 4034 προάστειον
3285 3963 3450 4018 αὐτοῦ
3501 3964 3578 4017 δι-

299 4056 418 4112 ἀλλ’
442 4059 577 4111 οίκοι
613 4057 889 4125 καθῆσθαι
922 4070 939 4087 ·
977 4055 1179 4126 μᾶλλον
1210 4055 1266 4110 δὲ
1314 4057 1448 4128 μηδὲ
1508 4059 1647 4112 οῖκοι
1684 4074 1698 4089 ⁶
1751 4059 1889 4128 μηδὲ
1989 4055 2230 4111 οικοῦσιν
2257 4055 2425 4125 ἄνδρα
2449 4055 2775 4127 βιαιότατον,
2799 4056 3147 4123 γειτονοῦντα
3202 4055 3380 4126 αὐτῷ·
3408 4056 3578 4126 ἀγρό-

300 4147 594 4215 καθῆσθαι,
622 4145 740 4200 ἀλλ’
769 4146 856 4199 ἐπ’
889 4144 1178 4215 ἀλλοτρίας
1209 4144 1433 4199 ἑστάναι
1452 4162 1467 4177 ⁸
1502 4146 1536 4216 ἢ
1573 4145 1708 4216 μηδὲ
1762 4146 1890 4199 τοῡά
1992 4167 2093 4220 την
2120 4148 2222 4218 μὲν
2249 4147 2343 4201 καὶ
2375 4147 2484 4200 τῶν
2511 4145 2834 4216 ἀνωνύμων,
2862 4145 2961 4217 τὴν
2990 4147 3110 4216 βίαν
3138 4147 3194 4200 δὲ
3221 4147 3316 4201 καὶ
3343 4149 3441 4210 τὰς
3464 4149 3580 4217 χεῖ-

302 4261 387 4310 το,
413 4242 551 4296 ἀλλά
583 4239 814 4294 κύπτειν
855 4239 944 4293 ἀεί
983 4239 1082 4293 καὶ
1130 4237 1438 4302 ἀποτυλοῦν
1479 4238 1542 4292 τὸ
1596 4239 1747 4307 γόνυ,
1798 4240 1895 4294 καὶ
1997 4259 2097 4313 ρας
2135 4239 2258 4295 κατ’
2281 4239 2434 4293 οὐδὲν
2457 4239 2550 4293 τοῦ
2595 4239 2890 4308 Ἡρακλέος
2935 4239 3208 4310 δεύτερον.
3263 4235 3435 4304 Οὗτος
3481 4239 3572 4294 τὸν

301 4337 337 4391 ἀ
353 4333 594 4388 τολιθοῦν
619 4333 711 4386 τὸν
739 4330 1024 4386 δάκτυλον.
1049 4330 1120 4385 Σὺ
1143 4330 1200 4383 δὲ
1223 4330 1348 4384 οὐτε
1372 4331 1479 4384 τῶν
1513 4332 1621 4384 σῶν
1641 4333 1777 4403 ἡμῖν
1799 4349 1896 4400 με-
2001 4336 2099 4406 μέν
2121 4333 2312 4402 ὐϐρισε
2340 4333 2448 4386 τῶν
2481 4332 2708 4386 οἰκετῶν
2742 4331 2908 4386 αὐτοῦ
2934 4347 2951 4366 ο
2985 4331 3080 4386 τδν
3101 4332 3157 4386 δὲ
3188 4332 3533 4400 ἐμαστίγωσε
3559 4344 3576 4362 ⁸

299 4429 548 4498 ταδίδως,
573 4426 694 4482 οὔτε
717 4425 822 4480 τῶν
846 4425 1132 4496 ἡμετέρων
1167 4423 1625 4494 μεταλαμϐάνεις.
1665 4425 1897 4488 Ἀδικεῑς
2002 4428 2146 4484 κατά
2194 4427 2252 4482 δὲ
2286 4427 2381 4480 τοῦ
2437 4425 2922 4497 ἀνατεθραμμένον
2975 4425 3136 4478 αὐτὸν
3195 4423 3574 4495 πρεσϐυτάτου

301 4519 395 4580 οῦν
421 4524 480 4576 τὸ
511 4522 754 4591 φίλτρον,
783 4517 880 4571 καὶ
909 4518 1127 4584 συγχεῖς
1157 4517 1280 4585 ὅρια
1307 4516 1490 4585 φιλίας
1527 4519 1704 4572 κοινά.
1754 4518 1898 4588 Πρὸς
1933 4503 1976 4560 υ
2001 4521 2194 4593 ἀνδρὸς
2219 4519 2480 4589 οὐδεμιᾶς
2504 4517 2712 4586 ὕϐρεως
2737 4517 2992 4584 ἐφείσατο
3024 4516 3057 4587 ἢ
3108 4517 3344 4586 πληγῆς.
3387 4515 3448 4569 Ὀ
3485 4514 3585 4585 μὲν

303 4617 462 4683 Θεοῦ,
493 4615 700 4686 ἔραμαι
724 4611 851 4665 κυσὶ
886 4609 1093 4674 θωΰξαι
1129 4608 1310 4680 (τοῦτο
1336 4608 1401 4679 δὴ
1427 4610 1528 4679 τῆς
1580 4609 1888 4678 τραγῳδίας

304 4708 366 4762 τὸ
393 4707 543 4778 ἐπος)
577 4723 592 4739 ·
626 4704 830 4775 ἔραμαι
860 4701 986 4774 μὲν,
1014 4700 1149 4754 ἀλλά
1178 4718 1267 4771 μοι
1305 4703 1333 4754 6
1382 4701 1522 4771 ἔρως
1577 4701 1886 4764 ἀτέλεστος.

305 4801 402 4863 Τίς
437 4801 467 4854 6
498 4799 681 4861 καινὸς
711 4798 841 4866 ἡμῖν
867 4793 1205 4864 νομοθέτης;
1273 4793 1369 4856 Τίς
1405 4795 1434 4846 6
1493 4792 1662 4864 βαρὺς
1701 4793 1900 4861 ζυγὸς,

307 4895 401 4948 καὶ
431 4892 650 4962 δεσμὸς,
678 4891 772 4944 καὶ
821 4886 1125 4960 ὴέργώδης
1170 4883 1312 4950 αὐτη
1341 4885 1474 4955 ζωὴ,
1545 4885 1641 4940 καὶ
1684 4887 1716 4957 ή
1783 4885 1892 4940 τῶν

310 4982 706 5052 ἐπιταγμάτων
733 4980 946 5052 ἀνάγκη
983 4997 999 5047 ;
1040 4977 1080 5030 Γ
1084 4978 1251 5040 λυκὺς
1282 4978 1310 5029 ὁ
1345 4977 1446 5046 τῆς
1499 4974 1723 5047 ὀπώρας
1757 4994 1895 5044 καρ-

309 5079 413 5141 πῦς
447 5092 463 5107 ο
505 5074 642 5130 ἀλλά
683 5073 758 5145 μὴ
785 5073 981 5144 λάϐῃς.
1047 5069 1178 5127 Ἦδὺ
1222 5069 1284 5125 τὸ
1316 5071 1413 5139 τῆς
1469 5071 1650 5142 πηγῆς
1691 5069 1844 5140 πόμα
1875 5086 1904 5116 ο.

314 5169 380 5222 σὺ
414 5167 564 5239 δὲμὴ
596 5165 746 5238 πίῃς.
782 5165 1022 5234 Εὐανθὴς
1050 5167 1078 5219 6
1105 5162 1340 5236 λειμὼν,
1367 5162 1505 5216 ἀλλά
1539 5163 1613 5234 μὴ
1669 5164 1898 5234 προσέλ-

315 5262 537 5334 θῃς.Τὸ
585 5259 812 5328 θέατρον
844 5257 996 5329 ἡδεία
1033 5256 1327 5328 διατριϐήο
1387 5255 1526 5309 ἀλλὰ
1583 5257 1660 5325 μὴ
1709 5256 1899 5321 δώσεις

316 5359 454 5422 πρὸς
478 5353 636 5407 τοῦτο
666 5350 962 5420 ὀφθαλμόν.
1019 5349 1086 5402 Ἢ
1128 5350 1270 5421 θήρα
1316 5365 1508 5419 χρημα
1555 5349 1852 5418 ἐπιτερπές
1880 5366 1897 5382 ·

318 5448 456 5506 ἀλλά
483 5447 558 5518 μὴ
587 5446 702 5518 ἴδῃς
732 5445 1027 5516 ἐκθορόντα
1046 5441 1250 5511 λαγὼν,
1279 5443 1416 5515 μηδὲ
1445 5441 1584 5495 κύνα
1607 5440 1898 5509 διώκοντα,

323 5540 445 5613 μηδ’
481 5539 609 5595 ἄλλο
632 5557 681 5592 τι
716 5536 820 5591 τῶν
871 5533 1323 5600 καταθελγόντων
1383 5534 1586 5605 ψυχήν.
1648 5534 1898 5601 Δέδοικα,

327 5633 406 5706 μὴ
434 5635 529 5686 καὶ
554 5631 653 5702 τὴν
681 5629 786 5700 γῆν
817 5631 967 5700 ἡμᾶς
993 5627 1381 5697 ἀφαιρήσωσιν
1443 5628 1494 5679 οἱ
1552 5625 1902 5696 νομοθετοῦνο

323 5743 440 5792 τες,
469 5723 546 5795 μὴ
577 5723 672 5775 καὶ
708 5723 805 5792 τῆς
843 5721 1120 5790 ἀναπνοῆς
1151 5717 1246 5772 τοῦ
1284 5719 1445 5790 ἀέρος
1465 5718 1788 5789 ἁπείρξωσι.
1838 5718 1904 5770 Τί

328 5818 446 5872 ποτ’
479 5813 572 5872 οὖν
607 5833 622 5884 ;
659 5815 932 5885 Ἀληθεύῳ
959 5812 1129 5878 οὓτως
1167 5812 1498 5867 ἐπιστέλλων
1532 5827 1547 5879 ;
1579 5812 1654 5865 Οὐ
1705 5811 1770 5880 νὴ
1802 5810 1904 5880 τὴν

1989 4615 2105 4680 οῦν,
2138 4613 2214 4676 ὥς
2244 4627 2430 4681 φασιν,
2462 4611 2553 4664 ἐπὶ
2581 4611 2703 4668 ταῖς
2727 4608 3025 4679 ἀφορήτοις
3077 4607 3284 4670 αίκίαις
3335 4608 3437 4669 τὰς
3491 4624 3586 4658 τεν

1991 4703 2244 4766 λευταίας
2280 4701 2503 4771 ἀφίησιν
2529 4699 2803 4763 ἀναπνοὰς
2825 4716 2840 4730 ·
2870 4693 3025 4760 οὗτος
3059 4697 3113 4751 δὲ
3144 4696 3266 4750 λίαν
3287 4697 3382 4750 τοῦ
3411 4713 3586 4766 πρεσο

1994 4797 2160 4851 ϐύτου
2191 4794 2492 4866 κηδόμενος
2521 4791 2826 4860 κατέφυγεν
2853 4791 2940 4846 ἐπ’
2969 4790 3090 4859 ἐμὲ,
3120 4789 3286 4855 ἀξιῶν
3341 4790 3577 4854 agnam

1997 4908 2056 4944 σε
2085 4889 2240 4950 δίκας
2289 4888 2475 4942 λαϐεῖν
2528 4886 2776 4955 περὶτοῦ
2821 4884 3128 4956 ὑϐρικότος,
3181 4886 3306 4956 περὶ
3364 4879 3440 4938 ὧν
3486 4887 3587 4936 πέ-

1997 4984 2182 5040 πονθε.
2216 4982 2391 5036 Τοῦτο
2419 4980 2514 5034 οὖν
2531 4981 2663 5034 αὐτὸ
2694 4979 2851 5045 ἀξιῶ.
2875 4978 2949 5032 Σὺ
2980 4977 3036 5030 δὲ
3067 4977 3158 5031 καὶ
3182 4976 3334 5046 φίλος
3369 4977 3462 5030 καὶ
3511 4978 3592 5028 δι’

1999 5075 2206 5147 καστὴς
2229 5075 2326 5140 ὢν,
2355 5074 2429 5136 ὡς
2464 5072 2566 5144 μὲν
2594 5070 2853 5140 δικαστὴς
2876 5069 3003 5132 τοὺς
3041 5069 3238 5138 νόμους
3269 5072 3376 5132 τοῖς
3403 5069 3592 5138 ἀδικη-

2002 5170 2139 5223 θεῖσι
2171 5167 2536 5240 περισώσοιςο
2579 5165 2654 5226 ὡς
2717 5164 2774 5217 δέ
2838 5163 2990 5229 φίλος
3027 5162 3128 5214 οὐκ
3179 5163 3259 5218 είς
3321 5163 3590 5232 ἀναϐολὴν

2005 5262 2188 5332 θήσεις
2218 5239 2288 5312 τί
2314 5259 2564 5328 πρᾶγμα,
2590 5254 2725 5307 ἀλλά
2753 5256 2976 5323 ταχεῖαν
3031 5252 3260 5326 ἐνέγκῃς
3290 5254 3586 5321 ἀπόφασιν.

2739 5345 2856 5398 EB’.

2021 5462 2026 5469 τ
2075 5443 2258 5510 Ἀξιῶ,
2305 5439 2639 5509 λογιώτατε,
2701 5441 2838 5509 μήτε
2861 5439 2960 5508 ἐμὲ
3010 5436 3402 5509 προσδέξασθαι
3463 5436 3591 5505 περὶ

2006 5537 2116 5591 τῶν
2146 5537 2273 5597 τοὺς
2305 5534 2579 5604 παρόντας
2597 5530 2954 5594 ἀδικούντων,
2985 5529 3123 5584 ὥστε
3148 5531 3350 5584 ἀδίκων
3379 5530 3592 5597 τυχεῖν,

2009 5635 2144 5702 μήτε
2199 5629 2417 5700 ἑτέρους
2473 5625 2888 5695 περικινοῦντάς
2944 5641 3023 5687 σε,
3080 5623 3221 5675 ὥστε
3274 5621 3348 5690 μὴ
3380 5620 3486 5673 τῶν
3517 5621 3597 5672 δι-

2007 5723 2174 5776 καίων
2201 5718 2421 5782 τούτους
2450 5716 2759 5785 τεύξεσθαι.
2809 5716 2995 5788 Ὁρᾷς,
3026 5714 3113 5768 οἷα
3143 5716 3176 5784 ἡ
3210 5714 3456 5780 ἀξίωσις,
3489 5730 3590 5782 με·

2008 5812 2133 5878 τρία
2156 5827 2215 5863 τε
2246 5809 2337 5862 καὶ
2371 5807 2679 5877 φιλόσοφος,
2717 5806 2808 5863 καὶ
2855 5804 2936 5857 σοὶ¹
2969 5803 3204 5869 μάλιστα
3255 5799 3594 5866 συμϐαίνου-
