4004 6252
443 353 594 430 1331

1466 364 1831 429 ADDENDA
1867 360 2260 425 EUSTATHI
2334 362 2743 426 EPISTOLIE.

3586 359 3718 424 1332

458 484 654 550 σιλίδα,
678 479 769 534 καὶ
791 478 893 550 τῆς
917 476 1153 533 ἐνταῦθα
1177 478 1436 550 προνοίας
1461 481 1678 552 τυχεῖνο
1704 479 1739 551 ή
1763 479 1844 545 εἰς
1861 478 2042 552 κρεῖτ-
2069 481 2115 539 Α
2143 473 2461 530 δυναστεύει
2489 475 2517 530 6
2548 476 2701 547 ήλιος
2721 492 2737 510 ο
2767 477 2815 531 εἰ
2845 476 2898 530 δέ
2922 493 3052 531 ποτε
3080 474 3146 528 τά
3175 492 3314 547 μεση
3325 473 3401 545 μϐ
3411 474 3532 544 ρινά
3563 493 3725 529 κατα-

454 596 551 635 τον
589 577 646 634 θέ
656 593 731 647 μα
751 591 766 640 ;

405 712 416 744 ὲ
920 665 996 721 Τὰ
1043 665 1196 735 πρὸς
1231 666 1573 734 Ὄλυμπον.

411 751 417 759 ’
529 759 698 813 οὐδὲν
737 759 848 814 τῶν
878 759 1050 814 ὀντων
1080 759 1222 828 ὑπὲρ
1255 759 1345 812 τὸν
1377 757 1678 828 Ὄλυμπον.
1710 757 1821 811 Καὶ
1851 759 1941 812 ἴνα
1971 757 2041 811 τά

458 853 745 906 τελευταῖα
765 852 862 907 τοῦ
889 853 1051 921 λόγου
1086 853 1279 923 πρῶτα
1305 853 1623 922 ποιήσωμαι
1649 867 1663 883 ·
1691 849 2041 904 πεποίκιλται

462 946 564 1013 μὲν
626 945 856 1015 οὐρανὸς
887 945 1174 1017 ἀστράσιν,
1206 946 1325 1001 ἀλλ’
1348 945 1532 1017 ἀψυχα
1567 944 1742 1001 ταῦτα
1785 947 2038 1014 σώματα,

459 1042 558 1096 καὶ
587 1045 820 1112 μένοντα
855 1042 943 1113 ἐφ’
967 1039 1034 1114 ἧς
1058 1042 1306 1112 ἐγένοντο
1339 1042 1578 1114 φύσεως.
1622 1043 1680 1096 Ὀ
1705 1041 1763 1096 δὲ
1795 1039 2043 1110 λογικαῖς

457 1135 948 1204 κατακεκόσμηται
981 1137 1198 1206 φύσεσι,
1235 1136 1675 1208 προκοπτούσαις
1703 1135 1810 1196 ἀεὶ.
1843 1134 1938 1188 καὶ
1962 1136 2044 1200 εἰς

461 1228 585 1283 θεὸν
637 1229 1062 1292 ἀναϐαινούσαις
1105 1228 1196 1284 διὰ
1222 1230 1323 1298 τῆς
1362 1228 1472 1284 τῶν
1500 1228 1714 1300 ἀρετῶν
1751 1229 2042 1300 κλίμακος.

460 1321 676 1390 Χωρίον
712 1320 992 1392 τρυφηλδν
1019 1323 1052 1392 ή
1076 1321 1258 1392 Ἐδέμ,
1294 1321 1388 1375 καὶ
1421 1323 1481 1376 ἐν
1509 1319 1661 1391 καλῷ
1691 1319 1792 1391 τῆς
1819 1321 2042 1391 συμπάο

462 1430 565 1484 σης
595 1414 849 1483 κείμενον
879 1416 984 1484 γῆς
1008 1429 1024 1445 ο
1055 1413 1173 1469 ἀλλ’
1198 1413 1354 1470 ούπω
1390 1414 1710 1486 ἀνθρώπους
1752 1414 1874 1488 Θεῷ
1912 1414 2045 1470 καθ-

461 1504 835 1574 ομοιωθέντας
865 1507 1237 1576 ἐκληρώσατο.
1276 1506 1595 1578 ’Υπερφυὴς
1617 1509 1645 1563 ὀ
1673 1508 2000 1579 παράδεισος
2025 1523 2042 1540 ο

461 1599 597 1654 ἀλλά
619 1599 764 1654 δυοῖν
792 1617 920 1654 ποτε
941 1601 1242 1672 οἰκητόρων
1263 1601 1622 1675 ηύμοίρησεν.
1641 1603 1804 1658 Οὗτοι
1847 1602 1904 1657 δέ
1928 1603 2047 1674 ἃμα

460 1705 524 1742 τε
582 1689 694 1743 τῶν
749 1689 961 1745 ἐκείνου
991 1691 1222 1760 καρπῶν
1248 1691 1562 1761 ἐγεύσαντο,
1600 1694 1693 1749 καὶ
1726 1695 1827 1764 τῆς
1847 1710 2048 1749 πανευ-

2150 567 2361 640 φλέγει,
2394 568 2511 623 ἀλλ’
2543 569 2606 623 αῖ
2633 585 2697 638 γε
2725 569 2835 622 τῶν
2867 569 3057 639 πηγῶν
3084 567 3251 639 αὖραι
3277 567 3398 620 ἀντὶ
3427 566 3611 637 πάσης
3635 569 3731 639 ἀρ-

2149 661 2339 717 κοῦσιν
2370 662 2677 736 ἀναψυχῆς.
2713 663 2997 734 Χειμῶνος
3020 661 3076 718 δὲ
3103 665 3136 733 ή
3172 663 3271 731 μὲν
3299 662 3434 732 ἄλλη
3466 660 3729 732 ξύμπασα

2149 753 2224 825 γῆ
2259 754 2769 826 μετεσχηματίσθαι
2802 757 2972 820 δοκεῖ,
2999 757 3094 810 καὶ
3143 756 3206 811 τδ
3265 757 3483 828 ἐαρινδν
3537 757 3732 822 κάλλος

2148 845 2530 918 ἀποκεκάρθαι
2548 862 2563 879 ο
2597 845 2693 901 σοῦ
2723 845 2779 900 δὲ
2801 847 3058 902 ούδέποτε
3088 849 3120 918 ή
3147 847 3414 919 καλλίστη
3438 848 3550 902 τῶν
3573 849 3731 920 ὡρῶν

2151 939 2581 1012 ὑπερλᾶλησται.
2619 940 2887 1008 Χλοάζεις
2917 941 3025 1011 γὰρ
3049 943 3418 1014 ἁπανταχόσε,
3455 943 3646 1013 ὥσπερ
3677 944 3731 997 αί

2149 1030 2296 1088 οὕτω
2340 1033 2453 1089 τῶν
2504 1034 2669 1089 λίθων
2714 1035 2782 1090 ἐκ
2817 1034 3035 1104 φύσεως
3082 1035 3326 1106 ἔχουσαι.
3372 1037 3732 1106 Ἐκκέχυνται

2149 1127 2282 1198 γοῦν
2311 1146 2371 1184 σε
2403 1129 2674 1188 πάντοθεν
2706 1128 2803 1183 καὶ
2834 1130 3095 1202 μυρρίναι
3123 1128 3218 1182 καί.
3248 1128 3448 1198 σμίλαξ
3487 1128 3584 1182 καὶ
3611 1146 3729 1183 κιτ-

2148 1220 2274 1274 τοί·
2304 1220 2340 1293 ἢ
2388 1238 2446 1275 τε
2491 1221 2668 1292 δάφνη
2706 1238 2766 1276 σε
2807 1222 3084 1290 στεφανοῖ,
3115 1221 3212 1276 καὶ
3257 1222 3290 1292 ή
3345 1221 3507 1286 πίτυς
3561 1239 3732 1275 κατα-

2150 1313 2371 1385 χλοάζει
2397 1329 2414 1347 °
2437 1313 2559 1369 οὐδὲ
2587 1313 2720 1386 δρῦς
2757 1315 2850 1368 ἐπὶ
2883 1315 2968 1369 σοὶ
2997 1315 3290 1386 γηράσκει,
3322 1313 3444 1368 ούδέ
3478 1314 3734 1382 φυλλοϐο-

2151 1407 2287 1480 λεῖή
2319 1407 2478 1479 συκῆ,
2506 1407 2623 1462 ἀλλ’
2643 1407 2732 1464 ἐπ’
2757 1407 3013 1479 ἀθανάτῳ
3035 1424 3116 1462 σοι
3147 1407 3243 1462 καὶ
3261 1408 3456 1478 ἀγήρῳ
3487 1407 3734 1462 ἀθάνατα

2151 1499 2450 1556 καὶταῦτα
2480 1500 2700 1568 φύεται.
2745 1499 2910 1556 Ἀλλά
2964 1500 3130 1555 πόθεν
3181 1518 3265 1554 σοι
3303 1499 3479 1564 οὕτως
3510 1501 3733 1572 ήρμένῳ

2154 1593 2254 1662 τῆς
2285 1594 2392 1664 γῆς
2422 1594 2478 1647 αἰ
2509 1593 2736 1662 ἀφανεῖς
2765 1594 2874 1647 τῶν
2907 1593 3118 1649 ὑδάτων
3150 1593 3326 1662 πηγαί
3344 1610 3360 1660 ;
3392 1588 3472 1646 Ἦ
3517 1593 3734 1655 πάντως

2153 1685 2247 1740 ἐπὶ
2267 1685 2377 1740 τῶν
2408 1685 2694 1742 ἀθανάτων
2719 1687 2946 1742 ἐκείνων
2976 1686 3172 1757 πηγῶν
3197 1687 3296 1756 ἔφυ
3315 1687 3378 1740 τὸ
3403 1685 3644 1756 ρίζωμα,
3668 1686 3737 1750 ἃς

461 1782 719 1850 δαίμονος
780 1783 999 1854 ἐκείνης
1049 1783 1265 1855 τρυφῆς
1309 1786 1698 1858 ἀπηλάθησαν,
1749 1785 1823 1841 Τὸ
1871 1787 1928 1840 δέ
1981 1803 2046 1854 γε
2073 1854 2110 1858 Δ
2154 1779 2394 1851 Χριστὸς
2421 1779 2606 1835 δίδωσι
2647 1781 2763 1845 τοῖς
2803 1778 3067 1850 διψῶσιν⁹
3096 1779 3221 1834 ὅθεν
3253 1781 3303 1834 οἰ
3338 1781 3449 1834 τῶν
3479 1782 3735 1850 ναμάτων

463 1872 610 1927 θεῖον
651 1873 811 1927 τοῦτο
842 1876 934 1928 καὶ
967 1854 1260 1947 πάμφορον
1301 1854 1427 1949 apo;
1454 1854 1646 1946 ἀνάγει
1684 1878 1786 1948 μὲν
1831 1876 2042 1950 ἀνθρώ-
2071 1854 2120 1917 Β
2153 1888 2246 1927 σου
2273 1872 2703 1944 ἐμφορούμενοι,
2738 1873 2788 1927 εἰ
2816 1872 2916 1929 καὶ
2947 1874 3022 1947 μή
3051 1873 3314 1930 ἀθάνατοι
3365 1873 3572 1948 πάντῃ,
3603 1875 3736 1930 ἀλλά

462 1981 600 2028 πους
625 1965 766 2036 Θεῷ,
818 1967 1049 2036 κατάγει
1081 1969 1138 2023 δὲ
1181 1969 1492 2041 ἀνθρώποις
1519 1969 1672 2025 Θεόν.
1711 1970 1822 2026 Καὶ
1867 1969 2048 2025 κοινόν

463 2059 614 2111 ἐστιν
645 2058 962 2131 οἰκητήριον
995 2060 1104 2113 τῶν
1133 2077 1194 2114 τε
1231 2062 1529 2133 ὑπερφυῶν
1559 2063 1788 2130 τάξεων,
1815 2062 1910 2119 καὶ
1936 2063 2049 2118 τῶν

462 2152 820 2220 τεταγμένων
881 2153 1120 2222 φύσεων.
1153 2154 1224 2212 Ὀ
1274 2172 1333 2208 τε
1379 2155 1590 2227 καρπὸς
1637 2155 1786 2226 αύτῴ
1826 2157 2048 2228 ξύμπας

462 2243 574 2296 τῶν
599 2245 811 2316 ἀρετῶν
839 2248 941 2300 ούκ
973 2248 1232 2318 ἐδώδιμος
1259 2249 1441 2318 μόνον,
1473 2249 1608 2304 ἀλλά
1636 2251 1730 2303 καὶ
1758 2250 2048 2320 τρόφιμος,

465 2336 563 2388 καὶ
599 2337 832 2391 πιαίνων
882 2339 975 2392 τὶν
1027 2340 1154 2394 νοῦν
1196 2339 1276 2410 τῷ
1306 2358 1366 2394 τε
1401 2342 1595 2410 γλυκεῖ
1639 2343 1734 2396 καλ⁵
1772 2343 2049 2414 ζωηφόρῳ

466 2427 566 2482 τοῦ
600 2429 933 2499 πνεύματος.
965 2432 1040 2482 Ού
1064 2433 1130 2485 τά
1161 2436 1397 2504 κρείττω
1424 2433 1498 2497 δέ,
1531 2434 1667 2488 ἀλλά
1691 2435 1786 2486 καὶ
1815 2435 1882 2488 τά
1914 2435 2052 2506 πρδς

467 2519 724 2592 αἴσθησιν
743 2522 945 2592 τούτῳ,
981 2523 1161 2593 πάσης
1191 2523 1358 2594 άλλης
1394 2524 1528 2594 ήδίω
1564 2524 1806 2595 τέρψεώς
1849 2541 1908 2578 τε
1955 2527 2051 2578 καὶ

468 2613 718 2683 χάριτοςο
754 2614 968 2667 ὑδάτων
997 2616 1170 2684 ’τιηγαί⁸
1194 2616 1456 2684 καθαραί·
1488 2616 1616 2672 πόαι
1653 2617 1928 2686 μαλακαί·
1957 2617 2048 2670 εύ-

469 2705 656 2768 θαλεῖς
683 2705 916 2775 δένδρων
940 2707 1158 2777 τροφαί·
1190 2706 1420 2778 ὀρνίθων
1448 2708 1582 2780 ᾠδαί
1605 2724 1621 2740 ’
1651 2708 1885 2770 εὑπνους
1917 2709 2050 2779 ἀήρ·

470 2795 627 2866 ἡλίου
667 2796 823 2867 βολαὶ
857 2797 1096 2864 διαυγεῖς
1121 2814 1137 2830 ·
1173 2799 1334 2870 ὡρῶν
1369 2801 1705 2871 συμμετρίαο
1733 2801 1952 2872 πνεῦμα
1975 2803 2052 2872 μὴ

470 2888 697 2944 λυποῦν.
733 2889 960 2943 Πάντων
993 2892 1094 2958 μέν
1125 2891 1274 2946 ἐστιν
1317 2890 1462 2963 ὀρῶν
1506 2892 1924 2963 ύπερκείμενος,
1961 2892 2056 2963 βάς

472 2997 634 3052 σιμος
660 2981 718 3035 δὲ
759 2981 959 3050 μᾶλλον
990 2981 1022 3051 ἢ
1051 2982 1162 3036 τῶν
1187 2983 1390 3038 πεδίων
1422 2984 1488 3036 τά
1519 2983 1704 3040 ὕπτια.
1733 2985 1806 3039 Τό
1835 3002 1893 3038 τε
1923 3003 2055 3055 μετ-

473 3074 647 3145 άωρον
672 3075 772 3144 οὑχ
805 3069 919 3130 οἷον
952 3074 1248 3145 ἀπότομον,
1279 3077 1374 3129 καὶ
1411 3077 1444 3147 ἡ
1471 3077 1694 3141 κάθοδος
1730 3078 1912 3147 ἡρέμα
1937 3079 2057 3132 ἐπι-

2149 1979 2214 2033 γε
2239 1963 2540 2020 καθιστᾶσι
2569 1965 3033 2036 μακροϐιώτατοι.

2220 2055 2484 2112 Βασίλειά
2507 2073 2614 2124 σοι,
2642 2056 2920 2127 Ὀλυμπε,
2943 2058 3039 2112 καὶ
3065 2058 3134 2113 τὰ
3163 2058 3322 2131 δρεια
3345 2074 3361 2092 ο
3393 2058 3489 2114 καὶ
3510 2060 3616 2126 ὅτι,
3639 2059 3738 2113 κάν

2149 2163 2238 2212 τις
2265 2146 2480 2204 ἐκεῖθεν
2507 2148 2659 2220 ήκων
2685 2148 2788 2219 τήν
2831 2149 2926 2204 ἐπὶ
2965 2149 3052 2204 σοὶ
3088 2150 3399 2226 δυσχεράνῃ
3429 2151 3733 2222 διαγωγήν,

2151 2241 2269 2297 ἀλλ’
2300 2242 2348 2296 εἰ
2382 2241 2633 2315 βούλοιτο
2665 2243 3028 2316 περιδραμεῖν
3063 2262 3147 2299 σοι
3191 2246 3293 2310 τὰς
3322 2247 3550 2315 ἀφανεῖς
3584 2245 3738 2316 οἰκή-

2153 2351 2288 2402 σεις,
2315 2335 2490 2389 ὁπόσα
2518 2335 2577 2389 τέ
2610 2352 2692 2390 σοι
2726 2339 2869 2392 κατά
2890 2337 3106 2408 πετρῶν
3129 2336 3404 2408 ὢρυκται,
3437 2338 3470 2409 ή
3497 2339 3740 2408 αὐτομά-

2150 2444 2262 2491 τως
2312 2427 2683 2495 κεκοίλανται,
2719 2427 2964 2500 εὑρήσεί,
2996 2431 3106 2498 ὅπη
3145 2431 3502 2503 τρυφήσειεν.
3545 2431 3609 2484 Εἰ
3642 2430 3738 2498 μὶν

2151 2520 2265 2592 γάρ
2282 2521 2507 2576 ὑπέλθοι
2521 2520 2740 2592 δένδρου
2755 2523 2939 2591 σκιὰν,
2959 2523 3158 2578 αὐτίκα
3171 2522 3366 2578 τοῦτον
3384 2522 3740 2591 ἐπιξενώσον-

2151 2630 2246 2667 ται
2274 2612 2522 2668 κάτωθεν
2556 2613 2656 2685 μὲν
2685 2613 2789 2685 γῆς
2816 2613 2970 2668 εὐναὶ
2996 2614 3235 2682 μαλακαί
3258 2631 3276 2648 ο
3305 2614 3451 2686 ὑπὲρ
3479 2615 3536 2670 δὲ
3566 2633 3740 2684 κεφαο

2153 2705 2252 2774 λὴν
2303 2705 2404 2772 τήν
2455 2705 2679 2778 ὀπώραν
2731 2704 3030 2777 κοσμοῦσιν
3076 2708 3132 2760 αἰ
3187 2707 3452 2777 Χάριτες.
3487 2706 3644 2762 Τδδέ
3673 2725 3737 2776 γε

2155 2797 2460 2863 ἀναϐλύζον
2491 2797 2524 2870 ἢ
2555 2799 2874 2871 παραρῤέον
2903 2800 3118 2854 ὑδάτιον
3157 2799 3280 2854 ἀντὶ
3315 2800 3504 2870 πάσης
3544 2801 3741 2870 εὖφρο-

2158 2892 2330 2962 σύνης
2353 2892 2643 2962 γενήσεται
2668 2907 2683 2923 ο
2719 2891 2822 2946 κᾶν
2843 2891 3016 2964 δεήσῃ
3048 2892 3315 2964 ἀναϐῆναι
3348 2893 3619 2961 κλίμακα,
3648 2893 3741 2948 καὶ

2157 2983 2264 3038 ὑπὸ
2323 2984 2524 3056 στέγην
2577 2985 2872 3055 τρυφῶσαν
2929 2984 3206 3054 γενέσθαι,
3234 2983 3560 3045 ἐπιλήσεται
3607 2985 3739 3053 ταχὺ

2161 3076 2309 3147 μάλα
2343 3076 2453 3130 τῶν
2481 3077 2540 3131 ἐν
2563 3078 2676 3141 τοῖς
2702 3075 2940 3147 ἀστράσι
2969 3077 3391 3147 λαμπροτήτων.
3415 3076 3740 3146 Παντοδαπὴ

473 3166 687 3238 κλινής.
720 3168 874 3221 Εἴπω
905 3168 964 3220 τὸ
994 3167 1246 3238 ξύμπαν·
1294 3169 1445 3223 οὐδὲν
1497 3170 1648 3240 αύτῷ
1701 3170 1810 3224 τῶν
1837 3171 2057 3225 πάντων
2085 3199 2128 3256 c
2160 3169 2270 3240 γάρ
2304 3170 2339 3241 ὴ
2378 3169 2524 3233 λίθος
2557 3169 2840 3223 κάνταῦθα
2865 3167 2963 3224 καὶ
2997 3169 3218 3237 ποικίλη
3254 3171 3368 3232 τοῖς
3414 3170 3737 3240 χρώμασιν·

475 3259 614 3334 πρὸς
650 3260 945 3330 σύγκρισιν
974 3259 1269 3332 αὑταρκες.

549 3351 826 3421 Ὀλυμπε,
860 3351 1002 3404 θεῖον
1036 3352 1182 3421 ὅρος.
1213 3351 1387 3419 αὐτῆς
1433 3369 1490 3404 τε
1535 3353 1635 3422 τῆς
1667 3353 1806 3405 Σιὼν
1840 3354 1935 3408 καὶ
1963 3353 2056 3408 τοῦ

487 3441 740 3513 Ἀερμὼν
800 3443 1220 3514 ὑπερκείμενον,
1281 3445 1376 3497 καὶ
1430 3445 1611 3514 πηγάς
1643 3446 1915 3518 ἀρρήτους
1961 3445 2060 3516 τήν

477 3535 673 3606 ἡδονὴν
701 3536 802 3604 τῆς
834 3537 1037 3604 νοητῆς
1081 3536 1436 3608 Ἰερουσαλὴμ
1471 3538 1744 3590 κατακέον
1766 3554 1780 3568 ·
1832 3539 1884 3592 τί
1929 3537 2060 3591 ποτέ

481 3644 568 3681 σοι
612 3626 1101 3698 προσφθέγξομαις
1130 3629 1268 3682 Τίνα
1312 3627 1370 3682 δέ
1426 3645 1510 3683 σοι
1567 3631 1918 3700 ἀναϐήσομαι
1960 3649 2061 3700 χα-

481 3721 784 3793 ριστήρια;
831 3720 966 3774 Ἀπὸ
1002 3723 1174 3776 ποίων
1220 3720 1278 3776 δέ
1329 3737 1389 3776 σε
1439 3722 1546 3776 τῶν
1594 3724 1815 3776 οἰκείων
1881 3724 2063 3793 μερῶν

480 3813 864 3884 ἀναδήσομαις
912 3813 1003 3876 Ὠς
1054 3815 1398 3878 παντοδαπὸς
1438 3807 1510 3878 εἰ,
1544 3815 1606 3869 ού
1653 3815 1752 3878 τὰς
1784 3814 2066 3883 θειοτέρας

485 3906 648 3972 μόνον
679 3905 945 3978 Χάριτας,
985 3907 1122 3960 ἀλλά
1163 3909 1258 3962 καὶ
1289 3909 1389 3972 τάς
1424 3909 1778 3982 ἀνθρωπικὰς
1813 3907 1910 3962 καὶ
1943 3907 2064 3961 θελ-

482 3999 693 4064 γούσας
743 3999 842 4071 τὴν
892 3998 1170 4070 αἴσθησιν.
1204 4001 1316 4055 Καί
1349 4017 1410 4056 σε
1444 4003 1639 4073 κρᾶμα
1693 4001 1990 4070 πεποίηται
2037 4001 2066 4054 ὀ

483 4089 620 4153 Θεὸς
653 4094 753 4159 τῆς
782 4091 976 4163 διπλῆς
1004 4094 1226 4164 ἀρετῆς,
1254 4093 1353 4166 ὅση
1404 4094 1533 4165 περὶ
1575 4094 1668 4148 τὸν
1703 4093 1933 4164 οὐρανὸν
1970 4094 2066 4148 καὶ

483 4184 586 4254 ὅση
621 4184 753 4256 περὶ
792 4186 891 4254 τήν
923 4185 1051 4256 γῆν.
1101 4181 1230 4240 Οἷον
1263 4189 1364 4258 μέν
1411 4187 1519 4256 γάρ
1561 4205 1642 4241 σοι
1681 4187 1773 4241 τοῦ
1815 4187 1978 4241 Δαυῖδ
2005 4186 2068 4240 τὸ

484 4273 783 4346 ψαλτήριον
819 4275 952 4330 δέκα
995 4277 1258 4346 φθόγγοις
1305 4279 1684 4347 ἐντεταμένον,
1719 4279 1814 4332 καὶ
1855 4279 2071 4342 15:10-

487 4367 758 4438 αρίθμους
791 4369 1073 4438 αἰσθήσεις
1119 4371 1218 4437 τῆς
1246 4388 1306 4424 τε
1337 4371 1516 4443 ψυχῆς
1562 4372 1658 4423 καλ⁸
1685 4370 1782 4424 τοῦ
1819 4371 2073 4441 σώματος

486 4461 614 4514 ἀντὶ
669 4461 882 4533 χορδῶν
940 4463 1405 4534 προϐαλλόμενον,
1455 4463 1548 4518 καὶ
1581 4465 1816 4517 ἕκαστον
1854 4465 2071 4534 ἑκάστῳ

2165 3261 2226 3316 αῖ
2255 3280 2314 3316 τε
2339 3263 2574 3332 κέδρινοι
2605 3262 2802 3332 ὀροφαὶ
2856 3263 2917 3316 ού
2955 3263 3099 3333 μάλα
3129 3263 3336 3333 χείριον
3383 3264 3741 3317 ἀντιπίπτου⁸

2166 3373 2276 3422 σαι,
2305 3355 2421 3410 ἀλλ’
2447 3354 2669 3424 ὁμαλῶς
2694 3353 2983 3448 διῄρηνται
3012 3355 3109 3409 καὶ
3138 3355 3534 3424 γεγλύφανται.
3567 3356 3677 3409 Καὶ
3709 3357 3739 3425 ή

2162 3447 2455 3517 γράφουσα
2487 3446 2695 3511 ταύτας
2732 3444 2855 3518 χέὶρ
2897 3449 3170 3520 ἐπίσημος
3201 3444 3304 3502 ὦδε
3353 3448 3582 3519 μᾶλλον,
3623 3450 3654 3519 ἢ
3689 3449 3742 3502 ἐν

2163 3543 2281 3601 ταῖς
2314 3541 2552 3594 πόλεσιν.
2599 3538 2893 3612 Ἀτυχήσει
2952 3542 3008 3596 δέ
3055 3543 3177 3596 οὑδὲ
3222 3543 3334 3596 τῶν
3365 3542 3543 3596 ἄλλων
3583 3542 3739 3605 τινός.

2177 3632 2339 3686 Ἀλλά
2373 3632 2468 3686 καὶ
2498 3632 2595 3701 γῆ,
2625 3633 2721 3685 καὶ
2761 3632 3026 3699 θάλαττα,
3061 3634 3158 3686 καὶ
3198 3633 3309 3704 ἀὴρ
3337 3635 3467 3707 -ή
3516 3633 3618 3703 μὲν
3660 3633 3742 3704 βο·

2166 3725 2445 3792 σκήματα,
2476 3725 2505 3778 6
2557 3723 2616 3777 δὲ
2664 3723 2834 3793 ὅρνις,
2870 3725 2902 3794 ὴ
2945 3725 3002 3778 δέ
3047 3724 3240 3794 ἰχθύας
3283 3725 3740 3797 δωροφορήσουσι.

2166 3814 2284 3870 Κᾶν
2321 3814 2497 3885 θηρᾷν
2523 3815 2751 3885 αἰροῖτο,
2784 3815 3004 3885 ἐτοιμος
3048 3818 3076 3870 ὀ
3123 3816 3342 3884 λαγώςο
3373 3819 3472 3872 καὶ
3505 3820 3534 3871 ὀ
3566 3815 3744 3889 πέρδιξ

2165 3909 2356 3964 τοῦτον
2389 3909 2866 3979 ὑποπτερύξεται·
2931 3911 3174 3964 ἀκοντιεῖ
3225 3909 3283 3964 δὲ
3341 3911 3438 3964 καὶ
3485 3911 3630 3964 κατὰ
3657 3909 3743 3963 κά-

2167 4019 2324 4074 πρων
2347 4020 2362 4034 ·
2411 4003 2508 4057 καὶ
2549 4003 2583 4072 ή
2616 4003 2820 4074 ἄρκτος
2851 4001 2950 4072 οὐχ
2986 4003 3422 4073 ὑπερδραμεῖται
3460 4003 3631 4057 αὑτοῦ
3657 4001 3744 4073 τήν

2171 4093 2357 4167 βολήν.
2397 4093 2774 4162 Ἐπανάγοντα
2795 4093 2852 4148 δὲ
2882 4095 2946 4147 ἐκ
2965 4095 3064 4164 τῆς
3092 4095 3269 4164 θήρας
3297 4095 3519 4165 πνεῦμά
3545 4113 3606 4148 τε
3629 4097 3745 4148 ὑπο-

2169 4189 2379 4255 δέξεται
2410 4187 2670 4252 εὔπνουν,
2703 4187 2798 4242 καὶ
2830 4186 3019 4252 στιϐὰς
3053 4187 3266 4259 σχέδιος
3293 4189 3493 4258 ἐγγύθι
3527 4188 3747 4260 κελαρύ-

2170 4282 2353 4347 ζοντος
2381 4279 2646 4351 νάματος.

2912 4371 3030 4430 ΟΔ’.

2239 4459 2349 4518 Ἦν
2370 4465 2457 4518 ὅτε
2485 4464 2738 4530 ποθεινὸς
2768 4459 2838 4536 ἦν
2861 4463 2940 4534 τῷ
2976 4461 3200 4534 μεγάλῳ
3229 4463 3468 4536 δεσπότῃ
3522 4481 3649 4535 μου,
3678 4461 3748 4533 τῷ

488 4556 588 4609 καὶ
615 4555 794 4610 πάντα
828 4557 963 4625 πρὶς
992 4556 1198 4627 ἄλληλα
1251 4557 1422 4611 ποιῶν
1481 4557 1768 4627 σύμφωνα.
1812 4550 1916 4610 Οἷα
1951 4555 2008 4609 δὲ
2037 4557 2070 4627 ή
2104 4551 2148 4606 D
2177 4555 2419 4627 Καίσαρι
2440 4571 2456 4586 ο
2491 4555 2584 4612 καί
2613 4573 2706 4628 μοι
2732 4557 2993 4627 προσεῖχε
3022 4555 3116 4609 τὸν
3145 4554 3270 4608 νοῦν
3298 4555 3391 4608 καὶ
3421 4553 3640 4624 λέγοντι
3665 4552 3749 4607 καὶ

488 4647 589 4715 τῆς
613 4646 838 4717 ἀηδόνοῖ
870 4648 1010 4718 ἠχώ.
1045 4650 1396 4704 ῐῐαντοδαπδν
1422 4649 1520 4715 μέν
1548 4667 1631 4704 σοι
1670 4649 1731 4702 τδ
1757 4649 2071 4720 ἀμφιλαφές

489 4738 601 4790 τῶν
632 4737 863 4808 δένδρων
890 4740 982 4792 καὶ
1007 4740 1249 4794 σύσκιον.
1295 4740 1510 4794 Ὀποῖόν
1534 4758 1596 4794 τε
1623 4740 1683 4794 τὸ
1708 4742 1817 4794 τῶν
1861 4740 2076 4812 ἀρετῶν

491 4829 763 4900 ὑᾲίκομον
788 4833 882 4884 καὶ
910 4831 1069 4895 δασὺ,
1099 4831 1318 4900 πνεῦμα
1349 4832 1590 4901 εἰσάγον
1606 4833 1850 4903 μέτριον,
1887 4835 1981 4887 καὶ
2016 4834 2076 4887 τδ

493 4923 770 4992 φλογῶδες
821 4924 1167 4994 ἀποτειχίζον
1216 4923 1309 4977 τοῦ
1360 4923 1663 4988 καύσωνος,
1721 4925 1867 4988 ὅστις
1922 4918 2078 4990 οὗτός

494 5018 631 5076 ἐστι.
658 5018 733 5072 Τὸ
775 5019 832 5072 δὲ
863 5016 1104 5087 ξύμπαν,
1131 5018 1330 5089 ήρισαν
1373 5019 1467 5072 ἐπί
1501 5034 1584 5072 σοι
1627 5019 1859 5088 οὖρανός
1892 5035 1951 5072 τε
1985 5019 2079 5073 καὶ

492 5111 591 5177 γῆ,
617 5110 763 5174 τίνος
810 5111 876 5165 ἂν
921 5111 1122 5182 μᾶλλον
1148 5111 1344 5180 γίνοιο.
1397 5110 1800 5182 ’Υπερεόάλετο
1831 5111 1889 5166 δὲ
1918 5113 2078 5180 ούρα-

495 5201 609 5266 νὶς,
639 5202 734 5254 καί
763 5218 824 5256 σε
849 5203 1073 5268 δικαίως
1108 5203 1398 5275 Ὄλυμπον
1447 5203 1805 5274 ἐπωνόμακεν
1846 5205 1922 5268 ὡς
1959 5205 2081 5258 δεύ-

494 5311 658 5365 τερον
688 5295 939 5364 οὐρανόν.

571 5389 725 5456 Ὀπη
754 5406 849 5442 σου
873 5389 984 5443 τῶν
1011 5392 1194 5462 μερῶν
1222 5392 1407 5464 τρέψω
1428 5393 1520 5447 τὸν
1547 5391 1848 5462 ὀφθαλμὸν,
1879 5392 2082 5462 Ὀλυμ-

499 5501 594 5550 πε,
657 5481 928 5554 ἀκήρατοί
989 5498 1080 5552 μοι
1136 5482 1300 5547 εὐθὺς
1368 5483 1803 5555 προσϐάλλουσιν
1860 5484 2082 5554 ἡδοναί·

499 5575 770 5646 λειμῶνες
815 5574 1051 5630 ἐνταῦθα
1073 5591 1089 5606 ο
1119 5575 1299 5628 ἐκεῖσε
1331 5576 1567 5648 δένδρων
1595 5576 1844 5640 εὐθαλεῖς
1876 5576 2043 5647 κόμαι
2065 5591 2082 5609 ο

2177 4646 2572 4716 συγγράφοντι,
2603 4647 2692 4700 καὶ
2721 4646 2821 4710 τὰς
2843 4645 3134 4708 ἐπιστολὰς
3164 4645 3294 4715 περὶ⁵
3319 4645 3574 4709 πλείονος
3598 4643 3750 4698 ἐτίθει

2180 4739 2444 4807 σπουδῆς.
2475 4739 2573 4792 καὶ
2603 4737 3019 4810 συγγράμματα
3059 4737 3118 4789 ἐν
3167 4735 3396 4806 βιϐλίοις
3439 4735 3753 4805 ἀπεθησαύ·

2180 4831 2297 4904 ριζε
2324 4849 2338 4864 ·
2365 4833 2462 4886 καὶ
2488 4832 2518 4885 ὅ
2546 4849 2598 4886 τι
2625 4831 2863 4901 εἰποιμι,
2887 4830 2914 4884 6
2937 4846 2990 4883 τι
3021 4828 3409 4900 ἐνθυμηθείην.
3444 4828 3473 4882 6
3508 4846 3564 4881 τι
3596 4826 3755 4898 ψιλῶς

2180 4925 2522 5022 ἐννοήσαιμι,
2552 4922 2830 4993 ἠσπάζετό
2859 4938 2920 4976 τε
2958 4923 3049 4975 καὶ
3080 4922 3409 4992 περιείχετο.
3443 4920 3565 4974 Νῦν
3594 4921 3652 4973 δέ
3677 4936 3756 4986 μοι

2182 5020 2279 5074 καὶ
2297 5012 2389 5072 τιὸ·
2409 5017 2700 5088 εὐτύχημα
2737 5014 2896 5069 τοῦτο
2941 5015 3080 5083 μετά
3112 5013 3221 5068 τῶν
3256 5013 3431 5067 ἀλλων
3461 5012 3756 5084 ἀφῄρηται.

2182 5111 2370 5181 Κάμοὶ
2401 5109 2499 5180 μὲν
2525 5109 2658 5173 ἴσως
2681 5107 2742 5162 ού
2771 5107 3126 5163 παντάπασιν
3159 5108 3209 5161 οἰ
3234 5105 3385 5174 λόγοι
3415 5102 3760 5175 κατεμαράνο

2184 5203 2380 5274 θησαν.
2411 5200 2484 5254 Σὺ
2517 5199 2574 5253 δέ
2609 5215 2700 5270 μοι
2735 5197 2842 5269 πρὸ
2873 5197 2971 5269 τῆς
3005 5195 3309 5268 παρακμῆς
3342 5194 3444 5265 τὴν
3482 5194 3641 5265 ἰσχὺν
3671 5191 3759 5258 τῆς

2183 5296 2407 5365 ἀγάπης
2433 5291 2757 5354 κατέϐαλες,
2787 5291 2882 5345 καὶ
2905 5289 3033 5355 τούς
3058 5307 3117 5344 τε
3139 5289 3427 5358 διαλόγους
3456 5287 3594 5355 ἡμῖν
3619 5281 3760 5353 ἐσμί-

2190 5405 2420 5458 κρυνας,
2453 5387 2550 5442 καὶ
2581 5385 2982 5459 ἀπροσόδευτον
3011 5383 3170 5451 ἀφεὶς
3208 5382 3310 5452 τῆς
3341 5381 3556 5445 πόλεως
3586 5378 3761 5446 ἐξελή-

2185 5479 2358 5544 λυθας
2382 5495 2398 5512 ⁸
2430 5479 2554 5535 οὕτε
2604 5480 2703 5550 τήν
2755 5479 2916 5549 χεῖρα
2971 5471 3274 5538 ἐπιϐαλὼν,
3321 5472 3450 5526 οὔτε
3484 5461 3796 5545 πόρρωθεν’

2191 5572 2504 5644 ἐγκραγών.
2541 5571 2700 5626 Οὑτω
2759 5587 2852 5640 μοι
2903 5570 2981 5630 είς
3039 5567 3356 5622 τούναντίον
3408 5567 3480 5620 τὰ
3529 5565 3762 5636 πρότερα

501 5671 536 5736 ἡ
583 5663 752 5734 αὗλαξ
809 5667 1024 5739 βαθεῖα,
1074 5667 1338 5738 ἐρίϐωλος
1390 5670 1486 5723 καὶ
1535 5669 1676 5722 πίων
1708 5671 1742 5739 ή
1776 5668 2024 5740 άρουραο
2058 5670 2088 5721 ὀ
2190 5666 2334 5722 καλά
2358 5649 2765 5736 άυνερῤύηκενε
2792 5661 2964 5726 οὕτως
2989 5657 3100 5729 ἐγὼ
3127 5659 3267 5730 μετά
3295 5657 3405 5712 τῶν
3431 5655 3611 5712 ἄλλων
3636 5655 3761 5720 λαμρ

508 5765 722 5830 κιρπὺς
749 5763 1012 5833 τεθηλώς.
1049 5763 1192 5818 Ἀλλ’
1222 5763 1381 5832 ἔαρος
1405 5761 1582 5815 ταῦτα
1609 5763 1775 5835 δῶρα.
1808 5761 1970 5816 Ἀλλά
1995 5762 2089 5816 καὶ
2194 5758 2350 5832 πρῶν
2383 5758 2476 5812 καλι
2504 5758 2566 5810 τὸ
2603 5756 2898 5824 κεφάλαιον
2939 5753 3036 5823 τῆς
3066 5751 3484 5835 λαμπρότητος.
3518 5747 3612 5802 τὸν
3642 5744 3759 5800 Kai-

513 5855 573 5908 τί,
601 5852 756 5921 ϐἔρος
788 5855 1040 5925 εὔπνουν,
1078 5858 1169 5915 καὶ
1197 5857 1255 5913 ού
1287 5855 1429 5926 μάλα
1456 5871 1545 5909 σου
1570 5855 1676 5910 τῶν
1713 5855 1897 5924 μερῶν
1922 5873 2089 5911 καταο

2199 5869 2362 5923 σαρα,
2420 5850 2700 5908 ἀπώλεκα.
2755 5847 2868 5905 Καὶ
2922 5845 3074 5902 οὐδὲν
3129 5833 3269 5912 οἰδα,
3304 5843 3390 5898 ἐί
3439 5858 3569 5896 ποτε
3615 5836 3755 5896 αὖθις
