4036 6224
240 167 296 235 11
962 171 1379 234 Ευ8ΤΑ¹ῙἮῘι
1421 172 2168 238 THESSALONICENSIS
2205 171 2763 242 METROPOIJTXE
3391 167 3459 232 12

238 283 468 338 tnentari
490 297 597 336 non
621 292 740 338 erat
768 281 1052 353 possibile.
1075 284 1279 338 Deinde
1304 285 1686 338 lamentatione
1711 285 1806 338 de-

1930 288 2043 340 ιθαι
2065 287 2122 339 τό
2155 303 2214 354 γε
2248 285 2482 354 πρῶτον.
2533 279 2661 335 Εἶτα
2685 281 3079 350 καθιστάμενος
3141 279 3232 333 τοῦ
3263 280 3472 344 οἴκτου,

237 378 436 444 poslta,
464 373 786 443 attctorique
815 375 942 429 mali
975 385 1025 428 et
1050 375 1274 428 asscclis
1299 376 1442 430 illius
1463 377 1601 430 facta
1626 376 1808 443 aliqua

236 462 678 530 exprobratione,
714 464 874 531 plane
915 464 1302 533 sapienterque
1351 479 1545 532 magna
1591 480 1810 534 quoque

236 560 396 606 erunt
437 551 690 606 dicenda.
746 553 921 621 Atque
960 553 1046 608 hic
1080 569 1263 607 sermo
1300 556 1495 623 partim
1546 556 1812 625 simplici-

239 650 340 702 ter,
385 652 438 694 ut
471 642 777 708 opmtebat,
809 642 1003 710 partim
1049 643 1354 712 elegantius
1383 663 1410 696 a
1455 651 1636 715 capite
1672 647 1812 700 inci-

239 733 368 798 piet,
419 735 561 800 quod
619 731 934 800 importune
978 735 1326 802 praepositum
1379 739 1684 790 contextim
1718 752 1808 791 or-

239 825 578 892 dinatiuique
620 827 671 876 in
709 824 964 878 habentia
1036 827 1197 879 linem
1262 828 1515 895 loquendi
1578 828 1806 882 recidet.

242 912 582 984 Rursumque
629 930 750 984 qua:
810 925 937 969 sunt
983 920 1408 985 expugnationis
1464 919 1639 974 fusius
1686 929 1807 973 tan-

241 1012 349 1072 get.
383 1019 504 1058 cum
533 1015 586 1058 et
616 1007 730 1074 ipsa
767 1008 836 1060 sit
857 1007 1019 1076 hujus
1038 1010 1220 1075 aperis
1245 1003 1551 1079 prircipuus
1590 1026 1806 1090 scapus.

241 1099 363 1152 ἐπεὶ
391 1099 484 1150 καὶ
518 1097 659 1166 αὕτη
715 1100 954 1168 μάλιστα
984 1102 1090 1170 πρὸ
1121 1101 1281 1170 ἔργου
1319 1103 1690 1170 ὑποῦἐὸληται
1738 1105 1804 1172 τῇ

313 1188 364 1240 ’5.
387 1184 652 1252 Quoniam
682 1206 809 1241 vero
836 1194 884 1242 in
921 1191 1002 1245 liis
1021 1193 1174 1260 signa
1198 1192 1500 1246 manifestat
1523 1192 1810 1255 Divinitas,

241 1293 362 1345 quae
392 1280 611 1346 quidem
657 1286 819 1334 etiam
872 1291 1001 1335 tunc
1052 1294 1440 1351 apparuerunt,
1485 1285 1551 1338 de
1588 1284 1813 1354 quibus-

245 1367 370 1419 dam
425 1383 606 1423 sermo
645 1379 832 1424 ttOstcr
881 1373 1065 1427 sobrie
1114 1373 1386 1442 loquetur.
1449 1372 1563 1427 Non
1615 1375 1813 1429 tacebit

1909 377 2000 429 καί
2019 393 2067 426 τι
2088 377 2219 443 πρδς
2241 375 2405 443 βάρος
2434 370 2898 441 ύπομεμψᾶιμενος
2922 369 3010 422 τὸν
3033 370 3206 422 αίτιον
3237 369 3330 421 καὶ
3357 387 3480 424 συν-

1909 469 2079 518 αίτιον
2127 465 2218 517 τοῦ
2251 464 2443 528 κακοῦ,
2502 467 2790 534 γενήσεται
2819 461 2913 515 τοῦ
2939 463 3031 515 καὶ
3065 462 3333 532 εὐκρινῶς
3369 463 3466 516 καὶ

1912 562 2118 626 σιφῶς,
2147 557 2235 610 ἐπί
2257 575 2309 608 τι
2339 557 2393 609 δὲ
2418 559 2511 609 καὶ
2544 554 2845 625 μεγαλείως
2877 553 3231 624 ἀφηγεῖσθαι.
3263 555 3372 606 Καὶ
3401 555 3480 623 πῆ

1914 650 2012 717 μὲν
2040 648 2272 716 ἀφελῶς,
2300 648 2372 710 ώς
2401 649 2584 718 ἐχρῆν,
2619 647 2694 715 πῆ
2721 646 2776 699 δὲ
2799 647 2892 698 καὶ
2920 645 3340 716 γλαφυρώτερον
3389 648 3483 699 καὶ

1915 740 2021 792 ἀπδ
2051 739 2300 807 κεφαλῆς
2332 739 2627 807 ἠργμένος,
2658 732 2725 808 ἦς
2756 737 2907 789 οὐδὲν
2966 738 3194 806 καιρίως
3230 735 3477 806 πρεσὸύο

1915 848 2090 897 τερον,
2120 828 2493 897 καταϐήσεται
2525 831 2603 889 εἰς
2635 829 2701 879 τὰ
2735 827 2969 896 ἐχόμενα
3019 827 3140 880 καθ’
3167 827 3362 896 είρμὺν
3392 826 3488 878 καὶ

1915 922 2066 986 τάξιν
2092 921 2152 972 οὐ
2179 920 2356 988 πάντη
2383 918 2798 988 ἀπεριλάλητον.
2830 918 2936 969 Καὶ
2963 916 3161 985 ἅψεται
3189 918 3354 968 πάλιν
3375 916 3484 968 τῶν

1913 1014 2010 1080 τῆς
2064 1011 2315 1072 ἁλώσεως
2394 1008 2726 1077 πλατύτερον
2779 1008 2920 1061 κατά
2978 1009 3159 1060 πᾶσαν
3211 1008 3484 1092 ιΞινὰγκην⁹

1840 1105 2151 1174 συγγραφῇ-

1991 1191 2059 1260 γ¹.
2130 1194 2252 1246 Ὅτι
2296 1192 2470 1244 δὲκαὶ
2521 1192 2718 1260 σημεῖα
2755 1190 2984 1252 ἐν.τοῖς
3034 1187 3300 1249 τοιούτοις
3358 1205 3490 1258 προ-

1925 1285 2106 1353 φαίνει
2133 1285 2193 1336 τδ
2219 1285 2394 1348 Θείον,
2425 1283 2460 1336 δι
2499 1282 2562 1352 δὴ
2589 1281 2870 1335 κάνταῦθα
2895 1280 3152 1350 ἐμφανῶς
3205 1279 3486 1349 προέλαμ-

1919 1376 2009 1445 die,
2045 1375 2456 1445 προσεφὰψεται
2511 1375 2605 1427 καὶ
2635 1374 2897 1427 τοιούτων
2967 1374 3130 1425 τινῶν
3169 1375 3197 1425 ό
3220 1373 3379 1438 λόγος
3405 1375 3486 1437 είς

243 1474 459 1530 quoque
503 1477 697 1515 causas
750 1466 1184 1532 peccaiuinosas,
1223 1474 1444 1535 propter
1485 1481 1622 1533 quas
1678 1468 1820 1517 cala-

1933 1465 2264 1533 σύμμετρον.
2303 1465 2415 1517 Οὐκ
2438 1464 2803 1533 ἀποστήσεται
2833 1462 2890 1516 δὲ
2923 1463 3044 1515 οὐδὲ
3077 1462 3172 1514 τοῦ
3229 1463 3489 1516 ἐκθέσθαι

249 1551 490 1620 mitates,
531 1552 744 1618 ipsique
783 1556 909 1606 item
955 1568 1206 1607 auctores
1265 1557 1316 1608 in
1365 1571 1528 1622 opere
1559 1556 1679 1622 jure
1718 1569 1814 1623 p0-

252 1652 478 1694 nuntur.
533 1641 780 1710 lnquiret
817 1659 942 1698 vero
981 1645 1260 1714 paululum
1313 1647 1410 1700 has
1441 1661 1635 1698 causas
1683 1645 1819 1698 scri-

249 1739 402 1800 ptum
467 1735 522 1785 in
589 1736 693 1787 line
743 1737 922 1788 omnis
983 1744 1247 1790 tractatus
1301 1738 1458 1806 juxta
1504 1737 1818 1791 nicthodum

249 1824 634 1877 doctrinalrut.
686 1824 804 1878 Non
841 1827 984 1879 enim
1020 1828 1072 1879 in
1103 1829 1208 1882 alio
1252 1837 1495 1898 tempore
1527 1829 1823 1898 recognitze

248 1914 334 1966 vel
373 1913 570 1967 auditze
618 1925 766 1980 sunt,
809 1918 900 1970 sed
927 1934 1050 1971 cum
1093 1921 1582 1973 sermocinationcs
1610 1920 1819 1973 dierum

250 2015 566 2060 sanctorum
594 2007 785 2075 jejunii
823 2010 1053 2065 auribus
1091 2011 1462 2079 excipiuntur,
1513 2013 1650 2064 utin
1684 2026 1824 2080 pra-

248 2097 581 2156 dicationem
606 2115 817 2152 sacram
843 2100 1085 2164 liniatur,
1121 2116 1300 2154 sermo
1325 2110 1510 2155 noster
1533 2103 1639 2154 alio
1662 2100 1822 2154 modo

251 2190 576 2254 inchoatur,
634 2192 846 2245 scilicet
902 2208 930 2246 a
977 2191 1138 2247 malis
1191 2207 1314 2261 qua:
1372 2207 1534 2262 passa
1600 2202 1684 2246 est
1738 2190 1820 2244 ci-

250 2281 411 2335 vitas.

495 2396 787 2451 Exordt'um
835 2399 1233 2468 expugnationis
1299 2409 1551 2451 narratw.

326 2511 377 2566 1.
431 2511 666 2579 Tempus
707 2515 808 2566 hoc
843 2531 1101 2582 praesens,
1131 2515 1176 2568 si
1233 2515 1373 2578 quod
1429 2514 1574 2566 aliud
1638 2527 1819 2567 rerum

254 2611 456 2656 statum
488 2604 646 2666 vidit,
671 2620 828 2671 quem
854 2606 1013 2658 homo
1042 2606 1314 2674 passionis
1341 2620 1532 2674 expers
1564 2615 1822 2672 stansque

1924 1554 2302 1624 ἁμαωητικὰς
2336 1556 2531 1619 αίτίας,
2557 1550 2631 1608 ὧν
2663 1556 2849 1608 ἕνεκεν
2876 1557 2944 1607 τὰ
2974 1554 3141 1617 δεινὰ,
3171 1554 3198 1606 ὃ
3223 1554 3317 1608 καὶ
3363 1555 3494 1608 αὐτὸ

1920 1647 1970 1698 οἱ
2005 1647 2446 1714 συγγραφόμενοι
2479 1648 2535 1698 ἐν
2592 1648 2736 1717 ἔργῳ
2762 1647 2995 1713 ἐλλόγως
3050 1646 3308 1701 τίθενται.
3336 1645 3494 1700 Ἀνα-

1926 1737 2212 1790 σκαλεύσει
2269 1737 2327 1790 δὲ
2370 1738 2628 1807 ἀμυδρῶς
2681 1739 2712 1807 ἡ
2793 1738 3086 1808 συγγραφὴ
3131 1739 3198 1791 τά
3271 1737 3496 1790 τοιαῦτα

1927 1828 2073 1879 αἴτια
2104 1828 2159 1879 ἐν
2195 1827 2404 1897 ὑστέρῳ
2433 1827 2527 1880 τοῦ
2557 1828 2679 1880 ὅλου
2709 1827 2870 1894 λόγου
2926 1827 3068 1881 κατὰ
3103 1827 3326 1896 μέθοδον
3349 1825 3495 1878 διδα-

1931 1917 2216 1987 σκαλικὴν.
2257 1917 2330 1968 Οὐ
2390 1918 2497 1986 γὰρ
2533 1919 2589 1968 ἐν
2637 1918 2861 1986 ἑτεροίῳ
2919 1917 3096 1986 καιρῷ
3130 1916 3225 1968 καὶ
3259 1915 3495 1982 ἀνέγνω-

1931 2024 2056 2060 σται
2088 2008 2178 2061 καὶ
2228 2009 2526 2071 ἐκδέδοται,
2559 2009 2676 2062 ἀλλ’
2705 2010 2791 2062 ὅτε
2819 2012 2867 2060 oi
2900 2007 3227 2077 προεισόδιοι
3252 2006 3359 2058 τῶν
3404 2022 3496 2074 νη-

1931 2098 2136 2168 στίμων
2169 2099 2338 2167 ἁγίων
2392 2099 2613 2167 ἡμερῶν
2647 2099 3014 2168 κατηχοῦνται
3072 2100 3152 2157 είς
3216 2095 3381 2157 ἀκοὰς
3415 2093 3492 2158 ὡς

1927 2189 2293 2257 ἀπο-τελευτᾷν
2320 2188 2408 2240 τὸν
2433 2188 2587 2256 λόγον
2605 2192 2686 2251 εἰς
2715 2187 3064 2241 διδασκαλίαν
3100 2186 3480 2257 ἐκκλησιαστι-

1925 2277 2045 2348 κὴν,
2079 2278 2381 2347 ἀρξάμενον
2405 2278 2599 2342 ἄλλως,
2622 2279 2714 2346 ἀφ’
2733 2272 2806 2331 ὧν
2829 2279 3013 2331 κακῶν
3033 2279 3064 2346 ἡ
3093 2277 3240 2332 πόλις
3261 2275 3482 2328 ἔπαθεν.

1917 2383 2103 2456 Ἀρχὴ
2119 2410 2148 2443 a
2157 2390 2193 2442 ὺ
2202 2389 2302 2442 τοῦ
2317 2407 2379 2442 ro
2388 2388 2421 2442 ῦ
2440 2391 2854 2459 συγπφαφικοῦ
2872 2395 3060 2459 λόγου
3074 2390 3146 2458 τῆ
3152 2410 3182 2455 ς
3194 2389 3469 2454 ἁλώσεως
3478 2424 3496 2442 .

1983 2499 2052 2555 α’.
2090 2502 2292 2571 Ἐφηνε
2319 2504 2410 2555 καὶ
2439 2505 2466 2553 ὀ
2495 2503 2612 2554 καθ’
2645 2505 2789 2570 ἡμᾶς
2825 2505 2948 2572 ἀζοτι
2979 2503 3191 2572 χρόνος,
3219 2502 3380 2571 εἴπερ
3409 2517 3494 2564 τις

1923 2592 2106 2662 ἕτερος
2169 2594 2278 2646 τῶν
2329 2597 2514 2656 πάλαι,
2579 2595 2857 2660 ὑπόθεσιν,
2907 2596 2973 2664 ἢν
3022 2592 3238 2663 ἀπαθὴς
3285 2593 3383 2661 μὲν
3404 2593 3500 2645 ἀν-

259 2697 413 2764 longe
472 2696 539 2749 ab
590 2696 754 2765 hujus
808 2696 1088 2765 periculo.
1135 2714 1386 2765 magnum
1444 2712 1548 2750 non
1605 2695 1818 2749 (lablla-

1930 2687 2140 2755 θρωπος
2201 2689 2292 2738 καὶ
2324 2686 2542 2754 μικρὰν
2600 2687 2769 2748 ἑστὼς
2830 2685 2920 2737 τοῦ
2958 2684 3077 2737 κατ’
3122 2683 3292 2753 αὐτὴν
3321 2681 3498 2735 κινδύ-

259 2786 338 2840 bit
385 2786 584 2849 dicere,
639 2803 880 2854 gravi-tn,
912 2789 1056 2840 omni
1093 2788 1397 2841 calamitate
1456 2788 1690 2850 plenum,
1721 2784 1820 2838 ab-

261 2877 624 2941 horrenduni,
675 2880 787 2931 fere
867 2877 1304 2941 intolerabilem,
1341 2879 1566 2930 omnino
1625 2878 1828 2930 lanien-

260 2967 502 3031 taliilcm,
547 2969 853 3034 exigentem
903 2967 1267 3035 laetymarum
1307 2965 1508 3027 futiles,
1541 2973 1594 3018 et
1625 2964 1708 3016 bis
1753 2962 1829 3016 si-

260 3057 429 3110 milia.
468 3056 570 3122 Qui
605 3073 753 3115 vero.
789 3066 843 3110 ut
877 3057 1051 3121 aiunt,
1093 3065 1284 3125 captus
1334 3057 1562 3118 retibus,
1611 3064 1826 3109 nostro-

259 3163 365 3216 que
429 3150 645 3215 negotio
691 3159 772 3200 cst
805 3147 1138 3215 implicatus,
1170 3146 1400 3200 forsitan
1460 3161 1566 3199 non
1627 3145 1829 3200 valeret

261 3243 656 3298 convenienter
713 3243 994 3313 appellare
1036 3243 1182 3297 istud
1232 3242 1470 3306 malum,
1528 3241 1580 3294 in
1623 3241 1830 3309 cogita-

265 3337 505 3389 tionibus
549 3336 664 3389 suis
713 3337 962 3389 turbatus
995 3333 1341 3389 multitudine
1374 3333 1830 3400 successioneque

259 3436 554 3480 eventuum
590 3427 681 3495 qui
714 3427 868 3495 quasi
895 3427 1258 3481 alism-bebant
1282 3439 1719 3493 unamquamque
1737 3437 1830 3476 cav

263 3519 593 3584 latuitatutn,
635 3521 833 3574 inultas
879 3535 941 3573 ac
986 3519 1164 3574 varias
1201 3517 1592 3587 appellationes
1615 3516 1834 3584 exigen-

265 3619 369 3663 tes.
401 3608 662 3675 Quamvis
703 3627 830 3664 vero
856 3615 1170 3677 exceeitare
1216 3623 1396 3678 posset
1422 3611 1548 3662 mali
1582 3609 1832 3664 denomi-

264 3702 579 3767 ttationem,
607 3703 706 3756 hoc
748 3719 853 3755 non
909 3703 1182 3755 immerito
1229 3701 1372 3754 dicet
1399 3702 1575 3770 magni
1613 3701 1830 3756 luminis

267 3795 541 3847 umbram.
593 3795 684 3848 llle
721 3793 856 3847 nihil
898 3793 966 3847 ad
1011 3792 1434 3847 commovendos
1491 3792 1707 3846 animos
1754 3792 1834 3845 di-

267 3897 403 3934 cens
446 3881 620 3951 (alias
669 3883 893 3935 vocibus
948 3881 1070 3935 aliis
1111 3879 1303 3936 fuisset
1345 3881 1834 3959 utendum),recte

268 3983 449 4028 tamen
485 3974 845 4044 magnitudini
881 3975 1147 4027 malorum
1192 3983 1506 4027 nostrorum
1540 3973 1720 4027 addet.

1932 2794 2022 2830 νου
2059 2779 2300 2847 μεγάλην
2325 2780 2466 2829 εἴποι
2494 2778 2580 2842 ἂν,
2633 2781 2726 2830 καὶ
2761 2777 3204 2847 βαρυσύμφορον,
3231 2779 3325 2832 καὶ
3356 2774 3496 2827 πάν-

1929 2870 2122 2932 δεινον,
2159 2870 2254 2922 καὶ
2279 2870 2636 2934 ἀπευκταίαν,
2671 2871 2766 2922 καὶ
2811 2869 2871 2921 οὐ
2908 2871 3039 2939 ῥᾷον
3075 2867 3336 2939 φορητὴν,
3403 2867 3500 2920 καὶ

1930 2957 2262 3028 πολυπενθῆ,
2316 2961 2412 3012 καὶ
2453 2959 2702 3029 δακρύων
2731 2961 2909 3027 πηγὰς
2940 2959 3253 3018 ἐθέλουσαν,
3279 2956 3374 3009 καὶ
3395 2972 3503 3008 τει-

1929 3049 2070 3104 αὖτά
2119 3066 2264 3104 τινα.
2303 3049 2363 3103 '0
2411 3051 2467 3103 δὲ
2503 3050 2755 3112 δικτύων,
2785 3051 2813 3102 ὃ
2867 3065 3019 3117 φασι,
3081 3046 3362 3116 πειραθεὶς
3408 3045 3502 3098 καὶ

1929 3139 2052 3194 καθ’
2081 3141 2230 3210 ἡμᾶς
2261 3141 2558 3211 ἐνειληθεὶς
2587 3140 2663 3210 τῷ
2693 3140 2999 3210 πράγματι,
3032 3137 3161 3198 ἴσως
3191 3135 3288 3204 μέν
3317 3136 3416 3187 οὐκ
3434 3135 3502 3187 ἂν

1929 3231 2249 3302 εὐπορήσοι,
2281 3232 2416 3300 πρὸς
2447 3231 2602 3296 ἀξίαν
2644 3230 2907 3297 ὀνομάσαι
2927 3229 2988 3280 τὸ
3019 3227 3208 3290 κακὸν,
3244 3224 3502 3295 ἐκκρουό-

1934 3341 2097 3394 μενος
2117 3316 2292 3391 οἶιπερ
2323 3323 2495 3375 ἐθέλει
2523 3323 2685 3382 νοεῖν,
2709 3321 2784 3392 τῷ
2812 3321 3039 3389 ποικίλῳ
3069 3320 3161 3371 καὶ
3217 3315 3504 3386 ἐπαλλήλῳ

1931 3415 2038 3468 τῶν
2073 3415 2388 3486 συμφορῶν,
2413 3416 2533 3467 ὅσαι
2563 3413 2897 3483 κατέχασκον
2924 3413 3154 3465 ἑκάστου
3180 3410 3289 3463 τῶν
3312 3409 3505 3462 δυστυ-

1931 3506 2186 3575 χούντων,
2206 3505 2422 3567 πολλαῖς
2443 3505 2536 3558 καὶ
2551 3505 2825 3574 διαφόροις
2847 3501 3209 3572 οίκεισύμεναι
3227 3499 3498 3570 κλήσεσιν.

1934 3598 1994 3649 Εἰ
2019 3597 2186 3651 δὲκαὶ
2242 3597 2530 3667 δυνήσεται
2577 3596 3003 3666 κατευστοχῆσαι
3029 3593 3122 3646 τοῦ
3166 3589 3332 3644 κακοῦ
3364 3586 3499 3656 πρὸς

1933 3686 2084 3750 ἔπος,
2120 3687 2234 3756 ἐροῖ
2257 3686 2321 3737 ἂν
2345 3684 2476 3736 αὐτὸ
2496 3684 2595 3736 οὐκ
2612 3683 2919 3744 ἀπεικότως
2949 3679 3232 3749 φωστῆρος
3267 3673 3498 3743 μεγάλου

1933 3777 2227 3846 ἀφάνειαν·
2257 3775 2407 3828 οὐδὲν
2434 3775 2532 3844 μὲν
2554 3776 2757 3836 ἐκεῖνος
2780 3774 2951 3838 λέγων
2977 3770 3109 3839 πρὸς
3137 3761 3502 3833 πάθος(ἐχρῆν

1935 3869 2043 3938 γὰρ
2065 3868 2243 3930 ἄλλοις
2264 3867 2518 3934 ὀνόμασιν
2541 3863 2770 3917 ἐνταῦθα
2810 3859 3194 3930 παθήνασθαι),
3217 3856 3296 3924 τῷ
3329 3870 3500 3923 μεγα-

1935 3958 2062 4028 λείῳ
2083 3957 2137 4010 δὲ
2165 3958 2312 4026 ὅμως
2337 3955 2511 4026 ὀρθῶς
2537 3952 2842 4006 ἐπιϐάλλων
2883 3951 2977 4003 τοῦ
3021 3946 3498 4017 δυσπραγήματος.

341 4068 396 4120 2.
450 4065 586 4120 Num
617 4067 760 4119 enim
795 4067 935 4119 inter
964 4067 1210 4120 civitates
1255 4081 1372 4134 quae
1403 4067 1504 4118 sub
1540 4063 1676 4120 cmlo
1707 4071 1828 4118 sunt

2013 4048 2080 4120 β’.
2107 4044 2186 4101 Ἦ
2215 4049 2322 4118 γὰρ
2349 4047 2407 4099 οὐ
2431 4047 2668 4100 τοιοῦτόν
2691 4063 2741 4096 τι
2767 4045 2827 4096 τὸ
2861 4041 2957 4112 τὴν
2985 4043 3042 4095 ἐν
3066 4042 3180 4101 ταῖς
3221 4037 3310 4090 ὑπ’
3339 4036 3502 4101 οὐρα·

275 4160 508 4213 tnaxime
560 4157 760 4211 ﬂorens
785 4155 1176 4210 Thessalonica
1229 4168 1436 4209 tantum
1499 4158 1605 4224 pati
1633 4156 1839 4223 debuit,

272 4257 539 4319 quantum
595 4263 741 4302 nunc
809 4249 1033 4315 patitur.
1096 4247 1174 4300 Eo
1239 4256 1418 4301 autem
1471 4245 1738 4306 ‘devenit.
1786 4255 1844 4300 ut

272 4341 375 4410 ipsi
412 4339 593 4394 hostes
639 4339 940 4405 horreant;
974 4337 1141 4392 facies
1187 4337 1409 4392 amasire
1481 4347 1659 4390 amota
1715 4353 1845 4390 con-

273 4433 454 4488 tristat
517 4429 679 4482 etiam
736 4429 828 4498 qui
881 4437 1038 4482 antea
1076 4443 1182 4482 non
1229 4433 1471 4480 amabat.
1535 4427 1646 4480 lleu
1690 4428 1703 4480 !
1745 4427 1846 4481 ini-

272 4523 448 4576 micus
499 4527 666 4574 tanta:
726 4519 966 4578 civitatis
1020 4517 1224 4573 divitiis
1281 4517 1516 4573 infestus
1570 4516 1844 4573 destruxit

271 4631 388 4670 eam
421 4630 484 4666 ac
513 4614 846 4678 consumpsit
871 4627 887 4675 ;
915 4610 1218 4664 devastavit
1239 4622 1418 4663 autem
1445 4611 1516 4664 ita
1548 4618 1604 4662 ut
1634 4610 1841 4664 nullum

276 4703 518 4772 pristina:
561 4699 981 4772 pulchritudinis
1013 4699 1302 4768 vestigium
1359 4707 1658 4753 remaneat.
1705 4698 1840 4752 Muri

277 4798 394 4863 eius
479 4793 642 4849 diruti
719 4805 1021 4859 omnesque
1087 4790 1233 4843 aedes
1310 4803 1483 4844 saera:
1552 4790 1900 4862 destructa).

277 4891 394 4942 loca
460 4887 714 4940 omnibus
766 4882 1096 4937 venerabilia
1157 4897 1171 4933 :
1215 4880 1424 4934 nobiles
1476 4881 1671 4934 donius
1726 4883 1840 4936 vio-

278 4983 398 5038 lata:
441 4995 455 5033 :
495 4992 734 5048 opt-sque
795 4975 990 5030 civium
1050 4973 1168 5028 alite
1225 4972 1436 5036 ablata},
1475 4972 1592 5026 alia:
1635 4971 1840 5038 Musae,

278 5073 400 5126 alia:
437 5071 716 5138 dispersae.
753 5065 893 5134 Quid
941 5063 1140 5135 plura?
1171 5063 1258 5117 hic
1292 5077 1398 5116 non
1431 5074 1514 5117 est
1564 5063 1742 5126 locus,
1783 5071 1843 5118 ut

282 5175 580 5233 oporteret,
618 5163 734 5216 hate
801 5174 898 5228 per
937 5157 1160 5225 singula
1223 5153 1517 5209 referendi.
1549 5153 1840 5210 Multitudo

283 5273 328 5310 νε
354 5271 412 5310 ro
455 5253 692 5308 civitatis
728 5269 830 5303 non
885 5249 1062 5304 solum
1099 5246 1374 5305 militaris,
1406 5244 1500 5300 sed
1537 5248 1699 5300 etiam
1738 5260 1842 5301 ca-

277 5358 415 5410 tera,
448 5356 558 5402 tam
591 5345 768 5399 clerus
796 5342 1096 5401 saecularis,
1130 5354 1293 5409 quam
1331 5339 1476 5403 laici,
1529 5338 1654 5405 quis
1703 5337 1838 5394 satis

279 5442 476 5494 habeat
523 5437 880 5506 laerymarum
915 5435 937 5485 ?
976 5431 1194 5492 Necnon
1225 5439 1277 5483 et
1303 5429 1396 5498 qui
1430 5431 1724 5485 tumultum
1755 5430 1840 5484 fu-

280 5541 492 5603 gerant.
542 5545 666 5584 cum
713 5529 765 5584 lii
799 5527 1030 5585 solitarii
1087 5527 1139 5582 in
1177 5532 1395 5595 portum
1440 5533 1839 5595 pervenissent,

1944 4141 2033 4216 νδν
2057 4141 2246 4194 πόλεσι
2277 4139 2418 4192 πάνυ
2451 4139 2704 4208 λαμπρὸν
2769 4135 3064 4204 φαίνουσαν
3101 4128 3501 4195 Θεσσαλονίκην

1942 4237 2085 4290 οὕτω
2115 4236 2329 4298 παθεῖν,
2358 4236 2434 4297 ὡς
2455 4234 2546 4288 νῦν
2577 4233 2710 4303 ἔχεις
2745 4232 2899 4300 Ἔχει
2927 4228 3005 4289 δέ,
3031 4227 3105 4289 ώς
3130 4227 3195 4279 ἂν
3217 4221 3507 4286 ι’ὶτιτεύξαιν⁶

1943 4347 2004 4382 το
2039 4331 2131 4382 καὶ
2187 4329 2394 4400 ἐχθροί·
2428 4329 2561 4382 ώσεὶ
2581 4329 2674 4383 καὶ
2721 4323 2882 4376 καλὸν
2915 4316 3055 4382 εῖδος
3089 4317 3387 4385 ἀφανισθὲν
3413 4314 3508 4365 λυ-

1945 4425 2037 4476 πεῖ
2060 4421 2153 4474 καὶ
2177 4421 2269 4473 τὸν
2299 4415 2368 4492 ἦν
2390 4419 2479 4472 ὅτε
2508 4417 2870 4486 ἀπόστοργον,
2925 4411 3065 4480 ὦμοι
3113 4405 3388 4476 δαίμονοςί
3443 4403 3503 4465 ὃς

1943 4513 2084 4567 οὕτω
2117 4511 2306 4582 βριθὺς
2335 4507 2666 4578 τηλικαύτης
2700 4504 2906 4566 πόλεως
2963 4497 3221 4568 εὐετηρία
3280 4493 3507 4562 ἐνήλατο

1942 4607 2039 4660 καὶ
2073 4601 2464 4674 κατέστρεψεν.
2491 4600 2776 4668 ’Δπήγαγι
2805 4596 2907 4665 μὲν
2938 4591 3033 4646 οὖν
3079 4589 3252 4658 αὐτὴν
3298 4584 3503 4646 τέλεον,

1943 4697 2020 4758 ὡς
2073 4696 2209 4766 μηδέ
2255 4694 2504 4762 λείψανον
2547 4689 2903 4760 ἐναπομεῖναι
2953 4682 3192 4743 παλαιᾶς
3223 4675 3505 4766 καλλονῆς.

1946 4789 2054 4842 Καὶ
2078 4765 2238 4856 τείχη
2274 4787 2374 4857 μὲν
2399 4785 2563 4853 αὐτῆς
2603 4779 2972 4853 ἠχρειωμένα,
3003 4777 3099 4829 καὶ
3126 4772 3245 4844 ἱερά
3271 4768 3340 4821 τὰ
3370 4765 3506 4820 πάν-

1943 4897 2012 4933 τα
2040 4878 2442 4949 κατῃκισμένα,
2478 4877 2555 4938 εἰς
2611 4875 2735 4927 ὅσον
2762 4871 2885 4924 οὐδὲ
2907 4869 3064 4921 τόποι
3093 4861 3355 4932 τολμητοὶ
3375 4857 3511 4911 πᾶσι

1945 4970 2042 5023 καὶ
2065 4965 2203 5020 οἶκοι
2228 4967 2523 5035 εὐπρεπεῖς
2557 4958 3009 5034 κατῃσχυμμένοι
3029 4973 3041 4986 υ
3071 4956 3166 5008 καὶ
3196 4949 3509 5022 περιουσίαι

1944 5060 2195 5127 πολιτῶν,
2219 5059 2274 5112 αί
2306 5059 2404 5128 μὲν
2422 5053 2828 5128 ὴντλημὲναι,αί
2853 5051 2896 5103 δ’
2921 5045 3408 5118 ἐκ>ιεχυμέναι,κιι.ὶ⁵
3425 5040 3516 5093 ἄλ-

1943 5155 2048 5216 λως
2073 5153 2130 5206 δέ
2153 5150 2565 5221 διεσπαρμέναι,
2587 5147 2641 5201 τί
2677 5147 2743 5200 ἂν
2765 5143 3028 5212 λέγοιντο,
3065 5139 3194 5193 ἔνθα
3211 5139 3308 5190 οὐκ
3338 5136 3505 5197 ἐστιν,

1945 5245 2018 5309 ὡς
2049 5244 2238 5315 ἐχρῆν,
2270 5243 2410 5295 αὑτά
2434 5237 2716 5304 διίξεσθαις
2745 5235 2817 5288 Τὸ
2841 5234 2898 5287 δέ
2927 5236 2984 5286 ἐν
3010 5236 3077 5301 τῇ
3102 5231 3254 5282 πόλει
3279 5226 3502 5296 πλῆθος,

1947 5338 2006 5390 ού
2039 5338 2202 5407 μόνον
2231 5336 2289 5389 τὸ
2313 5331 2726 5404 στρατιωτικὸν,
2775 5326 2912 5381 ἀλλὰ
2941 5326 3034 5378 καὶ
3057 5325 3118 5377 τὸ
3141 5320 3348 5383 λοιπον,
3380 5320 3506 5370 ὅσον

1947 5431 2004 5482 ἐν
2035 5431 2157 5500 ἱερᾷ
2187 5425 2431 5497 πολιτείᾳ
2457 5426 2521 5494 τῇ
2547 5422 2688 5477 κατά
2745 5421 2970 5490 κόσμον,
3042 5417 3136 5470 καὶ
3159 5415 3281 5467 ὅσον
3302 5411 3359 5465 δέ
3386 5411 3504 5462 λαῖ-

1929 5504 2065 5586 ίκδν,
2118 5523 2196 5586 τίς
2217 5520 2282 5576 ἂν
2310 5520 2366 5581 ἐς
2386 5518 2543 5581 ἀξίαν
2584 5513 2897 5586 δακρύσειες
2950 5510 3058 5565 Ναὶ
3104 5506 3212 5578 μὴν
3253 5505 3345 5559 καὶ
3388 5501 3511 5554 ὅσον
