4012 6226
403 243 474 310 13
1163 245 1274 306 DE.
1309 245 1888 310 THESSALONICA
1927 249 2131 311 URBE
2173 253 2221 312 A
2262 253 2574 316 LATINlS
2627 255 2884 322 CAPTA.
3584 258 3650 324 14

397 352 494 406 τοῦ
526 351 648 423 βέου
679 352 772 407 τὸν
804 353 1056 423 φλοῖσϐον
1113 356 1604 447 διακρουσάμενον,
1629 362 1704 424 ὼς
1733 362 1810 424 εἰς
1833 360 1973 430 λιμέ-

2085 378 2274 420 οιιιιιρε
2300 368 2453 434 quasi
2488 368 2732 436 locustae,
2777 370 2833 424 in
2867 385 3042 426 messe
3085 369 3209 442 igne
3242 370 3457 442 fingam,
3491 372 3650 442 igneo

394 461 464 495 να
497 444 816 512 κατήντησε
843 444 902 496 τὸ
920 446 1182 516 ἀπρόῖτον
1207 448 1304 516 τῆς
1365 444 1714 518 ἐνοικήσεως,
1775 450 1975 514 πάντες

389 526 542 586 οὗτοι
578 533 714 584 ὡσεὶ
744 535 838 586 καὶ
887 535 1128 606 ἀκρίδες.
1159 538 1293 609 πυρὶ
1334 541 1474 592 κατά
1497 539 1646 610 λήϊον
1681 539 1970 610 ἐλαυνόμε-

391 644 503 689 ναι,
530 629 596 694 τῇ
639 627 928 696 καυστηρᾷ
962 628 1108 697 μάχῃ
1133 631 1265 694 πρὸς
1293 629 1512 700 ὄλεθρον
1544 629 1968 696 ὲξετενάσσοντο.

391 719 504 771 Καὶ
529 715 697 786 οἱμὲν
719 717 967 786 πολέμιοι
989 721 1496 790 περιστοιχίζοντες,
1526 721 1694 791 Θυμοῢ
1723 721 1832 790 πῦρ
1863 721 1976 786 ἐξέ-

393 827 548 862 καιον
575 811 670 861 ἐπὶ
691 811 750 861 τὸ
777 810 1054 862 πολιτικῖν
1086 810 1230 864 ἅπαν
1252 828 1264 840 ·
1292 814 1489 864 ἐκεῖνοι
1529 814 1582 865 δὲ
1608 815 1654 865 οἱ
1715 813 1813 882 μὲν
1839 814 1968 865 ἑπι-

398 901 962 972 καταλαμϐανόμενοι,
995 903 1088 955 καί
1114 920 1214 956 που
1245 907 1338 956 καὶ
1362 904 1838 976 σπαργανούμενοι
1871 924 1973 958 πυ-

410 998 466 1060 ρὶ
503 995 726 1065 τοιούτῳ
769 995 1054 1060 πάντοθεν,
1087 998 1188 1049 ούκ
1230 990 1376 1064 εἶχον
1428 997 1794 1062 διεκπίπτειν,
1833 996 1970 1049 ἀλλά

2083 457 2382 512 certamine
2459 461 2525 513 ad
2577 470 2805 514 mortem
2866 463 3238 518 trahebantur.
3305 461 3501 518 Hostes
3553 478 3650 516 au-

2084 551 2189 596 tem
2231 545 2721 603 circumcurrentes
2742 591 2756 614 ,
2793 549 2846 603 in
2901 565 3061 604 Omne
3085 550 3375 604 aedilicium
3405 551 3647 605 civitatis

2085 631 2261 702 ignem
2318 636 2602 692 mittebant
2677 641 2790 693 irte.
2836 637 2912 692 Illi
2965 653 3114 704 vero,
3168 638 3259 693 alii
3322 639 3648 708 deprehensi

2085 727 2393 796 passimque
2415 739 2466 812 et
2487 729 2730 800 undique
2753 731 2853 786 hoc
2873 732 2992 800 igne
3015 731 3472 800 circumfusi,quo
3495 731 3646 801 fuge-

2085 831 2198 870 rent.
2232 834 2337 872 non
2372 823 2661 885 habebant,
2714 824 2806 877 sed
2852 823 3186 879 multiforme
3224 824 3526 893 periculum
3565 825 3644 878 vi-

2078 906 2311 975 debant;
2349 912 2438 966 alii
2486 929 2611 968 vero
2640 914 2854 985 sagittis
2884 915 3042 984 quasi
3076 915 3350 982 scintillis,
3373 931 3404 970 e
3435 916 3647 986 longin-

2077 1013 2186 1066 quo
2214 1003 2572 1058 vexabantur.

407 1087 653 1154 πολυειδῆ
679 1088 769 1140 τὸν
800 1089 1041 1166 κίνδυκον
1059 1085 1203 1160 εϊχον
1225 1107 1238 1120 ·
1265 1091 1312 1143 οἱ
1341 1092 1398 1145 δὲ
1429 1093 1530 1145 ὅσα
1561 1092 1654 1145 καλ⁸
1686 1090 1979 1161 σπινθῆρσι
2014 1095 2128 1156 τοῖς
2155 1093 2333 1162 βέλεσι
2368 1097 2655 1176 πόρρωθεν
2683 1099 2921 1170 ἔπασχον
2950 1101 3008 1154 τὸ
3038 1102 3230 1155 κακόν.

469 1180 538 1249 γ’.
609 1179 816 1241 Ἠέλιος
852 1181 951 1247 μὲν
1013 1182 1132 1236 νέον
1179 1183 1548 1253 προσέϐαλλεν
1573 1183 1833 1257 ἀρούρας,
1869 1183 1968 1236 οὐκ

396 1274 522 1342 ἔσχε
554 1273 612 1325 δὲ
641 1272 738 1341 τὴν
771 1271 962 1326 οανάσι
1010 1291 1067 1325 ον
1115 1274 1366 1328 διαλῦσαι
1398 1276 1568 1329 νύκτα
1624 1291 1638 1304 ⁸
1672 1275 1808 1328 ἀλλά
1841 1293 1966 1328 κατ-

395 1367 675 1434 εκαυχᾶτο
724 1363 819 1417 τοῦ
875 1368 1050 1434 φωτὸς
1107 1369 1139 1436 ἡ
1207 1367 1316 1420 τῶν
1356 1368 1666 1420 πιπτόντων
1712 1368 1966 1435 ζοφωσις.

391 1457 566 1510 Ούπω
595 1475 678 1518 τις
707 1456 844 1526 ἔφθη
875 1456 968 1508 τὸν
996 1458 1199 1523 γλυκὺν
1247 1459 1414 1512 ὕπνον
1446 1460 1741 1513 ἀποθέσθαι
1771 1475 1785 1490 ⁶
1820 1461 1848 1512 ὁ
1879 1477 1967 1512 πι-

391 1549 529 1616 κρὸς
553 1548 648 1599 καὶ
692 1547 986 1616 ἀνέγερτος
1021 1547 1182 1600 αὐτὸν
1204 1548 1488 1617 διεδέχετο,
1521 1553 1614 1602 καὶ
1639 1551 1770 1619 ὄναρ
1796 1551 1968 1604 κακὸν

2148 1185 2201 1238 5.
2241 1184 2396 1241 Modo
2430 1204 2590 1258 supra
2623 1205 2844 1260 campos
2879 1192 2958 1246 sol
2982 1202 3310 1261 apparuerat
3353 1205 3452 1244 nec
3496 1190 3638 1244 banc

2079 1274 2340 1330 nefastaut
2374 1287 2584 1333 noctem
2625 1281 2834 1336 solvere
2870 1289 3140 1351 potuerat,
3187 1283 3280 1336 sed
3327 1280 3510 1335 lumen
3537 1279 3632 1334 de-

2079 1365 2329 1422 ridebant
2380 1384 2643 1425 caesorum
2699 1373 2951 1428 tenebra}.
3033 1373 3283 1428 Nondum
3347 1373 3637 1442 quisquam

2079 1470 2330 1510 somnum
2394 1460 2607 1515 dulcem
2642 1473 2896 1518 excutere
2952 1470 3222 1532 potuerat,
3262 1463 3357 1518 sed
3411 1474 3634 1516 amarus

2075 1547 2326 1617 altusque
2375 1554 2610 1617 tenebat,
2674 1555 2998 1622 somniaque
3061 1555 3204 1608 malo
3260 1554 3307 1608 ei
3371 1551 3642 1608 successit

391 1640 664 1710 ἐφίστατο
695 1639 843 1710 ὕπαρ
867 1642 932 1710 τῇ
980 1640 1189 1709 κεφαλῇ
1215 1657 1228 1670 ·
1267 1641 1361 1693 καὶ
1384 1643 1410 1694 ὁ
1439 1641 1651 1711 βλέπων
1678 1643 1808 1696 αὐτὸ
1835 1659 1968 1696 κατ-

2078 1635 2214 1690 visio
2242 1653 2388 1701 vera,
2413 1638 3131 1712 illamquecontemplantes
3154 1644 3210 1697 in
3230 1651 3406 1696 morte
3429 1641 3640 1696 occlusi

393 1734 569 1805 ἐμυεν
602 1734 684 1795 εἰς
720 1732 969 1787 θάνατον.
1033 1732 1436 1802 ’.ἀπηλλάττετο
1475 1734 1667 1804 κλίνης
1695 1735 1968 1804 ἐγρηγόρ-

392 1844 532 1889 σεως
579 1825 761 1895 λόγῳ·
793 1825 885 1878 καὶ
915 1827 942 1878 ό
990 1824 1246 1894 πολέμιος
1307 1825 1527 1894 σίδηρος
1584 1825 1756 1889 ἄλλως
1805 1827 1968 1880 αὐτὸν

395 1916 748 1974 κατέκλινεν,
773 1915 847 1976 ὡς
877 1917 1084 1978 ἐκεῖνος
1121 1916 1300 1984 χαίρει
1328 1914 1617 1979 κοιτάζων.
1652 1916 1871 1979 Πολλοῖς
1911 1913 1968 1968 δὲ

397 2013 496 2065 καὶ
553 2010 889 2078 ἡμιγύμνοις
927 2007 1009 2060 ἔτι
1043 2007 1102 2059 τὸ
1142 2007 1312 2060 κακὸν
1355 2007 1516 2060 τοῦτο
1555 2008 1742 2078 οηρίον
1784 2007 1968 2077 ἐνεφύ-

398 2115 514 2164 ετο,
543 2099 633 2150 ἶνα
670 2095 805 2166 μηδὲ
826 2096 994 2164 κάμοι
1027 2096 1151 2158 τοὺς
1179 2085 1399 2160 ὀδόντας
1428 2097 1674 2167 ὲντρίϐον
1697 2099 1969 2165 σωμάτων

397 2191 749 2258 καλύμμασι.
788 2188 898 2241 Καὶ
951 2187 1302 2258 στρατιωτῶν
1335 2189 1457 2258 μὲν,
1495 2189 1597 2258 ἥδη
1630 2188 1687 2240 δὲ
1722 2189 1818 2241 καλ⁸
1851 2189 1960 2242 τῶν

405 2283 583 2344 ἄλλως
616 2280 942 2350 ρωμαλέων,
973 2278 1006 2349 ἢ
1039 2279 1132 2332 καὶ
1161 2280 1299 2342 ὅλως
1325 2279 1581 2348 ἀκμαίων
1620 2280 1780 2349 εἴπερ
1813 2283 1840 2333 ό
1867 2281 1968 2334 πό-

407 2374 568 2442 λεμος
588 2372 878 2442 ἐδράττετο
896 2369 991 2423 καὶ
1019 2369 1235 2433 διέσπα,
1265 2369 1539 2441 ὲμπείρας
1563 2369 1720 2436 esea;
1749 2372 1970 2441 ὄνυχας,

419 2463 795 2532 ὲκαινοπράγει
828 2461 1003 2514 οὐδέν’
1033 2461 1244 2532 φιληδεῖ
1275 2460 1382 2531 γὰρ
1433 2459 1649 2530 σώμασι
1706 2461 1972 2526 τοιούτοις

409 2554 631 2614 ἐκεῖνος,
653 2549 766 2618 ὑφ’,
798 2543 873 2603 ὧν
901 2549 997 2604 καὶ
1024 2552 1491 2621 συγκροτούμενος
1516 2549 1878 2619 θεραπεύεται
1897 2553 1973 2616 ὡς

402 2646 472 2696 τὰ
516 2643 686 2695 πολλὰ
710 2660 722 2672 ·
755 2644 802 2694 εἰ
854 2642 910 2694 δὲ
945 2643 1037 2696 καὶ
1071 2641 1272 2711 ἄνδρας
1329 2642 1549 2705 ἀθλίους
1609 2644 1972 2714 ἐφιλοτιμεῖτο

401 2735 664 2802 ἀπάγειν,
698 2733 798 2804 ήδη
856 2733 1297 2805 τυμϐογέροντας
1375 2733 1552 2800 ὄντας,
1591 2737 1685 2791 καὶ
1738 2739 1818 2800 εἰς
1867 2738 1972 2807 γῆν

401 2827 734 2893 κεκυφότας.
791 2819 892 2877 καί
927 2841 1048 2883 που,
1116 2822 1285 2894 πρινὴ
1307 2824 1399 2876 καὶ
1427 2825 1723 2895 πληγῆναι,
1752 2829 1973 2898 γινομέ-

401 2935 530 2980 von;
557 2917 652 2968 τοῦ
683 2916 967 2986 Χάρωνος,
1001 2908 1082 2977 οἷς
1109 2915 1184 2984 τῷ
1211 2913 1320 2967 δέει
1346 2917 1610 2985 παρίεντο
1637 2933 1652 2949 ο
1684 2918 1776 2971 καὶ
1799 2919 1970 2989 γραῦς

2075 1734 2203 1778 sunt
2241 1728 2408 1781 oculi.
2439 1728 2670 1786 Ratione
2736 1734 2935 1804 vigiliae
2999 1744 3241 1790 mutatus
3293 1743 3378 1788 est
3440 1735 3634 1799 lectus,

2073 1813 2380 1886 hostilcque
2404 1820 2606 1874 ferrum
2634 1823 2790 1876 aliter
2810 1824 3090 1879 reclinavit
3112 1841 3236 1880 eum
3271 1825 3363 1896 qui
3399 1823 3640 1894 gaudens

2074 1906 2452 1967 dismbuerat.
2489 1910 2686 1968 Multos
2716 1929 2848 1970 vero
2895 1917 3073 1971 adhuc
3119 1917 3437 1972 seminudos
3482 1917 3640 1970 inva-

2064 1998 2146 2053 'sit
2179 2000 2293 2055 ltaac
2341 2003 2450 2056 fera
2489 2006 2580 2060 cui
2629 2022 2740 2061 non
2778 2009 2912 2063 satis
2943 2008 3048 2064 fuit
3077 2009 3192 2064 suis
3229 2009 3484 2064 dentibus
3513 2023 3642 2062 cor-

2071 2104 2260 2159 porum
2322 2095 2628 2151 velamenta
2677 2099 2992 2155 dilaniasse.
3058 2099 3115 2155 Si
3193 2099 3412 2170 ungulis
3462 2100 3638 2154 acutis

2070 2183 2352 2240 dilacerati
2413 2198 2541 2241 sunt
2621 2188 2862 2256 milites,
2904 2201 3066 2261 atque
3138 2192 3228 2246 alii
3282 2191 3492 2246 robusti
3555 2190 3637 2245 vel

2070 2274 2161 2343 qui
2217 2276 2440 2333 omnino
2485 2287 2643 2335 aatate
2685 2279 2880 2336 florent
2928 2281 2981 2335 in
3029 2281 3382 2351 pugna,nibil
3434 2279 3636 2333 mirum

2073 2361 2386 2430 hujusmodi
2434 2370 2754 2439 corporibus
2822 2370 3020 2426 bellum
3065 2371 3319 2426 delectari
3369 2367 3640 2437 siquidem

2071 2450 2126 2505 in
2173 2453 2242 2509 iis
2289 2457 2621 2526 praecipuum
2677 2461 3070 2516 nutrimentum
3119 2460 3345 2516 invenit.
3376 2459 3482 2513 Sed
3525 2469 3646 2526 qn't‘.

2071 2544 2243 2609 gloria
2275 2547 2344 2600 sit
2365 2560 2525 2604 senes
2556 2551 2855 2606 imbecilles
2881 2552 3179 2614 trucidare,
3204 2552 3295 2621 qui
3319 2551 3429 2620 jam
3461 2555 3646 2604 astant

2067 2629 2250 2700 ianuis
2275 2639 2493 2703 tumuli,
2545 2641 2598 2694 in
2653 2650 2855 2695 terram
2904 2642 3419 2710 inclinati,quique,
3463 2641 3646 2707 prius-

2072 2741 2234 2796 quam
2301 2729 2586 2797 feriantur,
2643 2733 2936 2788 Cltarontis
2997 2741 3157 2799 sunt,
3208 2732 3367 2800 cujus
3405 2745 3646 2800 praesen-

2074 2818 2146 2870 tia
2178 2819 2358 2876 timori
2387 2833 2509 2891 est;
2543 2840 2838 2896 anusque,_
2866 2826 3157 2895 plerasque
3206 2823 3384 2877 oculis
3429 2829 3640 2891 captas,

2075 2907 2270 2963 surdas
2301 2925 2407 2979 prae
2435 2920 2675 2968 extrema
2711 2923 2995 2969 senectute
3022 2955 3037 2980 ,
3068 2928 3168 2968 nec
3209 2927 3482 2966 armorum
3542 2911 3648 2965 ful-

398 3005 480 3068 δὲ,
505 3004 604 3066 τάς
632 2983 847 3066 πλείους
872 3005 966 3056 καὶ
989 3002 1047 3067 ἐξ
1071 2983 1334 3073 ὀμμάτων
1366 2983 1531 3065 οὔσας
1577 3006 1668 3058 καὶ
1690 2983 1968 3075 κωφευού-

2078 3012 2206 3066 gura
2247 3002 2513 3071 videntes,
2545 3020 2645 3061 nec
2705 3007 2948 3060 tonitrua
3013 3005 3276 3059 minantia
3321 3003 3641 3067 audientes;

401 3113 503 3158 σας
561 3095 649 3148 διὰ
678 3095 810 3165 βαθὺ
869 3094 1067 3163 γῆρας,
1121 3095 1216 3147 καὶ
1266 3091 1389 3146 οὕτε
1431 3093 1733 3163 βλεπούσας
1771 3098 1831 3150 τὸ
1884 3099 1981 3150 τῶ-

398 3185 618 3236 νῖπλων
652 3185 1003 3252 ἀστραπαῖον,
1036 3181 1158 3235 οὔτε
1187 3181 1414 3252 βροντῆς
1455 3181 1850 3253 αἰσθανομένας
1879 3191 1977 3259 τῆς

2085 3097 2187 3152 hoc
2219 3113 2323 3151 non
2373 3099 2608 3166 prudens
2632 3097 2795 3159 Mars,
2817 3097 2910 3152 sed
2939 3097 3093 3152 hasta
3132 3095 3319 3151 furens
3357 3110 3420 3150 ac
3437 3095 3648 3165 gladius

2085 3190 2363 3246 insaniens
2393 3196 2667 3257 operatur.

396 3278 463 3344 ἐξ
505 3277 760 3344 ἀπειλῶν,
789 3279 927 3332 ἀλλὰ
970 3279 1125 3332 τοῦτο
1178 3279 1236 3331 ού
1267 3278 1540 3349 φρενήρης
1581 3281 1774 3351 Ἀρης,
1821 3283 1956 3339 ἀλλὰ
1981 3287 2107 3359 δόρυ
2135 3289 2352 3356 ἐνήργει
2381 3281 2724 3354 μαινόμενον.
2758 3285 2852 3336 καὶ
2887 3280 3037 3350 ξίφος
3059 3283 3160 3335 οὐκ
3184 3279 3542 3346 εύδιάκριτον.

477 3372 544 3426 δ’.
587 3373 836 3426 Οἴκτιστα
870 3374 935 3441 δὴ
974 3371 1145 3426 ταῦτα
1183 3373 1430 3442 βροτοῖς·
1470 3373 1838 3430 ὲλεεινότατον
1875 3377 1966 3443 δὲ,

393 3467 486 3519 ὅτι
513 3466 609 3519 καὶ
634 3465 804 3535 βρέφη
833 3464 1143 3518 συνέκειντο
1165 3467 1277 3527 τοῖς
1303 3465 1662 3530 παντοδαπῶς
1689 3469 1968 3534 πίπτουσι,

393 3559 473 3613 τὰ
508 3557 609 3627 μὲν
643 3557 1146 3624 συνεκκεντούμενα
1178 3557 1299 3618 ταῖς
1331 3557 1630 3628 φερούσαις
1664 3543 1933 3626 ἀγκάλαις
1955 3603 1970 3628 ,

394 3651 472 3702 si
497 3650 555 3702 δὲ
581 3649 657 3718 τῷ
683 3647 1150 3720 καταρῥίπτεσῦαι
1180 3647 1284 3700 ὑπὸ
1310 3648 1461 3712 δέους
1485 3650 1518 3721 ἢ
1551 3651 1642 3703 καὶ
1673 3651 1835 3721 φόνου
1861 3654 1972 3707 τῶν

399 3740 821 3810 βασταζόντων,
862 3739 929 3792 τὰ
970 3738 1136 3791 πλείω
1177 3739 1234 3791 δὲ
1281 3745 1868 3812 συγκαταπατούμενα.
1906 3746 1972 3798 Ἠ

400 3833 519 3901 γὰρ
547 3832 638 3884 τοῦ
671 3830 895 3900 φεύγειν
921 3829 1136 3901 ἀνάγκη
1167 3829 1261 3882 καὶ
1287 3831 1531 3885 τοιοῦτον
1558 3834 1779 3902 ἀπλῆγα
1809 3835 1970 3904 φόνον

400 3921 727 3991 ἐτυράννει,
747 3921 838 3973 τὸν
870 3921 998 3988 μὲν,
1029 3918 1133 3971 ἔσω
1159 3919 1270 3972 τῶν
1299 3919 1609 3990 ἐκκλησιῶν
1637 3921 1969 3992 ὡθιζομένου

399 4012 503 4064 τοῦ
542 4013 675 4064 λαοῦ
697 4055 712 4078 ,
750 4014 842 4066 καὶ
874 4015 939 4084 τῇ
986 4015 1318 4085 συμπιλήσει
1356 4017 1746 4085 δυστυχοῦντος
1783 4017 1971 4088 ψυχῶν

401 4106 717 4176 ἀπαγωγήν
737 4121 751 4135 ⁸
779 4106 871 4158 τδν
895 4106 952 4157 δὲ
977 4108 1106 4177 περὶ
1129 4109 1226 4177 τῆς
1252 4107 1598 4176 ἀκροπόλεως
1621 4107 1720 4178 τὴν
1744 4109 1971 4176 εἴσοδον,

399 4198 520 4262 ὅτε,
548 4197 846 4267 πολεμικοῦ
869 4196 1093 4267 δόρατος
1114 4198 1228 4252 ἀνω
1247 4197 1342 4251 τοῦ
1367 4198 1512 4253 κατὰ
1536 4198 1812 4256 θάλασσαν
1833 4199 1970 4269 ὲῲου

402 4290 619 4359 πύργου
655 4289 912 4358 ἀρθέντος
942 4291 1053 4353 τοῖς
1087 4291 1423 4362 ἀντιμάχοις
1455 4293 1536 4354 εἰς
1572 4291 1854 4361 σύσσημον
1881 4293 1978 4347 τοῦ

399 4379 504 4446 τὴν
529 4378 685 4430 πόλιν
707 4377 808 4447 ήδη
835 4379 1340 4449 καταπεπονῆσθαι,
1365 4381 1440 4441 ὡς
1465 4380 1557 4432 καὶ
1583 4379 1983 4452 ἀναῤῥιχᾶσθαι

398 4472 529 4532 τοὺς
557 4468 916 4540 βουλομένους
937 4469 1158 4534 ἔξωθεν,
1182 4469 1243 4522 τὸ
1271 4469 1368 4539 μὲν
1389 4470 1536 4523 κάτω
1561 4473 1826 4540 περιεῖναι
1850 4471 1988 4525 ἀπέ-

2146 3380 2350 3436 4.ι1αξο
2380 3377 2630 3448 equidem
2665 3377 2915 3431 luctuosa
2969 3373 3312 3429 mortalibus.
3347 3369 3451 3425 Sed
3501 3366 3648 3436 quod

2078 3470 2345 3542 praecipue
2367 3468 2606 3522 animum
2626 3475 2934 3522 commovet
2958 3483 2970 3519 :
2995 3464 3230 3520 infantes
3249 3463 3556 3530 ubicunque
3577 3459 3656 3513 si-

2077 3561 2185 3614 mul
2211 3575 2334 3614 cum
2368 3559 2523 3614 cmsis
2544 3557 2812 3628 iacentes,
2840 3555 2931 3610 alii
2957 3552 3226 3610 interfecti
3253 3553 3393 3608 inter
3429 3549 3653 3604 brachia

2075 3661 2284 3705 mortua
2312 3690 2325 3712 ,
2360 3649 2450 3702 alii
2511 3646 2703 3717 dejecti
2734 3660 2764 3700 a
2797 3645 3145 3716 portantibus
3176 3659 3268 3699 seu
3301 3657 3409 3710 prae
3446 3641 3643 3694 timore

2074 3753 2168 3794 seu
2193 3752 2302 3807 pra:
2330 3736 2760 3806 cmde,plerique
2785 3734 3273 3790 conculcabantur.
3293 3729 3479 3786 Caedes
3504 3730 3647 3783 enim

2073 3828 2190 3885 sine
2215 3832 2323 3883 ictu
2353 3826 2605 3898 fugienda
2626 3834 2766 3887 erat,
2799 3835 2910 3878 tum
2935 3824 3118 3892 populi
3145 3825 3198 3875 in
3228 3821 3490 3876 ecclesias
3519 3833 3650 3872 con-

2072 3917 2330 3988 fugientis
2367 3925 2528 3985 atque
2568 3915 2625 3968 in
2649 3915 2807 3968 turba
2845 3921 3072 3967 mortem
3096 3911 3346 3965 acerbam
3375 3908 3655 3963 invenien—

2072 4012 2294 4073 tis,tum
2327 4007 2651 4077 iningressu
2685 4009 3018 4070 arcis,cum,
3039 4003 3190 4058 basta
3214 4000 3400 4060 hostili
3428 3999 3494 4054 de
3519 3999 3656 4052 turri

2077 4099 2327 4156 Orientali
2352 4112 2473 4168 quae
2499 4097 2745 4150 imminet
2771 4097 2999 4166 aequori,
3039 4093 3246 4149 elevata
3319 4099 3507 4155 contra
3561 4089 3658 4143 ad-

2079 4191 2352 4250 versarios
2380 4191 2435 4244 in
2468 4189 2677 4260 signum
2712 4188 2864 4242 urbis
2889 4186 3001 4256 jam
3048 4185 3302 4247 redactae,
3356 4181 3509 4254 quasi
3545 4180 3655 4234 vel-

2083 4284 2197 4351 lent
2225 4279 2435 4351 egredi,
2479 4293 2547 4332 au
2577 4276 2915 4348 superfuerit
2952 4274 3198 4344 ignOtum
3232 4286 3316 4328 est
3347 4290 3360 4326 :
3403 4270 3650 4340 plerique

2089 4347 2269 4430 autem
2308 4371 2625 4426 levaverant
2650 4367 2840 4423 oculos
2870 4366 2926 4420 in
2959 4380 3140 4421 arcem
3176 4365 3330 4434 quasi
3359 4363 3413 4416 in
3439 4371 3650 4416 montes

2095 4468 2238 4525 unde
2272 4465 2376 4524 sibi
2405 4476 2693 4522 venturum
2728 4463 2989 4517 auxilium
3025 4461 3337 4529 sperabant.

400 4576 639 4629 γνωστοο
661 4557 799 4631 ἦραν
814 4561 869 4614 δὲ
893 4561 1019 4624 τοὺς
1037 4559 1352 4630 ὀφθαλμοὺς
1369 4562 1417 4614 οἱ
1438 4562 1653 4626 πλείους
1667 4561 1831 4627 ὼςεῐς
1852 4560 1954 4635 ὅρη
1974 4562 2071 4636 τὴν
2089 4560 2407 4632 ἀκρόπολιν,
2424 4557 2551 4612 ἔνθα
2575 4553 2822 4628 βοήθειάν
2843 4553 3204 4626 ἐκαραδόκουν
3225 4552 3406 4613 αὐτοῖς
3420 4548 3660 4604 ἔσεσθαι.

473 4659 537 4705 ε’.
587 4653 655 4706 Ὃ
700 4653 756 4706 δὲ
804 4653 1041 4721 μάλιστα
1087 4651 1185 4722 τὴν
1232 4652 1325 4704 τοῦ
1377 4651 1552 4706 κακοῦ
1601 4653 1973 4725 πολυφθορίαν

2147 4647 2202 4707 5.
2233 4650 2388 4724 Quod
2414 4659 2593 4704 autem
2611 4651 2848 4705 maxime
2871 4647 3032 4717 hujus
3051 4643 3382 4701 calamitatis
3400 4643 3662 4697 extremi-

395 4743 648 4797 ὶνταῦθα
674 4744 990 4812 κατηγορεῖ,
1019 4741 1166 4796 τοῦτ’
1189 4739 1281 4814 ἦν,
1310 4744 1394 4796 ὅτι
1421 4747 1541 4807 ταῖς
1570 4748 1854 4816 νεκρικαῖς
1882 4745 1978 4816 θη-

402 4835 644 4906 μωνίαις
691 4835 785 4886 καὶ
828 4834 1040 4901 ἀλόγων
1087 4834 1244 4898 ζώων
1290 4833 1552 4906 σώρευμα
1603 4835 1975 4906 παρετέθειτο.

411 4929 730 4997 ’Δχωρήτου
771 4929 880 4996 γὰρ
919 4925 1071 4989 ὄντος
1110 4927 1208 4997 μιᾷ
1244 4926 1389 4998 πύλῃ
1422 4926 1514 4980 τοῦ
1557 4927 1981 4999 συνερρευκότος

400 5019 516 5074 ἀνω
547 5018 679 5071 λαοῦ
702 5060 715 5082 ,
749 5017 1218 5090 καὶοβιαζομένων
1252 5017 1354 5088 μὲν
1385 5017 1800 5088 παραϐύεσθαι,
1838 5016 1980 5072 ὥστε

404 5109 702 5175 σώζεσθαι,
735 5109 810 5180 μὴ
838 5109 1072 5180 ἑχόντων
1097 5109 1154 5162 δὲ
1181 5108 1555 5180 παραδύεσθαι
1582 5108 1847 5174 ἑκάστων,
1875 5110 1983 5163 τῶν

399 5220 460 5256 τε
489 5202 694 5268 πεζῶν,
721 5203 830 5258 τῶν
853 5219 914 5256 τε
943 5201 1064 5255 καθ’
1085 5203 1312 5266 ἵππους,
1338 5202 1365 5254 ὁ
1392 5202 1624 5254 κατόπιν
1650 5200 1788 5254 θέων
1817 5201 1986 5272 βαρὺς

404 5296 560 5364 ὄχλος
584 5295 681 5349 τὸν
707 5295 1044 5366 προάγοντα,
1069 5295 1164 5350 καὶ
1187 5298 1251 5366 τῇ
1279 5293 1581 5348 ὲπιπτώσει
1609 5292 1832 5363 πάσχων
1856 5295 1987 5346 Exsi-

405 5405 489 5450 νος
516 5389 577 5440 τὸ
601 5388 791 5457 ὅμοιον
815 5387 921 5442 ύπδ
943 5389 1052 5441 τῶν
1077 5386 1458 5456 όπισοαιτερον
1483 5385 1846 5454 ἐγκειμένων,
1873 5384 1983 5438 οὐδ’

409 5480 588 5535 αὐτῶν
608 5479 1051 5552 ἀπηλλαγμένων
1073 5478 1166 5532 τοῦ
1196 5477 1320 5532 καθ’
1343 5477 1533 5549 εἱρμὸν
1559 5477 1701 5532 οὕτω
1728 5479 1982 5548 πάσχειν,

408 5571 486 5635 εἰς
515 5570 757 5627 κολωνὸν
791 5569 1217 5640 Θανατουμένων
1251 5566 1521 5637 ὲκορύφου
1553 5567 1610 5620 τὸ
1644 5567 1982 5636 σύμπτωμα,

2083 4752 2245 4798 tatem
2276 4741 2591 4806 accusabat,
2626 4746 2745 4794 erat
2786 4753 3017 4794 acervus
3042 4737 3420 4806 jumentorum
3448 4733 3661 4788 acervis

2055 4844 2423 4919 .ntortuorum
2445 4833 2680 4887 additus.
2699 4830 2834 4886 Cum
2861 4831 3008 4886 enim
3032 4845 3195 4884 unam
3219 4828 3283 4880 ad
3307 4836 3663 4896 portantcon-

2085 4923 2322 4978 venisset
2368 4921 2435 4976 ad
2487 4918 2890 4974 aseeudendum
2939 4918 3264 4973 innunterus
3292 4916 3549 4985 popualus.
3597 4927 3659 4968 se

2086 5013 2449 5068 intromittere
2499 5025 2724 5077 conans,
2780 5018 3001 5081 propter
3057 5009 3322 5073 salutem,
3360 5006 3658 5075 unusquis-

2088 5121 2197 5176 que
2230 5111 2412 5158 autem
2476 5113 2764 5174 penetrare
2797 5115 2905 5157 non
2937 5109 3140 5172 posset,
3177 5100 3266 5154 alii
3293 5098 3524 5170 pedites,
3557 5093 3654 5147 alii

2094 5199 2146 5250 in
2179 5198 2334 5266 equis
2363 5195 2640 5257 sedentes,
2680 5193 2840 5248 turba
2881 5193 3053 5248 densa
3103 5192 3181 5246 illi
3222 5207 3342 5262 qua:
3398 5184 3654 5258 pmcedit

2092 5299 2238 5342 retro
2276 5288 2561 5350 insistens,
2584 5300 2649 5341 ac
2674 5296 2897 5356 propter
2928 5285 3116 5356 lapsus
3169 5283 3310 5337 idem
3345 5278 3556 5350 patiens
3585 5275 3654 5331 ab

2094 5381 2179 5436 bis
2208 5379 2300 5451 qui
2333 5387 2665 5449 sequuntur,
2703 5377 2960 5433 omnibus
2992 5375 3132 5431 ident
3155 5369 3491 5443 patientibus
3526 5367 3652 5438 qui-

2091 5471 2193 5527 bus
2221 5472 2305 5526 via
2330 5471 2519 5527 eadem
2558 5477 2662 5536 est,
2688 5483 2943 5526 acervum
2963 5474 3295 5522 mortuorum
3320 5460 3650 5531 complebat,

2093 5563 2348 5620 omnibus
2389 5577 2496 5620 una
2541 5561 2852 5634 iacentibus
2897 5556 3229 5623 hominibus,
3257 5552 3432 5624 equis,
3463 5550 3648 5614 mulis,
