4036 6224
328 186 394 250 i5
1083 188 1469 253 EUSTATHI
1481 193 1503 253 ί
1545 191 1889 259 THESSAL

1994 189 2300 255 'ICENSIS
2323 188 2894 253 ΜΕΤΒΟΡΟΙΛΤᾸΞ
3497 189 3567 252 ιο

323 288 516 361 asinis,
547 299 639 367 qui
675 299 1065 370 supellectilem
1098 301 1150 355 in
1181 302 1344 355 dorso
1380 303 1692 371 portahant.
1725 303 1889 357 Collis

2002 292 2215 355 πάντων
2241 300 2375 370 ὁμοῦ
2407 297 2794 369 πεφυρμένων,
2822 297 3149 369 ἀνθρώπω).
3178 297 3380 358 ἵππων,
3408 298 3568 369 ἡμιό-

326 389 686 449 Ιιιὶιγείιιίιιιτιυὶ
716 390 870 445 urbis
910 391 1283 460 juxtapositus
1334 401 1472 453 erat,
1537 396 1648 447 fere
1698 395 1891 448 similis

324 480 563 537 molibus
586 490 789 536 contra
811 497 1000 535 muros
1022 482 1317 537 exstructis
1370 500 1529 557 quas
1568 486 1763 540 bellum
1794 486 1892 538 ali-

321 571 536 637 quoties
566 572 1062 626 construit.Ethtee
1088 571 1228 625 facta
1255 586 1382 625 sunt
1415 574 1481 627 ad
1515 582 1726 642 portam
1751 574 1893 629 arcis

320 676 444 729 qua:
486 662 559 716 oh
592 664 788 717 oculos
834 672 940 719 esl.
972 662 1119 729 Quos
1143 679 1273 717 vero
1292 663 1603 718 continebat
1626 681 1746 734 quae
1776 675 1892 720 erat

321 755 491 816 imus,
520 769 645 809 cum
679 754 788 807 dux
827 753 1118 809 imbecillis
1149 769 1268 808 eam
1319 753 1502 824 fregit,
1546 752 1685 825 fugae
1747 755 1888 811 male

325 842 531 905 favens.
560 843 662 914 ipsi
688 844 820 898 novi
853 846 1068 913 generis
1106 844 1370 914 tragoedia
1402 860 1461 899 se
1488 844 1705 899 obtulit.

1999 409 2126 452 νων,
2159 393 2330 455 ὄνων,
2365 387 2446 455 οἷς
2480 393 2894 461 ὲπισεσαγμένα
2929 384 3069 461 ἦσαν
3101 389 3168 444 τὰ
3200 393 3314 453 τοῖς
3350 391 3579 455 πολλοῖς

1998 486 2290 552 ἀναγκαῖα,
2324 486 2435 538 Καὶ
2469 483 2656 555 βουνὸς
2693 485 2899 546 ἐκεῖνος
2933 480 3185 547 τοιοῦτοςΔ
3210 482 3568 536 ἀντανίστατο

1996 575 2075 645 τῷ
2105 577 2201 645 τῆς
2237 577 2445 638 πόλεως
2482 577 2663 628 ἐκεῖσε
2700 572 3070 643 πυργώματι,
3108 571 3310 643 μικροῦ
3344 591 3566 642 παρεοι-

1997 667 2106 731 κὼς
2143 670 2251 731 τοῖς
2296 666 2667 737 ἐγειρομένους
2706 666 2814 734 πρὸ
2845 665 3073 734 τειχέων
3105 663 3358 734 χώμασιν
3382 707 3394 725 ,
3431 663 3468 718 ἃ
3503 665 3568 736 δὴ

1997 758 2092 811 καὶ
2132 758 2272 811 αὐτὰ
2315 758 2585 826 σκευωρεῖ
2629 772 2758 809 ποτε
2806 755 3060 824 πόλεμος.
3100 754 3211 807 Καὶ
3249 752 3426 809 ταῦτα
3469 756 3572 824 μὲν

1996 848 2132 919 πρός
2161 852 2226 919 τῇ
2258 842 2399 918 πύλῃ
2425 848 2522 916 τῆς
2550 846 2919 915 ἀκροπόλεως,
2946 849 3013 916 τῇ
3039 861 3103 913 γε
3128 847 3563 918 προφαινομένῃ.

322 932 428 991 Ui);
452 934 511 985 δὲ
541 936 766 1005 συνέσχε
798 936 890 988 καὶ
920 938 951 1004 ἡ
979 936 1262 1007 ἐνδοτέρω,
1291 937 1379 989 ὅτε
1411 935 1439 986 ὅ
1470 936 1688 1006 ἀχρεῖος
1715 937 1885 1007 αὐτὴν
1925 939 2168 1011 ἀκαίρως
2200 942 2478 1011 κατήραξε
2514 940 2838 1010 στρατηγὸς,
2871 938 3303 1010 παρεισφθαρεὶς
3366 940 3425 990 ὲν
3489 940 3566 1005 τῷ

343 1017 547 1094 εύγειν,
579 1029 713 1098 ἄλλη
748 1030 1030 1100 τραγῳδία
1064 1024 1207 1083 οὗτοι
1240 1032 1617 1103 καινότροπος.

392 1125 445 1177 6.
480 1123 645 1188 Quasi
696 1127 838 1177 enim
894 1140 1001 1177 nou
1065 1125 1200 1178 satis
1252 1127 1404 1180 multi
1453 1128 1720 1182 interiecti
1758 1128 1887 1182 a'ihi

321 1214 574 1278 fuissent,
602 1214 688 1267 ille
720 1230 919 1283 parvus
951 1216 1175 1283 pulchre
1198 1216 1367 1284 gestis
1397 1216 1492 1271 sed
1521 1230 1748 1287 magnus
1776 1234 1890 1287 pra-

319 1308 482 1358 vitate
512 1305 663 1357 auxit
695 1306 893 1359 malum
923 1322 938 1370 ;
969 1322 1030 1359 ac
1058 1308 1280 1374 insuper
1307 1314 1563 1376 tauquam
1593 1308 1889 1364 calamitati

319 1395 772 1463 complementum
809 1394 957 1449 dedit
984 1410 1092 1449 non
1141 1397 1254 1464 ipsa
1290 1411 1450 1450 manu
1477 1397 1657 1469 gladio
1683 1400 1892 1454 interii-

328 1486 480 1537 (ἤιδεις
510 1501 651 1554 quos
679 1485 823 1539 malo
852 1486 1081 1540 consilio
1122 1486 1354 1550 fiderat,
1383 1488 1475 1541 sed
1515 1470 1803 1558 pnecipue,
1832 1500 1892 1547 ut

320 1588 505 1628 verum
541 1576 743 1638 dicant,
772 1575 978 1629 collisis
1015 1575 1222 1628 viribus
1262 1588 1357 1643 pro
1408 1591 1582 1646 pugna
1619 1593 1681 1633 ac
1704 1587 1891 1634 custo-

2066 1128 2141 1192 ς’.
2174 1129 2383 1197 Ὥσπερ
2413 1126 2520 1197 γὰρ
2554 1126 2630 1197 μὴ
2658 1127 2970 1195 ἀρκούντων
3002 1123 3114 1177 τῶν
3134 1121 3306 1185 ἄλλως
3339 1140 3557 1177 πεπτωο

1994 1220 2189 1282 κότων,
2223 1219 2642 1291 προσεπηύξησε
2670 1219 2729 1269 τὸ
2756 1218 2927 1273 κακὸν
2951 1219 3157 1278 ἐκεῖνος
3183 1216 3212 1267 ό
3241 1216 3437 1286 μικρὸς
3465 1217 3581 1285 μὲν-

1993 1310 2064 1364 τὰ
2095 1311 2268 1373 καλὰ,
2302 1311 2475 1380 μέγας
2503 1310 2559 1363 δὲ
2590 1311 2689 1379 τὴν
2717 1309 2985 1379 πονηρίαν
3008 1323 3022 1338 ο
3056 1306 3149 1359 καὶ
3177 1300 3290 1359 οἷόν
3322 1322 3445 1359 τινα
3474 1323 3564 1358 κο-

1998 1404 2195 1473 ρωνίδα
2232 1404 2322 1455 καὶ
2358 1404 2520 1465 αὐτὸς
2553 1400 2630 1471 τῷ
2665 1401 3043 1470 δυστυχήματι
3078 1396 3570 1466 ὲκεφαλαιώσατο,

1992 1495 2095 1548 οὐκ
2138 1495 2509 1563 ἀνασχόμενος
2549 1495 2622 1563 μὴ
2659 1493 2757 1545 καὶ
2791 1492 3074 1563 αὐτόχειρι
3109 1492 3254 1561 φόνῳ
3298 1507 3568 1560 προσεπι-

1992 1584 2228 1653 ϐλάψαι,
2262 1584 2354 1647 οὒς
2389 1584 2736 1647 δυσϐουλίαις
2768 1584 3256 1654 κατεστρατήγησε
3279 1625 3292 1646 ,
3332 1582 3567 1652 μάλιστα

318 1664 428 1727 dia,
456 1675 514 1716 ut
549 1680 730 1719 sermo
748 1665 1052 1735 procedens
1087 1666 1231 1719 clare
1275 1666 1689 1724 demonstrabit.
1724 1670 1799 1723 ita
1833 1678 1886 1725 ut

1994 1677 2038 1729 δ’
2069 1651 2245 1729 είπεῖν
2300 1676 2556 1745 τάληθὲς,
2587 1679 2708 1738 ταῖς
2737 1678 2818 1737 εἰς
2853 1651 3033 1744 μάχην
3061 1651 3155 1727 καὶ
3184 1651 3440 1743 φυλακὴν
3468 1691 3569 1726 καο

318 1756 817 1810 mnehinationihus
843 1757 958 1810 suis
991 1755 1177 1809 hostes
1195 1759 1260 1809 a'l
1295 1772 1352 1810 se
1385 1761 1738 1825 converterit,
1764 1762 1890 1815 licet

322 1846 464 1901 hanc
489 1847 777 1917 civitatem
800 1848 878 1901 sic
917 1848 1093 1916 perire
1122 1848 1411 1911 dimiserit.
1443 1862 1739 1919 auctorth
1782 1869 1889 1908 ca:-

318 1931 465 1986 dium
536 1932 739 1998 fuerit,
801 1935 1094 1990 iuunolans
1144 1937 1259 2004 ipse
1311 1939 1512 2006 quibus
1585 1941 1890 1999 indulserat

318 2031 550 2094 tempus.
571 2025 859 2080 Nouenitn
883 2028 1022 2080 alius
1042 2029 1208 2096 jussit
1238 2029 1381 2083 illam
1410 2032 1732 2102 prmcipnam
1764 2050 1888 2104 por-

320 2123 431 2167 tam
459 2116 769 2180 demittere,
808 2133 972 2186 supra
1005 2120 1254 2173 machina
1299 2122 1601 2189 elevatam;
1639 2126 1731 2180 sed
1776 2127 1891 2195 ipse

320 2206 621 2260 nmehinam
642 2209 883 2274 solvens,
902 2214 1088 2264 statim
1113 2212 1359 2278 demisit,
1384 2215 1778 2286 iucludeusque
1799 2219 1888 2286 qui

317 2298 847 2368 peuetraraut,eepit
869 2304 1073 2370 eosqui
1104 2303 1241 2357 mala
1270 2317 1414 2370 sorte
1438 2317 1795 2362 occurrerunt
1835 2311 1887 2362 in

317 2404 479 2444 suum
512 2391 1225 2463 exitium,strangulationis
1254 2405 1427 2453 morte
1456 2400 1619 2452 vitam
1648 2416 1891 2454 comnm-

320 2490 518 2542 tantes,
568 2482 721 2535 triste
755 2486 1129 2550 spectaculum
1158 2485 1466 2547 oil‘erentes.
1497 2488 1727 2543 dimidio
1765 2504 1888 2543 cor-

318 2572 465 2640 poris
498 2572 551 2624 in
593 2574 825 2627 interius
854 2575 1124 2637 inclinati,
1165 2577 1371 2646 reliqua
1411 2589 1561 2646 parte
1616 2580 1876 2633 exteriusi

317 2665 615 2732 conspecti,
648 2670 845 2718 merito
875 2667 1114 2734 lugendi.

1995 1765 2286 1835 θυφέσεσιν
2308 1807 2322 1831 ,
2352 1766 2425 1833 ὡς
2457 1769 2485 1818 ό
2515 1766 2674 1833 λόγος
2708 1765 3025 1837 προϐαίνων
3055 1763 3309 1832 ἐκφανῶς
3339 1762 3572 1830 διαγρά-

1993 1857 2187 1927 eam.
2226 1859 2301 1922 ὡς
2345 1859 2431 1923 ἂν,
2469 1851 2648 1928 οἶμαι.
2685 1858 2808 1918 τοὺς
2854 1855 3148 1927 πολεμίους
3192 1853 3328 1922 πρὸς
3370 1852 3566 1906 ἑαυτοῦ

1996 1951 2359 2019 ποιησάμενος
2393 1948 2761 2017 ἑκμειλίξαιτο
2782 1989 2797 2013 ,
2829 1947 2945 2014 είγε
2980 1947 3074 1999 καὶ
3106 1946 3262 1998 πόλιν
3293 1945 3569 2012 τοσαύτην

1993 2043 2206 2111 ἀφῆκεν
2236 2040 2380 2097 οὕτω
2410 2042 2617 2103 πεσεῖν,
2651 2041 2747 2093 καὶ
2777 2038 2955 2108 φόνων
2983 2037 3041 2090 δὲ
3071 2037 3296 2106 γέγονεν
3326 2036 3565 2106 αὐτουρ-

1990 2132 2106 2201 γὸς,
2155 2132 2565 2194 έπικαταθύσας
2608 2132 2703 2185 καὶ
2747 2129 2933 2192 αὐτὸς.
2978 2128 3070 2190 οὒς
3117 2128 3496 2197 ἐπεμέτρησεν
3536 2127 3569 2178 ὁ

1992 2224 2207 2293 καιρός.
2237 2226 2313 2276 Ού
2342 2226 2451 2295 γὰρ
2480 2225 2663 2287 ἄλλοις
2688 2222 2916 2288 ἐπέταξε
2946 2219 3286 2291 χαλασθῆναι
3309 2219 3407 2289 τὴν
3434 2233 3565 2286 κρυο

1992 2298 2159 2384 φαίαν
2195 2313 2419 2385 ἐκείνην
2458 2314 2655 2385 πύλην,
2699 2313 2973 2382 μετέωρον
3005 2309 3256 2381 ἠρμένην
3291 2311 3353 2361 ἐκ
3390 2325 3564 2379 μηχαο

1991 2406 2121 2472 νῆς·
2161 2406 2277 2458 ἀλλ’
2302 2405 2463 2466 αὐτὸς
2499 2405 2564 2456 re
2594 2406 2872 2474 τέχνασμα
2913 2400 3296 2471 σχάσαςκατὰ
3331 2398 3565 2470 σπουδὴν

1992 2497 2304 2565 κατήνεγκε
2326 2514 2339 2526 ·
2374 2497 2467 2548 κςιι)⁵
2496 2496 2638 2548 κατὰ
2665 2495 2772 2546 τῶν
2803 2491 3283 2563 παρεισδυομένων
3316 2488 3567 2555 συγκλεί-

1986 2604 2123 2653 σας,
2158 2587 2483 2656 ὲπαγίδευσε
2514 2588 2640 2647 τοὺς
2674 2583 3002 2654 ὑποτρέχειν
3034 2582 3302 2652 λαχόντας
3334 2582 3415 2643 είς
3448 2579 3567 2633 ϐλε-

1990 2675 2142 2745 θρον,
2188 2677 2437 2748 σφιγκτῷ
2481 2676 2705 2747 θανάτῳ
2751 2674 3158 2744 μετηλλαχότας
3199 2675 3261 2725 τὸ
3306 2672 3426 2742 ζῇν,
3471 2683 3564 2734 καὶ

316 2755 601 2823 κειμένους
630 2758 845 2826 οἰκτρὸν
875 2757 1076 2827 θέαμα,
1107 2757 1183 2827 τῷ
1219 2757 1318 2826 μὲν
1347 2757 1536 2827 ἡμίσει
1564 2758 1660 2812 τοῦ
1693 2759 1945 2831 σώματος
1981 2767 2400 2835 προκύπτοντας
2437 2770 2528 2822 ἐπὶ
2562 2768 2631 2824 τὰ
2700 2769 2883 2835 ἐντὸς,
2953 2768 3030 2838 τῷ
3064 2764 3133 2821 δὲ,
3192 2764 3363 2834 λοιπῷ
3429 2780 3562 2832 προ-

315 2850 670 2917 φαικρομένους
703 2852 814 2911 τοῖς
875 2850 1023 2911 κτδς.
1057 2848 1203 2901 ὥστε
1232 2850 1541 2905 κλαίεσθαι.

387 2939 437 2991 7.
469 2938 593 2992 Fuit
632 2952 808 2992 autem
843 2940 1005 2992 homo
1030 2951 1218 2993 noster
1239 2942 1375 2995 adeo
1406 2945 1688 3011 promptus
1717 2944 1769 2997 in
1803 2945 1889 3001 de-

2074 2948 2138 3014 C'.
2180 2951 2238 3005 '0
2281 2952 2336 3006 δὲ
2382 2951 2476 3005 καὶ
2523 2952 2611 3014 εἰς.
2645 2950 2901 3006 τοσοῦτον
2938 2946 3008 3023 ἦν
3044 2950 3289 3020 ἀνδρεῖος
3331 2947 3564 3001 διολέσαι

315 3024 471 3084 lentia
523 3032 678 3097 urbe,
716 3042 772 3084 ut
809 3032 875 3085 de
945 3033 1077 3085 turri
1128 3048 1247 3101 qua:
1302 3036 1668 3103 supereminet
1715 3038 1882 3104 portis

313 3121 506 3177 vicinis
560 3123 744 3177 funem
812 3123 1099 3178 demiserit
1145 3123 1199 3176 in
1248 3125 1435 3179 hostes
1485 3125 1552 3179 ad
1608 3126 1757 3180 illum
1791 3142 1884 3183 ac-

312 3225 594 3267 currentes
621 3254 636 3279 ,
692 3215 764 3270 ita
797 3225 854 3268 ut
892 3216 1089 3269 milites
1125 3214 1179 3270 in
1207 3216 1341 3269 turri
1378 3215 1510 3270 nihil
1539 3218 1880 3287 prodessent,

313 3312 367 3356 et
398 3307 646 3358 semitam
682 3307 798 3376 ejus
831 3306 1123 3376 funemque
1149 3322 1245 3376 per
1265 3308 1433 3360 risum
1467 3306 1843 3366 decantarent.

1991 3040 2090 3110 τὴν
2122 3040 2249 3110 ὅλην
2283 3041 2455 3106 πόλιν,
2487 3039 2562 3103 ὡς
2592 3039 2709 3110 ἅμα
2737 3057 2797 3093 τε
2826 3038 2920 3092 τοῦ
2951 3039 3164 3108 πύργου
3196 3036 3473 3105 γενέσθαι,
3505 3036 3567 3100 ὃς

1991 3133 2420 3203 ὐπερανίσταται
2447 3132 2555 3186 τῶν
2582 3135 2759 3185 ἐκεῖσε
2793 3130 2997 3196 πυλῶν,
3024 3130 3127 3182 καί
3146 3129 3264 3198 ἅμα
3290 3129 3379 3181 διὰ
3413 3128 3565 3197 σχοί-

1987 3237 2079 3275 νου
2121 3223 2364 3277 καθεῖναι
2398 3225 2477 3286 είς
2509 3225 2634 3285 τοὺς
2670 3221 3068 3290 ἐπιδραμόντας
3106 3220 3402 3289 πολεμίους
3441 3220 3566 3272 ἑαυ-

1987 3313 2108 3377 τὸν,
2141 3313 2381 3369 ἐάσαντα
2406 3316 2529 3376 τοὺς
2558 3316 2652 3367 ἐπὶ
2681 3314 2778 3367 τού
2812 3315 3028 3383 πύργου
3062 3313 3403 3382 στρατιώτας
3433 3312 3569 3366 κενὰ.

316 3395 545 3467 μελετᾷν
579 3397 718 3467 ὑπὲρ
750 3397 844 3451 τοῦ
887 3399 1194 3469 ἐρύματος,
1229 3403 1323 3452 καὶ
1360 3400 1460 3469 τὴν
1492 3400 1678 3471 τρίϐον
1713 3401 1878 3456 αὐτοῦ
1911 3405 2006 3459 καὶ
2031 3406 2128 3477 τὴν
2156 3410 2364 3476 σχοῖνον
2418 3407 2629 3478 ταύτην
2683 3407 2988 3477 ἐπαράτους
3040 3403 3442 3480 έξιχγιάζεσθαι
3471 3405 3565 3456 καὶ

315 3506 380 3546 πε
390 3493 609 3565 ριᾴδεσθ
618 3513 645 3545 2
654 3513 691 3546 t.

385 3591 439 3645 8.
473 3590 571 3644 ilic
594 3601 903 3644 commotus
934 3590 1164 3644 inducor
1194 3589 1259 3643 ad
1314 3592 1491 3645 virum
1544 3592 1882 3662 compellen-

315 3683 446 3736 dum
489 3683 569 3738 sic
623 3682 1033 3752 inquisiturus:
1070 3683 1180 3737 Cur
1232 3683 1474 3750 tandem,
1511 3686 1711 3751 optime
1752 3683 1884 3749 dux,

316 3777 591 3830 civitatem
621 3774 908 3827 destruere
935 3773 1144 3836 sinens,
1169 3783 1349 3841 partes
1386 3773 1563 3828 editas
1584 3774 1888 3841 oecupasti,

316 3869 597 3935 latereque
627 3865 894 3919 iestinasti
923 3866 1092 3932 intus,
1114 3868 1157 3920 si
1195 3867 1437 3920 sichrevi
1471 3881 1588 3920 eam
1618 3867 1758 3920 inter
1784 3882 1897 3919 ma-

313 3977 418 4014 nus
459 3959 696 4025 hostium
721 3960 988 4028 captivam
1029 3974 1179 4013 esses
1226 3958 1560 4013 relicturus?
1590 3956 1699 4021 Cur
1731 3958 1896 4012 mise-

313 4067 427 4105 ram
448 4064 633 4104 vocem
664 4050 729 4103 ad
763 4050 1193 4103 misericordiam
1220 4052 1538 4106 movendam
1569 4067 1676 4105 non
1696 4051 1895 4104 extuli-

314 4146 732 4209 sti,antequam
779 4138 1076 4193 suil‘ocares
1098 4155 1235 4208 quos
1286 4149 1437 4209 porta
1473 4141 1690 4195 tenebat
1731 4150 1894 4209 atque

318 4241 548 4286 cmteros
565 4230 589 4284 ?
606 4229 888 4296 Quomodo
907 4244 1013 4283 non
1036 4239 1276 4285 moveret
1293 4232 1485 4293 rismn,
1500 4231 1651 4285 illum
1673 4247 1895 4287 currere

2057 3599 2129 3663 η’.
2167 3592 2435 3647 Ἐνταῦθα
2468 3592 2862 3663 παθαινόμενος
2898 3592 3211 3664 προάγομαι
3242 3610 3294 3645 τι
3325 3593 3559 3663 λαλῆσαι

1994 3684 2129 3753 πρὸς
2160 3683 2251 3737 τὸν
2281 3684 2469 3752 ἄνδρα,
2501 3682 2597 3736 καὶ
2630 3682 2900 3735 πυθέσθαι
2933 3681 3097 3735 αὑτοῦ
3118 3697 3132 3713 ο
3165 3682 3229 3734 Τί
3261 3682 3481 3753 δήποτε,
3515 3679 3560 3739 ὧ

2000 3777 2243 3847 βέλτιστε
2281 3775 2551 3845 στρατηγέ
2574 3815 2588 3839 ,
2622 3775 2722 3844 τὴν
2755 3774 2905 3826 κάτω
2940 3773 3094 3827 πόλιν
3127 3775 3563 3831 κατακόπτεσθαι

2001 3867 2180 3935 ἀφεὶς,
2207 3864 2390 3933 ἐγένου
2418 3864 2515 3934 τῆς
2542 3865 2654 3918 ἄνω
2682 3864 2898 3936 μοίρας,
2928 3866 3022 3919 καὶ
3051 3866 3299 3919 σπεύδων
3323 3867 3565 3938 ἐκρύϐης

2001 3957 2174 4023 έντδς,
2202 3958 2250 4009 εί
2277 3956 2419 4008 οὕτω
2445 3956 2583 4026 ταχῦ
2611 3955 2777 4031 ἐχρῆν
2805 3973 2864 4013 σε
2895 3956 3425 4028 καὶκαύτὴνάφεῖναι
3451 3961 3566 4021 got;

2000 4048 2217 4118 ἐχθροῖς
2258 4048 2605 4116 ὑποχείριον;
2650 4046 2715 4099 Τί
2757 4046 2813 4098 δὲ
2858 4047 3073 4120 μηπτὴν
3118 4047 3318 4117 ἀγεννῆ
3356 4048 3562 4117 φωνὴν,
3611 4037 3613 4039 ’

1999 4139 2099 4207 τὴν
2124 4138 2218 4192 τοῦ
2249 4138 2533 4207 ὲλεηθῆναί
2565 4156 2644 4202 σε,
2675 4138 3048 4206 προέκρωξας,
3078 4138 3371 4209 πρινὴκαλ⁹
3396 4156 3568 4192 καταο

2002 4227 2185 4292 πνίξαι
2211 4227 2337 4289 τοὺς
2363 4228 2420 4278 ὲν
2446 4229 2511 4297 τῇ
2547 4226 2690 4297 πύλῃ
2719 4225 3015 4295 σχεθέντας
3034 4228 3130 4279 καὶ
3153 4228 3281 4290 τοὺς
3309 4228 3566 4292 λοιπούς;

315 4321 369 4375 in
409 4335 588 4375 arcem
632 4330 888 4389 tanquam
929 4320 983 4373 in
1028 4317 1378 4391 praesidium,
1403 4319 1808 4390 ascendereque
1835 4323 1887 4376 in

2001 4319 2125 4383 Πῶς
2170 4320 2232 4373 ού
2279 4318 2488 4388 γελοῖον
2530 4319 2846 4389 είσδραμεῖν
2884 4315 2982 4387 τὴν
3023 4317 3324 4386 ἀκρόπολιν
3364 4319 3441 4382 ὡς
3488 4320 3575 4383 είς.

315 4412 509 4467 turrim
542 4419 796 4481 tanquam
829 4410 882 4464 in
905 4411 1084 4466 locum
1118 4410 1403 4466 altitudine
1436 4420 1649 4477 tutum,
1681 4414 1889 4475 statim-

1994 4412 2240 4481 ἄμυναν,
2278 4412 2373 4464 καὶ
2407 4410 2755 4482 ἀναπηδῆσαι
2788 4409 2868 4473 είς
2902 4407 3110 4479 πύργον
3144 4407 3349 4472 ὡς.έπ’
3374 4412 3568 4483 ἀγαθῷ

314 4498 421 4574 que
466 4518 524 4558 se
569 4502 852 4558 demittere
895 4517 993 4572 per
1047 4501 1485 4579 funem,hocque
1532 4503 1698 4559 citius
1728 4518 1889 4572 quant

1994 4503 2101 4557 τῶν
2140 4503 2254 4558 ἄνω
2295 4503 2568 4569 ἑστώτων,
2610 4503 2707 4555 καὶ
2748 4501 2949 4555 αὐτίκα
2986 4499 3287 4571 δράξασθαι
3328 4500 3566 4573 σχοίνου,

315 4594 478 4650 situla
523 4595 577 4648 iu
623 4596 753 4649 ittue
788 4596 972 4665 putei?
1031 4593 1076 4648 0
1103 4596 1339 4649 maxime
1368 4597 1480 4650 risu
1515 4596 1736 4666 dignum
1765 4610 1889 4650 cum

1994 4596 2088 4649 καὶ
2118 4594 2316 4648 θᾶττον
2348 4596 2501 4651 κάτω
2534 4593 2828 4664 γενέσθαι,
2862 4593 3010 4664 ἢπερ
3045 4591 3259 4647 καδδίον
3291 4593 3350 4645 έν
3380 4594 3568 4665 ίμονίᾳ

314 4688 422 4743 dux
454 4688 686 4743 illustris
710 4688 1044 4743 constitutus
1071 4696 1196 4741 ante
1236 4697 1422 4758 portas
1446 4688 1744 4743 orientales
1771 4697 1893 4742 tan-

314 4796 477 4853 quam
514 4781 580 4836 ad
604 4781 871 4836 illustrem
912 4796 1144 4852 pugnam
1170 4819 1187 4845 ,
1209 4779 1334 4845 dein
1385 4778 1570 4837 videns
1603 4779 1893 4850 quemdam

317 4874 386 4930 et
414 4876 667 4932 hostibus
697 4876 1016 4929 velociorem
1052 4881 1513 4944 superantemque
1538 4871 1764 4938 vallum,
1796 4872 1896 4925 ha-

321 4954 490 5020 benas
524 4965 792 5019 dimiserit
820 4980 962 5035 equo
995 4964 1061 5016 ad
1092 4964 1426 5028 irrueudum,
1449 4963 1749 5034 procedens
1766 4977 1897 5016 con-

317 5050 401 5112 tra
435 5074 651 5113 omnem
679 5060 852 5113 aciem
871 5056 1169 5113 exercitus.
1195 5056 1489 5135 Postquam
1545 5063 1725 5110 autem
1756 5069 1895 5125 quos

316 5151 600 5206 invenerat
657 5149 963 5227 subegisset
1013 5159 1067 5204 et
1109 5148 1394 5218 irrupisset
1448 5147 1722 5223 superius,
1763 5145 1892 5200 dein

319 5243 517 5298 multos
542 5240 905 5297 interiecisst't
921 5253 1101 5311 porta,
1118 5242 1185 5296 de
1207 5256 1311 5311 qua
1341 5240 1505 5293 locuti
1531 5254 1739 5302 sumus,
1761 5237 1897 5294 alios

321 5334 423 5391 illa,
464 5344 619 5404 porta
649 5349 711 5387 ex
761 5334 868 5387 aito
918 5333 1178 5400 demissa,
1203 5333 1339 5388 alios
1381 5345 1512 5386 vero
1535 5329 1628 5405 qui
1654 5330 1896 5386 exterius

320 5434 478 5480 erant
505 5467 517 5489 ,
558 5426 660 5481 tito
688 5425 932 5480 ascendit
960 5434 1297 5496 pugnaturus
1330 5440 1360 5479 e
1385 5423 1542 5490 turri,
1570 5424 1727 5477 cuius
1767 5435 1897 5477 vero

325 5517 609 5577 descendit
630 5586 633 5591 _
661 5520 727 5574 ad
762 5524 1066 5589 capturam,
1094 5516 1148 5575 in
1175 5519 1279 5572 hoc
1301 5531 1411 5571 uno
1430 5515 1588 5572 fortis
1615 5516 1759 5588 quod
1782 5532 1898 5577 non

334 5610 389 5669 in
422 5619 605 5682 sporta
640 5610 851 5667 tardius
881 5608 1145 5666 dimissus
1185 5606 1308 5675 fuit,
1342 5605 1440 5663 sed
1478 5615 1758 5665 momento
1798 5606 1899 5665 ad-

1993 4688 2135 4740 κατὰ
2161 4686 2393 4758 φρέατος
2412 4702 2429 4754 ;
2446 4686 2512 4738 Ὃ
2537 4685 2773 4753 γέλωτος
2796 4683 3013 4752 τούτου,
3039 4685 3122 4738 ὅτι
3148 4683 3567 4755 παρατεταγμέ-

1994 4795 2085 4840 νος
2112 4779 2139 4831 ὀ
2166 4777 2418 4849 λαμπρὸς
2448 4776 2674 4847 ἡγεμὼν
2706 4776 2814 4846 πρὸ
2839 4774 2951 4832 τῶν
2981 4774 3132 4847 ἑῴων
3163 4773 3345 4828 πυλῶν
3369 4773 3447 4837 ὡς
3475 4775 3570 4828 ἐπὶ

1960 4901 1973 4917 .
1997 4869 2150 4942 μάχῃ
2175 4868 2436 4939 λαμπρᾷ,
2471 4863 2592 4921 εἶτα
2626 4866 2750 4925 ίδὼν
2779 4866 2876 4923 ἕνα
2904 4867 3027 4920 τινὰ
3059 4866 3315 4936 πολέμιον
3345 4865 3575 4940 ἐλαφριη

1997 4960 2193 5015 σθέντα
2222 4962 2317 5014 καὶ
2347 4958 2729 5031 ὑπερφανέντα
2758 4957 3037 5013 κατὰτῶν
3067 4956 3373 5025 ἐπάλξεων,
3400 4958 3573 5026 ἀνῆκε
3598 5002 3603 5007 .

1996 5052 2085 5105 τὸν
2122 5053 2336 5125 ῥυτῆρα
2367 5051 2444 5122 τῷ
2483 5051 2636 5122 ἵππῳ
2671 5050 2815 5105 θέειν
2836 5090 2853 5116 ,
2887 5048 3208 5120 προτρέχων
3242 5046 3337 5101 τοῦ
3371 5047 3575 5109 παντὸς

1996 5144 2183 5215 ὁμίλου
2212 5144 2313 5215 τῆς
2349 5144 2606 5215 στρατιᾶς
2631 5159 2645 5174 ⁸
2678 5143 2775 5196 καὶ
2812 5141 3176 5211 συμπατήσας
3206 5140 3333 5203 τοὺς
3366 5157 3573 5210 παρευ-

2000 5237 2291 5309 ρημένους,
2319 5237 2414 5290 καὶ
2440 5235 2749 5306 εἰσδραμων
2774 5231 2908 5296 ἄνω,
2939 5227 3057 5284 εἶτα
3083 5231 3180 5285 καὶ
3208 5231 3418 5302 βλάψας
3447 5230 3575 5283 πολ-

1996 5329 2122 5393 λοὺς
2151 5327 2241 5383 διὰ
2269 5328 2444 5400 πύλης
2462 5368 2478 5395 ,
2509 5327 2576 5395 ἢν
2605 5321 3016 5396 προεξεθέμεθα
3034 5365 3055 5389 ,
3076 5324 3202 5387 τοὺς
3236 5323 3335 5393 μὲν
3364 5323 3458 5375 ὑπ’
3479 5322 3576 5375 αύ-

1997 5420 2095 5490 τῆς
2124 5421 2338 5492 ἐκείνης
2365 5418 2788 5491 κατενεχθείσης
2818 5418 2884 5470 ὲκ
2914 5413 3215 5487 μετεώρου,
3242 5414 3368 5478 τοὺς
3393 5414 3451 5468 δὲ
3486 5415 3580 5468 καὶ

1997 5511 2079 5580 οἷς
2103 5513 2207 5581 ἐξω
2233 5513 2707 5584 συνεκλείσθησαν,
2732 5511 2868 5583 ταχύ
2898 5508 2997 5580 μὲν
3019 5506 3189 5579 ἀνέϐη
3218 5506 3579 5579 numam“-
3630 5529 3639 5533 -

2002 5623 2140 5671 σων,
2170 5594 2355 5674 τάχιον.
2379 5603 2436 5658 δὲ
2467 5602 2675 5674 κατέϐη
2704 5600 3107 5670 δουλωσόμενος
3126 5638 3143 5667 ,
3171 5597 3330 5654 τοῦτο
3357 5598 3451 5651 καὶ
3481 5590 3578 5665 μα
