4036 6224
480 465 547 532 17
1240 472 1342 532 DE
1386 474 1968 536 THESSALONICA
2012 474 2227 539 URBE
2270 480 2315 536 A
2358 478 2676 539 LATINIS
2710 476 2967 537 CAPTA.
3659 470 3726 537 18

471 597 563 634 νον
604 581 1028 649 ἁνδρισάμενος,
1069 582 1151 634 δτι
1198 585 1275 652 μὴ
1308 578 1404 639 ’διὰ
1449 587 1726 655 σαργάνης
1780 588 2055 658 ὲχαλάσθη

2164 591 2379 657 volavit,
2421 602 2687 659 tanquam
2751 589 2994 658 wlgaris
3018 588 3131 642 ales
3180 587 3247 643 ad
3281 590 3494 658 pastum
3543 598 3724 651 suum,

478 672 845 742 σχολαίτερον,
897 672 1034 727 ἀλλὰ
1068 674 1280 744 μικροῦ
1329 679 1731 750 κατεπετάσθη,
1779 682 1911 734 ὡσεὶ
1958 684 2054 735 καὶ

2164 695 2269 735 non
2304 696 2431 735 vero
2472 692 2530 734 ut
2575 680 2754 749 aquila
2793 680 2859 733 ad
2894 675 3130 732 nobilem
3153 676 3412 746 pradam.

485 755 904 827 βοσκηματῶδες
930 760 1131 830 πτηνὸν
1151 762 1245 815 ἐπὶ
1268 766 1439 836 νομήν
1459 783 1473 798 ⁸
1499 768 1559 821 οὐ
1586 768 1695 843 γὰρ
1719 769 1893 839 δήπου
1917 771 2050 824 ὡσεὶ
2077 772 2169 826 καί
2195 790 2248 827 τι
2276 773 2506 835 ἀετῶδες
2536 772 2630 824 ἐπὶ
2658 772 2836 839 ἄγραν
2864 770 3084 839 εὐγενῆ.

561 855 628 909 θ’.
665 855 902 926 Καὶξοῦκ
942 858 1112 928 ἐχρῆν
1155 861 1253 931 μὲν
1295 861 1506 931 ἄνδρα,
1550 865 1721 919 πάλαι
1758 867 2063 940 μεμελετη-

494 948 628 1000 κότα
651 948 835 1015 χεῖρας
861 947 1115 1005 ἁπλῶσαι
1143 946 1477 1020 γυναικικῶς
1502 960 1613 1021 τοῖς
1638 959 1949 1027 διώκουσιν,
1977 964 2059 1027 εις

495 1040 666 1109 ἔρυμα
698 1039 1164 1109 παρεισδύεσθαι,
1196 1044 1290 1099 καὶ
1316 1046 1526 1112 κόπους
1555 1049 1757 1105 διδόναι
1790 1055 1901 1116 τοῖς
1935 1055 2059 1108 ἐπι·

490 1133 754 1199 τρέχουσι,
798 1132 873 1203 μὴ
914 1137 1010 1187 καὶ
1051 1135 1133 1205 εις
1176 1137 1356 1192 πλεῖον
1398 1143 1699 1210 μαίνοιντο.
1740 1144 1798 1199 '0
1837 1145 1880 1200 δ’
1913 1146 2048 1200 ἀλλὰ

484 1225 579 1283 τὶς
603 1220 805 1292 φρένας
830 1222 1262 1298 βλαϐεὶςέφευγε
1287 1230 1410 1299 μὲν,
1433 1233 1508 1296 ὡς
1528 1233 1622 1286 ἐπὶ
1647 1235 1883 1306 φυλακῇ,
1905 1237 2018 1291 ἄνω
2037 1254 2053 1270 ⁸

485 1315 820 1383 κατεφέρετο
856 1315 901 1369 δ’
927 1317 1090 1382 εὐθὺς
1129 1320 1362 1384 ἐκεῖθεν,
1398 1322 1475 1387 ὡς
1517 1322 1585 1377 ἂν
1616 1325 1702 1394 εἴη
1739 1324 1798 1378 τὺ
1836 1326 2060 1395 ἀγεννὲς

486 1407 655 1461 αὗτοῦ
682 1408 903 1473 ἄτοπον,
932 1411 1025 1464 καὶ
1053 1410 1131 1480 μὴ
1157 1412 1440 1484 δοξασθείη
1472 1415 1609 1485 πρός
1635 1433 1820 1477 τινων,
1849 1417 1924 1481 ὡς
1951 1418 2060 1488 ἄρα

482 1498 633 1550 ἑάλω
660 1499 992 1567 μαχόμενος.
1022 1501 1245 1572 Ἀνέϐης
1271 1506 1350 1568 εἰς
1377 1504 1507 1575 ὕψος
1533 1506 1783 1576 φροῦδος.
1810 1502 1855 1561 ὦ
1873 1497 2052 1571 οὗτος.

481 1590 543 1639 τδ
569 1589 670 1658 τῆς
697 1590 1043 1661 ἀκροπόλεως
1062 1610 1075 1624 ⁸
1102 1596 1530 1666 ᾑχμαλώτευσας
1560 1599 1959 1666 αἰχμαλωσίαν,
1987 1600 2052 1670 ἢν

482 1680 577 1731 καὶ
599 1680 723 1733 ἐκεῖ
747 1684 855 1744 τοῖς
881 1684 1159 1753 πολεμίοις
1176 1686 1518 1754 προῦδωκας.
1550 1689 1905 1751 Ἀπεναντὶας
1929 1689 2058 1742 ταῦ-

480 1786 568 1830 τα,
586 1766 675 1835 οἷς
701 1771 891 1840 ψάλλει
915 1775 1094 1841 Δαυϊδ,
1117 1770 1177 1829 οὗ
1194 1778 1291 1847 τὴν
1316 1778 1503 1847 κλῆσιν
1524 1780 1706 1850 ’φέρων
1728 1779 2055 1850 ήχρείωσας.

557 1862 612 1916 ι’.
656 1866 769 1919 Καὶ
816 1868 889 1936 μή
921 1884 1009 1936 μοι
1052 1871 1335 1938 νεμεσὰτω
1365 1871 1552 1938 μηδεὶς
1579 1870 1810 1924 ἐνταῦθα
1841 1869 2056 1939 γέροντι

2233 868 2515 925 9..Virum
2550 885 2768 939 quoque
2818 869 2911 938 qui
2960 868 3211 922 inimicos
3252 866 3492 921 molliter
3539 878 3724 936 perse-

2161 970 2320 1017 cutus
2361 960 2538 1016 fuerat
2592 977 2700 1015 non
2754 960 2941 1015 decuit
2986 960 3039 1013 in
3096 971 3284 1012 muros
3342 958 3720 1012 ascendereet

2158 1047 2490 1105 adversariis
2558 1051 2844 1104 molestum
2908 1063 3030 1103 esse
3086 1062 3154 1102 ne
3210 1047 3390 1115 magis
3444 1046 3713 1100 furerent.

2151 1139 2416 1194 Ceterum
2469 1146 2651 1194 mente
2687 1153 2979 1209 percussus
3009 1137 3144 1208 fugit
3190 1136 3411 1207 quidem
3463 1138 3712 1205 superius

2153 1235 2414 1296 tanquam
2446 1232 2499 1282 in
2530 1230 2879 1299 prmsidium:
2914 1228 3040 1283 inde
3069 1242 3201 1281 vero
3225 1226 3373 1282 brevi
3398 1225 3706 1290 descendit,

2153 1327 2213 1375 ut
2237 1319 2474 1375 dedecus
2542 1319 2660 1386 ejus
2694 1320 2970 1374 insolitum
3015 1325 3299 1389 appareret
3331 1358 3346 1384 ,
3392 1332 3568 1386 neque
3596 1319 3717 1387 qui-

2156 1410 2379 1465 busdam
2410 1410 2685 1466 videretur
2703 1410 2848 1465 inter
2870 1409 3212 1482 puguandum
3238 1417 3455 1477 captus.
3472 1407 3719 1472 Frustra,

2158 1516 2191 1555 ο
2237 1503 2337 1569 ιιι.ξ
2363 1502 2416 1555 in
2454 1502 2600 1557 areis
2632 1502 2884 1557 verticem
2922 1500 3238 1564 ascendisti,
3271 1518 3290 1551 ς
3326 1500 3591 1569 captivam
3621 1500 3722 1553 du-

2160 1605 2287 1645 cens
2337 1592 2700 1659 captivitatem
2734 1594 2775 1656 ¹,
2810 1611 2829 1645 ι
2885 1607 3045 1660 quam
3083 1592 3330 1646 hostibus
3376 1591 3719 1655 tradideras;

2162 1682 2254 1736 sed
2290 1682 2402 1735 haec
2433 1680 2498 1734 iis
2526 1696 2646 1750 qua:
2676 1680 2842 1736 David
2873 1692 3054 1735 cantat
3081 1688 3400 1751 repugnant,
3432 1691 3598 1749 tuque
3626 1697 3723 1734 no-

2164 1787 2283 1827 men
2317 1772 2460 1828 illius
2504 1772 2801 1841 usurpasti.

2234 1861 2319 1914 10.
2336 1860 2506 1914 Nemo
2538 1860 2626 1914 hic
2659 1860 2786 1914 mihi
2816 1861 3014 1914 seniori
3036 1861 3381 1928 pnsillanlmo
3411 1859 3723 1929 indignetur

486 1955 844 2025 μικροψύχῳ,
902 1957 1124 2023 τοιαῦτα
1184 1959 1534 2026 καταλέγοντι
1590 1961 1812 2028 ἀνδρὸς,
1878 1953 2050 2028 οὗπερ

2164 1954 2216 2008 le
2250 1953 2445 2027 talibus
2468 1954 2749 2007 accusanti
2777 1953 2949 2006 virum
2980 1970 2997 2003 ι
3029 1953 3185 2021 cujus
3215 1952 3448 2007 medium
3476 1951 3623 2020 jecur
3656 1952 3720 2004 li-

490 2063 510 2095 ι
552 2044 719 2113 ήδέως
754 2044 822 2098 ἂν
853 2050 1018 2114 μέσον
1047 2042 1200 2118 ἧπαρ
1233 2046 1430 2118 ἔχοιμι,
1464 2048 1591 2112 ὀδὰξ
1624 2050 1824 2116 ἐμφὺς,
1863 2068 1882 2101 ι
1913 2050 2054 2102 κατά

482 2136 583 2205 τὴν
619 2136 927 2206 Ὁμηρικὴν
960 2140 1134 2191 εἰπεῖν
1168 2141 1382 2208 γραῖαν,
1419 2120 1539 2192 ἀνθἐ
1563 2133 1637 2192 ὧν
1672 2140 1761 2192 καὶ
1795 2140 2054 2211 τηλικαύ-

486 2244 591 2296 της
627 2245 646 2278 ι
682 2227 889 2290 πόλεως
925 2230 1184 2282 κατέλυσε
1217 2230 1449 2299 κάρηνα,
1480 2232 1574 2284 καὶ
1608 2232 1816 2285 πολλῶν
1848 2231 2054 2301 ἀνδρῶν

488 2320 704 2382 γούνατ’
726 2320 903 2377 ἔλυσε.
940 2341 959 2373 ι
988 2322 1202 2375 Γένοιτο
1228 2322 1284 2375 δὲ
1316 2323 1390 2392 μὴ
1423 2325 1515 2376 καὶ
1543 2325 1708 2377 εἰσέτι
1736 2324 1982 2392 λυθῆναι,
2010 2318 2054 2377 ὦ

497 2414 593 2466 εὶεέ
625 2413 866 2482 βασιλεῦ,
901 2416 996 2467 καὶ
1028 2409 1072 2468 ὦ
1108 2416 1342 2483 θεράπον
1374 2417 1558 2481 αὐτοῦ,
1593 2416 1841 2486 πολιοῦχε
1875 2416 2051 2486 ἡμῶν.

496 2506 571 2574 μή
604 2508 690 2559 καὶ
723 2506 1050 2576 ὲπεκταθείη
1084 2507 1157 2568 εἰς
1197 2509 1460 2577 μήκιστον
1489 2509 1548 2560 τδ
1580 2508 1766 2561 κακόν.
1801 2510 1908 2561 Καὶ
1939 2505 2055 2562 οῖδα

495 2597 591 2661 μὲν
620 2598 888 2651 συπστῶν
919 2596 1030 2665 ἐγὼ
1057 2597 1149 2650 τὸν
1177 2598 1346 2667 ἄνδρα
1373 2596 1559 2651 τοῦτον
1588 2597 1658 2651 τὰ
1687 2597 1795 2668 πρὸ
1823 2600 1922 2668 τῆς
1954 2600 2057 2668 μά-

489 2705 609 2758 χης,
642 2688 738 2741 καὶ
773 2689 1008 2756 εὐλογῶν
1039 2691 1096 2743 ἐν
1126 2691 1344 2761 εἰρήνης
1382 2689 1559 2760 καιρῷ
1585 2690 1657 2743 τὰ
1690 2691 1898 2744 ἐκείνου
1920 2707 1936 2721 ⁸
1965 2693 2054 2745 ὅτε

489 2781 537 2831 οξ
570 2781 669 2849 μὲν
695 2780 925 2849 κέρδους
955 2782 1268 2852 πρηκτῆρες
1300 2783 1510 2836 πολῖται
1541 2783 1900 2849 λαλαγοῦντες
1929 2784 2056 2836 ἐπέ-

490 2888 670 2923 κειντο
699 2871 822 2923 κατ’
841 2871 1027 2937 αὐτοῦ,
1061 2872 1203 2942 ἅπερ
1235 2874 1425 2945 ἧθελον
1444 2892 1458 2906 ⁸
1489 2876 1647 2945 ἡμεῖς
1675 2875 1729 2928 δὲ
1758 2876 1950 2940 ἄλλως,
1981 2876 2057 2939 ὡς

489 2961 748 3029 ἔπρεπεν,
784 2962 1190 3031 ἦρμοττόμεθα.
1230 2965 1343 3017 Καὶ
1374 2965 1534 3028 αὐτὸς
1567 2966 1625 3019 δὲ
1662 2969 2053 3038 ἁντιστρέιρων,

489 3054 549 3105 τὸ
573 3053 744 3121 φίλιον
768 3053 990 3121 ἔφαινεν
1014 3054 1155 3124 ὑπὲρ
1178 3055 1335 3125 ἡμῶν
1358 3057 1449 3109 καὶ
1476 3056 1716 3127 βλέμμα,
1740 3061 1834 3112 καὶ
1856 3061 2052 3127 νεῦμα,

492 3145 588 3195 καὶ
612 3144 672 3196 τδ
694 3144 753 3196 ὲν
776 3144 1072 3214 πρακτέοις
1097 3144 1351 3216 βάδισμα.
1381 3146 1494 3202 Νῦν
1518 3149 1562 3202 δ’
1579 3150 1714 3201 ἀλλὰ
1737 3151 1788 3203 τι
1813 3150 1905 3203 καὶ
1928 3151 2057 3218 δρά-

493 3249 688 3301 σομεν,
722 3234 1015 3304 εὑρηκότες
1047 3236 1139 3288 τὸν
1174 3237 1484 3291 ἐπαινετέον
1519 3238 1724 3314 ἐκεῖνον
1762 3241 2058 3308 μεταϐαλό-

504 3340 684 3390 μενον,
713 3326 799 3378 καὶ
829 3327 1030 3398 μηκέτι
1055 3325 1253 3390 τόπους
1282 3328 1362 3392 εἰς
1391 3329 1664 3399 εὐφημίαν
1694 3331 2063 3402 ὑποϐαλλόμε-

498 3431 619 3479 vov;
642 3409 714 3467 Ἦ
740 3416 961 3480 πάντως
987 3416 1339 3489 ἐνθυμητέον,
1369 3421 1445 3484 ὡς
1478 3422 1665 3476 καινὸν
1695 3424 1846 3477 οὐδέν
1870 3440 1884 3455 ⁸
1918 3426 2061 3481 καθὰ

494 3506 735 3575 στέργων
771 3509 979 3571 ἐκεῖνος
1011 3509 1081 3561 τὰ
1122 3509 1314 3580 πρώην
1348 3512 1528 3582 ἡμᾶς,
1564 3509 1683 3567 εἶτα
1722 3517 1781 3568 ὲν
1815 3516 2065 3585 ὑστέροις

491 3600 591 3651 οὔκ
624 3600 815 3667 ἠγάπα
847 3602 1194 3670 ἐλέγχοντας.
1225 3596 1312 3655 οἶα
1348 3603 1483 3673 μηδὲ
1516 3606 1676 3674 σοφὸς
1706 3606 1890 3670 αὐτὸς.
1924 3605 2065 3660 κατὰ

489 3693 578 3744 τὸν
603 3688 1029 3763 Παροιμιαστὴν,
1054 3690 1197 3746 οὕτω
1216 3693 1311 3747 καὶ
1333 3696 1475 3765 lupa;
1498 3695 1618 3749 τότε
1648 3697 1745 3767 μὲν
1767 3697 1903 3766 πρὸς
1927 3697 2068 3749 ὲκεί-

493 3799 605 3844 νοις
648 3778 789 3836 εἶναι
828 3783 913 3835 διὰ
950 3784 1009 3836 τὸ
1051 3784 1217 3849 ὅσιον,
1260 3784 1342 3837 δτι
1389 3786 1525 3856 μηδὲ
1566 3787 1686 3841 λίαν
1728 3788 1931 3856 Θρασὺς
1972 3783 2063 3858 ἦν,

496 3874 639 3927 κατὰ
670 3873 799 3936 τοὺς
830 3874 1195 3939 αὐθεκάστους
1229 3875 1299 3930 τὰ
1334 3879 1489 3930 κοινὰ
1529 3879 1770 3931 σίνεσθαι
1795 3894 1810 3909 ⁸
1847 3875 1964 3933 εἶτα
2001 3879 2067 3950 δὴ

495 3966 718 4036 ὄλεθρον
748 3965 808 4031 ἐξ
847 3966 1056 4021 ἐκείνου
1092 3970 1511 4039 προορωμένους
1552 3972 1726 4039 μισεῖν
1757 3970 1833 4033 ὡς
1871 3972 2065 4036 αἴτιον,

496 4061 623 4127 ἄρτι
654 4058 710 4111 δὲ
744 4059 840 4111 καὶ
873 4058 1320 4129 ὠλοθρευμένους
1351 4059 1557 4114 ἐθέλειν
1586 4059 1678 4112 καί
1705 4077 1760 4112 τι
1794 4060 1939 4128 μέγα
1970 4077 2069 4113 κα-

497 4148 593 4201 κον
623 4149 821 4218 ἐκείνῳ
861 4146 1300 4217 πρδσὸάξασθαι,
1334 4149 1490 4219 ἀνδρὶ
1530 4149 1704 4209 ἄλλως
1746 4150 1845 4217 μὲν
1877 4150 2068 4220 ἀγαθῷ

494 4240 708 4304 δόξαντι
733 4239 818 4309 (οὐ
845 4240 955 4308 γὰρ
984 4240 1378 4311 σκορακιστέον
1400 4240 1470 4294 τὰ
1496 4241 1633 4310 πρὸς
1659 4242 1957 4311 ἀλήθειαν),
1987 4236 2069 4306 οἷς

494 4332 552 4385 δὲ
589 4331 836 4403 στρεϐλῷ
867 4332 1049 4386 κανόνι
1085 4332 1451 4403 συνδιεγράφη
1483 4333 1558 4403 τῷ
1588 4332 1680 4387 τοῦ
1714 4333 2067 4399 δεσπόζοντος

509 4422 891 4495 ⁹Ἀνδρονίκου,
949 4424 1064 4477 ἀλλ’
1102 4426 1334 4478 ἐνταῦθα
1389 4424 1730 4479 διεκπεσόντι
1781 4428 1840 4489 ἐς
1891 4428 2068 4499 ἄκραν

498 4517 830 4587 φαυλότητα.
857 4516 995 4571 Οὔτε
1021 4518 1130 4587 γὰρ
1155 4517 1386 4585 ἀγαπῶν
1412 4513 1478 4588 ἦν
1509 4520 1737 4582 ἐκεῖνον,
1762 4519 1836 4583 ὡς
1862 4520 2070 4573 ὑποκα-

2156 2045 2349 2099 benter
2380 2044 2632 2098 haberem
2667 2044 2878 2099 fortiter
2922 2046 3180 2106 retinens,
3208 2063 3226 2095 ι
3250 2044 3403 2112 juxta
3436 2041 3722 2097 vetus‘llo-

2155 2136 2291 2191 meri
2313 2136 2538 2200 dictum,
2563 2156 2580 2188 ι
2602 2151 2667 2191 eo
2681 2137 2823 2205 quod
2848 2145 3010 2189 tanta:
3040 2137 3188 2189 urbis
3221 2149 3399 2188 arcem
3429 2133 3720 2203 prostravit

2157 2233 2562 2295 multorumque
2583 2243 2754 2297 genua
2804 2227 3127 2282 debilitavit.
3163 2244 3184 2278 υ
3213 2224 3430 2280 Utinam
3468 2240 3571 2278 non
3600 2224 3708 2292 jam

2154 2320 2539 2385 dissolvantur,
2570 2320 2713 2374 Deus
2736 2334 2849 2382 rex,
2876 2318 3236 2385 miuisterque
3255 2316 3399 2385 ejus,
3431 2318 3708 2383 protector

2154 2417 2360 2471 noster,
2397 2423 2464 2464 ne
2485 2407 2797 2476 longissime
2832 2406 3183 2474 protrahatur
3213 2403 3436 2457 malum.
3475 2399 3609 2469 Ego.
3632 2396 3716 2451 fa-

2156 2508 2293 2563 teor,
2308 2508 2433 2553 ante
2447 2514 2678 2568 pugnam
2697 2499 2865 2551 virum
2884 2497 3023 2550 hunc
3041 2495 3355 2564 probabam,
3375 2502 3720 2562 temporaque

2155 2592 2303 2661 pacis
2322 2591 2484 2643 rebus
2520 2589 2636 2659 ejus
2689 2590 2866 2643 fausta
2908 2582 3729 2656 preeahar;cumcives,utilita-

2156 2691 2224 2737 tis
2245 2695 2356 2737 sna:
2374 2688 2694 2742 sectatores,
2736 2678 3095 2732 vociferantes
3122 2685 3244 2744 post
3263 2675 3413 2727 illum
3436 2674 3725 2734 instarent,

2155 2791 2258 2829 nos
2285 2783 2463 2828 autem
2487 2788 2515 2826 e
2539 2781 2746 2833 coutra,
2768 2779 2822 2824 ut
2844 2768 3090 2831 decebat,
3111 2768 3184 2820 illi
3226 2765 3723 2820 consentiebamus.

2157 2868 2247 2921 Ille
2267 2881 2392 2921 vero
2410 2880 2468 2919 se
2508 2873 2851 2926 convertens,
2895 2875 3023 2929 erga
3070 2873 3170 2913 nos
3214 2857 3503 2911 amicitiam
3539 2858 3718 2918 ocuto,

2155 2966 2287 3011 nutu
2306 2956 2571 3024 modoque
2589 2953 2850 3007 tractandi
2870 2950 3081 3022 negotia
3101 2947 3437 3002 monstravit.
3456 2944 3558 3001 Sed
3583 2959 3727 2999 nunc

2156 3049 2285 3117 quid
2315 3061 2558 3115 agemus,
2589 3055 2873 3114 postquam
2897 3056 3019 3095 curn
3050 3039 3379 3093 laudandum
3414 3037 3723 3092 invenimus

2158 3149 2444 3205 mutatum,
2500 3150 2664 3208 atque
2717 3136 3028 3203 neutiquam
3090 3134 3205 3187 loca
3241 3134 3473 3201 gloriosa
3524 3131 3727 3198 eligen-

2162 3230 2581 3288 tcm?0mniuo
2630 3244 2758 3298 ergo
2820 3241 3006 3280 verum
3072 3233 3178 3286 est,
3214 3243 3231 3275 ι
3285 3223 3416 3276 nihil
3466 3236 3585 3276 esse
3635 3237 3733 3275 no-

2163 3341 2334 3390 vum;
2376 3343 2395 3375 ›
2464 3319 2941 3391 quemadmodum,
2991 3317 3084 3386 qui
3134 3328 3290 3369 antea
3341 3329 3440 3368 nos
3487 3312 3726 3377 amabat,

2165 3416 2362 3469 deinde
2388 3414 2441 3467 in
2471 3422 2748 3482 posterum
2778 3409 3170 3478 exprobrantes
3199 3421 3304 3460 non
3343 3405 3623 3473 diligebat,
3658 3418 3727 3456 eo

2165 3508 2308 3576 quod
2361 3522 2467 3562 non
2503 3506 2618 3574 ipse
2647 3512 2788 3556 esset
2854 3500 3092 3569 sapiens,
3142 3499 3294 3567 juxta
3351 3494 3719 3564 proverbium,

2165 3603 2236 3655 ita
2270 3601 2322 3654 in
2354 3599 2460 3653 illis
2487 3614 2586 3652 nos
2621 3612 2727 3649 non
2763 3592 3109 3648 sanctitatem
3148 3590 3410 3651 laesimus,
3440 3587 3585 3656 quod
3618 3601 3726 3640 non

2167 3693 2329 3748 nimis
2353 3699 2497 3746 esset
2525 3688 2724 3749 audax,
2750 3686 2904 3756 juxta
2940 3697 3163 3738 severos
3195 3681 3466 3740 homines,
3494 3679 3547 3732 in
3576 3692 3729 3730 com-

2172 3782 2431 3836 munibus
2463 3778 2815 3848 diripiendis.
2861 3775 3063 3829 Deinde
3094 3772 3188 3841 qui
3215 3787 3276 3825 ex
3303 3772 3396 3823 illo
3435 3769 3727 3839 perniciem

2166 3874 2558 3946 pracvidebant,
2590 3870 2739 3923 illum
2774 3878 2833 3923 ut
2870 3881 3091 3921 causam
3143 3866 3390 3925 oderant,
3423 3877 3567 3915 nunc
3603 3874 3731 3915 vero

2168 3964 2257 4032 qui
2284 3961 2501 4017 fuerunt
2543 3958 2774 4012 victima:
2826 3957 2988 4025 hujus
3043 3953 3198 4007 exitii
3234 3953 3420 4006 volunt
3450 3950 3614 4003 etiam
3662 3950 3732 4004 de

2168 4054 2260 4107 illo
2297 4050 2567 4121 quoddam
2606 4048 2806 4100 malum
2836 4059 3089 4114 magnum
3111 4043 3419 4112 prtedicerr,
3445 4041 3536 4110 qui
3571 4047 3761 4107 crete-7

2168 4161 2287 4200 runt
2307 4146 2477 4199 bonus
2507 4141 2718 4197 videtur
2745 4141 2762 4209 (
2791 4152 2896 4192 non
2916 4137 3059 4191 enim
3091 4135 3446 4205 respuendum
3471 4130 3734 4200 quidquid

2167 4246 2249 4291 est
2280 4231 2571 4302 veritatis),
2594 4229 2790 4299 quibus
2815 4226 3182 4294 conscriptum
3208 4233 3292 4279 cst
3326 4237 3528 4275 canone
3569 4235 3737 4276 curvo

2170 4324 2518 4395 imperatoris
2546 4318 2866 4380 Andronici,
2892 4317 2983 4371 sed
3022 4324 3153 4370 tunc
3182 4315 3235 4369 in
3280 4324 3579 4368 extremam
3617 4326 3739 4380 per-

2169 4418 2482 4472 versitatem
2534 4414 2785 4481 delapsus
2812 4415 2948 4463 erat.
2972 4407 3088 4461 Non
3114 4409 3258 4462 enim
3283 4405 3537 4474 diligebat
3561 4403 3732 4462 illum.

2170 4519 2229 4564 ut
2257 4506 2602 4575 postmodum
2661 4502 3021 4565 stabiliemus,
3056 4513 3155 4552 nec
3201 4496 3437 4551 vicissim
3477 4493 3736 4563 diligeba-

496 4586 845 4672 ταϐαίνοντες
880 4608 1346 4679 παραστησόμεθα
1369 4647 1384 4668 ,
1415 4586 1538 4661 οὔτε
1568 4605 1632 4662 αὖ
1665 4609 2062 4679 ἀγαπώμενος,

2171 4611 2283 4667 tur,
2314 4616 2414 4655 nec
2442 4598 2679 4668 aliquam
2727 4592 3028 4649 mercedem
3066 4588 3400 4658 concipiens,
3447 4587 3541 4643 sed
3570 4586 3736 4640 etiam

496 4701 593 4753 καὶ
620 4698 743 4752 οὔτε
775 4702 854 4763 εἰς
884 4703 1063 4769 γέρως
1095 4701 1305 4754 ἔννοιάν
1334 4717 1456 4753 τινα
1486 4700 1775 4769 καθήκων,
1805 4701 1942 4755 ἀλλὰ
1971 4702 2068 4756 καὶ

495 4791 691 4862 ποινὴν
732 4791 1137 4862 προορώμενος.
1177 4791 1322 4862 ἅπερ
1363 4792 1494 4860 ήμῖν
1537 4794 1787 4860 φανεῖται
1826 4792 2070 4862 λυμηνά-

502 4901 660 4954 μενα.
688 4882 862 4938 Τοῦτο
887 4900 944 4935 τε
969 4878 1063 4937 οὖν
1084 4882 1228 4936 οὕτω
1254 4884 1468 4953 ῥητέον,
1498 4883 1593 4936 καὶ
1618 4883 1700 4936 δτι
1725 4883 1825 4936 οὐκ
1850 4884 1915 4937 ἄν
1941 4901 2070 4938 ποτε

501 4978 818 5046 προστήσας
846 4977 908 5029 τὸ
936 4975 1159 5045 φιλητὸν
1190 4975 1300 5043 ἐγὼ
1321 5015 1337 5041 ,
1369 4977 1599 5028 κατόπιν
1630 4975 1783 5044 θείην
1812 4978 1909 5049 τὴν
1939 4978 2082 5047 ἀλή.

502 5068 656 5122 θειαν
678 5084 693 5098 ⁸
728 5067 868 5120 ἀλλὰ
896 5067 969 5121 τὰ
1004 5068 1355 5136 συμπεσόντα
1388 5066 1910 5145 προϐαλόμενος-εις
1945 5085 2078 5138 συγ-

500 5161 721 5231 γραφήν
740 5199 755 5223 ,
791 5154 860 5229 ἧς
895 5160 1064 5227 ἁρετὴ
1093 5158 1154 5212 τὸ
1191 5158 1483 5228 φιλάληθες
1505 5198 1520 5218 .
1553 5159 1654 5212 οὐκ
1689 5156 1756 5211 ἂν
1785 5160 1846 5213 τὸ
1876 5159 2081 5230 ταύτης

503 5251 832 5314 ἑπισκιάσας
869 5250 986 5318 φῶς
1022 5250 1411 5321 ἀχρειώσαιμι.
1449 5251 1605 5305 Κατὰ
1638 5250 1749 5320 γὰρ
1779 5251 1871 5304 τὸν
1902 5250 2077 5319 ὀρθῶς

500 5343 939 5411 ἀποφηνάμενον,
984 5361 1003 5394 ι
1029 5343 1183 5405 Φίλος
1226 5342 1326 5411 μὲν
1361 5343 1392 5394 δ
1430 5342 1599 5412 ἀνὴρ,
1635 5339 1885 5409 φίλτερον
1917 5342 1973 5394 δὲ
2007 5343 2070 5395 τὸ

506 5434 729 5502 ἀληθές.
780 5453 798 5485 ι
837 5435 955 5487 Ἐτι
996 5435 1053 5487 δὲ
1097 5435 1498 5506 συνθεωρητέον
1541 5434 1633 5487 καὶ
1675 5434 1750 5496 ὡς
1790 5435 2067 5502 ἐγκωμιὰ-

506 5521 664 5586 ζουσι
696 5522 798 5590 μὲν
828 5522 1171 5587 ὲπιλεκτέον,
1205 5524 1305 5576 ὅσα
1338 5523 1582 5594 χρηστὰ,
1616 5524 1708 5576 καί
1745 5536 1843 5576 που
1879 5528 1974 5577 καὶ
2000 5526 2068 5577 τὰ

508 5614 691 5682 φαῦλα
734 5616 1151 5685 μεταχρωστέον
1183 5617 1673 5688 δικηγορικὼτερον
1700 5633 1713 5648 ⁸
1753 5632 2069 5686 συγγραφο·

511 5707 691 5773 μένοις
714 5707 770 5760 δὲ
800 5708 876 5777 μὴ
901 5706 1071 5770 οὕτως
1091 5723 1106 5739 ⁸
1130 5707 1267 5764 ἀλλὰ
1289 5709 1681 5781 ἅαχειριστέον
1702 5711 1827 5774 τοὺς
1852 5710 2065 5778 λόγους,

589 5825 605 5854 ⁸
664 5823 809 5877 Psal.
856 5822 1078 5887 xvu,l9.

2178 4708 2396 4766 pomum
2436 4689 2756 4760 prmvidens,
2783 4683 2927 4753 quod
2963 4681 3120 4733 nobis
3147 4680 3536 4748 deplorandum
3589 4676 3740 4731 vide-

2174 4794 2286 4840 tur.
2328 4782 2419 4838 Sic
2445 4795 2576 4851 ergo
2615 4776 2904 4833 dicendum
2933 4789 3037 4836 me,
3086 4772 3385 4840 antepmito
3415 4785 3622 4831 amore,
3650 4784 3743 4825 ve-

2177 4875 2393 4930 ritatem
2423 4866 2817 4939 postposuisse,
2838 4864 2935 4918 sed
2963 4862 3105 4915 facta
3137 4872 3415 4927 exponens
3438 4860 3490 4912 in
3513 4860 3738 4927 scripto,

2185 4966 2342 5036 cujus
2377 4964 2629 5019 meritum
2665 4956 2926 5013 veracitas
2959 4963 3065 5016 est,
3112 4953 3274 5021 hujus
3310 4950 3515 5004 umbra:
3557 4950 3740 5003 lumen

2185 5073 2290 5113 non
2351 5054 2538 5110 velabo
2594 5050 2757 5118 idque
2814 5046 3115 5101 secundum
3182 5053 3328 5097 recte
3380 5043 3581 5097 dictum
3611 5040 3740 5095 illud

2186 5170 2204 5204 ι
2238 5148 2459 5203 Amicus
2488 5142 2706 5213 quidem
2742 5148 2830 5194 est
2858 5139 2964 5202 vir,
3017 5135 3114 5191 sed
3166 5134 3340 5204 magis
3391 5132 3561 5186 amica
3603 5130 3743 5184 veri-

2178 5251 2280 5294 tas.
2328 5257 2346 5289 ι
2380 5231 2782 5291 Memorandum
2816 5237 2898 5284 est
2937 5228 3216 5298 quomodo
3252 5241 3380 5282 suos
3403 5224 3595 5276 heroes
3623 5223 3740 5274 lau-

2175 5334 2330 5395 dent,
2361 5331 2433 5383 ita
2465 5337 2547 5389 ut,
2578 5323 2859 5378 coloribus
2894 5320 3136 5383 mutatis,
3182 5317 3360 5372 omnia
3391 5313 3554 5367 etiam
3597 5313 3739 5366 mala

2174 5423 2413 5496 pulchris
2431 5419 2608 5475 verbis
2634 5419 2772 5472 bona
2800 5415 2949 5467 liant.
2972 5413 3110 5466 Idem
3144 5424 3270 5464 vero
3291 5422 3395 5461 non
3417 5413 3499 5459 est
3519 5405 3583 5459 de
3599 5404 3737 5460 seri-

2176 5519 2282 5587 ptis
2305 5533 2321 5581 ;
2353 5512 2447 5570 sed
2471 5510 2635 5567 verba
2657 5505 2985 5562 moderanda
3010 5510 3158 5563 sunt,
3198 5507 3254 5552 ut
3276 5511 3374 5566 pro
3401 5510 3733 5565 unaquaque

2174 5610 2374 5665 veritas
2402 5602 2659 5674 postulat.
2694 5598 2791 5652 llic
2817 5610 2922 5650 non
2955 5602 3038 5648 est
3088 5593 3241 5643 locus
3270 5587 3484 5643 dicendi
3506 5587 3742 5643 encomii

2176 5716 2324 5759 more
2352 5738 2369 5764 ,
2407 5696 2501 5754 sed
2532 5693 2846 5750 festinanter
2880 5688 2935 5742 in
2964 5689 3151 5757 mente
3187 5696 3374 5737 eorum
3416 5681 3508 5761 qui
3548 5693 3740 5753 super-
