4012 6226
510 385 577 449 21
984 384 1015 411 ’

1252 383 1348 442 DE
1383 378 1675 442 TIIESSA
1686 381 1964 442 LONICA
2001 384 2096 444 Ull

2200 386 2207 443 ι
2240 387 2287 445 Α
2328 387 2640 449 LATINIS
2677 388 2940 451 CAPTA.
3677 384 3750 449 ἓξ

516 479 671 547 φαίη,
699 476 789 530 τόν
818 475 925 546 μὲν
953 473 1181 542 ἀγαθῶν
1213 474 1418 544 πλήρη,
1448 474 1636 527 κακῶν
1669 473 1727 527 δὲ
1757 474 1850 527 τὸν
1878 475 2087 544 ἕτερον,

2200 493 2380 545 super,
2437 480 2696 549 pleraque
2728 495 2949 534 veroex
3000 494 3108 534 uno
3134 479 3276 531 cado
3322 479 3610 539 malorum,
3659 478 3750 531 illa

518 563 595 623 ὧν
634 568 929 637 ἀρυόμενος
974 566 1071 629 καὶ
1118 564 1504 632 καταμιγνύων
1545 566 1750 629 ἐκεῖνος
1792 565 2087 635 ὲπεμέτρει

525 661 639 720 τοῖς
662 657 742 711 ὕπ’
762 655 945 719 αὐτὸν,
972 657 1043 708 τὰ
1074 655 1241 708 πλείω
1264 655 1323 706 δέ
1350 671 1411 721 γε
1440 653 1603 722 μόνου
1627 653 1720 707 τοῦ
1746 652 1854 705 τῶν
1877 652 2084 718 κακῶν,

538 749 781 815 αἱνίξαιτο
800 746 861 799 ἂν
890 746 1341 816 προσφυεστατο..
1366 741 1472 797 Ἤν
1499 745 1608 815 γὰρ
1636 736 1964 814 σύμμικτος,
1991 746 2084 798 καὶ

2192 570 2292 622 sibi
2321 587 2445 624 esse
2478 574 2664 625 innata
2699 572 3022 626 insinuaret.
3070 571 3202 625 Erat
3231 570 3373 625 euiut
3408 569 3752 630 commisttts,

2192 658 2260 712 dc
2303 660 2633 729 integritatis
2669 670 2851 716 autem
2894 661 3092 730 gratia,
3123 675 3224 717 nec
3251 670 3373 715 erat
3416 676 3522 714 non
3560 658 3755 715 minus

2195 766 2295 804 ucc
2346 753 2478 807 bene
2508 754 2725 809 mistus.

546 845 673 915 πρὸς
706 841 975 911 ἀκραιφνῆ
1021 843 1180 912 χάριν
1220 842 1321 894 οὐκ
1366 841 1638 908 ἄκρατος,
1681 840 1802 893 οὐδὲ
1848 840 1954 910 μὴν
1994 840 2278 914 εὔκρατος,

610 937 681 1003 ιβ’.
717 934 852 987 Ἀλλ’
870 933 1021 986 οὕτω
1044 934 1140 1002 μὲν
1165 931 1337 985 ταῦτα
1359 930 1814 1000 παρεκΰεὸάσθω,
1837 932 2090 1001 καιρίως,

537 1021 690 1092 οἶμαι,
726 1024 819 1075 καὶ
862 1023 986 1076 οὐδὲ
1038 1023 1178 1074 πάνυ
1207 1038 1261 1074 τι
1291 1021 1590 1089 ἁμεθόδως.
1630 1019 1770 1088 Ἐγὼ
1809 1020 1866 1074 δὲ
1916 1020 2092 1091 βραχύ

523 1131 569 1166 τι
612 1113 803 1183 ἄνειμι
854 1113 995 1184 πρὸς
1045 1113 1136 1165 τὸν
1174 1107 1243 1182 ἦν
1288 1112 1386 1181 μὲν
1412 1112 1499 1165 ὅτε
1546 1111 1595 1182 (ὃ
1651 1111 1892 1181 μακρὰν)
1949 1112 2095 1176 τινὸς

515 1202 698 1271 φιλίας
734 1201 922 1265 Δαυῒδ,
954 1199 1051 1254 νῦν
1077 1201 1131 1253 δὲ
1164 1201 1354 1271 μίσους
1384 1200 1729 1269 παγκοπμίου
1748 1200 1920 1267 ἄξιον.
1939 1201 2091 1271 Ταχὺ

511 1293 616 1359 μὲν
639 1291 916 1362 ἔστρεψας
950 1292 1116 1352 νῶτα,
1138 1288 1183 1343 ὦ
1202 1290 1570 1359 γενναιότατε,
1608 1288 1832 1358 φεύγειν
1854 1302 1867 1317 ’
1895 1289 2087 1343 θᾶττον

504 1382 562 1435 δὲ
622 1383 1047 1452 ἀντιμέτωπος,
1087 1384 1187 1437 οὐκ
1240 1384 1320 1446 είς
1367 1384 1815 1453 ἀντιπαράταξιν,
1851 1382 1964 1436 ἀλλ’
2006 1385 2086 1444 είς

498 1474 784 1529 δούλωσιν
814 1477 1074 1546 ἔδραμες,
1099 1478 1178 1537 είς
1202 1476 1456 1528 τοσοῦτον
1472 1479 1540 1545 τῇ
1561 1478 1711 1543 φυγῇ
1730 1474 2086 1544 προσμείνας,

492 1568 582 1628 εἰς
618 1568 759 1620 ὅσον
813 1566 1070 1635 ἄνανδρον
1121 1566 1220 1634 τὴν
1271 1567 1508 1636 στροφὴν
1564 1564 1965 1630 ἐπιδείξασθαι·
2006 1565 2091 1616 ἵνα

2264 939 2351 995 12.
2396 940 2461 996 At
2501 940 2594 995 illa
2624 940 2713 995 hic
2756 939 3042 1000 liniantur,
3091 950 3421 1008 opportune.
3455 949 3609 1009 puto,
3650 954 3754 996 nec

2187 1031 2417 1084 omnino
2463 1033 2580 1087 sine
2620 1031 2897 1085 methodo.
2933 1030 3040 1098 Ego
3074 1044 3203 1084 vero
3241 1030 3388 1084 brevi
3414 1030 3649 1084 deveuio
3683 1031 3754 1086 ad

2191 1119 2469 1183 Davidetu,
2502 1130 2744 1191 tempore
2772 1136 2882 1190 quo
2912 1120 3078 1193 (quod
3107 1133 3193 1178 est
3224 1121 3408 1192 longe)
3431 1121 3614 1191 aliqua
3637 1132 3758 1179 erat

2189 1209 2427 1263 amicitia
2476 1210 2712 1281 dignus,
2745 1226 2890 1266 nunc
2919 1227 3048 1266 vero
3095 1210 3293 1282 dignus
3343 1211 3512 1267 totius
3542 1211 3758 1281 generis

2192 1299 2340 1355 odio.
2382 1298 2677 1369 Promptus
2712 1301 2777 1355 ad
2816 1310 3030 1370 tergum
3063 1304 3390 1356 vertendum
3435 1301 3504 1356 ob
3553 1300 3759 1369 fugam,

2194 1405 2226 1441 ο
2269 1389 2591 1453 fortissime,
2635 1390 2935 1459 promptior
2968 1404 3097 1444 vero
3142 1389 3209 1444 ad
3246 1391 3563 1444 vertendum
3604 1388 3757 1446 fron-

2198 1491 2324 1545 tem,
2357 1496 2462 1533 non
2494 1482 2559 1533 ad
2593 1495 2914 1535 conversam
2946 1482 3143 1544 aciem,
3176 1482 3269 1536 sed
3292 1481 3359 1534 ad
3389 1482 3755 1551 captivitatem

2198 1570 2529 1631 cucurristi,
2579 1571 2767 1627 taudiu
2821 1570 2873 1621 itt
2927 1569 3052 1639 fuga
3109 1585 3471 1640 perseverans
3513 1572 3753 1639 quaudiu

497 1656 702 1725 μηδέν
730 1672 787 1708 τι
817 1654 1200 1722 γενναιότητος
1222 1654 1366 1725 ἴχνος
1389 1657 1447 1707 ἐν
1479 1656 1561 1707 σοὶ
1595 1654 1940 1724 εὑρίσκηται,
1967 1639 2094 1725 μήτ’

2200 1661 2486 1731 ignobilem
2516 1644 2943 1735 conversionem
2978 1662 3426 1725 demoustrares;
3453 1662 3524 1716 ita
3556 1670 3612 1716 ut
3643 1665 3760 1714 nqu

494 1751 565 1801 ὲν
598 1752 677 1819 τῇ
715 1749 1020 1820 πολιορκίᾳ,
1046 1749 1110 1818 ἢν
1143 1751 1234 1801 καὶ
1262 1749 1555 1818 εὐχόμενός
1588 1766 1689 1801 που
1719 1743 1859 1819 ἦσθα
1897 1766 2091 1817 συγκε-

501 1838 900 1909 φαλαιωθῆναι
934 1842 1137 1909 τάχιον,
1175 1838 1249 1901 ὡς
1279 1840 1335 1891 ὲν
1365 1841 1479 1901 τοῖς
1520 1839 1716 1907 ἐφεξῆς
1749 1839 2087 1909 ὑποκρουσό-

509 1929 689 2000 μεθα,
723 1930 859 1999 μήτε
895 1932 1031 1999 μετὰ
1080 1931 1179 1999 τὴν
1216 1930 1436 1992 ἅλωσιν,
1468 1931 1525 1982 ὲν
1624 1930 1838 1999 ἐψεύσω
1870 1932 1962 1983 καὶ
1994 1932 2085 1983 τὸν

502 2024 902 2093 ἁνδριζόμενον
939 2026 1032 2078 καὶ
1060 2027 1150 2079 τὸν
1177 2024 1467 2094 φεύγοντα,
1503 2018 1581 2085 οἷς
1607 2023 1830 2092 φεύγειν
1858 2023 2087 2092 τραπεὶς

505 2114 849 2178 ὲπιδέδωκας
902 2115 1127 2168 σεαυτὸν
1189 2116 1300 2177 τοῖς
1352 2113 1489 2183 μηδὲ.
1542 2111 1848 2165 διώκουσιν.
1893 2112 2087 2174 Αύτοϊς

507 2207 630 2275 γὰρ
680 2206 814 2259 ἄλλα
869 2208 927 2256 ὲν
972 2208 1133 2274 φρεσὶ
1182 2205 1477 2272 μἐμέλητο,
1504 2205 1570 2255 τὰ
1620 2203 1725 2271 πρὸ
1775 2203 1960 2270 ἔργου,
1992 2201 2088 2254 καὶ

505 2298 803 2362 ἀναγκαῖα
844 2294 999 2363 σφίσι
1021 2312 1033 2324 ·
1068 2293 1162 2345 σοῦ
1185 2294 1243 2344 δὲ
1270 2294 1370 2343 οὐκ
1400 2291 1488 2354 ἂν,
1520 2287 1698 2358 οἶμαι,
1721 2290 1840 2341 οὐδὲ
1873 2290 2090 2356 μνήμην

506 2386 706 2455 ἔσχον,
742 2388 790 2438 εἰ
819 2384 896 2455 μὴ
925 2382 1255 2452 ἐνεφάνισας
1286 2382 1530 2435 σεαυτόν.
1565 2381 1752 2434 Οῖδασι
1794 2378 1900 2448 γὰρ
1928 2378 1979 2430 ol
2010 2378 2097 2429 εύ-

510 2474 698 2541 γενῶς
750 2472 987 2549 ἀνδρεῖοι
1031 2472 1366 2541 ὲξαθερίζειν
1402 2470 1491 2523 τὸν
1539 2471 1613 2540 μὴ
1645 2469 1884 2522 τοιοῦτον
1928 2486 2094 2537 στρα-

514 2563 716 2632 τηγὸν,
738 2565 922 2617 ὁποῖον
947 2563 1010 2634 δή
1035 2580 1156 2616 τινα
1179 2564 1458 2625 κατέγνων
1487 2562 1583 2615 καὶ
1617 2561 1699 2623 σὲ,
1728 2555 1809 2623 οἷς
1853 2558 1961 2612 τῶν
1991 2561 2092 2629 τῆς

517 2659 625 2726 σῆς
662 2655 993 2724 άόελτηρίας
1025 2653 1378 2724 πεπείραντο.

597 2746 688 2814 ιγ’.
732 2746 893 2799 Ἀλλὰ
925 2745 978 2797 τί
1005 2745 1070 2815 δὴ
1114 2745 1470 2816 παρενεχθεὶς
1498 2745 1602 2798 ὑπὸ
1632 2744 1725 2798 τοῦ
1764 2746 1966 2809 πάθους
1996 2746 2090 2799 καὶ

516 2836 634 2888 τῶν
680 2835 827 2906 ἄρτι,
868 2838 964 2889 καὶ
1012 2837 1070 2888 ὲν
1117 2835 1414 2905 ὀφθαλμοῖς
1447 2834 1759 2906 γενόμενος,
1792 2835 2089 2891 ἀποπλανῶ

521 2927 621 2979 τὸν
644 2927 817 2997 χρόνῳ
850 2925 970 2978 ποθ’
1003 2926 1234 2997 ὕστερον
1264 2927 1633 2996 ἀκουσόμενον
1660 2926 1754 2979 τοῦ
1784 2943 2087 2999 συγγραφιο

524 3018 644 3078 κῶς
690 3016 887 3068 εἰδέναι
933 3017 1001 3069 τὰ
1045 3016 1151 3069 τῶν
1193 3018 1314 3070 καθ’
1340 3018 1486 3087 ἡμᾶς
1519 3018 1576 3082 ἐξ
1618 3018 1953 3088 ἀρχῆςᾶχρι
1994 3017 2090 3070 καὶ

2194 1754 2306 1807 lunt
2345 1754 2687 1807 fortitudinis
2722 1754 3013 1823 vestigium
3044 1756 3099 1808 itt
3142 1765 3191 1809 te
3213 1754 3489 1807 inventum
3530 1754 3624 1817 sit,
3663 1770 3762 1810 nec

2191 1852 2433 1913 tempore
2465 1834 2791 1908 obsidimtis,
2826 1860 2945 1914 quzc
2978 1854 3033 1898 ιιι
3060 1845 3224 1899 citius
3256 1847 3523 1906 finiretur.
3557 1846 3758 1912 passim

2189 1942 2314 1988 vola
2383 1926 2673 1999 ftttttlebas,
2733 1936 2877 1988 sicut
2937 1936 2990 1990 in
3056 1947 3335 2004 posterum
3377 1936 3759 2004 exprobraturi

2188 2038 2417 2087 sumus;
2458 2039 2556 2076 nec
2598 2035 2719 2091 post
2751 2025 3235 2095 expugnationem,
3275 2042 3382 2090 quo
3412 2036 3650 2092 tempore
3683 2023 3759 2076 fe-

2192 2116 2375 2170 fellisti
2413 2124 2466 2168 et
2499 2115 2691 2168 fortem
2740 2126 2793 2170 ct
2838 2114 3157 2183 fugientem,
3205 2116 3430 2183 quibus,
3478 2115 3530 2169 in
3575 2115 3760 2181 fugam

2194 2221 2417 2269 versus,
2450 2207 2685 2271 tripsunt
2720 2204 2993 2259 tradidisti
3030 2206 3246 2258 minium
3280 2205 3760 2274 persequentibus.

2199 2295 2311 2347 Alia
2341 2297 2482 2347 enim
2507 2295 2615 2348 illis
2644 2308 2785 2347 curm
2807 2302 2986 2357 erant,
3013 2295 3388 2348 antecedentia
3413 2309 3552 2363 opus
3578 2306 3765 2346 ncces—

2197 2385 2448 2450 sariaque
2483 2385 2609 2437 sibi.
2646 2384 2745 2437 Tui
2786 2400 2913 2438 vero
2961 2385 3202 2454 tuinituc,
3254 2387 3534 2445 existimo,
3569 2385 3762 2439 memi-

2198 2469 2429 2532 nissent,
2470 2472 2574 2525 nisi
2604 2474 2951 2542 temetipsum
2981 2474 3300 2530 revelasscs.
3334 2474 3466 2527 Nam
3506 2474 3676 2528 fortes
3708 2474 3763 2527 lti

2197 2559 2302 2613 viri
2331 2571 2679 2615 contemnere
2716 2564 2892 2615 solent
2917 2564 3107 2616 ducem
3157 2579 3264 2616 non
3319 2567 3508 2626 talem,
3544 2564 3762 2632 qualem

2196 2652 2321 2707 novi
2357 2660 2429 2715 te,
2459 2651 2617 2720 cujus
2649 2651 2862 2721 ignavia
2898 2652 3007 2705 illis
3036 2655 3171 2706 satis
3200 2666 3479 2722 comperta
3511 2664 3614 2709 est.

2264 2747 2351 2801 15.
2393 2746 2461 2798 At
2486 2761 2677 2816 parum
2699 2747 2878 2799 elatus
2904 2744 3163 2813 passione
3193 2755 3355 2812 atque
3385 2747 3765 2812 praesentibus,

2192 2837 2552 2906 intentusque
2578 2836 2754 2891 solum
2785 2836 2927 2891 visui
2959 2834 3216 2903 objectis,
3250 2850 3277 2886 a
3316 2834 3399 2886 via
3433 2835 3646 2888 deduco
3674 2852 3766 2904 qut

2192 2928 2488 2998 aliquando
2521 2937 2738 2980 remoto
2786 2936 3032 2996 tempore
3083 2941 3149 2980 ex
3203 2924 3435 2980 historia
3473 2925 3769 2979 auditurus

2190 3024 2273 3072 est
2292 3017 2434 3086 quod
2458 3015 2524 3069 ad
2552 3031 2653 3071 nos
2680 3018 2913 3084 pertinet
2939 3032 2968 3070 a
2994 3016 3265 3085 principio
3289 3030 3462 3082 usque
3485 3013 3553 3068 ad
3583 3015 3768 3079 finem,

525 3110 790 3178 πέρατος,
823 3112 909 3162 ῖνα
968 3107 1394 3178 παρακολουθῶν
1442 3109 1647 3176 είδείη,
1700 3108 1760 3172 ἐξ
1804 3110 1932 3161 οἴων
1981 3109 2090 3162 τῶν

2200 3109 2270 3161 ita
2296 3117 2353 3163 ut
2380 3108 2683 3162 narrationi
2720 3108 3031 3170 intendens,
3060 3109 3128 3161 ab
3161 3109 3267 3161 illis
3295 3123 3417 3177 qua:
3455 3105 3766 3173 antiquitus

526 3199 705 3250 πάλαι
762 3195 849 3252 οἷα
893 3199 961 3251 τὰ
1008 3198 1102 3253 νῦν
1127 3213 1141 3228 ⁸
1178 3201 1272 3250 καὶ
1304 3199 1369 3250 τὰ
1409 3199 1509 3266 μὲν
1560 3199 1875 3253 παθαίνοιτο
1897 3239 1912 3264 ,
1941 3201 2007 3252 τὰ
2036 3201 2094 3253 δὲ

2200 3195 2265 3250 ad
2301 3196 2415 3249 Isaac
2464 3212 2584 3264 quae
2635 3211 2780 3249 nunc
2810 3207 3122 3264 cognoscat.
3175 3196 3290 3249 Alia
3323 3204 3506 3251 autem
3552 3195 3765 3256 ﬂetum,

528 3284 713 3347 ἄλλως
741 3286 1013 3355 θαυμάζοι
1034 3302 1047 3316 ο
1081 3284 1148 3337 τὰ
1176 3285 1231 3338 δὲ
1260 3286 1374 3347 καὶ,
1404 3285 1559 3357 εἴπερ
1594 3285 1786 3349 ἐθέλοι,
1832 3288 2095 3357 μανθάνοι

526 3377 655 3430 καθ’
693 3378 935 3447 ἱστορίαν
965 3380 1384 3448 ὲπιλεγομένην,
1413 3379 1515 3429 ὅσα
1556 3379 1665 3439 τοῖς
1694 3375 1788 3430 νῦν
1821 3381 2098 3449 συγκυρή-

526 3486 672 3537 μασι
699 3471 977 3539 χρήσιμας
1004 3468 1068 3521 Τί
1098 3470 1155 3521 δὲ
1186 3469 1258 3540 μὴ
1284 3470 1523 3538 κεφαλήν
1556 3486 1679 3523 τινα
1702 3469 1931 3533 ἐφιστῶ,
1954 3471 2098 3523 καθά

523 3577 641 3613 τινι
676 3561 909 3629 σώματι,
940 3563 1005 3630 τῇ
1039 3565 1326 3629 συγγραφῇ
1352 3561 1546 3631 ταύτῃ,
1565 3559 1634 3612 δι’
1654 3556 1721 3631 ἧς
1752 3560 2096 3613 καταϐαίνων

522 3649 607 3718 τῷ
617 3650 763 3720 λόγῳ
776 3649 1441 3719 προποδίσωεύόδως,ενθα
1456 3651 1517 3702 τὸ
1530 3649 1926 3719 ἕσχατον,ἐνθεν
1940 3651 2095 3717 ἑλὼν;

606 3745 690 3796 ιδ’.
723 3744 931 3797 Μέλλον
961 3739 1098 3796 εἶναι
1133 3745 1406 3813 φαίνεται,
1432 3745 1575 3798 καθὰ
1601 3744 1719 3814 Θεῷ
1740 3743 2095 3814 εὐηρέστητο,

528 3835 758 3889 πεσόντι
787 3836 867 3903 τῷ
895 3835 1166 3905 Κομνηνῷ
1212 3836 1420 3904 βασιλεῖ
1466 3836 1723 3906 Mavoqu
1751 3852 2100 3904 συγκαταπε-

533 3930 653 3982 cier
674 3928 768 3981 καὶ
801 3929 854 3980 ετ
878 3945 931 3979 τι
963 3929 1021 3981 ἐν
1064 3927 1362 3997 Ῥωμαίοις
1391 3927 1594 3998 ὄρθιον,
1614 3929 1710 3980 καὶ
1736 3928 1811 3991 ὠς
1837 3921 1924 3980 οἷα
1948 3925 2099 3996 ἡλίου

530 4019 749 4072 ἑκείνου
777 4017 1144 4081 ἐπιλιπόντος,
1188 4018 1452 4088 ἀμαυρὰν
1501 4018 1756 4086 γενέσθαι
1792 4019 1974 4072 πᾶσαν
2002 4015 2101 4091 τὴν

531 4111 661 4165 καθ’
694 4111 864 4181 ἡμᾶς.
911 4107 1124 4162 Οὐκοῦν
1165 4108 1408 4178 ἀπῆλθεν
1453 4109 1676 4173 ἐκεῖνος,
1730 4106 1859 4162 ἔνθα
1911 4109 2099 4178 ἐχρῆν,

529 4203 785 4274 διαδοχὴν
817 4202 977 4272 ἀφεὶς
1021 4203 1236 4271 γένους,
1269 4202 1367 4272 οὐχ
1394 4203 1510 4255 οἷαν
1556 4201 1747 4271 ἐχρῆν.
1787 4202 1960 4255 Παίδα
1988 4201 2098 4270 γὰρ

534 4294 737 4364 μικρόν
762 4310 815 4346 τι
876 4293 1268 4363 παρηλλαχότα
1298 4293 1388 4345 τὸν
1413 4294 1785 4362 παναφήλικα,
1821 4293 1896 4364 μὴ
1923 4294 2004 4345 ὅτι
2032 4310 2096 4361 γε

534 4382 812 4454 βασιλείας
841 4383 1104 4450 μεγίστης
1127 4382 1348 4450 κρατεῖν
1402 4381 1501 4433 οὐκ
1545 4381 1736 4450 ἔχοντα
1767 4380 1835 4433 δι’
1866 4380 2097 4449 ἑαυτοῦ,

2199 3289 2305 3342 alia
2367 3287 2780 3343 admirationem
2832 3286 2977 3356 ejus-
3008 3289 3421 3355 movebunt;ex
3461 3286 3591 3342 aliis
3644 3298 3768 3342 tau-

2197 3381 2343 3443 dem,
2386 3380 2429 3434 si
2463 3385 2600 3442 vult,
2646 3382 2695 3432 in
2732 3380 2831 3433 hac
2870 3378 3097 3433 historia
3143 3389 3431 3442 accurata,
3465 3394 3586 3447 qua:
3630 3392 3767 3448 prae-

2197 3473 2335 3527 senti
2366 3472 2473 3526 sint
2504 3474 2655 3526 utilia
2680 3472 2875 3528 discet.
2907 3473 3019 3526 Cur
3052 3488 3181 3527 vero
3213 3472 3339 3526 huic
3371 3470 3599 3539 scripto,
3625 3470 3768 3528 sicut

2200 3561 2421 3632 corpori
2466 3563 2704 3626 cuidam,
2743 3571 2911 3633 caput
2959 3577 3068 3616 non
3119 3562 3362 3630 impono,
3397 3574 3460 3613 ex
3500 3572 3610 3627 quo
3654 3571 3769 3609 ser-

2204 3656 2529 3709 tnocinando
2555 3655 2700 3709 felici
2746 3657 2830 3709 via
2865 3655 2997 3708 irem
3028 3668 3201 3723 usque
3238 3652 3303 3706 ad
3333 3651 3491 3702 linem
3530 3646 3772 3715 incepti?

2273 3747 2360 3802 Η.
2407 3746 2464 3800 Si
2495 3746 2701 3815 aliquid
2734 3755 2942 3800 rectum
2966 3755 3046 3798 est
3076 3745 3131 3796 in
3162 3740 3446 3802 Romanis,
3482 3755 3577 3791 nos
3605 3738 3770 3791 simul

2200 3854 2324 3893 cum
2351 3840 2687 3906 imperatore
2714 3834 2961 3887 Manuele
2978 3836 3258 3886 Comueuo
3276 3827 3567 3890 cecidisse,
3582 3841 3772 3894 quem-

2204 3928 2495 3982 admodum
2568 3924 2678 3978 lteo
2727 3923 2938 3994 placuit
2996 3921 3169 3975 fatum
3222 3925 3472 3973 nostrum
3532 3918 3772 3979 videtur,

2206 4034 2269 4075 ac
2340 4019 2485 4075 sicut
2560 4017 2695 4073 solis
2772 4012 3083 4071 deﬁcientis
3158 4012 3471 4067 obscuritas
3547 4009 3772 4064 omnino

2206 4119 2405 4166 terram
2463 4107 2723 4163 obvolvit.
2773 4104 3012 4158 Decessit
3043 4101 3205 4171 igitur
3234 4098 3322 4153 ille
3348 4113 3470 4153 cum
3520 4095 3769 4164 debebat,

2204 4217 2582 4260 successorem
2610 4215 2641 4254 e
2667 4214 2765 4254 sua
2798 4196 3003 4251 familia
3031 4195 3367 4263 relinquens,
3393 4191 3483 4260 qui
3519 4206 3622 4245 nou
3653 4199 3773 4242 erat

2206 4294 2625 4365 relinquendus.
2666 4290 2810 4347 Puer
2842 4289 2986 4344 enim
3013 4294 3133 4341 erat
3157 4284 3339 4339 socios
3370 4279 3769 4352 aliquantulum

2205 4400 2497 4456 superans,
2535 4399 2645 4438 non
2687 4381 2849 4435 modo
2881 4377 3095 4449 imperii
3128 4375 3307 4446 magni
3342 4375 3561 4444 regendi
3602 4375 3772 4442 impo-

533 4473 653 4527 ἀλλ’
676 4473 797 4526 οὐδὲ
822 4474 964 4531 κατὰ
989 4472 1186 4535 παῖδας
1225 4470 1589 4526 διατεθεῖσθαι
1620 4473 1875 4544 στερεῶς,
1906 4474 2096 4543 ἀμέλει

2208 4487 2328 4532 lens
2348 4491 2457 4548 per
2489 4476 2757 4544 seipsutn,
2787 4469 2880 4527 sed
2915 4484 3013 4524 nec
3044 4467 3211 4523 etiam
3247 4465 3590 4536 projttvcnili
3614 4474 3771 4517 relate

532 4566 634 4619 καὶ
661 4560 935 4634 επέτρεψε
962 4564 1171 4634 φθάσας
1218 4563 1477 4633 κηδεμόνι
1523 4566 1612 4617 τὸν
1647 4564 1759 4618 υἱὸν
1791 4567 1858 4636 τῇ
1909 4565 2101 4635 μητρὶ,

534 4656 762 4727 ἐρώτων
816 4654 952 4726 οὔσῃ
998 4653 1209 4726 ὡραία,
1247 4656 1295 4707 εἰ
1356 4656 1453 4708 καὶ
1512 4654 1854 4727 κρύπτεσθαι
1909 4657 2106 4721 αὐτοὺς

539 4748 912 4819 ἐπηγγείλατο
941 4746 1253 4815 ἑκείνη,τδν
1287 4745 1383 4799 τοῦ
1416 4747 1645 4810 κάλλους
1672 4747 1825 4818 ἥλιον
1859 4765 2104 4816 πνευμα-

541 4843 713 4901 τικῶς
753 4838 1046 4907 νεφὼσασα
1094 4836 1238 4890 κατὰ
1278 4836 1571 4909 περιϐολὴν
1606 4839 1889 4909 μέλαιναν.
1938 4842 2001 4892 Οἱ
2042 4839 2108 4911 δὴ

543 4929 748 4999 ἔρωτες
792 4931 993 4981 ἐκεῖνοι
1022 4927 1452 4997 πυρσεύσαντες,
1477 4928 1550 4991 ὡς
1587 4928 1652 4981 ἂν
1702 4928 1891 4982 εἰδεῖεν
1932 4931 2107 4996 αὐτοὶ,

544 5021 761 5090 ἀνῆψαν
811 5020 979 5073 κακὸν
1039 5019 1325 5090 κοσμικόν.
1355 5021 1464 5073 Καὶ
1511 5016 1654 5092 ἦσαν
1696 5020 1797 5091 μὲν
1827 5021 1920 5073 καὶ
1958 5021 2109 5075 ἄλλοι

544 5111 639 5165 τού
689 5111 1089 5184 ἐπιτροπεύειν,
1120 5113 1179 5164 ὲν
1208 5104 1290 5174 οἷς
1320 5112 1413 5164 καὶ
1442 5113 1470 5165 ό
1512 5110 1690 5181 λαχὼν
1727 5116 2104 5183 πατριαρχεῖν,

549 5205 580 5256 ὁ
609 5205 703 5257 καὶ
731 5205 829 5266 τὰς
862 5204 1061 5273 ἀρετὰς
1091 5206 1184 5257 καὶ
1215 5203 1307 5257 τὸν
1334 5204 1490 5270 λόγον
1523 5202 1775 5274 περιττὸς
1805 5204 2105 5269 θείρδὸσιος,

546 5295 610 5349 ὃν
656 5298 689 5364 ἡ
732 5296 841 5348 τῶν
894 5297 1209 5366 Ἀντιοχέων
1261 5298 1329 5367 τῇ
1371 5294 1743 5363 Μεγαλοπόλει
1775 5296 2111 5366 ἐχορήγησεν

549 5388 753 5456 ἀγαθὸν
781 5387 1171 5457 πολυτίμητον.
1207 5387 1350 5438 Ἀλλ’
1380 5388 1413 5457 ἡ
1444 5385 1581 5456 γυνὴ
1606 5389 1880 5456 προεῖχεν,
1908 5382 1993 5440 οἷα
2016 5389 2110 5440 καὶ

550 5480 689 5550 γυνὴ
709 5483 798 5534 καὶ
832 5482 1037 5552 μήτηρ.
1070 5480 1179 5533 Καὶ
1202 5476 1270 5551 ᾖν
1295 5481 1388 5534 τοῦ
1421 5479 1611 5533 λοιποῦ
1642 5480 1843 5544 σκοπὸς
1863 5482 2002 5551 αὐτὴ
2023 5483 2111 5536 διὰ

551 5574 612 5626 τὸ
636 5572 1050 5642 προφαίνεσθαι.
1087 5571 1196 5623 Καί
1226 5587 1370 5633 τινες
1393 5570 1591 5639 ἔρωτος
1615 5571 1765 5641 νόμῳ
1794 5570 2110 5635 ὲτοξὰζοντο

552 5665 675 5716 κατ’
698 5663 889 5732 αὐτῆς,
917 5662 1295 5726 λανθάνοντες,
1320 5661 1372 5713 εἴ
1396 5677 1513 5723 πως
1563 5660 1875 5730 μεσιτεύσει
1906 5663 1975 5715 τὰ
2012 5662 2109 5733 τῆς

550 5752 734 5823 βολῆς,
758 5754 832 5816 ὡς
875 5752 1036 5823 ἐῴκει
1071 5750 1207 5824 πρὸς
1238 5747 1513 5820 βασιλείας
1559 5751 1861 5821 ἐπιτυχίαν.
1906 5752 2107 5821 ’Υπερ-

2211 4569 2443 4623 ﬁrmiter
2474 4565 2782 4636 dispositus
2816 4562 3016 4624 fuerat,
3052 4558 3265 4613 scilicet
3312 4568 3466 4625 pater
3499 4553 3646 4607 illttttt
3680 4555 3772 4607 de-

2209 4660 2561 4714 tnandaverat
2603 4669 2747 4709 cura:
2768 4651 2983 4717 matris,
3001 4665 3119 4720 quae
3149 4647 3335 4701 ﬂorida
3367 4656 3480 4700 erat
3509 4646 3560 4700 itt
3592 4653 3769 4705 allato,

2205 4752 2308 4806 etsi
2362 4747 2718 4803 occultandas
2789 4749 3058 4807 curasset,
3116 4739 3287 4795 solent
3345 4735 3770 4808 pulchritudinis

2206 4841 2561 4914 spiritualiter
2583 4840 2778 4893 nebula
2838 4836 2991 4907 nigra
3045 4834 3284 4902 undique
3313 4829 3771 4901 obtegens.Atnu-

2208 4951 2295 4991 res
2351 4935 2403 4987 lti
2459 4932 2625 4988 taedas
2680 4937 3038 4997 torquentes,
3077 4937 3135 4979 ιιι
3188 4928 3623 4982 consueverunt,
3687 4918 3770 4969 itt-

2209 5026 2463 5081 ceudium
2497 5021 2805 5078 universale
2834 5020 3231 5075 excitaverunt.
3267 5017 3371 5069 Alit
3403 5026 3615 5083 quoque
3645 5008 3772 5063 huic

2208 5115 2482 5169 curationi
2520 5110 2798 5182 praepositi
2830 5117 3010 5173 erant,
3041 5108 3181 5162 inter
3211 5121 3372 5176 quos,
3409 5103 3499 5170 qui
3539 5097 3772 5166 patriar-

2209 5209 2427 5261 chattttu
2471 5207 2700 5259 sortitus
2752 5202 2951 5265 fuerat,
2988 5198 3332 5256 Theodosius
3367 5189 3657 5246 virtutibus
3693 5201 3772 5245 οι-

2211 5313 2318 5368 que
2365 5298 2675 5366 eloquentia
2730 5296 2988 5357 eximius,
3042 5306 3202 5354 quem
3242 5278 3555 5338 omnimodo
3606 5296 3773 5336 vene-

2211 5387 2439 5442 randum
2457 5386 2775 5457 Megalopoli
2808 5386 2968 5456 elegit
3002 5378 3336 5434 Antioclteua
3359 5369 3631 5427 Ecclesia.
3664 5372 3772 5425 Sed

2212 5479 2408 5532 mulier
2444 5478 2793 5547 praevalebat,
2819 5486 2878 5529 ttt
2896 5473 3086 5526 mulier
3111 5476 3164 5519 et
3193 5469 3626 5534 tnater,eratque
3649 5461 3774 5518 linis

2210 5570 2456 5623 omnium
2503 5582 2627 5638 quae
2674 5569 2728 5620 in
2775 5567 2952 5635 palam
2988 5554 3304 5612 adducenda
3336 5566 3510 5612 erant.
3541 5554 3771 5619 Quidam

2211 5650 2415 5724 autem,
2444 5660 2558 5729 lege
2582 5660 2807 5720 amoris,
2830 5654 2895 5707 ad
2928 5652 3072 5704 illaut
3106 5649 3482 5719 suspirabant,
3516 5648 3771 5711 latentes,

2213 5768 2323 5807 non
2348 5765 2566 5819 semper
2591 5745 2830 5815 suspiria
2854 5741 3269 5811 dcdiguaturam
3299 5750 3602 5813 sperantes.
3629 5750 3770 5819 quo-
