4012 6226
1244 279 1276 307 δ

186 356 259 420 23
361 443 445 451 __
852 445 863 451 _
942 359 1757 451 EusrA'rmmnsssAu

1863 361 2104 425 [GENS]
2117 365 2157 425 S
2192 367 2753 444 ΜΕἸἪΟΡΟΙΛΤᾹΞ
2966 434 2989 451 κ
3355 374 3428 436 24

182 457 307 503 run
356 443 481 499 fluis
524 442 807 500 videbatur
852 445 1160 516 imperium.
1191 446 1431 502 Caeteros
1460 462 1588 502 vero
1607 449 1741 502 vicit

1863 452 2110 519 ηκόντιζε
2158 453 2215 506 δὲ
2268 458 2393 518 τοὺς
2449 457 2673 521 λοιποὺς
2734 442 2995 524 Ἆλέξιοςὴ·
3031 461 3059 511 6
3097 460 3426 533 Κομγηνδς,

182 538 411 591 Alexius
455 535 794 601 Cumuenus,
836 552 1008 607 nepos
1060 537 1330 593 Manuelis
1376 539 1747 608 imperatoris,

183 626 608 697 primi-Augusti
667 640 863 684 zonam
916 628 1136 693 ferens;
1182 629 1417 699 aliisque
1464 629 1751 684 videbatur

178 718 402 774 charior
443 718 701 784 dominae,
721 721 1068 790 imperatoris
1101 720 1280 775 matri.
1315 721 1444 775 inde
1475 721 1639 790 igitur
1665 719 1752 775 in-

184 811 329 866 vidia
363 813 564 878 oritur,
594 814 883 884 illumque,
926 815 1070 884 quod
1103 834 1121 866 ι
1155 825 1302 871 sorte
1340 814 1620 870 communi
1663 813 1752 868 lue

179 903 308 959 dere
347 923 369 958 ι
411 905 628 970 dicunt,
676 906 1012 975 suspiciens,
1048 907 1228 962 varias
1268 906 1556 962 machinas
1583 905 1755 960 ordiri

180 1010 289 1051 non
324 1006 526 1062 cessat,
559 997 606 1052 si
642 996 779 1052 forte
814 997 894 1055 illi
941 997 1178 1067 aliquam
1206 997 1645 1053 vicissitudinem
1676 997 1757 1051 af-

74 1116 80 1122 -
180 1090 340 1143 ferat.
366 1088 461 1143 Sic
493 1104 626 1156 ergo
657 1105 780 1144 cum
813 1091 1024 1160 Opinati
1057 1099 1241 1146 essent
1268 1097 1404 1145 tunc
1430 1090 1499 1145 de
1527 1086 1760 1160 pulcbrt'

177 1183 366 1254 gestis,
422 1200 686 1245 assensus
721 1187 1035 1242 communis
1096 1186 1173 1241 illi
1230 1186 1456 1257 pallium
1516 1185 1760 1241 contexi-

178 1275 418 1344 tur,lquo
476 1276 563 1331 ille
612 1292 721 1331 non
779 1277 845 1333 ad
909 1278 1236 1347 voluptatem
1302 1292 1455 1332 suam
1508 1277 1763 1331 induere-

179 1373 287 1419 tur.
320 1367 437 1421 Hoc
489 1380 620 1421 vero
678 1367 901 1438 pallium
968 1370 1123 1423 multi
1182 1368 1273 1422 alii
1330 1374 1759 1434 contexueruut,

175 1463 231 1509 et
293 1457 407 1512 duo
456 1473 677 1528 quoque
724 1458 816 1513 filii
870 1460 1205 1524 Andronici,
1249 1459 1342 1529 qui
1389 1476 1454 1513 ex
1527 1459 1763 1514 Comne-

178 1549 296 1615 uis;
327 1549 421 1619 qui
467 1551 736 1619 patruelis
776 1559 895 1604 erat
938 1549 1204 1604 Mauuelis
1247 1550 1592 1620 imperatoris
1622 1592 1637 1617 ,
1672 1565 1757 1614 ac,

104 1645 112 1652 ’
176 1640 321 1693 sicut
354 1641 538 1709 lingua
574 1639 850 1710 pedestris
898 1639 1311 1705 diceret,natus
1353 1656 1419 1695 ex
1459 1639 1647 1693 fratre.
1700 1640 1758 1694 In

176 1734 378 1786 throno
411 1732 581 1802 regali
628 1732 769 1786 sedit
801 1732 1035 1786 ultimus
1092 1746 1201 1784 non
1244 1732 1472 1786 omnino
1506 1731 1758 1799 feliciter,

178 1838 278 1877 nec
303 1823 430 1886 sibi,
462 1839 561 1877 nec
586 1824 722 1878 suis.
749 1822 979 1877 Nomina
1009 1824 1205 1877 horum
1239 1838 1537 1893 puerorum
1573 1835 1757 1890 erant,

180 1919 347 1987 priori
380 1928 514 1972 natu
554 1918 793 1983 Manucl;
829 1916 1072 1973 Joannes
1103 1934 1235 1973 vero
1261 1919 1570 1989 posteriori,
1597 1933 1757 1988 quem

178 2009 356 2075 ipsum
393 2010 541 2061 novit
594 2008 910 2078 imperium,
940 2009 1400 2077 quemadmoJum
1432 2017 1487 2063 et
1512 2017 1749 2078 patrem,

1858 543 2170 612 ἀδελφιδοῦς
2211 547 2310 613 μὲν
2361 545 2438 600 ὣν
2487 549 2564 618 τῷ
2606 549 2967 621 αὐτοκράτορι
3021 549 3301 623 Μανουῂλ,
3330 550 3430 620 τὴν

1856 630 1952 684 τοῦ
1985 635 2439 704 πρωτοπεωστοῦ
2456 637 2513 690 δὲ
2535 637 2714 707 ζώνην
2740 639 2941 709 φέρων.
2970 639 3077 692 Καὶ
3109 641 3431 712 προσείχετο

1858 724 1923 792 τῇ
1957 722 2236 797 δεσποίνῃ,
2267 727 2332 797 τῇ
2391 724 2487 778 τοῦ
2542 725 2803 797 βασιλέως
2870 729 3062 798 μητρὶ,
3109 729 3273 782 πλέον
3319 731 3430 785 τῶν

1860 815 2057 870 ἄλλων.
2106 816 2373 886 ’Υφέρπει
2423 812 2515 871 οὖν
2559 819 2718 888 ζῆλος
2761 819 3047 873 ἐντεῦθεν
3078 821 3170 875 καὶ
3203 822 3230 874 δ
3262 839 3429 890 φασιν

1858 906 2185 977 ὀστρακίνδα
2245 912 2388 962 κατὰ
2443 907 2537 961 τοῦ
2581 909 2771 979 ἀνδρὸς
2815 908 3299 979 ὐποϐλεψάμενος,
3329 912 3430 964 οὐκ

1859 998 1999 1051 ἀνίει
2049 998 2273 1050 ἑλίττων
2328 998 2567 1067 στροφὰς
2625 997 2916 1061 ποικίλας,
2968 997 3021 1049 εί
3067 1013 3188 1059 πως
3232 995 3431 1067 ἐκείνῳ

1861 1088 2170 1159 μεθοδεύσει
2224 1090 2572 1158 μετάστασιν.
2632 1087 2741 1142 Καί
2797 1105 2916 1150 πως
2953 1087 3097 1141 οὕτω
3123 1088 3281 1151 δόξαν
3317 1091 3430 1152 τοῖς

1859 1180 2164 1245 τηνικαῦτα
2193 1181 2528 1249 προφέρουσι
2557 1179 2666 1232 τῶν
2695 1179 2756 1233 εὐ
2786 1179 3114 1247 γεγονότων,
3142 1177 3431 1243 συνθεσίας

1860 1275 1977 1325 κατ’
2011 1272 2175 1326 αὐτοῦ
2224 1272 2429 1330 πέπλος
2461 1272 2746 1344 ῥάπτεται,
2785 1273 3092 1343 περιδύσων
3120 1272 3303 1333 αὐτὸν,
3334 1274 3430 1326 καὶ

1862 1362 2096 1429 συνέξων
2149 1365 2212 1416 οὐ
2273 1363 2408 1434 πρὸς
2478 1365 2693 1434 ἡδονήν.
2754 1364 3009 1434 ’Υφαναν
3073 1361 3131 1415 δὲ
3188 1363 3429 1416 τοιοῦτον

1863 1455 2131 1523 πέπλωμα
2163 1456 2262 1508 οὐκ
2295 1456 2465 1524 ὀλίγοι
2499 1466 2570 1510 ’τε
2625 1457 2826 1527 ἕτεροι,
2859 1457 2955 1509 καὶ
3007 1456 3056 1508 oi
3106 1455 3200 1507 δύο
3244 1457 3427 1520 παῖδες

1872 1546 2239 1615 Ἀνδρονίκου,
2269 1547 2363 1599 τοῦ
2398 1550 2461 1600 ὲκ
2496 1548 2833 1617 Κομνηνῶν·
2867 1547 2926 1611 ὃς
2966 1548 3287 1615 αὐτανέψιος
3326 1551 3426 1619 μὲν

1858 1635 1927 1710 ἦν
1951 1640 2028 1710 τῷ
2061 1640 2273 1711 βασιλεῖ
2291 1642 2572 1719 Μανουὴλ,
2606 1634 2699 1694 καί
2729 1643 2801 1704 ὡς
2834 1644 2900 1695 ἂν
2925 1644 2958 1713 ἠ
2986 1643 3176 1695 πεδινὰ
3196 1643 3431 1698 λαλοῦσα

1860 1733 2004 1785 ετποι
2037 1733 2277 1800 γλῶσσα,
2328 1734 2544 1803 πρῶτος
2597 1731 2909 1801 ἐξάδελφος,
2943 1735 3023 1797 είς
3074 1734 3344 1799 βασίλειον
3375 1734 3433 1787 δὲ

1862 1822 2049 1892 θρόνον
2089 1825 2282 1878 ἑαυτὸν
2318 1825 2568 1878 ἐκάθισεν
2627 1825 2853 1896 ὕστερον
2890 1826 2949 1880 οὐ
2992 1827 3133 1879 πάνυ
3166 1825 3428 1896 εὐτυχῶς,

1860 1916 1970 1967 οὐδ’
2005 1915 2174 1984 αὐτῷ,
2203 1914 2327 1969 οὔτε
2370 1920 2479 1979 τοῖς
2530 1917 2660 1986 περὶ
2721 1919 2903 1970 αὐτόν.
2950 1918 3217 1986 Ὀνόματα
3238 1892 3296 1968 δὲ
3320 1919 3430 1967 τοῖν

1862 2003 2073 2057 παίδοιν
2100 2004 2257 2074 ἦτην,
2279 2003 2358 2074 τῷ
2376 2005 2577 2077 πρώτῳ
2601 2008 2699 2073 μὲν
2723 2007 2865 2059 κατὰ
2891 2008 3142 2075 γέννησιν
3154 2006 3426 2075 Μανουὴ),

177 2114 286 2153 non
324 2100 495 2152 multo
528 2108 673 2168 post.
712 2097 776 2154 lli
815 2100 981 2153 ambo
1010 2099 1230 2169 quidem
1275 2107 1406 2153 tunc
1433 2100 1757 2168 coniurave-

1875 2097 2124 2167 Ἰωάννης
2162 2097 2218 2151 δὲ
2255 2098 2331 2167 τῷ
2362 2099 2481 2169 μετ’
2507 2101 2703 2152 αὐτόν·
2731 2099 2791 2152 δν
2817 2101 2907 2152 καὶ
2941 2100 3103 2152 αὐτὸν
3135 2098 3428 2170 ἐγνώρισεν

177 2199 327 2244 runt.
361 2189 420 2242 lu
460 2189 572 2243 illis
609 2198 729 2242 erat
773 2189 1020 2253 Alexius,
1058 2188 1325 2259 dignitate
1372 2188 1594 2258 quidem
1647 2186 1755 2241 dux

176 2296 447 2344 summus,
499 2280 775 2349 legitimus
827 2281 1087 2335 sobrinus
1142 2280 1609 2348 cliarissimusque
1652 2277 1757 2330 im-

177 2372 414 2440 peratori
490 2371 761 2436 Manueli;
803 2372 1025 2440 insuper
1078 2370 1317 2426 Joannes
1389 2383 1606 2439 quoque
1651 2366 1759 2420 Du-

175 2479 295 2529 cas,
334 2464 466 2527 dux,
508 2478 668 2532 quem
702 2476 766 2516 ex
796 2462 916 2531 ipso
948 2465 1067 2516 visu
1118 2463 1317 2532 aliquis
1356 2462 1623 2531 Optimum
1666 2458 1757 2528 ju-

175 2557 414 2612 dicasset
444 2555 658 2627 (magna
697 2568 826 2608 vero
854 2554 1084 2608 materia
1112 2563 1227 2607 erat
1267 2555 1320 2607 in
1348 2553 1456 2607 illis
1482 2549 1756 2620 invidiae);

174 2650 444 2715 Czesares,
477 2645 645 2700 Maria
671 2660 702 2700 e
738 2646 1003 2716 sanguine
1037 2645 1416 2714 imperatorio,
1449 2658 1611 2713 quam
1654 2640 1759 2696 sub

175 2742 508 2809 imperatore
563 2736 813 2791 Manuele
846 2735 998 2790 lrena
1051 2734 1320 2791 Germana
1367 2745 1558 2790 sancto
1598 2740 1756 2801 partu

176 2836 386 2905 genuit,
427 2847 778 2904 sponsusque
821 2832 941 2902 ejus
985 2829 1229 2885 Joannes
1281 2826 1604 2890 Marcesius,
1662 2826 1756 2894 ju-

176 2928 330 2982 venis
377 2934 564 2989 .elate,
614 2923 711 2978 sed
750 2925 832 2975 vir
860 2908 1065 2975 animo.
1116 2919 1239 2972 lian-
1270 2918 1453 2971 omnia
1489 2925 1549 2969 ut
1588 2917 1757 2970 multa

178 3019 320 3073 male
358 3024 583 3081 cedunt,
620 3015 711 3068 ubi
758 3012 974 3068 insidire
1045 3012 1211 3064 latere
1245 3023 1464 3076 semper
1496 3023 1601 3060 non
1634 3022 1761 3077 pos-

176 3119 326 3173 sunt,
372 3113 468 3161 sed
503 3105 811 3176 patefiunt;
861 3117 1053 3155 omnes
1097 3099 1407 3170 liujusmodi
1458 3099 1760 3168 deprehen-

178 3202 407 3264 duntur,
443 3213 551 3251 uno
584 3214 646 3250 ex
686 3194 903 3249 insidiis
939 3193 1237 3256 revelante,
1271 3205 1549 3260 causaque
1587 3189 1759 3245 lnior--

178 3287 380 3349 ma'tur.
431 3287 905 3361 Prmesl‘quidem
965 3287 1205 3341 curati-ix
1267 3295 1459 3351 mater,
1515 3283 1761 3339 omnium

177 3387 396 3443 domina
415 3385 527 3455 jam
551 3366 830 3438 communi
864 3378 1130 3450 suffragio
1157 3379 1435 3443 damnata,
1467 3379 1613 3448 quod
1648 3392 1756 3432 non

1863 2190 1892 2255 ἡ
1927 2189 2195 2258 βασιλεία,
2243 2192 2387 2243 καθᾶ
2425 2193 2517 2244 καί
2544 2192 2635 2243 τὸν
2659 2192 2870 2271 πατέρα
2901 2191 3019 2261 μετ’
3052 2192 3110 2243 οὐ
3142 2190 3298 2244 πολύ.
3327 2191 3429 2241 Kal

1860 2274 2005 2333 οὗτοι
2038 2281 2135 2347 μὲν
2165 2282 2257 2335 δύο
2308 2283 2428 2336 τότε
2484 2284 2933 2354 συνωμοσάσθην.
2974 2283 3066 2335 Ἐν
3110 2282 3165 2335 δὲ
3202 2283 3312 2344 τοῖς
3337 2279 3429 2335 καὶ

1877 2370 2106 2437 ’Λλέξιος
2126 2369 2216 2445 ἦν,
2247 2375 2688 2445 πρωτοστράτωρ
2704 2375 2804 2444 μὲν
2831 2375 2927 2445 τὴν
2948 2373 3120 2439 ἀξίαν,
3153 2371 3435 2443 ἁνεψιδοῦς

1859 2462 1915 2516 δὲ
1932 2463 2153 2533 γνήσιος
2170 2464 2266 2516 καὶ
2283 2465 2546 2534 ὑπερλίαν
2567 2466 2789 2535 φιλητὺς
2814 2464 2892 2534 τῷ
2913 2465 3127 2534 βασιλεῖ
3145 2464 3398 2532 Μανουήλ
3412 2479 3429 2495 ⁸

1861 2555 1998 2625 πρὸς
2026 2555 2081 2606 δὲ
2127 2556 2221 2608 καί⁵
2264 2556 2518 2626 Ἰωάννης
2547 2556 2777 2620 Δούκας,
2804 2559 2832 2609 6
2867 2557 3127 2626 ἔπαρχος,
3159 2555 3218 2608 δν
3250 2554 3344 2607 καὶ
3370 2554 3429 2617 ἐξ

1862 2643 2030 2713 αὐτῆς
2049 2644 2175 2707 θέας
2195 2646 2520 2715 τεκμήραιτ’
2544 2647 2609 2701 άν
2623 2663 2707 2709 τις
2727 2646 3098 2699 καλλιστεύειν
3124 2647 3182 2697 ὲν
3208 2643 3430 2712 ἀγαθοῖς

1864 2737 2098 2805 (μεγάλη
2124 2737 2169 2789 δ’
2197 2738 2255 2791 ἐν
2282 2739 2494 2801 τούτοις
2530 2743 2692 2810 μοῖρα
2719 2738 2924 2810 ζήλου)·
2943 2740 3034 2791 καὶ
3057 2739 3107 2791 ol
3132 2739 3428 2807 Καίσαρες,

1864 2831 1896 2897 ἡ
1933 2832 2435 2902 πορφυρογένιητος
2470 2832 2679 2900 Μαρία,
2713 2834 2779 2901 ἣν
2818 2831 2924 2884 ὐπὸ
2954 2831 3030 2900 τῷ
3066 2830 3276 2899 βασιλεῖ
3316 2831 3437 2883 Μα-

1864 2921 2025 2991 νουὴλ
2079 2926 2111 2993 ἡ
2166 2924 2223 2989 ἐξ
2267 2921 2591 2993 Ἀλαμανῶν
2649 2923 2852 2992 Εἰρήνη
2905 2922 2965 2974 τὸ
3026 2921 3183 2988 ἅγιον
3247 2920 3433 2989 εκείνη

1862 3016 2107 3086 γέννημα
2141 3016 2409 3085 ἐγείνατο,
2444 3018 2537 3068 καί
2569 3017 2598 3068 6
2642 3014 2891 3081 συζυγῶν
2943 3015 3078 3083 αὐτῇ
3128 3013 3378 3082 Ἰωάννης
3405 3014 3433 3063 6

1862 3105 2197 3176 Μαρκέσιος,
2230 3107 2447 3169 νεανίας
2481 3106 2582 3175 μὲν
2626 3106 2724 3176 τὴν
2758 3103 2996 3173 ἠλικίαν,
3030 3104 3233 3164 τέλειος
3255 3102 3311 3154 δὲ
3337 3102 3435 3170 τὴν

1861 3197 2105 3267 ἀνδρίαν.
2153 3197 2342 3250 Ὀποῖα
2367 3196 2423 3248 δὲ
2456 3199 2512 3248 ἐν
2544 3195 2807 3257 τοιούτοις
2839 3194 2914 3257 ὡς
2942 3195 3012 3247 τὰ
3042 3195 3211 3247 πολλὰ
3233 3193 3437 3261 ξυμπί-

1863 3306 2008 3354 πτει,
2034 3288 2163 3342 ἔνθα
2193 3291 2223 3343 δ
2265 3288 2419 3359 λόχος
2449 3288 2548 3341 οὐκ
2588 3289 2703 3357 ἔχει
2739 3288 3078 3357 κρύπτεσθαι
3125 3287 3205 3348 είς
3257 3285 3435 3351 τέλος,

1862 3380 1977 3434 ἀλλ’
2008 3379 2327 3448 ὲκφαίνεται
2353 3394 2365 3408 ·
2410 3378 2701 3449 φωρῶνται
2728 3377 2930 3439 πάντες
2960 3376 3009 3428 oi
3035 3374 3285 3436 τοιοῦτοι,
3312 3373 3433 3433 ἑνός

179 3453 576 3547 Ιίοοίκιιςήροει
621 3489 743 3530 eam
790 3488 919 3527 vero
952 3472 1110 3527 sedet
1164 3470 1310 3525 filius
1347 3471 1757 3538 imperatorque

1863 3490 2022 3525 τινων
2048 3471 2156 3524 τῶν
2175 3470 2410 3540 λοχιτῶν
2438 3467 2926 3539 καταμηνύσαντος
2948 3483 2962 3497 ο
2993 3465 3089 3518 καὶ
3115 3462 3431 3529 συγκροτεί-

176 3570 424 3625 Alexius.
447 3567 698 3624 Primum
738 3566 1045 3633 Augustum
1102 3577 1211 3618 non
1265 3562 1456 3616 leviter
1514 3559 1757 3615 odieutes

1863 3581 1950 3616 ται
1981 3563 2126 3632 δίκη.
2160 3563 2271 3616 Kal
2311 3561 2654 3632 προκάθηται
2693 3560 2792 3629 μὲν
2819 3562 2851 3627 ὴ
2897 3559 3186 3626 ἐπιτροπῆς
3221 3553 3426 3633 μήτηρ,

179 3666 461 3729 accusant,
502 3636 731 3727 postque
767 3654 933 3708 multa
995 3666 1282 3707 causarum
1341 3650 1567 3704 aliarum
1626 3663 1757 3704 con-

1863 3656 2031 3723 κυρία
2062 3654 2279 3708 πάντων
2326 3653 2427 3724 ήδη
2450 3652 2894 3720 -προϐεθλημένη
2925 3638 3103 3719 ’ψήφῳ
3138 3648 3313 3717 κοινῇ,
3352 3642 3430 3707 ὥς

179 3756 462 3816 demuant,
513 3748 800 3819 judicante
843 3748 898 3801 in
934 3746 1082 3801 omni
1116 3760 1196 3808 re,
1233 3760 1358 3800 cum
1397 3743 1486 3797 illa
1538 3743 1757 3797 rectitu-

1868 3747 1942 3818 μὴ
1962 3745 2169 3815 ὤφελεν
2195 3762 2207 3776 ο
2233 3745 2577 3812 ὐποκάθηται
2600 3741 2657 3795 δὲ
2681 3745 2709 3794 ὁ
2737 3741 2848 3804 υίὸς
2872 3743 2959 3793 καὶ
2990 3738 3242 3811 βασιλεὺς
3283 3735 3434 3789 Ἀλέ-

177 3845 306 3899 diue
358 3852 507 3904 nota,
559 3826 993 3911 profundissimo
1068 3836 1402 3900 Theodoro,
1459 3833 1757 3898 omniscio,

1866 3841 1998 3907 ξιος.
2056 3839 2169 3892 Kal
2228 3834 2659 3905 κατηγοροῦνται
2729 3836 2778 3888 οί
2829 3834 2920 3887 τὸν
2980 3827 3434 3903 πρωτοσεσαστδν

178 3938 358 4008 primo
419 3920 606 4008 judice
665 3932 1069 4007 praepositoque
1129 3930 1348 4000 palatio.
1422 3926 1549 3982 Ideo
1615 3935 1757 3980 stare

1863 3933 1925 3985 οὐ
1958 3932 2172 4000 φαύλως
2209 3929 2495 4001 μισοῦντες
2514 3942 2529 3957 ·
2558 3927 2651 3980 καὶ
2681 3926 2819 3996 μετὰ
2850 3924 3022 3978 πολλὰ
3051 3926 3117 3978 τὰ
3142 3923 3232 3976 διὰ
3258 3923 3435 3992 μέσων

181 4033 325 4085 inter
355 4020 693 4099 patriarchas
724 4028 920 4079 solitus
945 4023 1010 4079 ad
1044 4024 1271 4077 nihilum
1305 4018 1512 4090 redegit
1539 4031 1759 4071 omnem

182 4121 666 4176 machinationem.
703 4117 831 4169 Erat
863 4114 1009 4169 enim
1070 4122 1348 4175 versutus,
1370 4126 1500 4165 vere
1547 4110 1756 4164 omnis-

181 4214 324 4265 cius.
355 4207 692 4263 Vinciuntur
741 4217 872 4273 ergo
923 4202 975 4256 in
1016 4216 1215 4271 magno
1262 4201 1487 4268 palatio,
1541 4199 1760 4259 fratres,

179 4302 394 4357 Manucl
418 4311 472 4355 et
498 4298 761 4362 Joannes,
786 4298 1014 4367 insuper
1039 4303 1092 4351 et
1122 4308 1371 4347 summus
1402 4291 1509 4346 dux
1537 4292 1761 4346 Alexius

179 4406 231 4449 et
265 4392 595 4465 prafectus;
640 4389 1084 4460 reliquorumque
1129 4384 1221 4438 alii
1282 4384 1657 4447 dimittuntur,
1708 4384 1763 4438 in

181 4482 412 4536 veritate
440 4477 657 4549 quidem
688 4477 744 4531 in
781 4477 1094 4531 hesternam
1119 4488 1357 4540 cteuam,
1389 4483 1606 4543 propter
1640 4470 1764 4529 illos

181 4574 274 4643 qui
335 4586 554 4628 camare
604 4568 880 4633 volebant,
925 4576 1250 4637 apparenter
1295 4580 1425 4621 vero
1471 4566 1540 4620 ob
1573 4565 1766 4621 amici-

1865 4022 2310 4093 κατακρίνονται,
2350 4019 2704 4091 βραϐεύοντος
2745 4018 2827 4079 είς
2865 4014 2930 4068 τὸ
2958 4016 3067 4069 πᾶν
3110 4017 3177 4085 τῇ
3214 4011 3439 4083 τοιαύτῃ

1866 4114 2147 4184 εὐθυδικίᾳ
2176 4113 2268 4167 τοῦ
2296 4110 2603 4183 βαθυτάτου
2636 4106 2936 4178 Θεοδώρου,
2967 4106 3060 4159 τοῦ
3106 4102 3436 4175 παντεχνοῦ,

1864 4207 1957 4260 τοῦ
1997 4206 2333 4259 δικαιοδὸτου
2379 4205 2474 4259 καὶ
2525 4203 2619 4256 ἰπὶ
2663 4202 2775 4255 τῶν
2815 4198 3171 4263 οίκειακιῖιν⁶,
3202 4194 3324 4251 καθ’
3378 4189 3439 4250 οὗ

1866 4298 2098 4368 θελήσας
2129 4297 2386 4366 ἐνστῆναι
2438 4297 2466 4348 6
2509 4295 2683 4366 μέγας
2724 4294 2781 4345 ὲν
2820 4290 3208 4361 πατριάρχαις,
3240 4291 3440 4359 ἔσχασε

1867 4388 2049 4440 πᾶσαν
2097 4386 2157 4439 ιν
2198 4387 2375 4447 κενοῖς
2423 4383 2691 4454 μηχανήν.
2726 4373 2834 4433 Ἦν
2890 4378 3000 4449 γὰρ
3055 4379 3083 4430 6
3130 4375 3439 4444 παντεχνὴς

1865 4478 2081 4548 ἀληθῶς
2115 4473 2892 4548 παντεχνής.Καθείργνυνται
2922 4466 3015 4523 οὖν
3037 4469 3094 4522 ὲν
3117 4467 3193 4537 τῷ
3218 4465 3440 4536 μεγάλῳ

1867 4568 2112 4639 παλατίῳ
2140 4570 2235 4623 καὶ
2265 4569 2316 4622 ei
2344 4567 2588 4637 ἀδελφοὶ,
2615 4567 2643 4618 6
2676 4565 2933 4635 Μανουὴλ
2963 4563 3059 4614 καὶ
3092 4564 3120 4614 6
3161 4562 3437 4624 Ἰωάννης,

183 4669 312 4717 tiam
357 4673 521 4732 atque
566 4661 981 4735 innocuitatem.
1020 4657 1125 4712 Alii
1162 4672 1289 4712 vero
1351 4657 1568 4711 diverso
1601 4657 1757 4711 modo

1867 4661 2003 4731 πρὸς
2025 4661 2084 4716 δὲ
2121 4660 2216 4715 καὶ
2258 4663 2286 4714 6
2317 4661 2758 4731 πρωτοστράτωρ
2802 4654 3059 4718 Ἀλέξιος,
3088 4650 3166 4706 ἔτι
3202 4650 3258 4703 δὲ
3291 4651 3384 4702 καὶ
3411 4652 3440 4702 6

184 4755 462 4823 perierunt
522 4768 587 4808 ac
638 4750 845 4807 nemini
908 4758 1065 4806 noto.
1113 4748 1267 4804 Multi
1326 4764 1455 4804 vero
1511 4748 1757 4804 exsilium

1867 4753 2107 4825 ἔπαρχος
2126 4769 2143 4787 ο
2177 4753 2286 4807 τῶν
2316 4752 2375 4805 δὲ
2418 4750 2623 4805 λοιπῶν
2655 4752 2703 4803 oi
2738 4749 2839 4820 μὲν
2869 4746 3196 4816 ἀφείθησαν,
3221 4739 3439 4809 ἀληθῶς

182 4847 450 4913 abeuntes
484 4843 699 4913 seipsos
722 4826 1045 4911 punierunt,
1079 4841 1225 4895 inter
1265 4854 1407 4910 quos
1453 4846 1574 4893 erat
1603 4854 1757 4910 egre-

1871 4846 1970 4933 μὲν
2021 4847 2103 4910 είς
2173 4844 2340 4900 ἕωλον
2410 4844 2625 4899 δεῖπνον
2678 4836 2794 4905 τοῖς
2851 4838 3196 4933 βουλομένοις
3255 4833 3442 4933 αὐτῶν

181 4938 303 5007 gius
337 4932 644 5011 Lapardas,
689 4933 826 4988 artis
872 4932 1130 4988 militaris
1160 4930 1543 5003 peritissimus,
1594 4943 1757 5000 quem

1867 4919 2246 5007 θοινὴσασθαι,
2272 4936 2617 5006 φαινομένως
2645 4933 2701 4986 δὲ
2726 4933 2866 4986 κατὰ
2891 4929 3072 5001 φιλίαν
3104 4926 3200 4980 καὶ
3223 4925 3283 4978 τὸ
3301 4919 3446 4978 εἶναι

183 5027 498 5101 accipitrem
532 5025 817 5081 nominare
842 5027 1204 5081 constituerat
1229 5023 1534 5080 Turcarum
1569 5024 1757 5078 Sultan

1866 5027 2192 5083 ἀνύποπτοι.
2224 5028 2363 5082 Οίδέ
2393 5045 2537 5090 τινες
2566 5026 2848 5081 ἀπώλοντο
2882 5018 3168 5083 ποικίλως,
3223 5016 3320 5071 καὶ
3369 5014 3446 5081 ὡς

183 5123 253 5175 ob
281 5120 499 5175 consilii
526 5118 870 5187 actionisque
904 5117 1260 5172 celeritatem.
1296 5114 1401 5181 Qui
1461 5123 1593 5169 tunc
1635 5122 1757 5170 erat

1865 5121 1966 5174 οὐκ
1995 5122 2060 5176 ἄν
2085 5138 2171 5184 τις
2216 5119 2398 5173 ίδοιτο.
2434 5118 2624 5171 Πολ).οί
2674 5118 2731 5170 δὲ
2790 5114 2884 5171 καὶ
2922 5111 3194 5184 ὑπερορίᾳ
3228 5109 3445 5167 ἑκόντες

185 5200 416 5266 feliciter
443 5198 707 5291 salvatus,
745 5217 932 5275 postea
962 5204 1255 5261 infeliciter
1286 5205 1343 5260 iu
1375 5204 1596 5260 insidiis
1643 5205 1756 5258 An-

185 5299 400 5354 dronici
440 5297 790 5370 imperatoris
826 5304 1021 5367 captus
1054 5298 1234 5366 periit.

1867 5213 2196 5267 ἐδικαίωσαν
2230 5211 2488 5275 ἑαυτούς·
2521 5205 2596 5264 ὧν
2626 5206 2695 5280 ἦν
2734 5187 2883 5263 καὶδ
2922 5205 3086 5270 καλὸς
3125 5202 3445 5271 Λαπαρδᾶς,

1871 5307 1899 5356 6
1954 5304 2225 5371 πάνσοφος
2273 5304 2341 5355 τὰ
2369 5302 2734 5372 στρατηγικὰ,
2775 5300 2834 5352 δν
2894 5300 3091 5370 ἱέρακα
3134 5294 3223 5349 διὰ
3260 5294 3320 5346 τὸ
3350 5291 3450 5381 τῆς

185 5392 497 5461 φρονήσεως
526 5399 618 5447 καὶ
647 5392 708 5445 τὸ
732 5390 874 5445 κατὰ
905 5392 1099 5461 πρᾶξιν
1120 5391 1378 5455 ὀξυπετὲς
1400 5393 1426 5444 6
1457 5394 1563 5447 τῶν
1589 5396 1846 5467 Τούρκων
1884 5398 2113 5452 σουλτάν
2140 5396 2426 5464 ὀνομάζειν
2466 5397 2755 5467 ἐπέκρινεν
2781 5410 2796 5426 ·
2859 5397 2888 5448 6
2951 5395 3073 5461 τότε
3140 5393 3238 5461 μὲν
3295 5389 3434 5444 εὐτυ.

186 5482 295 5551 χώς
325 5483 675 5551 περισωθεὶς,
711 5476 850 5555 μετὰ
898 5482 958 5537 δέ
985 5500 1048 5553 γε
1084 5483 1281 5546 ἀθλίως
1331 5486 1452 5546 ταῖς
1480 5486 1575 5539 τοῦ
1618 5487 1884 5558 βασιλέως
1963 5487 2309 5563 Ἀνδρονίκου
2380 5487 2475 5539 καί
2517 5485 2678 5547 αὐτὸς
2740 5485 2947 5553 πάγαις
3008 5480 3450 5550 περιτετυχηκὼς

187 5573 280 5624 καὶ
308 5570 607 5635 ὲξολωλώς.

257 5668 344 5739 15.
372 5667 435 5721 Ει
454 5667 528 5721 ita
557 5683 642 5723 res
662 5685 721 5724 se
754 5672 1048 5729 habebant.
1070 5671 1131 5727 Et
1155 5686 1283 5728 vero
1312 5671 1368 5727 in
1393 5685 1501 5726 uno
1523 5671 1610 5727 die
1629 5688 1764 5743 qua-

187 5772 314 5815 tuor
346 5760 592 5815 infamati
635 5765 1031 5833 coniurationis
1062 5766 1299 5823 convicti
1339 5773 1493 5828 sunt,
1549 5765 1759 5823 scilicet

1950 5675 2036 5725 ιε’.
2067 5666 2177 5723 Ἦν
2208 5668 2263 5721 δὲ
2314 5666 2487 5722 ταῦτα
2518 5669 2661 5724 τότε.
2692 5669 2801 5722 Kal
2838 5668 2971 5729 τέως
3012 5665 3112 5734 μὲν
3160 5662 3287 5734 περὶ
3322 5660 3451 5729 μίαν

1875 5765 2086 5836 ἡμέραν
2115 5765 2162 5815 οἱ
2191 5762 2449 5833 τέσσαρες
2485 5764 2820 5836 ἠτιμωμένοι
2870 5758 3117 5813 ἑάλωσαν
3142 5754 3301 5847 δῆθεν
3330 5750 3453 5816 ξυνι-
