4036 6224
534 439 608 504 27
1263 444 1688 509 EUSTATHII
1716 443 2096 506 THESSALG

2203 442 2469 510 CENSIS
2508 444 3065 510 ΜΕΤΒΟΡΟΗΤᾹΞ
3722 458 3798 519 ‘28

540 561 658 620 lum
690 563 874 635 ipsum
908 575 1032 619 esse
1069 552 1445 633 proditurum,
1477 563 1877 633 propemodum
1918 561 1986 616 ad
2019 576 2096 616 ex.

2216 560 2311 614 τοῦ
2346 560 2585 632 μεγάλου
2605 561 2740 615 Θεοῦ
2772 563 2865 616 καὶ
2890 563 3138 632 Σωτῆρος
3166 562 3342 633 ήμῶν,
3371 562 3463 619 τοῦ
3489 566 3783 641 Χριστοῦ),

536 658 753 725 emplar
789 655 968 726 magni
1004 654 1092 709 Dei
1123 664 1177 709 et
1209 652 1509 711 Salvatoris
1546 655 1740 717 nostri.
1769 651 1994 722 Christi)
2035 667 2105 707 ne

535 746 741 802 rediret
796 747 1136 817 sacrilegus,
1168 746 1223 800 in
1260 745 1345 800 via
1391 745 1457 799 ad
1505 745 1766 815 palatium
1818 752 2098 811 moratur;

534 836 711 893 esculi
744 836 913 892 soluti
948 839 1004 892 lit
1031 835 1246 901 dilatio,
1281 853 1345 891 ac
1388 836 1829 906 procrastinatur
1881 833 1936 888 in
1969 834 2104 887 alte-

539 943 661 982 rum
698 936 915 997 tempus
960 927 1029 982 de
1070 942 1181 996 quo
1212 929 1416 983 certior
1449 925 1628 981 factus
1660 935 1744 981 est
1785 925 2102 994 imperator.

536 1014 776 1086 Eratque
808 1016 903 1068 illa
950 1030 1247 1086 parasceve
1297 1014 1589 1069 admodum
1641 1013 1816 1068 tristis
1861 1010 2101 1082 generis,

535 1116 699 1177 atque
734 1105 1092 1161 hebdomadis
1122 1116 1247 1177 post
1279 1106 1625 1161 Dominicum
1657 1101 1886 1158 Pascha.
1919 1103 1975 1156 In
1999 1102 2105 1157 ista

534 1199 765 1254 collecta
809 1199 1185 1264 multitudine,
1221 1212 1325 1268 qua
1359 1199 1581 1254 solitum
1605 1205 1690 1253 est
1717 1208 1845 1252 tunc
1890 1196 2105 1267 impleri

532 1289 826 1358 palatium,
853 1290 1142 1359 perﬁcitur
1172 1299 1305 1344 tunc
1327 1290 1550 1359 quidem
1574 1289 1858 1357 amplexus
1883 1289 2099 1360 (super-

532 1380 721 1436 fluitas
756 1380 1140 1453 inventionis),
1181 1381 1466 1450 perficitur
1496 1380 1660 1435 simul
1708 1395 1773 1436 ac
1805 1388 2101 1444 secretum,

533 1472 815 1527 damnatio
848 1472 1175 1542 patriarcha:
1211 1488 1274 1526 ex
1307 1473 1580 1536 absentia,
1613 1471 1775 1525 modo
1825 1484 1936 1539 quo
1976 1470 2101 1539 quis

533 1577 676 1631 πει-ο
704 1564 1070 1630 cloqueretur.
1108 1561 1350 1614 Aliorum
1387 1562 1532 1616 enim
1595 1558 2098 1630 archipresbyter-o-

536 1667 657 1707 rttm
677 1650 951 1707 calliditas
973 1651 1040 1722 (si
1074 1651 1352 1705 fatendum
1377 1650 1494 1720 sit),
1517 1651 1749 1705 aliorum
1775 1651 2104 1705 verecundia

535 1744 608 1800 ob
638 1758 891 1813 magnum
931 1744 1207 1804 timorem,
1246 1743 1482 1796 aliorum
1516 1742 1702 1796 odittm
1735 1742 1985 1796 insanum
2018 1756 2105 1795 ar—

534 1834 1046 1906 chipresbyteratus
1071 1833 1152 1888 sic
1183 1832 1341 1887 facile
1365 1842 1688 1902 peregerunt
1713 1847 1901 1887 casum
1933 1832 2102 1895 illius,

2210 654 2306 706 καὶ
2333 653 2526 707 ἐδεδίει
2555 654 2760 723 ἀνθρωτ
2786 653 2913 717 ίνως
2942 656 3170 721 ἐκεῖνος,
3215 654 3618 726 εὐλαϐούμενος
3649 664 3771 717 ἀπο-

2213 742 2378 808 ϐῆναι
2410 744 2770 814 κατάσχετος.
2799 747 2891 797 καὶ
2924 744 3069 816 ὣκνη
3078 762 3135 799 σε
3165 747 3266 817 τὴν
3297 749 3378 811 είς
3422 750 3490 803 τὰ
3533 751 3781 820 βασίλεια

2204 836 2354 889 ἐδονσ
2388 839 2600 901 γίνεται
2646 836 2883 904 ἁναὸςλὴ
2927 838 3021 889 τοῦ
3073 839 3411 905 καθήκοντος
3455 841 3779 915 ἀσπασμοῦ,

2205 927 2301 982 καὶ
2333 927 2685 998 ὑπερτίθεται
2706 928 2787 992 είς
2816 929 3009 995 ἑτέραν
3034 928 3204 999 ὥραν,
3235 931 3673 1003 μαθητευθεῖσαν
3707 939 3780 1009 τῷ

2208 1018 2440 1089 βασιλεῖ.
2476 1019 2587 1074 Kal
2613 1014 2681 1090 ἦν
2711 1020 2893 1090 ἐκείνη
2927 1021 3281 1091 Παρασκευὴ,
3316 1024 3412 1076 καὶ
3455 1025 3645 1080 ἀλλοία
3683 1032 3784 1099 μέν

2204 1126 2286 1169 τις
2319 1108 2517 1180 φαύλη,
2570 1111 2664 1163 καὶ
2697 1110 2991 1181 ὲόδομάδος
3028 1111 3087 1164 δὲ
3118 1112 3218 1181 τῆς
3251 1115 3390 1182 μετὰ
3430 1114 3532 1186 τὴν
3563 1122 3783 1189 πασχά.

2204 1200 2318 1253 λιον
2359 1201 2647 1272 Κυριακήν
2674 1217 2688 1232 ⁸
2723 1201 2848 1256 καθ’
2895 1202 2962 1273 ἢν
2994 1201 3346 1269 συλλεγέντος
3374 1205 3469 1259 τοῦ
3518 1208 3784 1279 πλήθους,

2204 1291 2331 1344 δσον
2363 1291 2551 1345 εἴωθεν
2584 1293 2644 1346 ὲν
2674 1293 2790 1354 τοῖς
2821 1293 3086 1356 τοιούτοις
3116 1293 3362 1364 πληροῦν
3400 1297 3469 1349 τὰ
3504 1297 3779 1368 βασίλεια,

2204 1383 2446 1435 τελεῖται
2481 1382 2581 1453 μὲν
2606 1384 2700 1437 καὶ
2736 1382 2796 1436 τὸ
2830 1384 3182 1437 ἀσπάσασθαι
3206 1383 3289 1448 (τὸ
3324 1387 3657 1452 ἐπιπολάζον
3681 1393 3779 1460 τῆς

2208 1473 2504 1544 μηχανῆς).
2537 1474 2873 1527 συντελεῖται
2911 1474 2968 1527 δὲ
2994 1477 3088 1528 καὶ
3116 1476 3179 1527 τὸ
3212 1475 3466 1544 κρύφιον,
3498 1480 3529 1548 ἡ
3564 1480 3625 1545 ἐξ
3650 1483 3778 1551 ἐρή-

2209 1581 2318 1634 μης
2354 1565 2447 1617 τοῦ
2488 1567 2834 1637 πατριάρχου
2877 1567 3218 1638 καθαίρεσις,
3255 1569 3331 1632 ὡς
3365 1571 3462 1624 οὐκ
3508 1572 3573 1626 ἂν
3611 1577 3777 1644 εὐφή-

2209 1672 2324 1725 μως
2355 1657 2528 1708 εἰπεῖν
2550 1655 2662 1726 ἔχοι
2688 1674 2792 1713 τις.
2821 1658 2939 1709 Τῶν
2969 1659 3066 1726 μὲν
3092 1659 3201 1728 γὰρ
3232 1662 3531 1731 ἀρχιερέων
3565 1664 3639 1730 (εί
3673 1668 3781 1734 χρὴ

2208 1747 2396 1815 φάναι)
2432 1748 2817 1817 κερδαλεότης,
2848 1748 2957 1802 τῶν
3008 1749 3063 1802 δὲ
3105 1750 3364 1803 εύλάΰεια
3418 1755 3558 1806 κατὰ
3610 1757 3781 1807 ποὶὺν
3858 1802 3875 1815 .

2208 1833 2394 1901 φόϐον,
2440 1835 2550 1887 τῶν
2579 1833 2634 1887 δὲ
2678 1835 2772 1888 καὶ
2803 1838 2956 1904 μῖσος
2989 1836 3090 1889 οὐκ
3132 1838 3455 1905 ιεύλόγιστον
3502 1841 3646 1893 κατὰ
3682 1842 3779 1893 τοῦ

535 1897 737 1982 additis
766 1897 895 1981 aliis
925 1927 1252 1996 quibusdam
1292 1897 1536 1991 senatus,
1570 1928 1858 1997 strepitum
1895 1928 2096 1982 facien-

2208 1925 2692 1996 ἀρχιερατεύοντος
2739 1925 2882 1980 οῦτω
2929 1928 3125 1997 ῥαδίως
3177 1928 3380 1995 ἤνυσαν
3412 1924 3527 2000 τῆν’
3561 1930 3773 1984 ἐκείνου

534 2018 703 2082 tibus,
743 2028 983 2088 quantus
1020 2019 1144 2083 fuit,
1169 2035 1292 2073 cum
1324 2019 1465 2073 muti
1503 2017 1723 2074 Jericho
1760 2019 1970 2076 obsessi
2019 2027 2096 2072 tu-

2209 2015 2537 2087 καταϐολὴν,
2567 2016 2962 2088 ἐπιτιθεμένων
2981 2023 3073 2072 καὶ
3101 2020 3211 2072 τῶν
3231 2038 3392 2074 τινων
3414 2023 3512 2091 τῆς
3536 2025 3778 2095 συγκλή-

532 2112 621 2168 bis
650 2111 973 2166 sonantibus
1001 2122 1354 2165 corruetunt.

2206 2124 2300 2160 του
2332 2106 2550 2178 βουλῆς,
2574 2108 3093 2175 κατακτυπούντων,
3116 2110 3193 2175 ὡς
3223 2113 3321 2166 οὐκ
3352 2113 3417 2167 ἂν
3444 2115 3562 2168 οὐδὲ
3605 2114 3774 2186 Ἱερι-

531 2200 785 2274 χούντεια
856 2201 1009 2270 τείχη
1065 2199 1449 2271 κατηχούμενα
1508 2198 1799 2268 σάλπιγξιν
1859 2200 2099 2263 ἐκείναις
2130 2192 2380 2252 ἔπιπτον.

601 2291 692 2346 19.
721 2292 792 2348 Ut
820 2292 950 2347 illud
971 2307 1189 2362 quoque
1212 2291 1449 2345 breviter
1473 2288 1769 2365 referatur,
1794 2292 1923 2359 (cur
1952 2290 2099 2343 enim

531 2384 749 2454 longum
774 2385 1036 2454 scriptum
1074 2384 1398 2453 prolongare
1416 2381 1484 2450 Ἰ),
1508 2382 1746 2437 turbatio
1772 2395 1963 2451 magna
1986 2392 2102 2434 erat

532 2477 590 2533 in
623 2477 828 2548 palatio
851 2517 867 2541 ,
903 2484 1104 2546 quanta
1136 2484 1222 2529 est
1250 2490 1350 2544 pro
1398 2473 1505 2529 Deo
1534 2482 1757 2542 propter
1801 2472 1921 2542 ejus
1953 2473 2095 2526 veri-

533 2576 721 2631 tatem,
757 2568 995 2637 itemque
1021 2567 1205 2637 populi
1237 2565 1491 2630 civitatis,
1516 2579 1580 2618 ac
1608 2565 1778 2632 ipsius
1807 2563 2055 2617 ecclesiae
2079 2603 2093 2628 ,

534 2657 701 2726 hujus
734 2656 880 2712 enim
931 2655 1088 2726 pauci
1124 2655 1179 2707 in
1215 2654 1320 2708 ista
1351 2656 1654 2716 irrueruut,
1686 2653 1936 2722 plerique
1967 2668 2097 2708 vero

531 2748 703 2804 Deum
739 2749 1013 2803 habebant
1044 2747 1098 2800 in
1136 2744 1397 2800 omnibus
1430 2760 1540 2813 prae
1562 2745 1764 2808 oculis,
1786 2746 2095 2799 eventibus-

529 2855 636 2909 que
659 2856 718 2894 se
746 2839 957 2893 fortiter
986 2837 1358 2906 apponebant.
1420 2834 1757 2888 Scinduntur
1800 2851 1953 2905 ergo.
1991 2836 2096 2890 Alii

524 2931 739 3002 iuniori
785 2930 1109 3000 imperatori
1157 2929 1551 2996 obsequuntur.
1581 2928 1875 2995 Postquam
1918 2938 2099 2983 autem

532 3045 703 3102 semel
734 3044 1148 3114 respondissent
1190 3043 1292 3107 illi,
1324 3050 1401 3105 et,
1426 3044 1632 3097 utinam
1664 3058 1772 3096 non
1805 3042 2098 3098 fecissent!

531 3136 856 3191 didicissent
883 3132 1292 3187 damnationrm
1326 3130 1813 3200 archipresbyteri,
1852 3144 2102 3199 perman-

2279 2310 2366 2366 tO’.
2404 2312 2513 2365 Kal
2543 2311 2603 2365 τὸ
2642 2315 2852 2367 ἐκεῖθεν
2891 2313 3298 2385 βραχυλογικῶς
3336 2319 3429 2373 καὶ
3463 2321 3595 2377 αὐτὸ
3626 2324 3770 2378 icto-

2212 2401 2369 2471 ρῆσαι
2417 2403 2511 2483 (τί.
2547 2403 2655 2474 γὰρ
2702 2407 3108 2477 ἀναμετρητέον
3166 2408 3233 2462 τὰ
3285 2411 3428 2479 πέρα
3483 2413 3772 2486 μέτρους)

2203 2493 2441 2563 τάραχος
2469 2496 2643 2563 μέγας
2675 2496 2786 2548 τῶν
2815 2498 2906 2549 τοῦ
2949 2499 3229 2564 παλατίου,
3263 2502 3391 2554 ὅσον
3417 2500 3486 2573 ἦν
3516 2508 3651 2574 πρὸς
3680 2507 3773 2560 τοῦ

2205 2580 2339 2634 Θεοῦ
2371 2584 2464 2635 καὶ
2488 2587 2584 2655 τῆς
2611 2586 2733 2639 κατ’
2764 2588 2926 2641 αὐτὸν
2953 2591 3225 2660 ἀληθείας,
3255 2594 3363 2645 τῶν
3392 2597 3484 2648 τοῦ
3511 2596 3639 2649 λαοῦ
3668 2598 3773 2669 τῆς

2206 2673 2430 2737 πόλεως,
2464 2675 2573 2727 τῶν
2600 2677 2772 2748 αὐτῆς
2818 2679 2881 2752 δή
2931 2682 3029 2751 τῆς
3068 2684 3384 2753 ἐκκλησίας.
3421 2688 3530 2740 Kal
3558 2689 3772 2758 ἐκείνης
3794 2723 3811 2730 ε

2204 2765 2311 2832 γὰρ
2340 2765 2509 2834 ὀλίγοι
2538 2771 2977 2841 κατεσκίρτησαν
3006 2774 3099 2826 ἐπὶ
3118 2777 3230 2838 τοῖς
3260 2778 3578 2848 πραχθεῖσιν
3601 2796 3615 2810 ⁸
3644 2783 3691 2835 οί
3715 2782 3773 2835 δέ

2205 2869 2269 2921 γε
2302 2853 2518 2920 πλείους
2564 2859 2929 2930 προεωρῶντο
2970 2862 3062 2915 τὸν
3104 2865 3309 2934 Κύριον
3337 2867 3566 2922 ἐνώπιον
3592 2871 3773 2923 αὐτῶν

2204 2944 2290 2998 διὰ
2324 2947 2547 3015 παντὸς,
2600 2952 2693 3002 καὶ
2722 2951 2862 3004 κατὰ
2902 2952 3012 3006 τῶν
3055 2958 3464 3026 πεπραγμένων
3510 2961 3768 3028 ἐγίνοντο.

2206 3038 2414 3091 Οὐκοῦν
2445 3039 2539 3092 καὶ
2568 3039 2903 3112 μερίζονται.
2938 3043 3049 3098 Kal
3074 3045 3124 3097 oi
3160 3046 3259 3115 μὲν
3283 3045 3359 3116 τῷ
3394 3050 3578 3120 μικρῷ
3613 3050 3770 3120 βασι-

2203 3128 2285 3181 λεῖ
2305 3130 2640 3200 ἐκομίζοντο.
2662 3132 2772 3186 Kal
2792 3133 3049 3199 καθάπαξ
3064 3120 3537 3208 ὑτῖαγορεύσαντες
3553 3141 3765 3211 ἐκείνῳ,

532 3234 728 3280 serunt
776 3226 829 3277 in
872 3223 1071 3292 quibus
1100 3230 1467 3292 peccaverunt
1488 3259 1503 3284 ,
1536 3220 1981 3287 institutiouique
2012 3219 2095 3272 in-

2203 3221 2297 3315 καὶ
2326 3220 2401 3315 ᾡς
2448 3222 2548 3276 οὒκ
2581 3221 2808 3291 ὤφελον,
2859 3224 3170 3291 διδάξαντες
3214 3228 3315 3298 τήν
3344 3230 3437 3282 τοῦ
3471 3232 3767 3301 ἀρχιερέως

532 3316 815 3379 stiteruut,
847 3330 1076 3385 ptterum
1118 3313 1183 3368 ad
1214 3312 1521 3368 doctrinam
1552 3311 1870 3374 incitantes,
1909 3321 1965 3362 ttt
1999 3311 2095 3364 oh-

2203 3309 2441 3379 Ξιτιμίαν,
2485 3312 2750 3382 ἐπέμενον
2791 3312 2873 3381 οἷς
2920 3319 3359 3390 ἐκακούργησαν,
3400 3334 3492 3377 καί
3553 3325 3651 3395 τὴν
3694 3326 3772 3379 δι-

532 3421 756 3463 servare
831 3412 1259 3468 consueverant;
1337 3404 1685 3471 maximeque
1752 3401 2096 3469 omnipotens

2203 3398 2491 3455 δασκαλίαν
2522 3403 2905 3473 ἠσφαλίζοντο,
2934 3410 3139 3464 καὶτὸν
3168 3412 3333 3466 παῖδα
3356 3414 3435 3483 τῷ
3471 3416 3765 3485 μαθήματι

532 3505 746 3560 mater,
795 3503 1027 3564 postque
1099 3494 1279 3558 illam,
1342 3494 1753 3561 protosebastus
1808 3488 1900 3556 qui
1973 3500 2096 3543 tunc

2203 3492 2574 3562 ὲνερείδοντες,
2602 3499 2788 3567 τηρεῖν
2813 3499 2946 3552 αὐτὸ
2975 3500 3170 3566 εῐθιζον
3193 3516 3209 3533 ο
3251 3501 3343 3554 καὶ
3368 3502 3602 3571 μάλιστα
3631 3508 3665 3574 ή
3698 3507 3760 3558 τὸ

534 3585 815 3639 nitebatur
869 3597 967 3652 per
1025 3580 1310 3636 ecclesiam
1369 3580 1483 3633 lleri
1535 3589 1771 3646 potens,
1833 3576 2102 3647 juxtaque

532 3673 876 3744 proverbium
905 3687 1140 3742 pugnam
1172 3687 1294 3725 cum
1324 3671 1645 3724 mulieribus
1685 3669 2028 3723 instituerat.

2199 3581 2307 3633 πᾶν
2327 3582 2599 3654 δυναμένη
2633 3585 2836 3657 μήτηρ,
2872 3588 3011 3642 καὶό
3056 3587 3172 3656 μετ’
3208 3588 3376 3660 αὐτὴν
3404 3592 3762 3659 πρωτοσεδα-

2200 3670 2344 3735 στδς,
2384 3672 2412 3723 ὁ
2445 3673 2585 3726 κατὰ
2620 3674 2717 3744 τῆς
2757 3676 3051 3749 ἐκκλησίας
3084 3666 3213 3732 τότε
3267 3679 3565 3750 μελετήσας
3600 3682 3765 3737 δυνα-

530 3772 623 3832 τδς
672 3769 948 3838 γενέσθαι.
991 3768 1086 3820 καὶ
1119 3768 1217 3821 σὺν
1246 3764 1459 3834 γυναιξὶ
1493 3767 1788 3835 συστήσας,
1821 3766 1961 3819 κατὰ
2002 3764 2099 3835 τὴν
2131 3766 2451 3837 παροιμίαν,
2469 3768 2669 3840 μάχην.

598 3863 692 3917 20.
716 3863 791 3917 ita
822 3862 1047 3932 quidam
1099 3869 1347 3931 egerunt,
1385 3861 1528 3916 maio
1579 3861 1851 3930 exemplo.
1905 3858 2102 3915 Caneri

529 3969 661 4009 vero
710 3954 1036 4024 patriarcha:
1075 3952 1487 4007 damnationem
1528 3950 1811 4018 deﬂentes,
1860 3950 2093 4007 infortu—

528 4046 794 4113 niumque
833 4047 1135 4107 Caesarum,
1168 4044 1476 4098 calamitate
1508 4058 1700 4114 magna
1736 4059 1798 4099 ac
1831 4044 1980 4098 luctu
2038 4044 2098 4097 Ii-

530 4136 711 4191 niunt.
767 4132 837 4189 Ut
875 4135 1020 4187 enim
1078 4135 1319 4188 breviter
1370 4135 1590 4201 dicam,
1636 4134 1837 4189 bellant
1874 4149 2091 4189 sacrum

532 4224 727 4288 initur,
772 4232 828 4276 ttt
862 4222 1260 4278 rationabiliter
1291 4234 1474 4290 posset
1501 4223 1629 4277 dici.
1656 4221 1804 4277 intus
1838 4223 1894 4277 in
1926 4224 2098 4278 eccle-

530 4314 612 4369 sia
640 4329 699 4369 se
717 4314 969 4367 muniunt
991 4313 1147 4385 quasi
1173 4313 1227 4366 in
1259 4312 1565 4375 obsidione,
1585 4313 1775 4378 armis,
1803 4313 2097 4383 imperato-

532 4407 602 4461 rii
642 4421 770 4460 vero
816 4405 953 4459 foris
1011 4405 1275 4473 impetum
1315 4403 1527 4459 faciunt
1578 4404 1732 4459 multi
1786 4418 1851 4458 ac
1898 4403 2090 4461 fortes.

528 4497 649 4554 Non
681 4497 835 4581 pauci
867 4512 1058 4551 eorum
1091 4499 1183 4566 qui
1221 4505 1350 4551 sunt
1396 4497 1451 4550 in
1484 4496 1717 4551 ecclesia
1750 4495 1974 4560 eadunt,
2011 4497 2095 4549 in-

2274 3859 2345 3916 κ’.
2386 3863 2493 3916 Kal
2524 3863 2669 3919 οὕτω
2695 3853 2796 3938 μέν
2834 3885 2976 3933 τινες
3017 3871 3067 3924 oi
3114 3869 3215 3927 τοῦ.
3267 3870 3342 3943 μὴ
3390 3872 3576 3927 καλοῦ.
3620 3875 3681 3927 Οί
3706 3873 3767 3929 δὲ

2198 3950 2374 4004 λοιποὶ
2425 3953 2518 4005 ἐπί
2568 3970 2630 4008 τε
2683 3956 2763 4026 τῷ
2802 3959 3190 4031 πατριαρχικῷ
3235 3961 3765 4028 καταστυγνάζοντες

2201 4040 2648 4112 δυσπραγήματι,
2698 4046 2791 4097 ἐπί
2816 4063 2876 4098 τε
2912 4050 2977 4116 τῇ
3025 4048 3134 4102 τῶν
3166 4050 3454 4121 Καισάρων
3480 4051 3762 4123 δυστυχίᾳ,

2200 4132 2599 4200 καταλήγουσιν
2637 4138 2715 4199 είς
2746 4137 2913 4190 κακὸν
2944 4138 3089 4206 μέγα
3130 4143 3225 4194 καὶ
3262 4142 3546 4195 οίκτιστον.
3576 4143 3766 4197 Είπεῖν

2200 4221 2307 4291 γάρ
2343 4223 2401 4273 ὲν
2442 4222 2798 4295 βραχυτάτῳ*
2828 4227 3062 4295 πόλεμος
3090 4232 3366 4299 κροτεῖται
3399 4232 3560 4300 ίερδς,
3592 4234 3665 4294 ὡς
3697 4220 3767 4287 ἂν

2204 4313 2426 4380 καιρίως
2454 4317 2587 4384 φαίη
2637 4332 2736 4378 τις.
2767 4317 2876 4369 Kal
2908 4317 3292 4385 στεγανοῦνται
3327 4323 3426 4390 μὲν
3453 4324 3501 4373 oi
3535 4324 3633 4392 τῆς
3674 4326 3767 4375 ὲκ-

2205 4403 2432 4472 κλησίας
2460 4405 2607 4468 ἐντὸς
2637 4405 2710 4469 ὡς
2758 4405 2849 4457 ἐπὶ
2882 4407 3164 4478 πολιορκίᾳ.
3213 4410 3337 4479 μεθ’
3372 4411 3550 4462 ὅπλων
3575 4425 3588 4439 '
3618 4413 3669 4464 oi
3708 4413 3768 4466 δὲ

2203 4490 2471 4559 βασιλικοὶ
2501 4493 2698 4557 ἔξωθεν
2728 4496 3104 4563 ἐπιπίπτουσι,
3152 4501 3245 4551 καὶ
3279 4499 3464 4554 πολλοὶ
3505 4502 3600 4555 καὶ
3639 4521 3766 4571 γεν-

532 4572 742 4645 numeri
770 4603 899 4643 vero
954 4589 1318 4658 imperatorii.
1357 4588 1529 4659 Hujus
1561 4602 1753 4660 pugnae
1782 4587 1990 4657 aliquid
2032 4588 2087 4642 in

2203 4584 2359 4638 ναῖοι.
2399 4584 2507 4636 Kal
2535 4584 2787 4638 πίπτουσι
2834 4587 2932 4655 μὲν
2960 4589 3057 4640 οὐκ
3090 4590 3258 4655 ὀλίγοι
3304 4592 3410 4644 τῶν
3441 4592 3500 4643 ἐν
3555 4594 3616 4660 τῇ
3669 4595 3768 4641 ἐκ·

532 4680 712 4734 forum
751 4678 1029 4732 transivit.
1061 4676 1260 4732 Multos
1290 4678 1651 4747 apprehendit
1685 4692 1867 4746 pugna
1913 4676 2086 4746 impe-

533 4768 753 4827 ratoris.
786 4768 910 4822 aliis
939 4767 1162 4837 quidem
1213 4768 1433 4822 diverse
1469 4767 1680 4829 nocuit,
1714 4767 1852 4821 alios
1885 4780 2016 4819 vero
2061 4780 2093 4820 e

529 4859 638 4914 vita
688 4857 910 4928 eripuit.
964 4856 1148 4927 Longe
1198 4859 1414 4925 lateque
1439 4857 1718 4926 impletum
1767 4867 1854 4911 est
1906 4856 2090 4910 odium

532 4953 918 5022 imperatricis,
951 4964 1251 5020 omnesque
1302 4951 1474 5004 ferme
1520 4948 1652 5002 illud
1686 4947 1894 5017 experti
1943 4953 2089 4999 sunt.

527 5042 637 5099 Ora
670 5044 911 5097 omnium
952 5043 1172 5096 nomine
1206 5041 1330 5112 ejus
1361 5038 1736 5109 replebantur,
1766 5052 1871 5092 non
1902 5037 1955 5089 in
1999 5036 2092 5088 be-

530 5133 918 5196 ncdictionem,
954 5144 1121 5200 atque
1148 5130 1204 5185 in
1232 5128 1436 5185 malum
1469 5128 1618 5183 illius
1651 5127 2088 5197 depositionem—

527 5240 634 5296 que
669 5226 1082 5293 conspirabant.

2198 4672 2416 4743 κλησέα,
2447 4674 2554 4727 τῶν
2582 4675 2640 4729 δὲ
2677 4675 2970 4743 βασιλικῶν
2998 4678 3282 4746 ἀμύθητοι.
3304 4680 3464 4749 Διέϐη
3487 4679 3542 4731 δέ
3576 4697 3628 4733 τι
3662 4680 3760 4732 τοῦ

2199 4763 2440 4816 τοιούτου
2482 4765 2651 4817 κακοῦ
2685 4766 2780 4817 καὶ
2817 4770 2896 4825 είς
2929 4769 3026 4837 τὴν
3055 4768 3278 4836 ἀγοράν.
3312 4767 3384 4819 Τὸ
3414 4768 3519 4838 γὰρ
3549 4769 3762 4838 βασιλι-

2199 4852 2293 4903 κὸν
2330 4857 2674 4924 συμμαχικὸν
2713 4857 2925 4919 πολλοῖς
2956 4859 3283 4927 ὲνεπήδησε·
3335 4864 3430 4912 καὶ
3480 4861 3605 4913 sub;
3660 4867 3763 4930 μὲν

2197 4941 2285 4994 ἀλῖ
2296 4961 2369 5006 ως
2400 4944 2618 5013 εϐλαψε,
2641 4965 2791 5011 τινας
2815 4948 2868 5000 δὲ
2903 4950 2992 5000 καὶ
3015 4949 3108 4999 τοῦ
3135 4949 3234 5020 ζῇν
3258 4952 3564 5020 ἀπήγαγεν.
3603 4952 3768 5005 ὐθεν

2198 5038 2291 5088 καὶ
2326 5038 2626 5090 πὶατυνθὲν
2653 5040 2714 5091 τὸ
2738 5040 2904 5091 κακὸν
2931 5039 3201 5108 ἐπλήθυνε
3226 5041 3288 5095 τὸ
3312 5043 3456 5096 κατὰ
3486 5040 3584 5111 τῆς
3609 5041 3764 5111 βασι-

2198 5125 2335 5188 λίδος
2386 5128 2561 5194 μῖσος,
2598 5131 2689 5181 καὶ
2733 5130 2950 5200 ἥπλωσε
3006 5132 3205 5203 μικροῦ
3236 5133 3344 5185 δεῖν
3375 5134 3450 5195 είς
3496 5132 3760 5193 ἅπαντας.

2201 5217 2306 5268 Kal
2335 5216 2530 5288 ἔγεμον
2554 5222 2724 5291 αὐτῆς
2749 5224 2816 5276 τὰ
2848 5225 3067 5278 πάντων
3099 5227 3367 5296 στόματα,
3396 5226 3497 5279 οὐκ
3520 5227 3597 5288 εἰς
3625 5226 3764 5292 ἀγα·

529 5317 641 5377 οδν,
668 5315 761 5368 καὶ
787 5313 1131 5368 ὲὸουλεύοντο
1158 5311 1229 5366 τὰ
1257 5312 1338 5376 είς
1359 5310 1605 5365 κάκωσιν
1632 5307 1800 5377 αὐτῆς
1826 5309 1918 5360 καὶ
1948 5304 2269 5360 ἀπόστασιν.

596 5409 690 5462 2i.
724 5406 779 5460 In
819 5406 903 5461 his
935 5421 1055 5475 qua:
1095 5405 1274 5459 solent
1303 5402 1441 5470 ﬁeri,
1475 5416 1584 5458 non
1633 5404 1809 5457 solum
1850 5398 2092 5453 vindicta

525 5497 884 5567 expetebatur
913 5512 978 5550 ex
1028 5494 1527 5566 praesentibus,sed
1578 5494 1739 5548 etiam
1791 5492 1842 5545 iu
1874 5491 2088 5558 longiu-

523 5605 692 5661 quutn
720 5589 1080 5659 cogitationes
1110 5602 1169 5643 se
1200 5586 1586 5641 extendebant.
1613 5584 1726 5638 lilis
1761 5585 1814 5636 in
1853 5593 2087 5637 mentem

522 5684 677 5736 venit
712 5680 1024 5735 Comnenus
1054 5678 1427 5742 Andronicus,
1463 5693 1625 5747 quem
1668 5675 1923 5745 superius
1972 5687 2088 5725 me-

526 5772 890 5826 moravimus.
939 5767 995 5823 in
1036 5769 1145 5824 illis
1177 5770 1321 5823 enim
1352 5767 1643 5823 eventibus
1688 5765 1845 5819 fortis
1893 5764 2086 5828 miles,

528 5861 792 5915 auxilium
828 5860 1178 5928 salvatorque
1202 5858 1427 5912 futurus
1460 5856 1768 5919 videbatur,
1793 5869 1901 5908 non
1931 5870 1999 5908 eo
2030 5860 2088 5906 ut

526 5952 804 6009 laboraret
832 5950 899 6007 ad
930 5950 1036 6045 sibi
1068 5948 1456 6009 vindicandum
1500 5948 1687 6018 iugum
1721 5945 1957 6016 imperii,
1991 5944 2086 6002 sed

2269 5406 2374 5461 κα’.
2423 5407 2615 5461 Ὀποῖα
2653 5410 2709 5463 δὲ
2749 5412 2808 5463 ὲν
2856 5415 2967 5474 τοῖς
3010 5413 3278 5477 τοιούτοις
3327 5412 3472 5481 φιλεῖ
3496 5412 3768 5480 γίνεσθαι,

2198 5496 2258 5548 οὐ
2288 5498 2450 5565 μύνον
2475 5500 2537 5550 ἐκ
2565 5499 2675 5552 τῶν
2705 5502 2855 5570 παρὰ
2886 5502 3054 5563 πόδας
3084 5504 3401 5573 ἐπορίζοντο
3425 5505 3493 5556 τά
3517 5505 3595 5566 είς
3622 5504 3771 5575 ἄμυ-

2196 5602 2309 5648 ναν,
2353 5587 2487 5641 ἀλλά
2524 5591 2619 5642 καλ⁵
2671 5592 2753 5654 είς
2817 5594 2887 5646 τὰ
2942 5593 3226 5664 πόρρωθεν
3273 5594 3593 5659 ἀνεϐίϐαζον
3639 5599 3771 5661 τοῦς

2196 5677 2508 5746 λογισμούς.
2553 5682 2663 5737 Kal
2705 5681 2870 5754 ἁνέδη
2911 5685 3097 5749 αὐτοῖς
3133 5685 3227 5738 ἐπὶ
3256 5685 3381 5738 νοῦν
3424 5687 3453 5737 ό
3484 5686 3770 5756 Κομνηνὸς

2209 5767 2564 5838 ⁹Δνδρόνικος,
2596 5771 2655 5824 δν
2686 5772 2799 5825 ἄνω
2822 5771 2914 5826 τοῦ
2947 5773 3108 5843 λόγου
3140 5774 3582 5845 παρερρίψαμεν.
3617 5775 3766 5828 Ἐδό-

2196 5874 2280 5910 λει
2337 5859 2448 5930 γὰρ
2506 5861 2810 5932 ἀξιόμαχος*
2856 5862 3154 5933 ἐπίκουρος
3198 5861 3642 5933 ἀναφανήσεσθαι
3694 5862 3765 5916 ἂν

2196 5950 2332 6020 πρὸς
2359 5951 2427 6004 τὰ
2454 5951 2819 6022 ξυμπεσόντα,
2851 5940 3321 6018 καὶ-ἀλεξίκακος,
3346 5954 3442 6022 οὐχ
3474 5954 3613 6007 ὥστε
3647 5951 3757 6024 μὴν

4033 5016 4036 5043 l

4032 5106 4036 5137 l

4028 5192 4036 5231 l

4024 5282 4036 5317 Ἰ

4022 5368 4036 5409 ξ

4022 5468 4036 5500 4

4019 5553 4036 5590 ἒς
