4036 6224
395 160 467 223 35
1095 153 1520 218 EUSTATHII
1559 146 2318 212 THESSALONICENSIS
2359 114 2921 212 METROPOLITAZ
3585 143 3656 207 εδ

397 290 500 330 nos
562 272 670 329 illis
741 269 1064 340 subiiciendi
1115 264 1464 335 allicientes;
1509 267 1619 336 iam
1675 268 1844 320 etiam
1912 263 1979 316 ad

2095 261 2383 330 Ῥωμαίων
2431 260 2780 331 στέρμσθαι,
2827 254 3147 324 ἀπέϐλεψαν
3203 255 3283 316 είς
3318 255 3443 318 τοὺς
3486 259 3659 308 Λατί-

396 365 756 420 inchoandam
799 379 1032 434 pugnam
1073 361 1451 425 adduxissent,
1473 359 1576 412 nisi
1625 356 1975 411 Andronicus

394 458 508 511 cito
561 455 993 510 ti-ansl'retasset.
1047 455 1110 508 Hi
1169 464 1371 514 autem,
1416 461 1474 504 ut
1511 452 1714 502 dictum
1761 457 1864 512 est,
1903 446 1970 499 ad

398 549 598 601 bellum
634 562 852 601 saeuum
883 547 1251 616 peragendum
1299 545 1512 596 collecti
1540 549 1695 594 erant
1727 541 1969 609 quidem;

319 691 332 699 .
399 642 527 708 quia
574 651 755 692 autem
822 639 956 691 illud
1006 639 1151 692 brevi
1195 636 1524 690 dissolutum
1571 633 1636 686 iri
1697 632 1974 691 videbant,

394 733 732 785 otiabantur.
764 730 838 784 De
872 733 974 783 hoc
1007 744 1112 782 non
1156 729 1428 780 immerito
1461 733 1788 778 accusantur
1831 719 1978 772 Lati-

395 822 640 888 ni;uihil
664 822 847 876 dicere
893 822 1183 881 habebant,
1205 819 1335 872 nihil
1371 828 1514 872 certe
1538 818 1681 869 unde
1712 813 1975 866 innocen-

396 923 478 967 tes
510 912 1001 966 constituerentur.
1034 909 1089 962 l'n
1123 911 1230 972 his,
1272 909 1410 962 heu!
1459 906 1830 974 imprudenter
1852 917 1978 955 sus-

393 1003 570 1073 ceptis
618 1004 818 1056 malum
861 1018 1113 1070 magnum
1189 1015 1386 1069 magno
1425 999 1568 1051 malo
1601 1011 1795 1050 sanare
1832 994 1978 1044 vole-

395 1095 524 1148 bant
556 1094 947 1162 Paphlagones.
990 1094 1123 1146 Cum
1149 1094 1291 1144 enim
1326 1088 1553 1159 ingressi
1585 1097 1768 1140 essent
1798 1083 1977 1152 Mega-

395 1186 616 1254 lopolim
647 1199 808 1256 atque
827 1184 1052 1238 Latinos
1069 1183 1560 1237 circumvenissent
1581 1179 1823 1248 (omnino
1851 1189 1977 1227 vero

396 1277 694 1328 verisimile
741 1276 1026 1328 ridebatur
1058 1273 1194 1327 alios
1220 1288 1284 1326 ex
1316 1282 1468 1339 parte
1496 1279 1818 1323 novaturum
1858 1267 1979 1318 illos

397 1367 733 1434 adjuturos),
784 1366 1014 1418 Latinos
1051 1381 1149 1418 nec
1186 1366 1439 1433 opinatos
1485 1361 1875 1432 aggrediuntur
1931 1365 1988 1409 ct

395 1457 778 1512 crudelissime
816 1466 1069 1510 tractant.
1098 1455 1253 1508 Tunc
1273 1454 1436 1508 etiam
1471 1453 1678 1506 semina
1700 1458 1982 1518 spargunt,

396 1562 632 1613 quorum
674 1561 777 1599 nos
824 1547 1092 1613 multique
1127 1543 1219 1596 alii
1248 1544 1530 1596 nobiscum
1573 1542 1625 1593 in
1655 1541 1824 1608 pratis
1856 1538 1988 1590 Pru—

2089 370 2233 417 νους,
2260 353 2354 404 καὶ
2383 351 2579 420 δώροις
2607 353 2914 420 ἐπάραντες
2944 348 3037 401 καὶ
3071 345 3306 415 μάλιστα
3329 347 3664 415 ὑποσχέσεσι

2085 444 2181 497 τοῦ
2220 444 2320 514 τὴν
2376 445 2531 496 πόλιν
2573 461 2632 496 τε
2678 439 3074 511 προνομεῦσαι,
3118 439 3213 489 καὶ
3264 438 3368 490 ὑπὸ
3411 437 3664 492 δουλείαν

2087 537 2270 597 αὐτοῖς
2309 537 2434 597 τοὺς
2472 535 2777 603 Ῥωμαίους
2820 533 3029 591 θέσθαι,
3080 530 3377 583 ἀνέπεισαν
3423 530 3525 598 ἤδη
3570 533 3667 584 καὶ

2092 627 2227 697 πρὸς
2257 627 2438 696 μάχην
2486 625 2866 693 ἐξαρτύεσθαι,
2895 626 2942 676 εί
2981 624 3057 693 μὴ
3082 622 3219 690 ταχὺ
3252 623 3280 674 ό
3326 621 3666 690 Ἀνδρόνικος

2091 719 2470 787 ἐπεραιώσατο
2491 732 2506 747 ο
2535 716 2589 769 οἴ
2617 733 2680 784 γε
2706 715 2802 768 καὶ
2831 714 2946 778 τοῦ,
2975 714 3049 776 ὡς
3078 714 3306 784 ἐρρέθη,
3333 713 3477 782 ἱεροῦ
3511 715 3669 767 πολέα

2096 827 2199 877 μου
2240 808 2650 879 συνεφάψασθαι
2681 808 2800 860 τότε
2835 807 3295 876 πρνσελήφθησαν
3331 804 3449 874 μὲν,
3483 805 3665 875 ﬁgam-

2093 919 2192 954 σαν
2217 901 2272 952 δέ
2297 901 2385 954 διὰ
2417 902 2477 954 τὸ
2508 901 2648 970 ταχὺ
2686 901 2890 951 ἐκεῖνον
2920 897 3168 965 λυθῆναι.
3215 896 3515 950 Ἐπεκλᾶτο
3565 900 3665 966 μὲν

2091 993 2185 1048 οὖν
2227 995 2337 1056 τοῖς
2389 993 2640 1053 Λατίνοις
2687 990 2825 1059 αῦτη
2858 990 3096 1052 αίτίασις
3148 989 3207 1041 οὐ
3262 988 3467 1058 ψευδής
3495 1004 3507 1017 ·
3557 988 3670 1042 οὐδ’

2092 1085 2238 1155 εἶχον
2261 1088 2454 1145 εἰπεῖν,
2487 1085 2610 1138 οῦτε
2643 1086 2748 1154 μὴν
2778 1084 2952 1153 ἔχοιεν
2980 1081 3070 1146 ἂν,
3097 1080 3171 1144 ὡς
3193 1076 3332 1146 ἦσαν
3357 1081 3669 1149 ἄμεμπτοι.

2097 1177 2364 1246 Ἐμελλον
2392 1177 2473 1241 δὲ,
2495 1176 2640 1246 οἴμοι
2661 1178 2673 1229 !
2697 1176 2851 1246 κακῷ
2886 1174 3108 1245 μεγάλῳ
3147 1173 3287 1243 μέγα
3315 1174 3487 1225 κακὶν
3517 1173 3674 1225 ἐκθε-

2098 1269 2369 1340 ραπεύσαι
2387 1270 2438 1322 οἱ
2457 1270 2832 1338 Παφλαγόνες,
2858 1263 2938 1330 οἷς
2957 1267 3254 1335 ἀλογίστως
3278 1264 3663 1334 ἐθρασύναντο.

2099 1361 2445 1423 Εἰσελθόντες
2463 1362 2573 1430 γὰρ
2599 1362 2695 1430 τὴν
2720 1359 3123 1426 Μεγαλόπολιν,
3151 1358 3244 1411 καὶ
3267 1358 3666 1424 πλαγιάσαντες

2099 1454 2192 1505 ἐπὶ
2219 1454 2343 1514 τοὺς
2373 1454 2634 1515 Λατίνους
2683 1451 2850 1522 (εἰκὸς
2876 1452 2930 1504 δὲ
2966 1451 3186 1512 πάντως
3225 1450 3316 1502 καὶ
3340 1449 3526 1511 ἄλλους
3555 1448 3662 1501 τῶν

2097 1543 2319 1596 τοιαῦτα
2363 1543 2785 1612 νεωτερίζεσθαι
2828 1542 3125 1611 φιλούντων
3165 1540 3516 1612 συναίρεσθαι
3565 1541 3664 1594 αύ-

397 1636 653 1706 serpinte,
685 1645 746 1688 ut
793 1637 864 1688 ita
894 1612 1098 1696 dicam,
1136 1633 1445 1701 manipulos
1485 1632 1830 1699 collegimus.
1859 1627 1985 1683 Inde

2095 1639 2249 1702 τοῖς),
2279 1636 2605 1706 ἐπέρχονται
2639 1637 2753 1698 τοῖς
2799 1635 3074 1697 Λατίνοις,
3104 1634 3206 1686 οὐκ
3246 1633 3312 1687 ἂν
3342 1633 3627 1699 ἐλπίζουσι
3651 1649 3668 1666 ⁸

397 1728 541 1780 enim
572 1727 712 1780 mala
746 1726 1035 1793 praisenlia
1073 1725 1232 1779 nobis
1277 1734 1600 1778 evenerunt.

2092 1732 2186 1781 καὶ
2207 1730 2533 1782 διατίθενται
2552 1729 2621 1782 τὰ
2643 1729 3005 1782 ἐλεεινότατα.
3037 1727 3147 1782 Kal
3171 1728 3458 1799 σπέρματα
3479 1731 3668 1783 ἐκεῖνα

396 1821 956 1892 προκαταϐἁλλονται,
995 1821 1086 1887 ἀφ’
1121 1813 1195 1870 ὧν
1236 1820 1399 1887 ἡμεῖς
1437 1820 1528 1870 καὶ
1571 1817 1757 1870 πολλοὶ
1817 1819 1999 1888 ἕτεροι
2037 1825 2132 1875 σὺν
2181 1826 2311 1893 ἡμῖν
2356 1824 2721 1896 τεθερίκαμεν
2786 1823 3052 1894 λειμῶνος
3121 1823 3488 1896 Περσεφόνης,
3522 1825 3667 1880 οὕτω

399 1916 588 1984 φάναι,
639 1915 948 1983 δράγματα.
1019 1913 1258 1966 Ἐκεῖθεν
1301 1917 1410 1982 γὰρ
1457 1913 1587 1980 ἡμῖν
1625 1911 1856 1982 καθήκει
1927 1915 1994 1967 τὰ
2037 1917 2275 1985 παρόντα
2302 1919 2470 1972 κακά.

471 2030 562 2084 9.9.
593 2029 765 2083 Porro
811 2037 990 2082 autem
1042 2041 1271 2080 narrare
1305 2025 1599 2091 hci-renda,
1647 2023 1988 2095 quae’vider-

401 2132 533 2179 runt
561 2120 735 2174 Latini
761 2136 777 2186 ;
811 2120 952 2188 ignis
978 2119 1090 2187 qui,
1108 2119 1350 2186 exceptis
1379 2118 1541 2172 rebus
1567 2119 1615 2170 vi
1648 2118 1867 2184 ablatis,
1893 2135 1988 2171 nu-

401 2216 601 2269 triebat
635 2211 948 2266 incendium
985 2209 1128 2279 quod
1165 2209 1536 2276 lloinani,qui
1574 2210 1626 2262 in
1653 2224 1820 2262 naves
1853 2226 1988 2262 con-

400 2306 676 2378 fugerant,
703 2306 846 2357 circa
891 2301 1122 2370 compita
1148 2339 1163 2364 ,
1189 2315 1284 2370 per
1337 2305 1515 2353 littora
1574 2302 1844 2365 fecerunt,
1866 2301 1986 2353 lon-

401 2417 528 2468 gum
565 2406 716 2452 esset
762 2411 922 2464 opus,
960 2410 1066 2448 non
1114 2394 1289 2449 silum
1349 2394 1490 2461 quod
1517 2401 1706 2445 contra
1746 2403 1987 2446 armatos

403 2492 632 2547 Latinos
702 2483 985 2540 irruebant
1047 2485 1244 2538 milites
1302 2484 1621 2546 Andronici,
1673 2481 1771 2536 sed
1841 2482 1986 2551 quod

401 2585 566 2639 etiam
590 2598 712 2650 erga
740 2591 845 2631 tam
891 2579 1087 2630 multos
1117 2577 1314 2630 misere
1344 2585 1397 2630 et
1443 2575 1672 2628 sceleste
1709 2583 1984 2643 ageretur.

403 2675 659 2730 Mulieres
689 2674 831 2724 enim
876 2672 1118 2738 ipsorqu
1183 2683 1305 2720 cum
1371 2668 1612 2735 parvulis
1659 2665 1842 2734 gladio
1888 2679 1988 2717 ne-

403 2767 692 2820 cabantur.
731 2761 798 2813 At
838 2759 940 2811 hoe
991 2767 1075 2811 est
1133 2756 1402 2822 imprimis
1453 2755 1827 2807 horrendum:
1873 2752 1984 2806 sci-

406 2858 538 2913 licet
595 2855 881 2909 Ventritzus
955 2861 1189 2903 matrum
1258 2845 1481 2898 dillissis
1543 2842 1748 2897 ferrum
1828 2841 1992 2896 foetus

2165 2031 2270 2090 κο’,
2307 2032 2414 2085 Kal.
2451 2032 2786 2101 ἀφηγεῖσθαι
2821 2030 2922 2099 μὲν
2955 2031 3023 2085 τὰ
3047 2032 3167 2084 τότε
3194 2032 3362 2096 δεινὰ,
3392 2032 3492 2086 ὅσα
3521 2029 3664 2087 εἶδον

2093 2128 2142 2178 οἱ
2173 2125 2413 2186 Λατῖνοι,
2470 2124 2531 2176 τὸ
2565 2126 2698 2192 πῦρ,
2745 2121 2775 2175 ὃ
2818 2123 2889 2175 τὰ
2945 2125 3062 2175 κατ’
3090 2123 3286 2185 αὐτοὺς
3335 2123 3661 2193 ἐπενείματο

2094 2219 2215 2288 δίχα
2266 2234 2330 2283 γε
2386 2215 2494 2268 τῶν
2537 2215 2996 2284 ἁφαρπαγέντων,
3040 2217 3167 2275 τοὺς
3207 2217 3346 2268 κατὰ
3386 2217 3660 2272 θάλατταν

2095 2309 2460 2377 ἐμπρησμοὺς
2510 2308 2575 2359 ἐκ
2613 2306 2709 2360 τοῦ
2753 2305 2907 2376 παρὰ
2950 2306 3246 2375 Ῥωμαίοις
3291 2307 3662 2378 ὼμϐρημένου

2097 2403 2269 2468 πυρὸς
2307 2403 2418 2462 τοῖς
2459 2399 2550 2451 ἐπὶ
2593 2399 2794 2452 πλοίων
2839 2399 3062 2467 φεύγειν
3107 2399 3406 2468 ὀρμήσασι,
3447 2401 3514 2451 τὰ
3542 2399 3666 2452 κατ’

2095 2490 2396 2560 αἰγιαλοὺς,
2420 2489 2488 2542 τὰ
2512 2491 2639 2560 περὶ
2667 2490 2764 2552 τὰς
2784 2490 3079 2559 ἀμφόδους,
3110 2489 3269 2559 ἔργον
3293 2489 3358 2543 ἂν
3381 2492 3465 2560 εῐη
3499 2491 3662 2557 πολὺ,

2095 2585 2187 2635 καὶ
2213 2583 2286 2644 ὡς
2316 2582 2379 2634 οὐ
2416 2583 2576 2650 μόνον
2619 2581 2729 2634 τῶν
2761 2583 3102 2635 ἀνθοπλιτῶν
3138 2581 3385 2636 Λατίνων
3431 2583 3665 2651 κατεφέ-

2097 2692 2250 2738 ροντο
2281 2675 2330 2726 οἱ
2373 2674 2467 2727 τοῦ
2509 2675 2874 2745 Ἀνδρονίκου,
2904 2675 3039 2727 ἀλλὰ
3069 2674 3164 2728 καὶ
3197 2676 3343 2738 ὅσοις
3383 2691 3666 2746 περιεποι-

2094 2769 2205 2819 εῖτο
2235 2767 2384 2820 ἔλεον
2413 2768 2472 2820 τὸ
2510 2767 2854 2834 ἀπάλαμνον.
2901 2768 3010 2820 Kal.
3043 2770 3305 2836 γυναῖκες
3348 2770 3456 2836 γὰρ
3483 2767 3664 2821 αὐτῶν

2094 2859 2452 2932 ἐρῤιπτοῦντο
2473 2859 2649 2928 ξίφεσι
2674 2863 2768 2914 καὶ
2793 2860 2992 2930 βρέφη.
3022 2862 3132 2913 Kal.
3148 2861 3308 2914 τοῦτο
3331 2862 3429 2929 μὲν
3453 2860 3624 2913 δεινόν
3645 2876 3660 2891 ’

406 2949 725 3004 obstetrical
749 2946 1028 3011 at,sieqne
1053 2943 1100 2993 ei
1128 2940 1218 3006 qui
1246 2940 1421 2990 lucem
1453 2935 1603 3000 solis,
1626 2951 1730 2988 non
1760 2935 1985 2999 viderat,

2095 2928 2190 3022 οῦκ
2223 2951 2366 3004 οὕτω
2395 2953 2473 3014 δέ,
2504 2952 2575 3014 ὡς
2605 2953 2693 3005 ὅτε
2729 2928 3137 3021 καὶνγαστέρων
3167 2953 3664 3024 ἀναρρηγνυμένων

407 3046 520 3096 orci
561 3040 800 3094 tenebrae
827 3039 1235 3088 sueresscrant:
1264 3041 1512 3080 mortuus
1559 3039 1675 3080 erat
1698 3036 1987 3094 antequam

409 3143 599 3183 revera
637 3132 881 3178 vixisset.
913 3123 1026 3175 lluc
1057 3124 1231 3174 lerunt
1288 3129 1452 3187 atque
1483 3119 1742 3172 furiosius
1766 3129 1850 3173 est
1888 3134 1993 3172 cato

411 3232 544 3275 teris
603 3225 855 3272 insanus.
897 3214 1047 3268 'I‘une
1082 3228 1303 3282 quoque
1356 3212 1518 3281 periit
1549 3216 1632 3264 vir
1665 3225 1822 3265 sacer
1853 3212 1994 3263 inter

409 3315 663 3377 Latinos,
697 3315 885 3365 nescio
947 3325 1016 3362 an
1051 3323 1118 3360 ex
1161 3308 1330 3360 veteri
1383 3307 1553 3357 ltama
1586 3305 1796 3373 legatus
1831 3318 1993 3356 vene-

411 3411 508 3472 rit,
541 3422 610 3458 au
645 3421 712 3457 ex
759 3403 988 3465 Sicilia;
1025 3409 1171 3452 certe
1203 3409 1383 3450 autem
1447 3405 1567 3449 erat
1622 3398 1736 3449 sive
1791 3393 1993 3446 Roma-

410 3518 539 3561 nus,
578 3501 692 3554 sive
751 3494 990 3550 Saulus.
1051 3498 1119 3545 At
1147 3508 1253 3545 non
1305 3489 1628 3558 simpliciter
1668 3488 1853 3558 periit,
1897 3485 1991 3540 sed

411 3597 640 3651 indutus
663 3593 921 3646 omnibus
942 3589 1117 3642 sacris
1139 3585 1500 3644 vestimentis,
1531 3597 1653 3650 qua:
1688 3589 1744 3633 ut
1774 3588 1990 3633 scutum

411 3699 605 3743 contra
657 3700 808 3740 arma
852 3685 1091 3736 hostium
1160 3679 1450 3742 induerat,
1506 3676 1552 3730 si
1604 3674 1746 3729 forte
1817 3674 1990 3743 ipsum

413 3780 513 3834 viri
551 3777 766 3834 scelesti
800 3773 1086 3830 reverituri
1121 3781 1322 3826 essent.

484 4089 576 4142 50.
614 4089 742 4138 Haec
775 4094 951 4136 autem
987 4081 1144 4134 nobis
1169 4079 1385 4132 luerunt
1422 4088 1631 4130 tantum
1664 4078 1803 4131 levia
1836 4077 1992 4144 signa

414 4195 604 4234 eorum
642 4193 762 4246 qua:
792 4175 933 4244 passi
965 4189 1178 4226 sumus.
1202 4171 1423 4240 Templa
1453 4173 1596 4224 enim
1632 4171 1721 4224 Dei
1747 4171 1857 4238 jazu
1882 4185 1988 4222 non

2098 3047 2377 3114 μητρικῶν
2426 3045 2688 3116 ἐμαιοῦτο
2739 3046 2958 3115 σίδηρος
3011 3046 3080 3097 τὰ
3127 3044 3364 3115 ἔμϐρυα,
3419 3047 3511 3098 καὶ
3553 3043 3663 3115 πρδ

2095 3138 2244 3205 ὥρας
2285 3138 2574 3206 βλέποντος
2605 3138 2758 3206 ἡλίου
2785 3137 2847 3188 τὸ
2889 3137 3088 3206 μικρὸν
3115 3139 3143 3189 ό
3173 3138 3268 3190 τοῦ
3300 3136 3429 3207 ᾅδου
3471 3138 3662 3200 σκότος

2097 3226 2478 3297 μετεξεδέχετο
2518 3227 2670 3288 αὐτὸ,
2717 3226 3002 3296 τεθνηκὸς,
3042 3225 3210 3296 πρινὴ
3261 3228 3353 3279 καὶ
3398 3226 3561 3297 ζῆσαι
3602 3226 3664 3279 τὸ

2095 3320 2321 3374 τ-λειον.
2375 3320 2653 3389 Θηριῶδες
2711 3319 2869 3371 τοῦτο
2924 3320 3019 3370 καὶ
3062 3317 3398 3388 ἀσύγκριτον
3441 3319 3666 3386 μανίαις

2095 3411 2332 3479 ἑτέραις.
2373 3411 2580 3463 Ἔπεσε
2623 3411 2742 3462 τότε
2790 3411 2886 3462 καὶ
2921 3408 3062 3479 ἀνὴρ
3101 3408 3244 3480 ῐερδς
3289 3411 3346 3462 ἐν
3383 3410 3658 3475 Λατίνοις,

2093 3505 2194 3555 οὐκ
2247 3499 2346 3555 οἷδ’
2383 3503 2493 3554 εἴτε
2531 3502 2638 3554 ἀπὸ
2691 3501 2788 3569 τῆς
2825 3501 3199 3571 πρεσϐυτέρας
3239 3500 3393 3570 ἥκων
3440 3499 3660 3570 Ῥώμης

2095 3598 2236 3648 κατὰ
2274 3594 2589 3664 πρεσϐείαν,
2621 3592 2731 3656 εἴτε
2757 3591 3091 3656 Σικελίαθεν,
3121 3591 3334 3652 πάντως
3357 3591 3414 3643 δέ
3452 3591 3486 3662 ἢ
3522 3591 3659 3644 Ῥω-

2098 3690 2254 3757 μαῖος
2286 3687 2362 3740 ὢν
2392 3687 2425 3756 ἢ
2459 3685 2698 3748 Σικελός.
2742 3686 2851 3738 Kal.
2893 3684 2992 3754 οὐχ
3035 3682 3226 3744 ἁπλῶς
3277 3682 3494 3743 ἔπεσεν,
3525 3682 3664 3742 ἀλλὰ

2097 3783 2234 3850 μετὰ
2280 3783 2377 3847 τῆς
2434 3779 2564 3845 παρ’
2616 3779 2808 3848 ἐκείνῳ
2861 3778 3011 3846 ἱερᾶς
3045 3775 3172 3844 ὅλης
3223 3774 3541 3846 περιϐολῆς,
3595 3774 3662 3845 ἢν

2093 3871 2273 3922 ὅπλων
2301 3869 2929 3939 πρόϐλημαοπεριέθετο,
2959 3871 3014 3923 εῐ
3031 3887 3147 3934 πως
3179 3871 3341 3924 αὑτὸν
3359 3869 3664 3924 αίδέσονται

2090 3961 2138 4012 οἱ
2181 3960 2358 4012 κακοί.

2163 4097 2226 4152 λ’.
2261 4100 2367 4152 Καὶ
2392 4100 2584 4168 γέγονε
2617 4099 2908 4154 καὶταῦτα
2936 4102 3072 4172 ἡμῖν
3103 4103 3557 4172 προκεντήματα,
3589 4097 3664 4158 ὧν

2095 4187 2391 4257 ἐπάθομεν.
2440 4191 2601 4258 Ἡμῖν
2635 4193 2742 4261 γὰρ
2769 4192 2890 4245 οὐδὲ
2920 4194 2970 4244 οἱ
2999 4195 3122 4246 ναοὶ
3153 4193 3247 4246 τοῦ
3285 4193 3422 4248 Θεοῦ
3451 4195 3663 4250 ἄσυλοι.

418 4274 643 4327 luerunt
693 4269 854 4323 nobis
887 4267 1056 4336 asyla.
1111 4264 1435 4331 Νευιίιιυειηι
1471 4262 1800 4356 ίηνίοιδυίιίδ
1840 4277 1993 4356 ¹¹¹λί⁸¹¹’
2027 4285 2068 4337 Ι)
2098 4280 2232 4332 Οὐδὲ
2267 4281 2374 4351 γὰρ
2423 4282 2530 4335 οὐδ’
2572 4283 2728 4335 αὐτοὶ
2766 4283 3027 4353 ἄκραντοι
3071 4283 3321 4356 ἔμειναν,
3349 4287 3439 4340 ὅτε
3477 4287 3664 4356 νεκροὶ

418 4373 630 4427 serunt,
666 4377 785 4416 cum
819 4360 1018 4428 ubique
1053 4358 1361 4428 pavimenta
1398 4370 1586 4409 eorum
1629 4353 1989 4408 cadaveribus

420 4464 698 4513 c0nstrata
731 4453 1067 4513 visebantur,
1118 4450 1260 4502 inter
1308 4464 1428 4517 qua:
1468 4448 1564 4500 viri
1605 4449 1766 4502 sacri.
1802 4465 1819 4497 ι
1847 4447 1988 4499 San-

424 4545 594 4616 guine
630 4542 913 4610 conspersi
949 4550 1078 4594 sunt
1107 4540 1246 4594 muri
1291 4554 1588 4608 omnesque
1615 4538 1856 4609 pulchra:
1883 4547 1992 4592 tra-

420 4636 516 4689 bes
564 4652 580 4685 ι
623 4647 788 4702 supra
815 4645 952 4700 quas
976 4644 1133 4685 sacra
1165 4637 1308 4683 tecta
1345 4629 1569 4682 humilia
1610 4629 1987 4698 erigebantur.

417 4730 485 4781 At
526 4729 637 4780 haec
678 4735 883 4793 postea.
909 4722 1063 4776 Tunc
1098 4737 1228 4777 vero
1271 4731 1418 4776 tanta
1457 4723 1596 4775 mala
1631 4723 1836 4791 operati
1863 4731 1991 4777 sunt

423 4817 627 4879 Latini,
657 4824 716 4869 ut
755 4829 918 4869 causa
948 4814 1244 4869 Andronici
1278 4812 1484 4868 absolvi
1519 4828 1549 4867 a
1589 4814 1768 4878 nobis,
1795 4829 1992 4868 causa-

419 4925 525 4978 que
554 4922 740 4961 eorum
763 4922 790 4958 a
823 4904 928 4959 Deo
949 4906 1125 4959 audiri
1173 4906 1470 4959 videretur.

491 5001 580 5052 3|.
646 4999 737 5050 Sic
805 4997 970 5062 igitur
1030 4998 1507 5061 Andronicus,ut
1567 4996 1695 5051 alibi
1732 4997 1986 5065 legimus,

421 5093 474 5146 in
509 5091 698 5144 urbem
728 5089 829 5140 viis
856 5089 980 5141 latis
1019 5097 1243 5141 stratam
1288 5091 1568 5160 ingressus
1589 5097 1693 5143 est.
1712 5089 1864 5144 Finis
1883 5105 1986 5144 caeo

421 5194 660 5238 terorum
687 5191 908 5233 actuum
936 5182 1056 5248 ejus
1086 5179 1209 5244 l'nit,
1242 5195 1340 5250 pro
1379 5195 1547 5250 pario
1597 5181 1816 5250 quidem
1859 5194 1994 5237 tem-

369 5272 380 5279 ’
424 5291 590 5345 p0re,
624 5275 910 5342 imperium
944 5272 1109 5326 certis
1164 5273 1567 5329 conditionibus
1623 5273 1828 5342 juniori
1869 5277 1993 5329 Ale-

422 5370 512 5420 xio
567 5367 927 5430 conlirmare,
989 5379 1018 5417 a
1074 5373 1337 5434 potestate
1389 5381 1518 5421 vero
1581 5378 1806 5422 matrem
1873 5369 1992 5438 ejus

426 5472 704 5523 amovere,
747 5469 1036 5528 postquam
1127 5457 1497 5528 supradictum
1549 5461 1989 5530 protosebastum

426 5551 604 5620 ipsum
635 5553 951 5620 amovisset,
992 5550 1091 5608 has
1138 5551 1407 5623 primitias
1436 5551 1730 5628 Erinnydis
1761 5555 1989 5610 donans.

2101 4370 2198 4440 μὲν
2221 4368 2558 4440 ἐστρώννυον
2589 4372 2770 4436 αὐτοῖς
2800 4375 2898 4436 τὰς
2925 4375 3199 4446 κρηπῖδας
3227 4375 3580 4442 παντοδαποὶ,
3605 4377 3666 4430 ἐν

2097 4457 2174 4523 οἷς
2209 4463 2302 4514 καὶ
2335 4461 2458 4530 ίερὰ
2493 4463 2792 4532 πρόσωπαο
2829 4482 2848 4516 ι
2888 4465 3092 4534 Δῖματι
3123 4468 3166 4520 δ’
3203 4467 3468 4538 taedam
3495 4469 3666 4537 τοῖχοι

2096 4554 2260 4606 καλαί
2315 4571 2374 4606 τε
2431 4553 2721 4625 μεσόδμαι,
2764 4573 2783 4607 ι
2833 4556 2966 4628 παρ’
3010 4558 3156 4620 ὅσοις
3189 4559 3244 4610 ai
3288 4557 3432 4628 ἱεραὶ
3471 4559 3662 4624 στέγαι

2096 4644 2353 4696 ταπειναί
2383 4643 2604 4715 ᾔροντο.
2657 4643 2822 4697 Ἀλλὰ
2847 4645 3020 4700 ταῦτα
3043 4645 3143 4714 μὲν
3170 4644 3416 4715 ὕστερον.
3449 4645 3580 4698 Τότε
3602 4643 3662 4697 δὲ

2095 4735 2316 4805 τηλίκον
2346 4730 2413 4804 ἦν
2446 4736 2509 4788 τὸ
2540 4735 2716 4790 κακὸν
2739 4736 2852 4798 τοῖς
2874 4737 3146 4802 Λατίνοις,
3183 4735 3258 4799 ὡς
3289 4735 3664 4806 ἐκϐοήσαντας

2097 4823 2238 4877 κατὰ
2261 4822 2353 4874 τοῦ
2387 4823 2731 4894 Ἀνδρονίκου
2753 4823 2931 4876 δοκεῖν
2953 4823 3314 4892 δικαιωθῆναι
3342 4823 3466 4878 καθ’
3481 4825 3665 4898 ήμῶν,

2098 4918 2192 4969 καὶ
2225 4914 2498 4978 ἅκουστόις
2527 4917 2646 4988 Θεῷ
2686 4917 2938 4985 γενέσθαι
2969 4915 3066 4978 τὰς
3099 4915 3349 4986 αἰτήσεις
3385 4899 3590 4971 αὐτῶν.

2166 5011 2268 5064 λα’.
2320 5012 2429 5064 Kal.
2493 5010 2636 5064 οὓτω
2701 5011 2822 5080 μὲν,
2877 5010 2954 5074 ὼς
3005 5009 3146 5079 ἔφθη
3189 5009 3661 5080 ατενολεσχήσαςὸ

2095 5103 2273 5170 λόγος,
2309 5105 2502 5157 κατέδυ
2551 5105 2706 5158 πόλιν
2752 5103 2968 5175 ἐκείνην
3011 5103 3349 5172 εὐρυάγυιαν
3377 5102 3405 5155 ὁ
3449 5100 3662 5171 Ἀνδρό-

2096 5212 2267 5258 νικος.
2315 5195 2423 5248 Kal
2463 5192 2529 5266 ἦν
2559 5193 2762 5258 σκοπὸς
2795 5194 2945 5264 αὐτῷ
2992 5194 3088 5248 τοῦ
3120 5195 3309 5249 λοιποῦ
3336 5194 3444 5248 τῶν
3471 5193 3665 5262 ἐφεξῆς

2098 5287 2354 5357 πράξεων
2383 5288 2477 5340 καὶ
2520 5286 2738 5356 ἀληθῶς
2770 5286 3037 5358 προῦργῳ
3070 5287 3371 5358 στερεῶσαι
3403 5286 3502 5356 μὲν
3532 5285 3665 5354 πρὸς

2101 5379 2298 5449 μικρὸν
2321 5379 2418 5446 τὴν
2444 5377 2722 5448 βασιλείαν
2749 5379 3070 5450 ἐμπορικῶς
3098 5379 3174 5448 τῷ
3202 5379 3384 5450 μικρῷ
3423 5378 3664 5448 Ἅλεξίῳ,

2100 5474 2429 5525 κατασείσαι
2477 5469 2534 5522 δὲ
2586 5469 2686 5538 τῆς
2741 5473 3136 5541 κραταιότητος
3175 5473 3276 5539 τήν
3324 5487 3383 5523 τε
3429 5470 3662 5539 μητέρα,

2103 5563 2224 5616 ἐπεὶ
2264 5561 2353 5615 τδν
2397 5561 2783 5632 ἱστορούμενον
2837 5563 3291 5633 πρωτοσεϐαστὸν
3349 5560 3658 5613 ἁποσνευάο
