4012 6226
596 217 668 278 39
1279 207 1705 271 EUS’I’ATHII
1747 204 2205 268 TH'ESSALON
2219 204 2520 266 [PENSIS
2545 201 3112 265 ΜΕἸἪΟΡΟΙᾸΤἉΕ
3787 202 3852 264 40

595 321 763 384 dath
804 321 1032 384 ἐκεῖνον,
1070 318 1144 380 ὡς
1205 319 1391 390 ἐαυτῷ
1418 318 1776 389 δύσχρηστον,
1817 320 1911 370 καὶ
1949 314 2189 386 μάλισθ’,
2234 315 2316 367 ὅτι
2374 331 2470 368 και
2499 314 2699 386 ᾔσθετο
2726 315 3138 384 προορώμενον,
3172 313 3206 367 ἀ
3241 310 3438 384 πράξει
3457 305 3626 376 οὗτος.
3654 314 3729 378 είς
3767 320 3853 367 τὴν

597 415 826 484 βασιλέα
863 413 1030 467 κακά.
1066 413 1302 486 ’ᾙσθετο
1327 413 1384 467 δὲ
1414 413 1638 483 τρόποις
1676 413 1915 476 πολλοῖς,
1965 405 2040 467 ὧν
2091 402 2174 470 εἷς
2213 410 2308 460 καὶ
2339 401 2495 470 οὗτος
2519 410 2978 478 διακεκήρυκται.

663 509 754 563 δέ.
789 509 1074 574 Quondam
1137 518 1331 562 saneto
1385 510 1504 563 seni
1552 509 1908 578 exprobravit
1972 506 2188 560 Andro-

2364 504 2458 557 λδ’.
2514 505 2770 557 Ὠνείδισέ
2827 522 2959 559 ποτε
3013 505 3042 556 ὁ
3082 503 3422 574 Ἀνδρόνικος
3449 501 3540 556 τὸν
3587 505 3644 555 ἐν
3693 504 3858 570 ἁγίοις

597 600 753 654 uicus
785 599 932 666 quod
976 615 1037 654 se
1079 600 1230 654 sicut
1279 600 1636 669 imperatoris
1667 612 1876 669 patrem
1926 598 2179 668 gerebat,

597 692 836 762 dumque
865 692 1186 760 imperantis
1233 692 1460 745 tutelam
1497 693 1643 760 agit,
1702 691 1825 745 talis
1868 689 2021 759 pueri
2085 702 2180 754 pro

600 782 710 836 tilio
728 782 832 836 sibi
868 781 1144 836 commissi
1180 782 1358 834 ntinus
1386 783 1665 836 studiosus
1703 779 1978 836 esset.llle
1997 788 2180 832 autem

598 875 883 945 respondit
914 875 962 927 ei
997 874 1270 930 sutiicere.
1300 876 1344 928 si
1372 883 1449 927 tot
1500 882 1555 927 et
1593 874 1760 927 tantis
1812 872 2046 940 negotiis
2071 871 2185 925 ἀίει-

598 976 809 1021 traetus
848 968 1118 1020 brevibus
1145 965 1451 1020 intervallis
1489 980 1659 1034 puero
1692 965 2024 1034 invigilaret.
2045 963 2181 1018 Cum

599 1073 732 1112 vero
767 1057 846 1112 sic
895 1057 1128 1126 benigne
1175 1054 1697 1124 exprobrationibus
1734 1052 2036 1109 Andronici
2094 1068 2185 1108 rc-

603 1149 940 1216 spnndisset.
978 1148 1101 1202 dein
1134 1146 1342 1200 ferrum
1374 1157 1596 1200 acutum
1629 1145 1829 1206 infixit.
1884 1145 2137 1200 addendo
2168 1163 2183 1199 :

604 1258 624 1290 ι
658 1241 806 1294 Alias
838 1238 992 1293 valde
1022 1238 1317 1307 inquietus.
1349 1239 1441 1292 ubi
1476 1247 1529 1291 te
1565 1253 1746 1306 regem
1781 1240 1833 1290 in
1868 1235 2046 1289 medio
2093 1251 2187 1303 po-

597 1329 708 1398 puli
729 1331 1064 1383 inveneram.
1093 1347 1110 1378 »
1147 1326 1492 1380 Dixitsrnex.
1524 1327 1869 1381 Andronicus
1889 1340 2020 1379 vero
2049 1331 2188 1386 (erat

597 1422 742 1474 enim
771 1419 1055 1488 perSpicax
1074 1420 1127 1472 in
1147 1418 1418 1488 loquendo
1439 1429 1492 1472 et
1523 1418 1756 1472 aliorum
1778 1428 2012 1472 mentem
2033 1416 2191 1472 facile

599 1519 891 1580 penetrans
948 1512 1197 1578 quamvis
1265 1508 1697 1577 involutam)ex
1742 1510 1989 1577 sapiente
2062 1525 2191 1563 sene

599 1605 1087 1672 quauitquomodo
1116 1603 1299 1656 dicere
1330 1617 1498 1656 ausus
1539 1602 1702 1655 fuerit
1729 1615 1822 1668 per
1855 1601 2031 1669 ipsum
2085 1609 2193 1654 tre-

599 1696 814 1765 pidasse
863 1696 1244 1763 imperatorem
1297 1692 1731 1760 ?Magnunimus
1801 1706 1964 1746 senex
2045 1694 2195 1745 anci-

599 1789 709 1857 pite
761 1787 929 1842 verbo
988 1785 1370 1854 inquietudinis
1433 1785 1624 1849 l'retua',
1658 1785 1866 1837 clarum
1905 1795 2029 1837 esse
2074 1793 2195 1836 ver-

601 1879 732 1933 bum
810 1878 972 1942 dixit,
1046 1894 1065 1927 ι
1101 1891 1224 1930 eum
1275 1887 1564 1946 postquam
1621 1877 1674 1928 in
1718 1875 1973 1930 columna
2031 1875 2184 1929 ﬁrma

601 1977 656 2024 te
681 1965 980 2023 stabilieris
1008 1969 1073 2021 ad
1111 1967 1436 2029 sustinenda
1473 1982 1594 2034 quin
1643 1968 1798 2036 pueri
1837 1975 1989 2026 sunt.
2038 1970 2184 2020 mut;-

604 2067 713 2114 tain
746 2057 1178 2112 sollicitudinem
1231 2058 1604 2125 deposuerim,
1659 2059 1712 2111 in
1759 2058 1934 2127 teipso
1970 2057 2183 2113 fortiori

605 2151 842 2218 pondere
881 2153 1082 2220 posito.
1127 2169 1144 2200 ι
1209 2150 1365 2204 Tune
1420 2151 1774 2206 Andronicus
1845 2153 2039 2215 tacuit,
2102 2152 2184 2206 ira

603 2243 708 2298 sub
737 2253 960 2312 pectore
996 2259 1205 2312 pressa,
1257 2245 1471 2312 hocque
1507 2261 1614 2300 uno
1673 2244 1877 2313 duplici
1927 2255 1986 2299 et
2021 2257 2186 2300 acuto

603 2335 834 2402 strepitu
865 2343 1056 2388 contra
1114 2350 1299 2388 senem
1349 2337 1574 2395 intorto,
1632 2347 1822 2405 utpote
1847 2346 2044 2392 acutus
2089 2339 2191 2390 Ar-

601 2427 841 2483 menius.
899 2426 1002 2481 Irae
1063 2426 1304 2496 iungens
1380 2427 1638 2497 iniuriam
1705 2439 1760 2482 et
1816 2431 2072 2495 ironiam,
2120 2433 2189 2485 ab

607 2521 712 2573 hoc
741 2529 983 2588 tempore
1018 2519 1196 2587 palam
1245 2535 1436 2590 gerere
1479 2535 1668 2574 curam
1734 2523 1965 2586 statuit;
2012 2538 2190 2594 e0que

603 2613 750 2663 venit
788 2611 870 2664 vir
921 2609 1406 2680 diligentissimus.
1457 2624 1516 2666 ut
1547 2615 1709 2682 paulo
1739 2624 1862 2683 post
1921 2618 2189 2672 molestiae

604 2703 852 2770 repetita:
884 2705 998 2757 sint
1031 2708 1098 2756 ad
1131 2704 1271 2758 hanc
1323 2704 1569 2760 audacia:
1602 2708 2036 2774 extremitatem,
2084 2721 2189 2778 qua

604 2799 714 2852 vita
767 2801 1164 2871 archiepiscopi
1224 2804 1278 2855 in
1333 2803 1656 2856 discrimine
1708 2802 1874 2857 fuerit
1926 2813 2050 2872 post
2096 2820 2194 2871 op-

604 2893 821 2958 probria
859 2893 1048 2956 multa,
1082 2895 1339 2961 qualibus
1387 2895 1558 2948 Judaei
1598 2897 1762 2948 Deum
1826 2910 2189 2965 operuerunt.

604 2981 716 3036 Nisi
746 2997 876 3052 ergo
916 2997 1084 3037 senex
1121 2983 1415 3050 providens
1454 3001 1564 3039 sua:
1593 2986 1780 3051 saluti,
1837 3005 1867 3042 e
1918 2991 2098 3044 medio
2134 3008 2191 3045 se

602 3062 952 3138 sustulisset,
1013 3077 1469 3146 arcltiprazsulatu
1539 3079 1826 3149 deposito.
1883 3084 2029 3151 quod
2097 3101 2194 3140 no-

604 3166 798 3222 luisset
829 3166 1024 3220 luisset
1056 3182 1281 3235 passus.

2283 598 2536 667 γέροντα.
2573 599 2653 650 ὅτι
2690 597 3146 668 βασιλεωπάτορα
3175 596 3340 648 τόπον
3377 594 3612 664 ἐπέχων,
3638 593 3716 660 οἷς
3748 600 3861 652 ἐπι-

2285 689 2540 760 τροπεύει
2578 690 2672 743 τοῦ
2734 690 3136 758 βασιλεύοντος,
3187 690 3248 741 ού
3285 688 3460 758 συχνὰ
3517 688 3860 758 παραῦάλλει

2285 785 2717 838 ἐπισκέπτεσθαι
2783 785 2878 837 τὸν
2937 787 3018 846 είς
3067 783 3184 837 υἱὸν
3239 782 3578 852 τεθειμένον,
3627 781 3861 836 τοιοῦτον

2286 878 2436 930 ὄντα.
2482 879 2542 930 Ὀ
2585 877 2631 929 δ’
2673 875 2923 930 ὑπειπὼν
2962 877 3178 946 ἀρκεῖν,
3228 877 3276 928 εί
3331 874 3625 928 διαλείπων
3663 876 3861 946 βραχέα

2286 971 2412 1041 ἥκει
2435 969 2574 1037 πρὸς
2600 969 2892 1038 ἐπίσκεψιν
2916 969 3009 1022 τοῦ
3043 969 3250 1033 παιδὸς,
3282 968 3568 1038 ἅνθρωπος
3596 970 3862 1032 τοσούτοις

2293 1058 2650 1130 μεριζόμενος
2709 1059 3024 1128 πράγμασι.
3081 1057 3191 1110 Kal
3221 1055 3393 1120 οὕτως
3441 1056 3623 1126 ἠπίως
3671 1057 3744 1126 τῷ
3771 1055 3859 1109 τοῦ

2302 1152 2643 1221 Ἀνδρονίκου
2687 1150 3077 1220 προσενεχθεὶς
3114 1148 3429 1218 ὀνειδισμῷ,
3461 1148 3584 1202 εἶτα
3609 1147 3704 1202 καὶ
3733 1165 3859 1202 καυ-

2291 1249 2435 1316 τῆρα
2467 1245 2667 1316 δριμὺν
2700 1243 2975 1314 ἐπήγαγε,
3014 1240 3433 1312 προσεπειπὼν,
3465 1241 3540 1304 ὡς
3576 1241 3781 1304 ’Δλλως
3809 1258 3862 1293 τε

2292 1341 2387 1392 καὶ
2422 1338 2805 1408 ἐξεφρόντισα,
2842 1336 2944 1406 ἤδη
2980 1335 3072 1388 τὸν
3106 1333 3346 1404 βασιλέα
3375 1335 3774 1404 ἐνδεδημηκότα
3805 1351 3858 1387 σε

2293 1429 2554 1496 ἐξευρών.
2591 1424 2758 1482 Εἶπεν
2792 1429 2819 1482 ὀ
2850 1429 3052 1498 γέρων.
3093 1427 3204 1480 Kal
3245 1426 3586 1495 Ἀνδρόνικος
3759 1425 3860 1493 γὰρ

2288 1523 2445 1587 ὀξὺς,
2505 1522 2694 1591 ὥσπερ
2745 1520 2983 1590 στρεϐλὰ
3031 1519 3230 1583 εἰπεῖν,
3259 1516 3404 1569 οὕτω
3454 1517 3550 1569 καὶ
3581 1515 3868 1584 ὑπονοῆσαι

2295 1615 2374 1666 τὰ
2393 1614 2466 1683 μὴ
2501 1613 2711 1683 βαθέως
2745 1611 2958 1678 ἑλικτὰ)
3000 1607 3334 1662 πυνθάνεται
3367 1605 3461 1660 τοῦ
3491 1605 3653 1674 σοφοῦ
3682 1606 3865 1675 γέρον.

2297 1721 2404 1768 τος,
2437 1704 2556 1766 πῶς
2599 1703 2828 1756 ποτεᾶν
2870 1701 3035 1765 εἴποι,
3071 1700 3140 1751 δι’
3191 1697 3358 1752 αὐτὸν
3389 1699 3872 1766 ἐκπεφροντικέναι

2295 1801 2388 1851 τὸν
2440 1797 2710 1866 βασιλέας
2773 1796 2883 1847 Καὶ
2950 1794 2980 1846 ὀ
3043 1793 3217 1862 μέγας
3275 1791 3492 1860 θατέρῳ
3546 1789 3726 1843 σκέλει
3778 1789 3873 1843 τοῦ

2299 1890 2705 1960 σημαινομένου
2737 1887 2838 1958 τῆς
2864 1887 3271 1956 ἐκφροντίσεως
3301 1883 3737 1954 ἐνερεισάμενος,
3769 1882 3878 1951 φάο

2295 2004 2386 2038 ναι
2426 1981 2544 2037 εἶπε
2570 1986 2663 2035 τὸν
2693 1981 2886 2049 λόγον,
2924 1979 3116 2034 καθότι
3154 1998 3172 2030 ι
3218 1978 3320 2031 Σοῦ
3353 1981 3432 2040 είς
3447 1977 3693 2047 ἀστραϐῆ
3723 1975 3877 2030 κίονα

2292 2078 2698 2146 ὑποστήσαντος
2726 2074 2940 2139 ἑαυτὸν,
2970 2071 3264 2142 βαστάζειν
3289 2073 3355 2124 τὰ
3375 2069 3515 2139 ὑπὲρ
3538 2068 3631 2122 τοῦ
3660 2069 3872 2132 παιδὸς,

2291 2169 2450 2231 αύτδς
2481 2167 2947 2236 ἀπεφορτισάμην
2986 2165 3049 2217 τὸ
3080 2163 3216 2217 πολὺ
3259 2163 3354 2216 τοῦ
3385 2161 3712 2233 φροντίζειν,
3740 2161 3877 2213 ἀνα-

2290 2262 2516 2329 θέμενος
2543 2260 2618 2322 ὡς
2649 2258 2854 2328 ἰσχυρῷ
2879 2274 2960 2310 σοι
2999 2255 3148 2326 αὐτῷ
3183 2255 3250 2308 τά
3301 2253 3595 2324 βαρήματα
3644 2270 3664 2302 ι
3709 2250 3880 2304 Ἡσυ-

2292 2353 2447 2424 χάζει
2480 2339 2713 2404 ἐνταῦθα
2761 2352 2790 2403 ὀ
2834 2349 3193 2418 Ἀνδρόνικος,
3246 2345 3456 2399 καὶτὸν
3500 2344 3672 2412 θυμὸν
3710 2345 3881 2424 ὑπεν-

2291 2421 2495 2507 δακὼν,
2524 2444 2617 2495 καὶ
2643 2443 2801 2495 τοῦτο
2827 2441 2991 2512 μόνον
3015 2437 3674 2508 ἀκροσολισάμενος-δὶχα·
3696 2421 3878 2506 ῥοίζου

2293 2537 2470 2603 λιγέος
2499 2537 2642 2588 κατά
2668 2534 2760 2587 τοῦ
2801 2535 3081 2604 γέροντος,
3110 2533 3185 2594 ὡς
3216 2532 3324 2602 ἄρα
3353 2529 3519 2600 βαθὺς
3566 2527 3878 2597 Ἀρμένιος.

2294 2632 2404 2685 Καὶ
2445 2628 2762 2698 παραμίξας
2802 2629 2866 2698 τῇ
2925 2625 3192 2696 βαρύτητι
3247 2628 3343 2678 καὶ
3397 2623 3722 2694 σαρκασμδν
3780 2621 3876 2673 τὸν

2293 2724 2419 2793 ἄχρι
2452 2722 2541 2773 καὶ
2576 2721 2954 2789 μειδιάματος,
2995 2719 3174 2788 ἀρχὴν
3234 2715 3445 2769 ἐκεῖθεν
3487 2715 3639 2767 ἔθετο
3678 2714 3876 2784 τρανέ-

2295 2833 2486 2886 στερον
2523 2813 2777 2884 μελετᾷν.
2832 2812 2941 2865 Kal
2989 2812 3068 2874 είς
3101 2810 3356 2863 τοσοῦτον
3396 2807 3607 2873 ἐξίκετο
3645 2805 3882 2874 δραστηο

2297 2909 2568 2979 ριότητος,
2593 2907 2668 2970 ὡς
2686 2905 2824 2976 μετὰ
2850 2904 3046 2974 μικρὸν
3069 2901 3445 2962 ἐπαναστῆσαι
3466 2899 3560 2953 καὶ
3587 2899 3882 2968 ἐπιστῆσαι

2295 2998 2418 3060 τοὺς
2444 2997 2614 3067 χύδην
2645 2996 2882 3065 πικροὺς
2911 2994 3015 3055 ἕως
3041 2993 3136 3046 καὶ
3160 2993 3239 3055 εἰς
3271 2991 3511 3062 ἐσχάτην
3539 2988 3883 3062 θρασύτητα,

2295 3090 2369 3153 ὡς
2405 3092 2497 3142 καὶ
2521 3087 2921 3158 διαχρησθῆναι
2954 3085 3200 3138 κίνδυνον
3219 3083 3475 3152 γενέσθαι
3505 3084 3598 3136 τὸν
3620 3081 3888 3152 ἀρχιερέα

2215 3180 2258 3238 C
2297 3183 2434 3252 μετά
2456 3180 2655 3242 πολλὰς
2682 3179 2891 3247 ὕϐρεις,
2918 3176 3110 3240 ὁποίας
3142 3177 3238 3230 καὶ
3277 3176 3528 3229 Ἰουδαῖοι
3556 3173 3890 3238 ἐτοξάσαντο

603 3259 868 3313 ἂνκατά
895 3260 1055 3314 Θεοῦ.
1107 3264 1214 3314 Καὶ
1276 3265 1322 3315 εί
1359 3263 1434 3334 μὴ
1462 3263 1868 3333 τεχνησάμενος
1921 3269 1950 3321 ὁ
2004 3271 2186 3341 γέρων
2221 3276 2401 3346 ἑαυτῷ
2458 3275 2526 3328 τὰ
2589 3273 2858 3342 σωτήρια,

2950 3271 3014 3322 ἐκ
3076 3269 3258 3339 μέσων
3311 3266 3536 3338 κρυδεὶς
3601 3265 3885 3336 ἀπεσύρη,

603 3353 1036 3422 ἀποδυσάμενος,
1087 3355 1165 3418 ὡς
1224 3358 1413 3425 ἐχρῆν,
1458 3357 1518 3408 τὸ
1569 3355 1784 3425 ἄρχειν,
1850 3359 2051 3414 ἔπαθεν
2097 3365 2183 3433 ἂν,
2224 3370 2362 3436 ὅπερ
2391 3369 2492 3420 οὐκ
2513 3363 2581 3436 ἦν
2599 3363 2751 3433 αὐτῷ
2781 3361 3041 3414 ἐθέλοντι.

674 3446 765 3500 55.
810 3447 905 3501 llle
937 3447 1157 3517 quidem
1197 3449 1276 3500 sic
1303 3447 1546 3516 seipsum
1590 3449 1878 3513 subduxit,
1914 3453 2182 3510 adversus

605 3541 742 3594 alios
767 3538 950 3594 furere
987 3540 1356 3594 Andronicum
1394 3541 1735 3609 permittens.
1774 3541 1871 3595 l-lie
1910 3559 2040 3598 vero
2090 3549 2183 3602 ubi

605 3634 713 3688 hoe
757 3648 950 3686 saxum
993 3633 1346 3700 praeminens
1390 3633 1769 3700 repressisset,
1821 3634 2048 3688 exitium
2099 3639 2193 3692 ad-

606 3739 798 3778 versus
866 3737 1056 3777 omnes
1111 3723 1373 3785 evomuit,
1429 3721 1567 3774 adeo
1594 3730 1652 3774 ut
1711 3737 1819 3775 non
1869 3737 2032 3790 posse
2083 3725 2190 3780 dici

607 3816 750 3867 hunc
814 3829 933 3867 esse
985 3821 1217 3870 sontem.
1246 3813 1397 3866 illum
1461 3827 1590 3867 vero
1661 3828 1765 3867 non
1798 3830 1944 3878 esse,
1991 3818 2084 3870 sed
2129 3818 2194 3870 ad

609 3918 800 3959 versus
825 3918 922 3958 eos
969 3904 1057 3973 qui
1086 3903 1310 3957 omnino
1351 3904 1595 3958 insontes
1623 3916 1783 3960 erant
1820 3908 1988 3976 (quod
2015 3909 2199 3977 nequi-

607 3999 691 4050 lizP.
720 3999 969 4051 cumulus
998 3999 1126 4062 est).
1145 3995 1436 4065 Postquam
1463 3996 1806 4066 imperatoris
1840 3991 2084 4067 matrem
2111 4002 2192 4054 in-

607 4085 863 4138 clusisset
893 4086 946 4137 in
977 4087 1218 4138 sacrario
1255 4085 1446 4138 medici
1477 4086 1758 4141 Diomedis
1789 4088 1930 4143 inter
1960 4099 2183 4143 sanctos

608 4177 909 4244 conspicui,
943 4177 1128 4244 ibique
1185 4191 1290 4229 non
1324 4178 1413 4229 diu
1463 4177 1809 4242 retinuisset,
1832 4181 2021 4232 eduxit
2064 4180 2193 4234 inde

611 4279 777 4341 atque
831 4271 1152 4335 submersit,
1208 4270 1479 4324 ministris
1517 4286 1673 4332 usus,
1704 4283 1939 4340 quorum
1977 4272 2193 4340 aliquos

611 4364 872 4432 superbia
904 4361 1030 4432 ejus
1087 4361 1253 4430 paulo
1285 4371 1411 4430 post
1459 4362 1838 4414 condemnans
1877 4363 2072 4416 merito
2111 4377 2193 4414 rc-

611 4455 925 4510 muneravit
958 4470 972 4507 :
1003 4453 1116 4508 Deo
1162 4453 1243 4508 sic
1285 4468 1382 4508 nos
1429 4452 1684 4516 docente,
1710 4452 2182 4521 quemadmodum

612 4547 845 4618 pessima
875 4546 1183 4616 jubentem,
1209 4544 1278 4600 ita
1307 4545 1504 4615 ignave
1537 4543 1879 4600 obedientem
1913 4559 1941 4597 a
1963 4543 2073 4600 Deo
2093 4561 2196 4616 pu-

612 4639 742 4705 niri,
783 4647 925 4694 teste
961 4637 1192 4692 Davide.

679 4731 769 4787 36.
804 4729 879 4786 Ita
904 4746 1035 4800 ergo
1088 4731 1273 4801 inique
1325 4726 1474 4784 lecit.
1538 4729 1805 4786 Prmterea
1875 4731 2194 4786 convoratls

611 4825 866 4880 erunibus
939 4823 1126 4878 electis
1197 4823 1331 4876 viris
1386 4823 1604 4893 generis
1680 4822 2034 4878 illustrissimi
2108 4825 2196 4876 die

611 4916 885 4985 quadam,
947 4915 1104 4979 cuius
1169 4914 1455 4968 horrorem
1517 4911 1808 4968 nefandum
1856 4914 2056 4982 aliquis
2092 4914 2185 4968 de-

613 5007 837 5072 scribet,
891 5021 1080 5061 ouines
1123 5005 1538 5071 comprehendit
1593 5005 1738 5058 sicut
1779 5005 1960 5074 pisces
1984 5005 2036 5059 in
2093 5003 2193 5058 reti

613 5099 786 5164 fatali,
807 5099 1048 5167 exceptis
1079 5101 1234 5154 bonis
1262 5099 1489 5167 angelis,
1517 5099 1609 5165 qui
1664 5098 1768 5152 sibi
1830 5099 1956 5168 fuga
1991 5113 2197 5153 consu-

613 5201 788 5264 lentes
841 5191 1072 5259 dispersi
1135 5199 1280 5246 sunt.
1335 5192 1645 5259 Omnesque
1699 5199 1896 5244 tractat
1983 5191 2179 5246 deinde

615 5299 764 5338 more
797 5282 1026 5353 iniquo;
1064 5298 1212 5347 nam,
1237 5282 1487 5352 privatim
1517 5297 1970 5352 unumquemque
2023 5283 2206 5350 arguit

611 5390 736 5431 esse
775 5383 984 5431 secreto
1035 5389 1132 5444 pro
1189 5390 1331 5443 rege,
1366 5374 1511 5428 illius
1573 5374 1713 5443 (quae
1755 5382 1839 5428 est
1884 5371 2032 5442 justa
2081 5371 2210 5440 vox)

615 5469 808 5525 hosris.
867 5468 948 5521 Ad
1029 5482 1301 5521 carcerem
1389 5481 1592 5535 paucos
1648 5465 1910 5535 quosdam
1983 5465 2210 5519 damna-

615 5549 688 5614 vi't
731 5559 904 5616 Fuere
935 5559 1026 5630 qui
1057 5559 1314 5614 obcaecati
1342 5567 1490 5625 sunt,
1526 5558 1675 5628 iique
1729 5557 1990 5628 plerique.
2009 5556 2186 5623 Quos-

619 5651 740 5706 dam
801 5668 930 5708 vero
995 5667 1059 5708 ex
1117 5650 1182 5706 iis
1242 5651 1296 5706 in
1360 5650 1612 5707 exsilium
1687 5658 2008 5719 perpetuum
2089 5647 2219 5719 egit.

2359 3457 2454 3512 λε’.
2494 3457 2605 3511 Kal
2634 3455 2796 3516 αὐτὸς
2828 3453 2926 3523 μὲν
2950 3453 3094 3506 οὕτω
3129 3448 3468 3516 ξυνέστέιλεν
3502 3449 3689 3511 αύτδν,
3720 3450 3888 3516 ἀφεὶς

2291 3549 2414 3604 καθ⁹
2437 3549 2641 3618 ἐτέρων
2695 3543 2998 3615 μεμηνέναι
3047 3542 3135 3594 τὸν
3181 3535 3537 3608 Ἀνδρόνικον.
3585 3537 3645 3591 Ὀ
3685 3537 3733 3592 δ’
3758 3542 3886 3592 ἐπεὶ

2295 3643 2480 3697 οὐκέτι
2512 3636 2780 3709 προϐλῆτι
2815 3635 3064 3704 σκοπέλῳ
3083 3635 3191 3686 τινὶ
3213 3629 3561 3702 ἀνεκρούετο,
3585 3627 3884 3698 ἐξεκύμαι-

2299 3751 2388 3788 νεν
2421 3730 2641 3801 ὀλέθρια
2683 3728 2826 3780 κατὰ
2862 3729 3104 3789 πάντων,
3145 3724 3244 3793 οὐχ
3275 3722 3416 3776 ὥστε
3443 3721 3537 3775 καὶ
3575 3721 3776 3785 εἰπεῖν,
3823 3721 3884 3782 ὃς

2303 3843 2359 3878 τε
2395 3825 2586 3888 αἴτιος,
2615 3823 2673 3884 ὃς
2705 3838 2759 3872 τε
2791 3817 2885 3871 καὶ
2919 3818 3060 3886 οὐχὶ,
3088 3816 3223 3868 ἀλλά
3252 3815 3393 3869 κατὰ
3411 3813 3520 3867 τῶν
3552 3811 3718 3883 μηδὲν
3746 3811 3888 3875 ὅλως

2301 3916 2495 3968 αίτίων
2531 3914 2632 3983 (τὸ
2664 3909 3034 3979 ἀδικώτατον)
3060 3924 3073 3939 ·
3113 3909 3208 3960 καὶ
3243 3909 3343 3978 τήν
3378 3924 3437 3959 τε
3473 3906 3568 3958 τοῦ
3613 3905 3892 3975 βασιλέως.

2300 4004 2651 4077 περιγράψας
2686 4005 2898 4073 μητέρα
2955 4003 3012 4052 ὲν
3063 3998 3141 4068 τῷ
3191 4000 3426 4070 σεμνείῳ
3456 3997 3548 4052 τοῦ
3589 4000 3648 4050 ἐν
3705 3997 3887 4064 ἀγίοίς

2301 4095 2468 4166 σοφοῦ
2530 4095 2752 4164 ξατῆρος
2780 4092 3102 4162 Διομήδους,
3126 4090 3366 4161 ἐπισχὼν
3393 4091 3453 4142 οὐ
3479 4089 3645 4142 πολὺν
3665 4087 3890 4158 χρόνον,

2297 4187 2480 4255 ἀπῆγέ
2527 4205 2585 4238 τε
2633 4185 2726 4238 καὶ
2757 4183 3030 4244 ἐόύθισεν,
3079 4181 3377 4252 ὑπουργοῐς
3409 4179 3785 4250 χρησάμενος,
3814 4170 3894 4229 ὧν

2302 4279 2477 4340 ἐνίους
2512 4280 2538 4328 ὁ
2568 4275 3002 4346 καταΰραὸεύων
3025 4273 3193 4327 αὑτοῦ
3225 4273 3395 4342 θυμὸς
3421 4273 3482 4326 ού
3521 4269 3700 4340 πολλῷ
3723 4269 3898 4322 ὔστε-

2305 4387 2398 4441 ρον
2453 4367 2512 4423 εὖ
2560 4368 2733 4421 ποιῶν
2766 4367 3004 4430 ἐτίσατο,
3040 4366 3390 4426 παιδεύοντος
3440 4365 3594 4432 ἡμᾶς
3618 4360 3715 4414 καὶ
3745 4359 3898 4413 οὕτω

2301 4457 2397 4511 τοῦ
2421 4456 2584 4524 Θεοῦ,
2616 4457 2693 4519 ὡς
2742 4457 2838 4512 καὶ
2865 4459 2892 4510 ὀ
2916 4455 3229 4509 ἐπιτάσσων
3260 4451 3676 4519 τάφαυλότατα
3735 4453 3840 4504 καὶ
3870 4453 3902 4503 ὁ

2306 4549 2750 4619 ὑποτασσόμενος
2783 4547 2876 4601 τοῦ
2905 4545 3202 4617 προσώπου
3229 4543 3529 4614 πειρῶνται
3566 4539 3662 4595 τοῦ
3721 4540 3900 4608 Θεοῦ,

2304 4642 2491 4694 ὁποίου
2521 4635 2629 4694 οἵδε
2667 4641 2852 4694 Δαυῖδ.

2370 4736 2478 4799 λς’.
2519 4733 2690 4787 Τοῦτό
2724 4751 2782 4786 τε
2809 4728 3068 4802 οὗνηοῦτω
3107 4731 3408 4802 ἐξήμαρτε.
3437 4729 3544 4782 Kal
3568 4724 3902 4795 σύγκλητον

2301 4825 2358 4878 δὲ
2386 4825 2612 4894 θέμενος
2635 4823 2848 4896 ἀνδρῶν
2883 4824 3126 4894 λογάδων
3151 4825 3411 4878 ἁπάντων
3443 4819 3548 4875 τῶν
3587 4818 3682 4870 τοῦ
3717 4818 3906 4886 μεγὶ-

2305 4929 2432 4969 στου
2461 4917 2674 4983 γένους,
2700 4915 2845 4969 κατά
2873 4933 2996 4969 τινα
3021 4916 3259 4986 ἡμέραν,
3293 4914 3364 4985 ἥν
3399 4912 3493 4964 καὶ
3531 4908 3910 4980 ἐγγράᾧηταί

2303 5025 2389 5071 τις
2429 5009 2494 5061 ἂν
2544 5010 2625 5068 είς
2679 5008 2973 5078 ἀποφράδα
3002 5007 3204 5076 δεινὴν,
3237 5003 3610 5074 συλλαμϐάνει
3639 5001 3914 5064 ἐκείνους

2305 5100 2438 5152 ὡσεὶ
2470 5102 2561 5154 καὶ
2591 5100 2779 5170 ἰχθύας
2819 5101 2972 5164 τινας
2994 5101 3052 5152 ἐν
3078 5099 3310 5169 ἀφύκτῳ
3350 5095 3638 5164 πανάγρῳ.
3667 5091 3807 5160 δίχα
3839 5110 3922 5159 γε

2305 5191 2414 5246 τῶν
2435 5191 2614 5245 καλῶν
2649 5192 2920 5261 ἀγγέλων,
2949 5190 2998 5245 οἳ
3019 5191 3117 5245 καὶ
3145 5187 3234 5244 οἷα
3273 5187 3677 5260 πτερυξάμενοι
3708 5178 3772 5245 ἐς
3801 5200 3931 5251 φυ-

2307 5280 2429 5352 γὴν,
2465 5282 2932 5352 ἐσκορπίσθησαν.
2961 5284 3068 5337 Καὶ
3088 5283 3390 5337 διατίθεται
3420 5280 3653 5342 πάντας,
3680 5275 3766 5339 ὡς
3797 5277 3933 5328 οὐκ

2309 5373 2678 5445 ἃνεύλογήσοι
2713 5392 2818 5439 τις,
2851 5375 3018 5439 λαϐὰς
3052 5374 3334 5428 ἐπικαλῶν
3365 5373 3621 5432 ἑκάστοις
3647 5367 3714 5421 τὺ
3753 5374 3938 5421 κατὰ

2309 5463 2575 5533 βασιλέως
2626 5466 2982 5538 ἐνδομυχεῐν,
3037 5467 3250 5520 ἐκείνου
3307 5466 3620 5534 (εὐστόχως
3675 5461 3934 5527 εἰπεῖν)
3983 5517 3985 5522 .

2310 5554 2608 5624 ἀλιτήριος.
2658 5556 2770 5610 Kal
2802 5558 3022 5628 ὀλίγους
3076 5557 3178 5628 μέν
3228 5573 3380 5617 τινα-ς
3420 5551 3751 5606 ἐδικαῗωσεν
3787 5565 3790 5568 ’
3831 5551 3940 5610 εἷς

2308 5645 2554 5716 εἱρκτήν.
2604 5641 2786 5702 Ἷισαν
2835 5650 2890 5702 δέ
2948 5649 2997 5704 οἳ
3049 5652 3144 5703 καὶ
3193 5649 3252 5713 ἐξ
3302 5648 3571 5718 ὀμμάτων
3613 5645 3937 5713 ἐγένοντ’)-
