4036 6224
293 318 358 379 41
716 362 725 370 -
900 340 911 351 ·
1084 322 1182 382 DE
1221 320 1794 383 THESSALONICA
1836 322 2043 384 URBE
2110 324 2155 379 A
2198 323 2508 382 LATINIS
2550 322 2810 381 CAPTA.
3492 323 3560 384 42

296 431 513 494 πλείους
542 448 606 498 γε
637 423 806 486 οὗτοι.
844 432 1005 493 Τινὲς
1032 433 1090 486 δὲ
1129 437 1222 487 καὶ
1254 438 1311 496 ἐς
1369 437 1656 503 ἀειφυγίαν
1706 438 1873 505 ὑπερ-

2000 435 2151 489 )θιιιο
2202 444 2323 504 pust
2381 436 2602 491 selectis
2667 436 2774 490 hiis
2843 434 2935 504 qui
3001 432 3381 503 comprehensi
3448 436 3564 490 fue-

292 524 476 594 ορίους
506 524 745 577 ἔστειλε.
777 526 934 577 Μετὰ
967 524 1140 594 βραχὺ
1171 527 1228 579 δὲ
1258 528 1353 580 καὶ
1378 528 1500 589 τοὺς
1530 527 1881 596 καθειρχθέν-

294 634 393 680 τας
425 614 750 677 ῦποδιελὼν,
779 616 1039 686 ἐμέρισεν
1074 616 1153 679 είς
1181 635 1241 669 τε
1275 618 1511 685 τυφλοὺς
1535 621 1599 672 ὲκ
1635 619 1877 688 σιδήρου,

298 713 396 761 καὶ
432 709 506 776 μὴ
553 707 870 769 τοιούτους·
922 706 996 770 ὡς
1049 709 1136 769 ἂν,
1168 705 1342 776 οἶμαι,
1397 711 1685 779 βλέποντες
1727 712 1883 765 αὐτοὶ

301 800 431 863 τοὺς
448 802 903 868 πεπηρωμένους,
926 800 1016 851 ἀεὶ
1036 800 1203 864 ζῶσιν
1223 800 1472 868 ἔμφοϐοι,
1499 806 1593 857 καὶ
1614 803 1885 855 συνεπαύ-

311 894 477 957 ξωσιν
510 892 649 945 οὕτω
683 892 741 943 τὸ
771 893 944 945 κακὸν
971 893 1072 961 τῆς
1112 892 1466 964 καθείρξεως.
1518 893 1596 949 Οὐ
1628 895 1798 947 πολὺν
1828 894 1883 946 δὲ

318 986 517 1055 χρόνον
562 985 767 1053 μείνας,
802 984 1084 1038 ἐπιϐαλεῖν
1122 985 1333 1053 ἐφίεται
1385 985 1582 1054 καὶτῷ
1614 987 1885 1054 ὑπερανε-

326 1076 539 1143 στηκότι
567 1074 783 1144 βαθμῷ,
807 1077 1117 1143 καταγνοὺς
1140 1076 1239 1145 τῆς
1265 1078 1491 1148 πρώτης
1510 1077 1723 1147 ἐκείνης
1756 1077 1887 1147 βαθ-

328 1169 467 1244 μίδος
496 1166 570 1224 ὡς
595 1168 886 1236 ταπεινῆς.

382 1258 475 1321 λζ’.
506 1259 828 1327 Γογγυσμὸς
876 1259 1057 1312 τοίνυν
1088 1254 1246 1323 αὖθις
1302 1261 1452 1332 αὐτῷ
1480 1262 1762 1331 τεχνᾶται,
1792 1264 1887 1316 καλ.

312 1350 551 1418 βαρύτης
580 1350 969 1419 προϐάλλεται,
998 1355 1095 1407 καὶ
1139 1352 1336 1421 φόρτος
1385 1354 1654 1423 φορτίδων
1686 1353 1746 1405 ού
1795 1371 1889 1421 φο-

312 1440 495 1508 ρητὸς,
525 1439 621 1492 καὶ
667 1439 746 1502 ὡς
774 1441 876 1493 οὐκ
926 1442 993 1494 ἂν
1027 1443 1112 1514 εἴη
1150 1442 1302 1512 αὐτῷ
1337 1445 1624 1511 στερκτέα,
1667 1446 1713 1497 εί
1746 1444 1888 1498 οὓτω

327 1530 541 1599 τὰσχειν
564 1532 865 1585 κινδυνεύει
895 1534 1116 1601 τρόποις
1147 1536 1385 1599 πολλοῖς.
1422 1538 1667 1606 Ἔπασχε
1690 1536 1746 1589 δὲ
1779 1536 1887 1606 ἄρα

320 1621 484 1686 ιὺδὲν,
511 1622 630 1675 ἀλλ’
678 1624 973 1693 ἐνδόμυχος
1004 1622 1094 1697 ἦν,
1139 1627 1373 1690 πολλοὺς
1400 1629 1564 1691 αὐτὸς
1597 1627 1888 1681 ὑποϐαλεῖν

297 1712 406 1765 καὶ
436 1714 689 1776 εἰσαῦθις
721 1716 970 1787 ἀτλήτοις
1029 1718 1373 1787 παθήμασιν.
1436 1721 1524 1782 Ὠς
1548 1720 1603 1773 δὲ
1628 1719 1885 1787 ἐπέμενε,

1982 530 2127 591 rant,
2179 541 2277 581 eos
2329 527 2515 581 divisit
2573 528 2624 580 in
2671 536 2902 581 Ctl‘CalUS
2952 526 3121 593 ferro,
3150 528 3315 596 inque
3340 529 3439 581 hos
3464 530 3557 597 qui

1986 635 2094 673 non
2121 618 2359 683 fuerant,
2399 628 2457 674 ut
2484 620 2608 688 ipsi,
2630 619 2898 683 existimo,
2930 621 3028 674 hos
3055 619 3337 674 mutilatos
3371 622 3561 675 \ian-

1987 718 2225 775 tes,cum
2266 714 2413 764 metu
2462 712 2678 779 semper
2709 712 2951 763 viverent
2983 710 3171 779 sicque
3206 709 3564 780 adaugeretur

1984 815 2142 870 ptena
2162 800 2513 871 captivitatis.
2536 803 2730 871 Aliquo
2749 815 2995 874 tempore
3020 820 3141 860 cum
3167 814 3561 874 exspectaset,

1986 894 2176 964 projici
2236 895 2287 947 in
2341 894 2517 949 locum
2570 894 2913 963 superiorem
2957 895 3135 965 jubet.
3196 895 3555 952 humilitatem

1990 986 2147 1056 primi
2182 986 2286 1040 luci
2318 988 2541 1042 nimiam
2576 988 2855 1053 judicans.

2058 1255 2146 1308 37.
2183 1255 2427 1309 Murmur
2454 1258 2672 1311 interim
2702 1274 2919 1313 rursum
2949 1259 3214 1313 adversus
3238 1258 3389 1310 illum
3414 1255 3566 1309 exci-

1990 1352 2172 1397 tatur:
2209 1359 2418 1399 tuorum
2454 1347 2684 1403 durities
2735 1350 3105 1418 exprobratur
3142 1347 3568 1416 impositumque

1989 1434 2057 1488 ab
2091 1451 2157 1489 eo
2193 1438 2407 1506 pondus
2460 1440 2844 1505 intolerabile,
2892 1450 2947 1494 et
3005 1440 3149 1510 quod
3220 1440 3369 1507 ipse,
3399 1437 3444 1490 si
3490 1437 3555 1488 ad

1990 1526 2151 1578 talem
2223 1539 2438 1593 pt‘ettatn
2522 1533 3016 1592 condemnaretur,
3068 1531 3289 1599 indigne
3362 1530 3568 1581 laturus

1992 1614 2144 1667 foret.
2165 1613 2307 1667 Nihil
2331 1616 2473 1670 enim
2496 1618 2799 1686 patiebatur
2816 1621 2951 1688 ipse,
2973 1620 3063 1674 sed
3084 1635 3147 1673 ex
3171 1618 3408 1677 insidiis,
3430 1618 3563 1668 inul-

1990 1712 2076 1759 tos
2137 1707 2444 1775 exponebat
2514 1710 2693 1777 poenis
2732 1710 3192 1763 intolerabilibus.
3239 1710 3372 1761 Cum
3442 1720 3573 1760 veru

310 1807 503 1873 μακρὰ
540 1806 849 1871 γογγύζων,
883 1809 978 1861 καὶ
1037 1810 1178 1863 κατὰ
1214 1812 1398 1881 σχῆμα
1449 1811 1885 1880 δυσανασχετῶν,

2000 1804 2240 1848 maneret
2282 1810 2389 1849 non
2436 1798 2560 1850 sine
2614 1799 2844 1867 gemitu,
2877 1810 2930 1852 et
2965 1814 3079 1852 rem
3120 1814 3262 1867 αδετο
3300 1798 3467 1851 ferret
3518 1796 3572 1849 in

308 1895 409 1949 καὶ
443 1900 510 1969 τῇ
540 1899 640 1966 μὲν
669 1903 815 1970 ψυχῇ
848 1902 1149 1971 νεμόμενος
1179 1902 1479 1973 βασιλικῶς
1507 1904 1608 1973 τὴν
1646 1904 1893 1972 Μεγαλό-

312 1991 487 2051 πολιν.
513 1997 580 2062 τῇ
602 1993 658 2047 δὲ
686 1993 907 2067 γλώσσῃ
931 1998 1026 2067 τὴν
1050 1999 1436 2067 Παφλαγονίαν
1458 2002 1772 2070 προφέρων,
1795 2004 1892 2056 καὶ

313 2082 458 2153 ἅπερ
487 2086 651 2149 αὐτὸς
678 2088 1045 2159 ὲρρητόρευεν
1072 2093 1251 2144 ἐκεῖσε
1275 2092 1436 2155 καλὰ,
1458 2088 1532 2145 ὧν
1553 2093 1714 2159 δῆθεν
1740 2096 1894 2148 Κων-

315 2178 759 2242 σταντινούπολις
790 2181 1067 2252 ὲστέρετο,
1099 2186 1190 2238 καὶ
1225 2183 1539 2255 θησαυροὺς
1580 2187 1894 2255 ἐκόμπαζεν

320 2269 441 2320 εκεῖ
488 2269 951 2340 πεφυλαγμένους
1002 2277 1173 2346 αύτῷ,
1201 2277 1396 2330 Φανίου
1426 2279 1487 2348 δή
1527 2293 1649 2332 τινα
1700 2278 1893 2349 θύραν,

326 2359 421 2409 καὶ
451 2360 614 2424 αὐτὸς
648 2362 857 2432 ταύτην
897 2366 1381 2436 ἀναπλαττόμενος
1429 2373 1544 2432 τοῖς
1585 2371 1891 2437 ἀγνοοῦσιν,

330 2450 419 2520 οἶα
447 2451 579 2523 τύχῃ
606 2454 767 2507 αὑτὸν
792 2456 861 2510 τὰ
889 2457 997 2528 πρὸ
1023 2458 1226 2514 τούτων
1252 2462 1453 2529 ἧλαυνε
1476 2478 1491 2493 ο
1535 2463 1631 2515 καὶ
1660 2459 1897 2532 ἦσανὶτά

326 2543 547 2595 τοιαῦτα
577 2547 941 2618 προϐλήματα
974 2552 1409 2621 φωνασκούμενα
1432 2556 1512 2623 τῷ
1531 2555 1685 2625 ἀνδρὶ
1716 2557 1773 2609 ὲν
1800 2573 1895 2608 συ⁶

323 2636 468 2701 χνοῖς
498 2636 679 2705 δχλοις
714 2643 810 2692 καὶ
844 2642 1107 2711 συνεχῶς,
1147 2645 1242 2697 καί
1291 2662 1423 2698 ποτε
1456 2649 1553 2702 καὶ
1600 2647 1755 2717 παρά
1783 2665 1896 2701 τισι

320 2725 431 2777 τῶν
460 2726 811 2799 θερμοτέρων
838 2733 895 2784 ὲν
924 2732 1000 2801 τῷ
1029 2736 1216 2803 κοινῷ,
1243 2738 1337 2788 καὶ
1356 2737 1451 2799 οὓς
1477 2740 1629 2792 οὐδέν
1655 2757 1707 2792 τι
1732 2742 1897 2809 ἐκφο-

321 2816 428 2879 ϐεῖ,
451 2819 540 2872 διὰ
576 2821 637 2872 τό
668 2823 743 2891 μὴ
772 2822 916 2892 ἔχειν
965 2826 1220 2895 πρᾶγμα,
1251 2827 1387 2881 καθὸ
1416 2829 1712 2896 δεδίξονται
1732 2847 1747 2862 ’
1800 2831 1897 2885 καὶ

321 2910 487 2978 {ipsas
514 2915 627 2976 τοῖς
661 2915 924 2977 τοιούτοις
949 2917 1272 2987 ἀναϐοῆσαι,
1325 2918 1400 2980 ῶς
1442 2922 1504 2974 Ei
1540 2922 1615 2993 μὴ
1644 2925 1786 2978 καλά
1814 2943 1895 2979 σοι

322 3003 390 3054 τὰ
424 3003 680 3065 ἐνταῦθα.
697 3007 808 3059 οὐδ’
830 3008 944 3061 ἐστι
975 3011 1307 3079 προσμένειν
1333 3014 1423 3066 ἐπ’
1445 3014 1635 3086 ἀγαθῷ
1656 3017 1757 3083 τῆς
1779 3016 1894 3071 Με-

325 3094 693 3203 γαλοπόλεως,
730 3100 812 3161 τίς
843 3098 911 3152 ἂν
942 3102 1028 3171 ειη
1058 3102 1085 3153 ὁ
1111 3103 1511 3172 προσίστασθαι
1539 3108 1755 3178 φρονῶν
1786 3126 1893 3161 σω·
1925 3134 1969 3203 C

328 3188 495 3257 τηρίᾳ
546 3188 794 3242 τοιούτου
850 3192 1079 3259 ἀνδρός;
1141 3195 1233 3246 καὶ
1269 3196 1353 3249 ὅτι
1410 3198 1473 3250 Ἦ
1504 3199 1892 3273 ὁδηγήτρια,ἡ

325 3281 615 3350 πολιοῦχος
643 3284 819 3353 ἡμῶν,
874 3285 1100 3358 ἀρκέσει
1133 3290 1271 3358 αὑτὴ
1304 3291 1425 3344 ἀντὶ
1478 3292 1698 3346 πάντων
1727 3311 1898 3349 κατα-

334 3372 636 3440 πράξεσθαι
659 3376 721 3427 τὰ
743 3378 875 3445 ἡμῖν
899 3377 1175 3447 σύμφορα’
1214 3379 1289 3443 ὡς
1315 3382 1516 3447 τοίνυν,
1545 3383 1633 3450 ἐφ’
1662 3378 1742 3446 οἷς
1772 3385 1899 3438 παίο

323 3464 440 3528 ζων
466 3466 667 3531 ἐλάλει,
695 3467 868 3532 οὕτως
916 3471 1361 3540 ἐμπεφορϐίωτο.
1422 3476 1550 3546 σιγᾷ
1580 3477 1765 3542 εὐθὺς,
1800 3478 1899 3546 τὴν

323 3559 696 3630 ὑποκριτικὴν
744 3563 953 3631 σκηνὴν
1016 3563 1284 3625 καθελὼν,
1311 3568 1406 3621 καὶ
1449 3567 1617 3636 μηδέν
1660 3586 1711 3622 τι
1737 3568 1899 3624 πλέον

323 3652 504 3703 εἰπεῖν
545 3651 939 3722 προσθέμενος.
974 3653 1086 3706 Καὶ
1112 3654 1244 3721 γοῦν
1271 3654 1371 3725 τὴν
1421 3656 1671 3726 μηχανὴν
1695 3659 1901 3725 ταύτην

325 3744 409 3807 είς
445 3746 607 3796 κενὸν
645 3743 768 3797 ἰδὼν
808 3746 1109 3815 σχάσασαν,
1134 3745 1225 3798 καί
1250 3763 1354 3798 που
1385 3747 1478 3799 καὶ
1519 3748 1682 3810 αὐτὸς
1712 3764 1903 3817 παροι-

330 3837 545 3904 μιωδῶς
570 3836 764 3900 εἰπὼν,
801 3836 875 3899 ὡς
902 3836 1052 3907 Αῦτη
1086 3836 1186 3904 μὲν
1216 3839 1248 3905 ἡ
1290 3837 1552 3908 μήρινθος
1593 3840 1725 3908 ἡμῖν
1750 3840 1901 3892 οὐδὲν

328 3930 561 3992 εσπασε,
591 3928 692 3981 καὶ
719 3927 810 3981 τὸν
834 3929 1109 3997 ἁκκισμὸν
1133 3929 1229 3981 τοῦ
1257 3928 1463 3981 ἐθέλειν
1483 3929 1741 3983 ἀπελθεῖν
1763 3942 1904 3999 γνω-

332 4022 609 4092 ματεύσας
641 4022 743 4074 ούκ
787 4021 993 4089 ἀγαθὸν
1049 4017 1212 4086 εἶναι,
1264 4017 1353 4074 οἷα
1390 4020 1484 4074 τοῦ
1518 4021 1901 4091 σχηματισμοῦ

325 4114 425 4167 καὶ
461 4113 557 4166 τοῦ
588 4112 880 4182 χρώματος
938 4111 1367 4175 ἀναποιοῦντος,
1412 4111 1555 4183 ἅπερ
1603 4113 1747 4165 κατὰ
1802 4113 1902 4183 τῆς

331 4205 614 4275 βασιλείας
643 4202 1031 4269 ἐϐουλεύσατο,
1067 4206 1165 4257 καὶ
1184 4204 1573 4268 ἁποτελοῦντος
1596 4205 1759 4257 αὐτὸν
1780 4206 1903 4259 ἀντὶ

337 4296 593 4366 ἄρχοντος
655 4294 924 4364 ὕπαρχον,
966 4295 1161 4366 ἑτέρας
1214 4297 1426 4362 γίνεται
1459 4296 1777 4366 σοφωτέρας
1811 4315 1906 4350 πε-

336 4386 602 4455 ριεργίας.
645 4388 710 4439 Ἦ
745 4386 802 4439 δὲ
855 4382 924 4457 ἦν
954 4387 1155 4455 μηκέτι
1203 4387 1423 4455 ἁμέσως
1474 4386 1602 4448 τοὺς
1654 4385 1903 4455 ὀχλικοὺς

1995 1884 2181 1937 animo
2246 1888 2481 1955 pascens
2542 1888 2949 1958 magniﬁcentia
3016 1889 3366 1958 imperatoria
3426 1886 3575 1941 Con.

1994 1975 2445 2045 stantinopolim,
2482 1993 2736 2034 sermone
2767 1990 2947 2033 autem
2990 1979 3415 2050 Paphlagoniam
3454 1994 3575 2032 ant-

1998 2068 2243 2135 plectens
2266 2111 2280 2135 ,
2314 2070 2403 2125 ubi
2460 2070 2728 2139 plurimos
2762 2073 3021 2141 pulchros
3046 2088 3330 2128 sermones
3355 2087 3578 2140 compo-

1994 2170 2205 2223 suerat,
2235 2161 2435 2229 quibus
2469 2165 2816 2229 postmodum
2846 2165 3163 2233 privabatur
3183 2164 3577 2220 Constantino-

2000 2252 2161 2319 polis.
2192 2254 2531 2323 gloriabatur
2556 2257 2659 2310 sibi
2694 2268 2942 2312 servatos
2986 2273 3110 2313 esse
3141 2258 3217 2312 ibi
3260 2259 3576 2318 thesauros,

1996 2342 2291 2408 quamdam
2346 2354 2556 2412 portam
2602 2347 2826 2416 quidem
2880 2347 3095 2413 Phanii,
3148 2365 3313 2419 quam
3365 2349 3578 2402 instau-

1998 2432 2156 2484 rabat
2190 2431 2579 2499 ignorantibus
2630 2455 2739 2507 qua
2780 2450 2929 2494 sorte
2990 2456 3089 2509 pro
3120 2441 3227 2495 illis
3260 2441 3377 2510 ipse
3409 2455 3584 2493 vexa-

1999 2531 2173 2576 retur.
2206 2523 2333 2578 Haeo
2358 2536 2515 2580 erant
2536 2540 2855 2597 argumenta
2889 2531 2958 2584 ab
2980 2531 3294 2599 illojaetata
3316 2530 3370 2583 in
3399 2530 3579 2583 turbis

1999 2611 2188 2669 densis
2239 2626 2295 2669 et
2347 2616 2469 2684 plus
2504 2620 2697 2684 semel,
2726 2635 2791 2674 ac
2830 2622 3066 2689 quadam
3094 2622 3183 2676 die
3215 2638 3402 2677 coram
3455 2622 3574 2690 qui-

2000 2705 2229 2758 busdam
2250 2721 2313 2760 ex
2346 2707 2747 2764 liberalimibus
2781 2713 2978 2780 plebis,
3006 2728 3144 2781 quos
3175 2714 3310 2767 nihil
3338 2727 3583 2783 unquam

2000 2804 2295 2863 terruerat,
2338 2815 2405 2855 eo
2435 2802 2580 2869 quod
2634 2805 2781 2857 nulla
2814 2820 2980 2858 causa
3016 2806 3099 2860 eis
3130 2814 3249 2860 erat
3294 2808 3365 2859 ob
3418 2820 3579 2873 quam

2003 2885 2295 2952 timerent;
2334 2896 2389 2941 et
2424 2889 2630 2955 placuit
2666 2891 2773 2946 illis
2826 2894 3135 2948 exclamare
3157 2934 3173 2959 ,
3206 2895 3500 2964 quomodo.
3534 2894 3583 2949 si

2001 2975 2148 3029 nulla
2200 2977 2287 3031 hic
2319 2979 2683 3048 sibijucnnda
2716 2991 2924 3046 essent,
2956 3000 3064 3039 non
3123 2996 3429 3040 remaneret
3471 2984 3585 3039 Me-

2002 3066 2236 3137 galopoli
2288 3085 2387 3140 pro
2446 3074 2598 3129 urbis
2635 3073 2929 3131 felicitate:
2972 3078 3095 3148 quis
3141 3077 3253 3147 jam
3319 3080 3466 3133 enim
3516 3079 3587 3133 do

2003 3156 2127 3209 talis
2164 3157 2258 3209 viri
2290 3161 2471 3215 salute
2505 3163 2689 3217 animo
2737 3166 3181 3222 curaverit?Viaa
3203 3168 3312 3221 dux
3354 3176 3584 3235 patrona

2005 3256 2202 3301 nostra:
2241 3250 2391 3306 urbis
2429 3252 2587 3307 nobis
2633 3256 2867 3313 sufﬁciet
2911 3257 2976 3311 ad
3030 3262 3372 3326 procuranda
3427 3260 3583 3320 nobis

2007 3340 2160 3395 utilia
2218 3344 2484 3400 adversus
2534 3349 2739 3402 omnia.
2779 3348 3077 3419 Postquam
3142 3366 3273 3420 ergo
3329 3351 3414 3405 his
3464 3367 3586 3420 qua:

1999 3435 2260 3502 nugando
2290 3437 2613 3507 loquebatur
2671 3456 2766 3497 eos
2813 3443 3162 3512 refrenasset,
3215 3446 3399 3500 subito
3426 3454 3587 3508 tacet.

2000 3539 2161 3579 scena
2192 3530 2403 3581 comica
2446 3530 2620 3595 ﬁnita,
2646 3533 2891 3603 nihilque
2932 3536 3169 3604 amplius
3222 3538 3406 3590 dicere
3444 3551 3587 3604 pra:-

2000 3621 2188 3675 sumit.
2221 3620 2354 3677 Cum
2381 3624 2547 3696 igitur
2574 3627 2687 3681 haec
2714 3628 3050 3685 machinatio
3082 3630 3217 3684 nihil
3245 3629 3587 3698 prolecisset,

2001 3712 2279 3771 funiculus
2316 3717 2503 3786 ipsius,
2522 3732 2577 3773 ut
2601 3720 2891 3788 allegorice
2909 3722 3143 3785 diccbat,
3166 3721 3305 3776 nihil
3334 3736 3398 3776 ex
3429 3722 3589 3775 nobis

2000 3804 2312 3873 elicuisset,
2344 3824 2444 3863 nec
2488 3809 2674 3864 ﬁctum
2734 3813 3069 3881 propositum
3099 3811 3413 3867 discedendi
3470 3813 3592 3865 nul-

2001 3892 2104 3947 lius
2130 3912 2249 3951 esse
2282 3900 2549 3967 potuisset
2580 3901 2833 3956 utilitatis
2852 3910 2934 3964 ,et
2978 3917 3102 3956 cum
3131 3902 3313 3955 omnia
3334 3901 3589 3969 figmenta

2000 4001 2055 4043 et
2095 3989 2337 4044 colorata
2375 4004 2496 4059 qua:
2538 3991 2793 4060 adjutura
2836 3991 3049 4045 fuerant
3084 3993 3186 4061 ipsi
3234 3993 3287 4046 in
3344 3992 3590 4047 consiliis

2001 4078 2069 4131 de
2109 4079 2247 4133 solio
2272 4081 2649 4149 imperatorio,
2683 4083 2963 4151 adjuvisse
3000 4095 3059 4137 ut
3113 4098 3211 4153 pro
3243 4083 3422 4153 primo
3451 4084 3592 4137 duce

2002 4171 2111 4224 dux
2174 4182 2319 4226 esset
2372 4174 2649 4228 secundus
2712 4174 2983 4237 vidissa,
3041 4190 3234 4229 novam
3296 4174 3589 4243 quamdam

2004 4266 2142 4317 viam
2180 4264 2373 4332 aperit.
2410 4264 2738 4334 Neutiquam
2778 4269 2882 4321 l'uit
2920 4267 3035 4319 haec
3090 4276 3148 4321 ut
3194 4268 3366 4321 turba:
3410 4269 3593 4321 omnis

2003 4359 2215 4430 generis
2239 4368 2497 4428 protenus
2524 4361 2591 4414 ad
2616 4362 2791 4430 ipsum
2818 4361 3164 4427 accederent,
3188 4362 3281 4416 sed
3310 4361 3403 4429 qui
3433 4372 3592 4414 erant

332 4452 440 4531 aut
464 4476 761 4545 ξύγκλυδας
791 4452 1125 4547 εἰς’ὁμιλίαν
1160 4452 1344 4542 ἀξιοῦν
1369 4478 1528 4547 ἥκειν
1571 4452 1742 4545 αὐτῶ,
1764 4478 1899 4531 ἀλλὰ

2008 4456 2061 4508 itt
2108 4452 2215 4510 illis
2240 4454 2572 4519 eminentes,
2604 4471 2746 4523 quos
2789 4470 2987 4524 magno
3038 4469 3265 4509 numero
3301 4454 3407 4507 huc
3460 4454 3592 4508 illuc

332 4570 467 4629 τοὺς
496 4569 552 4617 ὲν
578 4569 751 4630 animi;
780 4566 1142 4638 προῦχοντας,
1167 4568 1259 4619 καὶ
1275 4567 1419 4630 οἴους
1450 4566 1597 4635 ἔχειν
1617 4567 1909 4637 περιάγειν

334 4658 470 4721 τοὺς
492 4658 757 4723 πλείονας,
795 4662 891 4713 καὶ
927 4652 1297 4731 κεφαλαρχεῖν
1326 4659 1401 4723 ὡς
1443 4662 1503 4712 ἐν
1519 4660 1731 4729 ούραῖς.
1762 4661 1911 4715 Ἀλι-

335 4752 519 4821 τήριοι
553 4749 827 4820 ἄνθρωποι
849 4752 1071 4815 ἐκεῖνοι,
1102 4750 1575 4818 φιλοστασιασταὶ,
1595 4749 1907 4820 ὀχλοκόποι,

336 4841 582 4908 βασιλεῖς
607 4836 719 4893 οἷον
750 4843 981 4905 ἕκαστος
1013 4841 1145 4913 περὶ
1169 4841 1295 4903 τοὺς
1327 4841 1605 4911 ὁμοήθεις.
1641 4842 1910 4913 Φιλοῦμεν

334 4931 447 5000 γὰρ
477 4932 525 4983 οἱ
554 4930 913 4999 ἐλαφρότεροι
936 4930 1175 4992 εὐκόλως
1204 4931 1438 4983 ἕπεσθαι
1486 4932 1770 4987 κελεύουσι
1798 4937 1910 4996 τοῖς

334 5022 476 5091 πρὸς
503 5020 539 5075 ἃ
568 5022 897 5090 πεφύκαμεν
936 5023 1193 5089 ὁδηγοῦσι
1221 5037 1235 5050 ⁸
1262 5021 1594 5090 πεφύκαμεν
1616 5024 1672 5076 δὲ
1700 5025 1751 5077 οἱ
1783 5024 1914 5077 πολ-

334 5114 421 5167 λοὶ
472 5112 609 5184 πρὸς
638 5116 699 5165 τὸ
731 5113 1061 5181 φιλόκαινον,
1113 5114 1453 5182 ἐπιθυμηταὶ
1502 5114 1655 5178 ὄντες
1705 5117 1910 5170 καινῶν

345 5206 743 5275 ξυμϐαμάτων,
781 5205 879 5258 καὶ
912 5206 1002 5259 τὸν
1034 5206 1226 5276 χρόνον
1271 5206 1632 5272 ἀπαιτοῦντες
1662 5210 1910 5279 ὲγκαινί-

341 5300 453 5362 ζειν
480 5300 610 5370 ἡμῖν
637 5300 828 5352 ἄλλοτε
857 5298 994 5352 ἄλλα
1019 5298 1313 5364 ξενίζοντα.

406 5391 509 5460 λη’.
552 5392 616 5444 Oi
646 5391 823 5445 τοίνυν
851 5392 957 5448 τῶν
983 5391 1075 5445 τοῦ
1110 5392 1283 5461 δήμου
1304 5393 1371 5445 τὰ
1404 5392 1598 5462 πρῶτα
1632 5392 1909 5462 φέροντες,

340 5485 432 5534 καὶ
464 5486 777 5553 ἀνεγείρειν
809 5484 933 5546 τοὺς
965 5484 1188 5546 λοιποὺς
1246 5485 1484 5554 ἔχοντες,
1533 5485 1913 5555 προϐληματι-

339 5573 563 5635 σθέντες
585 5570 699 5627 οἷον
732 5576 838 5627 ὑπὸ
861 5574 953 5626 τοῦ
983 5574 1327 5644 Ἀνδρονίκου
1359 5577 1421 5627 τὸ
1452 5575 1745 5646 βουλητέον
1775 5574 1915 5627 ἐκεί-

340 5684 441 5735 νῳ,
475 5662 594 5719 εἶτα
626 5669 824 5729 τόπους
855 5666 1009 5720 αὐτοὶ
1043 5665 1362 5735 ἐξεύρισκον
1390 5666 1530 5720 κατὰ
1560 5667 1687 5727 τοὺς
1708 5666 1912 5730 δεινοὺς

340 5759 570 5813 τοιαῦτα
604 5759 946 5827 σοφίζεσθαι,
1001 5758 1067 5810 δι’
1094 5752 1169 5810 ὢν
1216 5760 1668 5827 ἐπιχειρήσαντες
1702 5776 1910 5829 copim.

703 5853 969 5912 PA't'ttoL.
1019 5852 1129 5911 Gtt.
1191 5852 1284 5910 CX
1300 5853 1347 5910 Χ
1362 5853 1413 5909 Χ
1428 5851 1530 5911 Η.

2012 4563 2307 4618 sparsurus
2374 4556 2491 4602 erat
2554 4558 2610 4602 et
2675 4549 3065 4618 praepositurus
3122 4547 3280 4615 quasi
3343 4555 3591 4601 extremo

2013 4643 2239 4712 agmini.
2289 4639 2350 4693 lli
2384 4642 2635 4696 homines
2675 4648 2832 4695 erant
2880 4638 3193 4707 reipublica:
3226 4647 3427 4707 pestes,
3475 4636 3588 4689 [ac-

2013 4736 2163 4797 tiosi,
2202 4733 2492 4797 seditiosi,
2537 4748 2691 4803 reges
2759 4732 3139 4802 unusquisque
3206 4732 3349 4785 inter
3406 4744 3589 4800 pares.

2011 4824 2258 4895 Namque
2300 4840 2398 4894 pro
2440 4825 2654 4881 levitate
2697 4835 2883 4878 nostra
2916 4826 3073 4893 sequi
3099 4837 3349 4877 amamus
3376 4838 3470 4877 eos
3494 4821 3585 4890 qui

2013 4920 2223 4976 ducunt
2274 4920 2342 4974 ad
2377 4935 2440 4974 ea
2483 4919 2550 4973 ad
2602 4934 2725 4987 qua:
2776 4918 3008 4987 impellit
3059 4926 3289 4983 natura;
3339 4917 3585 4986 plerique

2012 5015 2157 5068 enim
2194 5023 2389 5066 natura
2417 5012 2746 5082 impellimur
2768 5014 2834 5065 ad
2876 5025 3045 5065 novas
3070 5025 3176 5075 res,
3208 5011 3388 5077 cupidi
3420 5023 3588 5061 novu-

2014 5121 2133 5159 rum
2182 5114 2515 5169 eventuum,
2570 5104 2912 5173 postulantes
2948 5113 3007 5157 ut
3050 5112 3267 5171 tempus
3314 5100 3583 5155 interdum

2014 5216 2101 5275 res
2156 5199 2404 5254 insolitas
2441 5209 2683 5252 renovet.

2084 5378 2171 5434 38.
2209 5377 2310 5443 Qui
2341 5376 2507 5446 igitur
2538 5375 2833 5445 primatum
2870 5372 3054 5442 populi
3099 5377 3310 5432 tenent,
3343 5375 3396 5420 et
3423 5376 3583 5422 cmte-

2013 5487 2105 5527 ros
2128 5475 2367 5526 excitare
2392 5473 2750 5537 praesumunt,
2777 5463 3093 5519 defensores
3111 5459 3404 5514 Andronici
3425 5459 3580 5527 juxta

2014 5563 2343 5618 voluntatem
2362 5563 2820 5632 ejus,arguutenta
2837 5571 2997 5626 quam
3016 5550 3583 5623 possuntvalid.ssima

2015 5659 2267 5714 etnittuut
2303 5658 2355 5709 in
2383 5655 2571 5720 fortes,
2604 5653 2802 5723 quibus
2839 5654 3057 5707 insolita
3102 5663 3154 5705 et
3174 5650 3434 5716 absurda,
3461 5667 3584 5705 cum

2017 5767 2147 5821 pace
2172 5751 2424 5815 dixerim,
2452 5749 2599 5817 periit
2621 5748 2757 5800 iunt.
2790 5744 3040 5813 Mysteria
3074 5746 3234 5798 etiam
3260 5762 3365 5799 tton
3395 5760 3525 5798 sanc
3555 5761 3581 5794 at

3032 5839 3070 5894 2
