4012 6226
366 285 434 343 Η
1075 289 1501 350 EUSTATHII
1537 291 1636 351 ΤΗ
1649 290 2118 350 ESSALONICE
2129 292 2298 359 NSIS
2329 301 2888 366 METROPOLITE
3571 306 3644 364 44

367 400 630 457 facientes
668 401 733 455 ad
774 403 875 457 hoc
907 412 1292 472 pervenerunt,
1329 412 1386 456 ut
1425 403 1476 456 in
1516 403 1692 458 lucem
1728 404 1952 458 adduce-

2073 415 2295 478 ρανοῦσι
2317 417 2377 468 τὸ
2407 417 2658 485 ἔκτοπον,
2687 421 2783 472 καὶ
2808 415 3066 488 ὀκνητέον
3088 415 3144 470 δέ
3167 415 3363 479 είπεϊν,
3391 418 3485 472 καὶ
3510 420 3632 475 ἄτο-

365 502 486 548 rent
523 508 644 561 quae
676 494 916 548 tenebris
949 503 1076 548 sunt
1104 495 1288 564 digna,
1329 495 1785 564 multitudinique.
1827 511 1953 565 per-

363 586 656 640 suaderent
698 587 842 656 quod
881 588 1074 642 civitas
1127 587 1343 640 ruinam
1395 603 1504 642 non
1547 586 1788 658 eﬂugiet,
1843 588 1948 643 nisi

368 695 492 731 eum
529 695 697 747 parvo
729 690 783 732 et
817 681 1109 750 inexperto
1145 680 1334 736 Alexio
1369 680 1422 735 in
1456 680 1673 748 imperii
1722 693 1955 734 consor-

365 772 501 824 tium
543 772 927 827 admitteretur
962 773 1328 840 Andronicus,
1379 773 1600 842 optimm
1634 771 1864 834 indolis,
1899 781 1953 824 et

364 863 420 917 in
452 864 717 935 regnandi
751 875 870 920 arte
898 865 1033 919 adeo
1062 875 1339 928 versatus,
1370 875 1430 919 ut
1462 880 1586 920 cum
1620 864 1716 918 illo
1741 859 1953 931 imperii

363 954 732 1023 gubernacula
767 955 902 1009 bene
933 963 1184 1008 recturus
1222 954 1363 1010 foret
1391 973 1409 1023 ;
1435 969 1538 1008 non
1570 956 1642 1008 ita
1670 963 1728 1009 ut
1756 952 1956 1006 avelle-

365 1054 541 1110 retur,
597 1046 692 1100 sed
747 1057 802 1099 ut
845 1046 1244 1116 produceretur
1297 1047 1538 1100 maxime
1566 1045 1955 1115 magniﬁcare-

363 1146 565 1204 turque
610 1136 858 1205 parvitas
892 1137 1048 1207 ejus;
1093 1138 1498 1191 communitate
1531 1135 1752 1204 quidem
1785 1135 1951 1188 unius

363 1225 677 1296 dignitatis,
707 1228 990 1282 consortio
1045 1243 1172 1282 vero
1195 1227 1436 1282 laborum
1465 1240 1953 1294 aerumnarumque

365 1320 566 1389 quibus
631 1321 757 1390 plus
813 1321 948 1375 satis
1007 1321 1355 1376 assuefactus
1403 1329 1524 1374 erat
1574 1319 1949 1380 Andronicus,

365 1413 690 1467 multimoda
717 1415 1057 1482 experientia
1083 1415 1440 1468 exercitatus.
1472 1413 1588 1467 Non
1606 1412 1794 1482 paucis
1833 1426 1953 1479 per-

364 1513 659 1558 8uaserunt
690 1517 745 1558 ut
765 1506 1041 1559 benevolis
1065 1507 1292 1559 auribus
1323 1505 1575 1558 audirent
1597 1519 1661 1556 ac
1685 1502 1952 1556 invalesc-

367 1602 492 1643 rent
520 1593 585 1645 ad
616 1595 1149 1648 consummationem
1179 1595 1492 1648 communis
1524 1593 1742 1662 imperii
1773 1592 1954 1645 Alexii

364 1693 416 1735 et
453 1683 771 1739 Andronici.
802 1686 859 1738 In
903 1687 1174 1757 principio
1209 1686 1430 1756 quidem
1450 1685 1518 1741 de
1551 1685 1953 1740 machinatione

367 1777 796 1841 mussitabatur,
854 1789 1041 1847 postea
1097 1795 1279 1834 sermo
1337 1779 1533 1843 ﬁebat,
1596 1779 1762 1847 paulo
1823 1787 1951 1847 post

366 1869 544 1939 palam
598 1872 761 1925 etiam
822 1873 1188 1927 clamabatur.
1253 1871 1523 1927 Cmterum
1587 1870 1812 1942 publice
1877 1871 1947 1924 ad

367 1962 730 2030 principatum
771 1962 1087 2018 invitandus
1125 1972 1246 2018 erat
1289 1963 1676 2029 Andronicus;
1705 1965 1801 2033 qui
1840 1963 1950 2017 nisi

365 2053 644 2115 chediret,
672 2054 915 2123 jamjam_
949 2055 1223 2124 rogandus
1251 2063 1434 2121 esset;
1469 2056 1514 2109 si
1553 2070 1683 2109 vero
1734 2070 1836 2110 nec
1878 2056 1952 2109 ita

364 2146 675 2210 exaudiret,
712 2148 1033 2204 inflexibilis
1083 2164 1436 2218 permanens,
1505 2150 1588 2203 vis
1639 2148 1951 2204 adhibenda

367 2237 529 2293 ioret.
579 2237 773 2293 llicunt
801 2253 854 2295 et
913 2240 1018 2296 hoc
1053 2257 1177 2296 esse
1209 2243 1432 2306 melius,
1464 2242 1617 2296 illum
1658 2243 1766 2311 pati
1804 2241 1952 2312 quod

367 2349 478 2386 non
508 2333 642 2397 vult,
673 2336 888 2390 scilicet
920 2351 1172 2404 regnare,
1217 2350 1382 2403 quam
1432 2336 1696 2389 mundum
1735 2337 1948 2388 ruinam

368 2425 500 2490 rati.
533 2425 670 2480 lluic
707 2429 1016 2482 assentiunt
1053 2431 1205 2483 inulti
1239 2447 1302 2483 ex
1341 2429 1516 2497 plebe.
1546 2430 1604 2482 ln
1644 2430 1790 2484 hunc
1820 2443 1951 2483 vero

367 2525 670 2573 torrentem
705 2520 823 2574 [luit
856 2521 1099 2590 qumdam
1128 2521 1394 2577 colluvies
1425 2538 1489 2577 ex
1520 2523 1952 2592 congregatione

368 2611 626 2676 aliorum,
658 2627 765 2666 non
795 2613 1081 2667 abundans
1101 2613 1341 2682 quidem,
1367 2614 1460 2669 sed
1483 2630 1685 2670 nocens
1717 2615 1950 2683 ideoque

366 2716 397 2754 a
426 2701 583 2756 nobis
619 2703 1053 2757 abhorrendnm.
1084 2702 1202 2757 Non
1255 2707 1400 2759 enivn
1426 2705 1746 2774 simpliciter
1800 2704 1951 2759 detco

369 2795 624 2851 stabatur
670 2805 884 2851 atatem
925 2798 1189 2866 puerilem
1238 2798 1413 2851 Alexii
1448 2797 1803 2866 imperatoris
1836 2799 1948 2848 An-

367 2890 578 2944 dronici
611 2894 807 2957 gratia.
846 2891 941 2944 sed
990 2889 1174 2942 furore
1206 2905 1306 2942 suo
1343 2903 1428 2944 res
1475 2890 1740 2955 turbavit,
1780 2899 1949 2959 utque

370 2985 724 3038 Andronicus
752 2983 962 3038 fureret
999 2982 1103 3037 fuit
1142 2997 1333 3036 causa.

438 3261 527 3314 39.
565 3261 706 3314 Inter
739 3261 862 3315 illos
891 3267 1052 3313 erunt
1079 3259 1324 3315 celebres
1361 3260 1393 3314 ii
1450 3258 1541 3330 qui
1585 3258 1803 3316 fuerunt
1834 3268 1947 3314 tum

367 3355 584 3419 fideles,
635 3353 1032 3408 Constantinus
1085 3353 1390 3416 Patr-enus,
1453 3355 1630 3424 imago
1687 3363 1944 3408 accurata

369 3446 734 3511 adulationis,
767 3455 823 3500 et
851 3446 1056 3500 imbelli
1107 3463 1269 3501 manu
1306 3446 1553 3513 Michael,
1587 3447 1671 3501 vir
1702 3445 1950 3504 difﬁcilis

369 3537 706 3605 gttbcruatu,
764 3538 940 3594 faelis
971 3554 1100 3592 vero
1149 3539 1218 3592 ad
1251 3541 1599 3608 pravitatem.
1651 3539 1781 3595 Erat
1821 3557 1952 3596 vero

372 3630 427 3683 in
461 3630 568 3684 illis
596 3631 674 3683 vir
706 3629 942 3698 insignis
966 3631 1122 3700 quasi
1149 3628 1332 3684 ferens
1358 3633 1573 3700 signum
1605 3633 1780 3686 ruina:
1807 3633 1952 3701 (erat

371 3723 514 3777 forte
547 3730 678 3776 tunc
726 3723 779 3777 in
829 3724 1004 3777 media
1044 3722 1225 3793 astate)
1279 3732 1439 3777 natus
1485 3739 1550 3777 cx
1585 3735 1737 3792 patre
1773 3723 1953 3793 perito

371 3815 440 3868 de
474 3831 530 3868 re
553 3815 764 3885 publica
791 3815 1078 3884 iudicandi
1100 3830 1271 3886 seque
1305 3815 1356 3869 in
1405 3815 1694 3871 latrocinia
1730 3817 1946 3871 immer-

373 3907 532 3977 gendi
591 3923 605 3960 :
650 3906 961 3977 Stephanus
997 3909 1213 3978 quidem
1271 3907 1490 3963 nomine
1543 3909 1866 3978 appellatus,
1899 3917 1954 3964 et

369 4004 648 4072 superillo
674 4001 1326 4072 llagiech‘ristophorites,
1363 4004 1454 4074 qui
1487 4012 1822 4066 mutatus,e.\
1844 4018 1954 4074 quo

373 4100 638 4153 adversus
697 4097 862 4152 Deum
907 4108 1204 4164 operatur,
1246 4098 1823 4167 antichristOphorites
1865 4114 1956 4154 co-

375 4191 728 4256 gnominatur
756 4189 822 4243 ab
849 4190 914 4245 iis
945 4190 1039 4260 qui
1068 4197 1214 4244 recte
1232 4189 1494 4244 sentiunt.
1517 4189 1654 4244 Huic
1675 4193 1784 4261 jam
1822 4200 1958 4245 tem-

374 4299 478 4352 pus
533 4293 770 4339 statuam
813 4283 926 4336 vitii
965 4294 1234 4338 erexerat.
1269 4283 1404 4336 Cum
1443 4285 1588 4338 enim
1629 4284 1952 4338 affinitatem

376 4394 484 4432 non
525 4377 798 4449 junxisset
847 4392 972 4432 cum
1028 4377 1349 4444 semetipso,
1399 4376 1493 4431 sed
1539 4377 1771 4446 nequius
1811 4377 1952 4444 egis-

373 4484 454 4528 set
475 4487 639 4542 qnam
665 4485 763 4540 pro
795 4470 1067 4525 connubio
1093 4470 1284 4532 nobili,
1312 4469 1461 4524 dedit
1495 4471 1658 4525 etiam
1682 4472 1950 4538 insignem

377 4566 692 4621 vindictam.
745 4564 916 4620 Nares
955 4564 1099 4619 enim
1167 4563 1286 4634 ejus
1326 4565 1525 4618 dilissa:
1564 4573 1711 4629 sunt,
1761 4565 1832 4617 ita
1899 4573 1951 4617 nt

376 4677 484 4714 non
515 4662 651 4714 liene
674 4659 994 4727 respiraret,
1021 4657 1231 4716 scilicet
1252 4672 1316 4712 ex
1348 4674 1452 4726 qttn
1476 4675 1580 4712 non
1605 4660 1857 4721 decebat,
1883 4662 1957 4714 lo-

375 4767 546 4822 raque
569 4750 891 4821 castigantia
932 4766 1095 4820 super
1129 4752 1350 4805 dorsum
1380 4751 1499 4819 ejus
1524 4769 1631 4807 non
1660 4769 1828 4822 pauca
1871 4770 1956 4809 ce-

374 4848 649 4902 ciderunt.
673 4845 849 4915 Aﬂque
866 4855 1045 4900 autem
1067 4846 1497 4908 inverecundus,
1525 4848 1671 4900 omni
1695 4845 1902 4916 pudore
1927 4865 1957 4901 e

379 4941 557 4992 fronte
581 4938 851 5007 deposito,
881 4954 989 4992 non
1041 4940 1311 4993 abstinuit
1342 4937 1397 4991 in
1435 4938 1655 5005 publico
1691 4954 1956 5008 apparere

382 5043 440 5088 ut
470 5035 520 5086 in
566 5025 807 5087 derisum
844 5041 1171 5096 verteretur,
1205 5033 1296 5088 sed
1331 5031 1486 5101 quasi
1512 5034 1711 5086 malum
1748 5035 1954 5087 nullum

383 5129 411 5182 f-
436 5129 606 5190 cisset
653 5127 1056 5188 deambulabat,
1108 5126 1250 5180 sicut
1285 5137 1466 5186 antea,
1505 5127 1729 5180 audacia
1768 5141 1958 5194 super-

381 5228 515 5289 lnts,
543 5219 948 5286 ostendensque
977 5233 1083 5271 non
1116 5233 1173 5271 se
1201 5218 1424 5286 pudere,
1460 5226 1513 5272 et
1540 5218 1618 5273 sic
1650 5217 1701 5272 vi
1729 5234 1955 5284 persua»

383 5320 519 5373 dens
550 5316 750 5370 malum
795 5311 930 5365 nihil
967 5326 1114 5376 esse,
1149 5311 1263 5366 sive
1297 5311 1460 5364 iaciat
1495 5311 1613 5366 sive
1657 5311 1953 5366 sustineat.

383 5408 521 5460 Cum
560 5406 747 5469 itaque
781 5402 850 5456 ab
889 5403 1146 5456 omnibus
1186 5401 1592 5472 despiceretur,
1627 5415 1680 5457 et
1723 5402 1957 5458 illustris

385 5496 720 5552 matrimonii
793 5510 888 5564 spe
952 5491 1284 5554 frustratus,
1325 5495 1584 5562 nullaque.
1658 5495 1761 5548 alia
1833 5513 1960 5565 spes

387 5589 757 5654 promotionis
807 5585 1049 5652 adesset,
1082 5587 1176 5640 sed
1211 5585 1414 5639 frustra
1458 5584 1646 5638 lintina
1711 5587 1955 5656 impera-

389 5679 528 5732 toria
563 5687 787 5743 tereret,
815 5679 1048 5748 quadam
1085 5677 1173 5733 die
1201 5676 1338 5732 forte
1363 5676 1533 5732 edidit
1570 5682 1796 5732 verbum
1823 5679 1959 5734 alias

388 5767 606 5849 quidem
636 5769 886 5827 ell‘cctum
914 5773 1116 5829 malum
1147 5769 1651 5842 sortiturum,quod
1694 5770 1797 5843 ipsi
1829 5787 1958 5830 vero

2058 525 2160 561 πον
2183 524 2197 539 ο
2240 510 2336 562 καὶ
2375 513 2876 582 μυστηριασθέντες
2911 512 2972 565 τὺ
3026 509 3100 581 μὴ
3131 510 3279 564 ὅσιον
3303 551 3318 576 ,
3359 512 3639 567 ἐτελοῦντο

2059 607 2196 670 πρὸς
2223 603 2420 667 ἐκεῖνο,
2459 605 2551 657 καὶ
2582 605 2902 674 ἐδᾳδούχουν
2935 607 3016 669 είς
3046 604 3286 674 ἐμφανὲς
3315 602 3383 657 τὰ
3414 606 3646 670 σκύτους

2056 695 2203 759 ἄξια,
2249 697 2344 749 καὶ
2369 698 2764 762 ἀναπείσαντες
2790 700 2914 761 τοὺς
2937 699 3130 768 δχλους
3156 696 3231 769 μὴ
3271 698 3337 752 ἂν
3378 698 3643 764 ἐκφυγεῖν
3660 755 3674 778 ι

2056 788 2157 857 τὴν
2179 788 2336 840 πόλιν
2371 789 2431 839 τὸ
2471 789 2815 855 ἀπολεῖσθαι,
2868 791 2916 841 εί
2949 790 3022 860 μὴ
3055 790 3133 860 τῷ
3169 788 3351 859 μικρῷ
3377 789 3473 843 καὶ
3500 784 3670 856 ἁγυέ

2061 881 2286 950 μνάατῳ
2322 879 2548 950 ’Λλεξίῳ
2588 882 2654 934 τὰ
2712 882 2791 943 είς
2829 882 3110 950 βασιλείαν
3154 883 3246 934 τὸν
3296 881 3656 959 Ἀνδρονικῶς

2059 970 2474 1032 συνδυάσουσιν,
2507 966 2564 1024 εὖ
2607 972 2750 1041 μάλα
2783 970 3132 1038 δεδασμένον,
3177 972 3270 1024 καὶ
3295 971 3366 1024 τὰ
3404 971 3486 1033 είς
3523 987 3641 1022 τοι.-

2057 1063 2230 1126 αύτας
2249 1064 2443 1132 τέχνας
2479 1059 2594 1116 οἷόν
2623 1079 2682 1115 τε
2732 1062 2864 1115 ὄντα
2898 1062 3281 1131 συνδιαφέρειν
3315 1061 3518 1131 ἐκείνῳ
3548 1060 3641 1112 τον

2059 1153 2336 1223 βασίλειον
2392 1153 2554 1222 ζυγόν
2578 1170 2591 1183 ο
2641 1154 2739 1222 ούχ
2777 1154 2917 1206 ὥστε
2954 1153 3060 1222 μὴν
3090 1153 3185 1208 καὶ
3215 1153 3637 1222 καταρῤιπτεῖν,

2057 1245 2192 1299 ἀλλὰ
2224 1247 2319 1298 καὶ
2355 1247 2592 1314 μάλιστα
2623 1245 2936 1315 ύπανέχειν,
2967 1246 3058 1298 καὶ
3083 1244 3185 1314 τὴν
3225 1243 3436 1296 ἐκείνου
3471 1261 3640 1312 μεγα-

2055 1333 2237 1386 λύνειν
2270 1333 2614 1404 σμικρότητα
2639 1351 2654 1366 ⁸
2695 1335 2954 1404 κοινωνίᾳ
2981 1337 3077 1400 μὲν
3114 1333 3271 1400 ἀξίας
3297 1335 3448 1402 μιᾶς,
3468 1333 3638 1403 ὑπερ-

2055 1429 2157 1495 οχῇ
2197 1427 2253 1478 δὲ
2291 1427 2477 1480 κόπων
2503 1428 2598 1479 καὶ
2624 1428 2825 1488 πόνων,
2880 1422 2962 1488 οἷς
2991 1427 3019 1478 ὁ
3047 1425 3390 1495 ’Δνδρόνικος
3434 1424 3638 1478 εἴθιστο

2057 1515 2242 1583 ἄδδην,
2273 1518 2640 1582 πολυπλάνοις
2668 1520 2899 1583 πλάναις
2934 1519 3073 1572 κατὰ
3101 1519 3192 1571 τον
3224 1519 3448 1572 εἰπόντα
3475 1535 3642 1587 γεγυ-

2063 1609 2401 1679 μνασμένος·
2434 1611 2671 1681 ἧγειραν
2701 1611 2799 1664 οὐκ
2837 1612 3054 1678 ὀλίγους
3078 1610 3507 1678 ἀναπεισθῆναι,
3547 1611 3640 1679 ὀρ-

2061 1703 2169 1766 θῶς
2211 1703 2432 1757 ἀκούειν
2461 1704 2554 1757 καὶ
2609 1703 3078 1773 διαθερμανθῆναι
3111 1705 3192 1767 είς
3239 1702 3490 1766 ἐξὰνυσιν
3541 1701 3639 1755 τοῦ

2061 1797 2351 1866 συνάρχειν
2375 1796 2672 1866 βασιλικῶς
2695 1796 2786 1850 τόν
2818 1813 2878 1848 τε
2907 1795 3167 1860 Ἀλέξιον,
3199 1795 3292 1848 τόν
3327 1813 3386 1849 τε
3425 1795 3642 1867 Ἀνδρό-

2059 1905 2232 1940 νικον.
2271 1889 2381 1941 Καὶ
2411 1893 2508 1958 τὴν
2539 1888 2714 1960 ἀρχὴν
2742 1889 2840 1957 μὲν
2877 1887 3306 1960 ύπεψιθυρίζετο
3336 1889 3520 1959 ἠρέμα
3576 1887 3641 1942 τὺ

2059 1980 2301 2050 σόφισμα
2324 1996 2336 2006 ·
2377 1981 2518 2050 μετᾶ
2537 1980 2594 2033 δὲ
2625 1979 2891 2043 ἐλαλεῖτο,
2925 1981 3122 2051 μικρδν
3144 1980 3201 2034 δέ
3236 1982 3362 2034 ὅσον
3398 1979 3494 2033 καὶ
3522 1979 3641 2044 ἐξε-

2057 2071 2220 2126 ϐοᾶτο
2269 2073 2666 2141 τρανέστερονο
2698 2073 2793 2126 καὶ
2841 2072 2948 2125 ἔδει
2973 2072 3160 2126 λοιπὸν
3201 2072 3462 2142 ἐμφανῶς
3505 2088 3642 2142 προε-

2056 2163 2328 2234 κληθῆναι
2369 2165 2450 2229 είς
2475 2165 2574 2235 τὴν
2596 2165 2773 2236 ἀρχὴν
2799 2163 2892 2218 τὸν
2925 2165 3267 2236 Ἀνδρόνικον
3289 2181 3304 2195 ·
3331 2165 3426 2218 καὶ
3481 2165 3530 2217 εί
3559 2163 3640 2234 μὴ

2057 2257 2316 2322 πείθοιτο,
2348 2257 2482 2311 ἀλλὰ
2503 2258 2624 2312 τότε
2649 2258 3043 2328 δυσωπηθῆναι
3064 2273 3075 2286 °
3125 2259 3174 2310 cl
3221 2258 3274 2310 δὲ
3321 2256 3457 2328 μηδὲ
3492 2255 3640 2310 οὕτω

2057 2350 2458 2416 κατακλίνοιτο,
2516 2350 2724 2412 ἀτενῶς
2783 2348 2948 2418 ἔχων,
3011 2349 3341 2418 πειραθῆναι
3366 2350 3461 2402 καὶ
3489 2349 3635 2419 βίας.

2057 2442 2165 2494 Καὶ
2190 2441 2410 2495 κάλλιόν
2446 2458 2612 2510 φασιν
2637 2440 2698 2494 ὃν
2726 2441 2919 2493 παθεῖν
2942 2443 3169 2503 ἐκεῖνον,
3193 2440 3222 2494 δ
3251 2441 3326 2510 μὴ
3357 2441 3634 2511 βούλεται⁹

2055 2533 2115 2584 τὸ
2147 2533 2464 2602 βασιλεῦσαι
2491 2533 2714 2603 δηλαδὴ,
2748 2534 2890 2604 ἤπερ
2929 2532 3212 2599 ἐξολέσθαι
3256 2535 3326 2584 τὰ
3365 2534 3630 2602 κοσμικά.

2056 2625 2165 2676 Καὶ
2192 2624 2562 2695 ἐταιρίξονται
2598 2627 2695 2694 μὲν
2718 2626 2798 2689 είς
2823 2627 2981 2678 τοῦτο
3008 2625 3195 2678 πολλοὶ
3224 2625 3332 2678 τῶν
3355 2623 3452 2678 τοῦ
3473 2622 3631 2678 λαοῦ·

2057 2719 2408 2790 συνεπιρῤἐει
2432 2717 2488 2770 δὲ
2518 2717 2596 2785 τῷ
2623 2719 2855 2772 κλύδωνι
2880 2717 3058 2788 τούτῳ
3089 2717 3186 2771 καὶ
3228 2717 3502 2790 ἀπόρροιὰ
3546 2735 3636 2781 τις

2051 2809 2161 2863 τῶν
2188 2809 2283 2878 τῆς
2309 2809 2641 2879 συγκλήτου,
2673 2810 2734 2862 ού
2760 2809 2928 2880 πολλὴ
2954 2811 3073 2879 μέν,
3101 2809 3399 2880 ἐπίρῤητος
3427 2809 3635 2870 δὲ,’καὶ

2052 2903 2214 2958 τοῦτό
2247 2921 2311 2971 γε
2340 2903 2472 2973 ἡμῖν
2500 2903 2838 2974 ἀπόρρητος.
2875 2901 2951 2955 Οὐ
2976 2901 3084 2970 γὰρ
3108 2901 3294 2964 ἁπλῶς
3324 2899 3636 2970 ἀφωσιοῦτο

2053 2995 2192 3066 αὕτη
2227 2995 2329 3066 τὴν
2361 2994 2504 3048 κατὰ
2548 2995 2644 3048 τοῦ
2694 2995 2961 3064 βασιλέως
3022 2992 3265 3058 Ἀλεξίου
3315 2992 3634 3061 νεωτέρισιν

1974 3088 2020 3148 C
2056 3089 2195 3142 κατὰ
2247 3089 2408 3158 χάριν
2482 3089 2848 3158 ’Λνδρονίκου,
2876 3087 2996 3141 ἁλλ’
3025 3086 3159 3141 ώσελ⁸
3211 3087 3306 3141 καὶ
3355 3087 3633 3156 μεμηνυῖα

2055 3181 2318 3251 βυσσόθεν
2347 3183 2606 3247 ἐκυκᾶτο,
2639 3180 2729 3234 καὶ
2755 3181 2844 3235 τὸν
2879 3179 3220 3250 Ἀνδρόνικον
3253 3179 3628 3249 συνεξέμαινε.

2122 3273 2223 3328 λθ’.
2266 3275 2376 3327 Καὶ
2398 3273 2613 3326 ἔσονται
2635 3273 2870 3342 ἀοίδιμοι
2899 3275 2955 3326 ἐν
2983 3273 3200 3333 τούτοις
3227 3273 3277 3325 οἱ
3298 3271 3398 3340 τῆς
3417 3269 3631 3341 ἡμέρας

2054 3368 2254 3420 ἐκεῖνοι
2298 3367 2504 3432 πιστοὶ,
2560 3365 2971 3426 Κωνσταντῖνος
3021 3363 3050 3414 ὁ
3086 3363 3390 3432 Πατρηνὺς,
3441 3362 3503 3415 τὸ
3530 3361 3631 3430 τῆς

2054 3458 2349 3520 κολακείας
2401 3457 2786 3528 ὴκριὸωμένον
2813 3455 3112 3523 ἀφίδρυμα,
3145 3453 3242 3506 καὶ
3265 3455 3293 3506 ὁ
3319 3451 3629 3522 ἁπλούχειρ

2054 3549 2294 3621 Μιχαὴλ,
2331 3549 2470 3619 ἀνὴρ
2510 3548 2690 3617 γλοιὸς
2727 3548 2826 3617 μὲν
2875 3543 3316 3604 πολιτεύσασθαι.
3352 3542 3626 3613 στρυφνὸς

2053 3641 2110 3694 δὲ
2148 3639 2612 3711 πονηρεύσασθαι.
2674 3636 2782 3693 Ἦν
2809 3640 2864 3694 δέ
2892 3639 2984 3692 καί
3011 3654 3095 3700 τις
3143 3635 3285 3706 ἀνὴρ
3306 3634 3540 3706 λάμπων
3564 3634 3625 3687 ἐν

2054 3737 2169 3796 τοῖς
2200 3733 2466 3797 τοιούτοις
2488 3733 2621 3786 ώσεί
2649 3750 2752 3786 που
2781 3733 2876 3786 καὶ
2907 3730 3146 3802 φρυκτὸς
3173 3724 3626 3797 δλέθριος(μέσος

2054 3820 2122 3896 ἦν
2152 3827 2244 3878 ὅτε
2276 3826 2375 3896 τὴν
2401 3825 2616 3895 τύχην),
2651 3826 2856 3892 πατρὸς
2889 3823 3061 3892 ἐκφὺς
3091 3819 3267 3888 δεξιοῦ
3313 3817 3630 3886 λογίζεσθαι

2054 3918 2124 3972 τὰ
2153 3918 2408 3988 δημόσια,
2441 3918 2536 3970 καὶ
2569 3915 2903 3986 ἐμϐαθύνειν
2947 3912 3268 3982 κλέμμασιν
3289 3926 3305 3942 ·
3360 3911 3633 3978 Στέφανος

2061 4011 2162 4080 μὲν
2183 4011 2241 4064 τὸ
2269 4010 2478 4080 κύριον,
2512 4009 2572 4062 τὸ
2620 4009 2677 4061 δὲ
2708 4007 2792 4060 ἐπ’
2832 4007 2984 4075 αὐτῷ
3023 4003 3632 4076 Ἀγιοχριςτοφορίτηςο

2057 4107 2115 4169 ὃς
2145 4106 2537 4176 μεταθέμενος,
2569 4104 2628 4167 ἐξ
2654 4096 2728 4156 ῶν
2752 4103 2779 4153 ὁ
2811 4101 2953 4155 κατὰ
2993 4100 3128 4152 Θεὸν
3159 4099 3454 4163 διάκειται,
3513 4097 3637 4149 Ἀν-

2059 4200 2536 4270 τιχριστοφορίτης
2565 4197 2947 4267 παρωνυμεῖτο
2976 4197 3089 4250 τοῖς
3111 4193 3248 4260 ὀρθὰ
3279 4192 3482 4245 νοοῦσι.
3503 4191 3640 4244 Τοῦ·

2059 4307 2150 4342 τον
2173 4293 2198 4340 ὀ
2231 4290 2328 4358 μὲν
2354 4289 2566 4356 φθάσας
2595 4288 2786 4357 χρόνος
2809 4286 3248 4356 παρεσημήνατο
3278 4286 3359 4348 είς
3383 4283 3642 4354 ἀνδριάν-

2061 4397 2126 4432 τα
2160 4379 2516 4448 φαυλότητος.
2556 4379 2843 4446 Κηδεύσας
2877 4380 2986 4450 γὰρ
3010 4377 3070 4428 ού
3104 4375 3228 4429 καθ’
3259 4373 3474 4428 ἐαυτὸν.
3497 4372 3638 4426 ἀλλὰ

2011 4465 2029 4521 .'
2065 4473 2620 4542 rravoupyeusipsvo;
2643 4471 2784 4538 ὑπὲρ
2813 4471 2970 4536 ἀξίαν
2997 4469 3173 4538 γάμον
3192 4465 3415 4536 εὐγενῆ.
3434 4466 3638 4519 δέδωκε

2059 4563 2332 4633 τιμωρίαν
2368 4565 2466 4617 οὐκ
2491 4566 2717 4635 ἀγεννῆ.
2743 4564 2854 4625 Τὰς
2887 4563 3041 4634 ῥῖνάς
3062 4578 3124 4614 τε
3155 4560 3265 4630 γὰρ
3304 4558 3636 4628 ἀπεσχίσθη,

2061 4659 2094 4712 ἆ
2126 4675 2184 4710 τε
2218 4657 2293 4727 μὴ
2327 4657 2502 4720 καλῶς
2523 4656 2961 4727 φριμαξάμενος,
2995 4653 3118 4706 καθ’
3144 4647 3213 4724 ἧς
3239 4652 3340 4705 οὐκ
3389 4652 3594 4722 ἔπρεπε
3617 4665 3632 4679 ⁸

2059 4751 2155 4805 καὶ
2184 4751 2294 4803 τῶν
2332 4748 2497 4802 αὑτοῦ
2546 4748 2732 4802 νώτων
2765 4745 3210 4818 σωφρονιστῆρες
3256 4744 3478 4810 ἱμάντες
3506 4760 3639 4796 κατ-

2060 4846 2380 4913 εχόρευσαν.
2421 4843 2526 4900 Καὶ
2570 4844 2720 4913 ὅμως
2759 4841 2948 4909 ἰταμὸς
2980 4838 3078 4901 ὢν,
3113 4838 3211 4889 καὶ
3238 4839 3336 4907 τὴν
3371 4835 3638 4907 αἰσχύνην

2059 4939 2168 4992 ἀπὸ
2213 4936 2509 5008 προσώπου
2549 4935 2798 5003 θέμενος,
2855 4932 2954 4985 οὐκ
2986 4931 3276 4998 ἀπήγαγεν
3317 4930 3514 4981 ἐαυτὸν
3543 4929 3638 4980 τοῦ

2061 5029 2481 5102 προφαίνεσθαι,
2553 5029 2628 5098 μὴ
2681 5032 2774 5080 καὶ
2807 5024 3054 5094 γελῴτο’
3105 5016 3334 5076 ἁλλόἷα
3392 5022 3556 5091 μηδέν
3584 5037 3638 5073 τι

2061 5126 2231 5178 κακὸν
2269 5122 2566 5194 δεδρακὼς,
2595 5121 2951 5190 περιήρχετο,
2982 5115 3112 5168 ἔνθα
3142 5117 3237 5168 καὶ
3271 5114 3481 5184 πρώην,
3518 5112 3641 5180 φιλ-

2061 5217 2348 5270 ενδεικτῶν
2402 5214 2462 5268 τὸ
2515 5213 2736 5284 θράσος,
2780 5213 2872 5264 καὶ
2925 5208 3379 5276 ἐπιδεικνύμενος
3441 5205 3501 5258 τὸ
3567 5205 3643 5275 μὴ

2062 5311 2352 5374 αἰδεῖσθαι,
2391 5311 2484 5362 καὶ
2529 5308 2673 5361 οὕτω
2713 5304 3037 5375 βιαζόμενος
3059 5303 3119 5355 τὸ
3155 5301 3324 5371 μηδέν
3347 5316 3398 5351 τι
3437 5297 3645 5366 φαῦλον

2054 5404 2093 5472 ἢ
2134 5404 2376 5468 ποιῆσαι,
2413 5400 2446 5469 ἥ
2483 5399 2692 5450 παθεῖν.
2732 5397 2821 5458 Ὠς
2853 5396 2910 5448 δέ
2954 5392 3296 5462 περιεωρᾶτο
3333 5389 3466 5459 πρὸς
3501 5389 3645 5441 πάν-

2063 5514 2195 5561 των,
2236 5493 2330 5548 καὶ
2368 5492 2461 5546 τοῦ
2518 5490 2694 5558 γάμου
2751 5506 2812 5541 τε
2841 5487 2939 5542 τοῦ
2975 5485 3184 5556 ὑψηλοῦ
3214 5479 3284 5554 ἦν
3331 5482 3641 5544 ἐκπτωτος,

2065 5590 2158 5642 καὶ
2185 5587 2306 5640 οὐδέ
2343 5602 2464 5638 τινα
2497 5578 2640 5652 εἶχεν
2680 5581 2851 5652 ἄλλην
2896 5579 3185 5638 ἀνάϐασιν.
3221 5575 3340 5631 ἀλλ’
3373 5576 3430 5627 ἐν
3462 5575 3641 5637 κενοῖς

2063 5680 2164 5740 τὰς
2193 5676 2496 5748 βασιλείους
2526 5674 2697 5742 θύρας
2723 5672 2989 5743 ἐξέτριδε,
3014 5671 3277 5738 λαγχάνει
3312 5667 3440 5720 ποτέ
3468 5683 3643 5736 προηο

2067 5772 2308 5841 κάμενος
2341 5769 2490 5836 ἔπος,
2531 5767 2706 5831 ἄλλως
2749 5767 2847 5838 μὲν
2881 5763 3174 5836 σφαλερὶν,
3211 5761 3390 5833 ἐτυτῷ
3422 5759 3476 5814 δὲ
3511 5764 3644 5820 ἀνα-
