4036 6224
377 256 450 317 45
1139 253 1261 316 .DE
1298 254 1868 317 THESSALONICA
1910 255 2121 319 URBE
2172 258 2214 315 A
2259 257 2572 320 LATINIS
2605 260 2861 322 CAPTA.
3566 263 3637 327 46

376 371 668 437 στάσιμον.
722 368 811 432 Ὠς
851 368 959 440 γὰρ
1012 371 1039 423 ὁ
1073 373 1458 444 Μαυροζὼμης
1507 375 1806 444 Θεόδωρος,
1843 378 1919 430 δὲ

2025 418 2030 434 ,
2062 377 2222 430 vitam
2259 379 2526 432 restituit.
2557 379 2658 434 Ubi
2697 378 2840 432 enim
2877 375 3251 431 Maurozomes
3286 375 3632 443 Theodorus.

372 461 816 530 Πελοποννήσου,
845 462 1132 531 ἄνθρωπος
1167 465 1550 534 πολυμεμφὴς,
1578 469 1661 532 ἐφ’
1692 462 1772 529 οἷς
1811 468 1950 537 ὑπὲρ

373 552 578 604 sese»;
637 552 793 620 ἔδρα,
838 553 976 622 μετᾶ
1017 553 1249 606 θάνατον
1308 555 1403 608 τοῦ
1470 555 1950 628 Ἀγιοθεοδωρίτου

375 647 623 715 Μιχαὴλ,
677 647 775 701 τοῦ
825 649 884 700 ἐν
941 646 1324 719 ὖπογραφεῦσι
1361 651 1656 720 βασιλικοῖς
1692 651 1948 722 μεγάλου,

374 735 608 803 ἔγγιστα
638 737 716 806 τῷ
751 737 966 807 βασιλεῖ
1010 739 1250 806 γεγονὼς
1300 742 1725 811 ὑπερεφαίνετο,
1767 744 1814 795 οἱ
1852 742 1950 811 μὲν

373 827 533 880 ἄλλοι
589 829 1006 898 ὲχεφρονοῦντες
1070 829 1315 897 ἔπεττον,
1377 833 1433 884 εἴ
1457 833 1508 884 τί
1539 850 1641 885 που
1672 832 1828 902 χόλου
1857 833 1948 886 καὶ

375 913 552 987 εἶχον,
582 920 664 988 ἐφ’
691 916 768 981 οἷς
805 921 880 989 μὴ
905 920 1193 974 ἀνέϐαινον
1217 938 1230 951 '
1269 925 1296 975 ό
1325 922 1380 974 δὲ
1416 923 1520 992 προ
1549 924 1648 990 τῆς
1675 923 1946 992 βασιλείου

376 1011 590 1080 σκηνῆς
613 1012 937 1080 καθήμενος,
964 1012 1253 1082 ἐξεϐόησεν
1277 1015 1356 1076 είς
1381 1015 1588 1068 πολλῶν
1613 1016 1780 1074 ἀκοὰς
1803 1016 1946 1086 λόγῳ

374 1102 742 1171 σχετλιασμοῦ
773 1103 936 1156 ἄδικα
969 1105 1222 1173 πάσχειν,
1262 1107 1422 1176 εἴπερ
1467 1107 1494 1158 ό
1525 1106 1673 1160 δεῖνα
1724 1107 1822 1177 μὲν
1852 1111 1946 1163 καὶ

364 1193 393 1243 ό
421 1193 590 1256 δεῖνα,
634 1195 732 1245 οὐκ
788 1195 867 1255 εἰς
910 1194 1166 1249 τοσοῦτον
1225 1198 1386 1250 κακοὶ
1431 1199 1773 1269 πεφηνότι-ῖς,
1827 1197 1946 1254 εἶτα

363 1284 654 1352 eeo-amt,
688 1285 852 1348 αὖτὶς
880 1287 935 1338 δὲ
988 1287 1435 1358 φανλεπίφαυλος
1473 1289 1569 1351 ὣν,
1622 1293 1736 1358 καὶ,
1764 1292 1836 1354 ὡς
1877 1293 1944 1346 ἄν

359 1392 448 1434 τις
488 1376 940 1442 κωμικευόμενος
995 1377 1164 1441 εἴποι,
1221 1381 1436 1449 μιαρὸς,
1475 1382 1568 1434 καὶ
1595 1384 1938 1452 παμμίαρος,

360 1467 460 1517 καὶ
511 1467 882 1535 μιαρώτατος,
939 1469 1034 1520 καὶ
1067 1468 1224 1531 ἄνθος
1275 1471 1494 1534 κακίας,
1537 1473 1632 1525 καὶ
1675 1475 1938 1544 πονηρίας

356 1557 624 1618 ἄϐυσσο’,
665 1559 760 1610 καὶ
793 1553 905 1620 οἶος
927 1559 1233 1625 διορᾶσθαι,
1261 1562 1360 1614 ὅσα
1404 1564 1495 1614 καὶ
1519 1563 1747 1632 δαίμων,
1781 1565 1929 1631 ἀφίει

2055 481 2118 520 ex
2179 465 2603 538 Peloponneso,
2651 469 2814 523 homo
2879 467 3024 521 omni
3089 466 3492 537 vituperatione
3550 469 3638 523 di-

2054 574 2212 629 gnus,
2241 562 2420 615 omnis
2511 561 2800 630 pravitatis
2866 567 3145 623 sectator,
3205 570 3422 612 mortuo
3473 561 3636 631 Agin-

2053 648 2361 702 tltendoritu
2444 647 2743 708 Michaele.
2799 648 2945 702 inter
2995 645 3210 702 scribas
3280 647 3629 715 imperatoris

2053 739 2272 811 insigni,
2333 741 2423 811 qui
2484 741 2758 796 secundus
2785 741 2852 794 ab
2886 743 3219 810 imperatore
3251 748 3395 798 erat.
3440 737 3627 792 caeteri

2051 833 2434 900 prudentiores
2480 833 2546 886 ad
2612 831 2767 885 illutn
2825 829 3242 899 confugiebant,
3297 828 3340 883 si
3390 828 3629 897 aliquam

2050 921 2353 975 molestiam
2387 922 2766 991 experirentur
2795 921 2940 990 quod
2997 935 3105 974 non
3151 927 3631 989 promOverentur.

2048 1011 2143 1066 Ille
2181 1028 2312 1067 vero
2355 1025 2485 1067 ante
2535 1013 2886 1082 imperatoris
2945 1009 3362 1065 tabernaculum
3409 1009 3629 1074 sedens,

2049 1105 2100 1159 in
2147 1105 2394 1160 omnium
2447 1119 2608 1159 aures
2652 1120 2784 1160 voce
2845 1103 3188 1158 lamentabili
3244 1101 3518 1157 clamabat
3571 1116 3633 1156 se

2046 1195 2236 1266 iniqua
2275 1196 2409 1265 pati,
2445 1213 2566 1250 cum
2603 1197 2689 1251 hic
2711 1203 2765 1251 et
2789 1194 3014 1266 hir,qui
3047 1209 3152 1248 non
3179 1194 3232 1248 in
3276 1203 3485 1248 tantum
3525 1192 3632 1246 cri-

2045 1285 2252 1338 minum
2298 1285 2674 1355 profecerant,
2710 1295 3154 1356 promoveantur,
3202 1283 3318 1353 ipse
3353 1297 3502 1344 vero.
3534 1281 3628 1350 qui

2043 1384 2127 1428 est
2159 1376 2454 1444 pessimus.
2483 1386 2670 1445 atque,
2706 1387 2766 1430 ut
2796 1377 2932 1446 stylo
2959 1377 3173 1429 comico
3199 1375 3431 1433 dixeris.
3461 1373 3628 1426 vitio-

2044 1466 2312 1528 sus,omni
2335 1465 2462 1520 vitio
2488 1467 2720 1521 vitiosus
2737 1483 2801 1520 ac
2818 1465 3228 1524 vitiosissimus.
3250 1460 3629 1534 perversitatis

2044 1558 2163 1622 llos,
2186 1559 2464 1627 pravitatis
2484 1560 2735 1628 abyssus,
2766 1559 2989 1613 scientia
3013 1555 3136 1609 mali
3157 1572 3258 1611 nec
3317 1571 3345 1608 a
3381 1557 3628 1610 daemone

357 1665 445 1700 ται
473 1647 579 1717 ζῇν
603 1649 753 1716 dxi},
780 1651 871 1700 καί
893 1650 991 1702 οὒκ
1015 1652 1094 1713 εἰς
1125 1652 1288 1719 μέσον
1312 1653 1645 1720 παράγεται,
1674 1655 1739 1706 τὰ
1759 1657 1919 1709 οἰκεῖα

2041 1647 2238 1710 vietus,
2271 1650 2362 1717 qui
2418 1651 2604 1704 vivere
2641 1651 2940 1710 sineretur,
2971 1656 3136 1716 atque
3181 1649 3234 1701 in
3278 1647 3499 1717 publico
3520 1659 3626 1700 non

361 1738 786 1806 ἐπιδειξόμενος,
817 1741 908 1791 καὶ
939 1741 1151 1809 ἀρέσων
1186 1743 1265 1805 είς
1298 1743 1708 1799 πλουτοποιίαν.
1728 1747 1932 1814 Ἐπῆγε

355 1829 408 1880 δὲ
437 1830 623 1898 ἐαυτῷ
650 1832 744 1883 καὶ
770 1831 929 1900 ὅρκον
959 1832 1234 1900 μέγιστον,
1269 1834 1342 1904 μὴ
1367 1835 1432 1887 ἂν
1464 1837 1795 1906 εὑρήσεσθαι
1842 1839 1933 1890 τὶν

349 1921 446 1972 ἐπὶ
477 1923 650 1992 κακὲᾳ
686 1921 816 1975 ἴσον.
872 1924 1016 1992 Ἔφη
1047 1923 1223 1976 ταῦτα
1281 1925 1678 1995 στηλογραφῶν
1717 1929 1929 1994 ἑαυτὸν,

349 2013 449 2064 καὶ
469 2013 939 2081 περιαυτολογῶν,
969 2012 1043 2076 ὡς
1082 2013 1231 2083 αὖτῷ
1265 2015 1494 2084 ἔπρεπε,
1529 2016 1620 2068 καὶ
1643 2017 1734 2070 ἐπὶ
1766 2019 1931 2070 πᾶσιν

346 2103 644 2168 ἔστέναξεν
674 2103 746 2166 ὡς
777 2103 1160 2173 βαρυπενθῶν,
1197 2109 1292 2159 xxi.
1333 2107 1652 2179 ὲξεπυρώθη
1703 2110 1842 2179 χόλῳ
1870 2109 1933 2164 τδ

347 2196 671 2262 πρόσωπον.
702 2195 813 2248 Καὶ
837 2195 886 2246 οἱ
923 2195 1021 2264 μὲν
1045 2195 1196 2250 ἄλλοι
1231 2199 1616 2269 ἐταράχθησαν
1659 2201 1796 2269 πρὸς
1841 2201 1930 2254 τὸν

346 2285 536 2354 λόγον,
587 2286 682 2340 καὶ
733 2286 1102 2356 ἐκαραδόκουν
1154 2289 1320 2351 κακὰ,
1361 2287 1829 2360 λογιζόμενοι,’ὠς
1867 2291 1927 2345 οὐ

356 2379 524 2447 μόνον
553 2378 708 2441 αὐτὸς
736 2378 888 2431 δεινὰ
920 2379 1172 2432 πείσεται
1228 2380 1447 2446 αὐτίκα,
1480 2383 1576 2451 τῆς
1615 2382 1746 2451 βοῆς
1779 2385 1928 2447 ὲντδς

353 2469 736 2538 ἀκουσθείσης,
785 2472 884 2522 καὶ
929 2471 1010 2534 είς
1034 2471 1190 2540 ὕϐριν
1213 2473 1290 2542 τῷ
1322 2472 1535 2543 βασιλεῖ
1555 2474 1922 2544 λογισθείσης,

343 2561 490 2615 ἀλλὰ
513 2564 604 2613 καὶ
628 2562 783 2614 αὐτοὶ
811 2563 950 2632 πρδς
977 2563 1236 2632 μέμψεως
1267 2564 1502 2627 ἔσονται,
1532 2565 1614 2618 ὅτι
1654 2567 1726 2635 μὴ
1756 2566 1926 2636 θυμὸν

343 2653 497 2706 κατὰ
533 2653 781 2706 τοιούτου
809 2653 1000 2724 ἀνδρὸς
1028 2655 1312 2708 ἀνέλαϐον.
1375 2657 1482 2710 Καὶ
1513 2657 1664 2709 αὐτοὶ
1703 2657 1801 2727 μὲν
1831 2658 1923 2710 οὗ·

340 2762 478 2809 τως.
506 2747 617 2798 Τοῦ
642 2747 698 2798 δὲ
730 2746 854 2799 καθ’
880 2747 1029 2815 ἡμᾶς
1057 2747 1174 2816 βίου
1204 2747 1267 2799 τὸ
1295 2745 1471 2818 χρεὼν
1493 2746 1572 2811 οἷς
1605 2750 1924 2819 ἡμὰρτομτν

335 2836 468 2890 τότε
504 2839 603 2906 μὲν
628 2837 806 2890 ἀθῶον
834 2839 1011 2906 ἀφῆκε
1046 2840 1229 2907 μεῖναι
1265 2839 1358 2891 τὸν
1387 2839 1554 2910 ἄνδρα
1576 2881 1590 2905 ,
1633 2841 1772 2908 μέγα
1829 2841 1922 2893 καὶ

337 2928 510 2983 τοῦτο
545 2929 742 2982 δοκοῦν
795 2923 955 2982 εἶναι.
1009 2931 1086 2982 Οὐ
1129 2930 1338 3001 μακρὸς
1373 2931 1432 2984 δὲ
1469 2933 1647 3002 διέσχε
1707 2933 1920 3002 χρόνος.

2042 1746 2349 1806 appareret,
2397 1753 2520 1791 cum
2572 1741 2793 1809 proprio
2848 1748 3110 1807 apparatu
3179 1748 3232 1792 et
3311 1736 3628 1791 divitiarum

2036 1827 2344 1897 jactatione.
2376 1829 2693 1884 Jttramento
2739 1832 2963 1896 insuper
3017 1841 3210 1898 sponte
3258 1828 3624 1889 confirmavit,

2041 1933 2145 1971 non
2201 1919 2463 1987 aequalem
2529 1919 2633 1973 sibi
2659 1920 2861 1973 malitia
2899 1934 3137 1989 unquam
3181 1916 3410 1972 inveniri
3445 1931 3543 1985 pos
3573 1931 3626 1970 e.

2040 2009 2165 2062 "me
2193 2010 2410 2064 dicebat
2437 2011 2714 2064 infamiam
2757 2011 2863 2066 sibi
2895 2011 3120 2066 inurens
3159 2025 3222 2065 ac
3248 2009 3542 2064 detrahens
3566 2019 3624 2064 nt

2039 2101 2214 2171 ipsum
2248 2101 2500 2163 decebat.
2551 2102 2619 2156 de
2665 2104 2920 2158 omnibus
2970 2104 3219 2174 gemebat
3271 2113 3331 2155 ut
3385 2117 3620 2155 maerore

2035 2197 2318 2250 confectus
2347 2235 2360 2259 ,
2380 2194 2758 2266 indignatione
2792 2206 2973 2249 autem
3031 2194 3392 2249 erubescebat
3419 2196 3621 2246 vultus.

2037 2285 2151 2338 Hoc
2209 2300 2338 2339 vero
2391 2301 2641 2341 sermone
2679 2287 2856 2340 caeteri
2894 2287 3208 2341 conturbati
3268 2293 3416 2351 sunt,
3461 2285 3624 2342 anxie

2035 2377 2173 2430 mala
2205 2388 2586 2447 exspectantes
2617 2395 2680 2434 ac
2709 2380 2952 2436 dicentes
2978 2396 3086 2434 non
3111 2380 3285 2433 solum
3332 2363 3472 2431 mala
3495 2383 3617 2431 eum

2034 2469 2217 2522 statim
2248 2485 2637 2539 perpessurum
2665 2487 2812 2538 esse,
2856 2473 3062 2526 auditis
3109 2473 3258 2525 intus
3291 2470 3376 2525 bis
3418 2469 3622 2524 clamo-

2033 2561 2186 2616 ribus
2211 2571 2375 2630 atque
2416 2563 2465 2614 in
2496 2566 2852 2632 opprobrium
2893 2565 3242 2634 imperatoris
3296 2563 3496 2627 versis,
3522 2560 3615 2616 sed

2031 2655 2191 2708 etiam
2212 2655 2354 2724 ipsus
2372 2655 2575 2724 pariter
2597 2671 2718 2710 esse
2741 2657 3153 2725 vituperandos,
3181 2655 3326 2725 quod
3372 2671 3480 2708 non
3509 2655 3620 2707 ira-

2031 2755 2256 2800 scantur
2281 2747 2658 2816 hujuscemodi
2714 2747 2941 2803 homini.
2990 2747 3080 2801 Sic
3123 2748 3222 2805 illi.
3255 2747 3462 2801 Nostrae
3496 2751 3617 2800 vita:

2033 2847 2229 2893 auctor
2257 2838 2328 2893 ob
2358 2850 2579 2909 peccata
2613 2847 2801 2894 nostra
2856 2840 3186 2908 impunitum
3240 2839 3400 2892 talem
3439 2840 3613 2892 vit'utn

2029 2929 2254 2983 dimittit
2295 2939 2353 2984 et
2388 2939 2686 2995 servatum,
2711 2929 2854 2999 quod
2886 2929 3061 2997 ipsum
3102 2945 3355 2999 magnum
3379 2929 3612 2982 videtur.

336 3021 444 3073 atat
472 3021 684 3091 ἤρξατο
720 3019 1102 3092 παρυψοῦσθαι
1190 2991 1480 3091 ἄνθρωπος
1499 3039 1512 3054 ⁸
1552 2991 1645 3076 κᾶι
1675 2991 1919 3095 κῖίροξπέέ

2028 3021 2146 3075 Non
2199 3023 2368 3076 multo
2419 3034 2568 3090 post.
2627 3023 2712 3076 vir
2764 3031 2951 3075 noster
3003 3020 3316 3090 promoveri
3371 3018 3610 3088 incepit;

339 3113 546 3165 ἑαυτὸν
608 3113 1024 3184 πονηρότατον,
1080 3110 1319 3184 εὕρηκεν
1378 3116 1471 3168 ἐπὶ
1525 3117 1692 3188 πείρᾳ
1755 3119 1924 3188 γέρας

334 3205 556 3271 ὅμοιον,
586 3205 718 3257 ὡσεὶ
743 3205 838 3257 καὶ
859 3206 1034 3269 δεινός
1056 3223 1141 3268 τις
1173 3205 1430 3259 κλέπτειν
1470 3204 1607 3261 εἶναι
1637 3209 1923 3283 ἀνακηρύ-

342 3295 474 3360 ξας,
505 3297 871 3369 προσληφθείη
904 3299 1090 3353 ποθέν.
1119 3302 1227 3352 Καὶ
1251 3301 1464 3354 ἐκεῖθεν
1491 3302 1796 3373 ἀρξὶμενος
1822 3305 1918 3358 τοῦ

345 3389 499 3441 κατὰ
530 3386 640 3456 βίον
663 3387 854 3458 ὕψους,
877 3389 1090 3457 γίνεται
1120 3393 1212 3444 ἐπὶ
1243 3391 1337 3444 τοῦ
1367 3394 1622 3462 στρατοῦ,
1654 3397 1744 3446 καὶ
1763 3398 1920 3466 εὑρε-

338 3478 464 3541 Θεὲς
494 3479 584 3532 ἐπὶ
610 3480 706 3533 τοῦ
753 3481 1096 3551 Ἀνδρονίκου
1121 3481 1384 3548 τοιοῦτος,
1413 3483 1914 3554 προσλαμϐάνεται.

335 3570 453 3623 Καὶ
480 3572 514 3640 ἡ
547 3571 672 3624 καθ’
719 3573 876 3642 ἡμῶν
905 3575 1248 3644 πτερωθεϊσα
1300 3576 1556 3646 συμφορὰ
1584 3578 1724 3647 αἴρει
1756 3579 1917 3631 αὐτὸν

332 3662 433 3711 ἐπὶ
461 3661 627 3714 πλέον
655 3663 818 3732 ὑψοῦ,
846 3665 943 3717 καὶ
981 3668 1061 3728 είς
1110 3666 1291 3736 ψυχὴν
1329 3668 1547 3737 ὲντήκει
1584 3669 1780 3738 φιλὲως
1836 3671 1915 3740 τῷ

346 3751 698 3822 Ἀνδρονίκῳ,
730 3754 816 3808 ἵνα
856 3757 1036 3824 πάγχυ
1091 3758 1260 3818 κακὸς
1290 3761 1460 3813 κακδν
1489 3761 1766 3831 ήγηλάζη,
1821 3765 1914 3816 καὶ

331 3847 416 3916 μὴ
437 3847 511 3900 τὰ
543 3848 686 3901 καλὰ
720 3851 834 3913 τοῖς
882 3853 1075 3913 κακοῖς
1113 3851 1492 3923 συμφύρηται,
1528 3855 1620 3907 καὶ
1668 3857 1696 3908 ό
1726 3857 1912 3925 ὅμοιος

327 3940 413 4000 είς
467 3938 562 3991 τδν
615 3940 804 4009 ὅμοιον
829 3941 1052 4008 ἄγηται.
1096 3943 1206 3996 Καὶ
1263 3943 1406 3997 οὕτω
1447 3949 1911 4016 φρονηματισθεὶς

329 4031 417 4089 εις
448 4029 632 4096 πλέον,
655 4032 752 4083 καὶ
778 4033 879 4084 οὐκ
908 4034 1304 4102 ἀνασχόμενος,
1328 4037 1376 4088 εί
1405 4037 1594 4108 καιρὸν
1616 4039 1741 4108 ἄρτι
1762 4041 1912 4106 ἔξευ-

329 4120 450 4190 ρὼν
484 4122 544 4174 οὐ
584 4122 937 4190 πτερύξεται,
995 4126 1138 4179 καθά
1185 4143 1238 4178 τι
1288 4126 1562 4196 δαιμόνιον
1594 4128 1906 4197 πρόσωπον,

326 4211 591 4280 πειρᾶται
635 4211 968 4278 ὑπερπαίειν
994 4213 1159 4276 αὐτὸς
1199 4217 1278 4277 είς
1305 4217 1367 4269 τὸ
1401 4217 1572 4270 κακὸν
1605 4217 1811 4280 πάντας
1846 4235 1906 4271 τε

325 4301 458 4362 τοὺς
485 4302 561 4365 ὡς
593 4303 795 4374 ἐρρέθη
826 4304 921 4357 τοῦ
949 4304 1127 4374 δήμου
1161 4307 1530 4377 προάγοντας.
1592 4311 1686 4365 καὶ
1715 4310 1778 4380 δὴ
1810 4314 1906 4365 καὶ

2023 3128 2261 3184 cumque
2299 3113 2680 3168 denuntiasset
2737 3127 2796 3168 se
2851 3127 2974 3168 esse
3039 3114 3362 3182 pessimum,
3393 3111 3448 3164 in
3489 3119 3608 3164 ten-

2025 3214 2265 3261 tamento
2311 3205 2512 3275 reperit
2563 3205 2794 3261 similem
2839 3204 3147 3260 mercedem
3191 3246 3206 3270 ,
3253 3202 3610 3274 qnetnadnzoo
3705 3281 3708 3284 γ

2022 3299 2148 3354 dum
2191 3314 2311 3351 cum
2353 3298 2550 3368 aliquis
2577 3313 2634 3352 se
2676 3300 2908 3367 peritum
2940 3297 3154 3352 furandi
3197 3297 3603 3359 denuntiasset,

2020 3392 2220 3446 alicubi
2255 3391 2754 3460 comprehenditur.
2802 3391 3096 3462 Postquam
3140 3391 3220 3444 sic
3265 3378 3332 3443 ad
3373 3389 3610 3442 honores

2018 3485 2324 3553 promoveri
2359 3483 2677 3552 incepisset,
2705 3483 2969 3537 exercitui
3005 3483 3328 3552 prteficitur,
3363 3481 3604 3550 talisque

2017 3575 2269 3630 inventus
2320 3575 2388 3627 ab
2453 3574 2788 3638 Andronico,
2854 3584 3202 3644 aggregatur.
3261 3572 3450 3626 Fatum
3504 3585 3606 3624 no-

2016 3677 2194 3722 strum
2233 3666 2512 3720 velocibus
2549 3665 2652 3719 alis
2691 3666 2744 3718 in
2777 3665 3042 3734 majorem
3071 3664 3418 3719 altitudinem
3449 3663 3602 3717 illum

2018 3759 2250 3822 extollit,
2296 3768 2349 3812 et
2393 3773 2490 3828 pro
2525 3759 2703 3812 amico
2733 3773 2857 3814 sese
2912 3759 3154 3812 insinuat
3211 3757 3263 3810 in
3301 3755 3600 3809 Andronici

2016 3849 2277 3913 animam,
2315 3850 2384 3903 ita
2433 3859 2490 3904 ut
2522 3850 2696 3905 malus
2736 3851 2938 3903 malum
2987 3851 3210 3903 omnino
3256 3857 3441 3916 posset
3474 3862 3602 3914 age-

2012 3958 2096 4005 re.
2125 3959 2302 4012 neque
2327 3943 2468 3997 bona
2492 3958 2612 3996 emn
2649 3944 2808 3996 malis
2834 3944 3220 4005 miscerentur,
3247 3956 3387 4010 eque
3406 3948 3597 3994 contra

2013 4032 2193 4087 simile
2238 4032 2406 4088 simili
2437 4033 2784 4102 jungeretur.
2838 4033 2895 4085 ln
2931 4033 3030 4086 hac
3067 4031 3360 4085 altitudine
3393 4029 3599 4098 majore

2010 4125 2188 4180 adlme
2226 4123 2641 4194 cupidissimus,
2675 4139 2775 4178 nec
2825 4133 3134 4188 contentus,
3171 4123 3216 4177 si
3253 4123 3594 4177 occasionem

2009 4227 2201 4273 nactus
2231 4233 2334 4272 non
2363 4216 3196 4288 advolaverit,quemadmodum
3221 4215 3411 4284 genius
3431 4215 3598 4269 infer-

2011 4309 2171 4371 nalis.
2197 4309 2316 4378 ipse
2351 4311 2617 4381 pravitate
2650 4327 2840 4367 omnes
2868 4311 3216 4380 supradictas
3241 4309 3427 4380 populi
3457 4323 3596 4377 prm-

324 4393 545 4446 ἑαυτόν.
581 4395 692 4446 Καὶ
725 4394 1145 4465 συλλαϐόμενος,
1175 4398 1288 4451 ὅσοι
1311 4399 1412 4468 τῆς
1450 4399 1623 4469 καλῆς
1661 4403 1900 4474 συγκλήο

2025 4401 2154 4457 iides
2204 4403 2418 4458 vincere
2449 4415 2698 4466 conatur,
2745 4405 3022 4472 etiamque
3075 4403 3340 4473 seipsnm.
3377 4402 3459 4456 Ab
3500 4401 3606 4454 illo‘

318 4501 425 4536 του
457 4483 653 4552 βουλῆς
681 4487 1172 4555 παραπτυσθέντες
1199 4489 1612 4561 ὲξεϐράσθησαν
1661 4495 1782 4546 κατ’
1805 4496 1905 4549 αὐ-

317 4575 448 4637 τὸν,
482 4572 722 4642 κύμασιν
756 4577 1129 4648 ἐλαυνόμενοι,
1161 4580 1198 4634 ἃ
1231 4579 1452 4652 πνεῦμα
1485 4585 1724 4656 πονηρὸν
1754 4585 1904 4657 ἤγει-

319 4681 425 4733 ρεν
449 4659 556 4734 (ἦν
581 4666 687 4736 γὰρ
709 4667 805 4720 καί
833 4685 919 4733 τις
950 4669 1416 4742 δαιμονοφόρητος
1443 4673 1610 4746 λέσχη
1658 4676 1900 4749 σύγκληο

315 4773 435 4819 τος,
479 4756 560 4820 ὡς
619 4759 996 4828 προέκκειται,
1032 4763 1250 4830 εὐφυῶς
1291 4765 1490 4835 ἔχουσα
1520 4768 1642 4820 κατ’
1692 4770 1900 4827 ἐκεῖνον

318 4846 700 4919 ἁλλοφρονεῖν)
733 4853 794 4903 οὐ
837 4851 943 4921 μὴν
979 4853 1036 4905 δὲ
1067 4854 1202 4906 ἀλλὰ.
1227 4858 1319 4908 καὶ
1350 4857 1450 4920 τὰς
1477 4858 1689 4926 φαύλας
1722 4879 1897 4931 κεφα-

318 4939 418 5000 λὰξ
442 4938 537 4992 τοῦ
574 4939 774 5010 δήμου,
813 4943 948 5011 πρὸς
976 4944 1032 4997 δὲ
1053 4946 1150 4998 καὶ
1170 4948 1261 4998 τὸν
1287 4947 1591 5016 τηνικαῦτα
1625 4969 1896 5025 πατριαρ-

315 5031 537 5099 χοῦντα,
566 5034 660 5085 τὸν
688 5034 1024 5104 Καματηρδν
1045 5035 1346 5101 Βασίλειον,
1371 5039 1541 5109 ἄνδρα
1565 5041 1770 5112 θερμὸν
1800 5047 1893 5097 καὶ

314 5115 428 5174 οἷον
460 5122 780 5190 καθομιλεῖν
809 5125 934 5186 τοὺς
961 5124 1208 5194 καιροὺς,
1239 5125 1316 5188 ὡς
1351 5126 1412 5178 τὸ
1437 5127 1570 5199 παρ’
1596 5130 1746 5198 αὐτῷ
1773 5131 1894 5200 βου-

317 5210 542 5280 λόμενον
565 5211 782 5282 ἔκρινεν
817 5213 911 5283 (ὃς
940 5214 1035 5266 τοῦ
1071 5215 1310 5284 μεγάλου
1341 5217 1646 5285 Θεοδοσίου,
1679 5222 1778 5291 τῆς
1805 5223 1892 5292 φί-

316 5301 418 5370 λης
469 5303 900 5373 καθαρειότητος
935 5308 1264 5374 γενομένου,
1311 5309 1690 5380 ἀντεισῆκται,
1753 5313 1815 5366 ὄν
1860 5317 1890 5370 ὁ

328 5393 666 5463 ’Δνδρότκος
694 5395 878 5466 ήθελε,
929 5399 1024 5452 καὶ
1065 5399 1388 5471 ἀνακάμψαι
1436 5403 1538 5473 τὴν
1571 5406 1794 5476 φράσιν,
1829 5407 1887 5470 ὃς

309 5486 402 5539 τὸν
467 5487 808 5555 Ἀνδρόνικον
863 5489 1088 5561 ἤθελενο
1127 5491 1186 5544 ἓν
1217 5495 1378 5563 μένος
1428 5489 1574 5550 οὗτοι
1609 5499 1880 5566 πνέοντες,

310 5579 408 5631 καὶ
437 5573 551 5632 οἷον
580 5580 650 5633 δι’
699 5581 948 5651 ἀλλήλων
975 5583 1207 5654 ἥκοντες
1260 5587 1399 5642 κατά
1451 5605 1572 5643 τινα
1627 5589 1882 5661 σύντηξιν

314 5671 500 5742 ᾗοους,
534 5670 630 5723 καὶ
683 5673 1060 5741 ταυτιζόμτνοι
1105 5677 1226 5740 ταῖς
1261 5669 1337 5731 ὧν
1366 5677 1634 5750 ἔπραττον
1664 5681 1879 5753 αἱρέσε-

2015 4495 2395 4561 compreitensi
2425 4511 2614 4550 omnes
2666 4495 2759 4564 qui
2812 4495 2867 4549 in
2920 4497 3024 4549 hoc
3059 4496 3288 4564 pulchro
3317 4501 3590 4548 conventu

2015 4581 2276 4638 ﬂuctibus
2311 4586 2603 4653 compulsi,
2643 4585 2910 4640 adversus
2967 4587 3145 4655 ipsmu
3199 4585 3588 4644 ell‘erbuerant.

2010 4685 2134 4740 qua:
2165 4674 2391 4743 spiritus
2421 4674 2594 4728 malus
2620 4674 2925 4744 inspirabat
2954 4675 3065 4744 (hic
3095 4675 3240 4730 enim
3283 4683 3589 4728 conventus

2005 4772 2122 4818 erat
2165 4767 2320 4834 quasi
2369 4781 2398 4819 a
2433 4766 2706 4820 da-ntonio
2740 4782 3051 4836 possessus,
3079 4766 3223 4822 sicut
3271 4768 3585 4836 expositum

2005 4867 2087 4911 est
2141 4858 2431 4926 superius,
2489 4858 2724 4914 feliciter
2788 4874 3094 4928 propensus
3146 4860 3212 4914 ad
3264 4858 3582 4914 certandum

2005 4948 2266 5004 adversus
2313 4950 2514 5018 illum),
2556 4951 2648 5004 alii
2677 4967 2801 5006 vero
2824 4952 2986 5005 etiam
3014 4951 3266 5006 homines
3297 4952 3583 5006 seditiosos

2006 5041 2215 5110 populi.
2254 5048 2518 5110 praeterea
2561 5043 2656 5112 qui
2690 5053 2819 5097 tunc
2867 5044 3088 5114 gerebat
3123 5043 3574 5112 patriarchatum,

2000 5132 2344 5188 Camaterum
2370 5133 2652 5202 Basiliutn,
2677 5137 2854 5192 virum
2879 5137 3208 5200 studiosum,
3239 5139 3576 5207 quiqueeum

1999 5239 2060 5280 se
2088 5225 2242 5280 daret
2265 5230 2485 5284 occasio
2517 5231 2755 5301 colloqui
2789 5239 3004 5300 poterat
3031 5231 3190 5301 juxta
3221 5231 3368 5301 quod
3410 5229 3478 5282 ab
3511 5243 3576 5281 eo

1997 5320 2318 5388 exigebatur
2385 5322 2496 5392 (qui
2547 5339 2745 5395 magno
2786 5324 3124 5390 Theodosio,
3161 5325 3212 5380 in
3255 5332 3441 5379 sancta
3495 5323 3576 5375 in-

1995 5410 2252 5481 tegritate
2303 5413 2521 5480 relicto,
2588 5427 2956 5483 successerat,
2998 5432 3162 5488 quem
3222 5414 3569 5469 Andronicus

1992 5504 2204 5560 volebat
2260 5515 2335 5569 et.
2401 5515 2460 5561 ut
2513 5509 2832 5565 emendetur
2888 5511 3128 5580 phrasis,
3210 5506 3301 5576 qui
3351 5507 3569 5560 Volebat

1987 5597 2643 5664 Andronicum;fortitcr
2677 5603 3020 5673 navigantes,
3056 5609 3114 5652 ut
3170 5598 3272 5651 sibi
3321 5599 3559 5652 invicem

1994 5689 2305 5748 consimiles
2343 5691 2503 5763 juxta
2535 5691 2952 5764 dispositionem
2990 5704 3202 5746 morum
3228 5702 3393 5762 utque
3418 5705 3557 5771 con-
