4012 6226
346 239 415 298 47
751 201 761 216 ’
1021 233 1454 333 ἘυξοΤΛΤῐΙίί
1485 234 1934 295 TllESSA'LON

2050 237 2245 295 ENSIS
2285 233 2842 296 METROPOLITZE
3521 226 3591 293 48

349 354 649 412 sentientes
677 353 1008 410 unanimiter
1043 355 1094 406 in
1139 353 1224 407 his
1255 370 1374 423 qua:
1406 355 1760 423 peragebant)
1793 372 1806 417 ;
1842 355 1913 408 ita

2059 371 2131 407 ιν·
2156 358 2197 421 )·
2253 353 2396 407 οὕτω
2428 354 2490 424 δὴ
2523 349 2616 406 οὖν
2649 348 3028 422 προσειληφὼς
3083 348 3178 402 καὶ
3209 347 3398 402 τοῦτον
3421 351 3450 403 δ
3485 351 3595 403 τῶν

345 463 477 503 vero
505 447 604 502 is'c
635 447 922 516 adjunctus
940 461 1156 514 quoque
1180 447 1306 501 hinc
1337 463 1624 516 pravorum
1651 459 1810 502 acuto
1842 449 1919 500 lo—

348 540 580 613 guthetm
609 538 923 608 (damnatus
971 537 1116 592 enim
1167 539 1234 592 ad
1270 539 1528 594 mulctam
1588 540 1761 596 fuerat
1812 543 1918 594 An-

347 637 543 702 gustus
569 626 772 688 vocari,
811 642 918 681 non
951 628 1130 695 rcipsa
1181 627 1498 696 bujnsmodi
1533 628 1598 683 ad
1639 630 1920 698 negotium

349 725 530 792 aptus)
580 723 848 776 accedunt
886 738 1008 775 cum
1060 737 1124 774 eo
1184 722 1248 776 ad
1280 723 1683 787 Andronicum,
1723 735 1922 796 tyran-

345 817 532 869 nidem
583 814 972 877 celebrantes,
1044 815 1194 868 illum
1254 815 1520 869 terribilia
1577 830 1769 882 parare
1817 829 1922 868 una

351 909 668 960 dictitantes
707 905 760 962 in
790 907 1008 959 modum
1038 906 1574 971 communicationis,
1602 907 1646 960 si
1675 922 1796 961 cum
1832 905 1925 959 Dei

351 999 558 1052 auxilio
591 1000 682 1068 qui
737 999 837 1068 ipsi
873 999 1216 1053 confidentes
1270 1000 1540 1069 perierint
1599 998 1924 1070 neglexerit,

355 1106 462 1142 non
513 1089 692 1144 solum
738 1091 1032 1142 maximam
1078 1089 1220 1143 hanc
1261 1090 1569 1154 civit-atem,
1597 1088 1693 1144 sed
1732 1103 1928 1144 omnes

354 1182 607 1250 regiones
638 1197 776 1252 quas
804 1183 984 1246 habet,
1013 1183 1127 1238 sive
1155 1182 1219 1235 ad
1250 1182 1544 1246 orientem,
1569 1181 1683 1236 sive
1732 1181 1800 1236 ad
1831 1195 1927 1234 oc-

342 1274 651 1340 cidentem,
679 1288 979 1342 omnesque
1017 1283 1271 1329 caeteras.
1333 1273 1566 1329 Parvum
1620 1283 1800 1329 autem
1845 1288 1930 1327 rc-

355 1382 478 1439 gcm
511 1367 917 1422 venerabantur
950 1366 1022 1421 ob
1081 1367 1253 1420 bonas
1302 1373 1513 1420 natura:
1544 1366 1721 1420 dotes.
1773 1365 1930 1431 Quod

357 1476 485 1516 vero
502 1458 567 1514 ad
597 1474 837 1528 prmscns
869 1458 1004 1513 nihil
1035 1458 1185 1512 illum
1223 1473 1346 1512 esse
1379 1467 1626 1512 sanctum
1653 1459 1930 1521 dicebant,

356 1550 777 1620 orphannmque
830 1548 1246 1617 despiciebant;
1291 1550 1359 1603 ad
1419 1549 1583 1617 pedes
1632 1549 1752 1618 ejus
1808 1566 1936 1618 pro-

357 1640 682 1698 stct'nebant
701 1654 762 1694 se
782 1639 1017 1694 maxime
1044 1639 1454 1698 adulationibus
1474 1640 1840 1712 indulgentes,
1865 1643 1930 1698 ad

363 1731 684 1786 fidelitatem
722 1745 880 1784 suam
923 1730 1243 1798 imperatori
1297 1730 1701 1786 testiﬁcandam
1765 1742 1931 1804 atque

365 1823 430 1878 ad
466 1822 706 1877 habenas
738 1820 960 1890 imperii
1008 1821 1175 1876 simul
1210 1836 1336 1878 cum
1379 1823 1473 1881 illo
1522 1824 1812 1892 tenendas,
1867 1840 1936 1880 nc

362 1929 474 1970 non
544 1915 699 1984 juxta
761 1913 1004 1968 fabulam
1073 1913 1296 1983 juvenis
1357 1914 1759 1985 Phaethontis,
1841 1917 1934 1987 qui

365 2021 490 2062 cum
517 2004 728 2062 inscius
779 2021 947 2062 curru
1001 2012 1229 2076 paterno
1287 2006 1364 2061 uti
1407 2007 1694 2074 voluerat,
1749 2011 1936 2065 omnia

365 2097 568 2156 misere
596 2096 916 2168 perdiderit.
968 2095 1104 2153 Cum
1137 2114 1268 2157 vero
1306 2113 1335 2153 a
1368 2099 1599 2170 pedibus
1629 2100 1935 2157 Andronici

365 2188 656 2246 rediissem
714 2190 907 2256 erecti,
949 2205 1145 2245 manus
1185 2192 1482 2255 extendere
1534 2204 1822 2264 coeperunt
1870 2191 1938 2247 ad

369 2277 575 2348 Deum,
634 2290 690 2341 et
751 2282 940 2338 eadem
990 2291 1346 2352 rogaverunt.
1381 2283 1477 2337 Ille
1530 2298 1661 2340 vero
1707 2284 1791 2340 his
1827 2283 1938 2355 jam

367 2371 761 2439 visisercctis,
828 2372 962 2441 quid
1021 2372 1171 2427 intus
1218 2382 1521 2444 pateretur,
1561 2377 1944 2443 quamquem-

367 2461 683 2518 credihilter
732 2463 1018 2533 gauderet,
1041 2463 1165 2534 quis
1197 2479 1306 2518 non
1329 2466 1751 2534 suspicaretur?
1780 2466 1944 2522 Foris

368 2560 548 2607 autem
586 2554 725 2610 alias
771 2552 989 2608 fucabat
1051 2555 1323 2625 seipsum,
1375 2555 1788 2627 videbaturque
1841 2572 1945 2613 nec

367 2642 550 2698 valere
576 2658 676 2698 nec
711 2658 871 2713 posse
905 2645 1089 2715 vivere
1107 2645 1152 2700 si
1175 2647 1305 2701 talia
1342 2648 1581 2713 audiret,
1612 2648 1773 2718 quasi
1808 2649 1947 2703 utfi-

272 2770 274 2772 τ
369 2733 585 2789 duciam
608 2734 922 2792 destrueret
950 2737 1276 2794 laborasset.
1295 2738 1432 2804 Quis
1454 2751 1574 2793 sum
1599 2755 1720 2808 ego,
1741 2741 1944 2806 aiebat,

2022 445 2239 514 φαύλων
2269 444 2556 514 ῥινηλάτης
2582 443 2868 512 λογοθέτης
2897 441 3089 513 (τοῦτό
3116 459 3173 494 τε
3205 442 3314 509 γάρ
3335 442 3596 513 ἐτιμήθη,

2023 538 2116 590 καὶ
2142 537 2201 590 τὸ
2238 536 2499 598 σεδαστὸς
2532 535 2817 605 κληθῆναι,
2849 535 2910 587 ού
2931 535 2994 603 δή
3007 552 3105 586 που
3133 534 3227 586 καὶ
3257 533 3331 585 ῶν
3353 537 3597 597 τοιοῦτος

2025 627 2156 697 πρὸς
2202 628 2502 694 πρᾶγμα),
2559 626 2752 696 ἥκουσι
2789 625 2935 694 παρᾶ
2981 624 3072 677 τὸν
3107 624 3469 693 Ἀνδρόνικον,
3500 626 3601 693 τὴν

2025 719 2311 789 τυραννίδα
2342 717 2836 788 χοροεατήσαντες,
2868 716 3017 770 δεινὰ
3050 719 3222 768 ποιεῖν
3278 717 3485 768 ἐκεῖνον
3515 716 3603 767 λοι-

2025 809 2370 880 γοποιοῦντες
2403 812 2552 878 κοινῇ
2590 809 2665 872 ὡς
2707 810 2763 861 ὲν
2798 808 3170 877 ὲπικλήματος
3204 807 3371 876 λόγῳ,
3404 809 3452 859 εἰ
3475 809 3602 870 τοὺς

2027 901 2175 971 αύτῷ
2223 901 2606 964 πιστευθέντας
2655 902 2803 969 παρὰ
2863 900 2999 952 Θεοῦ
3055 900 3375 968 περιόψεται
3415 899 3606 967 ύλομέ-

2028 1010 2152 1058 νους
2170 1010 2184 1025 ⁸
2215 997 2312 1047 καὶ
2331 995 2391 1047 ού
2426 997 2588 1064 μόνον
2621 994 2776 1046 πόλιν
2808 992 3014 1062 ταύτην
3042 992 3330 1062 μεγίστην,
3353 991 3491 1045 ἀλλὰ
3515 993 3607 1043 καὶ

2027 1085 2169 1141 ὅσων
2211 1086 2396 1156 μερῶν
2425 1085 2560 1154 αύτὴ
2591 1084 2773 1154 ἔχεται
2828 1084 2966 1154 πρός
3021 1101 3079 1136 τε
3111 1083 3263 1154 ἥλιον
3293 1083 3607 1153 ἀνίσχοντα,

2031 1185 2123 1238 καὶ
2153 1184 2286 1255 πρὸς
2307 1183 2536 1252 δυσμὰς,
2571 1184 2664 1235 καὶ
2689 1183 2787 1235 ὅσα
2824 1181 3008 1236 λοιπά.
3054 1180 3162 1232 Kal
3179 1177 3476 1247 ὲσὲμνυνον
3508 1179 3611 1249 μὲν

2030 1276 2122 1329 τὸν
2152 1276 2346 1346 μικρὸν
2400 1275 2624 1345 βασιλέα
2664 1275 2806 1329 κατά
2857 1289 2919 1342 γε
2953 1273 3013 1325 τὸ
3043 1271 3205 1340 φύσει
3230 1270 3395 1324 καλὸν
3417 1284 3431 1300 ο
3472 1274 3610 1342 πρ>ις

2030 1367 2088 1420 δέ
2114 1384 2175 1435 γε
2205 1367 2269 1420 τὸ
2301 1368 2470 1438 παρὸν
2495 1367 2647 1421 οὐδὲν
2687 1366 2832 1437 ἱερὸν
2859 1365 3021 1419 αὑτὸν
3045 1366 3286 1433 ἔφασκον
3312 1359 3472 1431 εἶναι,
3514 1364 3614 1418 καὶ

2032 1458 2438 1528 ἀπεδοκίμαζον
2495 1458 2830 1527 μονούμενον
2859 1475 2874 1490 ·
2934 1458 3025 1512 καὶ
3088 1457 3431 1527 προέπιπτον
3458 1459 3616 1527 αὐτῷ

2032 1549 2145 1602 τῶν
2170 1549 2346 1602 ποδῶν
2376 1551 2425 1602 oi
2455 1551 2556 1619 τὴν
2591 1549 2878 1602 κολακείαν
2911 1551 3287 1620 περιττότερτι
3322 1549 3616 1618 πεισθῆναι

2042 1637 2122 1702 είς
2153 1637 2455 1708 βασιλείαν,
2515 1635 2612 1690 καὶ
2662 1636 2770 1690 τῶν
2815 1637 2985 1705 αὐτῆς
3031 1637 3196 1706 ἠνίων
3227 1635 3618 1705 συνεπιδράξα-

2043 1728 2188 1790 σθαι,
2221 1727 2297 1798 μὴ
2336 1731 2430 1782 καὶ
2462 1729 2601 1782 κατὰ
2653 1727 2822 1798 μῦθον
2870 1729 2899 1781 ὁ
2927 1729 3146 1791 νεανίας
3189 1723 3346 1792 οὗτος
3371 1729 3616 1792 Φαέθων,

2034 1820 2275 1890 ἀτέχνως
2301 1820 2368 1893 τὸ
2393 1821 2546 1891 ἅρμα
2583 1821 2684 1888 τῆς
2715 1820 2892 1891 ἀρχῆς
2915 1819 3315 1892 χειριζόμενος,
3347 1820 3532 1882 κακῶς
3552 1821 3618 1872 τὸ

2036 1910 2145 1962 πᾶν
2190 1909 2529 1979 διαϐήσεται.
2587 1911 2720 1964 Ὅτε
2753 1911 2939 1964 δὲκαὶ
2985 1911 3096 1964 τῶν
3127 1910 3305 1964 ποδῶν
3367 1912 3620 1966 ἀπαλλα-

2036 2004 2184 2070 γεῖεν
2207 2001 2302 2055 τοῦ
2348 2002 2687 2072 Ἀνδρονίκου
2729 2001 3076 2074 ὀρθούμενοι,
3129 2004 3184 2056 al
3214 2004 3395 2074 χεῖρες
3431 2006 3618 2066 αὐτοῖς

2037 2094 2114 2154 ὡς
2137 2093 2216 2155 είς
2246 2092 2379 2146 Θεὸν
2426 2093 2762 2148 άνετείνοντο
2784 2109 2799 2124 ’
2854 2094 2949 2146 καὶ
3003 2093 3358 2148 ὲθεοκλύτουν
3383 2097 3476 2152 ἐπὶ
3503 2099 3619 2160 τοῖς

2039 2185 2248 2247 αὐτοῖς.
2295 2186 2356 2236 '0
2389 2184 2447 2236 δὲ
2477 2184 2913 2254 κατορθούμενον
2941 2185 3042 2257 ἤδη
3070 2186 3283 2257 βλέπων
3311 2189 3372 2239 τὸ
3401 2189 3617 2257 ἐφετὸν.

2041 2279 2190 2333 ἔνδον
2215 2278 2315 2348 μὲν
2341 2273 2428 2332 οἷα
2453 2278 2693 2351 ἔπασχεν
2721 2279 2810 2341 ἂν,
2859 2282 2952 2335 καὶ
2978 2283 3053 2347 ὡς
3089 2282 3308 2352 ἔχαιρεν
3333 2283 3621 2355 ἀμύθητα,

2041 2370 2124 2432 τίς
2150 2371 2250 2424 οὐκ
2279 2370 2346 2425 ἂν
2369 2372 2708 2440 τεκμήραιτο
2729 2389 2744 2437 ;
2768 2373 2834 2424 τὰ
2866 2372 3051 2441 μέντοι
3073 2374 3231 2438 ἐκτὸς
3252 2375 3426 2440 ἄλλως
3449 2376 3620 2447 ἔχρω-

2044 2459 2134 2524 ζεν
2165 2460 2380 2524 ἑαυτὸν,
2431 2459 2526 2514 καὶ
2549 2460 2726 2513 ἐδόκει
2760 2461 2836 2532 μὴ
2878 2461 2944 2515 ἂν
2997 2464 3188 2534 φέρειν
3231 2465 3367 2535 μηδὲ
3397 2465 3520 2536 ζῇν,
3569 2469 3621 2520 ει

2043 2550 2274 2605 τοιαῦτα
2309 2550 2522 2617 ἀκούοι,
2567 2551 2661 2605 καὶ
2699 2553 2776 2614 ὡς
2809 2554 2890 2616 είς
2938 2553 3200 2608 ἀπιστίαν
3255 2557 3619 2626 γυμνάζοιτο.

2047 2645 2154 2698 Kal
2180 2644 2264 2708 τίς
2295 2644 2428 2714 ἐγὼ,
2473 2646 2654 2714 ἔλεγε,
2685 2649 2781 2702 καὶ
2814 2648 2932 2712 πῶς
2990 2650 3056 2703 ἂν
3087 2650 3393 2721 δυναίμην;
3425 2654 3519 2706 καὶ
3547 2653 3626 2717 ὡς

2049 2737 2373 2808 φευξοῦμαι,
2427 2739 2522 2794 καὶ
2553 2739 2630 2802 ὡς
2677 2743 3002 2812 μεταστήσω
3037 2743 3132 2796 τοῦ
3166 2743 3315 2813 βιοῦν
3361 2747 3624 2815 ἐμαυτὸν.

370 2836 428 2881 et
451 2827 727 2895 quomodo
767 2827 879 2898 jam
929 2831 1191 2900 possem?
1219 2834 1495 2900 quomodo
1555 2831 1780 2901 fugiam,
1809 2847 1946 2901 quo-

2050 2831 2096 2882 εἰ
2127 2831 2200 2900 μὴ
2229 2831 2484 2900 ἁφίεμαι.
2517 2833 2628 2886 Καὶ
2653 2832 2956 2903 ὲρῤάπιζεν
2983 2835 3199 2901 ἑαυτὸν,
3229 2839 3324 2892 καὶ
3347 2842 3469 2902 ταῖς
3508 2840 3628 2910 θρι-

374 2920 534 2975 modo
557 2921 780 2974 mutabo
811 2922 1024 2975 vivendi
1047 2923 1314 2976 rationem
1340 2923 1441 2978 nisi
1463 2923 1946 2994 rewsseroﬂunc

2051 2923 2132 2987 ξὶν
2158 2924 2435 2994 ὲνύόριζε,
2486 2927 2580 2979 καὶ
2613 2925 2887 2996 πολλαχοῦ
2925 2928 3144 2996 είλεϊτο,
3177 2931 3351 2986 δοκῶν
3385 2933 3484 3003 μὲν
3509 2933 3627 2987 ἐθέ-

373 3027 494 3068 sese
560 3013 940 3082 percutiebat,
980 3014 1238 3072 saeviebat
1283 3015 1338 3070 in
1393 3016 1599 3080 crines.
1631 3032 1696 3073 ac
1747 3017 1946 3088 ubique

2052 3013 2165 3067 λειν
2213 3015 2484 3069 διέκδυσιν
2511 3016 2586 3080 ὡς
2617 3019 2696 3082 είς
2723 3017 2926 3090 φυγὴν,
2967 3018 3142 3084 διδοὺς
3179 3021 3234 3074 δὲ
3261 3022 3434 3084 ἄλλως
3465 3024 3627 3077 τόπον

374 3103 699 3169 secedehat,
744 3106 898 3160 visus
947 3105 1152 3176 eligere
1203 3117 1415 3162 secreta
1474 3108 1591 3163 loca
1657 3123 1757 3178 pro
1801 3107 1946 3179 fuga,

2051 3108 2196 3177 χαρᾷ
2229 3109 2321 3160 καὶ
2343 3108 2540 3175 γέλωτι
2569 3107 2873 3178 λεληθότως
2919 3111 2978 3163 ὲν
3011 3110 3090 3179 τῷ
3115 3113 3370 3183 στρέφειν
3398 3107 3498 3167 ὦδε
3531 3117 3627 3167 καὶ

287 3222 292 3226 -
375 3210 436 3249 se
467 3195 688 3250 tradens
727 3195 865 3251 alias
899 3197 1040 3251 clam
1073 3197 1277 3254 laetitiae
1302 3206 1356 3254 et
1397 3199 1706 3266 cachinnis,
1737 3206 1946 3254 mutata

2052 3198 2170 3251 ἐκεῖ
2193 3198 2254 3252 τὸ
2291 3199 2610 3268 πρόσωπον,
2649 3200 2829 3265 ὁποῖος
2866 3202 3095 3267 ἐκεῖνος,
3125 3204 3187 3258 τὸ
3231 3207 3626 3278 περιπόνηρον.

375 3286 518 3344 facie
575 3287 666 3344 hic
713 3298 767 3344 et
809 3288 940 3356 illic,
981 3289 1160 3359 qualis
1214 3290 1328 3354 ille,
1374 3292 1636 3362 pessima.

445 3379 536 3435 40.
568 3379 704 3436 Cum
741 3396 868 3438 vero
895 3382 1239 3439 commodius
1263 3383 1558 3438 tentorium
1585 3385 1748 3456 ﬁgere
1782 3397 1952 3438 cona-

381 3479 467 3528 tus
502 3472 720 3538 fuisset,
764 3473 1138 3544 itafdispusuit
1166 3475 1299 3530 illud
1328 3484 1388 3530 ut
1427 3491 1592 3545 supra
1625 3476 1806 3532 cubile
1835 3484 1952 3531 stac

382 3573 487 3631 ret,
521 3574 582 3623 ut
622 3566 762 3622 forte
795 3567 878 3622 sic
911 3568 1098 3623 multis
1127 3582 1446 3638 persuasum
1484 3568 1636 3624 fieret
1681 3568 1858 3637 ipsum
1896 3567 1950 3622 in

383 3667 730 3716 antecessum
767 3660 1124 3718 constituisse
1173 3663 1364 3718 horam
1401 3669 1524 3732 post
1551 3675 1714 3731 quam
1741 3661 1954 3732 fugeret

385 3752 710 3822 turbamque
737 3770 850 3809 non
875 3753 1160 3820 excitaret,
1209 3755 1523 3811 adulatores
1556 3757 1791 3826 ineptias
1825 3771 1954 3812 suas

383 3846 803 3910 concinnantes,
835 3855 915 3902 tot
941 3847 1099 3902 multi
1127 3857 1185 3902 ut
1207 3864 1314 3904 non
1339 3848 1564 3914 fuerint,
1600 3863 1766 3907 voces
1800 3856 1958 3905 extu-

383 3936 583 4005 lerant,
637 3941 918 4000 custodias
989 3943 1384 3998 ordiuaverant
1424 3942 1956 4013 observationcsque

383 4030 597 4090 viarum
642 4047 764 4104 quae
827 4033 953 4086 illuc
996 4031 1276 4088 ducebant
1306 4035 1779 4106 exquirebantque
1827 4035 1959 4103 quid

383 4129 712 4176 eventurum
772 4132 941 4178 esset.
971 4121 1128 4176 Tunc
1173 4124 1488 4192 patriarcha
1523 4125 1646 4180 illos
1679 4125 1958 4180 extricans

388 4211 552 4266 modo
591 4227 702 4280 quo
748 4228 847 4268 nos
902 4213 1084 4270 audito
1121 4213 1341 4269 risimus
1403 4229 1660 4285 nuncque
1728 4217 1962 4271 maxime

385 4303 654 4370 ridemus,
710 4301 854 4359 inter
918 4317 1020 4358 nos
1083 4312 1396 4374 repetentes
1455 4302 1562 4358 hoc
1623 4302 1958 4358 scurrilius:

2125 3379 2199 3451 μ’.
2234 3382 2323 3444 Ὧς
2349 3380 2406 3434 δὲ
2431 3380 2527 3451 τὴν
2559 3380 2764 3452 σκηνὴν
2784 3380 2984 3448 ταύτην
3019 3381 3401 3450 συμπήξεσθαι
3431 3399 3627 3451 τεχνα-

2057 3474 2292 3542 σάμενος
2339 3471 2767 3544 ἀσφαλέστερον,
2810 3476 3248 3544 προσεποιήσατο
3277 3473 3626 3544 πλασάμενος

2054 3566 2272 3620 καὶτοῦ
2317 3565 2568 3635 ὑπερῴου
2613 3565 2889 3634 γενέσθαι,
2936 3567 2989 3619 εἰ
3025 3582 3141 3628 πως
3183 3563 3327 3619 οὕτω
3358 3566 3624 3634 φαντάσει

2054 3659 2182 3720 τοὺς
2225 3657 2494 3721 πολλοὺς.
2547 3657 2624 3721 ὡς
2689 3659 3062 3730 ὑπερθέμενος
3121 3657 3218 3729 τὴν
3276 3659 3630 3729 ἐνεστηκυῖαν

2057 3751 2228 3822 ὥραν,
2261 3751 2542 3819 φευξεῖται
2575 3750 2694 3820 μετ’
2723 3751 2915 3819 αὐτὴν,
2948 3752 3044 3806 καὶ
3066 3749 3512 3821 ἀπαλλαγήσεται
3536 3752 3634 3804 τοῦ

2057 3843 2500 3913 ὀχλοκοπεῖσθαι,
2540 3844 2589 3896 οἱ
2629 3843 2860 3908 κόλακες
2892 3843 3264 3914 ἐντεινόμενα
3319 3845 3417 3914 τὴν
3460 3844 3638 3914 ἁρμο-

2059 3933 2179 3988 νίαν
2212 3934 2308 3988 τοῦ
2360 3935 2551 4004 λήρου,
2594 3936 2676 3998 είς
2704 3936 2830 3988 ὅσον
2873 3934 3035 3988 πλέον
3088 3935 3189 3989 οὐκ
3240 3931 3329 4005 ἦν,
3364 3935 3552 4004 φωνάς
3579 3953 3641 3988 τε

2059 4021 2227 4096 ἦραν,
2260 4029 2354 4081 καὶ
2404 4027 2652 4097 φυλακὰς
2694 4027 2998 4083 ὲπέταττον.
3021 4029 3118 4079 καὶ
3144 4028 3506 4097 συντηρήσεις
3532 4028 3644 4081 τῶν

2061 4118 2176 4172 ἐκεῖ
2219 4119 2491 4185 διεξόδων,
2535 4119 2631 4173 καὶ
2675 4118 3054 4188 διηποροῦντο,
3093 4119 3146 4173 τί
3176 4119 3244 4173 ἂν
3271 4121 3366 4173 καὶ
3405 4122 3640 4186 γένοιτο.

2063 4210 2172 4264 Καὶ
2209 4211 2237 4263 ὁ
2271 4212 2615 4282 πατριάρχης
2651 4212 3012 4282 ὲπιλυόμενος
3063 4211 3254 4276 αὐτοῖς
3301 4214 3364 4266 τὸ
3409 4213 3640 4284 ἄπορον,

2063 4301 2140 4366 ὡς
2169 4303 2332 4373 ἡμεῖς
2371 4306 2466 4358 καὶ
2502 4307 2624 4357 τότε
2660 4305 3026 4375 μανθάνοντες
3067 4305 3366 4375 ιγελῶμεν,
3403 4307 3496 4360 καὶ
3543 4308 3642 4359 νῦν

395 4393 615 4460 ιιυιιε,
669 4394 806 4461 lude
853 4393 922 4450 de
973 4371 1486 4461 malisieventibus,
1518 4413 1536 4446 ι
1602 4393 1693 4449 ille
1741 4393 1946 4449 dicebat

2069 4398 2127 4451 δὲ
2314 4398 2584 4467 γελῶμεν,
2631 4371 3012 4468 παρενδοῦντες
3041 4371 3270 4461 ἕκαστος
3318 4398 3496 4467 ἑαυτῷ
3525 4415 3642 4452 κω·

389 4485 708 4556 compedes,
758 4486 1002 4541 manicas
1049 4486 1384 4557 collariaque
1427 4485 1711 4542 Comneno
1753 4476 1957 4554 parari,

390 4577 594 4650 quibus
639 4578 989 4634 retineretur.
1027 4576 1150 4634 llaec
1201 4577 1293 4633 ille
1334 4577 1576 4646 quidem.
1613 4576 1764 4634 Multi
1815 4578 1961 4649 aspi-

391 4671 608 4726 riebant
655 4673 722 4725 ad
783 4671 1155 4726 inventionem
1207 4670 1499 4738 cujusdam
1537 4670 1672 4725 tenei
1724 4673 1959 4741 operis:

393 4761 536 4830 Quid
569 4763 700 4818 fient
729 4763 881 4818 ista?
921 4765 1158 4818 aiebant.
1198 4761 1290 4819 lllc
1327 4777 1457 4820 vero
1488 4762 1705 4832 oblique
1746 4771 1964 4820 vertens

395 4861 769 4923 trgumcntum
807 4855 1002 4923 capitis
1030 4854 1392 4924 dextramque
1413 4855 1465 4908 in
1486 4853 1651 4908 altum
1675 4854 1891 4920 erigens
1910 4855 1963 4908 in

396 4945 613 5017 signum
661 4947 866 5012 crucis,
898 4948 1143 5010 vincula,
1174 4947 1525 5020 alligantibus
1557 4947 1962 5017 applaudebat;

395 5048 511 5096 tum
564 5037 752 5093 habitu
792 5040 1308 5112 archipresbyterali
1348 5038 1728 5096 Andronicum
1763 5040 1967 5094 retine-

397 5135 520 5199 bat,
573 5134 753 5189 locum
799 5131 1237 5204 designans,ubi
1292 5143 1600 5190 manentem
1645 5134 1965 5197 invenerat;

396 5229 798 5298 insistebatque
855 5240 923 5281 ne
973 5227 1312 5295 relinqueret
1357 5226 1640 5279 civitatem
1689 5239 1858 5295 seque
1900 5223 1969 5278 ad

399 5321 562 5374 aliam
612 5326 978 5375 converteret.
1031 5315 1131 5373 llic
1171 5332 1300 5372 vero
1345 5317 1559 5372 scilicet
1611 5318 1819 5372 invitus
1872 5331 1967 5386 pa-

403 5410 572 5474 tiens,
603 5411 866 5466 adversus
898 5409 1267 5484 patriarcham
1299 5409 1602 5473 exclamat,
1618 5424 1685 5463 eo
1717 5408 1860 5476 quod
1893 5408 1973 5464 sic

403 5499 583 5569 ipsum
635 5503 702 5558 ad
758 5503 940 5574 fugam
989 5510 1239 5571 paratum
1294 5499 1623 5569 alligaverit.
1678 5499 1830 5554 llen!
1881 5501 1968 5553 in-

404 5594 546 5664 quit,
580 5593 711 5662 quid
741 5597 880 5666 agis,
921 5593 1190 5665 despota?
1216 5595 1294 5648 Ac
1333 5601 1624 5662 postquam
1679 5593 1782 5648 hoc
1819 5608 1964 5662 saepe

407 5684 737 5756 tepetiisset,
773 5686 973 5743 desiuit
1006 5689 1113 5744 alta
1173 5701 1304 5745 voce
1349 5685 1639 5742 lamentari
1699 5686 1858 5756 quasi
1907 5685 1974 5742 ob

2071 4490 2506 4562 tttxu'nepovsd'
2543 4508 2565 4543 ί
2601 4491 2772 4553 Παῖζε
2800 4530 2816 4555 ,
2866 4490 3020 4554 παῖζ’
3077 4491 3171 4544 ἐπὶ
3233 4494 3570 4561 συμφοραῖς,
3617 4511 3637 4544 ο

2068 4583 2231 4646 αὐτὸς
2290 4581 2394 4652 ἔφη
2451 4584 2548 4636 καὶ
2595 4581 2906 4649 ποδοκάκην
2934 4621 2950 4645 ,
3002 4580 3097 4638 καὶ
3151 4582 3496 4651 χειροπέδας,
3548 4587 3642 4635 καὶ

2070 4671 2250 4728 κλοιὸν
2275 4670 2720 4742 περιτραχήλιον,
2744 4670 2840 4723 καὶ
2870 4672 2973 4724 ὅσα
3001 4671 3182 4724 τοιάδε
3214 4672 3642 4740 μηχανήσασθαι

2070 4766 2145 4836 τῷ
2179 4765 2468 4836 Κομνηνῴ,
2505 4765 2573 4817 δι’
2629 4758 2704 4820 ὧν
2756 4764 3043 4833 κατέχοιτο
3083 4764 3168 4817 ἄν.
3221 4761 3388 4816 Εἶπεν
3435 4765 3645 4827 ἐκεῖνος

2070 4859 2263 4912 ταῦτα.
2303 4859 2414 4913 Kal
2441 4859 2490 4911 οί
2527 4858 2711 4910 πολλοὶ
2741 4858 3011 4927 ἀφεώρων,
3038 4856 3174 4923 πρὸς
3221 4856 3476 4910 ἐπίνοιάν.
3501 4875 3645 4919 τινος

2074 4949 2449 5020 χαλκεύματος
2469 4964 2482 4979 ·
2505 4950 2619 5015 καὶ,
2660 4948 2785 5011 Πῶς
2833 4947 2987 5001 ἔσται
3015 4945 3190 5001 ταῦτα
3216 4965 3230 5012 ;
3261 4948 3472 5016 ελεγον.
3509 4949 3570 5000 '0
3600 4949 3647 4999 δ’

2073 5041 2234 5106 εὐθὺς
2267 5041 2578 5109 πλαγιάσας
2625 5041 2685 5094 τὸ
2734 5040 2836 5105 τῆς
2875 5039 3147 5108 ⁸κεφαλῆς
3183 5040 3452 5108 κάλυμμα
3479 5077 3494 5099 ,
3550 5040 3647 5090 καὶ

2074 5135 2172 5204 τὴν
2194 5134 2372 5200 δεξιὰν
2400 5133 2686 5194 εὐθετίσας
2718 5132 2798 5192 εἰς
2825 5132 3011 5199 ἀέριον
3037 5131 3330 5200 σταυρικὸν
3355 5131 3645 5199 χάραγμα,

2076 5229 2404 5297 κατακροτεῖ
2427 5227 2660 5294 δεσμοὺς
2679 5223 2810 5285 τοὺς
2844 5225 3172 5293 ἁρέσανταςο
3202 5223 3298 5276 καὶ
3324 5222 3651 5290 ἀμφισιλὼν

2080 5321 2409 5392 ἱεραρχικῶς
2447 5320 2635 5388 ἐπέχει
2673 5316 2763 5370 τὸν
2817 5317 3185 5385 ’Δνδρόνικον,
3236 5315 3330 5367 καὶ
3373 5314 3646 5383 ἀφορίζει,

2078 5414 2202 5466 ὅποι
2231 5405 2358 5480 εὗρε
2390 5411 2644 5480 μένοντα·
2678 5409 2773 5462 καὶ
2799 5410 3181 5478 κατασκήπτει
3229 5406 3304 5477 μὴ
3339 5408 3406 5460 ἂν
3433 5407 3651 5473 ἀφεῖναι

2080 5505 2180 5572 τὴν
2221 5504 2399 5568 πόλιν,
2426 5501 2521 5554 καὶ
2549 5501 2719 5571 ἄλλην
2757 5502 3058 5572 τραπῆναι.
3100 5500 3161 5554 ’0
3187 5501 3243 5552 δὲ
3267 5501 3342 5561 ὡς
3375 5497 3654 5566 ἀϐούλητα

2081 5596 2240 5664 δῆθεν
2304 5592 2518 5657 παθὼν,
2579 5592 2917 5648 καταὸοᾶται
2974 5591 3070 5644 τοῦ
3131 5590 3507 5660 πατριάρχουῆ
3565 5581 3653 5638 οἷα

2083 5685 2226 5740 οὓτω
2248 5684 2654 5755 καταδήσαντος
2676 5683 2768 5736 τὸν
2797 5683 3016 5752 τρέχειν
3042 5681 3283 5750 ἕτοιμονο
3321 5680 3434 5744 καὶ,
3464 5679 3651 5747 Ὤμοι,
