4036 6224
341 388 414 449 μ
1114 385 1211 445 DE
1241 386 1807 448 TIIESSALONICA
1857 391 2062 452 URBE
2104 395 2144 452 Α
2190 388 2497 458 LATINIS
2535 399 2786 462 CAP'I‘:L
3406 416 3409 421 '
3521 406 3590 469 59

343 498 504 566 cpt-pl,
545 496 596 548 τί
629 494 1128 561 ποιεῖς,δέσποτα;
1179 498 1288 550 Καὶ
1348 500 1516 569 συχνά
1567 499 1725 554 τοῦτο
1773 501 1926 567 λογο-

2032 505 2230 559 malnm
2284 524 2561 578 magnum.
2603 509 2739 565 Tum
2791 512 3103 582 patriarcha
3154 515 3315 570 verba
3364 519 3602 588 probata

347 591 633 657 κοπήςας,
665 586 877 638 ἄνεισιν
921 585 1058 653 ὑψοῦ
1108 585 1404 653 στενάζων,
1447 587 1522 651 ὡς
1572 591 1666 642 ἐπὶ
1700 591 1924 662 μεγάλῳ

282 681 292 705 ‘
348 679 530 746 κακῷ.
573 677 684 730 Καὶ
735 677 762 729 ό
813 675 1164 747 πατριάρχης
1216 677 1466 733 ὑπειπὼν
1517 680 1586 735 τὰ
1635 681 1922 748 δοκοῦντα,

347 775 382 842 ἡ
396 771 616 838 σύχαζε.

431 892 543 954 μα’.
583 886 690 938 Καὶ
727 883 822 936 τοῦ
881 884 1074 939 λοιποῦ
1109 885 1221 950 (ἵνα
1256 885 1333 957 μὴ
1382 887 1482 960 τὴν
1517 891 1790 962 κοσμικὴν
1821 893 1925 962 άη-

353 980 483 1032 δίαν
505 975 795 1046 ἀδολεσχῶ)
836 976 1048 1044 γίνεται
1095 977 1205 1030 τῶν
1251 981 1438 1034 κακῶν
1482 982 1683 1052 δρόμος
1723 988 1802 1047 εἰς
1834 986 1925 1037 τόν

355 1069 636 1137 περίδοξον
664 1067 790 1120 ναὸν
845 1067 946 1120 τοῦ
997 1067 1249 1138 Σωτῆρος
1293 1071 1553 1140 Χριστοῦ,
1590 1073 1681 1126 τοῦ
1720 1075 1927 1129 Χαλκί-

346 1161 473 1223 τοῦ,
509 1161 603 1213 καὶ
633 1159 881 1229 εὐφημία
908 1159 1002 1212 τοῦ
1041 1161 1385 1230 Ἀνδρονίκου
1415 1165 1638 1228 ἄκοντος
1694 1167 1776 1230 είς
1829 1166 1925 1236 βαι

351 1252 534 1317 σιλέα,
557 1252 631 1314 ὼς
658 1249 724 1305 ἂν
752 1253 849 1304 καὶ⁸
876 1252 1030 1304 αὐτοὶ
1055 1251 1149 1303 καὶ
1178 1253 1384 1316 ἐκεῖνος
1418 1256 1646 1308 εἴποιεν
1679 1252 1796 1310 εἶτα
1831 1257 1925 1311 καὶ

353 1346 451 1416 βία
473 1346 558 1407 είς
580 1345 808 1406 ἐκεῖνον,
830 1342 907 1406 ὡς
931 1344 1040 1395 Καὶ
1064 1344 1138 1413 μὴ
1157 1343 1357 1398 ἐθέλων
1386 1347 1628 1416 ἀρχηγὸς
1646 1349 1806 1418 ἡμῶν
1833 1367 1926 1418 γε·

345 1437 466 1492 νοῦ·
492 1435 590 1490 καὶ
605 1435 888 1505 περίθεσις
920 1436 1268 1506 παρασήμων
1289 1439 1355 1508 τῇ
1389 1438 1638 1511 βασιλείᾳ
1667 1441 1921 1505 πεδίλων,

347 1530 570 1582 ἐκείνου
604 1527 680 1598 μὴ
729 1527 1096 1591 καθιστῶντος
1125 1528 1252 1592 τοὺς
1306 1529 1493 1595 πόδας,
1521 1532 1616 1585 καὶ
1641 1531 1923 1602 περίδυσις

343 1620 687 1689 διαδήματος
713 1633 728 1648 ο
765 1619 859 1670 καὶ
891 1617 1040 1686 putt;
1092 1619 1190 1686 μὲν
1251 1621 1523 1672 καπνικοῦ
1567 1619 1924 1692 καλύμματος

2029 594 2266 662 dicente,
2292 598 2583 654 conticuit.

2099 868 2188 922 Al.
2238 869 2503 925 Caterum
2565 875 2678 942 (ne
2731 890 2852 929 cum
2923 876 3087 932 taedio
3147 881 3413 951 omnium.
3468 897 3598 953 garb

2027 961 2188 1028 riam)
2233 963 2500 1018 malorum
2551 981 2853 1023 concursus
2899 967 2958 1022 iit
3009 971 3063 1024 in
3117 971 3583 1041 gloriosissimum

2027 1055 2284 1122 templum
2326 1057 2631 1114 Salvatoris
2676 1061 2904 1124 Christi,
2935 1062 3222 1128 Clialcitis,
3243 1067 3465 1137 jamque
3501 1083 3596 1137 pa-

2026 1145 2131 1199 lam
2165 1145 2504 1204 Andronicus
2558 1149 2840 1220 imperium
2892 1167 3126 1210 renuere
3191 1155 3466 1210 ferebatur
3501 1172 3599 1211 an-

2027 1238 2176 1306 cipiti
2215 1237 2389 1304 fama;
2424 1237 2482 1293 lit
2530 1239 2724 1294 deinde
2761 1240 2842 1297 vis
2883 1242 2937 1296 in
2971 1243 3164 1298 illum:
3210 1243 3325 1299 Dux
3365 1247 3448 1300 vel
3498 1248 3598 1301 in-

2027 1329 2172 1386 vitus
2200 1341 2382 1387 noster
2408 1342 2551 1388 esto.
2591 1333 2794 1390 Deinde
2814 1337 3068 1391 cothurni
3094 1338 3430 1407 imperatorii
3456 1377 3471 1404 ,
3504 1339 3600 1393 illo

2027 1422 2192 1492 pedes
2243 1439 2350 1478 non
2397 1426 2694 1493 praebente,
2726 1442 2789 1482 ac
2817 1427 3062 1482 diadema
3101 1429 3452 1497 all'eruntur;
3495 1437 3590 1485 ca-

2026 1513 2155 1582 pitis
2210 1515 2386 1567 velum
2444 1515 2642 1570 ruinosi
2709 1517 2912 1572 coloris
2965 1530 3201 1582 amovet,
3247 1521 3394 1589 quod
3441 1521 3596 1574 .Lazo

2027 1613 2188 1661 tenus
2227 1605 2551 1669 quibusdam
2589 1606 2928 1678 temporibus
2975 1611 3230 1678 portabat
3274 1612 3329 1665 in
3380 1613 3595 1680 signum

352 1711 450 1767 τοῦ
487 1713 624 1781 σιτερῖ⁸
650 1709 916 1778 κεφαλὴν,
953 1710 1090 1779 ὅπερ
1108 1710 1354 1775 Λαζὸθεν
1386 1707 1501 1780 εἷχε
1525 1712 1626 1782 τὴν
1669 1713 1922 1783 ἀφορμὴν

2030 1710 2214 1751 eorum
2246 1711 2368 1766 quae
2407 1699 2556 1754 fumo
2596 1701 2874 1755 miscenda
2907 1709 3104 1767 erant;
3141 1716 3381 1772 cumque
3415 1703 3602 1757 omnia

353 1807 433 1865 et;
476 1801 780 1872 σύμϐολον,
814 1797 890 1855 ὤν
919 1800 1116 1871 ἔμελλε
1153 1802 1348 1873 καπνῷ
1378 1802 1570 1874 φῦραι,
1601 1806 1922 1874 κατεμπρή-

352 1915 456 1961 σας
491 1897 556 1949 τὸ
608 1898 737 1958 πᾶν,
771 1893 1129 1964 άντιφόρησις
1165 1894 1222 1946 δὲ
1251 1893 1508 1965 ἐρυθροῦ,
1549 1895 1923 1964 αἰνιττομένη,

349 1991 500 2043 ὅσων
533 1986 791 2056 κεφαλῶν
825 1985 1295 2056 καταψηφιεῖσθαι
1326 1986 1512 2054 μέλλει
1546 1981 1777 2056 αἵματα.
1812 1989 1923 2042 Ka't

349 2079 701 2150 συγκάθηται
729 2078 790 2131 ca
806 2077 1060 2130 ἐντεῦθεν
1083 2079 1158 2148 τῷ
1185 2077 1400 2147 βασιλεῖ
1423 2077 1668 2148 Ἀλεξίῳ,
1690 2083 1782 2132 καὶ
1801 2097 1930 2150 προ-

2027 1788 2388 1855 incendisset,
2425 1792 2654 1845 rubrum
2700 1801 2893 1846 contra
2944 1793 3102 1862 jubet
3141 1793 3350 1857 afferri,
3381 1794 3600 1866 signifi-

2027 1893 2158 1933 cans
2186 1889 2519 1948 quantorum
2553 1882 2792 1950 capitum
2823 1886 3046 1953 sanguis
3066 1886 3411 1940 damnandus
3432 1893 3601 1940 esset.

2027 1968 2164 2024 Dein
2212 1986 2337 2026 cum
2388 1971 2716 2038 imperatore
2771 1975 2971 2029 Alexio
3023 1978 3284 2033 sedetoac
3316 1977 3590 2045 praesidet.

2028 2059 2237 2114 Exinde
2261 2060 2401 2114 enim
2426 2076 2589 2131 supra
2613 2063 2763 2116 illum
2801 2063 3048 2130 sedebat,
3067 2073 3119 2118 et
3139 2079 3276 2134 quos
3307 2066 3603 2134 condignos

352 2171 619 2236 κάθηται.
661 2168 1020 2237 ’Υπερέκειτο
1045 2168 1156 2238 γὰρ
1193 2167 1444 2236 αὑθωρδν
1485 2168 1702 2221 ἐκείνου
1729 2168 1789 2222 τὺ
1818 2169 1928 2222 ἀπὸ

2030 2152 2308 2222 iudicabat
2358 2154 2736 2208 eohonestavi.
2770 2153 3001 2208 Dimittit
3030 2156 3402 2222 magistratus,
3438 2163 3604 2224 atque

345 2264 536 2327 τοῦδε,
565 2261 660 2316 καὶ
713 2263 973 2332 συντιμᾷ,
1013 2260 1107 2323 οὒς
1133 2260 1296 2324 αὐτὸς
1350 2261 1627 2330 ὲπέκρινε·
1667 2262 1762 2315 καὶ
1799 2276 1930 2331 προ-

354 2356 619 2412 βάλλεται
657 2355 856 2425 ἀρχάς,
909 2353 970 2421 ἐξ
1013 2354 1193 2407 αὐτῶν
1248 2352 1514 2423 βαλϐίδων
1549 2352 1609 2406 τὸ
1655 2353 1756 2423 τῆς
1805 2352 1926 2406 κατ’

361 2448 530 2501 αὑτὸν
555 2447 822 2516 βασιλείας
855 2445 1013 2515 ἅρμα
1055 2444 1292 2514 πρόσθεν
1322 2443 1524 2514 βαλών.
1559 2445 1670 2500 Καὶ
1693 2443 1754 2498 τὸ
1783 2444 1928 2514 μέγα

354 2537 534 2591 κακὸν
559 2534 634 2604 τῷ
664 2533 850 2605 μικρῷ
887 2532 1037 2604 καλῷ
1068 2536 1449 2604 συγκίρναται.

431 2649 544 2720 μβ’.
574 2648 795 2717 Βραχὺς
826 2648 855 2700 ό
893 2649 953 2700 ἐν
997 2644 1150 2715 μέσῳ
1188 2646 1404 2715 χρόνος,
1442 2645 1535 2697 καὶ
1562 2643 1927 2714 περιγίνεταιο

341 2746 448 2798 καὶ
476 2743 553 2806 ὡς
582 2742 652 2794 ἂν
692 2741 770 2809 μὴ
799 2739 1001 2808 θρήνου
1035 2736 1274 2806 μεγάλου
1301 2736 1526 2806 ἔξαρχος
1559 2735 1930 2805 καθισταίμην

342 2839 468 2899 τοῖς
508 2831 842 2903 ganeam,
866 2871 884 2897 ,
936 2828 1034 2883 εἴτ’
1071 2828 1166 2882 οὖν
1212 2827 1644 2896 φιλοϐασιλεῦσι,
1681 2828 1932 2880 λεπτοτο-

351 2928 478 2997 μῶν
508 2926 751 2994 παχεῖαν
789 2920 1234 2991 σκυθρωπότητα
1275 2921 1340 2973 ὲκ
1388 2920 1567 2974 ποδῶν
1602 2919 1814 2987 ἀπάγει
1839 2920 1931 2973 τὸν

346 3015 719 3088 συμῶσιλέα.
761 3014 870 3067 Καὶ
897 3012 994 3066 τοῦ
1025 3009 1196 3079 ζυγοῦ
1221 3010 1312 3064 τὸν
1345 3011 1584 3078 Ἀλέξιον
1613 3012 1927 3077 ὲκτινάξας,

345 3112 465 3164 εἶτε
506 3107 734 3176 πνιγμῷ
775 3105 856 3175 τῷ
903 3103 970 3156 δι’
1023 3103 1284 3173 ἀγχόνης,
1315 3103 1390 3166 ὡς
1436 3103 1680 3173 διαρρέει
1714 3103 1870 3172 λόγος
1901 3105 1930 3156 ό

347 3201 580 3266 πλείων,
636 3198 746 3250 εἴτε
809 3197 906 3249 καὶ
960 3195 1137 3249 ἄλλως
1163 3231 1180 3256 ,
1217 3193 1293 3257 ὡς
1345 3195 1552 3254 ἐκεῖνος
1584 3190 1698 3246 οἶδε
1735 3195 1831 3248 καὶ
1875 3196 1925 3247 οί
1956 3183 2000 3244 C

349 3289 796 3359 συγ-κακοῦργοι,
844 3285 1211 3354 ἀντεμΰάλλει
1241 3285 1334 3336 τὸν
1368 3285 1484 3336 υἱὸν
1528 3284 1805 3354 Ἰωάννην,
1835 3283 1929 3336 τὸν

353 3383 464 3437 τοῦ
510 3380 782 3449 Μανοοὴλ,
830 3376 1082 3447 ὕστερον,
1133 3376 1232 3446 οὐχ
1276 3375 1360 3428 ὅτι
1410 3375 1644 3429 καλλίων
1675 3372 1766 3445 ἦν,
1815 3373 1930 3428 ἀλλ’

348 3478 441 3530 ὅτι
483 3475 513 3528 ό
549 3473 649 3543 μὲν
691 3469 950 3539 Μανουὴλ
989 3467 1290 3536 ἀπεστύγει
1332 3468 1402 3521 τὰ
1451 3467 1546 3520 τοῦ
1579 3467 1806 3537 πατρὸς,
1839 3466 1933 3520 καί

346 3578 474 3622 πως
518 3558 749 3610 ἔϐλεπεν
782 3558 863 3619 είς
893 3556 956 3609 τὸ
1006 3554 1224 3625 μέλλον,
1253 3554 1346 3608 καὶ
1381 3554 1474 3608 τὸν
1503 3555 1641 3608 Θεὸν
1676 3555 1934 3625 ἐπίστροο

343 3671 456 3722 φον
514 3647 658 3707 εἶναι
713 3650 822 3704 τῶν
874 3649 1179 3718 γινομένων
1228 3649 1418 3701 κακῶν
1475 3647 1757 3702 ὁπελάλει·
1797 3650 1825 3702 ὁ
1873 3647 1933 3701 δὲ

359 3744 624 3811 Ἰωάννης
653 3741 900 3812 ἔστεργε,
932 3742 1027 3794 κα).
1053 3741 1165 3804 τοῖς
1200 3740 1932 3811 πλημμελουμένοιςῐχαιρε

347 3833 871 3904 συνεφαπτόμενος.

431 3955 526 4021 ιη’
592 3952 664 4006 ’Δ
712 3950 770 4002 δὲ
813 3949 878 4002 τὺ
939 3949 1193 4003 ἐντεῦθεν
1233 3951 1262 4002 ό
1318 3949 1658 4020 Ἀνδρόνικος
1687 3949 1750 4003 οὐ
1788 3949 1932 4016 λέγω

345 4047 627 4115 ἥμαρτεν,
677 4043 711 4109 ἢ
747 4042 1179 4113 ἐπλημμέλησεν
1213 4041 1413 4104 (ἄλλως
1439 4041 1547 4110 γὰρ
1588 4043 1638 4094 οί
1673 4041 1934 4109 θερμότε-

356 4149 448 4201 ροι
497 4132 830 4200 ὀνομάσαιεν
861 4131 970 4195 ἂν),
1000 4128 1253 4198 γλώττης
1297 4131 1468 4184 δεῖται
1500 4130 1760 4198 νεανικῆς
1787 4125 1932 4200 φράο

347 4225 498 4288 ζειν,
528 4223 628 4276 καὶ
660 4222 772 4292 πρὸ
817 4222 994 4291 αὐτῆς
1027 4222 1293 4290 λογισμοῦ
1326 4220 1520 4290 βαθέος
1565 4223 1659 4274 καὶ
1689 4221 1805 4275 οἴου
1838 4222 1934 4275 εῦ-

351 4331 523 4383 στοχα
566 4313 789 4382 βάλλειν
811 4352 832 4375 ,
863 4313 986 4365 καθ’
1019 4305 1100 4365 ὧν
1142 4313 1216 4366 ἄν·
1251 4311 1542 4365 ἐπεϐάλετο
1593 4311 1737 4381 άπερ
1769 4314 1934 4382 ἡμεῖς

2027 2258 2056 2295 a
2107 2244 2382 2313 repagulis
2441 2259 2664 2299 currum
2729 2246 3146 2315 imperatorium
3203 2247 3455 2318 projecit.
3511 2245 3606 2302 Sic

1975 2364 1977 2367 τ
2029 2349 2194 2404 parvo
2225 2334 2372 2391 bono
2401 2339 2603 2392 malum
2642 2353 2894 2407 magnum
2929 2338 3214 2395 miscetur.

2097 2649 2186 2704 42.
2215 2646 2309 2704 llis
2340 2649 2504 2704 rebus
2539 2650 2701 2704 breve
2740 2651 3005 2720 temporis
3056 2651 3397 2706 intervallum
3438 2651 3608 2703 inter~

2027 2741 2175 2798 cedit
2203 2752 2256 2797 et
2296 2751 2475 2796 tamen
2515 2741 2871 2811 superﬂuum,
2896 2757 2960 2795 ac
3015 2743 3170 2811 quasi
3210 2740 3388 2811 magni
3427 2741 3608 2796 luctus

2027 2838 2358 2893 constitutus
2383 2851 2558 2892 essein
2587 2835 2695 2890 dux
2724 2835 3036 2905 pliilalexiis
3065 2845 3119 2889 et
3149 2836 3606 2905 pliilimperatort-

2031 2928 2155 2992 bus,
2211 2928 2355 2983 idem
2406 2935 2643 2997 tempus.
2697 2927 2984 2981 humorem
3041 2929 3273 2982 densum
3330 2926 3604 2981 mmstitiat:

2032 3023 2320 3086 minuens,
2363 3021 2816 3090 eoimperatorem
2882 3019 3070 3091 abigit.
3121 3017 3197 3072 Ex
3258 3019 3392 3088 jugo
3461 3027 3608 3086 post-

2031 3129 2194 3183 quam
2247 3113 2499 3168 Alexium
2544 3114 2940 3182 praecipitasset
2997 3113 3114 3168 sive
3165 3109 3600 3180 strangulatione

2033 3222 2156 3261 cum
2181 3206 2328 3266 fune.
2353 3217 2411 3260 ut
2443 3205 2610 3260 refert
2642 3205 2780 3259 fama
2821 3205 2990 3276 magis
3013 3205 3248 3268 credita,
3281 3219 3395 3258 sive
3419 3203 3603 3266 aliter,

2034 3314 2090 3353 re
2168 3300 2382 3368 cognita
2459 3297 2548 3351 ille
2615 3309 2667 3352 et
2739 3307 3023 3352 consortes
3084 3295 3245 3365 ejus,
3319 3294 3607 3350 substituit

2029 3388 2331 3456 Joannem,
2397 3390 2564 3445 lilium
2622 3390 2891 3446 Manuelis
2945 3390 3238 3453 ultimum,
3287 3404 3396 3443 non
3460 3389 3610 3458 quod

2029 3484 2381 3550 eratmelior,
2419 3483 2511 3539 sed
2541 3484 2684 3556 quod
2733 3484 2946 3538 Manuel
2970 3491 3178 3555 patrem
3213 3479 3609 3544 detestabatur,

2030 3589 2094 3629 eo
2123 3576 2266 3645 quod
2296 3578 2459 3632 etiam
2506 3577 2748 3631 futurum
2802 3575 3145 3646 providebat,
3193 3574 3470 3643 Deumque
3503 3572 3613 3627 cito

2033 3668 2115 3722 vel
2161 3669 2370 3724 tardius
2411 3669 2680 3724 vindicem
2742 3683 2867 3724 esse
2909 3669 3176 3722 malorum
3221 3679 3448 3734 Operum
3485 3678 3615 3717 sen-

2031 3759 2221 3815 tiebat.
2247 3758 2491 3816 Joannes
2525 3773 2655 3815 vero
2687 3759 2985 3814 dissolutos
3031 3757 3269 3824 amabat,
3310 3768 3616 3824 eorumque

2029 3851 2359 3906 commercio
2389 3852 2781 3907 delectabatur.

2103 3945 2194 3999 45.
2234 3945 2366 4010 Quae
2390 3943 2588 3998 deinde
2615 3941 2964 3996 Andronicus
3030 3955 3138 3995 non
3185 3939 3310 3994 dico
3358 3937 3608 4008 peccavit

2033 4041 2216 4111 (aliter
2245 4039 2392 4094 enim
2443 4038 2756 4094 severiores
2795 4053 2920 4093 eum
2957 4024 3342 4105 recensebunt)
3379 4047 3441 4088 ea
3485 4049 3614 4087 nar-

2031 4148 2153 4187 rare
2171 4135 2442 4203 juniorem
2479 4131 2720 4202 linguam
2743 4130 2911 4201 exigit
2933 4137 2986 4184 et
3009 4146 3130 4199 qua:
3154 4128 3492 4182 examinabit
3522 4142 3611 4181 res

2032 4218 2323 4298 antequam
2356 4242 2450 4282 eas
2494 4227 2546 4280 in
2577 4223 2814 4279 medium
2848 4221 3106 4294 proferet.
3130 4219 3403 4288 Quantum
3435 4221 3615 4289 perdi-

2033 4323 2214 4378 dimus
2249 4320 2302 4374 in
2335 4326 2614 4374 senectute
2635 4325 2842 4372 tantum
2864 4315 3434 4386 repetimus,scilicet,
3472 4311 3616 4365 sicut

347 4403 770 4465 ἀπολωλεκότες
801 4402 882 4471 τῷ
911 4403 1084 4472 γήρα,
1113 4403 1374 4456 τοσοῦτόν
1406 4418 1590 4471 φαμεν
1610 4403 1931 4472 ἐπιτέμνον-

2037 4408 2206 4467 David
2249 4409 2502 4466 meminit
2537 4409 2604 4464 de
2637 4407 2766 4462 Uria
2797 4415 2850 4462 et
2892 4416 3064 4460 uxore
3100 4418 3383 4476 peccasse,
3433 4401 3613 4458 virum

348 4513 473 4561 τες,
505 4495 613 4558 ὅτι,
663 4493 822 4546 ὁποῖά
871 4511 955 4557 τις
999 4493 1166 4547 Δαυῒδ
1197 4493 1590 4564 μεμελετηκὼς
1613 4493 1922 4564 ἀπεκϐἧναι

2036 4507 2446 4575 imperatorem,
2493 4501 2741 4556 Alexium
2789 4499 3201 4571 praecipitasse,
3250 4496 3374 4550 vita:
3420 4495 3616 4549 termi-

349 4587 418 4639 ἐν
460 4601 530 4653 γε
571 4585 657 4654 τῷ
698 4587 841 4639 κατὰ
897 4586 993 4639 τὸν
1023 4587 1230 4656 Οὐρίαν
1271 4585 1366 4638 κο)¹
1395 4585 1497 4656 τὴν
1536 4585 1807 4656 γαμετὴν,
1841 4585 1931 4639 τον

2036 4611 2163 4649 num
2199 4595 2451 4665 poenisse
2480 4592 2788 4660 deindeque
2814 4592 3013 4659 abysso
3044 4587 3214 4643 maris
3246 4586 3618 4651 commisisse,

355 4677 472 4746 μὲν
513 4675 686 4746 ἄνδρα
724 4677 974 4746 βασιλέα,
1021 4677 1115 4729 τὸν
1153 4675 1413 4740 Ἀλέξων,
1450 4677 1744 4746 προῖάπτιι
1780 4677 1934 4730 κάτω

354 4768 740 4836 παραστείλας
768 4767 863 4820 τοῦ
898 4770 1019 4838 ζῇν,
1063 4764 1184 4821 εἶτα
1215 4769 1308 4820 καὶ
1339 4767 1487 4837 βυθῷ
1534 4767 1814 4838 θαλάσσης
1847 4783 1936 4820 πο-

357 4859 615 4922 στεύσας,
649 4859 802 4912 καθά
823 4859 970 4922 τινές
1000 4877 1190 4928 φασιν,
1223 4860 1299 4921 ὡς
1325 4861 1426 4911 οὐκ
1467 4859 1534 4912 ἂν
1566 4858 1680 4926 ἐγὼ
1705 4844 1936 4929 ἀνακρί-

358 4957 539 5022 venit,
596 4953 856 5018 καθάπαξ
898 4953 1308 5022 άπεστυγηκὼς
1356 4953 1456 5021 τὴν
1485 4948 1702 5022 φαύλην
1729 4954 1934 5024 ταύτην

356 5045 712 5114 περίστασιν.
746 5044 860 5097 Καὶ
887 5047 1096 5106 ἐκεῖνος
1121 5045 1222 5115 μὲν
1250 5044 1398 5098 οὕτω
1433 5045 1526 5096 τὸν
1568 5045 1740 5098 παῖδα
1781 5045 1930 5114 βασι-

353 5133 458 5188 λέα
482 5133 863 5199 συνέστειλεν,
913 5136 962 5188 εί
997 5139 1092 5190 καὶ
1137 5136 1286 5204 λόγοι
1331 5136 1480 5199 τινὲς
1527 5135 1755 5205 ὕστερον
1787 5134 1934 5204 ζωὴν

353 5225 564 5278 ἐκείνου
608 5225 1041 5294 κατεψεύσαντοο
1089 5227 1174 5287 είς
1217 5226 1244 5278 δ
1277 5225 1491 5290 παίζων
1523 5227 1551 5279 ό
1593 5225 1934 5297 Ἀνδρόνικος

354 5313 650 5386 ὲξελάλησέ
683 5332 736 5368 τι
767 5316 958 5386 δριμῦ’
990 5316 1050 5380 ὃς
1084 5316 1326 5377 ἀκούσας
1358 5319 1487 5384 περί
1521 5332 1626 5367 που
1675 5315 1742 5368 τὰ
1782 5317 1931 5370 κατὰ

359 5407 614 5459 Σικελίαν
646 5406 1012 5474 τημελετσθαι
1057 5407 1149 5460 τὸν
1193 5407 1430 5470 ’Δλέξιον
1481 5406 1801 5476 βασιλικῶς,
1833 5407 1931 5477 ἡδὺ

355 5497 614 5562 γελάσας,
643 5491 720 5549 Ἷι
759 5497 848 5567 δὴ,
904 5499 1008 5570 εφη
1033 5538 1048 5561 ,
1084 5498 1307 5568 ἀριστος
1358 5497 1736 5569 κολυμϐητὴς,
1770 5499 1934 5569 εἴπερ

355 5589 414 5640 ιν
448 5590 1025 5644 Κωνσταντινουπόλει
1059 5589 1548 5660 κατακυϐιστήσας
1583 5592 1666 5652 είς
1707 5588 1933 5660 βαθεῖαν

359 5679 654 5747 θάλασσαν,
689 5683 957 5736 ἀπνευστὶ
1000 5683 1206 5747 διεξέδυ
1243 5683 1372 5752 περὶ
1429 5682 1520 5737 τὸν
1557 5684 1736 5736 ἐκεῖσε
1795 5699 1933 5753 πυρα

357 5770 518 5842 θμόν.

2031 4687 2186 4757 juxta
2237 4687 2540 4758 quosdam,
2584 4685 2727 4739 sicut
2765 4699 2862 4738 nos
2907 4697 3014 4736 non
3043 4678 3618 4749 judicablmus,hanc

2035 4782 2282 4837 odiosam
2327 4779 2804 4836 circumstantiam
2844 4777 2897 4834 in
2939 4783 3266 4846 perpetuum
3301 4781 3622 4829 horrentes.

2038 4873 2300 4944 "unoque
2328 4874 2419 4928 ille
2451 4888 2618 4942 puero
2648 4871 2966 4941 imperatori
2994 4870 3334 4938 sepulturam
3368 4858 3620 4928 donavit,

2033 4968 2138 5024 etsi
2173 4976 2357 5036 postea
2390 4965 2541 5018 illum
2572 4965 2754 5019 vivere
2796 4962 2936 5017 l‘also
2984 4962 3210 5032 quidam
3243 4959 3508 5015 dixerint.
3557 4958 3617 5011 In

2035 5075 2144 5130 quo
2183 5059 2448 5114 cavillans
2478 5056 2826 5112 Andronicus
2872 5057 3092 5111 crudele
3141 5053 3347 5124 aliquid
3419 5064 3622 5107 temere

2036 5154 2196 5209 dixit.
2245 5153 2378 5207 Cum
2435 5152 2707 5207 audiisset
2762 5153 2815 5206 in
2867 5149 3102 5220 quodam
3158 5149 3278 5204 loco
3324 5149 3377 5201 in
3429 5142 3618 5200 Sicilia

2037 5245 2394 5313 imperatorio
2429 5246 2637 5300 honore
2670 5249 2949 5314 receptum
2980 5242 3153 5296 fuisse
3185 5241 3459 5303 Alexium,
3497 5235 3619 5289 lazte

2037 5321 2202 5394 risit:
2256 5335 2550 5406 Equidem,
2601 5337 2705 5400 ait,
2751 5337 3003 5390 urinator
3052 5335 3294 5405 nptimus
3343 5339 3448 5393 est,
3489 5341 3616 5382 cum

2036 5430 2513 5500 Constantinopoli
2567 5431 2620 5484 in
2681 5428 3012 5499 profundum
3065 5441 3215 5481 mare
3251 5437 3508 5490 mersus,
3560 5421 3618 5476 in

2037 5523 2183 5579 hunc
2219 5533 2437 5594 portum
2465 5539 2574 5578 uno
2603 5534 2789 5579 tenore
2823 5522 3146 5593 pernatavit.
