4036 6224
377 368 448 429 5-3
1160 367 1257 428 DE
1289 361 1863 427 THESSALONICA
1903 355 2110 422 uase
2150 355 2195 412 A
2226 352 2534 413 LATlNlS
2589 330 2883 412 caeni
3559 350 3628 410 τι

381 485 482 551 μὲν
517 483 660 534 κατὰ
724 483 942 534 πάντων
999 481 1161 542 αὐτός
1182 498 1196 512 ο
1229 477 1372 551 ἦσαν
1429 482 1486 534 δὲ
1535 480 1644 534 οὐδ’
1675 479 1725 533 οί
1757 478 1958 539 πάντες

2064 469 2302 523 minibus
2353 467 2885 537 Constantinopolim
2938 463 3246 520 denudarit.
3299 462 3441 518 Salis
3497 480 3629 533 ergo

382 572 711 631 ἀπεοικὸτες
748 571 962 623 ἐκείνου
1013 572 1149 640 πρός
1196 588 1260 639 γε
1308 571 1367 623 τὸ
1410 575 1586 642 μῖσος.
1617 568 1953 636 Μισούμενοι

307 663 319 692 ³
388 668 496 735 γὰρ
516 664 942 734 ἐφιλοτιμοῦντο
959 665 1402 733 ἀντιμισεῖν,⁴ούκ
1429 663 1803 732 εὖαγγελικῶς
1835 662 1950 731 μὲν,

385 759 526 812 κατᾶ
566 757 842 826 βασιλικὸν
884 757 941 809 δὲ
973 759 1152 810 ἐκεῖνο
1191 758 1563 828 παράδειγμα.
1615 758 1722 808 Καὶ
1758 757 1950 808 συλλεο

384 847 572 915 γέντες
603 851 668 916 τῇ
700 847 884 917 ἀμύνῃ
921 847 1056 912 πρός
1085 864 1139 899 τι
1171 846 1250 910 ἓν,
1294 847 1428 918 δρᾷν
1453 847 1647 918 ἠθελον
1679 847 1775 899 καὶ
1804 847 1952 898 ἀντι·

388 942 579 994 λυπεῖν
615 941 704 991 τὸν
755 939 1128 1008 κατάρξαντα.
1180 937 1363 993 Ἦσαν
1403 940 1460 992 δὲ
1518 941 1576 991 ὲν
1622 941 1732 1002 τοῖς
1788 939 1955 1008 δρῶσι

390 1032 530 1099 πρὸς
576 1029 813 1096 ἄμυναν,
860 1029 944 1083 ὅτι
991 1031 1083 1083 καὶ
1115 1033 1173 1083 ἐν
1205 1032 1318 1092 τοῖς
1349 1029 1606 1093 παθοῦσι,
1638 1032 1732 1084 καὶ
1778 1031 1827 1083 οἱ
1858 1033 1955 1100 τῆς

392 1120 592 1186 Ἅγαρ.
641 1117 722 1170 Τὰ
752 1117 866 1188 γὰρ
907 1119 1048 1172 κατὰ
1103 1120 1358 1174 Νικαέων
1405 1120 1575 1189 πάθη,
1620 1121 1713 1174 καὶ
1758 1122 1856 1174 ὅσα
1907 1123 1956 1173 oi

383 1213 692 1280 Προυσαεῖς
736 1212 1006 1279 ἔτλησαν,
1051 1211 1262 1281 ἥψαντο
1319 1213 1411 1267 καὶ
1439 1215 1676 1281 ἐκείνης,
1727 1214 1820 1266 καὶ
1877 1215 1957 1278 είς

378 1303 518 1354 πολὺ
578 1302 833 1372 ἐχθίστην
891 1305 1021 1372 ἡμῖν
1071 1303 1398 1374 ἐνέγραψαν.
1460 1305 1694 1368 Πολλοὺς
1723 1305 1830 1375 γὰρ
1863 1307 1957 1358 καὶ

376 1391 490 1443 τῶν
527 1392 700 1462 αὐτῇς
734 1392 1026 1463 ὲπιλέγδην
1064 1392 1349 1464 ἡΝίκαια,
1375 1394 1463 1447 ναὶ
1507 1394 1565 1447 δὲ
1599 1395 1694 1448 καὶ⁵
1726 1397 1758 1466 ἡ
1786 1394 1960 1464 Προῦ-

379 1499 447 1535 σα
509 1485 656 1552 μετὰ
687 1484 991 1538 πολύπονον
1038 1485 1242 1538 ἅλωσιν
1284 1487 1746 1557 μετεωρισθέντας
1795 1484 1954 1552 εἶδον,

373 1573 502 1627 ὅθεν
531 1574 648 1627 ἐστι
676 1575 982 1644 καταϐῆναι
1012 1577 1092 1640 είς
1114 1575 1248 1648 ᾅδην
1269 1580 1364 1634 καὶ
1390 1577 1524 1648 ταχὺ
1560 1579 1651 1631 καὶ
1683 1577 1955 1632 οίκτιστα.

2058 559 2148 612 ille
2188 573 2314 626 erga
2366 567 2558 612 omnes
2611 566 2900 622 erat;nou
2928 569 3057 609 vero
3107 568 3296 606 omnes
3351 562 3507 606 erant
3555 553 3647 606 illi.

2054 648 2355 703 dissimiles
2390 649 2540 703 odio.
2583 645 2780 702 Odium
2825 646 2971 700 enim
3007 644 3134 698 odio
3183 643 3476 698 reddentes
3516 644 3633 713 glo-

2059 740 2368 803 riabantur,
2399 756 2506 794 non
2559 741 2781 809 quidem
2837 741 2990 806 juxta
3027 736 3377 806 Evangelium
3412 737 3512 789 hoc
3547 733 3628 788 fa-

2055 841 2288 903 cientes,
2315 841 2408 894 sed
2449 840 2599 908 juxta
2625 836 3037 906 imperatmium
3063 835 3390 903 exemplum.
3409 833 3629 888 Coadu~

2057 938 2254 984 nantes
2285 945 2345 983 se
2387 930 2454 982 ad
2493 928 2791 981 vindictam
2844 935 3038 981 contra
3069 941 3236 978 tinum
3273 939 3438 992 agere
3484 924 3629 977 vole-

2058 1023 2210 1087 bant,
2231 1021 2582 1090 vicissimque
2606 1019 2892 1073 molestare
2917 1032 3040 1072 eunt
3069 1017 3160 1086 qui
3182 1017 3436 1086 imperat.
3462 1017 3632 1070 Erau‘.

2065 1131 2196 1169 vero
2231 1114 2327 1183 qui
2371 1113 2672 1167 vindictam
2721 1111 3129 1173 desiderabant,
3158 1109 3288 1179 quia
3326 1120 3486 1162 erant
3533 1110 3628 1178 qui

2057 1206 2273 1262 fuerant
2307 1205 2476 1275 passi,
2519 1213 2573 1258 et
2610 1205 2755 1272 Agar
2802 1201 2920 1254 lilii.
2963 1199 3094 1266 Quae
3141 1203 3286 1254 enim
3326 1200 3632 1255 Nicaeenses

2057 1305 2220 1364 atque
2266 1295 2567 1349 Prusenses
2625 1291 3042 1357 snstinuerunt,
3094 1291 3460 1345 accenderunt
3507 1306 3626 1346 eam

2059 1387 2604 1454 funestissimamque
2639 1384 2798 1439 nobis
2827 1383 3201 1438 reddiderunt.
3248 1385 3426 1437 Niczea
3478 1384 3623 1437 cttim

2058 1478 2300 1547 itemque
2363 1475 2536 1532 Prusa
2587 1483 2712 1545 post
2757 1476 3110 1530 durissimam
3164 1475 3626 1544 expugnationem

2060 1568 2265 1621 multos
2299 1567 2504 1621 electos
2542 1566 2854 1635 lmjusmodi
2895 1565 3146 1621 homines
3177 1565 3232 1618 in
3268 1579 3396 1619 aere
3443 1567 3630 1621 subla-

2061 1670 2148 1716 tos
2181 1659 2457 1723 viderunt,
2489 1658 2635 1712 unde
2685 1658 2739 1711 in
2792 1657 3064 1712 infernum
3129 1657 3349 1728 rapidus
3378 1665 3433 1712 et
3469 1658 3633 1712 mise—

2060 1751 2264 1807 randus
2289 1761 2380 1805 est
2415 1751 2736 1806 descensus.

446 1845 560 1916 μζ.
601 1846 714 1901 Καὶ
739 1840 827 1900 οἶα
861 1846 960 1916 μὲν
993 1847 1243 1903 ἐντεῦθεν
1269 1846 1318 1900 οί
1343 1847 1682 1902 Ἀνατολικοὶ
1727 1849 1952 1915 ἔπαθον,

2130 1845 2218 1900 47.
2277 1844 2471 1910 Qualia
2525 1844 2724 1898 deinde
2770 1841 3078 1899 Orientales
3132 1843 3338 1898 fuerint
3371 1845 3541 1914 paSsi,
3580 1844 3632 1899 in

376 1942 456 2004 εἰς
485 1944 732 2010 μνήμην,
763 1943 812 1992 εί
839 1941 934 1993 καὶ
965 1941 1042 2008 μὴ
1072 1939 1190 2010 μετ⁹
1222 1940 1514 2009 ἐγκωμίων
1551 1939 1642 1993 τοῦ
1682 1939 1954 2011 Ἀνδρονίο

375 2045 500 2094 κου,
533 2029 944 2102 συγγραφέσθω
972 2031 1186 2100 ἔτερος,
1217 2030 1526 2099 ἐκεχειρίαν
1569 2048 1630 2083 τε
1656 2030 1805 2098 ἄγων
1840 2033 1956 2084 ίκα-

377 2123 500 2191 νὴν,
531 2121 671 2173 ἀλλὰ
704 2122 798 2174 καὶ
826 2121 1086 2191 δακρύοις
1121 2122 1374 2174 πλουτῶν
1397 2140 1410 2154 ·
1449 2124 1594 2194 ἡμᾶς
1636 2124 1744 2192 γὰρ
1771 2122 1956 2176 ἐπέλι-

380 2230 483 2265 πον
508 2214 604 2264 καὶ
630 2213 796 2267 αὐτά.
846 2215 1010 2284 Ἡμῖν
1049 2214 1105 2268 δὲ
1133 2209 1220 2267 οἷα
1252 2215 1464 2269 ἐκεῖθεν
1505 2217 1824 2280 συνέπεσον,
1863 2215 1956 2268 καὶ

381 2303 456 2365 ὡς
489 2305 523 2375 ἡ
552 2305 646 2356 τοῦ
685 2305 1058 2375 Ἀνδρονίκου,
1094 2305 1315 2376 ὁμαλῶς
1353 2306 1524 2373 λέξαι,
1550 2306 1611 2359 ού
1658 2308 1958 2376 προσήνεια

389 2397 643 2450 καθίκετο
695 2398 793 2452 καὶ
828 2399 986 2466 ἡμῶν
1033 2397 1274 2469 ὀλεθρία,
1316 2400 1540 2468 φράσων
1588 2399 1846 2468 ἔρχομαι,
1895 2397 1954 2450 ού

393 2491 529 2557 πρὸς
559 2489 884 2558 εύρυλογίαν
913 2490 1024 2542 οὐδ’
1054 2490 1216 2554 αὐτὰ,
1253 2490 1327 2560 μὴ
1355 2492 1447 2542 καὶ
1479 2488 1654 2542 πλατὺ
1691 2489 1837 2558 μάλα
1880 2489 1959 2558 βι-

385 2579 812 2646 ϐλιογραφήσειν
841 2579 1088 2648 ἀνάγκην
1109 2579 1350 2649 εὑρήσω,
1371 2578 1488 2632 ἀλλ’
1513 2577 1588 2640 ὡς
1614 2578 1750 2648 πρὸς
1772 2579 1958 2631 ἐσκια-

384 2669 750 2736 τραφημένην
780 2667 891 2720 τῶν
925 2668 1332 2739 πεπραγμένων
1367 2668 1662 2736 ὑπύδειξιν.

457 2843 576 2914 μη’.
599 2846 664 2898 Οἱ
693 2845 982 2916 βλαϐέντες
1011 2847 1233 2913 ἐκεῖνοι,
1268 2848 1316 2901 οί
1369 2848 1574 2915 πολλοὶ,
1606 2851 1654 2902 oi
1701 2849 1954 2919 ποικίλοι,

384 2939 436 2991 οί
476 2939 878 3004 πολύγλωσσοι,
909 2939 1302 3009 διασπαρέντες
1336 2940 1486 2994 ἄλλοι
1517 2941 1760 3007 ἄλλοθεν,
1792 2943 1847 2995 εί
1874 2960 1955 3005 τις

384 3031 602 3098 φρήτρη
657 3032 722 3081 ὲκ
771 3029 964 3098 Πίσης,
1019 3031 1072 3083 εἰ
1135 3046 1222 3092 τις
1271 3031 1380 3083 ἀπὸ
1442 3032 1710 3101 Γενούης·
1750 3034 1810 3085 τὺ
1850 3033 1957 3086 τῶν

388 3118 646 3174 Τούσκων
683 3119 872 3188 φῦλον,
926 3121 1017 3173 καί
1065 3139 1118 3174 τι
1160 3123 1586 3192 Λαμπαρδικόν·
1619 3124 1718 3176 οὐκ
1773 3124 1959 3176 ἀπελί-

391 3229 522 3264 πετο
551 3211 606 3263 δὲ
651 3212 777 3264 οὐδὲ
806 3213 868 3264 τὸ
915 3214 980 3264 ἐκ
1011 3214 1400 3284 Δογγιϐἁρδων
1451 3214 1670 3282 βλαϐὲν,
1719 3215 1826 3268 οὐδ’
1857 3218 1958 3269 ὅσα

395 3305 562 3357 ἄτλα·
596 3305 653 3357 ού
695 3306 804 3374 μὴν
830 3305 885 3357 δὲ
911 3306 1044 3359 ἀλλὰ
1081 3307 1176 3360 καὶ
1206 3307 1314 3360 τῶν
1350 3306 1642 3375 Εὐγενείας
1677 3308 1960 3376 ἐπιτεταγ-

400 3397 592 3463 μένων.
630 3398 901 3462 Μαῖείνος
946 3397 1002 3450 δέ
1037 3415 1142 3463 τις,
1183 3398 1279 3452 καὶ
1316 3400 1647 3471 Δαλασηνὺς,
1680 3401 1775 3454 καὶ
1810 3401 1956 3455 Κλάο

391 3487 511 3554 δων,
545 3490 640 3542 καί
689 3506 835 3552 τινες
885 3492 1117 3544 τοιοῦτοι
1155 3491 1266 3544 τῶν
1294 3491 1393 3560 τῆς
1443 3493 1764 3563 ὑφειμένης.
1821 3493 1958 3562 πρὸς

387 3577 441 3630 δὲ
499 3581 594 3632 καὶ
653 3582 992 3649 θεραπευταὶ
1042 3583 1339 3652 ἀρχόντων,
1395 3582 1490 3647 οὓς
1538 3587 1564 3636 ὁ
1624 3585 1958 3654 Ἀνδρόνικος

391 3670 608 3738 φαύλως
632 3670 840 3724 δέθετο
860 3689 873 3702 ·
897 3665 1042 3724 οὗτοι
1067 3673 1152 3742 δὴ,
1179 3673 1272 3726 καὶ
1293 3675 1407 3726 ὅσοι
1426 3674 1482 3726 δὲ
1505 3673 1654 3727 ἄλλοι
1676 3676 1732 3725 ὲν
1757 3675 1959 3746 ὁμοίοις

392 3763 578 3824 κακοῖς
627 3758 790 3830 ἦσαν,
825 3764 1205 3833 ἐπρέσϐευσαν
1258 3765 1409 3832 παρὰ
1439 3765 1663 3829 πολλοὺς
1701 3767 1810 3820 τῶν
1859 3769 1958 3838 μέ-

392 3868 550 3917 γιστα
583 3852 922 3921 δυναμένων,
963 3855 1090 3924 περί
1118 3871 1174 3907 τε
1208 3856 1274 3908 τὰ
1305 3857 1401 3924 τῆς
1434 3855 1571 3926 ἑῴας
1604 3857 1827 3928 λήξεως,
1868 3860 1960 3912 καὶ

392 3942 457 3994 τὰ
501 3944 756 4012 ἑσπέρια.
791 3945 901 3996 Καὶ
928 3945 977 3996 οἱ
1013 3945 1110 4015 μὲν
1154 3947 1246 3999 τὸν
1297 3947 1523 3999 σουλτὲιν
1573 3948 1856 4016 ἠρέθισαν,
1893 3955 1961 4003 τὰ

396 4034 563 4087 πλείω
592 4051 668 4103 πρ
700 4037 978 4104 ἰσχόμενοι
1009 4039 1088 4096 εἰς
1120 4037 1398 4092 δυσωπίαν
1427 4040 1517 4092 τὸν
1544 4040 1636 4093 τοῦ
1664 4041 1959 4110 βραχυϐἰου

396 4125 660 4193 βασιλέως
702 4127 945 4193 Ἀλεξίου
981 4129 1232 4194 θάνατον,
1271 4123 1421 4200 ᾧπερ
1457 4131 1654 4200 ὤφειλε
1683 4137 1850 4187 πιστὰ
1874 4135 1961 4188 διὰ

394 4218 481 4270 τὸν
532 4221 747 4288 πατέρα
792 4221 1050 4292 Μανουὴλ
1083 4221 1111 4272 ὁ
1147 4222 1255 4274 τῶν
1294 4226 1607 4294 Ἀγαρῃνών
1660 4226 1916 4298 ἕθναρχος
1939 4245 1954 4260 ·

396 4307 569 4380 ἓτεροι
602 4309 658 4362 δὲ
690 4309 783 4362 τὸν
842 4311 899 4362 ἐν
946 4311 1245 4382 Ἀντιοχείᾳ
1288 4313 1728 4384 προκαθήμενον,
1770 4321 1861 4370 τον
1901 4335 1960 4370 τε

400 4404 537 4454 κατα
568 4405 792 4470 κόσμον,
826 4402 919 4454 καὶ
959 4404 1050 4454 τὸν
1075 4406 1540 4475 ὲκκλησιαστικῶς
1565 4425 1577 4438 '
1612 4409 1761 4464 ἄλλοι
1789 4411 1842 4462 δὲ
1869 4413 1961 4463 τὸν

2058 1938 2405 2000 memoriam,
2454 1935 2554 1991 etsi
2596 1951 2706 1989 non
2745 1936 2797 1990 in
2850 1935 3067 1990 laudem
3121 1937 3445 2002 Andronici,
3495 1939 3636 1990 alter

2058 2030 2406 2093 conscribat,
2457 2028 2710 2082 inducias
2750 2028 2932 2097 justas
2971 2042 3176 2098 agens,
3222 2027 3316 2084 sed
3369 2030 3516 2084 rivos
3559 2029 3630 2082 la-

2062 2133 2377 2188 crymarutn
2445 2133 2706 2184 movens;
2767 2118 2848 2172 ba:
2909 2119 3119 2174 scilicet
3169 2119 3398 2174 deerant
3453 2120 3636 2174 nobis.

2057 2210 2254 2275 Qualia
2281 2224 2406 2264 vero
2429 2208 2558 2263 inde
2583 2208 2742 2264 nobis
2784 2211 3090 2278 evenerint,
3136 2218 3190 2264 et
3221 2209 3494 2278 quomodo
3523 2210 3634 2263 An-

2057 2301 2292 2369 dronici,
2349 2310 2408 2356 ut
2470 2301 2662 2357 eadem
2724 2301 3031 2357 intentione
3081 2301 3200 2357 soni
3263 2302 3474 2364 dicam,
3522 2316 3632 2356 neu

2057 2392 2368 2460 benignitas
2419 2392 2660 2462 tetigerit
2697 2407 2916 2463 quoque
2970 2408 3071 2448 nos
3126 2393 3458 2456 mortaliter,
3503 2409 3632 2444 nar-

2057 2482 2232 2536 raturi
2267 2483 2380 2551 jam
2413 2497 2623 2546 sumus,
2661 2499 2727 2537 ne
2750 2485 2836 2538 hic
2869 2484 3086 2553 longius
3122 2500 3286 2555 quam
3331 2485 3458 2538 alibi
3512 2499 3635 2538 ser-

2058 2584 2274 2624 monem
2324 2573 2750 2652 protra'ltamus;
2782 2589 2888 2627 non
2923 2573 3070 2626 enim
3126 2588 3384 2644 magnum
3440 2572 3634 2626 librum

2057 2663 2334 2719 scribendi
2381 2665 2682 2718 necessitas
2745 2665 3017 2719 incumbit
3054 2666 3236 2729 nobis,
3291 2667 3386 2720 sed
3442 2665 3638 2720 adum-

2059 2755 2258 2811 bratim
2289 2753 2430 2809 facta
2471 2755 2912 2810 demonstrandi.

2127 2845 2218 2900 48.
2275 2843 2381 2910 Qui
2439 2844 2551 2898 laesi
2601 2844 2836 2898 fuerunt
2883 2843 3062 2907 tnultl,
3115 2843 3273 2909 varii,
3323 2844 3632 2915 linguarum

2060 2937 2404 2992 diversarum
2438 2937 2621 3005 periti,
2649 2937 2744 2990 alii
2794 2937 2903 2990 alio
2942 2937 3210 3005 dispersi,
3243 2937 3288 2990 si
3319 2951 3426 3006 qua
3461 2939 3638 2991 tribus

2059 3045 2125 3085 ex
2155 3029 2302 3094 l’isa,
2331 3030 2376 3084 si
2414 3044 2519 3099 qua
2569 3027 2909 3092 Genuensis;
2937 3028 3118 3084 tribus
3145 3027 3446 3083 Tuscorum
3474 3039 3637 3097 atqtte

2061 3121 2526 3184 Lombardorum;
2553 3135 2658 3174 non
2691 3123 2836 3174 enim
2861 3120 3013 3173 obliti
3057 3135 3252 3174 sumus
3295 3120 3441 3189 quod
3493 3121 3639 3189 passi

2063 3229 2254 3268 sumus
2308 3229 2373 3267 ex
2417 3213 2810 3282 Longibardis,
2839 3229 2936 3266 nec
2972 3214 3077 3266 alia
3114 3214 3311 3266 similia
3341 3231 3354 3279 ;
3386 3227 3490 3268 nec
3513 3225 3632 3268 vert

2062 3307 2200 3362 alias
2228 3306 2608 3374 deputatorum
2645 3305 2930 3359 nobilium.
2958 3307 3191 3369 Quidam
3219 3319 3350 3357 vero
3382 3303 3639 3366 Malinue,

2061 3406 2116 3452 et
2151 3396 2454 3452 Dalasenus
2503 3405 2558 3452 ct
2589 3397 2780 3463 Clado,
2830 3412 2894 3452 ac
2931 3396 3154 3467 quidam
3189 3395 3502 3466 ltujusmodi
3557 3413 3643 3451 se-

2061 3489 2231 3544 cundi
2261 3489 2493 3553 ordinis,
2529 3497 2792 3560 praeterea
2821 3489 3058 3544 ministri
3100 3504 3320 3558 quoque
3353 3489 3641 3559 magistra-

2063 3590 2240 3646 tuum,
2275 3597 2413 3651 quos
2458 3581 2806 3636 Andronicus
2858 3581 3000 3635 male
3059 3583 3351 3645 tractavit;
3413 3581 3464 3632 bi
3516 3580 3644 3648 qui-

2060 3675 2181 3729 dem
2202 3685 2254 3728 et
2275 3674 2588 3744 quicunque
2615 3673 2707 3727 alii
2739 3672 2795 3727 in
2833 3673 2990 3726 malis
3021 3673 3246 3743 paribus
3274 3682 3454 3733 erant,
3478 3673 3642 3741 legati

2066 3767 2285 3821 iverunt
2318 3767 2384 3820 ad
2421 3767 2624 3820 multos
2669 3765 3177 3835 potentissimorum
3204 3806 3219 3829 ,
3279 3765 3362 3818 ad'
3396 3765 3637 3818 Orientis

2062 3867 2116 3912 ct
2161 3862 2227 3914 ad
2264 3857 2578 3912 Occidentis
2609 3857 2798 3910 finium
2847 3859 3114 3926 regiones.
3161 3855 3409 3924 Plerique
3457 3857 3639 3907 irrita-

2061 3959 2257 4004 verunt
2310 3950 2574 4005 sultanem
2648 3947 2946 4002 referentes
2991 3946 3209 4015 juvenis
3267 3946 3440 4000 Alexii
3494 3962 3641 4000 mor-

2065 4052 2172 4095 tem
2228 4051 2610 4110 praetnaturam
2659 4037 3028 4106 imperatoris,
3059 4037 3146 4089 cui
3199 4037 3357 4090 fidem
3409 4037 3641 4090 debebat

2063 4139 2288 4201 pr0pter
2323 4129 2620 4184 Manuelem
2679 4137 2888 4198 patrem
2946 4129 3322 4196 Agarenorum
3374 4143 3495 4191 rex;
3546 4129 3639 4180 alii

2063 4239 2190 4279 vero
2217 4240 2340 4278 eum
2364 4223 2456 4293 qui
2509 4223 2770 4292 regnabat
2819 4221 3124 4276 Antiochiae
3169 4229 3222 4274 et
3278 4236 3372 4288 per
3427 4223 3639 4285 orbein,

2065 4319 2328 4385 illumque
2389 4316 2480 4384 qui
2542 4324 2770 4383 praeerat
2818 4313 3112 4379 Ecclesiae;
3147 4313 3240 4366 alii
3297 4314 3459 4364 etiam
3517 4328 3640 4365 eum

2065 4411 2156 4480 qui
2190 4407 2582 4478 Hierosolymis
2634 4406 2777 4475 regis
2843 4405 3008 4460 tltulo
3049 4405 3314 4458 militabat
3345 4418 3443 4472 pro
3476 4404 3638 4456 bono.

401 4492 458 4542 ἐν
499 4492 895 4563 Ἱεροσολύμοις
942 4494 1206 4565 ζηλοῦντα
1243 4497 1538 4565 βασιλικῶς
1575 4501 1714 4571 ὑπὲρ
1744 4503 1838 4556 τοῦ
1867 4520 1958 4557 κα-

2072 4501 2140 4555 lli
2191 4517 2348 4570 reges
2398 4499 2568 4568 igitur
2601 4506 2721 4568 post
2769 4497 3072 4552 Manuelem
3125 4495 3238 4550 lilio
3283 4495 3405 4563 ejus
3449 4494 3642 4546 Alexio

402 4580 519 4634 λοῦ.
557 4583 864 4656 Ὠφειλέτην
893 4587 947 4637 δὲ
981 4589 1090 4656 ἄρα
1117 4589 1206 4640 καὶ
1238 4589 1412 4642 τούτω
1440 4591 1516 4642 τὼ
1545 4591 1770 4662 ἄρχοντε
1795 4595 1962 4666 ὀρθὴν

404 4673 622 4742 ἀγάπην
656 4677 745 4729 καὶ
788 4678 1112 4748 ἐπικουρίαν
1150 4680 1290 4749 μετὰ
1320 4680 1410 4732 τὸν
1447 4683 1704 4754 Μανουὴλ
1752 4687 1967 4738 ἀδικου-

405 4765 546 4834 μένῳ
598 4766 676 4835 τῷ
729 4767 831 4837 υίῷ
883 4768 1122 4838 Ἄλεξίς»,
1176 4771 1243 4823 Al
1291 4771 1346 4823 δὲ
1399 4774 1814 4845 ἐντρεχέστεραι
1857 4778 1965 4830 τῶν

409 4857 714 4926 πρεσϐειῶν
746 4860 873 4930 περὶ
921 4864 988 4913 τὰ
1029 4861 1148 4914 καθ’
1183 4863 1424 4933 ἑσπέραν
1463 4864 1825 4929 ὲξετελοῦντο.
1862 4868 1968 4920 Καὶ

404 4949 673 5015 emacem
725 4953 862 5021 πρὸς
897 4955 1026 5023 μὲν.
1043 4953 1149 5007 τῶν
1195 4955 1223 5006 ὁ
1265 4956 1376 5026 ,τῶν
1411 4957 1468 5007 ὲν
1518 4959 1730 5028 μεγάλῃ
1775 4959 1963 5031 Ῥώμῃ

404 5043 793 5113 ἁρχιερατικῶς
820 5045 1152 5116 ύπερεστὼς,
1183 5047 1274 5098 καὶ
1301 5047 1457 5110 εἴτις
1479 5049 1635 5111 ἄλλος
1662 5051 1793 5120 παρ’
1820 5052 1966 5122 αύτῴ

407 5136 497 5184 καὶ
545 5135 665 5188 κατ’
696 5136 861 5188 αὑτὸν
893 5137 1089 5206 ἰσχύων
1112 5154 1124 5166 ·
1161 5139 1295 5207 πρὸς
1324 5138 1380 5190 δὲ
1426 5139 1534 5191 τῶν
1565 5143 1592 5193 ὁ
1625 5141 1965 5211 Γερμανικὸς

407 5227 696 5297 φύλαρχος.
761 5229 996 5298 Ὠχλεῖτο
1047 5229 1104 5282 δὲ
1137 5232 1549 5300 πρεσϐευτικῶς
1594 5235 1686 5286 καὶ
1741 5235 1769 5286 ὁ
1801 5236 1966 5298 πολὺς

405 5319 500 5388 τὴν
553 5321 805 5384 ἐξουσίαν
850 5321 1170 5390 Ἀλαμανός.
1227 5323 1334 5375 Καὶ
1393 5324 1513 5376 οὐδὲ
1571 5325 1600 5376 ὀ
1656 5327 1968 5396 Μαρκέσιος

412 5413 579 5482 ἡσυχῆ
612 5415 799 5482 μένειν
832 5415 1045 5482 ἀφίετο,
1079 5414 1330 5485 καθάπερ
1361 5416 1482 5468 οὐδὲ
1508 5418 1535 5469 ὁ
1563 5418 1659 5486 τῆς
1693 5418 1971 5486 Ούγγρίας

2072 4593 2273 4664 injuste
2307 4591 2492 4645 babito
2520 4605 2756 4644 amorem
2797 4597 2852 4644 et
2895 4603 3084 4644 curam
3121 4587 3324 4642 merito
3349 4586 3640 4640 debebant.

2071 4682 2369 4738 Celeriores
2389 4695 2517 4736 vero
2536 4681 2827 4750 legationes
2852 4677 3159 4735 Occidentis
3179 4685 3360 4745 partes
3378 4677 3642 4732 viserunl.

2071 4773 2318 4841 Rogabat
2343 4788 2560 4841 quoque
2586 4788 2683 4841 pro
2705 4770 3024 4841 hujusmodi
3053 4770 3147 4838 qui
3194 4767 3379 4822 Romae
3433 4781 3646 4837 magna:

2073 4867 2570 4938 arcltiprt-sbyterio
2599 4874 2814 4936 praaest,
2848 4879 2912 4918 ac
2946 4865 2988 4916 si
3020 4862 3144 4931 quis
3178 4871 3264 4916 est
3293 4875 3463 4930 prope
3492 4861 3642 4914 illum

2071 4972 2296 5029 potens;
2351 4950 2473 5027 'pro
2527 4959 2649 5013 aliis
2725 4955 2832 5011 dux
2902 4955 3321 5009 Germanorum.
3391 4952 3647 5006 Mereba-

2076 5062 2168 5106 tur
2219 5067 2348 5106 vero
2410 5052 2681 5121 legatione
2735 5050 2940 5104 multus
3003 5055 3274 5118 potestate
3326 5047 3645 5100 Alemanus.

2069 5141 2180 5198 Nec
2232 5141 2532 5198 Marcesius
2583 5141 2914 5210 tranquillus
2967 5149 3181 5210 poterat
3233 5152 3492 5200 manere,
3544 5149 3648 5189 ne:

2072 5237 2362 5303 liungaritc
2386 5235 2518 5301 dux,
2543 5251 2641 5290 nec
2671 5234 3002 5304 quicumque
3029 5233 3243 5288 viciniae
3269 5231 3538 5300 princeps.
3567 5227 3648 5280 At.

2073 5329 2294 5396 ubique.
2328 5326 2415 5382 ltic
2461 5327 2765 5396 descriptio
2810 5327 3120 5396 principum
3159 5323 3459 5383 nominum,
3490 5318 3564 5371 ibi
3599 5317 3645 5370 si

2076 5420 2185 5473 vita
2217 5420 2403 5474 deerat
2431 5420 2828 5489 respiciebatur
2855 5419 2922 5472 ad
2963 5418 3109 5479 illos,
3137 5415 3410 5483 pedesque
3459 5408 3644 5463 statim

410 5504 645 5575 κράλης’
698 5509 792 5559 καὶ
839 5505 897 5569 ὃς
943 5506 998 5558 δὲ
1047 5507 1207 5568 ἄλλος
1264 5508 1483 5576 ἰσχυρὸς
1528 5508 1826 5578 περίοικος.
1867 5510 1958 5560 Kal

2076 5512 2390 5578 currebant,
2411 5528 2472 5566 ac
2515 5513 2696 5583 lingua
2723 5513 3048 5581 loquebatur
3079 5507 3265 5572 simul,
3291 5519 3356 5559 ac
3388 5519 3486 5574 pro
3519 5517 3644 5573 per-

409 5597 562 5657 ολως,
613 5597 740 5650 ἔνθα
797 5601 1126 5669 περιήγησις
1172 5600 1415 5670 ἀρχικῶν
1478 5601 1800 5669 ὀνομάτων,
1862 5600 1958 5652 tu

2077 5605 2331 5660 suasione
2377 5606 2730 5675 operabatur.

412 5689 720 5741 ἀπέϐλεπεν
757 5690 943 5752 αὐτοῖς
996 5691 1056 5742 τὸ
1101 5690 1354 5763 δεόμενον
1405 5693 1502 5762 τῆς
1531 5692 1744 5764 ψυχῆς·
1795 5694 1888 5746 καὶ
1921 5693 1968 5746 oi
2011 5695 2171 5758 πόδες
2221 5697 2418 5751 αὐτίκα
2461 5697 2703 5768 ἔτρεχον,
2754 5696 2848 5751 καὶ
2921 5696 2954 5763 η
3005 5693 3227 5760 γλῶσσα
3295 5692 3494 5755 ἐλάλει,
3552 5686 3644 5742 καὶ

411 5781 630 5851 ἐνήργει
664 5783 796 5856 πρὸς
837 5783 1031 5840 πειθώ.
