  <div class='ocr_page' id='page_1' title='image "/cluster/home/n/w/nwhite01/storage/ocr_20150623/136/hvd.32044054100201/037.png"; bbox 0 0 4036 6224; ppageno 0'>
   <div class='ocr_carea' id='block_1_1' title="bbox 420 334 2015 420">
    <p class='ocr_par' dir='ltr' id='par_1_1' title="bbox 420 341 2015 420">
     <span class='ocr_line' id='line_1_1' title="bbox 420 341 2015 420; baseline -0.014 0"><span class='ocrx_word' id='word_1_1' title='bbox 420 358 494 420; x_wconf 78' lang='lat'><strong>63</strong></span> <span class='ocrx_word' id='word_1_2' title='bbox 1113 345 1527 407; x_wconf 70' lang='lat' dir='ltr'><strong>EUSTATHH</strong></span> <span class='ocrx_word' id='word_1_3' title='bbox 1574 344 1676 402; x_wconf 77' lang='grc' dir='ltr'><strong>ΤΗ</strong></span> <span class='ocrx_word' id='word_1_4' title='bbox 1689 343 1865 401; x_wconf 66' lang='grc' dir='ltr'>εδελ</span> <span class='ocrx_word' id='word_1_5' title='bbox 1876 341 2015 400; x_wconf 80' lang='lat' dir='ltr'><strong>LON</strong></span> 
     </span>
    </p>
   </div>
   <div class='ocr_carea' id='block_1_2' title="bbox 2118 334 3695 420">
    <p class='ocr_par' dir='ltr' id='par_1_2' title="bbox 2118 334 3695 400">
     <span class='ocr_line' id='line_1_2' title="bbox 2118 334 3695 400; baseline -0.002 -2"><span class='ocrx_word' id='word_1_6' title='bbox 2118 339 2330 399; x_wconf 81' lang='lat' dir='ltr'><strong>ENSIS</strong></span> <span class='ocrx_word' id='word_1_7' title='bbox 2367 337 2924 400; x_wconf 67' lang='lat' dir='ltr'><strong>METROPOLI&#39;LB</strong></span> <span class='ocrx_word' id='word_1_8' title='bbox 3618 334 3695 396; x_wconf 72' lang='grc'>64</span> 
     </span>
    </p>
   </div>
   <div class='ocr_carea' id='block_1_3' title="bbox 427 448 2015 526">
    <p class='ocr_par' dir='ltr' id='par_1_3' title="bbox 427 451 2004 526">
     <span class='ocr_line' id='line_1_3' title="bbox 427 451 2004 526; baseline -0.012 -4"><span class='ocrx_word' id='word_1_9' title='bbox 427 470 555 522; x_wconf 82' lang='lat' dir='ltr'><strong>dum</strong></span> <span class='ocrx_word' id='word_1_10' title='bbox 594 460 719 526; x_wconf 79' lang='lat' dir='ltr'><strong>sibi,</strong></span> <span class='ocrx_word' id='word_1_11' title='bbox 745 466 1138 526; x_wconf 76' lang='lat' dir='ltr'><strong>cavet-uritque.</strong></span> <span class='ocrx_word' id='word_1_12' title='bbox 1179 456 1308 510; x_wconf 82' lang='lat' dir='ltr'><strong>Erat</strong></span> <span class='ocrx_word' id='word_1_13' title='bbox 1337 464 1518 508; x_wconf 85' lang='lat' dir='ltr'><strong>autem</strong></span> <span class='ocrx_word' id='word_1_14' title='bbox 1555 456 1711 507; x_wconf 83' lang='lat' dir='ltr'><strong>nobis</strong></span> <span class='ocrx_word' id='word_1_15' title='bbox 1752 469 1838 507; x_wconf 88' lang='lat' dir='ltr'><strong>res</strong></span> <span class='ocrx_word' id='word_1_16' title='bbox 1868 451 2004 516; x_wconf 85' lang='lat' dir='ltr'><strong>alia,</strong></span> 
     </span>
    </p>
   </div>
   <div class='ocr_carea' id='block_1_4' title="bbox 2118 448 3697 526">
    <p class='ocr_par' dir='ltr' id='par_1_4' title="bbox 2118 448 3697 522">
     <span class='ocr_line' id='line_1_4' title="bbox 2118 448 3697 522; baseline 0.001 -21"><span class='ocrx_word' id='word_1_17' title='bbox 2118 451 2342 520; x_wconf 71' lang='grc' dir='ltr'><strong>ἐπῆλθε·</strong></span> <span class='ocrx_word' id='word_1_18' title='bbox 2370 451 2464 504; x_wconf 75' lang='grc' dir='ltr'>καὶ</span> <span class='ocrx_word' id='word_1_19' title='bbox 2491 453 2948 522; x_wconf 80' lang='grc' dir='ltr'>παρωρμήσαρεν</span> <span class='ocrx_word' id='word_1_20' title='bbox 2993 448 3357 518; x_wconf 70' lang='grc' dir='ltr'>φυλάξασθαι.</span> <span class='ocrx_word' id='word_1_21' title='bbox 3408 450 3502 502; x_wconf 74' lang='grc' dir='ltr'>καὶ</span> <span class='ocrx_word' id='word_1_22' title='bbox 3555 450 3697 519; x_wconf 75' lang='grc' dir='ltr'>ἐφυ-</span> 
     </span>
    </p>
   </div>
   <div class='ocr_carea' id='block_1_5' title="bbox 424 541 2015 616">
    <p class='ocr_par' dir='ltr' id='par_1_5' title="bbox 424 544 2001 616">
     <span class='ocr_line' id='line_1_5' title="bbox 424 544 2001 616; baseline -0.013 -4"><span class='ocrx_word' id='word_1_23' title='bbox 424 573 518 612; x_wconf 80' lang='lat' dir='ltr'><strong>cor</strong></span> <span class='ocrx_word' id='word_1_24' title='bbox 572 555 828 605; x_wconf 77' lang='lat' dir='ltr'><strong>intimum</strong></span> <span class='ocrx_word' id='word_1_25' title='bbox 886 559 1164 616; x_wconf 69' lang='lat' dir='ltr'><strong>spectans.</strong></span> <span class='ocrx_word' id='word_1_26' title='bbox 1210 544 1430 600; x_wconf 82' lang='lat' dir='ltr'><strong>Duobus</strong></span> <span class='ocrx_word' id='word_1_27' title='bbox 1487 544 1892 602; x_wconf 75' lang='lat' dir='ltr'><strong>detinebantur.</strong></span> <span class='ocrx_word' id='word_1_28' title='bbox 1943 550 2001 594; x_wconf 92' lang='lat' dir='ltr'><strong>ut</strong></span> 
     </span>
    </p>
   </div>
   <div class='ocr_carea' id='block_1_6' title="bbox 2118 541 3693 616">
    <p class='ocr_par' dir='ltr' id='par_1_6' title="bbox 2118 541 3693 614">
     <span class='ocr_line' id='line_1_6' title="bbox 2118 541 3693 614; baseline -0.002 -20"><span class='ocrx_word' id='word_1_29' title='bbox 2118 545 2412 613; x_wconf 70' lang='grc' dir='ltr'>λάχθησαν.</span> <span class='ocrx_word' id='word_1_30' title='bbox 2445 546 2555 597; x_wconf 77' lang='grc' dir='ltr'><strong>Καὶ</strong></span> <span class='ocrx_word' id='word_1_31' title='bbox 2578 541 2646 614; x_wconf 74' lang='grc' dir='ltr'>ἦν</span> <span class='ocrx_word' id='word_1_32' title='bbox 2683 546 2780 614; x_wconf 76' lang='grc' dir='ltr'>μὲν</span> <span class='ocrx_word' id='word_1_33' title='bbox 2811 545 2874 597; x_wconf 76' lang='grc' dir='ltr'>τὸ</span> <span class='ocrx_word' id='word_1_34' title='bbox 2901 545 3136 614; x_wconf 80' lang='grc' dir='ltr'>πρᾶγμα</span> <span class='ocrx_word' id='word_1_35' title='bbox 3164 541 3259 594; x_wconf 78' lang='grc' dir='ltr'>καὶ</span> <span class='ocrx_word' id='word_1_36' title='bbox 3304 543 3436 611; x_wconf 73' lang='grc' dir='ltr'>ἡμῖν</span> <span class='ocrx_word' id='word_1_37' title='bbox 3465 544 3693 610; x_wconf 71' lang='grc' dir='ltr'>ἐφετὸν,</span> 
     </span>
    </p>
   </div>
   <div class='ocr_carea' id='block_1_7' title="bbox 426 632 2015 707">
    <p class='ocr_par' dir='ltr' id='par_1_7' title="bbox 426 635 2001 707">
     <span class='ocr_line' id='line_1_7' title="bbox 426 635 2001 707; baseline -0.01 -5"><span class='ocrx_word' id='word_1_38' title='bbox 426 651 658 702; x_wconf 74' lang='lat' dir='ltr'><strong>vim-tur.</strong></span> <span class='ocrx_word' id='word_1_39' title='bbox 683 643 793 698; x_wconf 81' lang='lat' dir='ltr'><strong>Nec</strong></span> <span class='ocrx_word' id='word_1_40' title='bbox 820 642 966 698; x_wconf 82' lang='lat' dir='ltr'><strong>enim</strong></span> <span class='ocrx_word' id='word_1_41' title='bbox 987 641 1096 694; x_wconf 76' lang='lat' dir='ltr'><strong>dux</strong></span> <span class='ocrx_word' id='word_1_42' title='bbox 1124 653 1345 707; x_wconf 84' lang='lat' dir='ltr'><strong>operam</strong></span> <span class='ocrx_word' id='word_1_43' title='bbox 1371 636 1520 691; x_wconf 87' lang='lat' dir='ltr'><strong>dedit</strong></span> <span class='ocrx_word' id='word_1_44' title='bbox 1545 642 1604 688; x_wconf 89' lang='lat' dir='ltr'><strong>ut</strong></span> <span class='ocrx_word' id='word_1_45' title='bbox 1635 635 1866 688; x_wconf 84' lang='lat' dir='ltr'><strong>salvaret</strong></span> <span class='ocrx_word' id='word_1_46' title='bbox 1901 647 2001 687; x_wconf 82' lang='lat' dir='ltr'><strong>nos</strong></span> 
     </span>
    </p>
   </div>
   <div class='ocr_carea' id='block_1_8' title="bbox 2118 632 3689 707">
    <p class='ocr_par' dir='ltr' id='par_1_8' title="bbox 2118 632 3689 705">
     <span class='ocr_line' id='line_1_8' title="bbox 2118 632 3689 705; baseline -0.003 -16"><span class='ocrx_word' id='word_1_47' title='bbox 2118 632 2198 689; x_wconf 75' lang='grc' dir='ltr'>οἷα</span> <span class='ocrx_word' id='word_1_48' title='bbox 2223 635 2676 704; x_wconf 77' lang='grc' dir='ltr'>ἐθελοψυχοῦσιν·</span> <span class='ocrx_word' id='word_1_49' title='bbox 2712 636 3087 705; x_wconf 79' lang='grc' dir='ltr'>ὲπεσχέθημεν</span> <span class='ocrx_word' id='word_1_50' title='bbox 3149 634 3212 687; x_wconf 67' lang='grc' dir='ltr'>δὲ</span> <span class='ocrx_word' id='word_1_51' title='bbox 3264 633 3411 686; x_wconf 86' lang='grc' dir='ltr'>δυοῖν</span> <span class='ocrx_word' id='word_1_52' title='bbox 3470 634 3689 696; x_wconf 70' lang='grc' dir='ltr'>ἕνεκεν,</span> 
     </span>
    </p>
   </div>
   <div class='ocr_carea' id='block_1_9' title="bbox 423 724 2015 802">
    <p class='ocr_par' dir='ltr' id='par_1_9' title="bbox 423 724 2008 802">
     <span class='ocr_line' id='line_1_9' title="bbox 423 724 2008 802; baseline -0.01 -10"><span class='ocrx_word' id='word_1_53' title='bbox 423 741 496 794; x_wconf 81' lang='lat' dir='ltr'><strong>ob</strong></span> <span class='ocrx_word' id='word_1_54' title='bbox 539 753 762 791; x_wconf 78' lang='lat' dir='ltr'><strong>causam</strong></span> <span class='ocrx_word' id='word_1_55' title='bbox 821 747 984 802; x_wconf 82' lang='lat' dir='ltr'><strong>quam</strong></span> <span class='ocrx_word' id='word_1_56' title='bbox 1023 729 1176 785; x_wconf 83' lang='lat' dir='ltr'><strong>solus</strong></span> <span class='ocrx_word' id='word_1_57' title='bbox 1211 727 1429 796; x_wconf 86' lang='lat' dir='ltr'><strong>sapiens</strong></span> <span class='ocrx_word' id='word_1_58' title='bbox 1471 725 1775 794; x_wconf 69' lang='lat' dir='ltr'><strong>intelligere</strong></span> <span class='ocrx_word' id='word_1_59' title='bbox 1809 724 2008 792; x_wconf 84' lang='lat' dir='ltr'><strong>poterit</strong></span> 
     </span>
    </p>
   </div>
   <div class='ocr_carea' id='block_1_10' title="bbox 2118 724 3690 802">
    <p class='ocr_par' dir='ltr' id='par_1_10' title="bbox 2118 725 3690 798">
     <span class='ocr_line' id='line_1_10' title="bbox 2118 725 3690 798; baseline -0.001 -18"><span class='ocrx_word' id='word_1_60' title='bbox 2118 728 2186 790; x_wconf 71' lang='grc' dir='ltr'>ὡς</span> <span class='ocrx_word' id='word_1_61' title='bbox 2216 728 2413 782; x_wconf 81' lang='grc' dir='ltr'><strong>δοκεῖν.</strong></span> <span class='ocrx_word' id='word_1_62' title='bbox 2452 726 2590 780; x_wconf 84' lang='grc' dir='ltr'><strong>Οὔτε</strong></span> <span class='ocrx_word' id='word_1_63' title='bbox 2609 729 2718 797; x_wconf 77' lang='grc' dir='ltr'><strong>γὰρ</strong></span> <span class='ocrx_word' id='word_1_64' title='bbox 2747 730 2774 779; x_wconf 80' lang='grc' dir='ltr'>ὁ</span> <span class='ocrx_word' id='word_1_65' title='bbox 2799 727 3103 798; x_wconf 80' lang='grc' dir='ltr'>στρατηγὸς</span> <span class='ocrx_word' id='word_1_66' title='bbox 3135 725 3504 796; x_wconf 77' lang='grc' dir='ltr'>προεθυμήοη</span> <span class='ocrx_word' id='word_1_67' title='bbox 3573 743 3690 780; x_wconf 85' lang='grc' dir='ltr'>σω-</span> 
     </span>
    </p>
   </div>
   <div class='ocr_carea' id='block_1_11' title="bbox 425 813 2015 890">
    <p class='ocr_par' dir='ltr' id='par_1_11' title="bbox 425 813 2003 890">
     <span class='ocr_line' id='line_1_11' title="bbox 425 813 2003 890; baseline -0.012 -5"><span class='ocrx_word' id='word_1_68' title='bbox 425 833 522 885; x_wconf 69' lang='lat' dir='ltr'><strong>cui</strong></span> <span class='ocrx_word' id='word_1_69' title='bbox 581 835 766 882; x_wconf 84' lang='lat' dir='ltr'><strong>datum</strong></span> <span class='ocrx_word' id='word_1_70' title='bbox 817 833 923 878; x_wconf 76' lang='lat' dir='ltr'><strong>est.</strong></span> <span class='ocrx_word' id='word_1_71' title='bbox 983 821 1221 890; x_wconf 83' lang='lat' dir='ltr'><strong>Populus</strong></span> <span class='ocrx_word' id='word_1_72' title='bbox 1285 833 1412 873; x_wconf 81' lang='lat' dir='ltr'><strong>rere</strong></span> <span class='ocrx_word' id='word_1_73' title='bbox 1475 817 1567 871; x_wconf 86' lang='lat' dir='ltr'><strong>Dei</strong></span> <span class='ocrx_word' id='word_1_74' title='bbox 1623 825 1754 870; x_wconf 87' lang='lat' dir='ltr'><strong>tunc</strong></span> <span class='ocrx_word' id='word_1_75' title='bbox 1801 831 1860 868; x_wconf 85' lang='lat' dir='ltr'><strong>se</strong></span> <span class='ocrx_word' id='word_1_76' title='bbox 1905 813 2003 867; x_wconf 85' lang='lat' dir='ltr'><strong>de-</strong></span> 
     </span>
    </p>
   </div>
   <div class='ocr_carea' id='block_1_12' title="bbox 2118 813 3696 890">
    <p class='ocr_par' dir='ltr' id='par_1_12' title="bbox 2118 816 3696 887">
     <span class='ocr_line' id='line_1_12' title="bbox 2118 816 3696 887; baseline 0 -17"><span class='ocrx_word' id='word_1_77' title='bbox 2118 819 2272 887; x_wconf 74' lang='grc' dir='ltr'>θῆναι</span> <span class='ocrx_word' id='word_1_78' title='bbox 2296 820 2441 887; x_wconf 79' lang='grc' dir='ltr'>ἡμᾶς</span> <span class='ocrx_word' id='word_1_79' title='bbox 2465 818 2532 871; x_wconf 78' lang='grc' dir='ltr'><strong>δι’</strong></span> <span class='ocrx_word' id='word_1_80' title='bbox 2563 820 2767 883; x_wconf 72' lang='grc' dir='ltr'>αἰτίαν,</span> <span class='ocrx_word' id='word_1_81' title='bbox 2794 819 2860 887; x_wconf 78' lang='grc' dir='ltr'>ἢν</span> <span class='ocrx_word' id='word_1_82' title='bbox 2887 819 2962 880; x_wconf 79' lang='grc' dir='ltr'>ὡς</span> <span class='ocrx_word' id='word_1_83' title='bbox 3021 818 3321 887; x_wconf 84' lang='grc' dir='ltr'>θυμοσόφῳ</span> <span class='ocrx_word' id='word_1_84' title='bbox 3372 816 3569 885; x_wconf 70' lang='grc' dir='ltr'>ἐκείνῳ</span> <span class='ocrx_word' id='word_1_85' title='bbox 3617 820 3696 870; x_wconf 74' lang='grc' dir='ltr'><strong>εί-</strong></span> 
     </span>
    </p>
   </div>
   <div class='ocr_carea' id='block_1_13' title="bbox 427 905 2015 979">
    <p class='ocr_par' dir='ltr' id='par_1_13' title="bbox 427 905 2002 978">
     <span class='ocr_line' id='line_1_13' title="bbox 427 905 2002 978; baseline -0.012 -1"><span class='ocrx_word' id='word_1_86' title='bbox 427 925 679 977; x_wconf 79' lang='lat' dir='ltr'><strong>rrlictum</strong></span> <span class='ocrx_word' id='word_1_87' title='bbox 731 918 902 971; x_wconf 82' lang='lat' dir='ltr'><strong>fuisse</strong></span> <span class='ocrx_word' id='word_1_88' title='bbox 930 915 1139 975; x_wconf 78' lang='lat' dir='ltr'><strong>dicens,</strong></span> <span class='ocrx_word' id='word_1_89' title='bbox 1160 912 1204 966; x_wconf 89' lang='lat' dir='ltr'><strong>si</strong></span> <span class='ocrx_word' id='word_1_90' title='bbox 1255 925 1355 965; x_wconf 88' lang='lat' dir='ltr'><strong>nos</strong></span> <span class='ocrx_word' id='word_1_91' title='bbox 1405 923 1622 978; x_wconf 88' lang='lat' dir='ltr'><strong>quoque</strong></span> <span class='ocrx_word' id='word_1_92' title='bbox 1670 905 2002 974; x_wconf 78' lang='lat' dir='ltr'><strong>fugeremus,</strong></span> 
     </span>
    </p>
   </div>
   <div class='ocr_carea' id='block_1_14' title="bbox 2118 905 3775 979">
    <p class='ocr_par' dir='ltr' id='par_1_14' title="bbox 2118 906 3775 979">
     <span class='ocr_line' id='line_1_14' title="bbox 2118 906 3775 979; baseline -0.002 -17"><span class='ocrx_word' id='word_1_93' title='bbox 2118 909 2262 962; x_wconf 75' lang='grc' dir='ltr'>δέναι</span> <span class='ocrx_word' id='word_1_94' title='bbox 2293 909 2444 979; x_wconf 83' lang='grc' dir='ltr'>μόνῳ</span> <span class='ocrx_word' id='word_1_95' title='bbox 2475 909 2797 979; x_wconf 86' lang='grc' dir='ltr'>κεχάρισται</span> <span class='ocrx_word' id='word_1_96' title='bbox 2831 924 2846 940; x_wconf 88' lang='grc'><strong>·</strong></span> <span class='ocrx_word' id='word_1_97' title='bbox 2877 909 2906 960; x_wconf 85' lang='grc' dir='ltr'>ὀ</span> <span class='ocrx_word' id='word_1_98' title='bbox 2955 908 3083 969; x_wconf 79' lang='grc' dir='ltr'>λαὸς</span> <span class='ocrx_word' id='word_1_99' title='bbox 3112 907 3171 959; x_wconf 83' lang='grc' dir='ltr'>δὲ</span> <span class='ocrx_word' id='word_1_100' title='bbox 3198 907 3293 960; x_wconf 89' lang='grc' dir='ltr'><strong>τοῦ</strong></span> <span class='ocrx_word' id='word_1_101' title='bbox 3322 906 3460 959; x_wconf 84' lang='grc' dir='ltr'>Θεοῦ</span> <span class='ocrx_word' id='word_1_102' title='bbox 3507 910 3536 960; x_wconf 81' lang='grc' dir='ltr'>ὁ</span> <span class='ocrx_word' id='word_1_103' title='bbox 3597 911 3692 960; x_wconf 78' lang='grc' dir='ltr'><strong>ὲνο</strong></span> <span class='ocrx_word' id='word_1_104' title='bbox 3768 929 3775 947; x_wconf 73' lang='grc' dir='ltr'>ε</span> 
     </span>
    </p>
   </div>
   <div class='ocr_carea' id='block_1_15' title="bbox 431 995 2015 1079">
    <p class='ocr_par' dir='ltr' id='par_1_15' title="bbox 431 995 2010 1079">
     <span class='ocr_line' id='line_1_15' title="bbox 431 995 2010 1079; baseline -0.012 -10"><span class='ocrx_word' id='word_1_105' title='bbox 431 1015 593 1069; x_wconf 87' lang='lat' dir='ltr'><strong>nobis</strong></span> <span class='ocrx_word' id='word_1_106' title='bbox 640 1013 732 1079; x_wconf 85' lang='lat' dir='ltr'><strong>qui</strong></span> <span class='ocrx_word' id='word_1_107' title='bbox 769 1009 1002 1063; x_wconf 87' lang='lat' dir='ltr'><strong>salutem</strong></span> <span class='ocrx_word' id='word_1_108' title='bbox 1032 1005 1308 1075; x_wconf 83' lang='lat' dir='ltr'><strong>propriam</strong></span> <span class='ocrx_word' id='word_1_109' title='bbox 1351 1001 1749 1071; x_wconf 59' lang='lat' dir='ltr'><strong>quasieramus</strong></span> <span class='ocrx_word' id='word_1_110' title='bbox 1790 995 2010 1052; x_wconf 82' lang='lat' dir='ltr'><strong>claude-</strong></span> 
     </span>
    </p>
   </div>
   <div class='ocr_carea' id='block_1_16' title="bbox 2118 995 3697 1079">
    <p class='ocr_par' dir='ltr' id='par_1_16' title="bbox 2118 998 3697 1078">
     <span class='ocr_line' id='line_1_16' title="bbox 2118 998 3697 1078; baseline -0.001 -24"><span class='ocrx_word' id='word_1_111' title='bbox 2118 1001 2290 1054; x_wconf 80' lang='grc' dir='ltr'>ταῦθα</span> <span class='ocrx_word' id='word_1_112' title='bbox 2327 1002 2402 1072; x_wconf 84' lang='grc' dir='ltr'>μὴ</span> <span class='ocrx_word' id='word_1_113' title='bbox 2439 1001 2505 1054; x_wconf 83' lang='grc' dir='ltr'>ἂν</span> <span class='ocrx_word' id='word_1_114' title='bbox 2537 1000 2895 1078; x_wconf 64' lang='grc' dir='ltr'>ὑπολιπέσραι</span> <span class='ocrx_word' id='word_1_115' title='bbox 2920 998 3113 1064; x_wconf 71' lang='grc' dir='ltr'>εἰπὼν,</span> <span class='ocrx_word' id='word_1_116' title='bbox 3145 1002 3195 1052; x_wconf 73' lang='grc' dir='ltr'><strong>εἰ</strong></span> <span class='ocrx_word' id='word_1_117' title='bbox 3223 999 3322 1053; x_wconf 78' lang='grc' dir='ltr'><strong>καὶ</strong></span> <span class='ocrx_word' id='word_1_118' title='bbox 3377 1000 3542 1070; x_wconf 71' lang='grc' dir='ltr'>ἡμεῖς</span> <span class='ocrx_word' id='word_1_119' title='bbox 3597 1001 3697 1053; x_wconf 78' lang='grc' dir='ltr'><strong>ἑκ-</strong></span> 
     </span>
    </p>
   </div>
   <div class='ocr_carea' id='block_1_17' title="bbox 423 1087 2015 1173">
    <p class='ocr_par' dir='ltr' id='par_1_17' title="bbox 423 1087 2009 1173">
     <span class='ocr_line' id='line_1_17' title="bbox 423 1087 2009 1173; baseline -0.011 -13"><span class='ocrx_word' id='word_1_120' title='bbox 423 1116 512 1160; x_wconf 73' lang='lat' dir='ltr'><strong>tat</strong></span> <span class='ocrx_word' id='word_1_121' title='bbox 582 1108 800 1173; x_wconf 86' lang='lat' dir='ltr'><strong>jauuas.</strong></span> <span class='ocrx_word' id='word_1_122' title='bbox 853 1099 976 1153; x_wconf 65' lang='lat' dir='ltr'><strong>llaec</strong></span> <span class='ocrx_word' id='word_1_123' title='bbox 1047 1095 1301 1151; x_wconf 86' lang='lat' dir='ltr'><strong>omnibus</strong></span> <span class='ocrx_word' id='word_1_124' title='bbox 1367 1091 1598 1148; x_wconf 86' lang='lat' dir='ltr'><strong>visibilia</strong></span> <span class='ocrx_word' id='word_1_125' title='bbox 1652 1099 1831 1144; x_wconf 84' lang='lat' dir='ltr'><strong>erant.</strong></span> <span class='ocrx_word' id='word_1_126' title='bbox 1876 1087 2009 1155; x_wconf 63' lang='lat' dir='ltr'><strong>Quae</strong></span> 
     </span>
    </p>
   </div>
   <div class='ocr_carea' id='block_1_18' title="bbox 2118 1087 3695 1173">
    <p class='ocr_par' dir='ltr' id='par_1_18' title="bbox 2118 1088 3695 1162">
     <span class='ocr_line' id='line_1_18' title="bbox 2118 1088 3695 1162; baseline -0.002 -17"><span class='ocrx_word' id='word_1_127' title='bbox 2118 1093 2414 1162; x_wconf 80' lang='grc' dir='ltr'><strong>δράμωμεν</strong></span> <span class='ocrx_word' id='word_1_128' title='bbox 2453 1093 2734 1160; x_wconf 78' lang='grc' dir='ltr'>φυγαδίαι,</span> <span class='ocrx_word' id='word_1_129' title='bbox 2769 1090 3012 1144; x_wconf 69' lang='grc' dir='ltr'>ἔκλεισεν</span> <span class='ocrx_word' id='word_1_130' title='bbox 3047 1091 3180 1160; x_wconf 76' lang='grc' dir='ltr'>ἡμῖν</span> <span class='ocrx_word' id='word_1_131' title='bbox 3213 1088 3357 1144; x_wconf 79' lang='grc' dir='ltr'>οὕτω</span> <span class='ocrx_word' id='word_1_132' title='bbox 3388 1091 3487 1152; x_wconf 84' lang='grc' dir='ltr'>τὰς</span> <span class='ocrx_word' id='word_1_133' title='bbox 3512 1092 3695 1152; x_wconf 80' lang='grc' dir='ltr'>πύλας</span> 
     </span>
    </p>
   </div>
   <div class='ocr_carea' id='block_1_19' title="bbox 431 1181 2015 1254">
    <p class='ocr_par' dir='ltr' id='par_1_19' title="bbox 431 1181 2006 1252">
     <span class='ocr_line' id='line_1_19' title="bbox 431 1181 2006 1252; baseline -0.012 0"><span class='ocrx_word' id='word_1_134' title='bbox 431 1212 564 1252; x_wconf 84' lang='lat' dir='ltr'><strong>vero</strong></span> <span class='ocrx_word' id='word_1_135' title='bbox 598 1205 732 1248; x_wconf 87' lang='lat' dir='ltr'><strong>tunc</strong></span> <span class='ocrx_word' id='word_1_136' title='bbox 762 1192 973 1247; x_wconf 79' lang='lat' dir='ltr'><strong>volebat</strong></span> <span class='ocrx_word' id='word_1_137' title='bbox 1013 1188 1176 1250; x_wconf 88' lang='lat' dir='ltr'><strong>Deus,</strong></span> <span class='ocrx_word' id='word_1_138' title='bbox 1201 1187 1304 1240; x_wconf 87' lang='lat' dir='ltr'><strong>alia</strong></span> <span class='ocrx_word' id='word_1_139' title='bbox 1333 1193 1524 1250; x_wconf 86' lang='lat' dir='ltr'><strong>erant;</strong></span> <span class='ocrx_word' id='word_1_140' title='bbox 1559 1197 1726 1237; x_wconf 90' lang='lat' dir='ltr'><strong>unum</strong></span> <span class='ocrx_word' id='word_1_141' title='bbox 1759 1181 2006 1251; x_wconf 81' lang='lat' dir='ltr'><strong>quidem,</strong></span> 
     </span>
    </p>
   </div>
   <div class='ocr_carea' id='block_1_20' title="bbox 2118 1181 3704 1254">
    <p class='ocr_par' dir='ltr' id='par_1_20' title="bbox 2118 1181 3704 1254">
     <span class='ocr_line' id='line_1_20' title="bbox 2118 1181 3704 1254; baseline -0.003 -15"><span class='ocrx_word' id='word_1_142' title='bbox 2118 1184 2210 1239; x_wconf 83' lang='grc' dir='ltr'><strong>τοῦ</strong></span> <span class='ocrx_word' id='word_1_143' title='bbox 2243 1183 2484 1252; x_wconf 80' lang='grc' dir='ltr'>σωθῆναι</span> <span class='ocrx_word' id='word_1_144' title='bbox 2525 1183 2834 1254; x_wconf 80' lang='grc' dir='ltr'>βούλεσθαι.</span> <span class='ocrx_word' id='word_1_145' title='bbox 2863 1183 2975 1236; x_wconf 69' lang='grc' dir='ltr'><strong>Καὶ</strong></span> <span class='ocrx_word' id='word_1_146' title='bbox 3027 1183 3190 1236; x_wconf 87' lang='grc' dir='ltr'>τοῦτο</span> <span class='ocrx_word' id='word_1_147' title='bbox 3249 1181 3350 1251; x_wconf 75' lang='grc' dir='ltr'>μὲν</span> <span class='ocrx_word' id='word_1_148' title='bbox 3385 1181 3449 1234; x_wconf 80' lang='grc' dir='ltr'><strong>τὸ</strong></span> <span class='ocrx_word' id='word_1_149' title='bbox 3505 1186 3704 1251; x_wconf 72' lang='grc' dir='ltr'>φαινό-</span> 
     </span>
    </p>
   </div>
   <div class='ocr_carea' id='block_1_21' title="bbox 429 1271 2015 1355">
    <p class='ocr_par' dir='ltr' id='par_1_21' title="bbox 429 1274 2009 1355">
     <span class='ocr_line' id='line_1_21' title="bbox 429 1274 2009 1355; baseline -0.014 -11"><span class='ocrx_word' id='word_1_150' title='bbox 429 1305 532 1344; x_wconf 86' lang='lat' dir='ltr'><strong>nos</strong></span> <span class='ocrx_word' id='word_1_151' title='bbox 555 1287 844 1355; x_wconf 79' lang='lat' dir='ltr'><strong>castigare,</strong></span> <span class='ocrx_word' id='word_1_152' title='bbox 871 1299 967 1352; x_wconf 86' lang='lat' dir='ltr'><strong>pro</strong></span> <span class='ocrx_word' id='word_1_153' title='bbox 993 1282 1098 1336; x_wconf 78' lang='lat' dir='ltr'><strong>illis</strong></span> <span class='ocrx_word' id='word_1_154' title='bbox 1123 1280 1326 1349; x_wconf 80' lang='lat' dir='ltr'><strong>quibus</strong></span> <span class='ocrx_word' id='word_1_155' title='bbox 1355 1291 1452 1331; x_wconf 88' lang='lat' dir='ltr'><strong>uos</strong></span> <span class='ocrx_word' id='word_1_156' title='bbox 1507 1289 1631 1329; x_wconf 83' lang='lat' dir='ltr'><strong>eum</strong></span> <span class='ocrx_word' id='word_1_157' title='bbox 1655 1274 2009 1336; x_wconf 72' lang='lat' dir='ltr'><strong>laeseramus;</strong></span> 
     </span>
    </p>
   </div>
   <div class='ocr_carea' id='block_1_22' title="bbox 2118 1271 3700 1355">
    <p class='ocr_par' dir='ltr' id='par_1_22' title="bbox 2118 1271 3700 1346">
     <span class='ocr_line' id='line_1_22' title="bbox 2118 1271 3700 1346; baseline -0.001 -18"><span class='ocrx_word' id='word_1_158' title='bbox 2118 1291 2296 1346; x_wconf 85' lang='grc' dir='ltr'>μενον.</span> <span class='ocrx_word' id='word_1_159' title='bbox 2343 1277 2409 1328; x_wconf 83' lang='grc' dir='ltr'>Ἀ</span> <span class='ocrx_word' id='word_1_160' title='bbox 2441 1274 2495 1328; x_wconf 69' lang='grc' dir='ltr'>δὲ</span> <span class='ocrx_word' id='word_1_161' title='bbox 2523 1278 2550 1328; x_wconf 78' lang='grc' dir='ltr'>ὁ</span> <span class='ocrx_word' id='word_1_162' title='bbox 2579 1275 2711 1337; x_wconf 83' lang='grc' dir='ltr'>Θεὸς</span> <span class='ocrx_word' id='word_1_163' title='bbox 2733 1275 2966 1328; x_wconf 78' lang='grc' dir='ltr'>ἐνταῦθα</span> <span class='ocrx_word' id='word_1_164' title='bbox 3019 1273 3231 1343; x_wconf 68' lang='grc' dir='ltr'>ἤθελεν,</span> <span class='ocrx_word' id='word_1_165' title='bbox 3275 1273 3438 1344; x_wconf 74' lang='grc' dir='ltr'>ἕτερα</span> <span class='ocrx_word' id='word_1_166' title='bbox 3483 1271 3586 1343; x_wconf 75' lang='grc' dir='ltr'><strong>ἦν’</strong></span> <span class='ocrx_word' id='word_1_167' title='bbox 3634 1273 3700 1326; x_wconf 82' lang='grc' dir='ltr'>ἓν</span> 
     </span>
    </p>
   </div>
   <div class='ocr_carea' id='block_1_23' title="bbox 427 1360 2015 1444">
    <p class='ocr_par' dir='ltr' id='par_1_23' title="bbox 427 1364 2009 1444">
     <span class='ocr_line' id='line_1_23' title="bbox 427 1364 2009 1444; baseline -0.015 -7"><span class='ocrx_word' id='word_1_168' title='bbox 427 1381 726 1438; x_wconf 80' lang='lat' dir='ltr'><strong>secundum</strong></span> <span class='ocrx_word' id='word_1_169' title='bbox 773 1392 922 1441; x_wconf 88' lang='lat' dir='ltr'><strong>vero,</strong></span> <span class='ocrx_word' id='word_1_170' title='bbox 967 1390 1065 1444; x_wconf 89' lang='lat' dir='ltr'><strong>pro</strong></span> <span class='ocrx_word' id='word_1_171' title='bbox 1101 1387 1286 1426; x_wconf 87' lang='lat' dir='ltr'><strong>amore</strong></span> <span class='ocrx_word' id='word_1_172' title='bbox 1315 1384 1416 1424; x_wconf 79' lang='lat' dir='ltr'><strong>suo</strong></span> <span class='ocrx_word' id='word_1_173' title='bbox 1465 1368 1516 1422; x_wconf 91' lang='lat' dir='ltr'><strong>in</strong></span> <span class='ocrx_word' id='word_1_174' title='bbox 1562 1364 1857 1420; x_wconf 82' lang='lat' dir='ltr'><strong>Andronici</strong></span> <span class='ocrx_word' id='word_1_175' title='bbox 1889 1377 2009 1416; x_wconf 86' lang='lat' dir='ltr'><strong>ma-</strong></span> 
     </span>
    </p>
   </div>
   <div class='ocr_carea' id='block_1_24' title="bbox 2118 1360 3697 1444">
    <p class='ocr_par' dir='ltr' id='par_1_24' title="bbox 2118 1360 3697 1436">
     <span class='ocr_line' id='line_1_24' title="bbox 2118 1360 3697 1436; baseline -0.001 -18"><span class='ocrx_word' id='word_1_176' title='bbox 2118 1367 2174 1419; x_wconf 83' lang='grc' dir='ltr'>τὸ</span> <span class='ocrx_word' id='word_1_177' title='bbox 2205 1366 2518 1419; x_wconf 83' lang='grc' dir='ltr'>παιδεύσειν</span> <span class='ocrx_word' id='word_1_178' title='bbox 2551 1368 2715 1436; x_wconf 73' lang='grc' dir='ltr'>ἡμᾶς,</span> <span class='ocrx_word' id='word_1_179' title='bbox 2745 1365 2860 1418; x_wconf 81' lang='grc' dir='ltr'><strong>ἀνθ’</strong></span> <span class='ocrx_word' id='word_1_180' title='bbox 2891 1360 2967 1419; x_wconf 83' lang='grc' dir='ltr'>ὧν</span> <span class='ocrx_word' id='word_1_181' title='bbox 2999 1363 3149 1432; x_wconf 81' lang='grc' dir='ltr'><strong>αὐτῷ</strong></span> <span class='ocrx_word' id='word_1_182' title='bbox 3193 1364 3650 1436; x_wconf 79' lang='grc' dir='ltr'><strong>προσεκρούομεν</strong></span> <span class='ocrx_word' id='word_1_183' title='bbox 3679 1381 3697 1398; x_wconf 77' lang='grc' dir='ltr'><strong><em>ο</em></strong></span> 
     </span>
    </p>
   </div>
   <div class='ocr_carea' id='block_1_25' title="bbox 430 1455 2015 1530">
    <p class='ocr_par' dir='ltr' id='par_1_25' title="bbox 430 1456 2006 1530">
     <span class='ocr_line' id='line_1_25' title="bbox 430 1456 2006 1530; baseline -0.013 -2"><span class='ocrx_word' id='word_1_184' title='bbox 430 1491 535 1530; x_wconf 90' lang='lat' dir='ltr'><strong>nus</strong></span> <span class='ocrx_word' id='word_1_185' title='bbox 583 1473 818 1528; x_wconf 78' lang='lat' dir='ltr'><strong>tradere.</strong></span> <span class='ocrx_word' id='word_1_186' title='bbox 860 1468 1092 1525; x_wconf 83' lang='lat' dir='ltr'><strong>Evidens</strong></span> <span class='ocrx_word' id='word_1_187' title='bbox 1139 1463 1282 1518; x_wconf 83' lang='lat' dir='ltr'><strong>enim</strong></span> <span class='ocrx_word' id='word_1_188' title='bbox 1345 1461 1470 1524; x_wconf 82' lang='lat' dir='ltr'><strong>fuit,</strong></span> <span class='ocrx_word' id='word_1_189' title='bbox 1509 1459 1556 1514; x_wconf 92' lang='lat' dir='ltr'><strong>si</strong></span> <span class='ocrx_word' id='word_1_190' title='bbox 1610 1456 2006 1525; x_wconf 79' lang='lat' dir='ltr'><strong>aliquantisper</strong></span> 
     </span>
    </p>
   </div>
   <div class='ocr_carea' id='block_1_26' title="bbox 2118 1455 3697 1530">
    <p class='ocr_par' dir='ltr' id='par_1_26' title="bbox 2118 1455 3697 1528">
     <span class='ocr_line' id='line_1_26' title="bbox 2118 1455 3697 1528; baseline -0.001 -17"><span class='ocrx_word' id='word_1_191' title='bbox 2118 1461 2369 1524; x_wconf 82' lang='grc' dir='ltr'>δεύτερον</span> <span class='ocrx_word' id='word_1_192' title='bbox 2412 1458 2470 1511; x_wconf 81' lang='grc' dir='ltr'>δὲ</span> <span class='ocrx_word' id='word_1_193' title='bbox 2519 1458 2580 1511; x_wconf 81' lang='grc' dir='ltr'>τὸ</span> <span class='ocrx_word' id='word_1_194' title='bbox 2648 1455 3259 1528; x_wconf 78' lang='grc' dir='ltr'>φιλανθρωπεύσασθαι,</span> <span class='ocrx_word' id='word_1_195' title='bbox 3318 1457 3398 1518; x_wconf 70' lang='grc' dir='ltr'>εἰς</span> <span class='ocrx_word' id='word_1_196' title='bbox 3442 1455 3540 1519; x_wconf 86' lang='grc' dir='ltr'><strong>τὰς</strong></span> <span class='ocrx_word' id='word_1_197' title='bbox 3591 1456 3697 1510; x_wconf 86' lang='grc' dir='ltr'><strong>τοῦ</strong></span> 
     </span>
    </p>
   </div>
   <div class='ocr_carea' id='block_1_27' title="bbox 427 1542 2015 1623">
    <p class='ocr_par' dir='ltr' id='par_1_27' title="bbox 427 1542 1998 1623">
     <span class='ocr_line' id='line_1_27' title="bbox 427 1542 1998 1623; baseline -0.012 -9"><span class='ocrx_word' id='word_1_198' title='bbox 427 1563 571 1614; x_wconf 82' lang='lat' dir='ltr'><strong>ultra</strong></span> <span class='ocrx_word' id='word_1_199' title='bbox 605 1559 796 1615; x_wconf 81' lang='lat' dir='ltr'><strong>urbem</strong></span> <span class='ocrx_word' id='word_1_200' title='bbox 826 1554 1304 1623; x_wconf 65' lang='lat' dir='ltr'><strong>processissemus,</strong></span> <span class='ocrx_word' id='word_1_201' title='bbox 1335 1549 1712 1617; x_wconf 87' lang='lat' dir='ltr'><strong>periissemus,</strong></span> <span class='ocrx_word' id='word_1_202' title='bbox 1753 1544 1848 1598; x_wconf 87' lang='lat' dir='ltr'><strong>sed</strong></span> <span class='ocrx_word' id='word_1_203' title='bbox 1895 1542 1998 1596; x_wconf 71' lang='lat' dir='ltr'><strong>faex</strong></span> 
     </span>
    </p>
   </div>
   <div class='ocr_carea' id='block_1_28' title="bbox 2118 1542 3692 1623">
    <p class='ocr_par' dir='ltr' id='par_1_28' title="bbox 2128 1545 3692 1620">
     <span class='ocr_line' id='line_1_28' title="bbox 2128 1545 3692 1620; baseline 0.018 -33"><span class='ocrx_word' id='word_1_204' title='bbox 2128 1548 2465 1618; x_wconf 76' lang='grc' dir='ltr'>Ἀνδρονίκου</span> <span class='ocrx_word' id='word_1_205' title='bbox 2498 1551 2682 1620; x_wconf 80' lang='grc' dir='ltr'>χεῖρας</span> <span class='ocrx_word' id='word_1_206' title='bbox 2709 1546 2892 1617; x_wconf 80' lang='grc' dir='ltr'><strong>βαλεῖν</strong></span> <span class='ocrx_word' id='word_1_207' title='bbox 2922 1547 3091 1616; x_wconf 74' lang='grc' dir='ltr'>ἡμᾶς.</span> <span class='ocrx_word' id='word_1_208' title='bbox 3143 1545 3352 1618; x_wconf 81' lang='grc' dir='ltr'>Ἐφάνη</span> <span class='ocrx_word' id='word_1_209' title='bbox 3406 1546 3538 1617; x_wconf 73' lang='grc' dir='ltr'>γὰρ.</span> <span class='ocrx_word' id='word_1_210' title='bbox 3588 1548 3692 1614; x_wconf 61' lang='grc' dir='ltr'><strong>ὡς,</strong></span> 
     </span>
    </p>
   </div>
   <div class='ocr_carea' id='block_1_29' title="bbox 427 1634 2015 1717">
    <p class='ocr_par' dir='ltr' id='par_1_29' title="bbox 427 1634 2001 1717">
     <span class='ocr_line' id='line_1_29' title="bbox 427 1634 2001 1717; baseline -0.011 -14"><span class='ocrx_word' id='word_1_211' title='bbox 427 1651 522 1704; x_wconf 62' lang='lat' dir='ltr'><strong>irae</strong></span> <span class='ocrx_word' id='word_1_212' title='bbox 573 1649 694 1717; x_wconf 77' lang='lat' dir='ltr'><strong>ejus</strong></span> <span class='ocrx_word' id='word_1_213' title='bbox 739 1646 793 1700; x_wconf 82' lang='lat' dir='ltr'><strong>in</strong></span> <span class='ocrx_word' id='word_1_214' title='bbox 846 1658 947 1697; x_wconf 84' lang='lat' dir='ltr'><strong>nos</strong></span> <span class='ocrx_word' id='word_1_215' title='bbox 991 1643 1162 1696; x_wconf 81' lang='lat' dir='ltr'><strong>eﬂ&#39;usa</strong></span> <span class='ocrx_word' id='word_1_216' title='bbox 1218 1638 1436 1694; x_wconf 88' lang='lat' dir='ltr'><strong>fuisset.</strong></span> <span class='ocrx_word' id='word_1_217' title='bbox 1495 1634 1551 1690; x_wconf 88' lang='lat' dir='ltr'><strong>Si</strong></span> <span class='ocrx_word' id='word_1_218' title='bbox 1603 1649 1730 1690; x_wconf 82' lang='lat' dir='ltr'><strong>vero</strong></span> <span class='ocrx_word' id='word_1_219' title='bbox 1781 1634 2001 1688; x_wconf 86' lang='lat' dir='ltr'><strong>tertium</strong></span> 
     </span>
    </p>
   </div>
   <div class='ocr_carea' id='block_1_30' title="bbox 2118 1634 3692 1717">
    <p class='ocr_par' dir='ltr' id='par_1_30' title="bbox 2118 1635 3692 1707">
     <span class='ocr_line' id='line_1_30' title="bbox 2118 1635 3692 1707; baseline -0.001 -18"><span class='ocrx_word' id='word_1_220' title='bbox 2118 1637 2232 1705; x_wconf 81' lang='grc' dir='ltr'>εἴγε</span> <span class='ocrx_word' id='word_1_221' title='bbox 2265 1636 2367 1706; x_wconf 81' lang='grc' dir='ltr'>τῆς</span> <span class='ocrx_word' id='word_1_222' title='bbox 2389 1635 2595 1698; x_wconf 87' lang='grc' dir='ltr'>πόλεως</span> <span class='ocrx_word' id='word_1_223' title='bbox 2622 1635 2826 1705; x_wconf 80' lang='grc' dir='ltr'><strong>ταύτης</strong></span> <span class='ocrx_word' id='word_1_224' title='bbox 2854 1636 2933 1698; x_wconf 77' lang='grc' dir='ltr'><strong>εἰς</strong></span> <span class='ocrx_word' id='word_1_225' title='bbox 2968 1637 3092 1688; x_wconf 84' lang='grc' dir='ltr'>ὅσον</span> <span class='ocrx_word' id='word_1_226' title='bbox 3121 1635 3296 1704; x_wconf 83' lang='grc' dir='ltr'>βραχὺ</span> <span class='ocrx_word' id='word_1_227' title='bbox 3345 1653 3398 1688; x_wconf 89' lang='grc' dir='ltr'><strong>τι</strong></span> <span class='ocrx_word' id='word_1_228' title='bbox 3442 1652 3692 1707; x_wconf 79' lang='grc' dir='ltr'>προεπο-</span> 
     </span>
    </p>
   </div>
   <div class='ocr_carea' id='block_1_31' title="bbox 425 1722 2015 1797">
    <p class='ocr_par' dir='ltr' id='par_1_31' title="bbox 425 1726 2012 1797">
     <span class='ocr_line' id='line_1_31' title="bbox 425 1726 2012 1797; baseline -0.011 -2"><span class='ocrx_word' id='word_1_229' title='bbox 425 1739 716 1795; x_wconf 67' lang='lat' dir='ltr'><strong>cousilium</strong></span> <span class='ocrx_word' id='word_1_230' title='bbox 752 1745 900 1791; x_wconf 82' lang='lat' dir='ltr'><strong>esset</strong></span> <span class='ocrx_word' id='word_1_231' title='bbox 935 1735 1052 1797; x_wconf 90' lang='lat' dir='ltr'><strong>Dei,</strong></span> <span class='ocrx_word' id='word_1_232' title='bbox 1082 1741 1138 1786; x_wconf 90' lang='lat' dir='ltr'><strong>ut</strong></span> <span class='ocrx_word' id='word_1_233' title='bbox 1165 1745 1266 1784; x_wconf 91' lang='lat' dir='ltr'><strong>nos</strong></span> <span class='ocrx_word' id='word_1_234' title='bbox 1306 1733 1647 1782; x_wconf 83' lang='lat' dir='ltr'><strong>remanentes</strong></span> <span class='ocrx_word' id='word_1_235' title='bbox 1689 1726 2012 1779; x_wconf 85' lang='lat' dir='ltr'><strong>adessemus</strong></span> 
     </span>
    </p>
   </div>
   <div class='ocr_carea' id='block_1_32' title="bbox 2118 1722 3694 1797">
    <p class='ocr_par' dir='ltr' id='par_1_32' title="bbox 2118 1722 3694 1796">
     <span class='ocr_line' id='line_1_32' title="bbox 2118 1722 3694 1796; baseline -0.001 -17"><span class='ocrx_word' id='word_1_236' title='bbox 2118 1727 2362 1796; x_wconf 76' lang='grc' dir='ltr'>δὶσαμεν,</span> <span class='ocrx_word' id='word_1_237' title='bbox 2388 1726 2488 1777; x_wconf 83' lang='grc' dir='ltr'>οὐκ</span> <span class='ocrx_word' id='word_1_238' title='bbox 2512 1725 2577 1778; x_wconf 81' lang='grc' dir='ltr'>ἂν</span> <span class='ocrx_word' id='word_1_239' title='bbox 2600 1726 2897 1794; x_wconf 79' lang='grc' dir='ltr'>ὲζήσαμεν,</span> <span class='ocrx_word' id='word_1_240' title='bbox 2938 1722 3053 1777; x_wconf 73' lang='grc' dir='ltr'>ἀλλ’</span> <span class='ocrx_word' id='word_1_241' title='bbox 3085 1725 3112 1774; x_wconf 85' lang='grc' dir='ltr'>ὁ</span> <span class='ocrx_word' id='word_1_242' title='bbox 3146 1725 3246 1792; x_wconf 78' lang='grc' dir='ltr'>τῆς</span> <span class='ocrx_word' id='word_1_243' title='bbox 3277 1722 3449 1792; x_wconf 84' lang='grc' dir='ltr'>ὀργῆς</span> <span class='ocrx_word' id='word_1_244' title='bbox 3518 1723 3694 1778; x_wconf 80' lang='grc' dir='ltr'>αὑτοῦ</span> 
     </span>
    </p>
   </div>
   <div class='ocr_carea' id='block_1_33' title="bbox 428 1796 2015 1891">
    <p class='ocr_par' dir='ltr' id='par_1_33' title="bbox 428 1796 2010 1891">
     <span class='ocr_line' id='line_1_33' title="bbox 428 1796 2010 1891; baseline -0.015 -2"><span class='ocrx_word' id='word_1_245' title='bbox 428 1831 636 1889; x_wconf 76' lang='lat' dir='ltr'><strong>auxilio</strong></span> <span class='ocrx_word' id='word_1_246' title='bbox 675 1828 938 1882; x_wconf 81' lang='lat' dir='ltr'><strong>fratribus</strong></span> <span class='ocrx_word' id='word_1_247' title='bbox 971 1796 1180 1879; x_wconf 88' lang='lat' dir='ltr'><strong>nostris</strong></span> <span class='ocrx_word' id='word_1_248' title='bbox 1207 1821 1300 1891; x_wconf 89' lang='lat' dir='ltr'><strong>qui</strong></span> <span class='ocrx_word' id='word_1_249' title='bbox 1331 1817 1526 1875; x_wconf 87' lang='lat' dir='ltr'><strong>salvati</strong></span> <span class='ocrx_word' id='word_1_250' title='bbox 1579 1815 1780 1880; x_wconf 80' lang='lat' dir='ltr'><strong>forent,</strong></span> <span class='ocrx_word' id='word_1_251' title='bbox 1817 1823 1876 1868; x_wconf 91' lang='lat' dir='ltr'><strong>ut</strong></span> <span class='ocrx_word' id='word_1_252' title='bbox 1913 1814 2010 1882; x_wconf 87' lang='lat' dir='ltr'><strong>qui</strong></span> 
     </span>
    </p>
   </div>
   <div class='ocr_carea' id='block_1_34' title="bbox 2118 1796 3699 1891">
    <p class='ocr_par' dir='ltr' id='par_1_34' title="bbox 2118 1812 3699 1886">
     <span class='ocr_line' id='line_1_34' title="bbox 2118 1812 3699 1886; baseline -0.003 -18"><span class='ocrx_word' id='word_1_253' title='bbox 2118 1817 2346 1886; x_wconf 81' lang='grc' dir='ltr'>τρυγίας</span> <span class='ocrx_word' id='word_1_254' title='bbox 2382 1813 2766 1884; x_wconf 78' lang='grc' dir='ltr'>ἑναπηρεύχθη</span> <span class='ocrx_word' id='word_1_255' title='bbox 2804 1813 2869 1867; x_wconf 82' lang='grc' dir='ltr'>ἂν</span> <span class='ocrx_word' id='word_1_256' title='bbox 2896 1815 2976 1875; x_wconf 75' lang='grc' dir='ltr'><strong>εἰς</strong></span> <span class='ocrx_word' id='word_1_257' title='bbox 3005 1814 3180 1882; x_wconf 81' lang='grc' dir='ltr'>ἡμᾶς.</span> <span class='ocrx_word' id='word_1_258' title='bbox 3245 1813 3310 1865; x_wconf 81' lang='lat' dir='ltr'><strong>Ei</strong></span> <span class='ocrx_word' id='word_1_259' title='bbox 3371 1812 3430 1864; x_wconf 75' lang='grc' dir='ltr'>δέ</span> <span class='ocrx_word' id='word_1_260' title='bbox 3482 1827 3536 1864; x_wconf 90' lang='grc' dir='ltr'><strong>τι</strong></span> <span class='ocrx_word' id='word_1_261' title='bbox 3594 1813 3699 1865; x_wconf 74' lang='grc' dir='ltr'>καὶ</span> 
     </span>
    </p>
   </div>
   <div class='ocr_carea' id='block_1_35' title="bbox 428 1899 2015 1987">
    <p class='ocr_par' dir='ltr' id='par_1_35' title="bbox 428 1903 2009 1987">
     <span class='ocr_line' id='line_1_35' title="bbox 428 1903 2009 1987; baseline -0.012 -11"><span class='ocrx_word' id='word_1_262' title='bbox 428 1938 458 1976; x_wconf 89' lang='lat' dir='ltr'><strong>a</strong></span> <span class='ocrx_word' id='word_1_263' title='bbox 496 1922 605 1975; x_wconf 88' lang='lat' dir='ltr'><strong>Deo</strong></span> <span class='ocrx_word' id='word_1_264' title='bbox 641 1927 769 1974; x_wconf 90' lang='lat' dir='ltr'><strong>sunt</strong></span> <span class='ocrx_word' id='word_1_265' title='bbox 821 1916 1056 1987; x_wconf 75' lang='lat' dir='ltr'><strong>probati,</strong></span> <span class='ocrx_word' id='word_1_266' title='bbox 1092 1912 1421 1966; x_wconf 84' lang='lat' dir='ltr'><strong>didicerunt.</strong></span> <span class='ocrx_word' id='word_1_267' title='bbox 1455 1910 1522 1961; x_wconf 85' lang='lat' dir='ltr'><strong>At</strong></span> <span class='ocrx_word' id='word_1_268' title='bbox 1569 1923 1678 1962; x_wconf 91' lang='lat' dir='ltr'><strong>non</strong></span> <span class='ocrx_word' id='word_1_269' title='bbox 1733 1907 1870 1960; x_wconf 89' lang='lat' dir='ltr'><strong>idem</strong></span> <span class='ocrx_word' id='word_1_270' title='bbox 1907 1903 2009 1958; x_wconf 85' lang='lat' dir='ltr'><strong>fuit</strong></span> 
     </span>
    </p>
   </div>
   <div class='ocr_carea' id='block_1_36' title="bbox 2118 1899 3699 1987">
    <p class='ocr_par' dir='ltr' id='par_1_36' title="bbox 2118 1899 3699 1976">
     <span class='ocr_line' id='line_1_36' title="bbox 2118 1899 3699 1976; baseline -0.001 -18"><span class='ocrx_word' id='word_1_271' title='bbox 2118 1905 2299 1976; x_wconf 90' lang='grc' dir='ltr'>τρίτον</span> <span class='ocrx_word' id='word_1_272' title='bbox 2325 1899 2396 1970; x_wconf 74' lang='grc' dir='ltr'>ἦν</span> <span class='ocrx_word' id='word_1_273' title='bbox 2428 1904 2564 1957; x_wconf 88' lang='grc' dir='ltr'>Θεοῦ</span> <span class='ocrx_word' id='word_1_274' title='bbox 2595 1903 2831 1958; x_wconf 76' lang='grc' dir='ltr'>ἐνταῦθα</span> <span class='ocrx_word' id='word_1_275' title='bbox 2860 1905 3108 1973; x_wconf 78' lang='grc' dir='ltr'><strong>σκέμμα,</strong></span> <span class='ocrx_word' id='word_1_276' title='bbox 3145 1904 3205 1957; x_wconf 82' lang='grc' dir='ltr'>τὸ</span> <span class='ocrx_word' id='word_1_277' title='bbox 3230 1905 3380 1974; x_wconf 76' lang='grc' dir='ltr'>ἡμᾶς</span> <span class='ocrx_word' id='word_1_278' title='bbox 3413 1905 3699 1973; x_wconf 81' lang='grc' dir='ltr'>παραμει-</span> 
     </span>
    </p>
   </div>
   <div class='ocr_carea' id='block_1_37' title="bbox 429 1996 2015 2069">
    <p class='ocr_par' dir='ltr' id='par_1_37' title="bbox 429 1998 2004 2069">
     <span class='ocr_line' id='line_1_37' title="bbox 429 1998 2004 2069; baseline -0.011 -2"><span class='ocrx_word' id='word_1_279' title='bbox 429 2016 495 2067; x_wconf 88' lang='lat' dir='ltr'><strong>de</strong></span> <span class='ocrx_word' id='word_1_280' title='bbox 541 2011 696 2066; x_wconf 83' lang='lat' dir='ltr'><strong>nobis</strong></span> <span class='ocrx_word' id='word_1_281' title='bbox 749 2023 876 2063; x_wconf 91' lang='lat' dir='ltr'><strong>cum</strong></span> <span class='ocrx_word' id='word_1_282' title='bbox 925 2016 1329 2059; x_wconf 82' lang='lat' dir='ltr'><strong>remaneremus</strong></span> <span class='ocrx_word' id='word_1_283' title='bbox 1379 2001 1504 2054; x_wconf 91' lang='lat' dir='ltr'><strong>dum</strong></span> <span class='ocrx_word' id='word_1_284' title='bbox 1550 1998 1794 2069; x_wconf 68' lang='lat' dir='ltr'><strong>qumdam</strong></span> <span class='ocrx_word' id='word_1_285' title='bbox 1835 2009 2004 2049; x_wconf 83' lang='lat' dir='ltr'><strong>naves</strong></span> 
     </span>
    </p>
   </div>
   <div class='ocr_carea' id='block_1_38' title="bbox 2118 1996 3694 2069">
    <p class='ocr_par' dir='ltr' id='par_1_38' title="bbox 2118 1996 3694 2068">
     <span class='ocr_line' id='line_1_38' title="bbox 2118 1996 3694 2068; baseline -0.003 -17"><span class='ocrx_word' id='word_1_286' title='bbox 2118 2013 2312 2059; x_wconf 88' lang='grc' dir='ltr'>ναντας</span> <span class='ocrx_word' id='word_1_287' title='bbox 2346 1997 2483 2068; x_wconf 78' lang='grc' dir='ltr'>πρὸς</span> <span class='ocrx_word' id='word_1_288' title='bbox 2512 1996 2721 2064; x_wconf 80' lang='grc' dir='ltr'><strong>ἀγαθοῦ</strong></span> <span class='ocrx_word' id='word_1_289' title='bbox 2758 2013 2904 2060; x_wconf 90' lang='grc' dir='ltr'>τινος</span> <span class='ocrx_word' id='word_1_290' title='bbox 2931 1996 3210 2068; x_wconf 74' lang='grc' dir='ltr'>ἀποϐῆναι</span> <span class='ocrx_word' id='word_1_291' title='bbox 3233 1997 3346 2060; x_wconf 88' lang='grc' dir='ltr'>τοῖς</span> <span class='ocrx_word' id='word_1_292' title='bbox 3378 2012 3694 2065; x_wconf 84' lang='grc' dir='ltr'>περισεσω-</span> 
     </span>
    </p>
   </div>
   <div class='ocr_carea' id='block_1_39' title="bbox 431 2085 2015 2158">
    <p class='ocr_par' dir='ltr' id='par_1_39' title="bbox 431 2085 2008 2158">
     <span class='ocr_line' id='line_1_39' title="bbox 431 2085 2008 2158; baseline -0.012 0"><span class='ocrx_word' id='word_1_293' title='bbox 431 2103 660 2158; x_wconf 82' lang='lat' dir='ltr'><strong>hostiles</strong></span> <span class='ocrx_word' id='word_1_294' title='bbox 723 2099 929 2154; x_wconf 78' lang='lat' dir='ltr'><strong>Latinae</strong></span> <span class='ocrx_word' id='word_1_295' title='bbox 994 2095 1267 2150; x_wconf 83' lang='lat' dir='ltr'><strong>hostiliter</strong></span> <span class='ocrx_word' id='word_1_296' title='bbox 1333 2092 1398 2145; x_wconf 85' lang='lat' dir='ltr'><strong>ad</strong></span> <span class='ocrx_word' id='word_1_297' title='bbox 1460 2103 1558 2146; x_wconf 89' lang='lat' dir='ltr'><strong>nos</strong></span> <span class='ocrx_word' id='word_1_298' title='bbox 1619 2104 1683 2142; x_wconf 86' lang='lat' dir='ltr'><strong>ex</strong></span> <span class='ocrx_word' id='word_1_299' title='bbox 1747 2085 2008 2158; x_wconf 84' lang='lat' dir='ltr'><strong>Byzantio</strong></span> 
     </span>
    </p>
   </div>
   <div class='ocr_carea' id='block_1_40' title="bbox 2118 2085 3697 2158">
    <p class='ocr_par' dir='ltr' id='par_1_40' title="bbox 2118 2087 3697 2158">
     <span class='ocr_line' id='line_1_40' title="bbox 2118 2087 3697 2158; baseline 0 -18"><span class='ocrx_word' id='word_1_300' title='bbox 2118 2088 2336 2158; x_wconf 84' lang='grc' dir='ltr'>σμένοις</span> <span class='ocrx_word' id='word_1_301' title='bbox 2368 2089 2640 2156; x_wconf 84' lang='grc' dir='ltr'>ἀδελφοῖς,</span> <span class='ocrx_word' id='word_1_302' title='bbox 2685 2087 3045 2158; x_wconf 64' lang='grc' dir='ltr'>ἐδιδάχθησαν</span> <span class='ocrx_word' id='word_1_303' title='bbox 3119 2087 3169 2141; x_wconf 75' lang='grc' dir='ltr'><strong>οι</strong></span> <span class='ocrx_word' id='word_1_304' title='bbox 3231 2087 3697 2158; x_wconf 85' lang='grc' dir='ltr'>περιπειράμενοι</span> 
     </span>
    </p>
   </div>
   <div class='ocr_carea' id='block_1_41' title="bbox 430 2176 2015 2251">
    <p class='ocr_par' dir='ltr' id='par_1_41' title="bbox 430 2181 2007 2251">
     <span class='ocr_line' id='line_1_41' title="bbox 430 2181 2007 2251; baseline -0.01 -3"><span class='ocrx_word' id='word_1_305' title='bbox 430 2193 750 2249; x_wconf 75' lang='lat' dir='ltr'><strong>accederent</strong></span> <span class='ocrx_word' id='word_1_306' title='bbox 776 2191 1041 2245; x_wconf 82' lang='lat' dir='ltr'><strong>adversus</strong></span> <span class='ocrx_word' id='word_1_307' title='bbox 1067 2185 1434 2242; x_wconf 82' lang='lat' dir='ltr'><strong>Andronicum</strong></span> <span class='ocrx_word' id='word_1_308' title='bbox 1468 2181 1884 2251; x_wconf 83' lang='lat' dir='ltr'><strong>conspirantes;</strong></span> <span class='ocrx_word' id='word_1_309' title='bbox 1908 2193 2007 2233; x_wconf 87' lang='lat' dir='ltr'><strong>nos</strong></span> 
     </span>
    </p>
   </div>
   <div class='ocr_carea' id='block_1_42' title="bbox 2118 2176 3698 2251">
    <p class='ocr_par' dir='ltr' id='par_1_42' title="bbox 2118 2176 3698 2251">
     <span class='ocr_line' id='line_1_42' title="bbox 2118 2176 3698 2251; baseline -0.001 -19"><span class='ocrx_word' id='word_1_310' title='bbox 2118 2181 2214 2232; x_wconf 82' lang='grc' dir='ltr'>σὺν</span> <span class='ocrx_word' id='word_1_311' title='bbox 2244 2177 2385 2250; x_wconf 83' lang='grc' dir='ltr'><strong>Θεῷ.</strong></span> <span class='ocrx_word' id='word_1_312' title='bbox 2422 2181 2532 2234; x_wconf 79' lang='grc' dir='ltr'><strong>Καὶ</strong></span> <span class='ocrx_word' id='word_1_313' title='bbox 2582 2176 2649 2251; x_wconf 72' lang='grc' dir='ltr'>ἦν</span> <span class='ocrx_word' id='word_1_314' title='bbox 2675 2181 2807 2250; x_wconf 83' lang='grc' dir='ltr'>ἡμῖν</span> <span class='ocrx_word' id='word_1_315' title='bbox 2831 2181 2982 2234; x_wconf 78' lang='grc' dir='ltr'>τουτὶ</span> <span class='ocrx_word' id='word_1_316' title='bbox 3012 2181 3072 2234; x_wconf 82' lang='grc' dir='ltr'>τὸ</span> <span class='ocrx_word' id='word_1_317' title='bbox 3107 2181 3426 2251; x_wconf 81' lang='grc' dir='ltr'>παράμονον</span> <span class='ocrx_word' id='word_1_318' title='bbox 3481 2179 3543 2234; x_wconf 81' lang='grc' dir='ltr'>οὐ</span> <span class='ocrx_word' id='word_1_319' title='bbox 3571 2177 3698 2232; x_wconf 79' lang='grc' dir='ltr'>κατ’</span> 
     </span>
    </p>
   </div>
   <div class='ocr_carea' id='block_1_43' title="bbox 431 2269 2015 2345">
    <p class='ocr_par' dir='ltr' id='par_1_43' title="bbox 431 2273 2002 2345">
     <span class='ocr_line' id='line_1_43' title="bbox 431 2273 2002 2345; baseline -0.01 -5"><span class='ocrx_word' id='word_1_320' title='bbox 431 2297 611 2340; x_wconf 86' lang='lat' dir='ltr'><strong>autem</strong></span> <span class='ocrx_word' id='word_1_321' title='bbox 663 2281 1039 2338; x_wconf 89' lang='lat' dir='ltr'><strong>mancbamus.</strong></span> <span class='ocrx_word' id='word_1_322' title='bbox 1082 2279 1184 2333; x_wconf 91' lang='lat' dir='ltr'><strong>Sed</strong></span> <span class='ocrx_word' id='word_1_323' title='bbox 1233 2277 1347 2331; x_wconf 71' lang='lat' dir='ltr'><strong>bam</strong></span> <span class='ocrx_word' id='word_1_324' title='bbox 1396 2275 1672 2345; x_wconf 77' lang='lat' dir='ltr'><strong>aggressio</strong></span> <span class='ocrx_word' id='word_1_325' title='bbox 1713 2273 2002 2340; x_wconf 81' lang='lat' dir='ltr'><strong>augurium</strong></span> 
     </span>
    </p>
   </div>
   <div class='ocr_carea' id='block_1_44' title="bbox 2118 2269 3697 2345">
    <p class='ocr_par' dir='ltr' id='par_1_44' title="bbox 2118 2269 3697 2342">
     <span class='ocr_line' id='line_1_44' title="bbox 2118 2269 3697 2342; baseline 0.001 -21"><span class='ocrx_word' id='word_1_326' title='bbox 2118 2271 2290 2323; x_wconf 67' lang='grc' dir='ltr'>ικεῖνο</span> <span class='ocrx_word' id='word_1_327' title='bbox 2321 2271 2382 2324; x_wconf 78' lang='grc' dir='ltr'><strong>τὺ</strong></span> <span class='ocrx_word' id='word_1_328' title='bbox 2414 2271 2792 2342; x_wconf 81' lang='grc' dir='ltr'>παλαιότερον,</span> <span class='ocrx_word' id='word_1_329' title='bbox 2841 2272 2932 2325; x_wconf 83' lang='grc' dir='ltr'>ὅτε</span> <span class='ocrx_word' id='word_1_330' title='bbox 2987 2272 3112 2342; x_wconf 78' lang='grc' dir='ltr'>νῆες</span> <span class='ocrx_word' id='word_1_331' title='bbox 3172 2272 3271 2342; x_wconf 82' lang='grc' dir='ltr'>μὲν</span> <span class='ocrx_word' id='word_1_332' title='bbox 3325 2269 3697 2324; x_wconf 70' lang='grc' dir='ltr'>ἁποστατικαὶ</span> 
     </span>
    </p>
   </div>
   <div class='ocr_carea' id='block_1_45' title="bbox 432 2361 2015 2446">
    <p class='ocr_par' dir='ltr' id='par_1_45' title="bbox 432 2361 2000 2446">
     <span class='ocr_line' id='line_1_45' title="bbox 432 2361 2000 2446; baseline -0.01 -17"><span class='ocrx_word' id='word_1_333' title='bbox 432 2376 704 2446; x_wconf 84' lang='lat' dir='ltr'><strong>quoddam</strong></span> <span class='ocrx_word' id='word_1_334' title='bbox 760 2374 861 2427; x_wconf 84' lang='lat' dir='ltr'><strong>fuit</strong></span> <span class='ocrx_word' id='word_1_335' title='bbox 922 2387 1112 2427; x_wconf 90' lang='lat' dir='ltr'><strong>eorum</strong></span> <span class='ocrx_word' id='word_1_336' title='bbox 1162 2367 1284 2437; x_wconf 59' lang='lat' dir='ltr'><strong>&#39;quze</strong></span> <span class='ocrx_word' id='word_1_337' title='bbox 1350 2365 1527 2419; x_wconf 86' lang='lat' dir='ltr'><strong>Latini</strong></span> <span class='ocrx_word' id='word_1_338' title='bbox 1575 2361 1908 2418; x_wconf 87' lang='lat' dir='ltr'><strong>incursando</strong></span> <span class='ocrx_word' id='word_1_339' title='bbox 1946 2363 2000 2414; x_wconf 87' lang='lat' dir='ltr'><strong>in</strong></span> 
     </span>
    </p>
   </div>
   <div class='ocr_carea' id='block_1_46' title="bbox 2118 2361 3696 2446">
    <p class='ocr_par' dir='ltr' id='par_1_46' title="bbox 2118 2361 3696 2434">
     <span class='ocr_line' id='line_1_46' title="bbox 2118 2361 3696 2434; baseline -0.002 -18"><span class='ocrx_word' id='word_1_340' title='bbox 2118 2363 2403 2416; x_wconf 81' lang='grc' dir='ltr'>Λατινικαί</span> <span class='ocrx_word' id='word_1_341' title='bbox 2436 2381 2581 2429; x_wconf 89' lang='grc' dir='ltr'>τινες</span> <span class='ocrx_word' id='word_1_342' title='bbox 2634 2361 2721 2434; x_wconf 70' lang='grc' dir='ltr'><strong>ἐφ’</strong></span> <span class='ocrx_word' id='word_1_343' title='bbox 2753 2363 2900 2434; x_wconf 78' lang='grc' dir='ltr'>ἡμᾶς</span> <span class='ocrx_word' id='word_1_344' title='bbox 2953 2363 3018 2416; x_wconf 77' lang='grc' dir='ltr'>ἑκ</span> <span class='ocrx_word' id='word_1_345' title='bbox 3071 2361 3348 2428; x_wconf 79' lang='grc' dir='ltr'>Βυζάντου</span> <span class='ocrx_word' id='word_1_346' title='bbox 3390 2361 3696 2432; x_wconf 76' lang='grc' dir='ltr'>ἀρχέκακοι</span> 
     </span>
    </p>
   </div>
   <div class='ocr_carea' id='block_1_47' title="bbox 433 2452 2015 2533">
    <p class='ocr_par' dir='ltr' id='par_1_47' title="bbox 433 2453 2001 2533">
     <span class='ocr_line' id='line_1_47' title="bbox 433 2453 2001 2533; baseline -0.014 -10"><span class='ocrx_word' id='word_1_347' title='bbox 433 2484 533 2523; x_wconf 88' lang='lat' dir='ltr'><strong>nos</strong></span> <span class='ocrx_word' id='word_1_348' title='bbox 567 2481 690 2522; x_wconf 91' lang='lat' dir='ltr'><strong>cum</strong></span> <span class='ocrx_word' id='word_1_349' title='bbox 729 2481 830 2520; x_wconf 82' lang='lat' dir='ltr'><strong>Suo</strong></span> <span class='ocrx_word' id='word_1_350' title='bbox 862 2464 1104 2533; x_wconf 80' lang='lat' dir='ltr'><strong>equitatu</strong></span> <span class='ocrx_word' id='word_1_351' title='bbox 1143 2459 1334 2515; x_wconf 86' lang='lat' dir='ltr'><strong>facturi</strong></span> <span class='ocrx_word' id='word_1_352' title='bbox 1357 2464 1571 2520; x_wconf 87' lang='lat' dir='ltr'><strong>essent;</strong></span> <span class='ocrx_word' id='word_1_353' title='bbox 1618 2469 1724 2508; x_wconf 90' lang='lat' dir='ltr'><strong>non</strong></span> <span class='ocrx_word' id='word_1_354' title='bbox 1775 2453 2001 2505; x_wconf 89' lang='lat' dir='ltr'><strong>multum</strong></span> 
     </span>
    </p>
   </div>
   <div class='ocr_carea' id='block_1_48' title="bbox 2118 2452 3696 2533">
    <p class='ocr_par' dir='ltr' id='par_1_48' title="bbox 2118 2452 3696 2525">
     <span class='ocr_line' id='line_1_48' title="bbox 2118 2452 3696 2525; baseline -0.003 -19"><span class='ocrx_word' id='word_1_355' title='bbox 2118 2454 2476 2520; x_wconf 75' lang='grc' dir='ltr'>ὲπλωῖσαντο,</span> <span class='ocrx_word' id='word_1_356' title='bbox 2512 2455 2654 2508; x_wconf 81' lang='grc' dir='ltr'>κατὰ</span> <span class='ocrx_word' id='word_1_357' title='bbox 2681 2455 2776 2508; x_wconf 89' lang='grc' dir='ltr'><strong>τοῦ</strong></span> <span class='ocrx_word' id='word_1_358' title='bbox 2807 2454 3149 2525; x_wconf 81' lang='grc' dir='ltr'>Ἀνδρονίκου</span> <span class='ocrx_word' id='word_1_359' title='bbox 3179 2455 3271 2508; x_wconf 73' lang='grc' dir='ltr'>καὶ</span> <span class='ocrx_word' id='word_1_360' title='bbox 3295 2452 3460 2505; x_wconf 66' lang='grc' dir='ltr'><strong>αὐτα)⁸</strong></span> <span class='ocrx_word' id='word_1_361' title='bbox 3481 2467 3696 2521; x_wconf 81' lang='grc' dir='ltr'>συμπε-</span> 
     </span>
    </p>
   </div>
   <div class='ocr_carea' id='block_1_49' title="bbox 433 2543 2015 2623">
    <p class='ocr_par' dir='ltr' id='par_1_49' title="bbox 433 2543 2000 2623">
     <span class='ocr_line' id='line_1_49' title="bbox 433 2543 2000 2623; baseline -0.013 -8"><span class='ocrx_word' id='word_1_362' title='bbox 433 2571 614 2615; x_wconf 88' lang='lat' dir='ltr'><strong>autem</strong></span> <span class='ocrx_word' id='word_1_363' title='bbox 642 2560 889 2612; x_wconf 84' lang='lat' dir='ltr'><strong>timorem</strong></span> <span class='ocrx_word' id='word_1_364' title='bbox 928 2554 1233 2623; x_wconf 87' lang='lat' dir='ltr'><strong>injiciebat;</strong></span> <span class='ocrx_word' id='word_1_365' title='bbox 1273 2566 1391 2620; x_wconf 69' lang='lat' dir='ltr'><strong>quae</strong></span> <span class='ocrx_word' id='word_1_366' title='bbox 1425 2558 1626 2608; x_wconf 79' lang='lat' dir='ltr'><strong>autem,</strong></span> <span class='ocrx_word' id='word_1_367' title='bbox 1650 2545 1783 2616; x_wconf 90' lang='lat' dir='ltr'><strong>proh</strong></span> <span class='ocrx_word' id='word_1_368' title='bbox 1817 2543 2000 2598; x_wconf 82' lang='lat' dir='ltr'><strong>dolori</strong></span> 
     </span>
    </p>
   </div>
   <div class='ocr_carea' id='block_1_50' title="bbox 2118 2543 3693 2623">
    <p class='ocr_par' dir='ltr' id='par_1_50' title="bbox 2118 2543 3693 2617">
     <span class='ocr_line' id='line_1_50' title="bbox 2118 2543 3693 2617; baseline -0.001 -20"><span class='ocrx_word' id='word_1_369' title='bbox 2118 2549 2419 2610; x_wconf 85' lang='grc' dir='ltr'>πνευκυῖαι,</span> <span class='ocrx_word' id='word_1_370' title='bbox 2450 2548 2612 2616; x_wconf 76' lang='grc' dir='ltr'>ἡμεῖς</span> <span class='ocrx_word' id='word_1_371' title='bbox 2637 2547 2694 2600; x_wconf 85' lang='grc' dir='ltr'>δὲ</span> <span class='ocrx_word' id='word_1_372' title='bbox 2717 2547 3119 2617; x_wconf 83' lang='grc' dir='ltr'>παρεμένομεν.</span> <span class='ocrx_word' id='word_1_373' title='bbox 3152 2545 3296 2600; x_wconf 82' lang='grc' dir='ltr'>Ἀλλ’</span> <span class='ocrx_word' id='word_1_374' title='bbox 3352 2545 3530 2597; x_wconf 73' lang='grc' dir='ltr'>ἐκεῖνο</span> <span class='ocrx_word' id='word_1_375' title='bbox 3589 2543 3693 2613; x_wconf 79' lang='grc' dir='ltr'>μὲν</span> 
     </span>
    </p>
   </div>
   <div class='ocr_carea' id='block_1_51' title="bbox 435 2642 1691 2708">
    <p class='ocr_par' dir='ltr' id='par_1_51' title="bbox 435 2642 1691 2708">
     <span class='ocr_line' id='line_1_51' title="bbox 435 2642 1691 2708; baseline -0.014 0"><span class='ocrx_word' id='word_1_376' title='bbox 435 2669 583 2708; x_wconf 91' lang='lat' dir='ltr'><strong>nunc</strong></span> <span class='ocrx_word' id='word_1_377' title='bbox 625 2652 784 2706; x_wconf 84' lang='lat' dir='ltr'><strong>nobis</strong></span> <span class='ocrx_word' id='word_1_378' title='bbox 829 2649 1146 2704; x_wconf 89' lang='lat' dir='ltr'><strong>acciderunt</strong></span> <span class='ocrx_word' id='word_1_379' title='bbox 1201 2642 1502 2698; x_wconf 84' lang='lat' dir='ltr'><strong>miserrima</strong></span> <span class='ocrx_word' id='word_1_380' title='bbox 1544 2647 1691 2694; x_wconf 82' lang='lat' dir='ltr'><strong>sunt.</strong></span> 
     </span>
    </p>
   </div>
   <div class='ocr_carea' id='block_1_52' title="bbox 2112 2630 3693 2708">
    <p class='ocr_par' dir='ltr' id='par_1_52' title="bbox 2112 2630 3693 2708">
     <span class='ocr_line' id='line_1_52' title="bbox 2112 2630 3693 2708; baseline 0 -20"><span class='ocrx_word' id='word_1_381' title='bbox 2112 2637 2205 2691; x_wconf 71' lang='grc' dir='ltr'>καὶ</span> <span class='ocrx_word' id='word_1_382' title='bbox 2251 2638 2461 2708; x_wconf 76' lang='grc' dir='ltr'>προϐὰν</span> <span class='ocrx_word' id='word_1_383' title='bbox 2489 2640 2734 2708; x_wconf 72' lang='grc' dir='ltr'>ἐνέφαινε</span> <span class='ocrx_word' id='word_1_384' title='bbox 2777 2637 2886 2691; x_wconf 77' lang='grc' dir='ltr'><strong>τῶν</strong></span> <span class='ocrx_word' id='word_1_385' title='bbox 2927 2639 3052 2708; x_wconf 82' lang='grc' dir='ltr'>ἄρτι</span> <span class='ocrx_word' id='word_1_386' title='bbox 3100 2637 3541 2706; x_wconf 79' lang='grc' dir='ltr'>δοκιμάζουσαν,</span> <span class='ocrx_word' id='word_1_387' title='bbox 3602 2630 3693 2688; x_wconf 73' lang='grc' dir='ltr'>οἷα</span> 
     </span>
    </p>
   </div>
   <div class='ocr_carea' id='block_1_53' title="bbox 431 2725 3695 2812">
    <p class='ocr_par' dir='ltr' id='par_1_53' title="bbox 431 2725 3695 2812">
     <span class='ocr_line' id='line_1_53' title="bbox 431 2725 3695 2812; baseline -0.004 -8"><span class='ocrx_word' id='word_1_388' title='bbox 431 2754 482 2808; x_wconf 73' lang='grc' dir='ltr'>οἱ</span> <span class='ocrx_word' id='word_1_389' title='bbox 524 2751 742 2802; x_wconf 86' lang='grc' dir='ltr'>Λατῖνοι</span> <span class='ocrx_word' id='word_1_390' title='bbox 802 2742 1250 2812; x_wconf 76' lang='grc' dir='ltr'>ὲπαγωνίσονται,</span> <span class='ocrx_word' id='word_1_391' title='bbox 1306 2735 1463 2806; x_wconf 78' lang='grc' dir='ltr'>ἡμῶν</span> <span class='ocrx_word' id='word_1_392' title='bbox 1502 2725 1953 2786; x_wconf 61' lang='lat' dir='ltr'><strong>antemna-31.39:“</strong></span> <span class='ocrx_word' id='word_1_393' title='bbox 1979 2742 1993 2756; x_wconf 83' lang='lat'><strong><em>&#39;</em></strong></span> <span class='ocrx_word' id='word_1_394' title='bbox 2034 2728 2125 2786; x_wconf 80' lang='grc' dir='ltr'>καὶ</span> <span class='ocrx_word' id='word_1_395' title='bbox 2163 2729 2325 2803; x_wconf 72' lang='grc' dir='ltr'>φεὸον</span> <span class='ocrx_word' id='word_1_396' title='bbox 2359 2727 2506 2808; x_wconf 78' lang='grc' dir='ltr'>εῖχεν</span> <span class='ocrx_word' id='word_1_397' title='bbox 2545 2733 2608 2791; x_wconf 78' lang='grc' dir='ltr'>οὐ</span> <span class='ocrx_word' id='word_1_398' title='bbox 2659 2733 2855 2793; x_wconf 69' lang='grc' dir='ltr'>πολύνε</span> <span class='ocrx_word' id='word_1_399' title='bbox 2909 2734 2978 2792; x_wconf 73' lang='grc' dir='ltr'><strong>τά</strong></span> <span class='ocrx_word' id='word_1_400' title='bbox 3010 2731 3066 2791; x_wconf 80' lang='grc' dir='ltr'>δὲ</span> <span class='ocrx_word' id='word_1_401' title='bbox 3093 2731 3208 2802; x_wconf 81' lang='grc' dir='ltr'>νῦν,</span> <span class='ocrx_word' id='word_1_402' title='bbox 3248 2731 3413 2806; x_wconf 74' lang='grc' dir='ltr'>οἴμοι.</span> <span class='ocrx_word' id='word_1_403' title='bbox 3448 2730 3521 2799; x_wconf 70' lang='grc' dir='ltr'>ὡς</span> <span class='ocrx_word' id='word_1_404' title='bbox 3557 2731 3695 2807; x_wconf 71' lang='grc' dir='ltr'>ἡμῖν</span> 
     </span>
    </p>
   </div>
   <div class='ocr_carea' id='block_1_54' title="bbox 434 2820 1837 2909">
    <p class='ocr_par' dir='ltr' id='par_1_54' title="bbox 434 2820 1837 2909">
     <span class='ocr_line' id='line_1_54' title="bbox 434 2820 1837 2909; baseline -0.016 -9"><span class='ocrx_word' id='word_1_405' title='bbox 434 2842 747 2904; x_wconf 61' lang='grc' dir='ltr'>ἀπέϐαινεν,</span> <span class='ocrx_word' id='word_1_406' title='bbox 774 2834 1031 2909; x_wconf 79' lang='grc' dir='ltr'>ὑπερλίαν</span> <span class='ocrx_word' id='word_1_407' title='bbox 1063 2831 1158 2887; x_wconf 71' lang='grc' dir='ltr'>καὶ</span> <span class='ocrx_word' id='word_1_408' title='bbox 1188 2826 1455 2900; x_wconf 71' lang='grc' dir='ltr'>ἐναγώνια</span> <span class='ocrx_word' id='word_1_409' title='bbox 1481 2825 1574 2878; x_wconf 69' lang='grc' dir='ltr'>καὶ</span> <span class='ocrx_word' id='word_1_410' title='bbox 1611 2820 1837 2895; x_wconf 76' lang='grc' dir='ltr'>φοϐερά.</span> 
     </span>
    </p>
   </div>
   <div class='ocr_carea' id='block_1_55' title="bbox 508 2957 2008 3043">
    <p class='ocr_par' dir='ltr' id='par_1_55' title="bbox 508 2957 2008 3043">
     <span class='ocr_line' id='line_1_55' title="bbox 508 2957 2008 3043; baseline -0.017 -6"><span class='ocrx_word' id='word_1_411' title='bbox 508 2983 598 3037; x_wconf 74' lang='lat' dir='ltr'><strong>b6.</strong></span> <span class='ocrx_word' id='word_1_412' title='bbox 637 2981 709 3032; x_wconf 86' lang='lat' dir='ltr'><strong>At</strong></span> <span class='ocrx_word' id='word_1_413' title='bbox 736 2978 850 3030; x_wconf 75' lang='lat' dir='ltr'><strong>haec</strong></span> <span class='ocrx_word' id='word_1_414' title='bbox 874 2971 1029 3043; x_wconf 81' lang='lat' dir='ltr'><strong>quasi</strong></span> <span class='ocrx_word' id='word_1_415' title='bbox 1063 2968 1339 3026; x_wconf 89' lang='lat' dir='ltr'><strong>currendo</strong></span> <span class='ocrx_word' id='word_1_416' title='bbox 1383 2966 1584 3034; x_wconf 87' lang='lat' dir='ltr'><strong>scripta</strong></span> <span class='ocrx_word' id='word_1_417' title='bbox 1625 2973 1774 3017; x_wconf 90' lang='lat' dir='ltr'><strong>sunt.</strong></span> <span class='ocrx_word' id='word_1_418' title='bbox 1799 2957 2008 3014; x_wconf 81' lang='lat' dir='ltr'><strong>Civita-</strong></span> 
     </span>
    </p>
   </div>
   <div class='ocr_carea' id='block_1_56' title="bbox 437 3053 1996 3136">
    <p class='ocr_par' dir='ltr' id='par_1_56' title="bbox 437 3053 1996 3136">
     <span class='ocr_line' id='line_1_56' title="bbox 437 3053 1996 3136; baseline -0.015 -8"><span class='ocrx_word' id='word_1_419' title='bbox 437 3082 548 3128; x_wconf 85' lang='lat' dir='ltr'><strong>tem</strong></span> <span class='ocrx_word' id='word_1_420' title='bbox 583 3083 640 3125; x_wconf 88' lang='lat' dir='ltr'><strong>ut</strong></span> <span class='ocrx_word' id='word_1_421' title='bbox 681 3071 736 3123; x_wconf 87' lang='lat' dir='ltr'><strong>iu</strong></span> <span class='ocrx_word' id='word_1_422' title='bbox 774 3065 1116 3136; x_wconf 79' lang='lat' dir='ltr'><strong>amplexibus</strong></span> <span class='ocrx_word' id='word_1_423' title='bbox 1151 3062 1373 3117; x_wconf 87' lang='lat' dir='ltr'><strong>tenebat</strong></span> <span class='ocrx_word' id='word_1_424' title='bbox 1412 3060 1659 3128; x_wconf 87' lang='lat' dir='ltr'><strong>equitum</strong></span> <span class='ocrx_word' id='word_1_425' title='bbox 1693 3065 1746 3110; x_wconf 89' lang='lat' dir='ltr'><strong>et</strong></span> <span class='ocrx_word' id='word_1_426' title='bbox 1777 3053 1996 3108; x_wconf 82' lang='lat' dir='ltr'><strong>navium</strong></span> 
     </span>
    </p>
   </div>
   <div class='ocr_carea' id='block_1_57' title="bbox 436 3128 2084 3223">
    <p class='ocr_par' dir='ltr' id='par_1_57' title="bbox 436 3128 2084 3223">
     <span class='ocr_line' id='line_1_57' title="bbox 436 3128 2084 3223; baseline -0.014 -4"><span class='ocrx_word' id='word_1_427' title='bbox 436 3165 733 3219; x_wconf 66' lang='lat' dir='ltr'><strong>exercitus.</strong></span> <span class='ocrx_word' id='word_1_428' title='bbox 785 3158 938 3212; x_wconf 85' lang='lat' dir='ltr'><strong>Tunc</strong></span> <span class='ocrx_word' id='word_1_429' title='bbox 960 3155 1119 3210; x_wconf 87' lang='lat' dir='ltr'><strong>ducis</strong></span> <span class='ocrx_word' id='word_1_430' title='bbox 1167 3152 1439 3223; x_wconf 89' lang='lat' dir='ltr'><strong>imperitia</strong></span> <span class='ocrx_word' id='word_1_431' title='bbox 1475 3149 1708 3204; x_wconf 83' lang='lat' dir='ltr'><strong>revelata</strong></span> <span class='ocrx_word' id='word_1_432' title='bbox 1741 3147 1859 3212; x_wconf 86' lang='lat' dir='ltr'><strong>fuit,</strong></span> <span class='ocrx_word' id='word_1_433' title='bbox 1891 3159 2014 3214; x_wconf 82' lang='lat' dir='ltr'><strong>quae</strong></span> <span class='ocrx_word' id='word_1_434' title='bbox 2039 3128 2084 3188; x_wconf 73' lang='grc' dir='ltr'><em>ε</em></span> 
     </span>
    </p>
   </div>
   <div class='ocr_carea' id='block_1_58' title="bbox 433 3241 2012 3325">
    <p class='ocr_par' dir='ltr' id='par_1_58' title="bbox 433 3241 2012 3325">
     <span class='ocr_line' id='line_1_58' title="bbox 433 3241 2012 3325; baseline -0.013 -16"><span class='ocrx_word' id='word_1_435' title='bbox 433 3256 548 3325; x_wconf 74' lang='lat' dir='ltr'><strong>jam</strong></span> <span class='ocrx_word' id='word_1_436' title='bbox 581 3260 741 3307; x_wconf 83' lang='lat' dir='ltr'><strong>antea</strong></span> <span class='ocrx_word' id='word_1_437' title='bbox 777 3249 939 3304; x_wconf 86' lang='lat' dir='ltr'><strong>dubia</strong></span> <span class='ocrx_word' id='word_1_438' title='bbox 987 3263 1094 3303; x_wconf 92' lang='lat' dir='ltr'><strong>non</strong></span> <span class='ocrx_word' id='word_1_439' title='bbox 1125 3258 1266 3312; x_wconf 87' lang='lat' dir='ltr'><strong>erat,</strong></span> <span class='ocrx_word' id='word_1_440' title='bbox 1305 3254 1363 3300; x_wconf 91' lang='lat' dir='ltr'><strong>ut</strong></span> <span class='ocrx_word' id='word_1_441' title='bbox 1398 3245 1451 3298; x_wconf 90' lang='lat' dir='ltr'><strong>in</strong></span> <span class='ocrx_word' id='word_1_442' title='bbox 1491 3242 1642 3298; x_wconf 82' lang='lat' dir='ltr'><strong>brevi</strong></span> <span class='ocrx_word' id='word_1_443' title='bbox 1666 3241 2012 3295; x_wconf 76' lang='lat' dir='ltr'><strong>demonstra-</strong></span> 
     </span>
    </p>
   </div>
   <div class='ocr_carea' id='block_1_59' title="bbox 439 3331 2012 3404">
    <p class='ocr_par' dir='ltr' id='par_1_59' title="bbox 439 3331 2012 3404">
     <span class='ocr_line' id='line_1_59' title="bbox 439 3331 2012 3404; baseline -0.012 -2"><span class='ocrx_word' id='word_1_444' title='bbox 439 3348 636 3402; x_wconf 82' lang='lat' dir='ltr'><strong>bimus.</strong></span> <span class='ocrx_word' id='word_1_445' title='bbox 669 3343 911 3398; x_wconf 83' lang='lat' dir='ltr'><strong>Primum</strong></span> <span class='ocrx_word' id='word_1_446' title='bbox 955 3341 1121 3404; x_wconf 88' lang='lat' dir='ltr'><strong>enim,</strong></span> <span class='ocrx_word' id='word_1_447' title='bbox 1145 3353 1268 3392; x_wconf 85' lang='lat' dir='ltr'><strong>cum</strong></span> <span class='ocrx_word' id='word_1_448' title='bbox 1300 3337 1484 3392; x_wconf 83' lang='lat' dir='ltr'><strong>hostes</strong></span> <span class='ocrx_word' id='word_1_449' title='bbox 1515 3350 1622 3389; x_wconf 90' lang='lat' dir='ltr'><strong>non</strong></span> <span class='ocrx_word' id='word_1_450' title='bbox 1652 3333 1805 3401; x_wconf 82' lang='lat' dir='ltr'><strong>longe</strong></span> <span class='ocrx_word' id='word_1_451' title='bbox 1848 3331 2012 3384; x_wconf 79' lang='lat' dir='ltr'><strong>abes-</strong></span> 
     </span>
    </p>
   </div>
   <div class='ocr_carea' id='block_1_60' title="bbox 439 3423 2016 3506">
    <p class='ocr_par' dir='ltr' id='par_1_60' title="bbox 439 3423 2016 3506">
     <span class='ocr_line' id='line_1_60' title="bbox 439 3423 2016 3506; baseline -0.013 -11"><span class='ocrx_word' id='word_1_452' title='bbox 439 3447 583 3503; x_wconf 84' lang='lat' dir='ltr'><strong>sent,</strong></span> <span class='ocrx_word' id='word_1_453' title='bbox 630 3437 1004 3506; x_wconf 79' lang='lat' dir='ltr'><strong>quosdamque</strong></span> <span class='ocrx_word' id='word_1_454' title='bbox 1043 3432 1244 3486; x_wconf 78' lang='lat' dir='ltr'><strong>milites</strong></span> <span class='ocrx_word' id='word_1_455' title='bbox 1289 3428 1521 3483; x_wconf 79' lang='lat' dir='ltr'><strong>viriliter</strong></span> <span class='ocrx_word' id='word_1_456' title='bbox 1565 3439 1728 3495; x_wconf 84' lang='lat' dir='ltr'><strong>agere</strong></span> <span class='ocrx_word' id='word_1_457' title='bbox 1757 3423 2016 3492; x_wconf 77' lang='lat' dir='ltr'><strong>iussisset</strong></span> 
     </span>
    </p>
   </div>
   <div class='ocr_carea' id='block_1_61' title="bbox 441 3515 2014 3598">
    <p class='ocr_par' dir='ltr' id='par_1_61' title="bbox 441 3515 2014 3598">
     <span class='ocr_line' id='line_1_61' title="bbox 441 3515 2014 3598; baseline -0.011 -16"><span class='ocrx_word' id='word_1_458' title='bbox 441 3529 571 3598; x_wconf 79' lang='lat' dir='ltr'><strong>(dux</strong></span> <span class='ocrx_word' id='word_1_459' title='bbox 625 3526 768 3580; x_wconf 85' lang='lat' dir='ltr'><strong>enim</strong></span> <span class='ocrx_word' id='word_1_460' title='bbox 831 3522 1039 3592; x_wconf 80' lang='lat' dir='ltr'><strong>peritus</strong></span> <span class='ocrx_word' id='word_1_461' title='bbox 1101 3515 1449 3584; x_wconf 84' lang='lat' dir='ltr'><strong>dormiendi),</strong></span> <span class='ocrx_word' id='word_1_462' title='bbox 1501 3520 1893 3575; x_wconf 73' lang='lat' dir='ltr'><strong>excurrerent,</strong></span> <span class='ocrx_word' id='word_1_463' title='bbox 1949 3525 2014 3565; x_wconf 86' lang='lat' dir='ltr'><strong>ac</strong></span> 
     </span>
    </p>
   </div>
   <div class='ocr_carea' id='block_1_62' title="bbox 442 3601 2016 3686">
    <p class='ocr_par' dir='ltr' id='par_1_62' title="bbox 442 3601 2016 3686">
     <span class='ocr_line' id='line_1_62' title="bbox 442 3601 2016 3686; baseline -0.011 -13"><span class='ocrx_word' id='word_1_464' title='bbox 442 3633 608 3673; x_wconf 89' lang='lat' dir='ltr'><strong>unum</strong></span> <span class='ocrx_word' id='word_1_465' title='bbox 651 3614 945 3686; x_wconf 80' lang='lat' dir='ltr'><strong>quemdam</strong></span> <span class='ocrx_word' id='word_1_466' title='bbox 978 3608 1526 3686; x_wconf 76' lang='lat' dir='ltr'><strong>comprehenderunt.</strong></span> <span class='ocrx_word' id='word_1_467' title='bbox 1562 3605 1735 3670; x_wconf 87' lang='lat' dir='ltr'><strong>Quem</strong></span> <span class='ocrx_word' id='word_1_468' title='bbox 1770 3601 2016 3672; x_wconf 82' lang='lat' dir='ltr'><strong>pulchris</strong></span> 
     </span>
    </p>
   </div>
   <div class='ocr_carea' id='block_1_63' title="bbox 444 3683 2015 3762">
    <p class='ocr_par' dir='ltr' id='par_1_63' title="bbox 444 3683 2015 3762">
     <span class='ocr_line' id='line_1_63' title="bbox 444 3683 2015 3762; baseline -0.009 -2"><span class='ocrx_word' id='word_1_469' title='bbox 444 3683 684 3762; x_wconf 79' lang='lat' dir='ltr'><strong>vestibus</strong></span> <span class='ocrx_word' id='word_1_470' title='bbox 747 3700 1073 3756; x_wconf 73' lang='lat' dir='ltr'><strong>militaribus</strong></span> <span class='ocrx_word' id='word_1_471' title='bbox 1140 3683 1410 3760; x_wconf 76' lang='lat' dir='ltr'><strong>indutum,</strong></span> <span class='ocrx_word' id='word_1_472' title='bbox 1473 3709 1578 3748; x_wconf 87' lang='lat' dir='ltr'><strong>non</strong></span> <span class='ocrx_word' id='word_1_473' title='bbox 1635 3693 1784 3747; x_wconf 88' lang='lat' dir='ltr'><strong>illius</strong></span> <span class='ocrx_word' id='word_1_474' title='bbox 1832 3690 2015 3759; x_wconf 74' lang='lat' dir='ltr'><strong>(exilis</strong></span> 
     </span>
    </p>
   </div>
   <div class='ocr_carea' id='block_1_64' title="bbox 442 3782 2012 3862">
    <p class='ocr_par' dir='ltr' id='par_1_64' title="bbox 442 3782 2012 3862">
     <span class='ocr_line' id='line_1_64' title="bbox 442 3782 2012 3862; baseline -0.014 -7"><span class='ocrx_word' id='word_1_475' title='bbox 442 3800 590 3855; x_wconf 74' lang='lat' dir='ltr'><strong>extim.</strong></span> <span class='ocrx_word' id='word_1_476' title='bbox 643 3796 783 3862; x_wconf 87' lang='lat' dir='ltr'><strong>erat)</strong></span> <span class='ocrx_word' id='word_1_477' title='bbox 835 3793 930 3848; x_wconf 87' lang='lat' dir='ltr'><strong>sed</strong></span> <span class='ocrx_word' id='word_1_478' title='bbox 953 3805 1200 3852; x_wconf 86' lang='lat' dir='ltr'><strong>suorum,</strong></span> <span class='ocrx_word' id='word_1_479' title='bbox 1229 3790 1280 3843; x_wconf 91' lang='lat' dir='ltr'><strong>in</strong></span> <span class='ocrx_word' id='word_1_480' title='bbox 1333 3785 1608 3855; x_wconf 83' lang='lat' dir='ltr'><strong>triumpho</strong></span> <span class='ocrx_word' id='word_1_481' title='bbox 1655 3799 1752 3854; x_wconf 88' lang='lat' dir='ltr'><strong>per</strong></span> <span class='ocrx_word' id='word_1_482' title='bbox 1781 3782 2012 3837; x_wconf 81' lang='lat' dir='ltr'><strong>mediam</strong></span> 
     </span>
    </p>
   </div>
   <div class='ocr_carea' id='block_1_65' title="bbox 443 3873 2016 3953">
    <p class='ocr_par' dir='ltr' id='par_1_65' title="bbox 443 3873 2016 3953">
     <span class='ocr_line' id='line_1_65' title="bbox 443 3873 2016 3953; baseline -0.013 -8"><span class='ocrx_word' id='word_1_483' title='bbox 443 3891 715 3946; x_wconf 72' lang='lat' dir='ltr'><strong>civitatem</strong></span> <span class='ocrx_word' id='word_1_484' title='bbox 765 3886 1035 3940; x_wconf 80' lang='lat' dir='ltr'><strong>duxerunt</strong></span> <span class='ocrx_word' id='word_1_485' title='bbox 1067 3882 1333 3953; x_wconf 82' lang='lat' dir='ltr'><strong>quasique</strong></span> <span class='ocrx_word' id='word_1_486' title='bbox 1379 3878 1670 3946; x_wconf 87' lang='lat' dir='ltr'><strong>quemdam</strong></span> <span class='ocrx_word' id='word_1_487' title='bbox 1723 3875 1896 3928; x_wconf 86' lang='lat' dir='ltr'><strong>virum</strong></span> <span class='ocrx_word' id='word_1_488' title='bbox 1935 3873 2016 3925; x_wconf 87' lang='lat' dir='ltr'><strong>in-</strong></span> 
     </span>
    </p>
   </div>
   <div class='ocr_carea' id='block_1_66' title="bbox 442 3963 2014 4050">
    <p class='ocr_par' dir='ltr' id='par_1_66' title="bbox 442 3963 2014 4050">
     <span class='ocr_line' id='line_1_66' title="bbox 442 3963 2014 4050; baseline -0.011 -17"><span class='ocrx_word' id='word_1_489' title='bbox 442 3981 650 4050; x_wconf 81' lang='lat' dir='ltr'><strong>signem</strong></span> <span class='ocrx_word' id='word_1_490' title='bbox 720 3976 969 4030; x_wconf 86' lang='lat' dir='ltr'><strong>laudibus</strong></span> <span class='ocrx_word' id='word_1_491' title='bbox 1027 3971 1358 4026; x_wconf 79' lang='lat' dir='ltr'><strong>extulerunt.</strong></span> <span class='ocrx_word' id='word_1_492' title='bbox 1422 3965 1616 4022; x_wconf 77' lang='lat' dir='ltr'><strong>Statim</strong></span> <span class='ocrx_word' id='word_1_493' title='bbox 1687 3963 1915 4034; x_wconf 84' lang='lat' dir='ltr'><strong>epistola</strong></span> <span class='ocrx_word' id='word_1_494' title='bbox 1982 3977 2014 4016; x_wconf 84' lang='lat' dir='ltr'><strong>a</strong></span> 
     </span>
    </p>
   </div>
   <div class='ocr_carea' id='block_1_67' title="bbox 445 4052 2014 4143">
    <p class='ocr_par' dir='ltr' id='par_1_67' title="bbox 445 4052 2014 4143">
     <span class='ocr_line' id='line_1_67' title="bbox 445 4052 2014 4143; baseline -0.012 -18"><span class='ocrx_word' id='word_1_495' title='bbox 445 4070 706 4143; x_wconf 64' lang='lat' dir='ltr'><strong>praefecto</strong></span> <span class='ocrx_word' id='word_1_496' title='bbox 720 4076 775 4123; x_wconf 88' lang='lat' dir='ltr'><strong>et</strong></span> <span class='ocrx_word' id='word_1_497' title='bbox 803 4067 938 4120; x_wconf 90' lang='lat' dir='ltr'><strong>duce</strong></span> <span class='ocrx_word' id='word_1_498' title='bbox 963 4065 1029 4116; x_wconf 81' lang='lat' dir='ltr'><strong>ad</strong></span> <span class='ocrx_word' id='word_1_499' title='bbox 1053 4063 1438 4131; x_wconf 87' lang='lat' dir='ltr'><strong>imperatorem</strong></span> <span class='ocrx_word' id='word_1_500' title='bbox 1467 4056 1720 4120; x_wconf 84' lang='lat' dir='ltr'><strong>mittitur,</strong></span> <span class='ocrx_word' id='word_1_501' title='bbox 1741 4067 1844 4109; x_wconf 85' lang='lat' dir='ltr'><strong>nos</strong></span> <span class='ocrx_word' id='word_1_502' title='bbox 1872 4052 2014 4107; x_wconf 86' lang='lat' dir='ltr'><strong>belle</strong></span> 
     </span>
    </p>
   </div>
   <div class='ocr_carea' id='block_1_68' title="bbox 445 4144 2018 4230">
    <p class='ocr_par' dir='ltr' id='par_1_68' title="bbox 445 4144 2018 4230">
     <span class='ocr_line' id='line_1_68' title="bbox 445 4144 2018 4230; baseline -0.013 -12"><span class='ocrx_word' id='word_1_503' title='bbox 445 4160 755 4230; x_wconf 80' lang='lat' dir='ltr'><strong>belligerari</strong></span> <span class='ocrx_word' id='word_1_504' title='bbox 785 4154 1198 4210; x_wconf 72' lang='lat' dir='ltr'><strong>adiuuantibus.</strong></span> <span class='ocrx_word' id='word_1_505' title='bbox 1225 4152 1319 4206; x_wconf 88' lang='lat' dir='ltr'><strong>Die</strong></span> <span class='ocrx_word' id='word_1_506' title='bbox 1365 4149 1600 4205; x_wconf 85' lang='lat' dir='ltr'><strong>secunda</strong></span> <span class='ocrx_word' id='word_1_507' title='bbox 1658 4147 1728 4201; x_wconf 89' lang='lat' dir='ltr'><strong>ab</strong></span> <span class='ocrx_word' id='word_1_508' title='bbox 1775 4147 1875 4201; x_wconf 83' lang='lat' dir='ltr'><strong>hac</strong></span> <span class='ocrx_word' id='word_1_509' title='bbox 1925 4144 2018 4198; x_wconf 86' lang='lat' dir='ltr'><strong>die</strong></span> 
     </span>
    </p>
   </div>
   <div class='ocr_carea' id='block_1_69' title="bbox 445 4237 2016 4310">
    <p class='ocr_par' dir='ltr' id='par_1_69' title="bbox 445 4237 2016 4310">
     <span class='ocr_line' id='line_1_69' title="bbox 445 4237 2016 4310; baseline -0.013 -5"><span class='ocrx_word' id='word_1_510' title='bbox 445 4253 535 4305; x_wconf 86' lang='lat' dir='ltr'><strong>alii</strong></span> <span class='ocrx_word' id='word_1_511' title='bbox 577 4251 866 4304; x_wconf 87' lang='lat' dir='ltr'><strong>mittuntttr</strong></span> <span class='ocrx_word' id='word_1_512' title='bbox 917 4260 980 4298; x_wconf 89' lang='lat' dir='ltr'><strong>ac</strong></span> <span class='ocrx_word' id='word_1_513' title='bbox 1031 4243 1250 4310; x_wconf 88' lang='lat' dir='ltr'><strong>capiunt</strong></span> <span class='ocrx_word' id='word_1_514' title='bbox 1308 4253 1417 4292; x_wconf 84' lang='lat' dir='ltr'><strong>non</strong></span> <span class='ocrx_word' id='word_1_515' title='bbox 1452 4237 1728 4291; x_wconf 87' lang='lat' dir='ltr'><strong>hominem</strong></span> <span class='ocrx_word' id='word_1_516' title='bbox 1777 4237 1872 4290; x_wconf 84' lang='lat' dir='ltr'><strong>sed</strong></span> <span class='ocrx_word' id='word_1_517' title='bbox 1911 4237 2016 4288; x_wconf 87' lang='lat' dir='ltr'><strong>duo</strong></span> 
     </span>
    </p>
   </div>
   <div class='ocr_carea' id='block_1_70' title="bbox 448 4323 2014 4407">
    <p class='ocr_par' dir='ltr' id='par_1_70' title="bbox 448 4323 2014 4407">
     <span class='ocr_line' id='line_1_70' title="bbox 448 4323 2014 4407; baseline -0.012 -11"><span class='ocrx_word' id='word_1_518' title='bbox 448 4344 646 4398; x_wconf 82' lang='lat' dir='ltr'><strong>misera</strong></span> <span class='ocrx_word' id='word_1_519' title='bbox 686 4341 930 4407; x_wconf 86' lang='lat' dir='ltr'><strong>jumenta</strong></span> <span class='ocrx_word' id='word_1_520' title='bbox 964 4347 1017 4390; x_wconf 90' lang='lat' dir='ltr'><strong>et</strong></span> <span class='ocrx_word' id='word_1_521' title='bbox 1061 4334 1413 4390; x_wconf 87' lang='lat' dir='ltr'><strong>simulacrum</strong></span> <span class='ocrx_word' id='word_1_522' title='bbox 1453 4328 1639 4381; x_wconf 87' lang='lat' dir='ltr'><strong>militis</strong></span> <span class='ocrx_word' id='word_1_523' title='bbox 1667 4325 1878 4394; x_wconf 87' lang='lat' dir='ltr'><strong>capitis.</strong></span> <span class='ocrx_word' id='word_1_524' title='bbox 1911 4323 2014 4390; x_wconf 85' lang='lat' dir='ltr'><strong>Qui</strong></span> 
     </span>
    </p>
   </div>
   <div class='ocr_carea' id='block_1_71' title="bbox 445 4415 2011 4492">
    <p class='ocr_par' dir='ltr' id='par_1_71' title="bbox 445 4415 2011 4492">
     <span class='ocr_line' id='line_1_71' title="bbox 445 4415 2011 4492; baseline -0.013 -4"><span class='ocrx_word' id='word_1_525' title='bbox 445 4436 590 4488; x_wconf 84' lang='lat' dir='ltr'><strong>enim</strong></span> <span class='ocrx_word' id='word_1_526' title='bbox 625 4432 763 4485; x_wconf 89' lang='lat' dir='ltr'><strong>hanc</strong></span> <span class='ocrx_word' id='word_1_527' title='bbox 807 4430 1065 4482; x_wconf 86' lang='lat' dir='ltr'><strong>habuerat</strong></span> <span class='ocrx_word' id='word_1_528' title='bbox 1109 4424 1412 4492; x_wconf 75' lang='lat' dir='ltr'><strong>aufugerat,</strong></span> <span class='ocrx_word' id='word_1_529' title='bbox 1443 4420 1819 4489; x_wconf 84' lang='lat' dir='ltr'><strong>ohjcceratque</strong></span> <span class='ocrx_word' id='word_1_530' title='bbox 1854 4415 2011 4484; x_wconf 86' lang='lat' dir='ltr'><strong>quasi</strong></span> 
     </span>
    </p>
   </div>
   <div class='ocr_carea' id='block_1_72' title="bbox 448 4508 2009 4595">
    <p class='ocr_par' dir='ltr' id='par_1_72' title="bbox 448 4508 2009 4595">
     <span class='ocr_line' id='line_1_72' title="bbox 448 4508 2009 4595; baseline -0.013 -13"><span class='ocrx_word' id='word_1_531' title='bbox 448 4528 506 4582; x_wconf 88' lang='lat' dir='ltr'><strong>in</strong></span> <span class='ocrx_word' id='word_1_532' title='bbox 534 4524 764 4595; x_wconf 84' lang='lat' dir='ltr'><strong>pretium</strong></span> <span class='ocrx_word' id='word_1_533' title='bbox 793 4517 1264 4591; x_wconf 81' lang='lat' dir='ltr'><strong>persequentibus.</strong></span> <span class='ocrx_word' id='word_1_534' title='bbox 1295 4513 1486 4568; x_wconf 89' lang='lat' dir='ltr'><strong>Statim</strong></span> <span class='ocrx_word' id='word_1_535' title='bbox 1516 4512 1710 4564; x_wconf 81' lang='lat' dir='ltr'><strong>iterum</strong></span> <span class='ocrx_word' id='word_1_536' title='bbox 1750 4508 2009 4576; x_wconf 81' lang='lat' dir='ltr'><strong>triumphi</strong></span> 
     </span>
    </p>
   </div>
   <div class='ocr_carea' id='block_1_73' title="bbox 447 4598 2010 4681">
    <p class='ocr_par' dir='ltr' id='par_1_73' title="bbox 447 4598 2010 4681">
     <span class='ocr_line' id='line_1_73' title="bbox 447 4598 2010 4681; baseline -0.013 -9"><span class='ocrx_word' id='word_1_537' title='bbox 447 4619 503 4672; x_wconf 89' lang='lat' dir='ltr'><strong>in</strong></span> <span class='ocrx_word' id='word_1_538' title='bbox 529 4614 768 4675; x_wconf 76' lang='lat' dir='ltr'><strong>civitate,</strong></span> <span class='ocrx_word' id='word_1_539' title='bbox 785 4613 1137 4681; x_wconf 73' lang='lat' dir='ltr'><strong>iumentaque</strong></span> <span class='ocrx_word' id='word_1_540' title='bbox 1163 4611 1318 4674; x_wconf 89' lang='lat' dir='ltr'><strong>capta</strong></span> <span class='ocrx_word' id='word_1_541' title='bbox 1352 4599 1835 4657; x_wconf 84' lang='lat' dir='ltr'><strong>considerabautur</strong></span> <span class='ocrx_word' id='word_1_542' title='bbox 1856 4598 2010 4668; x_wconf 84' lang='lat' dir='ltr'><strong>quasi</strong></span> 
     </span>
    </p>
   </div>
   <div class='ocr_carea' id='block_1_74' title="bbox 446 4688 2010 4775">
    <p class='ocr_par' dir='ltr' id='par_1_74' title="bbox 446 4688 2010 4775">
     <span class='ocr_line' id='line_1_74' title="bbox 446 4688 2010 4775; baseline -0.014 -14"><span class='ocrx_word' id='word_1_543' title='bbox 446 4704 652 4775; x_wconf 90' lang='lat' dir='ltr'><strong>aliquid</strong></span> <span class='ocrx_word' id='word_1_544' title='bbox 697 4715 951 4770; x_wconf 81' lang='lat' dir='ltr'><strong>maguum</strong></span> <span class='ocrx_word' id='word_1_545' title='bbox 991 4697 1138 4767; x_wconf 82' lang='lat' dir='ltr'><strong>quod</strong></span> <span class='ocrx_word' id='word_1_546' title='bbox 1179 4703 1388 4764; x_wconf 86' lang='lat' dir='ltr'><strong>raptum</strong></span> <span class='ocrx_word' id='word_1_547' title='bbox 1427 4692 1639 4745; x_wconf 80' lang='lat' dir='ltr'><strong>fuisset.</strong></span> <span class='ocrx_word' id='word_1_548' title='bbox 1693 4688 1886 4742; x_wconf 87' lang='lat' dir='ltr'><strong>Forma</strong></span> <span class='ocrx_word' id='word_1_549' title='bbox 1917 4701 2010 4742; x_wconf 88' lang='lat' dir='ltr'><strong>ca-</strong></span> 
     </span>
    </p>
   </div>
   <div class='ocr_carea' id='block_1_75' title="bbox 447 4779 2010 4867">
    <p class='ocr_par' dir='ltr' id='par_1_75' title="bbox 447 4779 2010 4867">
     <span class='ocr_line' id='line_1_75' title="bbox 447 4779 2010 4867; baseline -0.01 -17"><span class='ocrx_word' id='word_1_550' title='bbox 447 4800 574 4867; x_wconf 76' lang='lat' dir='ltr'><strong>pitil</strong></span> <span class='ocrx_word' id='word_1_551' title='bbox 624 4810 786 4866; x_wconf 82' lang='lat' dir='ltr'><strong>super</strong></span> <span class='ocrx_word' id='word_1_552' title='bbox 846 4794 1000 4846; x_wconf 88' lang='lat' dir='ltr'><strong>hasta</strong></span> <span class='ocrx_word' id='word_1_553' title='bbox 1055 4802 1274 4859; x_wconf 87' lang='lat' dir='ltr'><strong>quoque</strong></span> <span class='ocrx_word' id='word_1_554' title='bbox 1321 4781 1808 4840; x_wconf 82' lang='lat' dir='ltr'><strong>circumferebatur</strong></span> <span class='ocrx_word' id='word_1_555' title='bbox 1854 4779 2010 4849; x_wconf 89' lang='lat' dir='ltr'><strong>quasi</strong></span> 
     </span>
    </p>
   </div>
   <div class='ocr_carea' id='block_1_76' title="bbox 449 4871 2012 4962">
    <p class='ocr_par' dir='ltr' id='par_1_76' title="bbox 449 4871 2012 4962">
     <span class='ocr_line' id='line_1_76' title="bbox 449 4871 2012 4962; baseline -0.015 -13"><span class='ocrx_word' id='word_1_556' title='bbox 449 4891 683 4962; x_wconf 75' lang='lat' dir='ltr'><strong>Spolium</strong></span> <span class='ocrx_word' id='word_1_557' title='bbox 731 4886 958 4958; x_wconf 77' lang='lat' dir='ltr'><strong>insigne.</strong></span> <span class='ocrx_word' id='word_1_558' title='bbox 993 4881 1189 4936; x_wconf 88' lang='lat' dir='ltr'><strong>lterum</strong></span> <span class='ocrx_word' id='word_1_559' title='bbox 1216 4879 1447 4948; x_wconf 86' lang='lat' dir='ltr'><strong>epistola</strong></span> <span class='ocrx_word' id='word_1_560' title='bbox 1489 4875 1724 4941; x_wconf 87' lang='lat' dir='ltr'><strong>imperiti</strong></span> <span class='ocrx_word' id='word_1_561' title='bbox 1750 4871 1906 4927; x_wconf 88' lang='lat' dir='ltr'><strong>ducis</strong></span> <span class='ocrx_word' id='word_1_562' title='bbox 1945 4871 2012 4926; x_wconf 89' lang='lat' dir='ltr'><strong>ad</strong></span> 
     </span>
    </p>
   </div>
   <div class='ocr_carea' id='block_1_77' title="bbox 451 4966 2012 5051">
    <p class='ocr_par' dir='ltr' id='par_1_77' title="bbox 451 4966 2012 5051">
     <span class='ocr_line' id='line_1_77' title="bbox 451 4966 2012 5051; baseline -0.012 -13"><span class='ocrx_word' id='word_1_563' title='bbox 451 4986 836 5051; x_wconf 84' lang='lat' dir='ltr'><strong>imperatorem</strong></span> <span class='ocrx_word' id='word_1_564' title='bbox 863 4977 930 5029; x_wconf 90' lang='lat' dir='ltr'><strong>de</strong></span> <span class='ocrx_word' id='word_1_565' title='bbox 973 4975 1115 5028; x_wconf 90' lang='lat' dir='ltr'><strong>bono</strong></span> <span class='ocrx_word' id='word_1_566' title='bbox 1158 4972 1303 5026; x_wconf 78' lang='lat' dir='ltr'><strong>exitu</strong></span> <span class='ocrx_word' id='word_1_567' title='bbox 1353 4969 1497 5022; x_wconf 90' lang='lat' dir='ltr'><strong>belli.</strong></span> <span class='ocrx_word' id='word_1_568' title='bbox 1529 4967 1802 5022; x_wconf 88' lang='lat' dir='ltr'><strong>lndeirati</strong></span> <span class='ocrx_word' id='word_1_569' title='bbox 1827 4966 2012 5021; x_wconf 82' lang='lat' dir='ltr'><strong>hostes</strong></span> 
     </span>
    </p>
   </div>
   <div class='ocr_carea' id='block_1_78' title="bbox 448 5057 2012 5141">
    <p class='ocr_par' dir='ltr' id='par_1_78' title="bbox 448 5057 2012 5141">
     <span class='ocr_line' id='line_1_78' title="bbox 448 5057 2012 5141; baseline -0.009 -16"><span class='ocrx_word' id='word_1_570' title='bbox 448 5071 542 5141; x_wconf 88' lang='lat' dir='ltr'><strong>qui</strong></span> <span class='ocrx_word' id='word_1_571' title='bbox 571 5068 645 5123; x_wconf 90' lang='lat' dir='ltr'><strong>ibi</strong></span> <span class='ocrx_word' id='word_1_572' title='bbox 674 5073 829 5121; x_wconf 90' lang='lat' dir='ltr'><strong>erant</strong></span> <span class='ocrx_word' id='word_1_573' title='bbox 852 5072 909 5116; x_wconf 89' lang='lat' dir='ltr'><strong>ut</strong></span> <span class='ocrx_word' id='word_1_574' title='bbox 931 5063 1227 5116; x_wconf 70' lang='lat' dir='ltr'><strong>crabrones</strong></span> <span class='ocrx_word' id='word_1_575' title='bbox 1243 5059 1392 5114; x_wconf 87' lang='lat' dir='ltr'><strong>brevi</strong></span> <span class='ocrx_word' id='word_1_576' title='bbox 1413 5059 1803 5114; x_wconf 84' lang='lat' dir='ltr'><strong>advolaverunt</strong></span> <span class='ocrx_word' id='word_1_577' title='bbox 1824 5057 1891 5111; x_wconf 86' lang='lat' dir='ltr'><strong>ad</strong></span> <span class='ocrx_word' id='word_1_578' title='bbox 1911 5071 2012 5111; x_wconf 87' lang='lat' dir='ltr'><strong>nos</strong></span> 
     </span>
    </p>
   </div>
   <div class='ocr_carea' id='block_1_79' title="bbox 451 5151 2010 5234">
    <p class='ocr_par' dir='ltr' id='par_1_79' title="bbox 451 5151 2010 5234">
     <span class='ocr_line' id='line_1_79' title="bbox 451 5151 2010 5234; baseline -0.004 -21"><span class='ocrx_word' id='word_1_579' title='bbox 451 5166 635 5234; x_wconf 69' lang='lat' dir='ltr'><strong>(antea</strong></span> <span class='ocrx_word' id='word_1_580' title='bbox 668 5158 813 5213; x_wconf 87' lang='lat' dir='ltr'><strong>enim</strong></span> <span class='ocrx_word' id='word_1_581' title='bbox 871 5154 1224 5217; x_wconf 80' lang='lat' dir='ltr'><strong>distulerant,</strong></span> <span class='ocrx_word' id='word_1_582' title='bbox 1249 5151 1482 5207; x_wconf 87' lang='lat' dir='ltr'><strong>classem</strong></span> <span class='ocrx_word' id='word_1_583' title='bbox 1515 5152 1730 5219; x_wconf 85' lang='lat' dir='ltr'><strong>signum</strong></span> <span class='ocrx_word' id='word_1_584' title='bbox 1757 5152 2010 5207; x_wconf 86' lang='lat' dir='ltr'><strong>daturam</strong></span> 
     </span>
    </p>
   </div>
   <div class='ocr_carea' id='block_1_80' title="bbox 450 5242 2011 5323">
    <p class='ocr_par' dir='ltr' id='par_1_80' title="bbox 450 5242 2011 5323">
     <span class='ocr_line' id='line_1_80' title="bbox 450 5242 2011 5323; baseline -0.009 -14"><span class='ocrx_word' id='word_1_585' title='bbox 450 5247 887 5323; x_wconf 77' lang='lat' dir='ltr'><strong>exspectantes),</strong></span> <span class='ocrx_word' id='word_1_586' title='bbox 912 5246 1309 5313; x_wconf 89' lang='lat' dir='ltr'><strong>civitatemque</strong></span> <span class='ocrx_word' id='word_1_587' title='bbox 1340 5257 1370 5297; x_wconf 90' lang='lat' dir='ltr'><strong>a</strong></span> <span class='ocrx_word' id='word_1_588' title='bbox 1391 5244 1604 5312; x_wconf 86' lang='lat' dir='ltr'><strong>magnis</strong></span> <span class='ocrx_word' id='word_1_589' title='bbox 1636 5242 1828 5310; x_wconf 87' lang='lat' dir='ltr'><strong>januis</strong></span> <span class='ocrx_word' id='word_1_590' title='bbox 1862 5242 2011 5296; x_wconf 88' lang='lat' dir='ltr'><strong>occi-</strong></span> 
     </span>
    </p>
   </div>
   <div class='ocr_carea' id='block_1_81' title="bbox 451 5336 2011 5409">
    <p class='ocr_par' dir='ltr' id='par_1_81' title="bbox 451 5336 2011 5409">
     <span class='ocr_line' id='line_1_81' title="bbox 451 5336 2011 5409; baseline -0.008 -8"><span class='ocrx_word' id='word_1_591' title='bbox 451 5344 765 5404; x_wconf 81' lang='lat' dir='ltr'><strong>dentalibus</strong></span> <span class='ocrx_word' id='word_1_592' title='bbox 801 5353 976 5409; x_wconf 79' lang='lat' dir='ltr'><strong>usque</strong></span> <span class='ocrx_word' id='word_1_593' title='bbox 1029 5338 1094 5390; x_wconf 84' lang='lat' dir='ltr'><strong>ad</strong></span> <span class='ocrx_word' id='word_1_594' title='bbox 1134 5346 1305 5392; x_wconf 85' lang='lat' dir='ltr'><strong>totam</strong></span> <span class='ocrx_word' id='word_1_595' title='bbox 1349 5352 1532 5391; x_wconf 82' lang='lat' dir='ltr'><strong>arcem</strong></span> <span class='ocrx_word' id='word_1_596' title='bbox 1565 5336 1753 5390; x_wconf 86' lang='lat' dir='ltr'><strong>subito</strong></span> <span class='ocrx_word' id='word_1_597' title='bbox 1781 5352 2011 5390; x_wconf 85' lang='lat' dir='ltr'><strong>curren-</strong></span> 
     </span>
    </p>
   </div>
   <div class='ocr_carea' id='block_1_82' title="bbox 456 5427 2015 5496">
    <p class='ocr_par' dir='ltr' id='par_1_82' title="bbox 456 5427 2015 5496">
     <span class='ocr_line' id='line_1_82' title="bbox 456 5427 2015 5496; baseline -0.007 -5"><span class='ocrx_word' id='word_1_598' title='bbox 456 5433 1044 5492; x_wconf 78' lang='lat' dir='ltr'><strong>tescircumdederunt.</strong></span> <span class='ocrx_word' id='word_1_599' title='bbox 1071 5429 1144 5484; x_wconf 90' lang='lat' dir='ltr'><strong>lbi</strong></span> <span class='ocrx_word' id='word_1_600' title='bbox 1175 5429 1498 5483; x_wconf 82' lang='lat' dir='ltr'><strong>titexcursio</strong></span> <span class='ocrx_word' id='word_1_601' title='bbox 1524 5430 1752 5481; x_wconf 90' lang='lat' dir='ltr'><strong>duorum</strong></span> <span class='ocrx_word' id='word_1_602' title='bbox 1771 5427 2015 5496; x_wconf 86' lang='lat' dir='ltr'><strong>equitum</strong></span> 
     </span>
    </p>
   </div>
   <div class='ocr_carea' id='block_1_83' title="bbox 455 5520 2018 5594">
    <p class='ocr_par' dir='ltr' id='par_1_83' title="bbox 455 5520 2018 5594">
     <span class='ocr_line' id='line_1_83' title="bbox 455 5520 2018 5594; baseline -0.006 -14"><span class='ocrx_word' id='word_1_603' title='bbox 455 5525 824 5581; x_wconf 85' lang='lat' dir='ltr'><strong>Latiuorume</strong></span> <span class='ocrx_word' id='word_1_604' title='bbox 877 5532 1038 5594; x_wconf 81' lang='lat' dir='ltr'><strong>gente</strong></span> <span class='ocrx_word' id='word_1_605' title='bbox 1089 5522 1563 5583; x_wconf 81' lang='lat' dir='ltr'><strong>Prehenlzonum,</strong></span> <span class='ocrx_word' id='word_1_606' title='bbox 1617 5536 1737 5590; x_wconf 76' lang='lat' dir='ltr'><strong>qua:</strong></span> <span class='ocrx_word' id='word_1_607' title='bbox 1783 5520 2018 5574; x_wconf 79' lang='lat' dir='ltr'><strong>maxima</strong></span> 
     </span>
    </p>
   </div>
   <div class='ocr_carea' id='block_1_84' title="bbox 457 5613 2019 5684">
    <p class='ocr_par' dir='ltr' id='par_1_84' title="bbox 457 5613 2019 5684">
     <span class='ocr_line' id='line_1_84' title="bbox 457 5613 2019 5684; baseline -0.002 -14"><span class='ocrx_word' id='word_1_608' title='bbox 457 5621 684 5673; x_wconf 82' lang='lat' dir='ltr'><strong>audacia</strong></span> <span class='ocrx_word' id='word_1_609' title='bbox 735 5617 998 5672; x_wconf 78' lang='lat' dir='ltr'><strong>exercitui</strong></span> <span class='ocrx_word' id='word_1_610' title='bbox 1051 5614 1235 5669; x_wconf 85' lang='lat' dir='ltr'><strong>Siculo</strong></span> <span class='ocrx_word' id='word_1_611' title='bbox 1299 5613 1630 5678; x_wconf 64' lang='lat' dir='ltr'><strong>adhaerebat,</strong></span> <span class='ocrx_word' id='word_1_612' title='bbox 1667 5614 2019 5684; x_wconf 82' lang='lat' dir='ltr'><strong>pluriumque</strong></span> 
     </span>
    </p>
   </div>
   <div class='ocr_carea' id='block_1_85' title="bbox 455 5707 2017 5776">
    <p class='ocr_par' dir='ltr' id='par_1_85' title="bbox 455 5707 2017 5776">
     <span class='ocr_line' id='line_1_85' title="bbox 455 5707 2017 5776; baseline -0.001 -12"><span class='ocrx_word' id='word_1_613' title='bbox 455 5726 526 5764; x_wconf 75' lang='lat' dir='ltr'><strong>ex.</strong></span> <span class='ocrx_word' id='word_1_614' title='bbox 593 5709 834 5773; x_wconf 73' lang='lat' dir='ltr'><strong>nostris;</strong></span> <span class='ocrx_word' id='word_1_615' title='bbox 887 5709 1096 5772; x_wconf 79' lang='lat' dir='ltr'><strong>scilicet</strong></span> <span class='ocrx_word' id='word_1_616' title='bbox 1163 5709 1346 5764; x_wconf 87' lang='lat' dir='ltr'><strong>decem</strong></span> <span class='ocrx_word' id='word_1_617' title='bbox 1409 5718 1463 5763; x_wconf 87' lang='lat' dir='ltr'><strong>et</strong></span> <span class='ocrx_word' id='word_1_618' title='bbox 1528 5709 1780 5776; x_wconf 84' lang='lat' dir='ltr'><strong>amplius.</strong></span> <span class='ocrx_word' id='word_1_619' title='bbox 1827 5707 2017 5762; x_wconf 83' lang='lat' dir='ltr'><strong>Nullus</strong></span> 
     </span>
    </p>
   </div>
   <div class='ocr_carea' id='block_1_86' title="bbox 2183 2962 3692 3039">
    <p class='ocr_par' dir='ltr' id='par_1_86' title="bbox 2183 2962 3692 3039">
     <span class='ocr_line' id='line_1_86' title="bbox 2183 2962 3692 3039; baseline 0.004 -23"><span class='ocrx_word' id='word_1_620' title='bbox 2183 2962 2294 3029; x_wconf 81' lang='grc' dir='ltr'>νς⁸.</span> <span class='ocrx_word' id='word_1_621' title='bbox 2341 2965 2505 3020; x_wconf 72' lang='grc' dir='ltr'><strong>Ἃ).λᾶ</strong></span> <span class='ocrx_word' id='word_1_622' title='bbox 2556 2966 2734 3022; x_wconf 87' lang='grc' dir='ltr'>ταῦτα</span> <span class='ocrx_word' id='word_1_623' title='bbox 2789 2967 2889 3039; x_wconf 77' lang='grc' dir='ltr'>μὲν</span> <span class='ocrx_word' id='word_1_624' title='bbox 2948 2968 3025 3032; x_wconf 85' lang='grc' dir='ltr'><strong>ὡς</strong></span> <span class='ocrx_word' id='word_1_625' title='bbox 3066 2968 3126 3021; x_wconf 72' lang='grc' dir='ltr'>ἐν</span> <span class='ocrx_word' id='word_1_626' title='bbox 3174 2967 3531 3039; x_wconf 76' lang='grc' dir='ltr'>παρεκδρομῇ</span> <span class='ocrx_word' id='word_1_627' title='bbox 3581 2985 3692 3022; x_wconf 87' lang='grc' dir='ltr'>τινι</span> 
     </span>
    </p>
   </div>
   <div class='ocr_carea' id='block_1_87' title="bbox 2112 3053 3693 3129">
    <p class='ocr_par' dir='ltr' id='par_1_87' title="bbox 2112 3053 3693 3129">
     <span class='ocr_line' id='line_1_87' title="bbox 2112 3053 3693 3129; baseline 0.006 -25"><span class='ocrx_word' id='word_1_628' title='bbox 2112 3053 2271 3121; x_wconf 84' lang='grc' dir='ltr'>λόγου</span> <span class='ocrx_word' id='word_1_629' title='bbox 2303 3057 2676 3127; x_wconf 81' lang='grc' dir='ltr'>γεγράφαται.</span> <span class='ocrx_word' id='word_1_630' title='bbox 2721 3058 2832 3128; x_wconf 79' lang='grc' dir='ltr'><strong>Τὴν</strong></span> <span class='ocrx_word' id='word_1_631' title='bbox 2856 3060 2914 3112; x_wconf 85' lang='grc' dir='ltr'>δὲ</span> <span class='ocrx_word' id='word_1_632' title='bbox 2955 3059 3110 3112; x_wconf 85' lang='grc' dir='ltr'>πόλιν</span> <span class='ocrx_word' id='word_1_633' title='bbox 3168 3064 3418 3129; x_wconf 77' lang='grc' dir='ltr'>συνεῖχεν</span> <span class='ocrx_word' id='word_1_634' title='bbox 3457 3059 3536 3122; x_wconf 80' lang='grc' dir='ltr'>ὡς</span> <span class='ocrx_word' id='word_1_635' title='bbox 3576 3055 3693 3114; x_wconf 83' lang='grc' dir='ltr'>οἷον</span> 
     </span>
    </p>
   </div>
   <div class='ocr_carea' id='block_1_88' title="bbox 2115 3145 3691 3221">
    <p class='ocr_par' dir='ltr' id='par_1_88' title="bbox 2115 3145 3691 3221">
     <span class='ocr_line' id='line_1_88' title="bbox 2115 3145 3691 3221; baseline 0.006 -25"><span class='ocrx_word' id='word_1_636' title='bbox 2115 3148 2172 3197; x_wconf 84' lang='grc' dir='ltr'>ὲν</span> <span class='ocrx_word' id='word_1_637' title='bbox 2198 3145 2472 3212; x_wconf 80' lang='grc' dir='ltr'>ἀγκάλαις</span> <span class='ocrx_word' id='word_1_638' title='bbox 2501 3148 2528 3201; x_wconf 85' lang='grc' dir='ltr'><strong>ὅ</strong></span> <span class='ocrx_word' id='word_1_639' title='bbox 2555 3165 2615 3200; x_wconf 89' lang='grc' dir='ltr'>τε</span> <span class='ocrx_word' id='word_1_640' title='bbox 2638 3148 2761 3202; x_wconf 85' lang='grc' dir='ltr'>καθ’</span> <span class='ocrx_word' id='word_1_641' title='bbox 2789 3149 3012 3215; x_wconf 80' lang='grc' dir='ltr'>ἵππους,</span> <span class='ocrx_word' id='word_1_642' title='bbox 3045 3150 3074 3203; x_wconf 82' lang='grc' dir='ltr'><strong>ὅ</strong></span> <span class='ocrx_word' id='word_1_643' title='bbox 3101 3166 3161 3204; x_wconf 89' lang='grc' dir='ltr'><strong>τε</strong></span> <span class='ocrx_word' id='word_1_644' title='bbox 3203 3151 3348 3204; x_wconf 83' lang='grc' dir='ltr'>κατὰ</span> <span class='ocrx_word' id='word_1_645' title='bbox 3397 3152 3499 3215; x_wconf 82' lang='grc' dir='ltr'>τὰς</span> <span class='ocrx_word' id='word_1_646' title='bbox 3554 3151 3691 3221; x_wconf 88' lang='grc' dir='ltr'>νῆας</span> 
     </span>
    </p>
   </div>
   <div class='ocr_carea' id='block_1_89' title="bbox 2117 3229 3690 3312">
    <p class='ocr_par' dir='ltr' id='par_1_89' title="bbox 2117 3229 3690 3312">
     <span class='ocr_line' id='line_1_89' title="bbox 2117 3229 3690 3312; baseline 0.004 -25"><span class='ocrx_word' id='word_1_647' title='bbox 2117 3237 2370 3304; x_wconf 84' lang='grc' dir='ltr'>στρατός.</span> <span class='ocrx_word' id='word_1_648' title='bbox 2407 3238 2518 3290; x_wconf 78' lang='grc' dir='ltr'><strong>Καὶ</strong></span> <span class='ocrx_word' id='word_1_649' title='bbox 2547 3240 2582 3308; x_wconf 73' lang='grc' dir='ltr'><strong>ἡ</strong></span> <span class='ocrx_word' id='word_1_650' title='bbox 2613 3229 2707 3292; x_wconf 86' lang='grc' dir='ltr'><strong>τοῦ</strong></span> <span class='ocrx_word' id='word_1_651' title='bbox 2757 3239 3068 3310; x_wconf 80' lang='grc' dir='ltr'>στρατηγοῦ</span> <span class='ocrx_word' id='word_1_652' title='bbox 3109 3240 3412 3312; x_wconf 74' lang='grc' dir='ltr'>ἁδελτηρια</span> <span class='ocrx_word' id='word_1_653' title='bbox 3453 3240 3690 3294; x_wconf 75' lang='grc' dir='ltr'>ἐνταῦθα</span> 
     </span>
    </p>
   </div>
   <div class='ocr_carea' id='block_1_90' title="bbox 2118 3326 3687 3405">
    <p class='ocr_par' dir='ltr' id='par_1_90' title="bbox 2118 3326 3687 3405">
     <span class='ocr_line' id='line_1_90' title="bbox 2118 3326 3687 3405; baseline 0.006 -25"><span class='ocrx_word' id='word_1_654' title='bbox 2118 3326 2355 3397; x_wconf 82' lang='grc' dir='ltr'>μάλιστα</span> <span class='ocrx_word' id='word_1_655' title='bbox 2388 3327 2714 3397; x_wconf 83' lang='grc' dir='ltr'>διεφαίνετο,</span> <span class='ocrx_word' id='word_1_656' title='bbox 2750 3331 2886 3400; x_wconf 69' lang='grc' dir='ltr'>μηδὲ</span> <span class='ocrx_word' id='word_1_657' title='bbox 2916 3331 2983 3384; x_wconf 81' lang='grc' dir='ltr'>τὰ</span> <span class='ocrx_word' id='word_1_658' title='bbox 3031 3333 3226 3402; x_wconf 81' lang='grc' dir='ltr'>πρώην</span> <span class='ocrx_word' id='word_1_659' title='bbox 3279 3333 3475 3405; x_wconf 75' lang='grc' dir='ltr'>ἄδηλος</span> <span class='ocrx_word' id='word_1_660' title='bbox 3525 3335 3687 3399; x_wconf 77' lang='grc' dir='ltr'>οὖσα,</span> 
     </span>
    </p>
   </div>
   <div class='ocr_carea' id='block_1_91' title="bbox 2115 3418 3688 3497">
    <p class='ocr_par' dir='ltr' id='par_1_91' title="bbox 2115 3418 3688 3497">
     <span class='ocr_line' id='line_1_91' title="bbox 2115 3418 3688 3497; baseline 0.006 -26"><span class='ocrx_word' id='word_1_661' title='bbox 2115 3418 2189 3481; x_wconf 82' lang='grc' dir='ltr'><strong>ὡς</strong></span> <span class='ocrx_word' id='word_1_662' title='bbox 2221 3420 2254 3490; x_wconf 80' lang='grc' dir='ltr'>ἠ</span> <span class='ocrx_word' id='word_1_663' title='bbox 2287 3421 2580 3491; x_wconf 77' lang='grc' dir='ltr'>συγγραφὴ</span> <span class='ocrx_word' id='word_1_664' title='bbox 2605 3423 2663 3474; x_wconf 79' lang='grc' dir='ltr'>ὲν</span> <span class='ocrx_word' id='word_1_665' title='bbox 2695 3421 2952 3492; x_wconf 73' lang='grc' dir='ltr'><strong>ὀλιγίστῳ</strong></span> <span class='ocrx_word' id='word_1_666' title='bbox 2986 3423 3334 3490; x_wconf 80' lang='grc' dir='ltr'>διαδείξεται.</span> <span class='ocrx_word' id='word_1_667' title='bbox 3382 3427 3460 3478; x_wconf 78' lang='grc' dir='ltr'>Τά</span> <span class='ocrx_word' id='word_1_668' title='bbox 3489 3427 3688 3497; x_wconf 81' lang='grc' dir='ltr'>πρῶτα</span> 
     </span>
    </p>
   </div>
   <div class='ocr_carea' id='block_1_92' title="bbox 2118 3510 3686 3584">
    <p class='ocr_par' dir='ltr' id='par_1_92' title="bbox 2118 3510 3686 3584">
     <span class='ocr_line' id='line_1_92' title="bbox 2118 3510 3686 3584; baseline 0.006 -20"><span class='ocrx_word' id='word_1_669' title='bbox 2118 3512 2218 3581; x_wconf 81' lang='grc' dir='ltr'>μὲν</span> <span class='ocrx_word' id='word_1_670' title='bbox 2249 3510 2379 3582; x_wconf 82' lang='grc' dir='ltr'>γᾴρ,</span> <span class='ocrx_word' id='word_1_671' title='bbox 2410 3513 2520 3566; x_wconf 85' lang='grc' dir='ltr'><strong>τῶν</strong></span> <span class='ocrx_word' id='word_1_672' title='bbox 2569 3512 2842 3584; x_wconf 77' lang='grc' dir='ltr'>πολεμίων</span> <span class='ocrx_word' id='word_1_673' title='bbox 2881 3515 2943 3568; x_wconf 81' lang='grc' dir='ltr'>οὐ</span> <span class='ocrx_word' id='word_1_674' title='bbox 2964 3515 3183 3584; x_wconf 83' lang='grc' dir='ltr'>μακρὰν</span> <span class='ocrx_word' id='word_1_675' title='bbox 3241 3517 3427 3582; x_wconf 77' lang='grc' dir='ltr'>ὄντων,</span> <span class='ocrx_word' id='word_1_676' title='bbox 3490 3516 3686 3584; x_wconf 76' lang='grc' dir='ltr'>βιασά-</span> 
     </span>
    </p>
   </div>
   <div class='ocr_carea' id='block_1_93' title="bbox 2118 3603 3683 3680">
    <p class='ocr_par' dir='ltr' id='par_1_93' title="bbox 2118 3603 3683 3680">
     <span class='ocr_line' id='line_1_93' title="bbox 2118 3603 3683 3680; baseline 0.006 -25"><span class='ocrx_word' id='word_1_677' title='bbox 2118 3603 2273 3672; x_wconf 78' lang='grc' dir='ltr'>μενοί</span> <span class='ocrx_word' id='word_1_678' title='bbox 2310 3621 2456 3667; x_wconf 86' lang='grc' dir='ltr'>τινες</span> <span class='ocrx_word' id='word_1_679' title='bbox 2497 3605 2606 3659; x_wconf 84' lang='grc' dir='ltr'><strong>τῶν</strong></span> <span class='ocrx_word' id='word_1_680' title='bbox 2637 3606 2988 3676; x_wconf 78' lang='grc' dir='ltr'>στρατιωτῶν</span> <span class='ocrx_word' id='word_1_681' title='bbox 3019 3607 3370 3678; x_wconf 79' lang='grc' dir='ltr'>ἀνδρίσασθαι</span> <span class='ocrx_word' id='word_1_682' title='bbox 3401 3608 3451 3676; x_wconf 82' lang='grc' dir='ltr'><strong>(ὁ</strong></span> <span class='ocrx_word' id='word_1_683' title='bbox 3475 3610 3585 3680; x_wconf 83' lang='grc' dir='ltr'>γάρ</span> <span class='ocrx_word' id='word_1_684' title='bbox 3598 3627 3683 3665; x_wconf 88' lang='grc' dir='ltr'><strong>τοι</strong></span> 
     </span>
    </p>
   </div>
   <div class='ocr_carea' id='block_1_94' title="bbox 2119 3691 3684 3768">
    <p class='ocr_par' dir='ltr' id='par_1_94' title="bbox 2119 3691 3684 3768">
     <span class='ocr_line' id='line_1_94' title="bbox 2119 3691 3684 3768; baseline 0.004 -22"><span class='ocrx_word' id='word_1_685' title='bbox 2119 3695 2423 3765; x_wconf 79' lang='grc' dir='ltr'>στρατηγὸς</span> <span class='ocrx_word' id='word_1_686' title='bbox 2448 3695 2620 3759; x_wconf 86' lang='grc' dir='ltr'>δεινὸς</span> <span class='ocrx_word' id='word_1_687' title='bbox 2649 3691 2718 3767; x_wconf 81' lang='grc' dir='ltr'>ἦν</span> <span class='ocrx_word' id='word_1_688' title='bbox 2775 3696 3123 3768; x_wconf 80' lang='grc' dir='ltr'>κοιμᾶσθαι),</span> <span class='ocrx_word' id='word_1_689' title='bbox 3173 3697 3534 3768; x_wconf 68' lang='grc' dir='ltr'>ἀφώρμησαν,</span> <span class='ocrx_word' id='word_1_690' title='bbox 3584 3701 3684 3753; x_wconf 75' lang='grc' dir='ltr'>καὶ</span> 
     </span>
    </p>
   </div>
   <div class='ocr_carea' id='block_1_95' title="bbox 2117 3785 3688 3858">
    <p class='ocr_par' dir='ltr' id='par_1_95' title="bbox 2117 3785 3688 3858">
     <span class='ocr_line' id='line_1_95' title="bbox 2117 3785 3688 3858; baseline 0.003 -20"><span class='ocrx_word' id='word_1_691' title='bbox 2117 3785 2376 3856; x_wconf 74' lang='grc' dir='ltr'>συνέσχον</span> <span class='ocrx_word' id='word_1_692' title='bbox 2408 3785 2506 3840; x_wconf 73' lang='grc' dir='ltr'>ἕνα</span> <span class='ocrx_word' id='word_1_693' title='bbox 2551 3787 2694 3841; x_wconf 73' lang='grc' dir='ltr'>τινά*</span> <span class='ocrx_word' id='word_1_694' title='bbox 2773 3786 2831 3840; x_wconf 81' lang='grc' dir='ltr'><strong>δν</strong></span> <span class='ocrx_word' id='word_1_695' title='bbox 2857 3788 2955 3842; x_wconf 76' lang='grc' dir='ltr'>καὶ</span> <span class='ocrx_word' id='word_1_696' title='bbox 2973 3788 3240 3858; x_wconf 81' lang='grc' dir='ltr'>λαμπρῶς</span> <span class='ocrx_word' id='word_1_697' title='bbox 3293 3788 3688 3858; x_wconf 86' lang='grc' dir='ltr'>περιδύσαντες</span> 
     </span>
    </p>
   </div>
   <div class='ocr_carea' id='block_1_96' title="bbox 2114 3876 3686 3950">
    <p class='ocr_par' dir='ltr' id='par_1_96' title="bbox 2114 3876 3686 3950">
     <span class='ocr_line' id='line_1_96' title="bbox 2114 3876 3686 3950; baseline 0.003 -21"><span class='ocrx_word' id='word_1_698' title='bbox 2114 3877 2187 3930; x_wconf 79' lang='grc' dir='ltr'>τὰ</span> <span class='ocrx_word' id='word_1_699' title='bbox 2221 3879 2620 3948; x_wconf 79' lang='grc' dir='ltr'>στρατιωτικὰ,</span> <span class='ocrx_word' id='word_1_700' title='bbox 2642 3879 2743 3932; x_wconf 78' lang='grc' dir='ltr'>οὐκ</span> <span class='ocrx_word' id='word_1_701' title='bbox 2771 3880 2836 3932; x_wconf 82' lang='grc' dir='ltr'>ὲκ</span> <span class='ocrx_word' id='word_1_702' title='bbox 2857 3880 2967 3933; x_wconf 85' lang='grc' dir='ltr'>τῶν</span> <span class='ocrx_word' id='word_1_703' title='bbox 2987 3880 3202 3932; x_wconf 72' lang='grc' dir='ltr'>ὲκεὲνου</span> <span class='ocrx_word' id='word_1_704' title='bbox 3233 3878 3410 3947; x_wconf 71' lang='grc' dir='ltr'>(ψιλὸς</span> <span class='ocrx_word' id='word_1_705' title='bbox 3437 3880 3547 3950; x_wconf 77' lang='grc' dir='ltr'><strong>γὰρ</strong></span> <span class='ocrx_word' id='word_1_706' title='bbox 3571 3876 3686 3950; x_wconf 75' lang='grc' dir='ltr'>ἦν),</span> 
     </span>
    </p>
   </div>
   <div class='ocr_carea' id='block_1_97' title="bbox 2115 3967 3690 4044">
    <p class='ocr_par' dir='ltr' id='par_1_97' title="bbox 2115 3967 3690 4044">
     <span class='ocr_line' id='line_1_97' title="bbox 2115 3967 3690 4044; baseline 0.001 -22"><span class='ocrx_word' id='word_1_707' title='bbox 2115 3967 2231 4022; x_wconf 77' lang='grc' dir='ltr'>ἀλλ’</span> <span class='ocrx_word' id='word_1_708' title='bbox 2257 3969 2321 4022; x_wconf 63' lang='lat' dir='ltr'><strong>lx</strong></span> <span class='ocrx_word' id='word_1_709' title='bbox 2359 3969 2469 4024; x_wconf 87' lang='grc' dir='ltr'><strong>τῶν</strong></span> <span class='ocrx_word' id='word_1_710' title='bbox 2497 3969 2627 4036; x_wconf 74' lang='grc' dir='ltr'>παρ’</span> <span class='ocrx_word' id='word_1_711' title='bbox 2657 3970 2864 4035; x_wconf 77' lang='grc' dir='ltr'>αὐτοῖς,</span> <span class='ocrx_word' id='word_1_712' title='bbox 2896 3969 3212 4039; x_wconf 72' lang='grc' dir='ltr'>ιπόμπευὸν</span> <span class='ocrx_word' id='word_1_713' title='bbox 3267 3987 3329 4023; x_wconf 87' lang='grc' dir='ltr'><strong>τε</strong></span> <span class='ocrx_word' id='word_1_714' title='bbox 3371 3970 3460 4024; x_wconf 72' lang='grc' dir='ltr'><strong>διὰ</strong></span> <span class='ocrx_word' id='word_1_715' title='bbox 3514 3972 3690 4044; x_wconf 73' lang='grc' dir='ltr'>μέσης</span> 
     </span>
    </p>
   </div>
   <div class='ocr_carea' id='block_1_98' title="bbox 2114 4059 3684 4130">
    <p class='ocr_par' dir='ltr' id='par_1_98' title="bbox 2114 4059 3684 4130">
     <span class='ocr_line' id='line_1_98' title="bbox 2114 4059 3684 4130; baseline 0.005 -20"><span class='ocrx_word' id='word_1_716' title='bbox 2114 4059 2216 4129; x_wconf 80' lang='grc' dir='ltr'>τῆς</span> <span class='ocrx_word' id='word_1_717' title='bbox 2247 4059 2479 4125; x_wconf 79' lang='grc' dir='ltr'>πόλεως,</span> <span class='ocrx_word' id='word_1_718' title='bbox 2513 4063 2610 4114; x_wconf 74' lang='grc' dir='ltr'>καὶ</span> <span class='ocrx_word' id='word_1_719' title='bbox 2633 4060 2708 4124; x_wconf 83' lang='grc' dir='ltr'>ὠς</span> <span class='ocrx_word' id='word_1_720' title='bbox 2743 4061 2921 4130; x_wconf 81' lang='grc' dir='ltr'>μέγαν</span> <span class='ocrx_word' id='word_1_721' title='bbox 2957 4062 3084 4115; x_wconf 83' lang='grc' dir='ltr'>τινὰ</span> <span class='ocrx_word' id='word_1_722' title='bbox 3115 4061 3332 4125; x_wconf 72' lang='grc' dir='ltr'>ἑλόντες</span> <span class='ocrx_word' id='word_1_723' title='bbox 3379 4063 3684 4120; x_wconf 81' lang='grc' dir='ltr'>ὲκύδαινον.</span> 
     </span>
    </p>
   </div>
   <div class='ocr_carea' id='block_1_99' title="bbox 2116 4151 3687 4224">
    <p class='ocr_par' dir='ltr' id='par_1_99' title="bbox 2116 4151 3687 4224">
     <span class='ocr_line' id='line_1_99' title="bbox 2116 4151 3687 4224; baseline 0.003 -20"><span class='ocrx_word' id='word_1_724' title='bbox 2116 4151 2226 4204; x_wconf 78' lang='grc' dir='ltr'><strong>Καὶ</strong></span> <span class='ocrx_word' id='word_1_725' title='bbox 2267 4152 2454 4222; x_wconf 80' lang='grc' dir='ltr'>γραφὴ</span> <span class='ocrx_word' id='word_1_726' title='bbox 2483 4152 2643 4215; x_wconf 80' lang='grc' dir='ltr'>εὐθὺς</span> <span class='ocrx_word' id='word_1_727' title='bbox 2667 4152 2763 4206; x_wconf 87' lang='grc' dir='ltr'><strong>τοῦ</strong></span> <span class='ocrx_word' id='word_1_728' title='bbox 2791 4155 2885 4206; x_wconf 73' lang='grc' dir='ltr'>καὶ</span> <span class='ocrx_word' id='word_1_729' title='bbox 2908 4153 3220 4224; x_wconf 73' lang='grc' dir='ltr'>στρατηγοῦ</span> <span class='ocrx_word' id='word_1_730' title='bbox 3253 4155 3351 4209; x_wconf 72' lang='grc' dir='ltr'>καὶ</span> <span class='ocrx_word' id='word_1_731' title='bbox 3391 4155 3582 4218; x_wconf 83' lang='grc' dir='ltr'>δουκὸς</span> <span class='ocrx_word' id='word_1_732' title='bbox 3604 4156 3687 4220; x_wconf 76' lang='grc' dir='ltr'>εις</span> 
     </span>
    </p>
   </div>
   <div class='ocr_carea' id='block_1_100' title="bbox 2114 4242 3688 4316">
    <p class='ocr_par' dir='ltr' id='par_1_100' title="bbox 2114 4242 3688 4316">
     <span class='ocr_line' id='line_1_100' title="bbox 2114 4242 3688 4316; baseline 0.003 -22"><span class='ocrx_word' id='word_1_733' title='bbox 2114 4244 2206 4294; x_wconf 74' lang='grc' dir='ltr'>τὸν</span> <span class='ocrx_word' id='word_1_734' title='bbox 2259 4242 2503 4309; x_wconf 71' lang='grc' dir='ltr'>βασιλέα,</span> <span class='ocrx_word' id='word_1_735' title='bbox 2544 4243 2619 4306; x_wconf 79' lang='grc' dir='ltr'>ὡς</span> <span class='ocrx_word' id='word_1_736' title='bbox 2655 4244 2898 4314; x_wconf 80' lang='grc' dir='ltr'>εὐτυχῶς</span> <span class='ocrx_word' id='word_1_737' title='bbox 2939 4245 3070 4315; x_wconf 71' lang='grc' dir='ltr'>ἡμῖν</span> <span class='ocrx_word' id='word_1_738' title='bbox 3100 4245 3168 4297; x_wconf 74' lang='grc' dir='ltr'>τὰ</span> <span class='ocrx_word' id='word_1_739' title='bbox 3215 4245 3300 4308; x_wconf 80' lang='grc' dir='ltr'>εἰς</span> <span class='ocrx_word' id='word_1_740' title='bbox 3353 4245 3535 4316; x_wconf 77' lang='grc' dir='ltr'>μάχην</span> <span class='ocrx_word' id='word_1_741' title='bbox 3586 4247 3688 4315; x_wconf 76' lang='grc' dir='ltr'><strong>φέ-</strong></span> 
     </span>
    </p>
   </div>
   <div class='ocr_carea' id='block_1_101' title="bbox 2119 4335 3688 4408">
    <p class='ocr_par' dir='ltr' id='par_1_101' title="bbox 2119 4335 3688 4408">
     <span class='ocr_line' id='line_1_101' title="bbox 2119 4335 3688 4408; baseline 0.003 -22"><span class='ocrx_word' id='word_1_742' title='bbox 2119 4350 2296 4404; x_wconf 84' lang='grc' dir='ltr'>ρεται.</span> <span class='ocrx_word' id='word_1_743' title='bbox 2343 4335 2561 4406; x_wconf 74' lang='grc' dir='ltr'>Ἡμέρᾳ</span> <span class='ocrx_word' id='word_1_744' title='bbox 2593 4337 2731 4404; x_wconf 77' lang='grc' dir='ltr'>μετὰ</span> <span class='ocrx_word' id='word_1_745' title='bbox 2752 4336 2954 4406; x_wconf 78' lang='grc' dir='ltr'>ταύτην</span> <span class='ocrx_word' id='word_1_746' title='bbox 2991 4337 3220 4408; x_wconf 76' lang='grc' dir='ltr'>δευτέρᾳ</span> <span class='ocrx_word' id='word_1_747' title='bbox 3249 4339 3343 4390; x_wconf 75' lang='grc' dir='ltr'>καὶ</span> <span class='ocrx_word' id='word_1_748' title='bbox 3393 4337 3688 4407; x_wconf 73' lang='grc' dir='ltr'>μετεξέτεο</span> 
     </span>
    </p>
   </div>
   <div class='ocr_carea' id='block_1_102' title="bbox 2125 4427 3686 4501">
    <p class='ocr_par' dir='ltr' id='par_1_102' title="bbox 2125 4427 3686 4501">
     <span class='ocr_line' id='line_1_102' title="bbox 2125 4427 3686 4501; baseline 0.004 -23"><span class='ocrx_word' id='word_1_749' title='bbox 2125 4443 2206 4497; x_wconf 90' lang='grc' dir='ltr'><strong>ροι</strong></span> <span class='ocrx_word' id='word_1_750' title='bbox 2240 4427 2574 4493; x_wconf 81' lang='grc' dir='ltr'>στέλλονται,</span> <span class='ocrx_word' id='word_1_751' title='bbox 2605 4431 2702 4483; x_wconf 79' lang='grc' dir='ltr'>καὶ</span> <span class='ocrx_word' id='word_1_752' title='bbox 2730 4430 2978 4500; x_wconf 75' lang='grc' dir='ltr'>αἱροῦσιν</span> <span class='ocrx_word' id='word_1_753' title='bbox 3004 4431 3191 4483; x_wconf 84' lang='grc' dir='ltr'>οὐκέτι</span> <span class='ocrx_word' id='word_1_754' title='bbox 3236 4431 3346 4484; x_wconf 81' lang='grc' dir='ltr'>οὐδ’</span> <span class='ocrx_word' id='word_1_755' title='bbox 3371 4432 3686 4501; x_wconf 81' lang='grc' dir='ltr'>ἄνθρωπον,</span> 
     </span>
    </p>
   </div>
   <div class='ocr_carea' id='block_1_103' title="bbox 2118 4517 3686 4589">
    <p class='ocr_par' dir='ltr' id='par_1_103' title="bbox 2118 4517 3686 4589">
     <span class='ocr_line' id='line_1_103' title="bbox 2118 4517 3686 4589; baseline 0.001 -18"><span class='ocrx_word' id='word_1_756' title='bbox 2118 4518 2256 4571; x_wconf 83' lang='grc' dir='ltr'>ἀλλὰ</span> <span class='ocrx_word' id='word_1_757' title='bbox 2291 4517 2385 4571; x_wconf 78' lang='grc' dir='ltr'>δύο</span> <span class='ocrx_word' id='word_1_758' title='bbox 2425 4518 2665 4587; x_wconf 82' lang='grc' dir='ltr'>ιππάρια</span> <span class='ocrx_word' id='word_1_759' title='bbox 2707 4518 2966 4589; x_wconf 88' lang='grc' dir='ltr'>δυστυχῆ,</span> <span class='ocrx_word' id='word_1_760' title='bbox 3002 4521 3098 4572; x_wconf 75' lang='grc' dir='ltr'>καὶ</span> <span class='ocrx_word' id='word_1_761' title='bbox 3131 4519 3374 4588; x_wconf 78' lang='grc' dir='ltr'>σκίασμα</span> <span class='ocrx_word' id='word_1_762' title='bbox 3417 4521 3686 4589; x_wconf 70' lang='grc' dir='ltr'>στρατιώ-</span> 
     </span>
    </p>
   </div>
   <div class='ocr_carea' id='block_1_104' title="bbox 2117 4608 3686 4680">
    <p class='ocr_par' dir='ltr' id='par_1_104' title="bbox 2117 4608 3686 4680">
     <span class='ocr_line' id='line_1_104' title="bbox 2117 4608 3686 4680; baseline 0.001 -18"><span class='ocrx_word' id='word_1_763' title='bbox 2117 4625 2212 4662; x_wconf 83' lang='grc' dir='ltr'><strong>του</strong></span> <span class='ocrx_word' id='word_1_764' title='bbox 2235 4608 2497 4678; x_wconf 70' lang='grc' dir='ltr'>κεφαλῆς.</span> <span class='ocrx_word' id='word_1_765' title='bbox 2565 4608 2625 4662; x_wconf 87' lang='lat'><strong>&#39;0</strong></span> <span class='ocrx_word' id='word_1_766' title='bbox 2655 4609 2764 4680; x_wconf 83' lang='grc' dir='ltr'><strong>γὰρ</strong></span> <span class='ocrx_word' id='word_1_767' title='bbox 2792 4610 2952 4663; x_wconf 86' lang='grc' dir='ltr'>τοῦτο</span> <span class='ocrx_word' id='word_1_768' title='bbox 2969 4610 3110 4680; x_wconf 74' lang='grc' dir='ltr'>ἔχων</span> <span class='ocrx_word' id='word_1_769' title='bbox 3132 4610 3518 4680; x_wconf 82' lang='grc' dir='ltr'>διεκπέφευγε,</span> <span class='ocrx_word' id='word_1_770' title='bbox 3550 4628 3686 4680; x_wconf 82' lang='grc' dir='ltr'>προ-</span> 
     </span>
    </p>
   </div>
   <div class='ocr_carea' id='block_1_105' title="bbox 2119 4693 3687 4770">
    <p class='ocr_par' dir='ltr' id='par_1_105' title="bbox 2119 4693 3687 4770">
     <span class='ocr_line' id='line_1_105' title="bbox 2119 4693 3687 4770; baseline 0.005 -20"><span class='ocrx_word' id='word_1_771' title='bbox 2119 4698 2396 4768; x_wconf 87' lang='grc' dir='ltr'>ηκάμενος</span> <span class='ocrx_word' id='word_1_772' title='bbox 2429 4693 2541 4752; x_wconf 82' lang='grc' dir='ltr'>οἷον</span> <span class='ocrx_word' id='word_1_773' title='bbox 2571 4700 2654 4762; x_wconf 80' lang='grc' dir='ltr'><strong>εις</strong></span> <span class='ocrx_word' id='word_1_774' title='bbox 2705 4699 2900 4770; x_wconf 84' lang='grc' dir='ltr'>λύτρον</span> <span class='ocrx_word' id='word_1_775' title='bbox 2961 4703 3092 4754; x_wconf 85' lang='grc' dir='ltr'>αὐτὸ</span> <span class='ocrx_word' id='word_1_776' title='bbox 3112 4704 3227 4766; x_wconf 88' lang='grc' dir='ltr'>τοῖς</span> <span class='ocrx_word' id='word_1_777' title='bbox 3275 4702 3687 4758; x_wconf 70' lang='grc' dir='ltr'>ἐπιδιώκουσιν.</span> 
     </span>
    </p>
   </div>
   <div class='ocr_carea' id='block_1_106' title="bbox 2120 4789 3684 4865">
    <p class='ocr_par' dir='ltr' id='par_1_106' title="bbox 2120 4789 3684 4865">
     <span class='ocr_line' id='line_1_106' title="bbox 2120 4789 3684 4865; baseline 0.006 -22"><span class='ocrx_word' id='word_1_778' title='bbox 2120 4792 2229 4844; x_wconf 81' lang='grc' dir='ltr'><strong>Καὶ</strong></span> <span class='ocrx_word' id='word_1_779' title='bbox 2268 4791 2469 4846; x_wconf 76' lang='grc' dir='ltr'>αὐτίκα</span> <span class='ocrx_word' id='word_1_780' title='bbox 2498 4789 2758 4861; x_wconf 74' lang='grc' dir='ltr'>θρίαμϐοι</span> <span class='ocrx_word' id='word_1_781' title='bbox 2789 4793 2952 4846; x_wconf 87' lang='grc' dir='ltr'>πάλιν</span> <span class='ocrx_word' id='word_1_782' title='bbox 3005 4796 3066 4846; x_wconf 83' lang='grc' dir='ltr'>ὲν</span> <span class='ocrx_word' id='word_1_783' title='bbox 3114 4797 3182 4865; x_wconf 78' lang='grc' dir='ltr'>τῇ</span> <span class='ocrx_word' id='word_1_784' title='bbox 3237 4795 3424 4849; x_wconf 64' lang='lat' dir='ltr'><strong>uolet“</strong></span> <span class='ocrx_word' id='word_1_785' title='bbox 3463 4800 3559 4852; x_wconf 73' lang='grc' dir='ltr'>καὶ</span> <span class='ocrx_word' id='word_1_786' title='bbox 3611 4800 3684 4853; x_wconf 74' lang='grc' dir='ltr'>τὰ</span> 
     </span>
    </p>
   </div>
   <div class='ocr_carea' id='block_1_107' title="bbox 2121 4881 3676 4959">
    <p class='ocr_par' dir='ltr' id='par_1_107' title="bbox 2121 4881 3676 4959">
     <span class='ocr_line' id='line_1_107' title="bbox 2121 4881 3676 4959; baseline 0.003 -21"><span class='ocrx_word' id='word_1_787' title='bbox 2121 4881 2442 4952; x_wconf 74' lang='grc' dir='ltr'>αἰχμάλωτα</span> <span class='ocrx_word' id='word_1_788' title='bbox 2475 4883 2763 4953; x_wconf 78' lang='grc' dir='ltr'>ἱππαρίδια</span> <span class='ocrx_word' id='word_1_789' title='bbox 2793 4885 3237 4953; x_wconf 78' lang='grc' dir='ltr'>περιεὸλὲποντο,</span> <span class='ocrx_word' id='word_1_790' title='bbox 3264 4886 3359 4942; x_wconf 78' lang='grc' dir='ltr'>οἷα</span> <span class='ocrx_word' id='word_1_791' title='bbox 3386 4890 3562 4958; x_wconf 78' lang='grc' dir='ltr'>μέγαν</span> <span class='ocrx_word' id='word_1_792' title='bbox 3593 4891 3676 4959; x_wconf 78' lang='grc' dir='ltr'>ὃν,</span> 
     </span>
    </p>
   </div>
   <div class='ocr_carea' id='block_1_108' title="bbox 2121 4970 3684 5052">
    <p class='ocr_par' dir='ltr' id='par_1_108' title="bbox 2121 4970 3684 5052">
     <span class='ocr_line' id='line_1_108' title="bbox 2121 4970 3684 5052; baseline 0.007 -26"><span class='ocrx_word' id='word_1_793' title='bbox 2121 4976 2208 5027; x_wconf 78' lang='grc' dir='ltr'>ὅτι</span> <span class='ocrx_word' id='word_1_794' title='bbox 2245 4991 2350 5046; x_wconf 83' lang='grc' dir='ltr'><strong>περ</strong></span> <span class='ocrx_word' id='word_1_795' title='bbox 2381 4976 2524 5029; x_wconf 75' lang='grc' dir='ltr'>αὐτὰ</span> <span class='ocrx_word' id='word_1_796' title='bbox 2544 4970 2711 5032; x_wconf 76' lang='grc' dir='ltr'>εἶλον.</span> <span class='ocrx_word' id='word_1_797' title='bbox 2750 4977 2858 5031; x_wconf 76' lang='grc' dir='ltr'><strong>Καὶ</strong></span> <span class='ocrx_word' id='word_1_798' title='bbox 2899 4977 2962 5031; x_wconf 79' lang='grc' dir='ltr'>τὸ</span> <span class='ocrx_word' id='word_1_799' title='bbox 3011 4980 3258 5032; x_wconf 74' lang='grc' dir='ltr'>σκιάδιον</span> <span class='ocrx_word' id='word_1_800' title='bbox 3303 4981 3394 5034; x_wconf 75' lang='grc' dir='ltr'><strong>ἐπὶ</strong></span> <span class='ocrx_word' id='word_1_801' title='bbox 3441 4987 3684 5052; x_wconf 72' lang='grc' dir='ltr'>σημαίας</span> 
     </span>
    </p>
   </div>
   <div class='ocr_carea' id='block_1_109' title="bbox 2120 5067 3688 5145">
    <p class='ocr_par' dir='ltr' id='par_1_109' title="bbox 2120 5067 3688 5145">
     <span class='ocr_line' id='line_1_109' title="bbox 2120 5067 3688 5145; baseline 0.008 -28"><span class='ocrx_word' id='word_1_802' title='bbox 2120 5067 2308 5137; x_wconf 73' lang='grc' dir='ltr'>ᾔρετο,</span> <span class='ocrx_word' id='word_1_803' title='bbox 2340 5067 2480 5120; x_wconf 79' lang='grc' dir='ltr'>καθά</span> <span class='ocrx_word' id='word_1_804' title='bbox 2520 5084 2573 5121; x_wconf 87' lang='grc' dir='ltr'><strong>τι</strong></span> <span class='ocrx_word' id='word_1_805' title='bbox 2605 5071 2904 5138; x_wconf 84' lang='grc' dir='ltr'>κορυφαῖον</span> <span class='ocrx_word' id='word_1_806' title='bbox 2936 5070 3239 5140; x_wconf 83' lang='grc' dir='ltr'>σκύλευμα.</span> <span class='ocrx_word' id='word_1_807' title='bbox 3289 5075 3399 5129; x_wconf 69' lang='grc' dir='ltr'>Καὶ</span> <span class='ocrx_word' id='word_1_808' title='bbox 3447 5078 3688 5145; x_wconf 75' lang='grc' dir='ltr'>γράμμα</span> 
     </span>
    </p>
   </div>
   <div class='ocr_carea' id='block_1_110' title="bbox 2121 5158 3689 5232">
    <p class='ocr_par' dir='ltr' id='par_1_110' title="bbox 2121 5158 3689 5232">
     <span class='ocr_line' id='line_1_110' title="bbox 2121 5158 3689 5232; baseline 0.006 -20"><span class='ocrx_word' id='word_1_809' title='bbox 2121 5158 2286 5212; x_wconf 85' lang='grc' dir='ltr'>πάλιν</span> <span class='ocrx_word' id='word_1_810' title='bbox 2308 5158 2402 5211; x_wconf 90' lang='grc' dir='ltr'><strong>τοῦ</strong></span> <span class='ocrx_word' id='word_1_811' title='bbox 2431 5158 2806 5229; x_wconf 85' lang='grc' dir='ltr'>δυσαριστέως</span> <span class='ocrx_word' id='word_1_812' title='bbox 2837 5163 2966 5228; x_wconf 75' lang='grc' dir='ltr'>περὶ</span> <span class='ocrx_word' id='word_1_813' title='bbox 2987 5161 3078 5215; x_wconf 69' lang='grc' dir='ltr'>τὸν</span> <span class='ocrx_word' id='word_1_814' title='bbox 3110 5162 3358 5232; x_wconf 74' lang='grc' dir='ltr'>βασιλέα,</span> <span class='ocrx_word' id='word_1_815' title='bbox 3389 5167 3466 5229; x_wconf 84' lang='grc' dir='ltr'><strong>ὡς</strong></span> <span class='ocrx_word' id='word_1_816' title='bbox 3523 5169 3689 5222; x_wconf 65' lang='grc' dir='ltr'>εὐτυ.</span> 
     </span>
    </p>
   </div>
   <div class='ocr_carea' id='block_1_111' title="bbox 2121 5249 3693 5327">
    <p class='ocr_par' dir='ltr' id='par_1_111' title="bbox 2121 5249 3693 5327">
     <span class='ocr_line' id='line_1_111' title="bbox 2121 5249 3693 5327; baseline 0.008 -26"><span class='ocrx_word' id='word_1_817' title='bbox 2121 5249 2323 5320; x_wconf 83' lang='grc' dir='ltr'>χοῦμεν</span> <span class='ocrx_word' id='word_1_818' title='bbox 2347 5249 2418 5303; x_wconf 82' lang='grc' dir='ltr'>τὰ</span> <span class='ocrx_word' id='word_1_819' title='bbox 2443 5250 2584 5303; x_wconf 79' lang='grc' dir='ltr'>κατὰ</span> <span class='ocrx_word' id='word_1_820' title='bbox 2614 5251 2871 5320; x_wconf 84' lang='grc' dir='ltr'>πόλεμον.</span> <span class='ocrx_word' id='word_1_821' title='bbox 2921 5253 3008 5316; x_wconf 82' lang='grc' dir='ltr'>Ὠς</span> <span class='ocrx_word' id='word_1_822' title='bbox 3041 5254 3096 5307; x_wconf 83' lang='grc' dir='ltr'>δὲ</span> <span class='ocrx_word' id='word_1_823' title='bbox 3124 5255 3336 5310; x_wconf 74' lang='grc' dir='ltr'>ἐκεῖθεν</span> <span class='ocrx_word' id='word_1_824' title='bbox 3380 5259 3693 5327; x_wconf 72' lang='grc' dir='ltr'>ἐρεθισθέν-</span> 
     </span>
    </p>
   </div>
   <div class='ocr_carea' id='block_1_112' title="bbox 2120 5341 3686 5422">
    <p class='ocr_par' dir='ltr' id='par_1_112' title="bbox 2120 5341 3686 5422">
     <span class='ocr_line' id='line_1_112' title="bbox 2120 5341 3686 5422; baseline 0.008 -29"><span class='ocrx_word' id='word_1_825' title='bbox 2120 5358 2212 5404; x_wconf 85' lang='grc' dir='ltr'><strong>τες</strong></span> <span class='ocrx_word' id='word_1_826' title='bbox 2245 5341 2295 5392; x_wconf 79' lang='grc' dir='ltr'><strong>οι</strong></span> <span class='ocrx_word' id='word_1_827' title='bbox 2328 5342 2468 5396; x_wconf 79' lang='grc' dir='ltr'>κατὰ</span> <span class='ocrx_word' id='word_1_828' title='bbox 2497 5343 2602 5411; x_wconf 83' lang='grc' dir='ltr'><strong>γῆν</strong></span> <span class='ocrx_word' id='word_1_829' title='bbox 2639 5344 2907 5412; x_wconf 80' lang='grc' dir='ltr'>πολέμιοι,</span> <span class='ocrx_word' id='word_1_830' title='bbox 2938 5347 3083 5399; x_wconf 69' lang='grc' dir='ltr'>καθα</span> <span class='ocrx_word' id='word_1_831' title='bbox 3130 5351 3222 5400; x_wconf 81' lang='grc' dir='ltr'>καί</span> <span class='ocrx_word' id='word_1_832' title='bbox 3275 5365 3421 5414; x_wconf 83' lang='grc' dir='ltr'>τινες</span> <span class='ocrx_word' id='word_1_833' title='bbox 3452 5354 3686 5422; x_wconf 71' lang='grc' dir='ltr'>σφῆκες,</span> 
     </span>
    </p>
   </div>
   <div class='ocr_carea' id='block_1_113' title="bbox 2122 5436 3690 5513">
    <p class='ocr_par' dir='ltr' id='par_1_113' title="bbox 2122 5436 3690 5513">
     <span class='ocr_line' id='line_1_113' title="bbox 2122 5436 3690 5513; baseline 0.007 -25"><span class='ocrx_word' id='word_1_834' title='bbox 2122 5438 2258 5504; x_wconf 79' lang='grc' dir='ltr'>ταχὺ</span> <span class='ocrx_word' id='word_1_835' title='bbox 2287 5436 2408 5490; x_wconf 78' lang='grc' dir='ltr'>καθ’</span> <span class='ocrx_word' id='word_1_836' title='bbox 2442 5439 2600 5506; x_wconf 75' lang='grc' dir='ltr'>ἡμῶν</span> <span class='ocrx_word' id='word_1_837' title='bbox 2625 5439 2990 5507; x_wconf 80' lang='grc' dir='ltr'>ὲπτερύξαντο</span> <span class='ocrx_word' id='word_1_838' title='bbox 3021 5443 3112 5510; x_wconf 73' lang='grc' dir='ltr'>(τά</span> <span class='ocrx_word' id='word_1_839' title='bbox 3153 5443 3262 5512; x_wconf 82' lang='grc' dir='ltr'><strong>γὰρ</strong></span> <span class='ocrx_word' id='word_1_840' title='bbox 3320 5446 3427 5513; x_wconf 76' lang='grc' dir='ltr'>πρὸ</span> <span class='ocrx_word' id='word_1_841' title='bbox 3484 5447 3690 5500; x_wconf 85' lang='grc' dir='ltr'>τούτων</span> 
     </span>
    </p>
   </div>
   <div class='ocr_carea' id='block_1_114' title="bbox 2124 5528 3690 5597">
    <p class='ocr_par' dir='ltr' id='par_1_114' title="bbox 2124 5528 3690 5597">
     <span class='ocr_line' id='line_1_114' title="bbox 2124 5528 3690 5597; baseline 0.008 -18"><span class='ocrx_word' id='word_1_842' title='bbox 2124 5528 2499 5591; x_wconf 79' lang='grc' dir='ltr'>ἀνεϐάλλοντο,</span> <span class='ocrx_word' id='word_1_843' title='bbox 2535 5529 2968 5597; x_wconf 85' lang='grc' dir='ltr'>καραδοκοῦντες</span> <span class='ocrx_word' id='word_1_844' title='bbox 3011 5534 3070 5585; x_wconf 75' lang='grc' dir='ltr'>τὸ</span> <span class='ocrx_word' id='word_1_845' title='bbox 3135 5536 3391 5588; x_wconf 83' lang='grc' dir='ltr'>ναυτικὸν</span> <span class='ocrx_word' id='word_1_846' title='bbox 3439 5539 3578 5590; x_wconf 75' lang='grc' dir='ltr'>κατὰ</span> <span class='ocrx_word' id='word_1_847' title='bbox 3633 5555 3690 5593; x_wconf 84' lang='grc' dir='ltr'><strong>τι</strong></span> 
     </span>
    </p>
   </div>
   <div class='ocr_carea' id='block_1_115' title="bbox 2127 5609 3691 5698">
    <p class='ocr_par' dir='ltr' id='par_1_115' title="bbox 2127 5609 3691 5698">
     <span class='ocr_line' id='line_1_115' title="bbox 2127 5609 3691 5698; baseline 0.006 -23"><span class='ocrx_word' id='word_1_848' title='bbox 2127 5622 2426 5691; x_wconf 67' lang='grc' dir='ltr'>σύνθημα),</span> <span class='ocrx_word' id='word_1_849' title='bbox 2461 5625 2554 5677; x_wconf 78' lang='grc' dir='ltr'>καὶ</span> <span class='ocrx_word' id='word_1_850' title='bbox 2588 5626 2685 5693; x_wconf 83' lang='grc' dir='ltr'>τὴν</span> <span class='ocrx_word' id='word_1_851' title='bbox 2720 5623 2874 5677; x_wconf 84' lang='grc' dir='ltr'>πόλιν</span> <span class='ocrx_word' id='word_1_852' title='bbox 2894 5629 2958 5678; x_wconf 84' lang='grc' dir='ltr'>ὲκ</span> <span class='ocrx_word' id='word_1_853' title='bbox 2991 5629 3100 5678; x_wconf 80' lang='grc' dir='ltr'>τῶν</span> <span class='ocrx_word' id='word_1_854' title='bbox 3137 5609 3410 5696; x_wconf 50' lang='lat' dir='ltr'><strong>suapte“</strong></span> <span class='ocrx_word' id='word_1_855' title='bbox 3436 5629 3691 5698; x_wconf 71' lang='grc' dir='ltr'>μεγάλων</span> 
     </span>
    </p>
   </div>
   <div class='ocr_carea' id='block_1_116' title="bbox 2127 5717 3693 5798">
    <p class='ocr_par' dir='ltr' id='par_1_116' title="bbox 2127 5717 3693 5798">
     <span class='ocr_line' id='line_1_116' title="bbox 2127 5717 3693 5798; baseline 0.003 -29"><span class='ocrx_word' id='word_1_856' title='bbox 2127 5717 2308 5769; x_wconf 78' lang='grc' dir='ltr'>πυλῶν</span> <span class='ocrx_word' id='word_1_857' title='bbox 2347 5717 2450 5778; x_wconf 76' lang='grc' dir='ltr'>ἕως</span> <span class='ocrx_word' id='word_1_858' title='bbox 2482 5721 2573 5798; x_wconf 52' lang='grc' dir='ltr'>καὶ</span> <span class='ocrx_word' id='word_1_859' title='bbox 2622 5721 2676 5781; x_wconf 80' lang='grc' dir='ltr'>ἐς</span> <span class='ocrx_word' id='word_1_860' title='bbox 2715 5719 2840 5782; x_wconf 58' lang='grc' dir='ltr'>ὃλην</span> <span class='ocrx_word' id='word_1_861' title='bbox 2889 5720 2989 5777; x_wconf 74' lang='grc' dir='ltr'>τὴν</span> <span class='ocrx_word' id='word_1_862' title='bbox 3049 5721 3340 5780; x_wconf 78' lang='grc' dir='ltr'>ἁκρό;.ολιν</span> <span class='ocrx_word' id='word_1_863' title='bbox 3394 5725 3693 5790; x_wconf 70' lang='grc' dir='ltr'>άκηρυκτεὶ</span> 
     </span>
    </p>
   </div>
  </div>
