4012 6226
235 298 308 361 65
1061 297 1158 357 DE
1196 294 1759 356 TllESSAIDNiCA
1816 295 2020 356 URBE
2056 300 2097 356 A
2134 298 2441 359 LATlNlS
2474 299 2727 362 CAPTA.
3448 306 3516 368 εδ

242 412 645 483 ἐπιδραμόντες
663 412 1062 477 ἐκυκλώσαντο,
1096 413 1309 480 γίνεταί
1328 427 1409 471 τις
1436 411 1551 461 ἐκεῖ
1581 407 1824 478 ἐκδρομὴ

1941 408 2162 475 quidem
2209 410 2387 476 cadit;
2417 411 2616 463 milites
2650 422 2779 463 vero
2818 407 3000 463 Latini
3046 408 3239 480 trepidi
3275 410 3513 481 fugiunt.

233 503 333 556 δύο
362 504 468 571 μὲν
497 503 743 556 Λατίνων
762 503 974 556 ἱππέων
1010 505 1071 555 ἐκ
1104 501 1196 554 τοῦ
1224 502 1331 553 τῶν
1371 498 1821 569 ιΙρεδεντζούνων

240 597 460 659 ἔθνους,
501 594 615 662 ὃδὴ
658 594 793 647 πολὺ
847 595 939 649 καὶ
968 594 1376 665 τεθαρῥημένον
1432 591 1510 661 τῷ
1564 589 1826 657 Σικελικῷ

244 684 473 753 στρατῷ
504 686 831 753 παρείπετο,
861 685 1123 736 πλειόνων
1157 685 1212 737 δὲ
1260 686 1323 736 ἐκ
1357 684 1463 736 τῶν
1494 682 1785 753 ἡμεδαπῶν
1808 699 1820 711 ·

243 777 394 844 ὑπὲρ
428 776 555 837 τοὺς
588 777 721 828 δέκα
743 776 873 843 γάρ.
910 778 1018 829 Καὶ
1046 777 1233 829 πίπτει
1262 777 1359 845 μὲν
1378 775 1574 836 οὐδείς·
1615 771 1825 838 ἐναγώ-

239 882 350 916 νιοι
380 866 439 917 δὲ
467 867 515 918 oi
546 865 778 918 Λατῖνοι
804 867 1190 935 διεκφεύγουσι
1219 867 1278 919 τὸ
1303 869 1510 919 πεσεῖν.
1535 867 1641 918 Καὶ
1663 866 1825 918 πάλιν

242 958 510 1025 ἀναφορὰ
536 959 615 1019 εἰς
669 958 763 1010 τὸν
813 958 1036 1027 βασιλέα
1092 958 1273 1029 τρίτη,
1325 957 1400 1021 ὡς
1445 960 1510 1028 τῇ
1574 956 1823 1028 βασιλικῇ

238 1048 389 1117 εὐχῇ
420 1066 477 1100 τε
510 1050 599 1100 καὶ
630 1049 860 1117 εὐτυχίᾳ
890 1050 1260 1119 νενικήκαμεν
1320 1052 1414 1103 καὶ
1462 1050 1552 1101 τὸν
1611 1049 1824 1119 πρῶτον

241 1140 515 1207 πόλεμον,
551 1138 654 1190 οὐκ
683 1135 801 1191 οἶδα
827 1140 991 1191 τίνων
1032 1141 1455 1209 περιγενόμενοι.
1515 1142 1621 1192 Καὶ
1666 1140 1824 1211 ἤθελε

246 1230 357 1299 μὲν
390 1232 420 1281 ό
453 1231 762 1299 στρατηγὸς
788 1232 886 1290 τὰς
913 1232 1063 1300 τρεῖς
1088 1234 1291 1294 ταύτας
1319 1233 1482 1284 αὐτοῦ
1535 1232 1690 1295 νίκας
1744 1234 1825 1285 ἑνὶ

242 1320 551 1389 ἐπιστολίῳ
578 1320 920 1389 περιλαϐεῖν,
969 1322 1143 1390 φειδοῖ
1189 1322 1433 1392 δαπάνης
1480 1322 1574 1374 καὶ
1630 1323 1822 1392 δρομι-

236 1414 358 1464 κῶν
390 1414 602 1467 ἵππων,
651 1412 963 1483 Ἐγκρατὴς
1008 1415 1116 1483 γὰρ
1159 1411 1228 1485 ἦν
1290 1417 1489 1485 χειρῶν
1551 1415 1763 1485 ἀληθῶς
1796 1418 1825 1470 ὁ

238 1504 559 1572 ἄνθρωπος.
622 1504 785 1557 Ἀλλὰ
817 1506 1174 1569 προεκαλεῖτο
1225 1506 1316 1557 τὸν
1380 1506 1699 1583 Καλλίνικον
1746 1510 1825 1569 εἰς

233 1595 303 1646 τὸ
331 1596 648 1662 δαπανῆσαι
671 1595 730 1646 τὸ
756 1596 963 1648 ἐθέλειν
993 1597 1133 1648 κατὰ
1156 1597 1250 1649 τοῦ
1311 1598 1573 1666 βασιλέως
1639 1599 1823 1669 γελᾷν.

1937 499 2136 554 lterum
2168 501 2361 555 tertius
2406 501 2654 560 nuntius.
2682 500 2841 569 quasi
2878 502 3133 569 precibus
3162 504 3514 573 imperatoris

1936 605 2235 659 nostraque
2291 591 2432 646 bona
2490 591 2711 645 fortuna
2781 592 3110 649 vicisscmus
3171 604 3224 649 et
3280 611 3344 651 ex
3409 600 3511 653 lioc

1935 683 2109 750 primo
2141 684 2279 735 bello
2310 684 2634 752 superstites
2667 685 3056 739 evasissemus.
3080 685 3257 741 Voluit
3287 704 3503 759 quoque

1933 778 2038 825 dux
2072 781 2184 828 tres
2212 773 2308 827 bas
2339 775 2515 843 ipsius
2545 775 2802 827 victorias
2832 775 2884 827 in
2916 790 3024 828 uno
3046 778 3251 846 scripto
3286 782 3511 833 conclu-

1934 870 2078 923 dere.
2118 882 2175 920 ιιι
2211 868 2475 936 impensis
2524 884 2587 921 ex
2642 868 2801 937 equis
2861 869 3181 923 cursoribus
3236 882 3509 939 parceret.

1932 956 2061 1010 Eiat
2096 956 2241 1009 enim
2300 972 2424 1010 vere
2473 972 2634 1010 manu
2694 958 3000 1016 continens.
3036 957 3130 1012 δι’(Ι
3183 959 3507 1014 hortabatur

1930 1047 2251 1101 Callinicum
2329 1056 2385 1101 ut
2439 1047 2533 1102 has
2597 1047 2875 1114 impensas
2923 1049 3101 1102 facere
3145 1050 3324 1111 vellet,
3362 1051 3506 1120 quod

1932 1139 2068 1191 risui
2118 1137 2216 1191 fuit
2259 1137 2597 1207 imperatori.
2634 1137 2725 1190 Sic
2772 1137 3079 1191 necessario
3124 1139 3247 1190 huic
3282 1141 3510 1191 attraxit

1932 1230 2229 1298 negotium.
2261 1228 2349 1283 ille
2384 1228 2526 1281 enim
2580 1229 2769 1281 oderat
2801 1228 2945 1281 hunc
2996 1228 3139 1283 sicut
3181 1237 3233 1282 et
3281 1239 3508 1285 caeteros

1932 1321 1985 1374 in
2011 1321 2208 1389 quibus
2242 1320 2496 1374 elucebat
2527 1335 2729 1387 genus;
2756 1319 2983 1389 ipseque
3020 1321 3201 1373 odium
3242 1320 3294 1373 in
3326 1322 3506 1388 ipsum

1931 1414 2199 1467 cOnVeriit
2234 1411 2395 1464 tuodo
2434 1410 2604 1464 ferme
2655 1410 2846 1464 simili.
2876 1409 3171 1463 Dictitabat
3213 1411 3404 1463 timere
3450 1426 3509 1462 se

1928 1503 2174 1571 quotidie
2225 1519 2290 1554 ne
2337 1503 2461 1569 quis
2525 1501 2589 1553 ad
2638 1502 2814 1569 ipsum
2860 1501 3137 1562 advolaret
3188 1500 3505 1570 Megalopoli

1931 1596 2123 1646 oculos
2157 1601 2434 1644 rruturus.
2484 1591 2844 1658 Nouunquam
2885 1591 3025 1643 dixit
3075 1599 3259 1643 natum
3296 1607 3356 1645 se
3388 1606 3509 1644 esse

239 1686 354 1735 Καὶ
386 1680 527 1753 ἦγεν
566 1684 715 1751 αὐτῷ
767 1686 902 1753 πρὸς
923 1687 1167 1755 ἀνάγκης
1217 1687 1278 1738 τὸ
1337 1690 1589 1757 πρᾶγμα.
1656 1689 1824 1741 Ἐκεῖ-

1933 1699 1960 1735 a
1996 1683 2089 1736 tali
2135 1695 2324 1747 uiatre,
2373 1683 2533 1736 istum
2586 1682 2849 1734 honorem
2900 1689 3242 1743 exsecratus,
3274 1682 3319 1733 si
3360 1681 3504 1734 Con-

237 1778 334 1840 νός
358 1794 416 1828 τε
446 1779 558 1846 γὰρ
596 1777 776 1846 ἐμίσει
810 1777 1018 1839 τοῦτον,
1061 1778 1206 1831 καθὰ
1274 1756 1524 1842 καὶτοὺς
1578 1780 1818 1845 λοιποὺς,

1932 1777 2339 1845 stantinopolim
2420 1775 2793 1829 revertendum
2845 1782 3041 1836 esset;
3108 1773 3384 1825 intlm‘ndo
3445 1785 3505 1827 se

236 1871 392 1932 ὅσοις
428 1871 490 1922 τὸ
512 1872 670 1936 γένος
696 1869 911 1937 ἔλαμπε
932 1885 949 1901 ο
982 1870 1075 1922 καὶ
1099 1870 1261 1932 αὐτὸς
1284 1871 1341 1924 δὲ
1369 1872 1698 1943 ἀντέστρεφε
1760 1874 1821 1927 τὸ

1932 1872 2027 1923 alia
2064 1870 2219 1922 malle
2248 1869 2330 1921 via
2365 1864 2568 1936 ingredi
2612 1875 2665 1921 et
2697 1867 2874 1919 minus
2902 1867 3101 1917 malum
3138 1866 3326 1933 majori
3375 1881 3512 1933 prm-

244 1963 404 2029 μῖσος
427 1962 567 2029 πρὸς
592 1960 757 2012 αὑτὸν
795 1962 857 2013 ού
888 1962 1105 2030 μακρὰν
1139 1962 1232 2014 τοῦ
1276 1963 1558 2031 ἀνάλογον.
1622 1965 1720 2027 '0;
1758 1982 1820 2031 τε

1932 1958 2094 2020 ferre,
2148 1962 2256 2011 imo
2299 1958 2364 2011 ad
2413 1966 2645 2010 mortem
2682 1956 2854 2025 ipsam
2900 1963 3144 2024 paratum
3180 1969 3330 2020 esse;
3362 1959 3506 2023 quod

240 2054 335 2108 καὶ
364 2051 741 2119 ἀνεφθέγγετο
769 2052 1000 2105 δεδιέναι
1055 2053 1419 2124 καθεκάστην,
1474 2057 1683 2126 μήποτέ
1731 2076 1816 2121 τις

1924 2059 2005 2112 fas
2038 2067 2143 2107 non
2179 2061 2317 2105 erat.

240 2142 385 2210 αὐτῷ
438 2142 502 2192 ὲκ
565 2141 998 2210 Μεγαλοπόλεως
1061 2143 1475 2215 ἑπιπετασθείη,
1518 2147 1787 2217 ἐξορύξων
1836 2151 1962 2213 τοὺς
2029 2141 2364 2215 ὀφθαλμούς.
2398 2140 2506 2193 Καί
2568 2156 2699 2193 ποτε
2763 2142 2857 2193 καὶ
2905 2141 3122 2194 τοιᾶσδε
3178 2142 3284 2212 ἔφη
3343 2142 3508 2211 φῦναι

243 2238 470 2308 μητρὸς,
497 2240 885 2309 κακολογήσας
909 2239 1067 2312 θυμῷ
1093 2242 1193 2310 τὴν
1225 2243 1414 2310 τιμίαν
1480 2243 1716 2314 ἐκείνην,
1777 2247 1872 2299 ἐὰν
1926 2247 2007 2305 είς
2073 2235 2657 2293 Κωνσταντινούπσλιν
2714 2237 3110 2308 ἀναστραφειηο

3191 2238 3354 2293 Ὅθεν
3411 2240 3509 2291 ναὶ

248 2330 612 2400 διεδήλου,ὤς
655 2331 823 2404 ἄλλην
846 2332 969 2385 τινὰ
1035 2334 1338 2402 τραπέσθαι
1399 2334 1707 2404 αἱρήσεται,
1766 2337 1861 2387 καὶ
1924 2334 2173 2404 μείζονος
2232 2326 2405 2383 κακοῦ
2472 2326 2793 2381 ἀνθελέσθαι
2854 2345 2908 2382 τι
2971 2331 3333 2403 βραχύτερον,
3403 2334 3498 2388 καὶ

256 2424 346 2475 τοῦ
393 2425 483 2495 ζῇν
526 2423 590 2488 EE
636 2422 935 2493 ὀφθαλμῶν
990 2424 1309 2490 προθέσθαι,
1356 2424 1385 2476 δ
1443 2426 1507 2478 ἄν
1553 2442 1639 2486 τις

316 2558 415 2621 νζ.
450 2559 665 2614 Οὐκοῦν
701 2560 798 2613 καὶ
833 2558 1102 2628 μεθώδευε
1161 2559 1220 2611 τὸ
1277 2558 1535 2612 τοιοῦτον.
1601 2561 1708 2612 Καὶ
1762 2561 1822 2614 οὐ

246 2647 445 2718 βαθείᾳ
470 2646 620 2717 ψυχῇ
653 2646 937 2717 μεριμνῶν
965 2648 1030 2700 τὰ
1067 2650 1206 2699 κατὰ
1249 2648 1422 2711 πόλιν,
1454 2649 1704 2702 ἀνέπειθε
1733 2651 1824 2703 τὸν

256 2741 605 2809 Ἀνδρόνικον
628 2739 687 2792 εὖ
723 2740 868 2809 μάλα
897 2740 1186 2809 τεχνικῶς,
1215 2740 1287 2802 ῶς
1316 2739 1375 2791 εὖ
1407 2739 1587 2810 ἔχουσι
1612 2742 1679 2793 τὰ
1702 2740 1825 2795 καθ’

244 2832 423 2899 ἡμᾶς,
454 2830 553 2881 καὶ
584 2829 659 2892 ὠς
690 2830 1117 2899 περιπεποίηται
1168 2831 1200 2899 ἡ
1265 2828 1417 2891 πόλις
1464 2831 1680 2900 ἄριστα.
1729 2832 1825 2883 καὶ

244 2921 401 2973 οὐδὲν
435 2921 575 2990 αὑτὴ
605 2922 713 2971 τῶν
745 2920 973 2973 δεόντων
996 2921 1153 2985 ἐνδεῖ,
1178 2922 1236 2974 ού
1263 2921 1489 2989 πύργων
1528 2923 1822 2990 ἀσφάλεια,

243 3012 307 3063 ού
337 3011 663 3080 πετροὸὁλοι
699 3014 962 3081 μηχαναὶ,
997 3013 1056 3064 ού
1110 3013 1305 3081 τειχῶν
1358 3014 1693 3082 ἐπιποίησις,
1758 3016 1818 3067 οὐ

253 3103 742 3172 περιτειχίσματος
780 3104 1106 3173 ὲρυμνότης,
1134 3106 1193 3156 ού
1229 3104 1435 3173 πλῆθος
1482 3108 1575 3159 καὶ
1630 3107 1823 3171 κάλλος

1723 2426 1890 2492 εἴποι,
1934 2422 2127 2477 κακόν.

2001 2556 2089 2609 57.
2128 2553 2253 2608 Haec
2289 2554 2454 2620 igitur
2484 2555 2566 2609 sic
2590 2554 2879 2625 dirigebat.
2904 2556 3014 2612 Nec
3042 2561 3209 2614 animi
3240 2562 3508 2618 Sollicitus

1927 2648 2072 2703 circa
2135 2662 2197 2701 ea
2260 2660 2380 2712 qua:
2438 2646 2591 2699 urbis
2661 2656 2843 2706 erant.
2901 2649 3202 2705 calliditate
3268 2656 3505 2708 maxima

1926 2739 2244 2792 Andronico
2273 2738 2636 2806 persuadebat
2668 2739 2851 2791 omnia
2878 2754 2937 2793 se
2969 2740 3107 2794 bene
3134 2743 3337 2798 habere
3360 2748 3504 2813 apud

1927 2845 2053 2894 nos,
2105 2828 2378 2883 mirabilia
2422 2843 2582 2898 agere
2632 2829 2930 2893 civitatein,
2977 2830 3112 2883 nihil
3156 2832 3350 2887 deesse
3402 2835 3502 2897 illi,

1928 2937 2027 2977 nec
2048 2921 2281 2976 turrium
2310 2919 2687 2985 securitatem,
2704 2933 2806 2973 nec
2826 2920 3069 2982 balistas,
3100 2936 3198 2975 nec
3219 2937 3499 2978 murorum

1926 3012 2241 3084 pinnacula,
2268 3026 2368 3066 nec
2403 3010 2673 3065 circuitus
2725 3010 3083 3075 munimenta,
3111 3027 3212 3067 nec
3237 3029 3499 3070 curruum

1932 3104 2333 3159 multitudinem
2398 3113 2493 3157 aut
2555 3104 3040 3174 pulchritudinem,
3108 3120 3210 3160 nec
3285 3108 3502 3163 tandem

252 3195 547 3263 ἁρμάτων,
581 3196 681 3250 οὐκ
711 3196 838 3250 ἄλλο
862 3196 1011 3248 οὐδέν
1035 3211 1048 3225 ·
1083 3195 1254 3266 ψευδῆ
1299 3196 1397 3266 μὲν
1430 3200 1660 3268 γράφων
1686 3200 1822 3270 πρὸς

1932 3212 2043 3251 rem
2085 3198 2275 3250 ullam.
2319 3195 2681 3251 Mentiebatur
2710 3198 2929 3267 quidem
2965 3198 3059 3265 de.
3083 3200 3248 3253 rebus
3280 3216 3400 3268 qua:
3433 3202 3499 3253 ad

250 3286 524 3353 τὸὶαυτῷ
546 3287 687 3357 μόνῳ
724 3288 969 3339 συνοῖσον
1002 3287 1095 3339 καὶ
1123 3288 1511 3357 ἀνεξέλεγκτα,
1573 3291 1658 3344 ὅτι
1686 3293 1823 3363 μηδὲ

249 3372 326 3445 ἦν
361 3393 447 3439 τις
474 3379 502 3429 ό
523 3378 623 3429 εἴτε
659 3379 837 3443 εἰδὼς,
876 3382 1019 3449 ᾰπερ
1051 3378 1312 3449 ἔγραφεν,
1343 3383 1451 3434 εἴτε
1482 3382 1676 3450 λαλῶν,
1713 3385 1823 3436 εἴτε

246 3467 439 3519 λαλεῖν
492 3468 703 3538 τολμῶν
735 3485 749 3499 ⁶
804 3469 1007 3522 πείθων
1053 3470 1110 3522 δὲ
1167 3475 1373 3524 ἐκεῖνον
1422 3474 1520 3525 οὐκ
1583 3475 1823 3544 εὐτυχῶς

250 3564 411 3630 ἡμῖν.
468 3561 943 3632 Πεπραγμάτευτο
1004 3563 1111 3632 γὰρ
1161 3564 1369 3634 θάῥροςΔ
1436 3565 1694 3634 ἐμϐαλεῖν
1747 3566 1825 3636 τῷ

252 3650 473 3719 βασιλεῖ
504 3650 636 3720 περὶ
665 3650 848 3719 ἡμῶν,
880 3652 955 3715 ὼς
982 3652 1081 3704 οὐκ
1108 3652 1171 3707 ἄν
1201 3670 1254 3704 τι
1282 3654 1449 3706 κακόν
1504 3656 1667 3709 ποθεν
1726 3658 1827 3710 πά-

253 3743 447 3811 οοιμεν
480 3758 501 3775 ο
546 3742 636 3794 ἵνα
702 3743 911 3812 κεφαλὴ
955 3744 1113 3813 μόνος
1173 3746 1333 3807 αὐτὸς
1383 3747 1661 3813 ἐφίσταιτο
1714 3753 1825 3812 τοῖς

257 3826 381 3895 ὦδε,
418 3832 519 3885 καὶ
560 3832 637 3902 μή
666 3850 773 3885 τινι
801 3835 977 3904 ἑτέρῳ
1006 3836 1340 3905 ἐπιτραπείη
1395 3838 1465 3889 τὰ
1524 3840 1674 3909 τῇδε,
1725 3840 1825 3909 οἴῳ

255 3921 680 3993 ςερισὼσασθαι
703 3923 901 3989 ταῦτα,
946 3927 1041 3979 καὶ
1076 3923 1222 3977 οὕτω
1282 3926 1378 3995 τῆς.
1430 3927 1607 3997 ἀρχῆς
1661 3930 1824 3983 αὐτόν

254 4029 389 4067 ποτε
430 4014 836 4083 παραλυθῆναι,
870 4016 963 4068 καὶ
1006 4019 1086 4080 είς
1142 4021 1328 4088 χεῖρας
1366 4018 1441 4086 τῷ
1507 4021 1826 4090 Ἀνδρονίκῳ

253 4108 584 4176 περιτυχεῖν
614 4104 737 4173 ’ὑφ’
780 4098 853 4158 ὧν
890 4106 985 4158 καὶ
1014 4108 1183 4162 πάλαι
1224 4111 1289 4161 ἂν
1315 4112 1626 4179 συνετρίόη.
1678 4112 1826 4180 εἰμὴ

252 4199 280 4250 ὁ
314 4196 783 4266 σεδαστοκρὰτωρ
828 4198 1105 4266 Μανουὴλ,
1139 4198 1321 4268 ἀγαθὰ
1374 4199 1570 4262 λαλῶν,
1604 4200 1697 4253 καὶ
1735 4201 1832 4268 μέ-

259 4306 356 4350 σος
385 4290 603 4341 πίπτων
628 4291 942 4357 γυναικείου
974 4289 1140 4361 λόγῳ,
1167 4292 1328 4344 αὑτὸν
1352 4292 1736 4361 περιεσώζετο,
1765 4293 1825 4346 ού

258 4381 399 4450 πρὸς
428 4380 674 4451 γαλήνην
697 4384 850 4451 ἡμῖν,
884 4383 1001 4436 ἀλλ’
1029 4383 1103 4445 ὼς
1136 4384 1215 4446 είς
1245 4384 1486 4452 τυφῶνα,
1517 4387 1574 4438 τὸ
1612 4388 1717 4440 πᾶν
1730 4404 1828 4439 κυ-

249 4477 525 4543 κήσοντα.
568 4475 678 4527 Καὶ
716 4476 773 4538 ἐς
813 4476 1056 4529 τοιοῦτον
1079 4477 1341 4548 περιῆλθε
1374 4478 1700 4549 πανούργως
1732 4481 1827 4533 τὸν

1932 3290 2084 3344 illutn
2148 3287 2323 3343 solum
2388 3291 2735 3357 pertinebant
2791 3288 3079 3343 scribendo
3149 3306 3269 3359 quae
3325 3291 3501 3346 refelli

1930 3394 2035 3433 non
2068 3386 2336 3447 poterant,
2362 3394 2485 3432 cum
2524 3393 2681 3432 nemo
2723 3388 2869 3433 esset
2910 3380 3002 3448 qui
3042 3382 3122 3436 vel
3154 3384 3320 3453 sciret
3358 3384 3501 3452 quod

1927 3470 2223 3532 scribebat,
2260 3469 2341 3522 vel
2391 3468 2617 3531 diceret,
2662 3468 2744 3523 vel
2792 3468 3019 3524 auderet
3059 3472 3275 3536 dicere;
3311 3474 3504 3543 sicque

1929 3560 2004 3612 illi
2048 3557 2341 3613 infeliciter
2387 3558 2547 3612 nobis
2586 3560 2967 3627 persuadebat.
3010 3560 3282 3618 Audacter
3329 3564 3503 3633 impeo

1931 3651 2099 3703 ratori
2147 3650 2314 3705 verba
2347 3652 2495 3704 dedit
2522 3651 2588 3704 de
2626 3651 2806 3717 nobis,
2846 3653 2994 3705 nullo
3047 3654 3204 3707 modo
3247 3670 3347 3710 nos
3398 3658 3502 3708 ali-

1928 3742 2259 3811 quidpati,
2324 3751 2384 3796 ut
2450 3743 2615 3797 rebus
2682 3741 2831 3796 hisce
2902 3742 3049 3796 solus
3113 3745 3499 3810 prmficeretur,

1930 3845 1988 3885 et
2029 3850 2094 3886 ne
2125 3835 2289 3889 alicui
2334 3836 2486 3887 alteri
2527 3835 3006 3888 committerentur
3035 3836 3361 3899 reficiendae,
3391 3839 3499 3891 sic-

1928 3939 2034 3992 que
2072 3923 2365 3994 aliquando
2407 3925 2513 3993 ipsi
2569 3924 3001 3978 substitueretur
3054 3925 3108 3977 in
3170 3927 3496 3994 magistratu

1930 4015 2156 4083 ipseque
2187 4016 2241 4069 in
2293 4029 2487 4068 manus
2539 4014 2837 4069 Andronici
2892 4014 3179 4080 incideret,
3232 4022 3335 4072 sub
3368 4020 3495 4089 qui-

1930 4105 2161 4172 busjam
2223 4105 2352 4159 olim
2412 4120 2710 4174 oppressus
2758 4105 2975 4173 fuisset,
3030 4109 3137 4163 nisi
3205 4110 3499 4180 imperator

1929 4194 2171 4261 Manuel,
2222 4195 2361 4251 bene
2397 4198 2463 4252 de
2541 4198 2659 4267 ipso
2712 4200 2962 4268 loquens,
3027 4216 3195 4271 seque
3258 4202 3501 4274 interpo-

1929 4302 2066 4341 nens
2097 4286 2388 4342 mulierum
2423 4289 2701 4356 precibus,
2732 4290 2883 4344 illuin
2945 4294 3235 4356 salvasset,
3272 4310 3377 4349 non
3428 4296 3497 4350 ad

1930 4378 2085 4434 urbis
2118 4394 2331 4450 pacem,
2387 4378 2484 4435 sed
2514 4384 2578 4435 ad
2609 4390 2989 4451 tempestatem
3041 4386 3227 4439 omnia
3278 4398 3501 4442 contur-

1932 4471 2178 4528 bantem.
2206 4472 2355 4527 Adeo
2388 4473 2572 4528 dolose
2601 4474 2687 4529 liis
2714 4475 2873 4531 malis
2910 4477 3121 4531 artibus
3146 4478 3504 4534 circumvenit
3610 4518 3613 4521 λ

248 4566 502 4635 βασιλέα
530 4569 645 4631 ταῖς
676 4567 958 4632 τοιαύταις
990 4568 1238 4638 μεθόδοις
1290 4572 1316 4622 ό
1365 4571 1488 4637 δοὺξ
1519 4564 1697 4637 οὗτος.
1750 4573 1823 4636 ὡς

1932 4563 2316 4633 imperatorem
2348 4570 2451 4621 iste
2483 4567 2616 4631 dux,
2649 4575 2703 4619 ut
2733 4569 2898 4622 etiam
2929 4571 3228 4634 gratiarum
3257 4572 3501 4625 actiones

251 4659 355 4711 καὶ
389 4658 744 4729 εὐχαριστίαν
772 4660 923 4730 αὐτῷ
951 4661 1230 4731 γραφῆναι
1264 4661 1399 4732 πρὸς
1422 4661 1515 4715 τοῦ
1576 4663 1825 4732 ἀμειλίκ-

249 4766 350 4801 του
386 4751 482 4801 καὶ
522 4751 599 4821 μὴ
628 4750 851 4813 εἰδότος,
878 4744 1056 4819 οἶμαι,
1086 4750 1221 4817 ὅπερ
1247 4751 1365 4803 ἐστὶ
1392 4749 1573 4820 χάρις.
1609 4750 1699 4801 Διὸ
1730 4750 1827 4803 καὶ

250 4842 325 4909 τῇ
354 4840 678 4911 εὐχαριστίᾳ
699 4840 1045 4911 ὑπεσμύχετό
1101 4856 1185 4903 τις
1211 4840 1443 4909 καυτήρ.
1484 4840 1694 4911 Ηῦχετο
1718 4841 1825 4912 γὰρ

250 4931 289 4998 ἡ
336 4929 605 4999 βασιλικὴ
666 4931 855 5001 γραφὴ
917 4931 1151 5001 ἐχόμενα
1194 4932 1293 4999 τῆς
1349 4930 1568 5000 χάριτος
1617 4932 1824 4995 οὕτως’

262 5041 281 5071 ι
327 5020 545 5073 Γένοιτο
573 5021 629 5073 δὲ
656 5022 748 5074 καὶ
776 5022 869 5078 ἐπὶ.
890 5021 957 5074 τὰ
993 5020 1118 5091 ἑξῆς
1179 5020 1278 5091 τὴν
1312 5022 1570 5090 τοιαύτην
1604 5023 1827 5097 εὐχαρι-

257 5115 422 5169 στίαν
474 5115 841 5184 φυλάττεσθαί
884 5129 987 5168 σοι’
1023 5133 1042 5167 ι
1081 5116 1449 5184 αἰνιττομένη,
1502 5116 1575 5178 ὡς
1634 5118 1832 5186 μικρὸν

251 5208 407 5271 ὅσον,
474 5208 570 5260 καὶ
620 5208 683 5260 οὐ
742 5209 1074 5276 παραμενεῖ.
1144 5206 1212 5261 Ὀ
1260 5208 1354 5259 καὶ
1409 5207 1650 5274 γέγονεν.
1708 5208 1832 5262 Ἐά-

251 5298 445 5351 λωσαν
499 5299 609 5367 γὰρ
675 5298 743 5352 δι’
793 5300 961 5352 αὑτὸν
1012 5297 1088 5362 ὡς
1161 5299 1251 5351 ἐπὶ
1312 5298 1526 5368 θανάτῳ
1579 5302 1696 5353 ἐκεῖ
1738 5302 1830 5353 καὶ

252 5392 288 5456 ἡ
322 5389 519 5442 τούτου
551 5390 736 5462 μήτηρ
792 5391 886 5443 καὶ
910 5390 939 5442 ό
993 5388 1237 5459 ἀδελφὸς,
1283 5390 1438 5442 οὐδὲν
1460 5389 1613 5442 αὐτοὶ
1647 5392 1829 5461 ἁμαρ-

252 5497 471 5542 τοντες.

331 5620 439 5684 νιτ.
487 5614 600 5666 Καὶ
651 5614 810 5668 τοῦτο
864 5617 963 5686 μὲν
1016 5615 1131 5685 μετ’
1163 5616 1223 5668 ού
1258 5616 1391 5668 πολὺ
1426 5617 1504 5677 είς
1554 5618 1830 5680 ἐκείνους.

1932 4656 2053 4711 illi’
2087 4657 2353 4712 scriberet
2404 4658 2495 4727 qui
2548 4667 2664 4712 erat
2741 4659 3091 4714 inexorabilis
3138 4675 3201 4714 ac
3254 4664 3496 4726 nescius,

1933 4747 2078 4816 quod
2108 4757 2209 4813 est,
2233 4759 2384 4817 puto,
2407 4751 2704 4818 gratitude.
2727 4749 2911 4818 Itaque
2938 4751 3083 4804 lento
3109 4752 3229 4821 igne
3257 4754 3502 4808 torreba-

1934 4849 2047 4896 tur.
2091 4841 2365 4911 Siriptutn
2397 4856 2527 4910 ergo
2563 4844 2631 4897 ad
2668 4844 3053 4913 imperatorem
3085 4845 3248 4899 hasce
3295 4851 3500 4916 gratias

1934 4936 2270 4989 continebat:
2335 4934 2591 4989 (Utinam
2658 4951 2755 5005 pro
2806 4937 2990 4990 futuro
3046 4939 3237 5006 gratia:
3312 4940 3498 5009 hujus-

1936 5028 2081 5081 modi
2114 5027 2226 5081 sint
2256 5028 2476 5098 agenda
2511 5028 2642 5093 tibi;
2680 5047 2697 5079 ι
2740 5029 2811 5082 ita
2844 5031 3181 5086 subaudiens
3214 5034 3495 5101 paululum

1931 5136 2022 5176 eas
2051 5136 2463 5191 permansuras;
2502 5122 2645 5191 quod
2682 5134 2734 5175 et
2774 5122 2973 5177 laetum
3016 5133 3115 5179 est.
3154 5123 3499 5196 Apprehendi

1932 5213 2076 5266 enim
2121 5213 2288 5281 jussit
2333 5216 2399 5266 ad
2439 5224 2665 5269 mortem
2725 5226 2954 5270 matrem
3000 5227 3053 5271 et
3104 5215 3325 5271 fratrem
3383 5214 3500 5281 ejus

1929 5307 2241 5376 neutiquam
2276 5316 2485 5361 sontes.

2011 5617 2095 5671 58.
2151 5616 2263 5671 lloc
2315 5616 2481 5686 igitur
2528 5617 2678 5672 brevi
2735 5619 3000 5683 temporis
3061 5615 3345 5669 intervallo
3396 5617 3504 5673 illis

254 5708 442 5771 Αὐτὸς
472 5706 529 5760 δὲ
558 5709 693 5772 τέως
724 5708 925 5778 ἰσχύων
957 5709 1096 5764 κατά
1119 5712 1215 5779 τῆς
1238 5709 1393 5779 ἡμῶν
1422 5709 1719 5774 ἀπωλείας,
1744 5712 1824 5763 xal

1943 5710 2388 5764 accidit.interea
2413 5710 2527 5780 ipse
2552 5710 2805 5779 perniciti
2834 5719 3032 5762 nostra;
3046 5712 3504 5781 potens,ideoque
