  <div class='ocr_page' id='page_1' title='image "/cluster/home/n/w/nwhite01/storage/ocr_20150623/136/hvd.32044054100201/039.png"; bbox 0 0 4012 6226; ppageno 0'>
   <div class='ocr_carea' id='block_1_1' title="bbox 477 239 3752 315">
    <p class='ocr_par' dir='ltr' id='par_1_1' title="bbox 477 239 3752 315">
     <span class='ocr_line' id='line_1_1' title="bbox 477 239 3752 315; baseline 0.004 -11"><span class='ocrx_word' id='word_1_1' title='bbox 477 242 549 307; x_wconf 71' lang='lat'><strong>67</strong></span> <span class='ocrx_word' id='word_1_2' title='bbox 1182 239 1608 303; x_wconf 82' lang='lat' dir='ltr'><strong>EUSTATHII</strong></span> <span class='ocrx_word' id='word_1_3' title='bbox 1633 239 2397 309; x_wconf 68' lang='lat' dir='ltr'><strong>THESSALONICENSIS</strong></span> <span class='ocrx_word' id='word_1_4' title='bbox 2438 251 3008 315; x_wconf 60' lang='grc' dir='ltr'><strong>ΜΕΤΒΟΡΟΜΤίΕ</strong></span> <span class='ocrx_word' id='word_1_5' title='bbox 3676 251 3752 315; x_wconf 81' lang='grc'><strong>68</strong></span> 
     </span>
    </p>
   </div>
   <div class='ocr_carea' id='block_1_2' title="bbox 475 355 2063 442">
    <p class='ocr_par' dir='ltr' id='par_1_2' title="bbox 475 355 2061 427">
     <span class='ocr_line' id='line_1_2' title="bbox 475 355 2061 427; baseline -0.004 -11"><span class='ocrx_word' id='word_1_6' title='bbox 475 362 733 416; x_wconf 87' lang='lat' dir='ltr'><strong>indurato</strong></span> <span class='ocrx_word' id='word_1_7' title='bbox 761 356 925 412; x_wconf 88' lang='lat' dir='ltr'><strong>corde</strong></span> <span class='ocrx_word' id='word_1_8' title='bbox 981 355 1355 427; x_wconf 75' lang='lat' dir='ltr'><strong>imperatoris,</strong></span> <span class='ocrx_word' id='word_1_9' title='bbox 1389 355 1545 426; x_wconf 87' lang='lat' dir='ltr'><strong>quasi</strong></span> <span class='ocrx_word' id='word_1_10' title='bbox 1593 355 1642 411; x_wconf 91' lang='lat' dir='ltr'><strong>is</strong></span> <span class='ocrx_word' id='word_1_11' title='bbox 1689 355 1840 411; x_wconf 88' lang='lat' dir='ltr'><strong>solus</strong></span> <span class='ocrx_word' id='word_1_12' title='bbox 1869 358 2061 411; x_wconf 65' lang='lat' dir='ltr'><strong>urbem</strong></span> 
     </span>
    </p>
   </div>
   <div class='ocr_carea' id='block_1_3' title="bbox 2169 355 3754 442">
    <p class='ocr_par' dir='ltr' id='par_1_3' title="bbox 2169 364 3754 442">
     <span class='ocr_line' id='line_1_3' title="bbox 2169 364 3754 442; baseline 0.01 -26"><span class='ocrx_word' id='word_1_13' title='bbox 2169 364 2253 418; x_wconf 82' lang='grc' dir='ltr'>διὰ</span> <span class='ocrx_word' id='word_1_14' title='bbox 2281 366 2441 420; x_wconf 86' lang='grc' dir='ltr'>τοῦτο</span> <span class='ocrx_word' id='word_1_15' title='bbox 2487 369 2869 442; x_wconf 74' lang='grc' dir='ltr'>ὲνσκιρῤὠσας</span> <span class='ocrx_word' id='word_1_16' title='bbox 2922 374 2987 441; x_wconf 82' lang='grc' dir='ltr'><strong>τῇ</strong></span> <span class='ocrx_word' id='word_1_17' title='bbox 3021 369 3111 424; x_wconf 77' lang='grc' dir='ltr'><strong>τοῦ</strong></span> <span class='ocrx_word' id='word_1_18' title='bbox 3171 367 3440 440; x_wconf 74' lang='grc' dir='ltr'>βασιλέως</span> <span class='ocrx_word' id='word_1_19' title='bbox 3472 367 3644 439; x_wconf 74' lang='grc' dir='ltr'>ψυχῇ.</span> <span class='ocrx_word' id='word_1_20' title='bbox 3675 368 3754 431; x_wconf 79' lang='grc' dir='ltr'><strong>ὡς</strong></span> 
     </span>
    </p>
   </div>
   <div class='ocr_carea' id='block_1_4' title="bbox 474 448 2071 522">
    <p class='ocr_par' dir='ltr' id='par_1_4' title="bbox 474 448 2071 522">
     <span class='ocr_line' id='line_1_4' title="bbox 474 448 2071 522; baseline -0.004 -12"><span class='ocrx_word' id='word_1_21' title='bbox 474 455 693 510; x_wconf 75' lang='lat' dir='ltr'><strong>salvere</strong></span> <span class='ocrx_word' id='word_1_22' title='bbox 747 451 1011 522; x_wconf 72' lang='lat' dir='ltr'><strong>poluerit,</strong></span> <span class='ocrx_word' id='word_1_23' title='bbox 1049 451 1242 520; x_wconf 84' lang='lat' dir='ltr'><strong>sicque</strong></span> <span class='ocrx_word' id='word_1_24' title='bbox 1288 449 1412 519; x_wconf 86' lang='lat' dir='ltr'><strong>ejus</strong></span> <span class='ocrx_word' id='word_1_25' title='bbox 1466 448 1699 504; x_wconf 88' lang='lat' dir='ltr'><strong>consilia</strong></span> <span class='ocrx_word' id='word_1_26' title='bbox 1737 465 1838 506; x_wconf 92' lang='lat' dir='ltr'><strong>nos</strong></span> <span class='ocrx_word' id='word_1_27' title='bbox 1888 450 2071 521; x_wconf 85' lang='lat' dir='ltr'><strong>perdi-</strong></span> 
     </span>
    </p>
   </div>
   <div class='ocr_carea' id='block_1_5' title="bbox 475 543 2066 603">
    <p class='ocr_par' dir='ltr' id='par_1_5' title="bbox 475 543 2066 603">
     <span class='ocr_line' id='line_1_5' title="bbox 475 543 2066 603; baseline -0.004 0"><span class='ocrx_word' id='word_1_28' title='bbox 475 548 698 603; x_wconf 80' lang='lat' dir='ltr'><strong>derunt.</strong></span> <span class='ocrx_word' id='word_1_29' title='bbox 729 545 944 600; x_wconf 87' lang='lat' dir='ltr'><strong>Etenim</strong></span> <span class='ocrx_word' id='word_1_30' title='bbox 977 544 1030 598; x_wconf 91' lang='lat' dir='ltr'><strong>in</strong></span> <span class='ocrx_word' id='word_1_31' title='bbox 1063 543 1438 599; x_wconf 77' lang='lat' dir='ltr'><strong>defensionem</strong></span> <span class='ocrx_word' id='word_1_32' title='bbox 1485 553 1727 597; x_wconf 86' lang='lat' dir='ltr'><strong>nostram</strong></span> <span class='ocrx_word' id='word_1_33' title='bbox 1763 546 2066 598; x_wconf 87' lang='lat' dir='ltr'><strong>exercitum</strong></span> 
     </span>
    </p>
   </div>
   <div class='ocr_carea' id='block_1_6' title="bbox 479 635 2068 709">
    <p class='ocr_par' dir='ltr' id='par_1_6' title="bbox 479 635 2068 709">
     <span class='ocr_line' id='line_1_6' title="bbox 479 635 2068 709; baseline -0.001 -19"><span class='ocrx_word' id='word_1_34' title='bbox 479 639 708 709; x_wconf 79' lang='lat' dir='ltr'><strong>provide</strong></span> <span class='ocrx_word' id='word_1_35' title='bbox 775 638 1004 691; x_wconf 88' lang='lat' dir='ltr'><strong>miserat</strong></span> <span class='ocrx_word' id='word_1_36' title='bbox 1078 635 1398 705; x_wconf 80' lang='lat' dir='ltr'><strong>imperator.</strong></span> <span class='ocrx_word' id='word_1_37' title='bbox 1463 635 1711 689; x_wconf 77' lang='lat' dir='ltr'><strong>Cretlens</strong></span> <span class='ocrx_word' id='word_1_38' title='bbox 1785 650 1916 688; x_wconf 84' lang='lat' dir='ltr'><strong>vero</strong></span> <span class='ocrx_word' id='word_1_39' title='bbox 1983 635 2068 688; x_wconf 92' lang='lat' dir='ltr'><strong>his</strong></span> 
     </span>
    </p>
   </div>
   <div class='ocr_carea' id='block_1_7' title="bbox 476 725 2054 799">
    <p class='ocr_par' dir='ltr' id='par_1_7' title="bbox 476 725 2054 799">
     <span class='ocr_line' id='line_1_7' title="bbox 476 725 2054 799; baseline -0.006 -14"><span class='ocrx_word' id='word_1_40' title='bbox 476 731 678 799; x_wconf 85' lang='lat' dir='ltr'><strong>quibus</strong></span> <span class='ocrx_word' id='word_1_41' title='bbox 713 745 742 783; x_wconf 94' lang='lat' dir='ltr'><strong>a</strong></span> <span class='ocrx_word' id='word_1_42' title='bbox 787 727 994 782; x_wconf 83' lang='lat' dir='ltr'><strong>Davide</strong></span> <span class='ocrx_word' id='word_1_43' title='bbox 1037 726 1434 795; x_wconf 85' lang='lat' dir='ltr'><strong>decipiebatur,</strong></span> <span class='ocrx_word' id='word_1_44' title='bbox 1488 726 1596 780; x_wconf 86' lang='lat' dir='ltr'><strong>illis</strong></span> <span class='ocrx_word' id='word_1_45' title='bbox 1629 725 2054 790; x_wconf 88' lang='lat' dir='ltr'><strong>commendavit,</strong></span> 
     </span>
    </p>
   </div>
   <div class='ocr_carea' id='block_1_8' title="bbox 475 819 2063 877">
    <p class='ocr_par' dir='ltr' id='par_1_8' title="bbox 475 819 2063 877">
     <span class='ocr_line' id='line_1_8' title="bbox 475 819 2063 877; baseline -0.004 0"><span class='ocrx_word' id='word_1_46' title='bbox 475 839 544 877; x_wconf 87' lang='lat' dir='ltr'><strong>ne</strong></span> <span class='ocrx_word' id='word_1_47' title='bbox 607 823 660 875; x_wconf 91' lang='lat' dir='ltr'><strong>in</strong></span> <span class='ocrx_word' id='word_1_48' title='bbox 740 823 877 876; x_wconf 85' lang='lat' dir='ltr'><strong>urbe</strong></span> <span class='ocrx_word' id='word_1_49' title='bbox 933 834 993 875; x_wconf 91' lang='lat' dir='ltr'><strong>se</strong></span> <span class='ocrx_word' id='word_1_50' title='bbox 1057 820 1406 874; x_wconf 83' lang='lat' dir='ltr'><strong>includercnt</strong></span> <span class='ocrx_word' id='word_1_51' title='bbox 1479 832 1580 872; x_wconf 89' lang='lat' dir='ltr'><strong>nec</strong></span> <span class='ocrx_word' id='word_1_52' title='bbox 1660 819 1938 873; x_wconf 83' lang='lat' dir='ltr'><strong>irruerent</strong></span> <span class='ocrx_word' id='word_1_53' title='bbox 2009 819 2063 871; x_wconf 91' lang='lat' dir='ltr'><strong>iu</strong></span> 
     </span>
    </p>
   </div>
   <div class='ocr_carea' id='block_1_9' title="bbox 485 911 2067 983">
    <p class='ocr_par' dir='ltr' id='par_1_9' title="bbox 485 911 2067 983">
     <span class='ocr_line' id='line_1_9' title="bbox 485 911 2067 983; baseline -0.003 -15"><span class='ocrx_word' id='word_1_54' title='bbox 485 915 672 968; x_wconf 82' lang='lat' dir='ltr'><strong>hostes</strong></span> <span class='ocrx_word' id='word_1_55' title='bbox 733 912 893 983; x_wconf 89' lang='lat' dir='ltr'><strong>quasi</strong></span> <span class='ocrx_word' id='word_1_56' title='bbox 945 911 1010 966; x_wconf 72' lang='lat' dir='ltr'><strong>in</strong></span> <span class='ocrx_word' id='word_1_57' title='bbox 1077 911 1252 965; x_wconf 85' lang='lat' dir='ltr'><strong>aciem</strong></span> <span class='ocrx_word' id='word_1_58' title='bbox 1322 911 1667 977; x_wconf 88' lang='lat' dir='ltr'><strong>instructos;</strong></span> <span class='ocrx_word' id='word_1_59' title='bbox 1732 911 1861 964; x_wconf 86' lang='lat' dir='ltr'><strong>dum</strong></span> <span class='ocrx_word' id='word_1_60' title='bbox 1937 924 2067 974; x_wconf 87' lang='lat' dir='ltr'><strong>nos,</strong></span> 
     </span>
    </p>
   </div>
   <div class='ocr_carea' id='block_1_10' title="bbox 473 1002 2059 1075">
    <p class='ocr_par' dir='ltr' id='par_1_10' title="bbox 473 1002 2059 1075">
     <span class='ocr_line' id='line_1_10' title="bbox 473 1002 2059 1075; baseline 0 -17"><span class='ocrx_word' id='word_1_61' title='bbox 473 1008 568 1075; x_wconf 93' lang='lat' dir='ltr'><strong>qui</strong></span> <span class='ocrx_word' id='word_1_62' title='bbox 634 1006 1014 1060; x_wconf 88' lang='lat' dir='ltr'><strong>nesciebamus</strong></span> <span class='ocrx_word' id='word_1_63' title='bbox 1050 1003 1155 1058; x_wconf 88' lang='lat' dir='ltr'><strong>hoc</strong></span> <span class='ocrx_word' id='word_1_64' title='bbox 1215 1002 1508 1068; x_wconf 80' lang='lat' dir='ltr'><strong>auxilium,</strong></span> <span class='ocrx_word' id='word_1_65' title='bbox 1546 1003 1619 1057; x_wconf 90' lang='lat' dir='ltr'><strong>ita</strong></span> <span class='ocrx_word' id='word_1_66' title='bbox 1667 1005 1830 1057; x_wconf 87' lang='lat' dir='ltr'><strong>anxie</strong></span> <span class='ocrx_word' id='word_1_67' title='bbox 1859 1017 2059 1072; x_wconf 82' lang='lat' dir='ltr'><strong>exspe-</strong></span> 
     </span>
    </p>
   </div>
   <div class='ocr_carea' id='block_1_11' title="bbox 474 1095 2069 1167">
    <p class='ocr_par' dir='ltr' id='par_1_11' title="bbox 474 1095 2069 1167">
     <span class='ocr_line' id='line_1_11' title="bbox 474 1095 2069 1167; baseline -0.002 -14"><span class='ocrx_word' id='word_1_68' title='bbox 474 1111 754 1153; x_wconf 89' lang='lat' dir='ltr'><strong>ctaremus</strong></span> <span class='ocrx_word' id='word_1_69' title='bbox 796 1113 999 1167; x_wconf 88' lang='lat' dir='ltr'><strong>speque</strong></span> <span class='ocrx_word' id='word_1_70' title='bbox 1047 1097 1102 1151; x_wconf 90' lang='lat' dir='ltr'><strong>in</strong></span> <span class='ocrx_word' id='word_1_71' title='bbox 1153 1097 1277 1150; x_wconf 92' lang='lat' dir='ltr'><strong>illos</strong></span> <span class='ocrx_word' id='word_1_72' title='bbox 1323 1096 1810 1166; x_wconf 63' lang='lat' dir='ltr'><strong>suspenderentur.</strong></span> <span class='ocrx_word' id='word_1_73' title='bbox 1841 1095 1896 1149; x_wconf 87' lang='lat' dir='ltr'><strong>hi</strong></span> <span class='ocrx_word' id='word_1_74' title='bbox 1946 1097 2069 1150; x_wconf 87' lang='lat' dir='ltr'><strong>sine</strong></span> 
     </span>
    </p>
   </div>
   <div class='ocr_carea' id='block_1_12' title="bbox 476 1188 2060 1262">
    <p class='ocr_par' dir='ltr' id='par_1_12' title="bbox 476 1188 2060 1262">
     <span class='ocr_line' id='line_1_12' title="bbox 476 1188 2060 1262; baseline 0.001 -21"><span class='ocrx_word' id='word_1_75' title='bbox 476 1207 654 1262; x_wconf 74' lang='lat' dir='ltr'><strong>pugna</strong></span> <span class='ocrx_word' id='word_1_76' title='bbox 685 1188 948 1243; x_wconf 75' lang='lat' dir='ltr'><strong>auxilium</strong></span> <span class='ocrx_word' id='word_1_77' title='bbox 977 1189 1134 1258; x_wconf 90' lang='lat' dir='ltr'><strong>quasi</strong></span> <span class='ocrx_word' id='word_1_78' title='bbox 1171 1188 1357 1242; x_wconf 85' lang='lat' dir='ltr'><strong>ﬁctum</strong></span> <span class='ocrx_word' id='word_1_79' title='bbox 1392 1189 1550 1242; x_wconf 89' lang='lat' dir='ltr'><strong>nobis</strong></span> <span class='ocrx_word' id='word_1_80' title='bbox 1578 1188 1864 1258; x_wconf 88' lang='lat' dir='ltr'><strong>parabant.</strong></span> <span class='ocrx_word' id='word_1_81' title='bbox 1889 1188 2060 1242; x_wconf 85' lang='lat' dir='ltr'><strong>Erant</strong></span> 
     </span>
    </p>
   </div>
   <div class='ocr_carea' id='block_1_13' title="bbox 476 1281 2068 1354">
    <p class='ocr_par' dir='ltr' id='par_1_13' title="bbox 476 1281 2068 1354">
     <span class='ocr_line' id='line_1_13' title="bbox 476 1281 2068 1354; baseline -0.002 -14"><span class='ocrx_word' id='word_1_82' title='bbox 476 1301 607 1340; x_wconf 70' lang='lat' dir='ltr'><strong>vero</strong></span> <span class='ocrx_word' id='word_1_83' title='bbox 657 1285 848 1338; x_wconf 77' lang='lat' dir='ltr'><strong>inulti:</strong></span> <span class='ocrx_word' id='word_1_84' title='bbox 882 1283 1050 1338; x_wconf 74' lang='lat' dir='ltr'><strong>Gitlus</strong></span> <span class='ocrx_word' id='word_1_85' title='bbox 1086 1298 1312 1354; x_wconf 70' lang='lat' dir='ltr'><strong>magnus</strong></span> <span class='ocrx_word' id='word_1_86' title='bbox 1365 1281 1657 1352; x_wconf 70' lang='lat' dir='ltr'><strong>praefecms</strong></span> <span class='ocrx_word' id='word_1_87' title='bbox 1693 1299 1758 1336; x_wconf 93' lang='lat' dir='ltr'><strong>ex</strong></span> <span class='ocrx_word' id='word_1_88' title='bbox 1814 1285 2068 1337; x_wconf 82' lang='lat' dir='ltr'><strong>Orienta-</strong></span> 
     </span>
    </p>
   </div>
   <div class='ocr_carea' id='block_1_14' title="bbox 481 1373 2069 1451">
    <p class='ocr_par' dir='ltr' id='par_1_14' title="bbox 481 1373 2069 1451">
     <span class='ocr_line' id='line_1_14' title="bbox 481 1373 2069 1451; baseline -0.001 -21"><span class='ocrx_word' id='word_1_89' title='bbox 481 1380 650 1451; x_wconf 67' lang='lat' dir='ltr'><strong>lihus,</strong></span> <span class='ocrx_word' id='word_1_90' title='bbox 684 1377 1028 1446; x_wconf 71' lang='lat' dir='ltr'><strong>Palaaologus</strong></span> <span class='ocrx_word' id='word_1_91' title='bbox 1079 1376 1452 1442; x_wconf 80' lang='lat' dir='ltr'><strong>Andronicus,</strong></span> <span class='ocrx_word' id='word_1_92' title='bbox 1515 1374 1776 1430; x_wconf 82' lang='lat' dir='ltr'><strong>Camulza</strong></span> <span class='ocrx_word' id='word_1_93' title='bbox 1829 1373 2069 1439; x_wconf 79' lang='lat' dir='ltr'><strong>Manuel,</strong></span> 
     </span>
    </p>
   </div>
   <div class='ocr_carea' id='block_1_15' title="bbox 475 1465 2071 1537">
    <p class='ocr_par' dir='ltr' id='par_1_15' title="bbox 475 1465 2071 1537">
     <span class='ocr_line' id='line_1_15' title="bbox 475 1465 2071 1537; baseline -0.003 -11"><span class='ocrx_word' id='word_1_94' title='bbox 475 1471 784 1532; x_wconf 87' lang='lat' dir='ltr'><strong>Cbunmus,</strong></span> <span class='ocrx_word' id='word_1_95' title='bbox 851 1477 1020 1537; x_wconf 88' lang='lat' dir='ltr'><strong>atque</strong></span> <span class='ocrx_word' id='word_1_96' title='bbox 1069 1467 1186 1522; x_wconf 82' lang='lat' dir='ltr'><strong>alii.</strong></span> <span class='ocrx_word' id='word_1_97' title='bbox 1217 1465 1288 1522; x_wconf 87' lang='lat' dir='ltr'><strong>Se</strong></span> <span class='ocrx_word' id='word_1_98' title='bbox 1327 1467 1438 1522; x_wconf 86' lang='lat' dir='ltr'><strong>illis</strong></span> <span class='ocrx_word' id='word_1_99' title='bbox 1473 1467 1798 1536; x_wconf 76' lang='lat' dir='ltr'><strong>adiunxerat</strong></span> <span class='ocrx_word' id='word_1_100' title='bbox 1845 1467 2071 1522; x_wconf 90' lang='lat' dir='ltr'><strong>ultimus</strong></span> 
     </span>
    </p>
   </div>
   <div class='ocr_carea' id='block_1_16' title="bbox 473 1558 2070 1629">
    <p class='ocr_par' dir='ltr' id='par_1_16' title="bbox 473 1558 2070 1629">
     <span class='ocr_line' id='line_1_16' title="bbox 473 1558 2070 1629; baseline 0 -16"><span class='ocrx_word' id='word_1_101' title='bbox 473 1563 847 1615; x_wconf 78' lang='lat' dir='ltr'><strong>cubicularius</strong></span> <span class='ocrx_word' id='word_1_102' title='bbox 901 1558 1252 1628; x_wconf 85' lang='lat' dir='ltr'><strong>Nicephorus</strong></span> <span class='ocrx_word' id='word_1_103' title='bbox 1321 1559 1412 1629; x_wconf 88' lang='lat' dir='ltr'><strong>qtti</strong></span> <span class='ocrx_word' id='word_1_104' title='bbox 1487 1559 1714 1614; x_wconf 90' lang='lat' dir='ltr'><strong>omnino</strong></span> <span class='ocrx_word' id='word_1_105' title='bbox 1785 1561 2070 1628; x_wconf 82' lang='lat' dir='ltr'><strong>proximus</strong></span> 
     </span>
    </p>
   </div>
   <div class='ocr_carea' id='block_1_17' title="bbox 2173 453 3754 533">
    <p class='ocr_par' dir='ltr' id='par_1_17' title="bbox 2173 453 3754 533">
     <span class='ocr_line' id='line_1_17' title="bbox 2173 453 3754 533; baseline 0.003 -25"><span class='ocrx_word' id='word_1_106' title='bbox 2173 456 2442 528; x_wconf 82' lang='grc' dir='ltr'>αύταρκεῖ</span> <span class='ocrx_word' id='word_1_107' title='bbox 2473 453 2626 523; x_wconf 75' lang='grc' dir='ltr'>οὗτος</span> <span class='ocrx_word' id='word_1_108' title='bbox 2661 462 2733 514; x_wconf 85' lang='grc' dir='ltr'>τὰ</span> <span class='ocrx_word' id='word_1_109' title='bbox 2765 463 2908 533; x_wconf 79' lang='grc' dir='ltr'>ὑπερ</span> <span class='ocrx_word' id='word_1_110' title='bbox 2937 463 3035 532; x_wconf 78' lang='grc' dir='ltr'>τῆς</span> <span class='ocrx_word' id='word_1_111' title='bbox 3067 461 3298 525; x_wconf 84' lang='grc' dir='ltr'>πόλεως,</span> <span class='ocrx_word' id='word_1_112' title='bbox 3343 460 3530 530; x_wconf 86' lang='grc' dir='ltr'>ῐσχυσε</span> <span class='ocrx_word' id='word_1_113' title='bbox 3567 463 3754 514; x_wconf 81' lang='grc' dir='ltr'>πεῖσαι</span> 
     </span>
    </p>
   </div>
   <div class='ocr_carea' id='block_1_18' title="bbox 2171 549 3752 622">
    <p class='ocr_par' dir='ltr' id='par_1_18' title="bbox 2171 549 3752 622">
     <span class='ocr_line' id='line_1_18' title="bbox 2171 549 3752 622; baseline 0.003 -22"><span class='ocrx_word' id='word_1_114' title='bbox 2171 549 2240 601; x_wconf 74' lang='grc' dir='ltr'><strong>τὰ</strong></span> <span class='ocrx_word' id='word_1_115' title='bbox 2274 551 2354 612; x_wconf 75' lang='grc' dir='ltr'><strong>εἰς</strong></span> <span class='ocrx_word' id='word_1_116' title='bbox 2377 551 2537 620; x_wconf 71' lang='grc' dir='ltr'>ἡμῶν</span> <span class='ocrx_word' id='word_1_117' title='bbox 2569 551 2813 622; x_wconf 71' lang='grc' dir='ltr'>ὄλεθρον.</span> <span class='ocrx_word' id='word_1_118' title='bbox 2848 553 3097 608; x_wconf 83' lang='grc' dir='ltr'>Ἐστειλε</span> <span class='ocrx_word' id='word_1_119' title='bbox 3149 553 3247 622; x_wconf 79' lang='grc' dir='ltr'>μὲν</span> <span class='ocrx_word' id='word_1_120' title='bbox 3281 552 3389 622; x_wconf 77' lang='grc' dir='ltr'>γὰρ</span> <span class='ocrx_word' id='word_1_121' title='bbox 3433 553 3462 605; x_wconf 88' lang='lat'><strong>0</strong></span> <span class='ocrx_word' id='word_1_122' title='bbox 3497 551 3752 620; x_wconf 83' lang='grc' dir='ltr'>βασιλεὺς</span> 
     </span>
    </p>
   </div>
   <div class='ocr_carea' id='block_1_19' title="bbox 2173 644 3754 718">
    <p class='ocr_par' dir='ltr' id='par_1_19' title="bbox 2173 644 3754 718">
     <span class='ocr_line' id='line_1_19' title="bbox 2173 644 3754 718; baseline 0.001 -22"><span class='ocrx_word' id='word_1_123' title='bbox 2173 644 2658 715; x_wconf 84' lang='grc' dir='ltr'>προμηθικώτερον</span> <span class='ocrx_word' id='word_1_124' title='bbox 2689 647 2948 717; x_wconf 73' lang='grc' dir='ltr'>στρατιὰν</span> <span class='ocrx_word' id='word_1_125' title='bbox 2977 648 3068 701; x_wconf 50' lang='grc' dir='ltr'><strong>ἐπι⁸</strong></span> <span class='ocrx_word' id='word_1_126' title='bbox 3096 646 3280 718; x_wconf 77' lang='grc' dir='ltr'>ἀμύνῃ</span> <span class='ocrx_word' id='word_1_127' title='bbox 3304 644 3551 698; x_wconf 77' lang='grc' dir='ltr'>τῶνκαθ’</span> <span class='ocrx_word' id='word_1_128' title='bbox 3580 645 3754 715; x_wconf 78' lang='grc' dir='ltr'>ἡμᾶς’</span> 
     </span>
    </p>
   </div>
   <div class='ocr_carea' id='block_1_20' title="bbox 2173 735 3752 808">
    <p class='ocr_par' dir='ltr' id='par_1_20' title="bbox 2173 735 3752 808">
     <span class='ocr_line' id='line_1_20' title="bbox 2173 735 3752 808; baseline 0.001 -20"><span class='ocrx_word' id='word_1_129' title='bbox 2173 735 2449 800; x_wconf 84' lang='grc' dir='ltr'>πεποιθὼς</span> <span class='ocrx_word' id='word_1_130' title='bbox 2483 739 2558 802; x_wconf 75' lang='grc' dir='ltr'><strong>δέ,</strong></span> <span class='ocrx_word' id='word_1_131' title='bbox 2586 735 2667 802; x_wconf 84' lang='grc' dir='ltr'>οἷς</span> <span class='ocrx_word' id='word_1_132' title='bbox 2697 742 2760 792; x_wconf 75' lang='grc' dir='ltr'><strong>ἐκ</strong></span> <span class='ocrx_word' id='word_1_133' title='bbox 2789 740 2881 792; x_wconf 90' lang='grc' dir='ltr'><strong>τοῦ</strong></span> <span class='ocrx_word' id='word_1_134' title='bbox 2932 739 3091 794; x_wconf 83' lang='grc' dir='ltr'>Δαυῒδ</span> <span class='ocrx_word' id='word_1_135' title='bbox 3125 738 3498 802; x_wconf 78' lang='grc' dir='ltr'>ἀπεπλανᾶτο,</span> <span class='ocrx_word' id='word_1_136' title='bbox 3535 754 3752 808; x_wconf 81' lang='grc' dir='ltr'>παρηγ-</span> 
     </span>
    </p>
   </div>
   <div class='ocr_carea' id='block_1_21' title="bbox 2171 830 3750 902">
    <p class='ocr_par' dir='ltr' id='par_1_21' title="bbox 2171 830 3750 902">
     <span class='ocr_line' id='line_1_21' title="bbox 2171 830 3750 902; baseline 0 -21"><span class='ocrx_word' id='word_1_137' title='bbox 2171 835 2420 901; x_wconf 77' lang='grc' dir='ltr'>γυήσατο</span> <span class='ocrx_word' id='word_1_138' title='bbox 2469 834 2606 902; x_wconf 83' lang='grc' dir='ltr'>μήτε</span> <span class='ocrx_word' id='word_1_139' title='bbox 2655 833 2734 894; x_wconf 74' lang='grc' dir='ltr'>εἰς</span> <span class='ocrx_word' id='word_1_140' title='bbox 2761 832 2859 902; x_wconf 82' lang='grc' dir='ltr'>τὴν</span> <span class='ocrx_word' id='word_1_141' title='bbox 2896 833 3051 884; x_wconf 79' lang='grc' dir='ltr'>πόλιν</span> <span class='ocrx_word' id='word_1_142' title='bbox 3091 834 3288 894; x_wconf 77' lang='grc' dir='ltr'>αὐτοὺς</span> <span class='ocrx_word' id='word_1_143' title='bbox 3323 830 3750 892; x_wconf 76' lang='grc' dir='ltr'>καταδύσεσθιι,</span> 
     </span>
    </p>
   </div>
   <div class='ocr_carea' id='block_1_22' title="bbox 2175 920 3752 993">
    <p class='ocr_par' dir='ltr' id='par_1_22' title="bbox 2175 920 3752 993">
     <span class='ocr_line' id='line_1_22' title="bbox 2175 920 3752 993; baseline -0.001 -20"><span class='ocrx_word' id='word_1_144' title='bbox 2175 923 2315 991; x_wconf 82' lang='grc' dir='ltr'>μήτε</span> <span class='ocrx_word' id='word_1_145' title='bbox 2353 924 2459 993; x_wconf 82' lang='grc' dir='ltr'>μὴν</span> <span class='ocrx_word' id='word_1_146' title='bbox 2484 925 2594 986; x_wconf 86' lang='grc' dir='ltr'>τοῖς</span> <span class='ocrx_word' id='word_1_147' title='bbox 2635 925 2916 991; x_wconf 78' lang='grc' dir='ltr'>πολεμίοις</span> <span class='ocrx_word' id='word_1_148' title='bbox 2946 926 3113 990; x_wconf 84' lang='grc' dir='ltr'>ὁμόσε</span> <span class='ocrx_word' id='word_1_149' title='bbox 3145 923 3392 993; x_wconf 74' lang='grc' dir='ltr'>χωρῆσαι</span> <span class='ocrx_word' id='word_1_150' title='bbox 3421 920 3752 989; x_wconf 79' lang='grc' dir='ltr'>γενομένους</span> 
     </span>
    </p>
   </div>
   <div class='ocr_carea' id='block_1_23' title="bbox 2173 1012 3752 1085">
    <p class='ocr_par' dir='ltr' id='par_1_23' title="bbox 2173 1012 3752 1085">
     <span class='ocr_line' id='line_1_23' title="bbox 2173 1012 3752 1085; baseline -0.003 -18"><span class='ocrx_word' id='word_1_151' title='bbox 2173 1015 2231 1068; x_wconf 85' lang='grc' dir='ltr'><strong>ἐν</strong></span> <span class='ocrx_word' id='word_1_152' title='bbox 2258 1015 2376 1084; x_wconf 81' lang='grc' dir='ltr'>χρῷ</span> <span class='ocrx_word' id='word_1_153' title='bbox 2419 1017 2597 1085; x_wconf 81' lang='grc' dir='ltr'><strong>μάχης</strong></span> <span class='ocrx_word' id='word_1_154' title='bbox 2620 1029 2634 1044; x_wconf 87' lang='grc'>⁶</span> <span class='ocrx_word' id='word_1_155' title='bbox 2663 1015 2738 1077; x_wconf 88' lang='grc' dir='ltr'>ὼς</span> <span class='ocrx_word' id='word_1_156' title='bbox 2785 1015 3036 1069; x_wconf 86' lang='grc' dir='ltr'>ἐντεῦθεν</span> <span class='ocrx_word' id='word_1_157' title='bbox 3064 1016 3213 1085; x_wconf 79' lang='grc' dir='ltr'>ἡμᾶς</span> <span class='ocrx_word' id='word_1_158' title='bbox 3269 1015 3388 1082; x_wconf 84' lang='grc' dir='ltr'>μὲν,</span> <span class='ocrx_word' id='word_1_159' title='bbox 3422 1013 3496 1083; x_wconf 81' lang='grc' dir='ltr'>μὴ</span> <span class='ocrx_word' id='word_1_160' title='bbox 3537 1012 3752 1074; x_wconf 80' lang='grc' dir='ltr'>εἰδότας</span> 
     </span>
    </p>
   </div>
   <div class='ocr_carea' id='block_1_24' title="bbox 2173 1105 3754 1176">
    <p class='ocr_par' dir='ltr' id='par_1_24' title="bbox 2173 1105 3754 1176">
     <span class='ocr_line' id='line_1_24' title="bbox 2173 1105 3754 1176; baseline -0.003 -18"><span class='ocrx_word' id='word_1_161' title='bbox 2173 1107 2502 1176; x_wconf 73' lang='grc' dir='ltr'><strong>ἐπικουρίαν</strong></span> <span class='ocrx_word' id='word_1_162' title='bbox 2550 1107 2615 1158; x_wconf 88' lang='grc' dir='ltr'><strong>ἐκ</strong></span> <span class='ocrx_word' id='word_1_163' title='bbox 2671 1106 2781 1159; x_wconf 84' lang='grc' dir='ltr'>τῶν</span> <span class='ocrx_word' id='word_1_164' title='bbox 2839 1107 3207 1175; x_wconf 80' lang='grc' dir='ltr'><strong>ἐσταλμένων,</strong></span> <span class='ocrx_word' id='word_1_165' title='bbox 3259 1105 3605 1175; x_wconf 80' lang='grc' dir='ltr'><strong>καραδοκεῖν,</strong></span> <span class='ocrx_word' id='word_1_166' title='bbox 3658 1105 3754 1156; x_wconf 78' lang='grc' dir='ltr'>καὶ</span> 
     </span>
    </p>
   </div>
   <div class='ocr_carea' id='block_1_25' title="bbox 2173 1197 3754 1270">
    <p class='ocr_par' dir='ltr' id='par_1_25' title="bbox 2173 1197 3754 1270">
     <span class='ocr_line' id='line_1_25' title="bbox 2173 1197 3754 1270; baseline -0.002 -19"><span class='ocrx_word' id='word_1_167' title='bbox 2173 1199 2548 1269; x_wconf 77' lang='grc' dir='ltr'>ἐκκρέμασθαι</span> <span class='ocrx_word' id='word_1_168' title='bbox 2583 1200 2683 1270; x_wconf 84' lang='grc' dir='ltr'><strong>τῆς</strong></span> <span class='ocrx_word' id='word_1_169' title='bbox 2732 1201 2812 1262; x_wconf 74' lang='grc' dir='ltr'>εἰς</span> <span class='ocrx_word' id='word_1_170' title='bbox 2868 1201 3111 1262; x_wconf 77' lang='grc' dir='ltr'>ἐκείνους</span> <span class='ocrx_word' id='word_1_171' title='bbox 3163 1199 3410 1260; x_wconf 75' lang='grc' dir='ltr'>ἐλπίδοςο</span> <span class='ocrx_word' id='word_1_172' title='bbox 3439 1197 3640 1260; x_wconf 76' lang='grc' dir='ltr'>αὐτοὺς</span> <span class='ocrx_word' id='word_1_173' title='bbox 3690 1197 3754 1251; x_wconf 78' lang='grc' dir='ltr'>δὲ</span> 
     </span>
    </p>
   </div>
   <div class='ocr_carea' id='block_1_26' title="bbox 2171 1290 3755 1362">
    <p class='ocr_par' dir='ltr' id='par_1_26' title="bbox 2171 1290 3755 1362">
     <span class='ocr_line' id='line_1_26' title="bbox 2171 1290 3755 1362; baseline -0.002 -16"><span class='ocrx_word' id='word_1_174' title='bbox 2171 1293 2444 1362; x_wconf 81' lang='grc' dir='ltr'>ἀναιμωτὶ</span> <span class='ocrx_word' id='word_1_175' title='bbox 2482 1291 2602 1361; x_wconf 77' lang='grc' dir='ltr'>ζῇν,</span> <span class='ocrx_word' id='word_1_176' title='bbox 2634 1291 3069 1361; x_wconf 78' lang='grc' dir='ltr'>ἁφωσιωμένους</span> <span class='ocrx_word' id='word_1_177' title='bbox 3094 1290 3369 1360; x_wconf 85' lang='grc' dir='ltr'>τηνάλλως</span> <span class='ocrx_word' id='word_1_178' title='bbox 3399 1290 3458 1342; x_wconf 78' lang='grc' dir='ltr'>τὸ</span> <span class='ocrx_word' id='word_1_179' title='bbox 3487 1291 3567 1352; x_wconf 88' lang='grc' dir='ltr'><strong>εἰς</strong></span> <span class='ocrx_word' id='word_1_180' title='bbox 3601 1291 3755 1360; x_wconf 76' lang='grc' dir='ltr'>ἡμᾶς</span> 
     </span>
    </p>
   </div>
   <div class='ocr_carea' id='block_1_27' title="bbox 2174 1376 3727 1450">
    <p class='ocr_par' dir='ltr' id='par_1_27' title="bbox 2174 1376 3727 1450">
     <span class='ocr_line' id='line_1_27' title="bbox 2174 1376 3727 1450; baseline 0.001 -18"><span class='ocrx_word' id='word_1_181' title='bbox 2174 1382 2547 1450; x_wconf 70' lang='grc' dir='ltr'>ἐπικουρικόν.</span> <span class='ocrx_word' id='word_1_182' title='bbox 2573 1376 2752 1436; x_wconf 83' lang='grc' dir='ltr'>Ἦσαν</span> <span class='ocrx_word' id='word_1_183' title='bbox 2779 1382 2834 1434; x_wconf 85' lang='grc' dir='ltr'><strong>δέ</strong></span> <span class='ocrx_word' id='word_1_184' title='bbox 2870 1384 3056 1450; x_wconf 78' lang='grc' dir='ltr'>συχνοὶ</span> <span class='ocrx_word' id='word_1_185' title='bbox 3099 1383 3300 1434; x_wconf 83' lang='grc' dir='ltr'>ἐκεῖνοι</span> <span class='ocrx_word' id='word_1_186' title='bbox 3322 1397 3335 1411; x_wconf 82' lang='lat'><strong><em>°</em></strong></span> <span class='ocrx_word' id='word_1_187' title='bbox 3361 1383 3388 1434; x_wconf 96' lang='lat'><strong>0</strong></span> <span class='ocrx_word' id='word_1_188' title='bbox 3420 1381 3527 1433; x_wconf 83' lang='grc' dir='ltr'>τῶν</span> <span class='ocrx_word' id='word_1_189' title='bbox 3558 1381 3727 1434; x_wconf 84' lang='grc' dir='ltr'>ἁνατο</span> 
     </span>
    </p>
   </div>
   <div class='ocr_carea' id='block_1_28' title="bbox 2173 1472 3753 1543">
    <p class='ocr_par' dir='ltr' id='par_1_28' title="bbox 2173 1472 3753 1543">
     <span class='ocr_line' id='line_1_28' title="bbox 2173 1472 3753 1543; baseline 0 -19"><span class='ocrx_word' id='word_1_190' title='bbox 2173 1472 2342 1526; x_wconf 85' lang='grc' dir='ltr'>λικῶν</span> <span class='ocrx_word' id='word_1_191' title='bbox 2377 1474 2550 1542; x_wconf 80' lang='grc' dir='ltr'>μέγας</span> <span class='ocrx_word' id='word_1_192' title='bbox 2579 1474 2896 1543; x_wconf 80' lang='grc' dir='ltr'>δομὲστικος</span> <span class='ocrx_word' id='word_1_193' title='bbox 2929 1474 3098 1538; x_wconf 76' lang='grc' dir='ltr'>ιίδος,</span> <span class='ocrx_word' id='word_1_194' title='bbox 3144 1473 3172 1525; x_wconf 90' lang='lat'><strong>0</strong></span> <span class='ocrx_word' id='word_1_195' title='bbox 3224 1473 3585 1540; x_wconf 85' lang='grc' dir='ltr'>[Ιαλαιολόγος</span> <span class='ocrx_word' id='word_1_196' title='bbox 3627 1473 3688 1524; x_wconf 72' lang='grc' dir='ltr'><strong>Ἀ</strong></span> <span class='ocrx_word' id='word_1_197' title='bbox 3721 1499 3753 1516; x_wconf 79' lang='grc' dir='ltr'>ι-</span> 
     </span>
    </p>
   </div>
   <div class='ocr_carea' id='block_1_29' title="bbox 2173 1563 3752 1634">
    <p class='ocr_par' dir='ltr' id='par_1_29' title="bbox 2173 1563 3752 1634">
     <span class='ocr_line' id='line_1_29' title="bbox 2173 1563 3752 1634; baseline -0.002 -17"><span class='ocrx_word' id='word_1_198' title='bbox 2173 1564 2454 1634; x_wconf 75' lang='grc' dir='ltr'>δρόνικος,</span> <span class='ocrx_word' id='word_1_199' title='bbox 2493 1567 2521 1616; x_wconf 98' lang='lat'><strong>0</strong></span> <span class='ocrx_word' id='word_1_200' title='bbox 2577 1565 2880 1634; x_wconf 76' lang='grc' dir='ltr'>Καμύτζης</span> <span class='ocrx_word' id='word_1_201' title='bbox 2936 1564 3217 1634; x_wconf 77' lang='grc' dir='ltr'>Μανουὴλ,</span> <span class='ocrx_word' id='word_1_202' title='bbox 3252 1566 3282 1617; x_wconf 88' lang='lat'><strong>0</strong></span> <span class='ocrx_word' id='word_1_203' title='bbox 3331 1563 3602 1632; x_wconf 85' lang='grc' dir='ltr'>Χοῦμνος,</span> <span class='ocrx_word' id='word_1_204' title='bbox 3652 1564 3752 1617; x_wconf 54' lang='grc' dir='ltr'><strong>καὶ</strong></span> 
     </span>
    </p>
   </div>
   <div class='ocr_carea' id='block_1_30' title="bbox 477 1649 2063 1730">
    <p class='ocr_par' dir='ltr' id='par_1_30' title="bbox 477 1649 2063 1721">
     <span class='ocr_line' id='line_1_30' title="bbox 477 1649 2063 1721; baseline -0.004 -13"><span class='ocrx_word' id='word_1_205' title='bbox 477 1662 606 1708; x_wconf 87' lang='lat' dir='ltr'><strong>erat</strong></span> <span class='ocrx_word' id='word_1_206' title='bbox 630 1653 765 1721; x_wconf 79' lang='lat' dir='ltr'><strong>regi,</strong></span> <span class='ocrx_word' id='word_1_207' title='bbox 810 1651 903 1719; x_wconf 89' lang='lat' dir='ltr'><strong>qui</strong></span> <span class='ocrx_word' id='word_1_208' title='bbox 953 1649 1020 1704; x_wconf 89' lang='lat' dir='ltr'><strong>ad</strong></span> <span class='ocrx_word' id='word_1_209' title='bbox 1059 1651 1253 1704; x_wconf 81' lang='lat' dir='ltr'><strong>durem</strong></span> <span class='ocrx_word' id='word_1_210' title='bbox 1282 1649 1536 1704; x_wconf 77' lang='lat' dir='ltr'><strong>Davidcni</strong></span> <span class='ocrx_word' id='word_1_211' title='bbox 1558 1650 1822 1718; x_wconf 89' lang='lat' dir='ltr'><strong>scriptum</strong></span> <span class='ocrx_word' id='word_1_212' title='bbox 1847 1651 2063 1703; x_wconf 78' lang='lat' dir='ltr'><strong>mittens</strong></span> 
     </span>
    </p>
   </div>
   <div class='ocr_carea' id='block_1_31' title="bbox 2169 1649 3752 1730">
    <p class='ocr_par' dir='ltr' id='par_1_31' title="bbox 2177 1655 3752 1730">
     <span class='ocr_line' id='line_1_31' title="bbox 2177 1655 3752 1730; baseline -0.002 -20"><span class='ocrx_word' id='word_1_213' title='bbox 2177 1656 2377 1726; x_wconf 73' lang='grc' dir='ltr'>ἕτεροι.</span> <span class='ocrx_word' id='word_1_214' title='bbox 2446 1656 2777 1730; x_wconf 78' lang='grc' dir='ltr'>Ἐπέρρευσε</span> <span class='ocrx_word' id='word_1_215' title='bbox 2806 1658 2862 1710; x_wconf 83' lang='grc' dir='ltr'>δὲ</span> <span class='ocrx_word' id='word_1_216' title='bbox 2889 1658 3072 1720; x_wconf 79' lang='grc' dir='ltr'>αὐτοῖς</span> <span class='ocrx_word' id='word_1_217' title='bbox 3103 1658 3158 1720; x_wconf 87' lang='grc' dir='ltr'><strong>ἐς</strong></span> <span class='ocrx_word' id='word_1_218' title='bbox 3188 1655 3470 1719; x_wconf 80' lang='grc' dir='ltr'><strong>παντελῶς</strong></span> <span class='ocrx_word' id='word_1_219' title='bbox 3520 1656 3752 1725; x_wconf 80' lang='grc' dir='ltr'>ὕστερον</span> 
     </span>
    </p>
   </div>
   <div class='ocr_carea' id='block_1_32' title="bbox 475 1727 2063 1820">
    <p class='ocr_par' dir='ltr' id='par_1_32' title="bbox 475 1741 2063 1814">
     <span class='ocr_line' id='line_1_32' title="bbox 475 1741 2063 1814; baseline -0.004 -14"><span class='ocrx_word' id='word_1_220' title='bbox 475 1751 733 1814; x_wconf 76' lang='lat' dir='ltr'><strong>exposut</strong></span> <span class='ocrx_word' id='word_1_221' title='bbox 758 1741 1074 1796; x_wconf 85' lang='lat' dir='ltr'><strong>methodum</strong></span> <span class='ocrx_word' id='word_1_222' title='bbox 1110 1741 1427 1796; x_wconf 80' lang='lat' dir='ltr'><strong>dissimilem</strong></span> <span class='ocrx_word' id='word_1_223' title='bbox 1464 1741 1732 1796; x_wconf 90' lang='lat' dir='ltr'><strong>labiorum</strong></span> <span class='ocrx_word' id='word_1_224' title='bbox 1764 1741 1885 1810; x_wconf 89' lang='lat' dir='ltr'><strong>ejus</strong></span> <span class='ocrx_word' id='word_1_225' title='bbox 1915 1741 2063 1795; x_wconf 91' lang='lat' dir='ltr'><strong>omni</strong></span> 
     </span>
    </p>
   </div>
   <div class='ocr_carea' id='block_1_33' title="bbox 2169 1727 3754 1820">
    <p class='ocr_par' dir='ltr' id='par_1_33' title="bbox 2178 1727 3754 1820">
     <span class='ocr_line' id='line_1_33' title="bbox 2178 1727 3754 1820; baseline -0.001 -20"><span class='ocrx_word' id='word_1_226' title='bbox 2178 1750 2272 1800; x_wconf 77' lang='grc' dir='ltr'>καὶ</span> <span class='ocrx_word' id='word_1_227' title='bbox 2324 1748 2352 1800; x_wconf 93' lang='lat'><strong>0</strong></span> <span class='ocrx_word' id='word_1_228' title='bbox 2402 1748 2481 1819; x_wconf 85' lang='grc' dir='ltr'><strong>τῷ</strong></span> <span class='ocrx_word' id='word_1_229' title='bbox 2516 1727 2726 1819; x_wconf 70' lang='grc' dir='ltr'>βασιλεῖ</span> <span class='ocrx_word' id='word_1_230' title='bbox 2771 1749 2914 1803; x_wconf 78' lang='grc' dir='ltr'>πάνυ</span> <span class='ocrx_word' id='word_1_231' title='bbox 2969 1749 3160 1817; x_wconf 79' lang='grc' dir='ltr'>ἐγγὺς,</span> <span class='ocrx_word' id='word_1_232' title='bbox 3190 1750 3220 1800; x_wconf 90' lang='lat'><strong>0</strong></span> <span class='ocrx_word' id='word_1_233' title='bbox 3255 1749 3754 1820; x_wconf 81' lang='grc' dir='ltr'>παρακοιμώμενος</span> 
     </span>
    </p>
   </div>
   <div class='ocr_carea' id='block_1_34' title="bbox 483 1831 2060 1903">
    <p class='ocr_par' dir='ltr' id='par_1_34' title="bbox 483 1831 2060 1903">
     <span class='ocr_line' id='line_1_34' title="bbox 483 1831 2060 1903; baseline -0.004 -13"><span class='ocrx_word' id='word_1_234' title='bbox 483 1840 647 1899; x_wconf 62' lang='lat' dir='ltr'><strong>caelo,</strong></span> <span class='ocrx_word' id='word_1_235' title='bbox 691 1835 987 1903; x_wconf 73' lang='lat' dir='ltr'><strong>linguaque</strong></span> <span class='ocrx_word' id='word_1_236' title='bbox 1034 1847 1257 1888; x_wconf 88' lang='lat' dir='ltr'><strong>mensus</strong></span> <span class='ocrx_word' id='word_1_237' title='bbox 1287 1843 1371 1887; x_wconf 89' lang='lat' dir='ltr'><strong>est</strong></span> <span class='ocrx_word' id='word_1_238' title='bbox 1423 1841 1645 1887; x_wconf 80' lang='lat' dir='ltr'><strong>terram.</strong></span> <span class='ocrx_word' id='word_1_239' title='bbox 1695 1831 1841 1885; x_wconf 89' lang='lat' dir='ltr'><strong>Dixit</strong></span> <span class='ocrx_word' id='word_1_240' title='bbox 1889 1832 2060 1896; x_wconf 91' lang='lat' dir='ltr'><strong>enim,</strong></span> 
     </span>
    </p>
   </div>
   <div class='ocr_carea' id='block_1_35' title="bbox 475 1925 2065 1983">
    <p class='ocr_par' dir='ltr' id='par_1_35' title="bbox 475 1925 2065 1983">
     <span class='ocr_line' id='line_1_35' title="bbox 475 1925 2065 1983; baseline -0.004 0"><span class='ocrx_word' id='word_1_241' title='bbox 475 1943 577 1983; x_wconf 86' lang='lat' dir='ltr'><strong>nec</strong></span> <span class='ocrx_word' id='word_1_242' title='bbox 603 1927 801 1980; x_wconf 86' lang='lat' dir='ltr'><strong>coelum</strong></span> <span class='ocrx_word' id='word_1_243' title='bbox 861 1934 944 1978; x_wconf 90' lang='lat' dir='ltr'><strong>tot</strong></span> <span class='ocrx_word' id='word_1_244' title='bbox 999 1925 1188 1978; x_wconf 88' lang='lat' dir='ltr'><strong>stellas</strong></span> <span class='ocrx_word' id='word_1_245' title='bbox 1247 1938 1541 1979; x_wconf 85' lang='lat' dir='ltr'><strong>numerare</strong></span> <span class='ocrx_word' id='word_1_246' title='bbox 1594 1939 1694 1978; x_wconf 89' lang='lat' dir='ltr'><strong>nec</strong></span> <span class='ocrx_word' id='word_1_247' title='bbox 1728 1932 1808 1978; x_wconf 92' lang='lat' dir='ltr'><strong>tot</strong></span> <span class='ocrx_word' id='word_1_248' title='bbox 1877 1925 2065 1978; x_wconf 88' lang='lat' dir='ltr'><strong>arenis</strong></span> 
     </span>
    </p>
   </div>
   <div class='ocr_carea' id='block_1_36' title="bbox 477 2015 2064 2090">
    <p class='ocr_par' dir='ltr' id='par_1_36' title="bbox 477 2015 2064 2090">
     <span class='ocr_line' id='line_1_36' title="bbox 477 2015 2064 2090; baseline -0.006 -14"><span class='ocrx_word' id='word_1_249' title='bbox 477 2019 679 2090; x_wconf 82' lang='lat' dir='ltr'><strong>repleri</strong></span> <span class='ocrx_word' id='word_1_250' title='bbox 717 2030 944 2080; x_wconf 84' lang='lat' dir='ltr'><strong>terram,</strong></span> <span class='ocrx_word' id='word_1_251' title='bbox 977 2025 1220 2086; x_wconf 85' lang='lat' dir='ltr'><strong>quantus</strong></span> <span class='ocrx_word' id='word_1_252' title='bbox 1258 2017 1532 2070; x_wconf 90' lang='lat' dir='ltr'><strong>exercitus</strong></span> <span class='ocrx_word' id='word_1_253' title='bbox 1563 2015 1666 2084; x_wconf 84' lang='lat' dir='ltr'><strong>ipsi</strong></span> <span class='ocrx_word' id='word_1_254' title='bbox 1713 2015 1927 2079; x_wconf 89' lang='lat' dir='ltr'><strong>aderat,</strong></span> <span class='ocrx_word' id='word_1_255' title='bbox 1967 2016 2064 2068; x_wconf 84' lang='lat' dir='ltr'><strong>ad-</strong></span> 
     </span>
    </p>
   </div>
   <div class='ocr_carea' id='block_1_37' title="bbox 478 2105 2060 2178">
    <p class='ocr_par' dir='ltr' id='par_1_37' title="bbox 478 2105 2060 2178">
     <span class='ocr_line' id='line_1_37' title="bbox 478 2105 2060 2178; baseline -0.004 -10"><span class='ocrx_word' id='word_1_256' title='bbox 478 2115 616 2168; x_wconf 83' lang='lat' dir='ltr'><strong>dens</strong></span> <span class='ocrx_word' id='word_1_257' title='bbox 651 2127 709 2165; x_wconf 87' lang='lat' dir='ltr'><strong>se</strong></span> <span class='ocrx_word' id='word_1_258' title='bbox 743 2124 850 2165; x_wconf 92' lang='lat' dir='ltr'><strong>non</strong></span> <span class='ocrx_word' id='word_1_259' title='bbox 887 2123 1049 2178; x_wconf 85' lang='lat' dir='ltr'><strong>posse</strong></span> <span class='ocrx_word' id='word_1_260' title='bbox 1081 2121 1191 2161; x_wconf 90' lang='lat' dir='ltr'><strong>non</strong></span> <span class='ocrx_word' id='word_1_261' title='bbox 1242 2107 1437 2161; x_wconf 91' lang='lat' dir='ltr'><strong>timere</strong></span> <span class='ocrx_word' id='word_1_262' title='bbox 1475 2123 1542 2161; x_wconf 92' lang='lat' dir='ltr'><strong>ne</strong></span> <span class='ocrx_word' id='word_1_263' title='bbox 1585 2105 1760 2159; x_wconf 81' lang='lat' dir='ltr'><strong>Latini</strong></span> <span class='ocrx_word' id='word_1_264' title='bbox 1795 2107 2060 2161; x_wconf 86' lang='lat' dir='ltr'><strong>certiores</strong></span> 
     </span>
    </p>
   </div>
   <div class='ocr_carea' id='block_1_38' title="bbox 475 2201 2056 2276">
    <p class='ocr_par' dir='ltr' id='par_1_38' title="bbox 475 2201 2056 2276">
     <span class='ocr_line' id='line_1_38' title="bbox 475 2201 2056 2276; baseline -0.005 -13"><span class='ocrx_word' id='word_1_265' title='bbox 475 2207 605 2262; x_wconf 86' lang='lat' dir='ltr'><strong>facti</strong></span> <span class='ocrx_word' id='word_1_266' title='bbox 645 2213 880 2276; x_wconf 87' lang='lat' dir='ltr'><strong>quantas</strong></span> <span class='ocrx_word' id='word_1_267' title='bbox 911 2203 1026 2272; x_wconf 88' lang='lat' dir='ltr'><strong>ipse</strong></span> <span class='ocrx_word' id='word_1_268' title='bbox 1057 2201 1246 2267; x_wconf 89' lang='lat' dir='ltr'><strong>copias</strong></span> <span class='ocrx_word' id='word_1_269' title='bbox 1282 2201 1644 2266; x_wconf 81' lang='lat' dir='ltr'><strong>contraxerit,</strong></span> <span class='ocrx_word' id='word_1_270' title='bbox 1682 2203 1734 2255; x_wconf 92' lang='lat' dir='ltr'><strong>in</strong></span> <span class='ocrx_word' id='word_1_271' title='bbox 1780 2201 1962 2270; x_wconf 80' lang='lat' dir='ltr'><strong>fugam</strong></span> <span class='ocrx_word' id='word_1_272' title='bbox 1995 2215 2056 2256; x_wconf 81' lang='lat' dir='ltr'><strong>se</strong></span> 
     </span>
    </p>
   </div>
   <div class='ocr_carea' id='block_1_39' title="bbox 477 2290 2063 2366">
    <p class='ocr_par' dir='ltr' id='par_1_39' title="bbox 477 2290 2063 2366">
     <span class='ocr_line' id='line_1_39' title="bbox 477 2290 2063 2366; baseline -0.006 -11"><span class='ocrx_word' id='word_1_273' title='bbox 477 2308 831 2361; x_wconf 82' lang='lat' dir='ltr'><strong>convertant,</strong></span> <span class='ocrx_word' id='word_1_274' title='bbox 877 2298 1105 2366; x_wconf 88' lang='lat' dir='ltr'><strong>ipseque</strong></span> <span class='ocrx_word' id='word_1_275' title='bbox 1156 2293 1250 2348; x_wconf 91' lang='lat' dir='ltr'><strong>tali</strong></span> <span class='ocrx_word' id='word_1_276' title='bbox 1295 2292 1478 2362; x_wconf 62' lang='lat' dir='ltr'><strong>praeda</strong></span> <span class='ocrx_word' id='word_1_277' title='bbox 1538 2293 1767 2348; x_wconf 64' lang='lat' dir='ltr'><strong>orbatus</strong></span> <span class='ocrx_word' id='word_1_278' title='bbox 1805 2293 1898 2347; x_wconf 88' lang='lat' dir='ltr'><strong>sit.</strong></span> <span class='ocrx_word' id='word_1_279' title='bbox 1938 2290 2063 2345; x_wconf 69' lang='lat' dir='ltr'><strong>llaec</strong></span> 
     </span>
    </p>
   </div>
   <div class='ocr_carea' id='block_1_40' title="bbox 478 2384 2065 2460">
    <p class='ocr_par' dir='ltr' id='par_1_40' title="bbox 478 2384 2065 2460">
     <span class='ocr_line' id='line_1_40' title="bbox 478 2384 2065 2460; baseline -0.006 -12"><span class='ocrx_word' id='word_1_280' title='bbox 478 2391 725 2460; x_wconf 74' lang='lat' dir='ltr'><strong>scripsit,</strong></span> <span class='ocrx_word' id='word_1_281' title='bbox 761 2401 970 2458; x_wconf 90' lang='lat' dir='ltr'><strong>nosque</strong></span> <span class='ocrx_word' id='word_1_282' title='bbox 1003 2386 1438 2440; x_wconf 76' lang='lat' dir='ltr'><strong>erediderarnus.</strong></span> <span class='ocrx_word' id='word_1_283' title='bbox 1467 2384 1572 2450; x_wconf 81' lang='lat' dir='ltr'><strong>Qui</strong></span> <span class='ocrx_word' id='word_1_284' title='bbox 1611 2385 1760 2438; x_wconf 88' lang='lat' dir='ltr'><strong>enim</strong></span> <span class='ocrx_word' id='word_1_285' title='bbox 1804 2385 1922 2438; x_wconf 84' lang='lat' dir='ltr'><strong>vult</strong></span> <span class='ocrx_word' id='word_1_286' title='bbox 1951 2385 2065 2439; x_wconf 86' lang='lat' dir='ltr'><strong>sal-</strong></span> 
     </span>
    </p>
   </div>
   <div class='ocr_carea' id='block_1_41' title="bbox 480 2479 1739 2548">
    <p class='ocr_par' dir='ltr' id='par_1_41' title="bbox 480 2479 1739 2548">
     <span class='ocr_line' id='line_1_41' title="bbox 480 2479 1739 2548; baseline -0.007 -6"><span class='ocrx_word' id='word_1_287' title='bbox 480 2485 598 2542; x_wconf 80' lang='lat' dir='ltr'><strong>vari</strong></span> <span class='ocrx_word' id='word_1_288' title='bbox 632 2482 701 2538; x_wconf 88' lang='lat' dir='ltr'><strong>ad</strong></span> <span class='ocrx_word' id='word_1_289' title='bbox 736 2479 1068 2537; x_wconf 86' lang='lat' dir='ltr'><strong>credendum</strong></span> <span class='ocrx_word' id='word_1_290' title='bbox 1096 2491 1313 2548; x_wconf 87' lang='lat' dir='ltr'><strong>semper</strong></span> <span class='ocrx_word' id='word_1_291' title='bbox 1355 2486 1439 2532; x_wconf 93' lang='lat' dir='ltr'><strong>est</strong></span> <span class='ocrx_word' id='word_1_292' title='bbox 1489 2487 1739 2548; x_wconf 88' lang='lat' dir='ltr'><strong>paratus.</strong></span> 
     </span>
    </p>
   </div>
   <div class='ocr_carea' id='block_1_42' title="bbox 547 2835 2057 2916">
    <p class='ocr_par' dir='ltr' id='par_1_42' title="bbox 547 2835 2057 2916">
     <span class='ocr_line' id='line_1_42' title="bbox 547 2835 2057 2916; baseline -0.012 -10"><span class='ocrx_word' id='word_1_293' title='bbox 547 2850 638 2906; x_wconf 83' lang='lat'><strong>59.</strong></span> <span class='ocrx_word' id='word_1_294' title='bbox 677 2847 769 2902; x_wconf 88' lang='lat' dir='ltr'><strong>Sic</strong></span> <span class='ocrx_word' id='word_1_295' title='bbox 816 2858 949 2916; x_wconf 76' lang='lat' dir='ltr'><strong>ergo</strong></span> <span class='ocrx_word' id='word_1_296' title='bbox 982 2858 1014 2898; x_wconf 87' lang='lat' dir='ltr'><strong>a</strong></span> <span class='ocrx_word' id='word_1_297' title='bbox 1045 2841 1229 2896; x_wconf 90' lang='lat' dir='ltr'><strong>missis</strong></span> <span class='ocrx_word' id='word_1_298' title='bbox 1281 2837 1630 2907; x_wconf 84' lang='lat' dir='ltr'><strong>imperatoris</strong></span> <span class='ocrx_word' id='word_1_299' title='bbox 1679 2846 1807 2890; x_wconf 87' lang='lat' dir='ltr'><strong>tunc</strong></span> <span class='ocrx_word' id='word_1_300' title='bbox 1845 2835 2057 2903; x_wconf 83' lang='lat' dir='ltr'><strong>decepti</strong></span> 
     </span>
    </p>
   </div>
   <div class='ocr_carea' id='block_1_43' title="bbox 477 2929 2059 2997">
    <p class='ocr_par' dir='ltr' id='par_1_43' title="bbox 477 2929 2059 2997">
     <span class='ocr_line' id='line_1_43' title="bbox 477 2929 2059 2997; baseline -0.013 0"><span class='ocrx_word' id='word_1_301' title='bbox 477 2957 682 2997; x_wconf 83' lang='lat' dir='ltr'><strong>smnus.</strong></span> <span class='ocrx_word' id='word_1_302' title='bbox 747 2936 902 2990; x_wconf 82' lang='lat' dir='ltr'><strong>Tunc</strong></span> <span class='ocrx_word' id='word_1_303' title='bbox 965 2948 1097 2987; x_wconf 89' lang='lat' dir='ltr'><strong>vero</strong></span> <span class='ocrx_word' id='word_1_304' title='bbox 1151 2941 1294 2983; x_wconf 86' lang='lat' dir='ltr'><strong>terra</strong></span> <span class='ocrx_word' id='word_1_305' title='bbox 1360 2929 1606 2996; x_wconf 89' lang='lat' dir='ltr'><strong>marique</strong></span> <span class='ocrx_word' id='word_1_306' title='bbox 1653 2933 2059 2981; x_wconf 84' lang='lat' dir='ltr'><strong>c0neurreruut</strong></span> 
     </span>
    </p>
   </div>
   <div class='ocr_carea' id='block_1_44' title="bbox 2167 1841 3750 1912">
    <p class='ocr_par' dir='ltr' id='par_1_44' title="bbox 2167 1841 3750 1912">
     <span class='ocr_line' id='line_1_44' title="bbox 2167 1841 3750 1912; baseline 0.001 -18"><span class='ocrx_word' id='word_1_307' title='bbox 2167 1841 2527 1912; x_wconf 79' lang='grc' dir='ltr'>Νικηφόρος·</span> <span class='ocrx_word' id='word_1_308' title='bbox 2577 1842 2636 1904; x_wconf 86' lang='grc' dir='ltr'><strong>δς</strong></span> <span class='ocrx_word' id='word_1_309' title='bbox 2673 1843 2911 1912; x_wconf 84' lang='grc' dir='ltr'>γράμμα</span> <span class='ocrx_word' id='word_1_310' title='bbox 2970 1845 3183 1908; x_wconf 76' lang='grc' dir='ltr'><strong>στείλας</strong></span> <span class='ocrx_word' id='word_1_311' title='bbox 3243 1843 3382 1911; x_wconf 80' lang='grc' dir='ltr'>πρὸς</span> <span class='ocrx_word' id='word_1_312' title='bbox 3431 1843 3522 1896; x_wconf 75' lang='grc' dir='ltr'><strong>τὸν</strong></span> <span class='ocrx_word' id='word_1_313' title='bbox 3578 1842 3750 1896; x_wconf 83' lang='grc' dir='ltr'>δοῦκα</span> 
     </span>
    </p>
   </div>
   <div class='ocr_carea' id='block_1_45' title="bbox 2165 1933 3756 2005">
    <p class='ocr_par' dir='ltr' id='par_1_45' title="bbox 2165 1933 3756 2005">
     <span class='ocr_line' id='line_1_45' title="bbox 2165 1933 3756 2005; baseline 0.002 -20"><span class='ocrx_word' id='word_1_314' title='bbox 2165 1933 2352 1999; x_wconf 76' lang='grc' dir='ltr'>Δαυῖδ,</span> <span class='ocrx_word' id='word_1_315' title='bbox 2390 1933 2542 1987; x_wconf 77' lang='grc' dir='ltr'>ἔθετο</span> <span class='ocrx_word' id='word_1_316' title='bbox 2576 1936 2776 2004; x_wconf 83' lang='grc' dir='ltr'><strong>τρόπον</strong></span> <span class='ocrx_word' id='word_1_317' title='bbox 2803 1935 2963 1988; x_wconf 75' lang='grc' dir='ltr'>ἄλλον</span> <span class='ocrx_word' id='word_1_318' title='bbox 3002 1935 3070 1989; x_wconf 77' lang='grc' dir='ltr'><strong>τὰ</strong></span> <span class='ocrx_word' id='word_1_319' title='bbox 3114 1935 3264 2005; x_wconf 83' lang='grc' dir='ltr'>χείλη</span> <span class='ocrx_word' id='word_1_320' title='bbox 3313 1935 3482 1989; x_wconf 85' lang='grc' dir='ltr'>αὑτοῦ</span> <span class='ocrx_word' id='word_1_321' title='bbox 3513 1935 3632 1987; x_wconf 71' lang='grc' dir='ltr'>κατ’</span> <span class='ocrx_word' id='word_1_322' title='bbox 3657 1935 3756 1988; x_wconf 82' lang='grc' dir='ltr'><strong>οὑ-</strong></span> 
     </span>
    </p>
   </div>
   <div class='ocr_carea' id='block_1_46' title="bbox 2174 2025 3748 2097">
    <p class='ocr_par' dir='ltr' id='par_1_46' title="bbox 2174 2025 3748 2097">
     <span class='ocr_line' id='line_1_46' title="bbox 2174 2025 3748 2097; baseline 0.002 -20"><span class='ocrx_word' id='word_1_323' title='bbox 2174 2025 2356 2095; x_wconf 82' lang='grc' dir='ltr'>ρανδν,</span> <span class='ocrx_word' id='word_1_324' title='bbox 2387 2029 2482 2079; x_wconf 81' lang='grc' dir='ltr'>καὶ</span> <span class='ocrx_word' id='word_1_325' title='bbox 2509 2027 2612 2096; x_wconf 84' lang='grc' dir='ltr'>τὴν</span> <span class='ocrx_word' id='word_1_326' title='bbox 2637 2027 2894 2094; x_wconf 87' lang='grc' dir='ltr'>γλῶσσαν</span> <span class='ocrx_word' id='word_1_327' title='bbox 2924 2028 3102 2096; x_wconf 78' lang='grc' dir='ltr'>ἀφῆκε</span> <span class='ocrx_word' id='word_1_328' title='bbox 3127 2027 3435 2097; x_wconf 77' lang='grc' dir='ltr'><strong>διέρχεσθαι</strong></span> <span class='ocrx_word' id='word_1_329' title='bbox 3459 2025 3587 2094; x_wconf 72' lang='grc' dir='ltr'>περὶ</span> <span class='ocrx_word' id='word_1_330' title='bbox 3617 2027 3748 2094; x_wconf 81' lang='grc' dir='ltr'>γῆν.</span> 
     </span>
    </p>
   </div>
   <div class='ocr_carea' id='block_1_47' title="bbox 2173 2117 3750 2190">
    <p class='ocr_par' dir='ltr' id='par_1_47' title="bbox 2173 2117 3750 2190">
     <span class='ocr_line' id='line_1_47' title="bbox 2173 2117 3750 2190; baseline 0 -20"><span class='ocrx_word' id='word_1_331' title='bbox 2173 2118 2382 2188; x_wconf 79' lang='grc' dir='ltr'>Ἐφατο</span> <span class='ocrx_word' id='word_1_332' title='bbox 2418 2117 2527 2188; x_wconf 74' lang='grc' dir='ltr'><strong>γὰρ</strong></span> <span class='ocrx_word' id='word_1_333' title='bbox 2581 2119 2718 2189; x_wconf 84' lang='grc' dir='ltr'>μήτε</span> <span class='ocrx_word' id='word_1_334' title='bbox 2772 2119 2865 2170; x_wconf 74' lang='grc' dir='ltr'>τὸν</span> <span class='ocrx_word' id='word_1_335' title='bbox 2903 2119 3131 2190; x_wconf 79' lang='grc' dir='ltr'>οὐρανὸν</span> <span class='ocrx_word' id='word_1_336' title='bbox 3182 2118 3404 2188; x_wconf 83' lang='grc' dir='ltr'>ἄστροις</span> <span class='ocrx_word' id='word_1_337' title='bbox 3439 2119 3750 2187; x_wconf 84' lang='grc' dir='ltr'>ἐνευθηνεῖ-</span> 
     </span>
    </p>
   </div>
   <div class='ocr_carea' id='block_1_48' title="bbox 2170 2210 3751 2282">
    <p class='ocr_par' dir='ltr' id='par_1_48' title="bbox 2170 2210 3751 2282">
     <span class='ocr_line' id='line_1_48' title="bbox 2170 2210 3751 2282; baseline 0 -20"><span class='ocrx_word' id='word_1_338' title='bbox 2170 2210 2297 2263; x_wconf 86' lang='grc' dir='ltr'>σθαι</span> <span class='ocrx_word' id='word_1_339' title='bbox 2331 2211 2629 2275; x_wconf 86' lang='grc' dir='ltr'>τοσούτοις,</span> <span class='ocrx_word' id='word_1_340' title='bbox 2667 2213 2803 2281; x_wconf 85' lang='grc' dir='ltr'>μήτε</span> <span class='ocrx_word' id='word_1_341' title='bbox 2849 2211 2946 2280; x_wconf 84' lang='grc' dir='ltr'>τὴν</span> <span class='ocrx_word' id='word_1_342' title='bbox 2989 2211 3096 2280; x_wconf 81' lang='grc' dir='ltr'>γῆν</span> <span class='ocrx_word' id='word_1_343' title='bbox 3155 2212 3328 2282; x_wconf 77' lang='grc' dir='ltr'>ἄμμῳ</span> <span class='ocrx_word' id='word_1_344' title='bbox 3360 2211 3552 2282; x_wconf 78' lang='grc' dir='ltr'>τοσῇδε</span> <span class='ocrx_word' id='word_1_345' title='bbox 3602 2210 3751 2281; x_wconf 75' lang='grc' dir='ltr'>πλή-</span> 
     </span>
    </p>
   </div>
   <div class='ocr_carea' id='block_1_49' title="bbox 2167 2301 3755 2375">
    <p class='ocr_par' dir='ltr' id='par_1_49' title="bbox 2167 2301 3755 2375">
     <span class='ocr_line' id='line_1_49' title="bbox 2167 2301 3755 2375; baseline 0.003 -23"><span class='ocrx_word' id='word_1_346' title='bbox 2167 2301 2303 2365; x_wconf 82' lang='grc' dir='ltr'>θειν,</span> <span class='ocrx_word' id='word_1_347' title='bbox 2331 2303 2530 2366; x_wconf 76' lang='grc' dir='ltr'>ὁπόσος</span> <span class='ocrx_word' id='word_1_348' title='bbox 2556 2302 2702 2373; x_wconf 82' lang='grc' dir='ltr'><strong>αὐτῷ</strong></span> <span class='ocrx_word' id='word_1_349' title='bbox 2729 2306 2956 2375; x_wconf 81' lang='grc' dir='ltr'>στρατὸς</span> <span class='ocrx_word' id='word_1_350' title='bbox 3002 2305 3264 2372; x_wconf 81' lang='grc' dir='ltr'>ἐφέπεται</span> <span class='ocrx_word' id='word_1_351' title='bbox 3282 2320 3296 2332; x_wconf 74' lang='grc'><strong>⁸</strong></span> <span class='ocrx_word' id='word_1_352' title='bbox 3332 2303 3755 2375; x_wconf 60' lang='grc' dir='ltr'>πῳσεπιλαλῶν</span> 
     </span>
    </p>
   </div>
   <div class='ocr_carea' id='block_1_50' title="bbox 2166 2395 3745 2467">
    <p class='ocr_par' dir='ltr' id='par_1_50' title="bbox 2166 2395 3745 2467">
     <span class='ocr_line' id='line_1_50' title="bbox 2166 2395 3745 2467; baseline -0.001 -19"><span class='ocrx_word' id='word_1_353' title='bbox 2166 2397 2262 2448; x_wconf 68' lang='grc' dir='ltr'>καὶ</span> <span class='ocrx_word' id='word_1_354' title='bbox 2294 2395 2716 2458; x_wconf 78' lang='grc' dir='ltr'>ύποδεδοικέναι,</span> <span class='ocrx_word' id='word_1_355' title='bbox 2745 2397 2820 2467; x_wconf 84' lang='grc' dir='ltr'>μή</span> <span class='ocrx_word' id='word_1_356' title='bbox 2852 2413 2978 2450; x_wconf 84' lang='grc' dir='ltr'>ποτε</span> <span class='ocrx_word' id='word_1_357' title='bbox 3004 2397 3053 2448; x_wconf 76' lang='grc' dir='ltr'>οἱ</span> <span class='ocrx_word' id='word_1_358' title='bbox 3075 2397 3295 2449; x_wconf 85' lang='grc' dir='ltr'>Λατῖνοι</span> <span class='ocrx_word' id='word_1_359' title='bbox 3344 2395 3745 2464; x_wconf 67' lang='grc' dir='ltr'><strong>ἐκπυθόμενος..</strong></span> 
     </span>
    </p>
   </div>
   <div class='ocr_carea' id='block_1_51' title="bbox 2167 2487 3750 2558">
    <p class='ocr_par' dir='ltr' id='par_1_51' title="bbox 2167 2487 3750 2558">
     <span class='ocr_line' id='line_1_51' title="bbox 2167 2487 3750 2558; baseline -0.001 -17"><span class='ocrx_word' id='word_1_360' title='bbox 2167 2489 2300 2556; x_wconf 92' lang='grc' dir='ltr'>ὅσην</span> <span class='ocrx_word' id='word_1_361' title='bbox 2330 2489 2482 2554; x_wconf 72' lang='grc' dir='ltr'>ἰσχὺν</span> <span class='ocrx_word' id='word_1_362' title='bbox 2512 2487 2930 2557; x_wconf 77' lang='grc' dir='ltr'>περιϐέϐληται,</span> <span class='ocrx_word' id='word_1_363' title='bbox 2963 2488 3310 2558; x_wconf 80' lang='grc' dir='ltr'>φευξοῦνται,</span> <span class='ocrx_word' id='word_1_364' title='bbox 3343 2489 3436 2541; x_wconf 73' lang='grc' dir='ltr'>καὶ</span> <span class='ocrx_word' id='word_1_365' title='bbox 3466 2490 3618 2556; x_wconf 85' lang='grc' dir='ltr'><strong>μενεῖ</strong></span> <span class='ocrx_word' id='word_1_366' title='bbox 3644 2488 3750 2539; x_wconf 62' lang='grc' dir='ltr'><strong>αὑ-</strong></span> 
     </span>
    </p>
   </div>
   <div class='ocr_carea' id='block_1_52' title="bbox 2163 2577 3746 2651">
    <p class='ocr_par' dir='ltr' id='par_1_52' title="bbox 2163 2577 3746 2651">
     <span class='ocr_line' id='line_1_52' title="bbox 2163 2577 3746 2651; baseline -0.001 -19"><span class='ocrx_word' id='word_1_367' title='bbox 2163 2579 2254 2642; x_wconf 83' lang='grc' dir='ltr'>τὸς</span> <span class='ocrx_word' id='word_1_368' title='bbox 2286 2581 2441 2642; x_wconf 84' lang='grc' dir='ltr'>κενὸς</span> <span class='ocrx_word' id='word_1_369' title='bbox 2473 2580 2730 2650; x_wconf 78' lang='grc' dir='ltr'>τοιαύτης</span> <span class='ocrx_word' id='word_1_370' title='bbox 2757 2581 2952 2650; x_wconf 72' lang='grc' dir='ltr'>ἄγρας.</span> <span class='ocrx_word' id='word_1_371' title='bbox 2975 2581 3252 2651; x_wconf 70' lang='grc' dir='ltr'>Ἐγραψεν</span> <span class='ocrx_word' id='word_1_372' title='bbox 3281 2581 3444 2643; x_wconf 80' lang='grc' dir='ltr'>αὐτὸς</span> <span class='ocrx_word' id='word_1_373' title='bbox 3469 2577 3690 2632; x_wconf 89' lang='grc' dir='ltr'>τοιαῦτα</span> <span class='ocrx_word' id='word_1_374' title='bbox 3725 2594 3746 2610; x_wconf 77' lang='grc' dir='ltr'><strong>ο</strong></span> 
     </span>
    </p>
   </div>
   <div class='ocr_carea' id='block_1_53' title="bbox 2165 2670 3751 2742">
    <p class='ocr_par' dir='ltr' id='par_1_53' title="bbox 2165 2670 3751 2742">
     <span class='ocr_line' id='line_1_53' title="bbox 2165 2670 3751 2742; baseline -0.001 -18"><span class='ocrx_word' id='word_1_375' title='bbox 2165 2675 2260 2724; x_wconf 74' lang='grc' dir='ltr'>καὶ</span> <span class='ocrx_word' id='word_1_376' title='bbox 2295 2673 2454 2741; x_wconf 78' lang='grc' dir='ltr'>ἡμεῖς</span> <span class='ocrx_word' id='word_1_377' title='bbox 2487 2671 2912 2742; x_wconf 82' lang='grc' dir='ltr'>ἐπιστεύσαμεν.</span> <span class='ocrx_word' id='word_1_378' title='bbox 2948 2674 3020 2724; x_wconf 81' lang='grc' dir='ltr'><strong>Τὸ</strong></span> <span class='ocrx_word' id='word_1_379' title='bbox 3055 2674 3162 2740; x_wconf 73' lang='grc' dir='ltr'><strong>γὰρ</strong></span> <span class='ocrx_word' id='word_1_380' title='bbox 3199 2674 3288 2724; x_wconf 73' lang='grc' dir='ltr'>ἐπὶ</span> <span class='ocrx_word' id='word_1_381' title='bbox 3331 2673 3576 2742; x_wconf 76' lang='grc' dir='ltr'>σωτηρίᾳ</span> <span class='ocrx_word' id='word_1_382' title='bbox 3615 2670 3751 2742; x_wconf 78' lang='grc' dir='ltr'>βου-</span> 
     </span>
    </p>
   </div>
   <div class='ocr_carea' id='block_1_54' title="bbox 2167 2760 3462 2835">
    <p class='ocr_par' dir='ltr' id='par_1_54' title="bbox 2167 2760 3462 2835">
     <span class='ocr_line' id='line_1_54' title="bbox 2167 2760 3462 2835; baseline 0.002 -19"><span class='ocrx_word' id='word_1_383' title='bbox 2167 2766 2392 2828; x_wconf 84' lang='grc' dir='ltr'>λόμενον</span> <span class='ocrx_word' id='word_1_384' title='bbox 2423 2766 2521 2834; x_wconf 74' lang='grc' dir='ltr'>τῆς</span> <span class='ocrx_word' id='word_1_385' title='bbox 2547 2766 2724 2835; x_wconf 72' lang='grc' dir='ltr'>ψυχῆς</span> <span class='ocrx_word' id='word_1_386' title='bbox 2755 2766 2970 2834; x_wconf 78' lang='grc' dir='ltr'>ἕτοιμον</span> <span class='ocrx_word' id='word_1_387' title='bbox 2999 2760 3067 2834; x_wconf 81' lang='grc' dir='ltr'>ἦν</span> <span class='ocrx_word' id='word_1_388' title='bbox 3100 2766 3236 2832; x_wconf 77' lang='grc' dir='ltr'>πρὸς</span> <span class='ocrx_word' id='word_1_389' title='bbox 3270 2764 3462 2819; x_wconf 86' lang='grc' dir='ltr'>πειθώ.</span> 
     </span>
    </p>
   </div>
   <div class='ocr_carea' id='block_1_55' title="bbox 2241 2855 3751 2926">
    <p class='ocr_par' dir='ltr' id='par_1_55' title="bbox 2241 2855 3751 2926">
     <span class='ocr_line' id='line_1_55' title="bbox 2241 2855 3751 2926; baseline -0.002 -17"><span class='ocrx_word' id='word_1_390' title='bbox 2241 2856 2341 2910; x_wconf 84' lang='grc' dir='ltr'><strong>νϐ’.</strong></span> <span class='ocrx_word' id='word_1_391' title='bbox 2367 2859 2476 2909; x_wconf 71' lang='grc' dir='ltr'><strong>Καὶ</strong></span> <span class='ocrx_word' id='word_1_392' title='bbox 2502 2857 2646 2910; x_wconf 78' lang='grc' dir='ltr'>οὕτω</span> <span class='ocrx_word' id='word_1_393' title='bbox 2681 2858 2780 2926; x_wconf 81' lang='grc' dir='ltr'>μὲν</span> <span class='ocrx_word' id='word_1_394' title='bbox 2813 2858 2874 2909; x_wconf 84' lang='grc' dir='ltr'>τὰ</span> <span class='ocrx_word' id='word_1_395' title='bbox 2919 2859 2982 2909; x_wconf 86' lang='grc' dir='ltr'><strong>ἐκ</strong></span> <span class='ocrx_word' id='word_1_396' title='bbox 3026 2857 3132 2910; x_wconf 80' lang='grc' dir='ltr'><strong>τῶν</strong></span> <span class='ocrx_word' id='word_1_397' title='bbox 3174 2855 3472 2924; x_wconf 82' lang='grc' dir='ltr'>βασιλικῶν</span> <span class='ocrx_word' id='word_1_398' title='bbox 3511 2855 3751 2907; x_wconf 77' lang='grc' dir='ltr'>ἀποστό-</span> 
     </span>
    </p>
   </div>
   <div class='ocr_carea' id='block_1_56' title="bbox 2166 2945 3746 3018">
    <p class='ocr_par' dir='ltr' id='par_1_56' title="bbox 2166 2945 3746 3018">
     <span class='ocr_line' id='line_1_56' title="bbox 2166 2945 3746 3018; baseline -0.003 -17"><span class='ocrx_word' id='word_1_399' title='bbox 2166 2949 2278 3001; x_wconf 87' lang='grc' dir='ltr'>λων</span> <span class='ocrx_word' id='word_1_400' title='bbox 2304 2948 2605 3018; x_wconf 69' lang='grc' dir='ltr'>ψευδὸντων</span> <span class='ocrx_word' id='word_1_401' title='bbox 2635 2950 2800 3018; x_wconf 77' lang='grc' dir='ltr'>ἡμᾶς.</span> <span class='ocrx_word' id='word_1_402' title='bbox 2855 2949 2928 3000; x_wconf 80' lang='grc' dir='ltr'>Τὸ</span> <span class='ocrx_word' id='word_1_403' title='bbox 2974 2949 3030 3000; x_wconf 83' lang='grc' dir='ltr'>δὲ</span> <span class='ocrx_word' id='word_1_404' title='bbox 3066 2948 3322 3016; x_wconf 77' lang='grc' dir='ltr'>πολέμιον</span> <span class='ocrx_word' id='word_1_405' title='bbox 3370 2945 3592 2999; x_wconf 76' lang='grc' dir='ltr'>ἐπελθὸν</span> <span class='ocrx_word' id='word_1_406' title='bbox 3615 2945 3746 2998; x_wconf 82' lang='grc' dir='ltr'>τότε</span> 
     </span>
    </p>
   </div>
   <div class='ocr_carea' id='block_1_57' title="bbox 475 3020 3747 3112">
    <p class='ocr_par' dir='ltr' id='par_1_57' title="bbox 475 3020 3747 3112">
     <span class='ocr_line' id='line_1_57' title="bbox 475 3020 3747 3112; baseline -0.002 -16"><span class='ocrx_word' id='word_1_407' title='bbox 475 3037 685 3094; x_wconf 62' lang='grc'><strong>1108185,</strong></span> <span class='ocrx_word' id='word_1_408' title='bbox 739 3037 901 3096; x_wconf 67' lang='grc' dir='ltr'>θιτιιιθ</span> <span class='ocrx_word' id='word_1_409' title='bbox 941 3025 1118 3095; x_wconf 68' lang='grc' dir='ltr'><strong>Ρθτίῑθ</strong></span> <span class='ocrx_word' id='word_1_410' title='bbox 1167 3036 1226 3076; x_wconf 71' lang='lat' dir='ltr'><strong>se</strong></span> <span class='ocrx_word' id='word_1_411' title='bbox 1285 3020 1354 3074; x_wconf 70' lang='lat' dir='ltr'><strong>ad</strong></span> <span class='ocrx_word' id='word_1_412' title='bbox 1404 3034 1639 3088; x_wconf 63' lang='lat' dir='ltr'><strong>pugnam</strong></span> <span class='ocrx_word' id='word_1_413' title='bbox 1701 3027 2057 3086; x_wconf 62' lang='grc' dir='ltr'>Ρθτθνθτθθι·</span> <span class='ocrx_word' id='word_1_414' title='bbox 2088 3049 2129 3106; x_wconf 82' lang='lat' dir='ltr'><strong>c</strong></span> <span class='ocrx_word' id='word_1_415' title='bbox 2167 3041 2404 3112; x_wconf 79' lang='grc' dir='ltr'>ξηρᾶθεν</span> <span class='ocrx_word' id='word_1_416' title='bbox 2436 3044 2528 3094; x_wconf 82' lang='grc' dir='ltr'>καὶ</span> <span class='ocrx_word' id='word_1_417' title='bbox 2557 3041 2618 3094; x_wconf 77' lang='grc' dir='ltr'>τὸ</span> <span class='ocrx_word' id='word_1_418' title='bbox 2647 3045 2708 3094; x_wconf 82' lang='grc' dir='ltr'><strong>ἐκ</strong></span> <span class='ocrx_word' id='word_1_419' title='bbox 2734 3041 3028 3110; x_wconf 74' lang='grc' dir='ltr'>θαλάσσης,</span> <span class='ocrx_word' id='word_1_420' title='bbox 3056 3039 3350 3110; x_wconf 77' lang='grc' dir='ltr'>ἐξηρτύετο</span> <span class='ocrx_word' id='word_1_421' title='bbox 3375 3039 3499 3092; x_wconf 78' lang='grc' dir='ltr'>κατ’</span> <span class='ocrx_word' id='word_1_422' title='bbox 3521 3038 3747 3108; x_wconf 80' lang='grc' dir='ltr'>ἐπιστή-</span> 
     </span>
    </p>
   </div>
   <div class='ocr_carea' id='block_1_58' title="bbox 479 3112 2057 3188">
    <p class='ocr_par' dir='ltr' id='par_1_58' title="bbox 479 3112 2057 3188">
     <span class='ocr_line' id='line_1_58' title="bbox 479 3112 2057 3188; baseline -0.012 -4"><span class='ocrx_word' id='word_1_423' title='bbox 479 3122 863 3184; x_wconf 67' lang='grc' dir='ltr'>Οροίιιοηιοὶυε</span> <span class='ocrx_word' id='word_1_424' title='bbox 907 3118 1079 3188; x_wconf 77' lang='lat' dir='ltr'><strong>c0pia:</strong></span> <span class='ocrx_word' id='word_1_425' title='bbox 1120 3115 1254 3171; x_wconf 89' lang='lat' dir='ltr'><strong>alias</strong></span> <span class='ocrx_word' id='word_1_426' title='bbox 1305 3114 1592 3168; x_wconf 84' lang='lat' dir='ltr'><strong>machinas</strong></span> <span class='ocrx_word' id='word_1_427' title='bbox 1631 3128 1804 3168; x_wconf 86' lang='lat' dir='ltr'><strong>novas</strong></span> <span class='ocrx_word' id='word_1_428' title='bbox 1835 3112 2057 3165; x_wconf 77' lang='lat' dir='ltr'><strong>invene-</strong></span> 
     </span>
    </p>
   </div>
   <div class='ocr_carea' id='block_1_59' title="bbox 483 3204 2062 3281">
    <p class='ocr_par' dir='ltr' id='par_1_59' title="bbox 483 3204 2062 3281">
     <span class='ocr_line' id='line_1_59' title="bbox 483 3204 2062 3281; baseline -0.011 -8"><span class='ocrx_word' id='word_1_429' title='bbox 483 3229 608 3272; x_wconf 85' lang='lat' dir='ltr'><strong>rant</strong></span> <span class='ocrx_word' id='word_1_430' title='bbox 641 3215 800 3269; x_wconf 87' lang='lat' dir='ltr'><strong>modo</strong></span> <span class='ocrx_word' id='word_1_431' title='bbox 849 3208 1198 3281; x_wconf 85' lang='lat' dir='ltr'><strong>helepolium,</strong></span> <span class='ocrx_word' id='word_1_432' title='bbox 1230 3223 1461 3277; x_wconf 90' lang='lat' dir='ltr'><strong>quarum</strong></span> <span class='ocrx_word' id='word_1_433' title='bbox 1499 3206 1710 3260; x_wconf 86' lang='lat' dir='ltr'><strong>utilitas</strong></span> <span class='ocrx_word' id='word_1_434' title='bbox 1765 3205 1876 3260; x_wconf 89' lang='lat' dir='ltr'><strong>fere</strong></span> <span class='ocrx_word' id='word_1_435' title='bbox 1914 3204 2062 3258; x_wconf 89' lang='lat' dir='ltr'><strong>nulla</strong></span> 
     </span>
    </p>
   </div>
   <div class='ocr_carea' id='block_1_60' title="bbox 479 3297 2061 3374">
    <p class='ocr_par' dir='ltr' id='par_1_60' title="bbox 479 3297 2061 3374">
     <span class='ocr_line' id='line_1_60' title="bbox 479 3297 2061 3374; baseline -0.01 -8"><span class='ocrx_word' id='word_1_436' title='bbox 479 3318 598 3367; x_wconf 82' lang='lat' dir='ltr'><strong>erat</strong></span> <span class='ocrx_word' id='word_1_437' title='bbox 629 3310 697 3364; x_wconf 90' lang='lat' dir='ltr'><strong>ob</strong></span> <span class='ocrx_word' id='word_1_438' title='bbox 745 3303 1201 3374; x_wconf 76' lang='lat' dir='ltr'><strong>magnitudinem.</strong></span> <span class='ocrx_word' id='word_1_439' title='bbox 1261 3301 1568 3354; x_wconf 83' lang='lat' dir='ltr'><strong>Orientales</strong></span> <span class='ocrx_word' id='word_1_440' title='bbox 1616 3313 1747 3352; x_wconf 88' lang='lat' dir='ltr'><strong>vero</strong></span> <span class='ocrx_word' id='word_1_441' title='bbox 1797 3297 2061 3365; x_wconf 74' lang='lat' dir='ltr'><strong>(maxime</strong></span> 
     </span>
    </p>
   </div>
   <div class='ocr_carea' id='block_1_61' title="bbox 481 3390 2056 3460">
    <p class='ocr_par' dir='ltr' id='par_1_61' title="bbox 481 3390 2056 3460">
     <span class='ocr_line' id='line_1_61' title="bbox 481 3390 2056 3460; baseline -0.008 -3"><span class='ocrx_word' id='word_1_442' title='bbox 481 3411 663 3458; x_wconf 89' lang='lat' dir='ltr'><strong>autem</strong></span> <span class='ocrx_word' id='word_1_443' title='bbox 710 3395 1113 3452; x_wconf 88' lang='lat' dir='ltr'><strong>multitudinem</strong></span> <span class='ocrx_word' id='word_1_444' title='bbox 1164 3392 1363 3447; x_wconf 87' lang='lat' dir='ltr'><strong>classis</strong></span> <span class='ocrx_word' id='word_1_445' title='bbox 1421 3390 1848 3460; x_wconf 86' lang='lat' dir='ltr'><strong>componebant)</strong></span> <span class='ocrx_word' id='word_1_446' title='bbox 1894 3392 2056 3458; x_wconf 83' lang='lat' dir='ltr'><strong>juxta</strong></span> 
     </span>
    </p>
   </div>
   <div class='ocr_carea' id='block_1_62' title="bbox 480 3482 2064 3553">
    <p class='ocr_par' dir='ltr' id='par_1_62' title="bbox 480 3482 2064 3553">
     <span class='ocr_line' id='line_1_62' title="bbox 480 3482 2064 3553; baseline -0.008 -5"><span class='ocrx_word' id='word_1_447' title='bbox 480 3509 636 3550; x_wconf 87' lang='lat' dir='ltr'><strong>suam</strong></span> <span class='ocrx_word' id='word_1_448' title='bbox 694 3487 1152 3546; x_wconf 87' lang='lat' dir='ltr'><strong>consuetudinem</strong></span> <span class='ocrx_word' id='word_1_449' title='bbox 1219 3485 1472 3553; x_wconf 80' lang='lat' dir='ltr'><strong>agebant.</strong></span> <span class='ocrx_word' id='word_1_450' title='bbox 1533 3482 2064 3552; x_wconf 76' lang='lat' dir='ltr'><strong>Dispositisigitttr</strong></span> 
     </span>
    </p>
   </div>
   <div class='ocr_carea' id='block_1_63' title="bbox 481 3573 2063 3646">
    <p class='ocr_par' dir='ltr' id='par_1_63' title="bbox 481 3573 2063 3646">
     <span class='ocr_line' id='line_1_63' title="bbox 481 3573 2063 3646; baseline -0.009 -3"><span class='ocrx_word' id='word_1_451' title='bbox 481 3583 754 3642; x_wconf 76' lang='lat' dir='ltr'><strong>machinis</strong></span> <span class='ocrx_word' id='word_1_452' title='bbox 804 3580 870 3634; x_wconf 89' lang='lat' dir='ltr'><strong>ad</strong></span> <span class='ocrx_word' id='word_1_453' title='bbox 905 3579 1116 3646; x_wconf 83' lang='lat' dir='ltr'><strong>lapides</strong></span> <span class='ocrx_word' id='word_1_454' title='bbox 1165 3574 1530 3644; x_wconf 86' lang='lat' dir='ltr'><strong>projiciendos</strong></span> <span class='ocrx_word' id='word_1_455' title='bbox 1577 3574 1745 3643; x_wconf 87' lang='lat' dir='ltr'><strong>aptis,</strong></span> <span class='ocrx_word' id='word_1_456' title='bbox 1780 3573 2063 3642; x_wconf 89' lang='lat' dir='ltr'><strong>plerisque</strong></span> 
     </span>
    </p>
   </div>
   <div class='ocr_carea' id='block_1_64' title="bbox 482 3665 2063 3740">
    <p class='ocr_par' dir='ltr' id='par_1_64' title="bbox 482 3665 2063 3740">
     <span class='ocr_line' id='line_1_64' title="bbox 482 3665 2063 3740; baseline -0.011 -6"><span class='ocrx_word' id='word_1_457' title='bbox 482 3677 774 3735; x_wconf 77' lang='lat' dir='ltr'><strong>mediocris</strong></span> <span class='ocrx_word' id='word_1_458' title='bbox 805 3666 1222 3740; x_wconf 80' lang='lat' dir='ltr'><strong>magnitudinis,</strong></span> <span class='ocrx_word' id='word_1_459' title='bbox 1271 3675 1328 3718; x_wconf 91' lang='lat' dir='ltr'><strong>ut</strong></span> <span class='ocrx_word' id='word_1_460' title='bbox 1367 3666 1475 3719; x_wconf 89' lang='lat' dir='ltr'><strong>illis</strong></span> <span class='ocrx_word' id='word_1_461' title='bbox 1512 3679 1540 3718; x_wconf 92' lang='lat' dir='ltr'><strong>a</strong></span> <span class='ocrx_word' id='word_1_462' title='bbox 1582 3665 1856 3718; x_wconf 60' lang='lat' dir='ltr'><strong>moenibus</strong></span> <span class='ocrx_word' id='word_1_463' title='bbox 1887 3665 2063 3719; x_wconf 89' lang='lat' dir='ltr'><strong>nostri</strong></span> 
     </span>
    </p>
   </div>
   <div class='ocr_carea' id='block_1_65' title="bbox 482 3757 2062 3832">
    <p class='ocr_par' dir='ltr' id='par_1_65' title="bbox 482 3757 2062 3832">
     <span class='ocr_line' id='line_1_65' title="bbox 482 3757 2062 3832; baseline -0.011 -6"><span class='ocrx_word' id='word_1_464' title='bbox 482 3771 683 3826; x_wconf 86' lang='lat' dir='ltr'><strong>milites</strong></span> <span class='ocrx_word' id='word_1_465' title='bbox 715 3765 897 3822; x_wconf 87' lang='lat' dir='ltr'><strong>subito</strong></span> <span class='ocrx_word' id='word_1_466' title='bbox 923 3761 1391 3832; x_wconf 88' lang='lat' dir='ltr'><strong>opprimerentur,</strong></span> <span class='ocrx_word' id='word_1_467' title='bbox 1417 3774 1446 3813; x_wconf 90' lang='lat' dir='ltr'><strong>e</strong></span> <span class='ocrx_word' id='word_1_468' title='bbox 1487 3758 1690 3828; x_wconf 88' lang='lat' dir='ltr'><strong>quibus</strong></span> <span class='ocrx_word' id='word_1_469' title='bbox 1723 3757 1845 3812; x_wconf 73' lang='lat' dir='ltr'><strong>dua:</strong></span> <span class='ocrx_word' id='word_1_470' title='bbox 1884 3759 2062 3826; x_wconf 84' lang='lat' dir='ltr'><strong>majo-</strong></span> 
     </span>
    </p>
   </div>
   <div class='ocr_carea' id='block_1_66' title="bbox 480 3847 2061 3930">
    <p class='ocr_par' dir='ltr' id='par_1_66' title="bbox 480 3847 2061 3930">
     <span class='ocr_line' id='line_1_66' title="bbox 480 3847 2061 3930; baseline -0.011 -12"><span class='ocrx_word' id='word_1_471' title='bbox 480 3879 593 3923; x_wconf 85' lang='lat' dir='ltr'><strong>res.</strong></span> <span class='ocrx_word' id='word_1_472' title='bbox 626 3872 857 3930; x_wconf 87' lang='lat' dir='ltr'><strong>quarum</strong></span> <span class='ocrx_word' id='word_1_473' title='bbox 891 3867 1000 3907; x_wconf 92' lang='lat' dir='ltr'><strong>una</strong></span> <span class='ocrx_word' id='word_1_474' title='bbox 1045 3864 1203 3906; x_wconf 82' lang='lat' dir='ltr'><strong>teme</strong></span> <span class='ocrx_word' id='word_1_475' title='bbox 1234 3859 1416 3904; x_wconf 89' lang='lat' dir='ltr'><strong>motus</strong></span> <span class='ocrx_word' id='word_1_476' title='bbox 1468 3849 1575 3904; x_wconf 82' lang='lat' dir='ltr'><strong>illia</strong></span> <span class='ocrx_word' id='word_1_477' title='bbox 1626 3847 1818 3903; x_wconf 86' lang='lat' dir='ltr'><strong>vocari</strong></span> <span class='ocrx_word' id='word_1_478' title='bbox 1849 3858 2061 3917; x_wconf 86' lang='lat' dir='ltr'><strong>posset;</strong></span> 
     </span>
    </p>
   </div>
   <div class='ocr_carea' id='block_1_67' title="bbox 481 3937 2063 4024">
    <p class='ocr_par' dir='ltr' id='par_1_67' title="bbox 481 3937 2063 4024">
     <span class='ocr_line' id='line_1_67' title="bbox 481 3937 2063 4024; baseline -0.011 -16"><span class='ocrx_word' id='word_1_479' title='bbox 481 3937 874 4024; x_wconf 70' lang='lat' dir='ltr'><strong>dispositisque</strong></span> <span class='ocrx_word' id='word_1_480' title='bbox 903 3945 996 4016; x_wconf 88' lang='lat' dir='ltr'><strong>qui</strong></span> <span class='ocrx_word' id='word_1_481' title='bbox 1017 3942 1342 3998; x_wconf 86' lang='lat' dir='ltr'><strong>ramusculis</strong></span> <span class='ocrx_word' id='word_1_482' title='bbox 1377 3941 1664 4011; x_wconf 87' lang='lat' dir='ltr'><strong>implerent</strong></span> <span class='ocrx_word' id='word_1_483' title='bbox 1685 3949 1840 4010; x_wconf 91' lang='lat' dir='ltr'><strong>aptas</strong></span> <span class='ocrx_word' id='word_1_484' title='bbox 1865 3941 2063 4004; x_wconf 86' lang='lat' dir='ltr'><strong>fossas,</strong></span> 
     </span>
    </p>
   </div>
   <div class='ocr_carea' id='block_1_68' title="bbox 487 4030 2065 4117">
    <p class='ocr_par' dir='ltr' id='par_1_68' title="bbox 487 4030 2065 4117">
     <span class='ocr_line' id='line_1_68' title="bbox 487 4030 2065 4117; baseline -0.011 -17"><span class='ocrx_word' id='word_1_485' title='bbox 487 4049 694 4117; x_wconf 84' lang='lat' dir='ltr'><strong>quique</strong></span> <span class='ocrx_word' id='word_1_486' title='bbox 744 4040 945 4095; x_wconf 75' lang='lat' dir='ltr'><strong>mmuia</strong></span> <span class='ocrx_word' id='word_1_487' title='bbox 976 4036 1302 4092; x_wconf 85' lang='lat' dir='ltr'><strong>labefactare</strong></span> <span class='ocrx_word' id='word_1_488' title='bbox 1337 4041 1582 4104; x_wconf 88' lang='lat' dir='ltr'><strong>possent,</strong></span> <span class='ocrx_word' id='word_1_489' title='bbox 1609 4046 1792 4086; x_wconf 84' lang='lat' dir='ltr'><strong>muros</strong></span> <span class='ocrx_word' id='word_1_490' title='bbox 1843 4030 2065 4100; x_wconf 76' lang='lat' dir='ltr'><strong>aggredi</strong></span> 
     </span>
    </p>
   </div>
   <div class='ocr_carea' id='block_1_69' title="bbox 483 4125 2068 4205">
    <p class='ocr_par' dir='ltr' id='par_1_69' title="bbox 483 4125 2068 4205">
     <span class='ocr_line' id='line_1_69' title="bbox 483 4125 2068 4205; baseline -0.013 -12"><span class='ocrx_word' id='word_1_491' title='bbox 483 4141 720 4205; x_wconf 90' lang='lat' dir='ltr'><strong>illosque</strong></span> <span class='ocrx_word' id='word_1_492' title='bbox 745 4132 1117 4185; x_wconf 80' lang='lat' dir='ltr'><strong>indesinenter</strong></span> <span class='ocrx_word' id='word_1_493' title='bbox 1143 4137 1195 4180; x_wconf 92' lang='lat' dir='ltr'><strong>et</strong></span> <span class='ocrx_word' id='word_1_494' title='bbox 1227 4126 1398 4180; x_wconf 90' lang='lat' dir='ltr'><strong>modis</strong></span> <span class='ocrx_word' id='word_1_495' title='bbox 1419 4125 1670 4178; x_wconf 90' lang='lat' dir='ltr'><strong>omnibus</strong></span> <span class='ocrx_word' id='word_1_496' title='bbox 1691 4136 1954 4189; x_wconf 78' lang='lat' dir='ltr'><strong>quassare</strong></span> <span class='ocrx_word' id='word_1_497' title='bbox 1977 4135 2068 4173; x_wconf 81' lang='lat' dir='ltr'><strong>eo-</strong></span> 
     </span>
    </p>
   </div>
   <div class='ocr_carea' id='block_1_70' title="bbox 483 4209 2062 4283">
    <p class='ocr_par' dir='ltr' id='par_1_70' title="bbox 483 4209 2062 4283">
     <span class='ocr_line' id='line_1_70' title="bbox 483 4209 2062 4283; baseline -0.011 -3"><span class='ocrx_word' id='word_1_498' title='bbox 483 4227 597 4280; x_wconf 89' lang='lat' dir='ltr'><strong>nati</strong></span> <span class='ocrx_word' id='word_1_499' title='bbox 637 4233 788 4276; x_wconf 89' lang='lat' dir='ltr'><strong>sunt.</strong></span> <span class='ocrx_word' id='word_1_500' title='bbox 812 4219 909 4274; x_wconf 82' lang='lat' dir='ltr'><strong>His</strong></span> <span class='ocrx_word' id='word_1_501' title='bbox 944 4217 1198 4272; x_wconf 87' lang='lat' dir='ltr'><strong>omnibus</strong></span> <span class='ocrx_word' id='word_1_502' title='bbox 1236 4213 1642 4283; x_wconf 64' lang='lat' dir='ltr'><strong>praecurrebam</strong></span> <span class='ocrx_word' id='word_1_503' title='bbox 1683 4209 2062 4264; x_wconf 86' lang='lat' dir='ltr'><strong>fundibularii.</strong></span> 
     </span>
    </p>
   </div>
   <div class='ocr_carea' id='block_1_71' title="bbox 483 4302 2067 4384">
    <p class='ocr_par' dir='ltr' id='par_1_71' title="bbox 483 4302 2067 4384">
     <span class='ocr_line' id='line_1_71' title="bbox 483 4302 2067 4384; baseline -0.014 -10"><span class='ocrx_word' id='word_1_504' title='bbox 483 4319 565 4374; x_wconf 87' lang='lat' dir='ltr'><strong>Ad</strong></span> <span class='ocrx_word' id='word_1_505' title='bbox 595 4327 875 4384; x_wconf 83' lang='lat' dir='ltr'><strong>vesperam</strong></span> <span class='ocrx_word' id='word_1_506' title='bbox 916 4311 1062 4365; x_wconf 89' lang='lat' dir='ltr'><strong>enim</strong></span> <span class='ocrx_word' id='word_1_507' title='bbox 1094 4309 1435 4361; x_wconf 87' lang='lat' dir='ltr'><strong>retinuerunt</strong></span> <span class='ocrx_word' id='word_1_508' title='bbox 1467 4319 1632 4357; x_wconf 80' lang='lat' dir='ltr'><strong>naves</strong></span> <span class='ocrx_word' id='word_1_509' title='bbox 1667 4317 1840 4368; x_wconf 89' lang='lat' dir='ltr'><strong>usque</strong></span> <span class='ocrx_word' id='word_1_510' title='bbox 1859 4302 1925 4354; x_wconf 91' lang='lat' dir='ltr'><strong>ad</strong></span> <span class='ocrx_word' id='word_1_511' title='bbox 1956 4315 2067 4354; x_wconf 89' lang='lat' dir='ltr'><strong>ma-</strong></span> 
     </span>
    </p>
   </div>
   <div class='ocr_carea' id='block_1_72' title="bbox 2167 3128 3746 3203">
    <p class='ocr_par' dir='ltr' id='par_1_72' title="bbox 2167 3128 3746 3203">
     <span class='ocr_line' id='line_1_72' title="bbox 2167 3128 3746 3203; baseline -0.003 -18"><span class='ocrx_word' id='word_1_512' title='bbox 2167 3149 2276 3203; x_wconf 87' lang='grc' dir='ltr'><strong>μην</strong></span> <span class='ocrx_word' id='word_1_513' title='bbox 2310 3135 2389 3196; x_wconf 77' lang='grc' dir='ltr'><strong>εἰς</strong></span> <span class='ocrx_word' id='word_1_514' title='bbox 2428 3133 2631 3203; x_wconf 81' lang='grc' dir='ltr'>μάχην.</span> <span class='ocrx_word' id='word_1_515' title='bbox 2680 3133 2788 3184; x_wconf 78' lang='grc' dir='ltr'><strong>Καὶ</strong></span> <span class='ocrx_word' id='word_1_516' title='bbox 2844 3133 2893 3184; x_wconf 83' lang='grc' dir='ltr'>οἱ</span> <span class='ocrx_word' id='word_1_517' title='bbox 2927 3133 3025 3201; x_wconf 79' lang='grc' dir='ltr'>μὲν</span> <span class='ocrx_word' id='word_1_518' title='bbox 3060 3133 3122 3183; x_wconf 84' lang='grc' dir='ltr'><strong>ἐκ</strong></span> <span class='ocrx_word' id='word_1_519' title='bbox 3152 3133 3259 3182; x_wconf 75' lang='grc' dir='ltr'>τῶν</span> <span class='ocrx_word' id='word_1_520' title='bbox 3287 3129 3570 3198; x_wconf 80' lang='grc' dir='ltr'>δυσμικῶν</span> <span class='ocrx_word' id='word_1_521' title='bbox 3600 3128 3746 3182; x_wconf 71' lang='grc' dir='ltr'>ἄλλα</span> 
     </span>
    </p>
   </div>
   <div class='ocr_carea' id='block_1_73' title="bbox 2164 3216 3741 3292">
    <p class='ocr_par' dir='ltr' id='par_1_73' title="bbox 2164 3216 3741 3292">
     <span class='ocr_line' id='line_1_73' title="bbox 2164 3216 3741 3292; baseline 0 -17"><span class='ocrx_word' id='word_1_522' title='bbox 2164 3223 2382 3276; x_wconf 78' lang='grc' dir='ltr'>ἐποίουν</span> <span class='ocrx_word' id='word_1_523' title='bbox 2412 3226 2578 3278; x_wconf 83' lang='grc' dir='ltr'>καινά</span> <span class='ocrx_word' id='word_1_524' title='bbox 2607 3241 2731 3276; x_wconf 88' lang='grc' dir='ltr'>τινα</span> <span class='ocrx_word' id='word_1_525' title='bbox 2765 3223 2906 3276; x_wconf 72' lang='grc' dir='ltr'>κατὰ</span> <span class='ocrx_word' id='word_1_526' title='bbox 2934 3224 3134 3292; x_wconf 82' lang='grc' dir='ltr'>νόμους</span> <span class='ocrx_word' id='word_1_527' title='bbox 3166 3223 3489 3285; x_wconf 84' lang='grc' dir='ltr'>ἐλεπόλεων,</span> <span class='ocrx_word' id='word_1_528' title='bbox 3531 3216 3616 3283; x_wconf 75' lang='grc' dir='ltr'><strong>αἷς</strong></span> <span class='ocrx_word' id='word_1_529' title='bbox 3646 3221 3741 3275; x_wconf 71' lang='grc' dir='ltr'>διὰ</span> 
     </span>
    </p>
   </div>
   <div class='ocr_carea' id='block_1_74' title="bbox 2163 3301 3742 3384">
    <p class='ocr_par' dir='ltr' id='par_1_74' title="bbox 2163 3301 3742 3384">
     <span class='ocr_line' id='line_1_74' title="bbox 2163 3301 3742 3384; baseline -0.002 -18"><span class='ocrx_word' id='word_1_530' title='bbox 2163 3315 2224 3366; x_wconf 75' lang='grc' dir='ltr'>τὸ</span> <span class='ocrx_word' id='word_1_531' title='bbox 2254 3316 2318 3366; x_wconf 85' lang='grc' dir='ltr'><strong>ἐκ</strong></span> <span class='ocrx_word' id='word_1_532' title='bbox 2355 3315 2620 3384; x_wconf 84' lang='grc' dir='ltr'>μεγέθους</span> <span class='ocrx_word' id='word_1_533' title='bbox 2647 3314 3166 3383; x_wconf 82' lang='grc' dir='ltr'>δυσμεταχείριστον</span> <span class='ocrx_word' id='word_1_534' title='bbox 3204 3313 3326 3367; x_wconf 71' lang='grc' dir='ltr'>οὐδὲ</span> <span class='ocrx_word' id='word_1_535' title='bbox 3358 3301 3742 3383; x_wconf 69' lang='grc' dir='ltr'>ὲνέλαμψετις</span> 
     </span>
    </p>
   </div>
   <div class='ocr_carea' id='block_1_75' title="bbox 2167 3401 3741 3477">
    <p class='ocr_par' dir='ltr' id='par_1_75' title="bbox 2167 3401 3741 3477">
     <span class='ocr_line' id='line_1_75' title="bbox 2167 3401 3741 3477; baseline -0.001 -20"><span class='ocrx_word' id='word_1_536' title='bbox 2167 3406 2417 3476; x_wconf 82' lang='grc' dir='ltr'>ἐνέργεια</span> <span class='ocrx_word' id='word_1_537' title='bbox 2446 3420 2460 3434; x_wconf 76' lang='grc' dir='ltr'><strong>ο</strong></span> <span class='ocrx_word' id='word_1_538' title='bbox 2486 3407 2533 3457; x_wconf 79' lang='grc' dir='ltr'>οἱ</span> <span class='ocrx_word' id='word_1_539' title='bbox 2561 3406 2618 3458; x_wconf 84' lang='grc' dir='ltr'>δὲ</span> <span class='ocrx_word' id='word_1_540' title='bbox 2648 3407 2776 3477; x_wconf 73' lang='grc' dir='ltr'>περὶ</span> <span class='ocrx_word' id='word_1_541' title='bbox 2810 3408 2876 3458; x_wconf 71' lang='grc' dir='ltr'>τὰ</span> <span class='ocrx_word' id='word_1_542' title='bbox 2901 3405 3009 3474; x_wconf 85' lang='grc' dir='ltr'><strong>ἐῷα</strong></span> <span class='ocrx_word' id='word_1_543' title='bbox 3039 3401 3201 3475; x_wconf 78' lang='grc' dir='ltr'>(ἦσαν</span> <span class='ocrx_word' id='word_1_544' title='bbox 3229 3404 3284 3458; x_wconf 88' lang='grc' dir='ltr'>δὲ</span> <span class='ocrx_word' id='word_1_545' title='bbox 3313 3403 3548 3474; x_wconf 84' lang='grc' dir='ltr'>μάλιστα</span> <span class='ocrx_word' id='word_1_546' title='bbox 3589 3406 3741 3456; x_wconf 83' lang='grc' dir='ltr'>ἐκεῖ·</span> 
     </span>
    </p>
   </div>
   <div class='ocr_carea' id='block_1_76' title="bbox 2162 3496 3740 3568">
    <p class='ocr_par' dir='ltr' id='par_1_76' title="bbox 2162 3496 3740 3568">
     <span class='ocr_line' id='line_1_76' title="bbox 2162 3496 3740 3568; baseline -0.003 -17"><span class='ocrx_word' id='word_1_547' title='bbox 2162 3515 2244 3551; x_wconf 90' lang='grc' dir='ltr'><strong>νοι</strong></span> <span class='ocrx_word' id='word_1_548' title='bbox 2275 3499 2336 3550; x_wconf 81' lang='grc' dir='ltr'>τὸ</span> <span class='ocrx_word' id='word_1_549' title='bbox 2374 3498 2628 3558; x_wconf 86' lang='grc' dir='ltr'>ναυτικὸν</span> <span class='ocrx_word' id='word_1_550' title='bbox 2657 3497 2881 3568; x_wconf 78' lang='grc' dir='ltr'>πλῆθος)</span> <span class='ocrx_word' id='word_1_551' title='bbox 2920 3498 3050 3568; x_wconf 70' lang='grc' dir='ltr'>πρὸς</span> <span class='ocrx_word' id='word_1_552' title='bbox 3079 3498 3140 3550; x_wconf 75' lang='grc' dir='ltr'><strong>τὸ</strong></span> <span class='ocrx_word' id='word_1_553' title='bbox 3168 3496 3556 3565; x_wconf 71' lang='grc' dir='ltr'>συνηθέστερον</span> <span class='ocrx_word' id='word_1_554' title='bbox 3585 3497 3740 3547; x_wconf 74' lang='grc' dir='ltr'>ἔϐλε-</span> 
     </span>
    </p>
   </div>
   <div class='ocr_carea' id='block_1_77' title="bbox 2165 3588 3734 3661">
    <p class='ocr_par' dir='ltr' id='par_1_77' title="bbox 2165 3588 3734 3661">
     <span class='ocr_line' id='line_1_77' title="bbox 2165 3588 3734 3661; baseline 0.001 -20"><span class='ocrx_word' id='word_1_555' title='bbox 2165 3606 2284 3643; x_wconf 87' lang='grc' dir='ltr'>πον.</span> <span class='ocrx_word' id='word_1_556' title='bbox 2314 3591 2420 3641; x_wconf 76' lang='grc' dir='ltr'><strong>Καὶ</strong></span> <span class='ocrx_word' id='word_1_557' title='bbox 2448 3591 2916 3659; x_wconf 85' lang='grc' dir='ltr'>συσκευασάμενοι</span> <span class='ocrx_word' id='word_1_558' title='bbox 2949 3590 3195 3661; x_wconf 76' lang='grc' dir='ltr'>μηχανὰς</span> <span class='ocrx_word' id='word_1_559' title='bbox 3214 3588 3590 3658; x_wconf 81' lang='grc' dir='ltr'>πετροϐόλους,</span> <span class='ocrx_word' id='word_1_560' title='bbox 3644 3607 3734 3659; x_wconf 89' lang='grc' dir='ltr'>μι-</span> 
     </span>
    </p>
   </div>
   <div class='ocr_carea' id='block_1_78' title="bbox 2164 3678 3729 3749">
    <p class='ocr_par' dir='ltr' id='par_1_78' title="bbox 2164 3678 3729 3749">
     <span class='ocr_line' id='line_1_78' title="bbox 2164 3678 3729 3749; baseline 0.002 -20"><span class='ocrx_word' id='word_1_561' title='bbox 2164 3678 2524 3748; x_wconf 83' lang='grc' dir='ltr'>κρομεγέθεις</span> <span class='ocrx_word' id='word_1_562' title='bbox 2548 3679 2647 3749; x_wconf 85' lang='grc' dir='ltr'>μὲν</span> <span class='ocrx_word' id='word_1_563' title='bbox 2675 3679 2944 3743; x_wconf 80' lang='grc' dir='ltr'>πλείονας,</span> <span class='ocrx_word' id='word_1_564' title='bbox 2971 3681 3046 3744; x_wconf 81' lang='grc' dir='ltr'><strong>ὡς</strong></span> <span class='ocrx_word' id='word_1_565' title='bbox 3069 3678 3435 3734; x_wconf 80' lang='grc' dir='ltr'>ἐπιϐουλεύειν</span> <span class='ocrx_word' id='word_1_566' title='bbox 3457 3679 3526 3732; x_wconf 87' lang='grc' dir='ltr'><strong>δι’</strong></span> <span class='ocrx_word' id='word_1_567' title='bbox 3548 3679 3729 3732; x_wconf 79' lang='grc' dir='ltr'>αὐτῶν</span> 
     </span>
    </p>
   </div>
   <div class='ocr_carea' id='block_1_79' title="bbox 2163 3769 3733 3843">
    <p class='ocr_par' dir='ltr' id='par_1_79' title="bbox 2163 3769 3733 3843">
     <span class='ocr_line' id='line_1_79' title="bbox 2163 3769 3733 3843; baseline 0.001 -22"><span class='ocrx_word' id='word_1_568' title='bbox 2163 3773 2276 3834; x_wconf 88' lang='grc' dir='ltr'>τοῖς</span> <span class='ocrx_word' id='word_1_569' title='bbox 2305 3773 2368 3823; x_wconf 77' lang='grc' dir='ltr'><strong>ἐκ</strong></span> <span class='ocrx_word' id='word_1_570' title='bbox 2395 3770 2505 3823; x_wconf 83' lang='grc' dir='ltr'><strong>τῶν</strong></span> <span class='ocrx_word' id='word_1_571' title='bbox 2550 3772 2777 3841; x_wconf 84' lang='grc' dir='ltr'>τειχέων</span> <span class='ocrx_word' id='word_1_572' title='bbox 2810 3772 3137 3842; x_wconf 83' lang='grc' dir='ltr'>πολεμοῦσιν</span> <span class='ocrx_word' id='word_1_573' title='bbox 3181 3771 3502 3843; x_wconf 69' lang='grc' dir='ltr'>ἡμεδαποῖς,</span> <span class='ocrx_word' id='word_1_574' title='bbox 3549 3770 3642 3823; x_wconf 85' lang='grc' dir='ltr'><strong>δύο</strong></span> <span class='ocrx_word' id='word_1_575' title='bbox 3675 3769 3733 3823; x_wconf 67' lang='grc' dir='ltr'><strong>δέ</strong></span> 
     </span>
    </p>
   </div>
   <div class='ocr_carea' id='block_1_80' title="bbox 2169 3853 3734 3932">
    <p class='ocr_par' dir='ltr' id='par_1_80' title="bbox 2169 3853 3734 3932">
     <span class='ocr_line' id='line_1_80' title="bbox 2169 3853 3734 3932; baseline 0 -20"><span class='ocrx_word' id='word_1_576' title='bbox 2169 3860 2444 3930; x_wconf 79' lang='grc' dir='ltr'>μείζονας,</span> <span class='ocrx_word' id='word_1_577' title='bbox 2477 3853 2551 3913; x_wconf 84' lang='grc' dir='ltr'>ὧν</span> <span class='ocrx_word' id='word_1_578' title='bbox 2584 3861 2786 3932; x_wconf 82' lang='grc' dir='ltr'>θατὲρα</span> <span class='ocrx_word' id='word_1_579' title='bbox 2839 3860 3066 3932; x_wconf 82' lang='grc' dir='ltr'>σεισμοῦ</span> <span class='ocrx_word' id='word_1_580' title='bbox 3102 3862 3351 3932; x_wconf 80' lang='grc' dir='ltr'>θυγάτηρ</span> <span class='ocrx_word' id='word_1_581' title='bbox 3383 3861 3734 3931; x_wconf 78' lang='grc' dir='ltr'>τολμήσαντα</span> 
     </span>
    </p>
   </div>
   <div class='ocr_carea' id='block_1_81' title="bbox 2166 3949 3736 4020">
    <p class='ocr_par' dir='ltr' id='par_1_81' title="bbox 2166 3949 3736 4020">
     <span class='ocr_line' id='line_1_81' title="bbox 2166 3949 3736 4020; baseline -0.001 -18"><span class='ocrx_word' id='word_1_582' title='bbox 2166 3950 2333 4017; x_wconf 83' lang='grc' dir='ltr'>φάναι</span> <span class='ocrx_word' id='word_1_583' title='bbox 2359 3966 2373 3981; x_wconf 86' lang='grc'><strong>·</strong></span> <span class='ocrx_word' id='word_1_584' title='bbox 2402 3949 2768 4018; x_wconf 81' lang='grc' dir='ltr'>ἐντεινάμενοι</span> <span class='ocrx_word' id='word_1_585' title='bbox 2797 3949 2854 4002; x_wconf 82' lang='grc' dir='ltr'><strong>δέ</strong></span> <span class='ocrx_word' id='word_1_586' title='bbox 2887 3955 2981 4002; x_wconf 71' lang='grc' dir='ltr'>καὶ</span> <span class='ocrx_word' id='word_1_587' title='bbox 3006 3953 3131 4012; x_wconf 80' lang='grc' dir='ltr'>τοὺς</span> <span class='ocrx_word' id='word_1_588' title='bbox 3159 3951 3258 4020; x_wconf 72' lang='grc' dir='ltr'>τὴν</span> <span class='ocrx_word' id='word_1_589' title='bbox 3287 3949 3736 4002; x_wconf 76' lang='grc' dir='ltr'>εὖεπιϐούλευτον</span> 
     </span>
    </p>
   </div>
   <div class='ocr_carea' id='block_1_82' title="bbox 2163 4040 3737 4112">
    <p class='ocr_par' dir='ltr' id='par_1_82' title="bbox 2163 4040 3737 4112">
     <span class='ocr_line' id='line_1_82' title="bbox 2163 4040 3737 4112; baseline -0.001 -18"><span class='ocrx_word' id='word_1_590' title='bbox 2163 4043 2372 4112; x_wconf 78' lang='grc' dir='ltr'>τάφρον</span> <span class='ocrx_word' id='word_1_591' title='bbox 2419 4041 2688 4111; x_wconf 82' lang='grc' dir='ltr'>συρφετοῦ</span> <span class='ocrx_word' id='word_1_592' title='bbox 2727 4040 3057 4112; x_wconf 86' lang='grc' dir='ltr'>πλήσοντας,</span> <span class='ocrx_word' id='word_1_593' title='bbox 3096 4041 3191 4093; x_wconf 75' lang='grc' dir='ltr'>καὶ</span> <span class='ocrx_word' id='word_1_594' title='bbox 3225 4045 3286 4094; x_wconf 81' lang='grc' dir='ltr'><strong>τὺ</strong></span> <span class='ocrx_word' id='word_1_595' title='bbox 3320 4042 3628 4112; x_wconf 79' lang='grc' dir='ltr'>περῐτειχος</span> <span class='ocrx_word' id='word_1_596' title='bbox 3676 4040 3737 4092; x_wconf 78' lang='grc' dir='ltr'>δὲ</span> 
     </span>
    </p>
   </div>
   <div class='ocr_carea' id='block_1_83' title="bbox 2167 4131 3740 4206">
    <p class='ocr_par' dir='ltr' id='par_1_83' title="bbox 2167 4131 3740 4206">
     <span class='ocr_line' id='line_1_83' title="bbox 2167 4131 3740 4206; baseline 0.001 -22"><span class='ocrx_word' id='word_1_597' title='bbox 2167 4134 2488 4185; x_wconf 80' lang='grc' dir='ltr'>κατασείσαι</span> <span class='ocrx_word' id='word_1_598' title='bbox 2520 4134 2748 4198; x_wconf 78' lang='grc' dir='ltr'>δεινοὺς,</span> <span class='ocrx_word' id='word_1_599' title='bbox 2783 4134 2877 4184; x_wconf 82' lang='grc' dir='ltr'>καὶ</span> <span class='ocrx_word' id='word_1_600' title='bbox 2925 4132 3001 4202; x_wconf 81' lang='grc' dir='ltr'>τῷ</span> <span class='ocrx_word' id='word_1_601' title='bbox 3041 4131 3210 4204; x_wconf 84' lang='grc' dir='ltr'>τειχει</span> <span class='ocrx_word' id='word_1_602' title='bbox 3251 4132 3600 4206; x_wconf 69' lang='grc' dir='ltr'>προσϐαλεῖν,</span> <span class='ocrx_word' id='word_1_603' title='bbox 3642 4132 3740 4185; x_wconf 80' lang='grc' dir='ltr'>καὶ</span> 
     </span>
    </p>
   </div>
   <div class='ocr_carea' id='block_1_84' title="bbox 2165 4222 3739 4293">
    <p class='ocr_par' dir='ltr' id='par_1_84' title="bbox 2165 4222 3739 4293">
     <span class='ocr_line' id='line_1_84' title="bbox 2165 4222 3739 4293; baseline -0.002 -18"><span class='ocrx_word' id='word_1_604' title='bbox 2165 4223 2410 4292; x_wconf 81' lang='grc' dir='ltr'>διορύξαι</span> <span class='ocrx_word' id='word_1_605' title='bbox 2449 4224 2581 4276; x_wconf 79' lang='grc' dir='ltr'>αὐτὸ</span> <span class='ocrx_word' id='word_1_606' title='bbox 2610 4227 2690 4284; x_wconf 74' lang='grc' dir='ltr'>εἰς</span> <span class='ocrx_word' id='word_1_607' title='bbox 2721 4227 3096 4290; x_wconf 79' lang='grc' dir='ltr'>κατάπτωσιν,</span> <span class='ocrx_word' id='word_1_608' title='bbox 3125 4225 3368 4293; x_wconf 74' lang='grc' dir='ltr'>ἐγίνοντο</span> <span class='ocrx_word' id='word_1_609' title='bbox 3397 4224 3502 4275; x_wconf 87' lang='grc' dir='ltr'>τῶν</span> <span class='ocrx_word' id='word_1_610' title='bbox 3536 4222 3739 4290; x_wconf 75' lang='grc' dir='ltr'>ἔργων,</span> 
     </span>
    </p>
   </div>
   <div class='ocr_carea' id='block_1_85' title="bbox 2169 4314 3745 4381">
    <p class='ocr_par' dir='ltr' id='par_1_85' title="bbox 2169 4314 3745 4381">
     <span class='ocr_line' id='line_1_85' title="bbox 2169 4314 3745 4381; baseline 0.002 -17"><span class='ocrx_word' id='word_1_611' title='bbox 2169 4315 2244 4374; x_wconf 74' lang='grc' dir='ltr'><strong>εἰς</strong></span> <span class='ocrx_word' id='word_1_612' title='bbox 2267 4315 2388 4366; x_wconf 86' lang='grc' dir='ltr'>ὅσον</span> <span class='ocrx_word' id='word_1_613' title='bbox 2410 4316 2692 4381; x_wconf 75' lang='grc' dir='ltr'>κραταιὸν,</span> <span class='ocrx_word' id='word_1_614' title='bbox 2720 4318 2812 4368; x_wconf 76' lang='grc' dir='ltr'>καὶ</span> <span class='ocrx_word' id='word_1_615' title='bbox 2837 4315 3130 4370; x_wconf 76' lang='grc' dir='ltr'>ἀκάθεκτοι</span> <span class='ocrx_word' id='word_1_616' title='bbox 3156 4314 3602 4381; x_wconf 72' lang='grc' dir='ltr'>κατειργάζοντο.</span> <span class='ocrx_word' id='word_1_617' title='bbox 3626 4314 3745 4365; x_wconf 66' lang='grc' dir='ltr'><strong>Καὶ</strong></span> 
     </span>
    </p>
   </div>
   <div class='ocr_carea' id='block_1_86' title="bbox 485 4392 2063 4476">
    <p class='ocr_par' dir='ltr' id='par_1_86' title="bbox 485 4392 2061 4476">
     <span class='ocr_line' id='line_1_86' title="bbox 485 4392 2061 4476; baseline -0.015 -10"><span class='ocrx_word' id='word_1_618' title='bbox 485 4428 575 4476; x_wconf 89' lang='lat' dir='ltr'><strong>ne,</strong></span> <span class='ocrx_word' id='word_1_619' title='bbox 603 4423 759 4462; x_wconf 84' lang='lat' dir='ltr'><strong>mane</strong></span> <span class='ocrx_word' id='word_1_620' title='bbox 781 4416 957 4458; x_wconf 90' lang='lat' dir='ltr'><strong>autem</strong></span> <span class='ocrx_word' id='word_1_621' title='bbox 991 4415 1118 4455; x_wconf 89' lang='lat' dir='ltr'><strong>acre</strong></span> <span class='ocrx_word' id='word_1_622' title='bbox 1139 4406 1414 4454; x_wconf 89' lang='lat' dir='ltr'><strong>certamen</strong></span> <span class='ocrx_word' id='word_1_623' title='bbox 1449 4396 1709 4450; x_wconf 83' lang='lat' dir='ltr'><strong>inierunt.</strong></span> <span class='ocrx_word' id='word_1_624' title='bbox 1729 4392 1918 4448; x_wconf 90' lang='lat' dir='ltr'><strong>Omnis</strong></span> <span class='ocrx_word' id='word_1_625' title='bbox 1937 4392 2061 4461; x_wconf 84' lang='lat' dir='ltr'><strong>qui-</strong></span> 
     </span>
    </p>
   </div>
   <div class='ocr_carea' id='block_1_87' title="bbox 2169 4392 3750 4476">
    <p class='ocr_par' dir='ltr' id='par_1_87' title="bbox 2169 4403 3750 4474">
     <span class='ocr_line' id='line_1_87' title="bbox 2169 4403 3750 4474; baseline 0.001 -22"><span class='ocrx_word' id='word_1_626' title='bbox 2169 4403 2499 4473; x_wconf 82' lang='grc' dir='ltr'>προέτρεχον</span> <span class='ocrx_word' id='word_1_627' title='bbox 2519 4403 2700 4466; x_wconf 83' lang='grc' dir='ltr'>αὐτοῖς</span> <span class='ocrx_word' id='word_1_628' title='bbox 2719 4405 2936 4458; x_wconf 83' lang='grc' dir='ltr'>πάντων</span> <span class='ocrx_word' id='word_1_629' title='bbox 2961 4405 3141 4474; x_wconf 79' lang='grc' dir='ltr'>συχνοὶ</span> <span class='ocrx_word' id='word_1_630' title='bbox 3163 4403 3569 4474; x_wconf 82' lang='grc' dir='ltr'>ἀκροϐολισμοί.</span> <span class='ocrx_word' id='word_1_631' title='bbox 3593 4403 3750 4472; x_wconf 77' lang='grc' dir='ltr'>Πρὸς</span> 
     </span>
    </p>
   </div>
   <div class='ocr_carea' id='block_1_88' title="bbox 484 4483 2064 4575">
    <p class='ocr_par' dir='ltr' id='par_1_88' title="bbox 484 4483 2064 4575">
     <span class='ocr_line' id='line_1_88' title="bbox 484 4483 2064 4575; baseline -0.018 -14"><span class='ocrx_word' id='word_1_632' title='bbox 484 4507 606 4560; x_wconf 84' lang='lat' dir='ltr'><strong>dein</strong></span> <span class='ocrx_word' id='word_1_633' title='bbox 640 4517 766 4575; x_wconf 87' lang='lat' dir='ltr'><strong>pars</strong></span> <span class='ocrx_word' id='word_1_634' title='bbox 793 4493 1151 4552; x_wconf 82' lang='lat' dir='ltr'><strong>occidentalis</strong></span> <span class='ocrx_word' id='word_1_635' title='bbox 1190 4487 1662 4560; x_wconf 72' lang='lat' dir='ltr'><strong>comprehenderis</strong></span> <span class='ocrx_word' id='word_1_636' title='bbox 1713 4494 1888 4538; x_wconf 88' lang='lat' dir='ltr'><strong>totum</strong></span> <span class='ocrx_word' id='word_1_637' title='bbox 1949 4483 2064 4538; x_wconf 85' lang='lat' dir='ltr'><strong>cir-</strong></span> 
     </span>
    </p>
   </div>
   <div class='ocr_carea' id='block_1_89' title="bbox 486 4571 2064 4660">
    <p class='ocr_par' dir='ltr' id='par_1_89' title="bbox 486 4571 2064 4660">
     <span class='ocr_line' id='line_1_89' title="bbox 486 4571 2064 4660; baseline -0.016 -8"><span class='ocrx_word' id='word_1_638' title='bbox 486 4571 693 4652; x_wconf 70' lang='lat' dir='ltr'><strong>cuituin</strong></span> <span class='ocrx_word' id='word_1_639' title='bbox 751 4591 895 4644; x_wconf 89' lang='lat' dir='ltr'><strong>arcis</strong></span> <span class='ocrx_word' id='word_1_640' title='bbox 937 4587 1013 4660; x_wconf 92' lang='lat' dir='ltr'><strong>(in</strong></span> <span class='ocrx_word' id='word_1_641' title='bbox 1059 4585 1277 4639; x_wconf 90' lang='lat' dir='ltr'><strong>modum</strong></span> <span class='ocrx_word' id='word_1_642' title='bbox 1315 4584 1460 4636; x_wconf 90' lang='lat' dir='ltr'><strong>enim</strong></span> <span class='ocrx_word' id='word_1_643' title='bbox 1522 4577 1678 4632; x_wconf 89' lang='lat' dir='ltr'><strong>falcis</strong></span> <span class='ocrx_word' id='word_1_644' title='bbox 1729 4591 1757 4628; x_wconf 94' lang='lat' dir='ltr'><strong>a</strong></span> <span class='ocrx_word' id='word_1_645' title='bbox 1809 4573 1945 4628; x_wconf 91' lang='lat' dir='ltr'><strong>mari</strong></span> <span class='ocrx_word' id='word_1_646' title='bbox 1995 4571 2064 4626; x_wconf 87' lang='lat' dir='ltr'><strong>ad</strong></span> 
     </span>
    </p>
   </div>
   <div class='ocr_carea' id='block_1_90' title="bbox 488 4668 2063 4760">
    <p class='ocr_par' dir='ltr' id='par_1_90' title="bbox 488 4668 2063 4760">
     <span class='ocr_line' id='line_1_90' title="bbox 488 4668 2063 4760; baseline -0.017 -15"><span class='ocrx_word' id='word_1_647' title='bbox 488 4701 675 4760; x_wconf 84' lang='lat' dir='ltr'><strong>portas</strong></span> <span class='ocrx_word' id='word_1_648' title='bbox 711 4688 797 4741; x_wconf 92' lang='lat' dir='ltr'><strong>hic</strong></span> <span class='ocrx_word' id='word_1_649' title='bbox 827 4686 962 4738; x_wconf 88' lang='lat' dir='ltr'><strong>sitas</strong></span> <span class='ocrx_word' id='word_1_650' title='bbox 991 4693 1156 4751; x_wconf 84' lang='lat' dir='ltr'><strong>opera</strong></span> <span class='ocrx_word' id='word_1_651' title='bbox 1185 4675 1415 4730; x_wconf 89' lang='lat' dir='ltr'><strong>turrium</strong></span> <span class='ocrx_word' id='word_1_652' title='bbox 1451 4674 1717 4744; x_wconf 88' lang='lat' dir='ltr'><strong>producta</strong></span> <span class='ocrx_word' id='word_1_653' title='bbox 1740 4668 1927 4738; x_wconf 92' lang='lat' dir='ltr'><strong>erant)</strong></span> <span class='ocrx_word' id='word_1_654' title='bbox 1954 4680 2063 4720; x_wconf 90' lang='lat' dir='ltr'><strong>non</strong></span> 
     </span>
    </p>
   </div>
   <div class='ocr_carea' id='block_1_91' title="bbox 433 4766 2064 4840">
    <p class='ocr_par' dir='ltr' id='par_1_91' title="bbox 433 4766 2064 4840">
     <span class='ocr_line' id='line_1_91' title="bbox 433 4766 2064 4840; baseline -0.017 -2"><span class='ocrx_word' id='word_1_655' title='bbox 433 4836 435 4838; x_wconf 80' lang='lat'><strong>.</strong></span> <span class='ocrx_word' id='word_1_656' title='bbox 488 4778 842 4840; x_wconf 82' lang='lat' dir='ltr'><strong>sollicitudini</strong></span> <span class='ocrx_word' id='word_1_657' title='bbox 883 4776 984 4830; x_wconf 88' lang='lat' dir='ltr'><strong>fuit</strong></span> <span class='ocrx_word' id='word_1_658' title='bbox 1027 4774 1182 4827; x_wconf 84' lang='lat' dir='ltr'><strong>nobis</strong></span> <span class='ocrx_word' id='word_1_659' title='bbox 1220 4779 1273 4822; x_wconf 89' lang='lat' dir='ltr'><strong>et</strong></span> <span class='ocrx_word' id='word_1_660' title='bbox 1304 4775 1419 4822; x_wconf 88' lang='lat' dir='ltr'><strong>tuta</strong></span> <span class='ocrx_word' id='word_1_661' title='bbox 1477 4766 1679 4819; x_wconf 89' lang='lat' dir='ltr'><strong>mansit</strong></span> <span class='ocrx_word' id='word_1_662' title='bbox 1712 4777 1728 4828; x_wconf 88' lang='lat'><strong>;</strong></span> <span class='ocrx_word' id='word_1_663' title='bbox 1767 4776 1892 4832; x_wconf 88' lang='lat' dir='ltr'><strong>pars</strong></span> <span class='ocrx_word' id='word_1_664' title='bbox 1935 4772 2064 4813; x_wconf 90' lang='lat' dir='ltr'><strong>vero</strong></span> 
     </span>
    </p>
   </div>
   <div class='ocr_carea' id='block_1_92' title="bbox 487 4852 2063 4934">
    <p class='ocr_par' dir='ltr' id='par_1_92' title="bbox 487 4852 2063 4934">
     <span class='ocr_line' id='line_1_92' title="bbox 487 4852 2063 4934; baseline -0.017 -3"><span class='ocrx_word' id='word_1_665' title='bbox 487 4875 770 4931; x_wconf 86' lang='lat' dir='ltr'><strong>orientalis</strong></span> <span class='ocrx_word' id='word_1_666' title='bbox 834 4883 1050 4925; x_wconf 87' lang='lat' dir='ltr'><strong>onmem</strong></span> <span class='ocrx_word' id='word_1_667' title='bbox 1117 4867 1375 4934; x_wconf 85' lang='lat' dir='ltr'><strong>impetum</strong></span> <span class='ocrx_word' id='word_1_668' title='bbox 1453 4858 1742 4914; x_wconf 68' lang='lat' dir='ltr'><strong>sustinuit.</strong></span> <span class='ocrx_word' id='word_1_669' title='bbox 1795 4852 2063 4908; x_wconf 87' lang='lat' dir='ltr'><strong>Fervebat</strong></span> 
     </span>
    </p>
   </div>
   <div class='ocr_carea' id='block_1_93' title="bbox 489 4949 2062 5040">
    <p class='ocr_par' dir='ltr' id='par_1_93' title="bbox 489 4949 2062 5040">
     <span class='ocr_line' id='line_1_93' title="bbox 489 4949 2062 5040; baseline -0.017 -18"><span class='ocrx_word' id='word_1_670' title='bbox 489 4985 668 5040; x_wconf 78' lang='lat' dir='ltr'><strong>pugna</strong></span> <span class='ocrx_word' id='word_1_671' title='bbox 705 4968 759 5018; x_wconf 90' lang='lat' dir='ltr'><strong>in</strong></span> <span class='ocrx_word' id='word_1_672' title='bbox 802 4964 982 5018; x_wconf 85' lang='lat' dir='ltr'><strong>littore</strong></span> <span class='ocrx_word' id='word_1_673' title='bbox 1027 4958 1214 5021; x_wconf 86' lang='lat' dir='ltr'><strong>maris,</strong></span> <span class='ocrx_word' id='word_1_674' title='bbox 1257 4951 1659 5024; x_wconf 88' lang='lat' dir='ltr'><strong>primum,quia</strong></span> <span class='ocrx_word' id='word_1_675' title='bbox 1701 4949 1817 5001; x_wconf 91' lang='lat' dir='ltr'><strong>loca</strong></span> <span class='ocrx_word' id='word_1_676' title='bbox 1871 4951 2062 4999; x_wconf 82' lang='lat' dir='ltr'><strong>contra</strong></span> 
     </span>
    </p>
   </div>
   <div class='ocr_carea' id='block_1_94' title="bbox 492 5039 2064 5118">
    <p class='ocr_par' dir='ltr' id='par_1_94' title="bbox 492 5039 2064 5118">
     <span class='ocr_line' id='line_1_94' title="bbox 492 5039 2064 5118; baseline -0.016 -4"><span class='ocrx_word' id='word_1_677' title='bbox 492 5039 681 5116; x_wconf 85' lang='lat' dir='ltr'><strong>muros</strong></span> <span class='ocrx_word' id='word_1_678' title='bbox 715 5056 862 5110; x_wconf 88' lang='lat' dir='ltr'><strong>sicca</strong></span> <span class='ocrx_word' id='word_1_679' title='bbox 929 5053 1268 5118; x_wconf 87' lang='lat' dir='ltr'><strong>reliquerant</strong></span> <span class='ocrx_word' id='word_1_680' title='bbox 1301 5062 1456 5114; x_wconf 79' lang='lat' dir='ltr'><strong>aqua:</strong></span> <span class='ocrx_word' id='word_1_681' title='bbox 1489 5042 1677 5104; x_wconf 85' lang='lat' dir='ltr'><strong>maris,</strong></span> <span class='ocrx_word' id='word_1_682' title='bbox 1711 5039 1886 5095; x_wconf 68' lang='lat' dir='ltr'><strong>aestivi</strong></span> <span class='ocrx_word' id='word_1_683' title='bbox 1925 5047 2064 5090; x_wconf 67' lang='lat' dir='ltr'><strong>tem~</strong></span> 
     </span>
    </p>
   </div>
   <div class='ocr_carea' id='block_1_95' title="bbox 490 5139 2066 5224">
    <p class='ocr_par' dir='ltr' id='par_1_95' title="bbox 490 5139 2066 5224">
     <span class='ocr_line' id='line_1_95' title="bbox 490 5139 2066 5224; baseline -0.016 -17"><span class='ocrx_word' id='word_1_684' title='bbox 490 5153 641 5224; x_wconf 88' lang='lat' dir='ltr'><strong>poris</strong></span> <span class='ocrx_word' id='word_1_685' title='bbox 672 5162 858 5209; x_wconf 81' lang='lat' dir='ltr'><strong>causa,</strong></span> <span class='ocrx_word' id='word_1_686' title='bbox 889 5145 1140 5212; x_wconf 86' lang='lat' dir='ltr'><strong>quodque</strong></span> <span class='ocrx_word' id='word_1_687' title='bbox 1189 5155 1338 5193; x_wconf 87' lang='lat' dir='ltr'><strong>mare</strong></span> <span class='ocrx_word' id='word_1_688' title='bbox 1385 5139 1606 5207; x_wconf 86' lang='lat' dir='ltr'><strong>plenum</strong></span> <span class='ocrx_word' id='word_1_689' title='bbox 1651 5149 1760 5188; x_wconf 92' lang='lat' dir='ltr'><strong>non</strong></span> <span class='ocrx_word' id='word_1_690' title='bbox 1826 5141 1944 5186; x_wconf 89' lang='lat' dir='ltr'><strong>erat</strong></span> <span class='ocrx_word' id='word_1_691' title='bbox 1973 5143 2066 5184; x_wconf 91' lang='lat' dir='ltr'><strong>us-</strong></span> 
     </span>
    </p>
   </div>
   <div class='ocr_carea' id='block_1_96' title="bbox 489 5221 2061 5314">
    <p class='ocr_par' dir='ltr' id='par_1_96' title="bbox 489 5221 2061 5314">
     <span class='ocr_line' id='line_1_96' title="bbox 489 5221 2061 5314; baseline -0.015 -17"><span class='ocrx_word' id='word_1_692' title='bbox 489 5221 596 5314; x_wconf 80' lang='lat' dir='ltr'><strong>que</strong></span> <span class='ocrx_word' id='word_1_693' title='bbox 625 5239 690 5294; x_wconf 91' lang='lat' dir='ltr'><strong>ad</strong></span> <span class='ocrx_word' id='word_1_694' title='bbox 732 5235 1062 5290; x_wconf 86' lang='lat' dir='ltr'><strong>munitiones</strong></span> <span class='ocrx_word' id='word_1_695' title='bbox 1083 5271 1097 5295; x_wconf 95' lang='lat'><strong>,</strong></span> <span class='ocrx_word' id='word_1_696' title='bbox 1135 5232 1206 5285; x_wconf 88' lang='lat' dir='ltr'><strong>ita</strong></span> <span class='ocrx_word' id='word_1_697' title='bbox 1241 5237 1302 5283; x_wconf 94' lang='lat' dir='ltr'><strong>ut</strong></span> <span class='ocrx_word' id='word_1_698' title='bbox 1332 5227 1567 5297; x_wconf 84' lang='lat' dir='ltr'><strong>spatium</strong></span> <span class='ocrx_word' id='word_1_699' title='bbox 1619 5222 1823 5314; x_wconf 68' lang='lat' dir='ltr'><strong>grande</strong></span> <span class='ocrx_word' id='word_1_700' title='bbox 1846 5221 2061 5314; x_wconf 36' lang='lat' dir='ltr'><strong>adhpu-</strong></span> 
     </span>
    </p>
   </div>
   <div class='ocr_carea' id='block_1_97' title="bbox 490 5310 2064 5404">
    <p class='ocr_par' dir='ltr' id='par_1_97' title="bbox 490 5310 2064 5404">
     <span class='ocr_line' id='line_1_97' title="bbox 490 5310 2064 5404; baseline -0.015 -17"><span class='ocrx_word' id='word_1_701' title='bbox 490 5310 652 5404; x_wconf 59' lang='grc' dir='ltr'>έιιιιιιί</span> <span class='ocrx_word' id='word_1_702' title='bbox 691 5329 798 5383; x_wconf 89' lang='lat' dir='ltr'><strong>illis</strong></span> <span class='ocrx_word' id='word_1_703' title='bbox 839 5325 1086 5380; x_wconf 88' lang='lat' dir='ltr'><strong>relictum</strong></span> <span class='ocrx_word' id='word_1_704' title='bbox 1142 5320 1335 5374; x_wconf 86' lang='lat' dir='ltr'><strong>fuisset</strong></span> <span class='ocrx_word' id='word_1_705' title='bbox 1361 5332 1388 5369; x_wconf 87' lang='lat' dir='ltr'><strong>a</strong></span> <span class='ocrx_word' id='word_1_706' title='bbox 1418 5315 1689 5369; x_wconf 75' lang='lat' dir='ltr'><strong>mteuihus</strong></span> <span class='ocrx_word' id='word_1_707' title='bbox 1732 5310 2064 5404; x_wconf 82' lang='lat' dir='ltr'><strong>littoralibus</strong></span> 
     </span>
    </p>
   </div>
   <div class='ocr_carea' id='block_1_98' title="bbox 491 5402 2061 5494">
    <p class='ocr_par' dir='ltr' id='par_1_98' title="bbox 491 5402 2061 5494">
     <span class='ocr_line' id='line_1_98' title="bbox 491 5402 2061 5494; baseline -0.016 -13"><span class='ocrx_word' id='word_1_708' title='bbox 491 5402 657 5494; x_wconf 74' lang='lat' dir='ltr'><strong>atque</strong></span> <span class='ocrx_word' id='word_1_709' title='bbox 673 5423 741 5477; x_wconf 82' lang='lat' dir='ltr'><strong>ab</strong></span> <span class='ocrx_word' id='word_1_710' title='bbox 766 5431 1018 5489; x_wconf 67' lang='lat' dir='ltr'><strong>aequore;</strong></span> <span class='ocrx_word' id='word_1_711' title='bbox 1049 5423 1156 5467; x_wconf 93' lang='lat' dir='ltr'><strong>tum</strong></span> <span class='ocrx_word' id='word_1_712' title='bbox 1175 5411 1299 5480; x_wconf 89' lang='lat' dir='ltr'><strong>quia</strong></span> <span class='ocrx_word' id='word_1_713' title='bbox 1324 5406 1499 5462; x_wconf 88' lang='lat' dir='ltr'><strong>Latini</strong></span> <span class='ocrx_word' id='word_1_714' title='bbox 1521 5408 1589 5459; x_wconf 87' lang='lat' dir='ltr'><strong>ob</strong></span> <span class='ocrx_word' id='word_1_715' title='bbox 1615 5405 1860 5476; x_wconf 88' lang='lat' dir='ltr'><strong>peritiam</strong></span> <span class='ocrx_word' id='word_1_716' title='bbox 1885 5402 2061 5494; x_wconf 84' lang='lat' dir='ltr'><strong>quain</strong></span> 
     </span>
    </p>
   </div>
   <div class='ocr_carea' id='block_1_99' title="bbox 490 5493 2062 5585">
    <p class='ocr_par' dir='ltr' id='par_1_99' title="bbox 490 5493 2062 5585">
     <span class='ocr_line' id='line_1_99' title="bbox 490 5493 2062 5585; baseline -0.013 -16"><span class='ocrx_word' id='word_1_717' title='bbox 490 5493 632 5569; x_wconf 84' lang='lat' dir='ltr'><strong>bello</strong></span> <span class='ocrx_word' id='word_1_718' title='bbox 664 5512 939 5585; x_wconf 86' lang='lat' dir='ltr'><strong>pollebant</strong></span> <span class='ocrx_word' id='word_1_719' title='bbox 968 5506 1060 5561; x_wconf 90' lang='lat' dir='ltr'><strong>hic</strong></span> <span class='ocrx_word' id='word_1_720' title='bbox 1098 5504 1270 5570; x_wconf 80' lang='lat' dir='ltr'><strong>magis</strong></span> <span class='ocrx_word' id='word_1_721' title='bbox 1297 5499 1600 5569; x_wconf 78' lang='lat' dir='ltr'><strong>urgendum</strong></span> <span class='ocrx_word' id='word_1_722' title='bbox 1635 5499 1902 5550; x_wconf 84' lang='lat' dir='ltr'><strong>viderant.</strong></span> <span class='ocrx_word' id='word_1_723' title='bbox 1936 5493 2062 5548; x_wconf 91' lang='lat' dir='ltr'><strong>Inde</strong></span> 
     </span>
    </p>
   </div>
   <div class='ocr_carea' id='block_1_100' title="bbox 492 5589 2060 5668">
    <p class='ocr_par' dir='ltr' id='par_1_100' title="bbox 492 5589 2060 5668">
     <span class='ocr_line' id='line_1_100' title="bbox 492 5589 2060 5668; baseline -0.014 -12"><span class='ocrx_word' id='word_1_724' title='bbox 492 5607 638 5656; x_wconf 89' lang='lat' dir='ltr'><strong>enim</strong></span> <span class='ocrx_word' id='word_1_725' title='bbox 665 5604 893 5668; x_wconf 67' lang='lat' dir='ltr'><strong>cognovi</strong></span> <span class='ocrx_word' id='word_1_726' title='bbox 927 5600 1154 5654; x_wconf 89' lang='lat' dir='ltr'><strong>multum</strong></span> <span class='ocrx_word' id='word_1_727' title='bbox 1188 5593 1428 5664; x_wconf 88' lang='lat' dir='ltr'><strong>potuisse</strong></span> <span class='ocrx_word' id='word_1_728' title='bbox 1456 5589 1650 5644; x_wconf 69' lang='lat' dir='ltr'><strong>laedere</strong></span> <span class='ocrx_word' id='word_1_729' title='bbox 1678 5603 1800 5652; x_wconf 85' lang='lat' dir='ltr'><strong>nos,</strong></span> <span class='ocrx_word' id='word_1_730' title='bbox 1823 5606 1888 5643; x_wconf 85' lang='lat' dir='ltr'><strong>eo</strong></span> <span class='ocrx_word' id='word_1_731' title='bbox 1917 5591 2060 5655; x_wconf 76' lang='lat' dir='ltr'><strong>quod</strong></span> 
     </span>
    </p>
   </div>
   <div class='ocr_carea' id='block_1_101' title="bbox 495 5683 2056 5764">
    <p class='ocr_par' dir='ltr' id='par_1_101' title="bbox 495 5683 2056 5764">
     <span class='ocr_line' id='line_1_101' title="bbox 495 5683 2056 5764; baseline -0.007 -17"><span class='ocrx_word' id='word_1_732' title='bbox 495 5694 727 5755; x_wconf 79' lang='lat' dir='ltr'><strong>primum</strong></span> <span class='ocrx_word' id='word_1_733' title='bbox 773 5707 1096 5764; x_wconf 87' lang='lat' dir='ltr'><strong>permanere</strong></span> <span class='ocrx_word' id='word_1_734' title='bbox 1123 5685 1217 5743; x_wconf 87' lang='lat' dir='ltr'><strong>diu</strong></span> <span class='ocrx_word' id='word_1_735' title='bbox 1265 5693 1541 5757; x_wconf 86' lang='lat' dir='ltr'><strong>poterant,</strong></span> <span class='ocrx_word' id='word_1_736' title='bbox 1597 5699 1722 5736; x_wconf 82' lang='lat' dir='ltr'><strong>cum</strong></span> <span class='ocrx_word' id='word_1_737' title='bbox 1748 5683 1904 5737; x_wconf 85' lang='lat' dir='ltr'><strong>littus</strong></span> <span class='ocrx_word' id='word_1_738' title='bbox 1955 5684 2056 5736; x_wconf 89' lang='lat' dir='ltr'><strong>hoc</strong></span> 
     </span>
    </p>
   </div>
   <div class='ocr_carea' id='block_1_102' title="bbox 2167 4492 3750 4565">
    <p class='ocr_par' dir='ltr' id='par_1_102' title="bbox 2167 4492 3750 4565">
     <span class='ocr_line' id='line_1_102' title="bbox 2167 4492 3750 4565; baseline 0.001 -20"><span class='ocrx_word' id='word_1_739' title='bbox 2167 4492 2347 4562; x_wconf 80' lang='grc' dir='ltr'>δείλην</span> <span class='ocrx_word' id='word_1_740' title='bbox 2375 4497 2484 4563; x_wconf 77' lang='grc' dir='ltr'><strong>γάρ</strong></span> <span class='ocrx_word' id='word_1_741' title='bbox 2510 4496 2873 4565; x_wconf 83' lang='grc' dir='ltr'>κατασχόντες</span> <span class='ocrx_word' id='word_1_742' title='bbox 2901 4496 2998 4560; x_wconf 73' lang='grc' dir='ltr'><strong>τὰς</strong></span> <span class='ocrx_word' id='word_1_743' title='bbox 3033 4495 3164 4558; x_wconf 86' lang='grc' dir='ltr'>ναῦς</span> <span class='ocrx_word' id='word_1_744' title='bbox 3197 4498 3280 4557; x_wconf 81' lang='grc' dir='ltr'><strong>εἱς</strong></span> <span class='ocrx_word' id='word_1_745' title='bbox 3321 4494 3533 4564; x_wconf 80' lang='grc' dir='ltr'>αῦριον,</span> <span class='ocrx_word' id='word_1_746' title='bbox 3563 4493 3750 4546; x_wconf 73' lang='grc' dir='ltr'>ἕωθεν</span> 
     </span>
    </p>
   </div>
   <div class='ocr_carea' id='block_1_103' title="bbox 2169 4582 3754 4656">
    <p class='ocr_par' dir='ltr' id='par_1_103' title="bbox 2169 4582 3754 4656">
     <span class='ocr_line' id='line_1_103' title="bbox 2169 4582 3754 4656; baseline 0.003 -21"><span class='ocrx_word' id='word_1_747' title='bbox 2169 4582 2348 4654; x_wconf 85' lang='grc' dir='ltr'>μάχης</span> <span class='ocrx_word' id='word_1_748' title='bbox 2383 4588 2654 4655; x_wconf 81' lang='grc' dir='ltr'>κρατερᾶς</span> <span class='ocrx_word' id='word_1_749' title='bbox 2705 4587 3020 4656; x_wconf 77' lang='grc' dir='ltr'>ἐνήρξαντο.</span> <span class='ocrx_word' id='word_1_750' title='bbox 3055 4587 3163 4639; x_wconf 80' lang='grc' dir='ltr'><strong>Καὶ</strong></span> <span class='ocrx_word' id='word_1_751' title='bbox 3209 4585 3270 4637; x_wconf 82' lang='grc' dir='ltr'>τὸ</span> <span class='ocrx_word' id='word_1_752' title='bbox 3326 4585 3426 4654; x_wconf 82' lang='grc' dir='ltr'>μὲν</span> <span class='ocrx_word' id='word_1_753' title='bbox 3472 4583 3754 4651; x_wconf 78' lang='grc' dir='ltr'>δυσμικὸν</span> 
     </span>
    </p>
   </div>
   <div class='ocr_carea' id='block_1_104' title="bbox 2165 4674 3756 4746">
    <p class='ocr_par' dir='ltr' id='par_1_104' title="bbox 2165 4674 3756 4746">
     <span class='ocr_line' id='line_1_104' title="bbox 2165 4674 3756 4746; baseline -0.001 -18"><span class='ocrx_word' id='word_1_754' title='bbox 2165 4674 2312 4728; x_wconf 72' lang='grc' dir='ltr'>ἅπαν</span> <span class='ocrx_word' id='word_1_755' title='bbox 2345 4677 2449 4735; x_wconf 81' lang='grc' dir='ltr'>ἓως</span> <span class='ocrx_word' id='word_1_756' title='bbox 2501 4677 2594 4729; x_wconf 79' lang='grc' dir='ltr'>καὶ</span> <span class='ocrx_word' id='word_1_757' title='bbox 2626 4677 2707 4739; x_wconf 76' lang='grc' dir='ltr'>εἰς</span> <span class='ocrx_word' id='word_1_758' title='bbox 2751 4677 2873 4730; x_wconf 87' lang='grc' dir='ltr'>ὅλον</span> <span class='ocrx_word' id='word_1_759' title='bbox 2918 4678 2978 4731; x_wconf 81' lang='grc' dir='ltr'>τὸ</span> <span class='ocrx_word' id='word_1_760' title='bbox 3015 4677 3202 4746; x_wconf 85' lang='grc' dir='ltr'>κύκλῳ</span> <span class='ocrx_word' id='word_1_761' title='bbox 3239 4675 3339 4744; x_wconf 82' lang='grc' dir='ltr'>τῆς</span> <span class='ocrx_word' id='word_1_762' title='bbox 3385 4674 3756 4744; x_wconf 83' lang='grc' dir='ltr'>ἀκροπόλεως</span> 
     </span>
    </p>
   </div>
   <div class='ocr_carea' id='block_1_105' title="bbox 2167 4767 3760 4842">
    <p class='ocr_par' dir='ltr' id='par_1_105' title="bbox 2167 4767 3760 4842">
     <span class='ocr_line' id='line_1_105' title="bbox 2167 4767 3760 4842; baseline 0.002 -23"><span class='ocrx_word' id='word_1_763' title='bbox 2167 4767 2331 4838; x_wconf 82' lang='grc' dir='ltr'>(κατὰ</span> <span class='ocrx_word' id='word_1_764' title='bbox 2360 4771 2544 4840; x_wconf 80' lang='grc' dir='ltr'>σχῆμα</span> <span class='ocrx_word' id='word_1_765' title='bbox 2565 4768 2675 4842; x_wconf 84' lang='grc' dir='ltr'><strong>γάρ</strong></span> <span class='ocrx_word' id='word_1_766' title='bbox 2699 4787 2752 4822; x_wconf 89' lang='grc' dir='ltr'><strong>τι</strong></span> <span class='ocrx_word' id='word_1_767' title='bbox 2785 4769 3054 4841; x_wconf 87' lang='grc' dir='ltr'>δρεπάνου</span> <span class='ocrx_word' id='word_1_768' title='bbox 3091 4773 3155 4823; x_wconf 86' lang='grc' dir='ltr'>ὲκ</span> <span class='ocrx_word' id='word_1_769' title='bbox 3189 4768 3463 4836; x_wconf 84' lang='grc' dir='ltr'>θαλάσσης</span> <span class='ocrx_word' id='word_1_770' title='bbox 3495 4767 3602 4830; x_wconf 75' lang='grc' dir='ltr'>ἕως</span> <span class='ocrx_word' id='word_1_771' title='bbox 3638 4769 3760 4822; x_wconf 77' lang='grc' dir='ltr'>καὶ</span> 
     </span>
    </p>
   </div>
   <div class='ocr_carea' id='block_1_106' title="bbox 2166 4857 3760 4933">
    <p class='ocr_par' dir='ltr' id='par_1_106' title="bbox 2166 4857 3760 4933">
     <span class='ocr_line' id='line_1_106' title="bbox 2166 4857 3760 4933; baseline 0.001 -21"><span class='ocrx_word' id='word_1_772' title='bbox 2166 4859 2272 4912; x_wconf 84' lang='grc' dir='ltr'>τῶν</span> <span class='ocrx_word' id='word_1_773' title='bbox 2296 4859 2476 4912; x_wconf 88' lang='grc' dir='ltr'>ἐκεῖσε</span> <span class='ocrx_word' id='word_1_774' title='bbox 2527 4859 2710 4913; x_wconf 85' lang='grc' dir='ltr'>πυλῶν</span> <span class='ocrx_word' id='word_1_775' title='bbox 2755 4862 3052 4931; x_wconf 85' lang='grc' dir='ltr'>περιήγετο</span> <span class='ocrx_word' id='word_1_776' title='bbox 3085 4858 3426 4933; x_wconf 86' lang='grc' dir='ltr'>πυργηροῦν)</span> <span class='ocrx_word' id='word_1_777' title='bbox 3460 4859 3559 4928; x_wconf 84' lang='grc' dir='ltr'>οὐχ</span> <span class='ocrx_word' id='word_1_778' title='bbox 3591 4857 3760 4914; x_wconf 80' lang='grc' dir='ltr'>οὔτω</span> 
     </span>
    </p>
   </div>
   <div class='ocr_carea' id='block_1_107' title="bbox 2166 4947 3754 5020">
    <p class='ocr_par' dir='ltr' id='par_1_107' title="bbox 2166 4947 3754 5020">
     <span class='ocr_line' id='line_1_107' title="bbox 2166 4947 3754 5020; baseline -0.001 -18"><span class='ocrx_word' id='word_1_779' title='bbox 2166 4949 2469 5019; x_wconf 84' lang='grc' dir='ltr'>πράγματα</span> <span class='ocrx_word' id='word_1_780' title='bbox 2500 4951 2633 5020; x_wconf 76' lang='grc' dir='ltr'>ἡμῖν</span> <span class='ocrx_word' id='word_1_781' title='bbox 2667 4954 2951 5020; x_wconf 81' lang='grc' dir='ltr'>παρεῖχεν,</span> <span class='ocrx_word' id='word_1_782' title='bbox 2975 4950 3098 5004; x_wconf 70' lang='grc' dir='ltr'>οὔτε</span> <span class='ocrx_word' id='word_1_783' title='bbox 3126 4949 3418 5020; x_wconf 86' lang='grc' dir='ltr'>τραύματα</span> <span class='ocrx_word' id='word_1_784' title='bbox 3450 4947 3708 5017; x_wconf 79' lang='grc' dir='ltr'>ἐνέτριϐε</span> <span class='ocrx_word' id='word_1_785' title='bbox 3731 4965 3754 4982; x_wconf 70' lang='grc' dir='ltr'><strong>ο</strong></span> 
     </span>
    </p>
   </div>
   <div class='ocr_carea' id='block_1_108' title="bbox 2163 5037 3765 5112">
    <p class='ocr_par' dir='ltr' id='par_1_108' title="bbox 2163 5037 3765 5112">
     <span class='ocr_line' id='line_1_108' title="bbox 2163 5037 3765 5112; baseline -0.004 -19"><span class='ocrx_word' id='word_1_786' title='bbox 2163 5041 2225 5093; x_wconf 61' lang='grc' dir='ltr'>τὸ</span> <span class='ocrx_word' id='word_1_787' title='bbox 2255 5040 2310 5094; x_wconf 64' lang='grc' dir='ltr'>δὲ</span> <span class='ocrx_word' id='word_1_788' title='bbox 2340 5041 2398 5106; x_wconf 78' lang='grc' dir='ltr'>ἐξ</span> <span class='ocrx_word' id='word_1_789' title='bbox 2431 5041 2694 5111; x_wconf 81' lang='grc' dir='ltr'>ἀνατολῆς</span> <span class='ocrx_word' id='word_1_790' title='bbox 2723 5041 3030 5112; x_wconf 83' lang='grc' dir='ltr'>ἐθηριοῦτο.</span> <span class='ocrx_word' id='word_1_791' title='bbox 3065 5037 3175 5094; x_wconf 83' lang='grc' dir='ltr'>Ἤν</span> <span class='ocrx_word' id='word_1_792' title='bbox 3197 5041 3258 5094; x_wconf 84' lang='grc' dir='ltr'><strong>δέ</strong></span> <span class='ocrx_word' id='word_1_793' title='bbox 3306 5041 3487 5109; x_wconf 83' lang='grc' dir='ltr'>μάχης</span> <span class='ocrx_word' id='word_1_794' title='bbox 3516 5037 3765 5092; x_wconf 82' lang='grc' dir='ltr'>ἐλεύθε-</span> 
     </span>
    </p>
   </div>
   <div class='ocr_carea' id='block_1_109' title="bbox 2171 5131 3765 5202">
    <p class='ocr_par' dir='ltr' id='par_1_109' title="bbox 2171 5131 3765 5202">
     <span class='ocr_line' id='line_1_109' title="bbox 2171 5131 3765 5202; baseline 0.003 -20"><span class='ocrx_word' id='word_1_795' title='bbox 2171 5149 2263 5202; x_wconf 89' lang='grc' dir='ltr'><strong>ρον</strong></span> <span class='ocrx_word' id='word_1_796' title='bbox 2289 5131 2348 5184; x_wconf 84' lang='grc' dir='ltr'>τὸ</span> <span class='ocrx_word' id='word_1_797' title='bbox 2383 5132 2646 5200; x_wconf 82' lang='grc' dir='ltr'>παράλιον</span> <span class='ocrx_word' id='word_1_798' title='bbox 2683 5133 2823 5195; x_wconf 85' lang='grc' dir='ltr'>ὅλον,</span> <span class='ocrx_word' id='word_1_799' title='bbox 2882 5133 2943 5185; x_wconf 82' lang='grc' dir='ltr'><strong>τὸ</strong></span> <span class='ocrx_word' id='word_1_800' title='bbox 2995 5134 3116 5201; x_wconf 85' lang='grc' dir='ltr'>μὲν,</span> <span class='ocrx_word' id='word_1_801' title='bbox 3148 5134 3231 5185; x_wconf 83' lang='grc' dir='ltr'><strong>ὅτι</strong></span> <span class='ocrx_word' id='word_1_802' title='bbox 3266 5132 3396 5202; x_wconf 75' lang='grc' dir='ltr'>ψιλά</span> <span class='ocrx_word' id='word_1_803' title='bbox 3441 5131 3765 5187; x_wconf 80' lang='grc' dir='ltr'>θαλασσίου</span> 
     </span>
    </p>
   </div>
   <div class='ocr_carea' id='block_1_110' title="bbox 2170 5220 3764 5295">
    <p class='ocr_par' dir='ltr' id='par_1_110' title="bbox 2170 5220 3764 5295">
     <span class='ocr_line' id='line_1_110' title="bbox 2170 5220 3764 5295; baseline 0.002 -20"><span class='ocrx_word' id='word_1_804' title='bbox 2170 5221 2358 5286; x_wconf 77' lang='grc' dir='ltr'>ὕδατος</span> <span class='ocrx_word' id='word_1_805' title='bbox 2388 5220 2454 5294; x_wconf 81' lang='grc' dir='ltr'>ἧν</span> <span class='ocrx_word' id='word_1_806' title='bbox 2479 5226 2547 5277; x_wconf 83' lang='grc' dir='ltr'><strong>τά</strong></span> <span class='ocrx_word' id='word_1_807' title='bbox 2574 5225 2710 5294; x_wconf 74' lang='grc' dir='ltr'>πρὸς</span> <span class='ocrx_word' id='word_1_808' title='bbox 2737 5225 2815 5294; x_wconf 83' lang='grc' dir='ltr'>τῷ</span> <span class='ocrx_word' id='word_1_809' title='bbox 2847 5225 3016 5294; x_wconf 79' lang='grc' dir='ltr'>τείχει</span> <span class='ocrx_word' id='word_1_810' title='bbox 3054 5225 3144 5278; x_wconf 69' lang='grc' dir='ltr'><strong>διὰ</strong></span> <span class='ocrx_word' id='word_1_811' title='bbox 3176 5225 3269 5278; x_wconf 76' lang='grc' dir='ltr'>τὸν</span> <span class='ocrx_word' id='word_1_812' title='bbox 3300 5224 3490 5295; x_wconf 82' lang='grc' dir='ltr'>καιρὸν</span> <span class='ocrx_word' id='word_1_813' title='bbox 3521 5223 3764 5292; x_wconf 80' lang='grc' dir='ltr'>θερινὸν</span> 
     </span>
    </p>
   </div>
   <div class='ocr_carea' id='block_1_111' title="bbox 2165 5314 3768 5387">
    <p class='ocr_par' dir='ltr' id='par_1_111' title="bbox 2165 5314 3768 5387">
     <span class='ocr_line' id='line_1_111' title="bbox 2165 5314 3768 5387; baseline 0.002 -19"><span class='ocrx_word' id='word_1_814' title='bbox 2165 5314 2310 5378; x_wconf 75' lang='grc' dir='ltr'>ὄντα,</span> <span class='ocrx_word' id='word_1_815' title='bbox 2339 5319 2429 5368; x_wconf 80' lang='grc' dir='ltr'>καὶ</span> <span class='ocrx_word' id='word_1_816' title='bbox 2461 5317 2535 5385; x_wconf 80' lang='grc' dir='ltr'>μὴ</span> <span class='ocrx_word' id='word_1_817' title='bbox 2566 5317 2872 5386; x_wconf 86' lang='grc' dir='ltr'>πληθύοντα</span> <span class='ocrx_word' id='word_1_818' title='bbox 2917 5318 3015 5387; x_wconf 80' lang='grc' dir='ltr'>τὴν</span> <span class='ocrx_word' id='word_1_819' title='bbox 3051 5317 3325 5372; x_wconf 83' lang='grc' dir='ltr'>θάλασσαν</span> <span class='ocrx_word' id='word_1_820' title='bbox 3364 5317 3525 5387; x_wconf 83' lang='grc' dir='ltr'>μέχρι</span> <span class='ocrx_word' id='word_1_821' title='bbox 3554 5317 3648 5368; x_wconf 76' lang='grc' dir='ltr'>καὶ</span> <span class='ocrx_word' id='word_1_822' title='bbox 3685 5319 3768 5383; x_wconf 75' lang='grc' dir='ltr'><strong>ἐς</strong></span> 
     </span>
    </p>
   </div>
   <div class='ocr_carea' id='block_1_112' title="bbox 2166 5407 3767 5481">
    <p class='ocr_par' dir='ltr' id='par_1_112' title="bbox 2166 5407 3767 5481">
     <span class='ocr_line' id='line_1_112' title="bbox 2166 5407 3767 5481; baseline 0.002 -21"><span class='ocrx_word' id='word_1_823' title='bbox 2166 5407 2326 5460; x_wconf 81' lang='grc' dir='ltr'>αὑτὸν</span> <span class='ocrx_word' id='word_1_824' title='bbox 2361 5409 2664 5477; x_wconf 84' lang='grc' dir='ltr'>τειχισμὸν,</span> <span class='ocrx_word' id='word_1_825' title='bbox 2688 5408 2762 5472; x_wconf 87' lang='grc' dir='ltr'>ὡς</span> <span class='ocrx_word' id='word_1_826' title='bbox 2795 5410 3044 5462; x_wconf 83' lang='grc' dir='ltr'>ἐντεῦθεν</span> <span class='ocrx_word' id='word_1_827' title='bbox 3100 5411 3159 5478; x_wconf 80' lang='grc' dir='ltr'>ἐξ</span> <span class='ocrx_word' id='word_1_828' title='bbox 3206 5411 3563 5481; x_wconf 81' lang='grc' dir='ltr'>ἀσυμμέτρου</span> <span class='ocrx_word' id='word_1_829' title='bbox 3617 5414 3767 5476; x_wconf 84' lang='grc' dir='ltr'>τοῖς</span> 
     </span>
    </p>
   </div>
   <div class='ocr_carea' id='block_1_113' title="bbox 2166 5495 3765 5570">
    <p class='ocr_par' dir='ltr' id='par_1_113' title="bbox 2166 5495 3765 5570">
     <span class='ocr_line' id='line_1_113' title="bbox 2166 5495 3765 5570; baseline 0.005 -20"><span class='ocrx_word' id='word_1_830' title='bbox 2166 5500 2231 5551; x_wconf 86' lang='grc' dir='ltr'><strong>ἐκ</strong></span> <span class='ocrx_word' id='word_1_831' title='bbox 2259 5499 2366 5552; x_wconf 81' lang='grc' dir='ltr'>τῶν</span> <span class='ocrx_word' id='word_1_832' title='bbox 2393 5500 2674 5568; x_wconf 85' lang='grc' dir='ltr'>παραλίων</span> <span class='ocrx_word' id='word_1_833' title='bbox 2699 5503 2923 5570; x_wconf 86' lang='grc' dir='ltr'>τειχέων</span> <span class='ocrx_word' id='word_1_834' title='bbox 2954 5503 3046 5556; x_wconf 83' lang='grc' dir='ltr'>καὶ</span> <span class='ocrx_word' id='word_1_835' title='bbox 3071 5501 3170 5570; x_wconf 83' lang='grc' dir='ltr'>τῆς</span> <span class='ocrx_word' id='word_1_836' title='bbox 3197 5503 3263 5555; x_wconf 82' lang='grc' dir='ltr'><strong>ἐκ</strong></span> <span class='ocrx_word' id='word_1_837' title='bbox 3291 5502 3562 5568; x_wconf 83' lang='grc' dir='ltr'>θαλάττης</span> <span class='ocrx_word' id='word_1_838' title='bbox 3587 5495 3765 5557; x_wconf 71' lang='grc' dir='ltr'>εἶναι</span> 
     </span>
    </p>
   </div>
   <div class='ocr_carea' id='block_1_114' title="bbox 2165 5590 3764 5662">
    <p class='ocr_par' dir='ltr' id='par_1_114' title="bbox 2165 5590 3764 5662">
     <span class='ocr_line' id='line_1_114' title="bbox 2165 5590 3764 5662; baseline 0.001 -19"><span class='ocrx_word' id='word_1_839' title='bbox 2165 5590 2263 5659; x_wconf 82' lang='grc' dir='ltr'>τὴν</span> <span class='ocrx_word' id='word_1_840' title='bbox 2300 5591 2509 5661; x_wconf 61' lang='grc' dir='ltr'>μάχην</span> <span class='ocrx_word' id='word_1_841' title='bbox 2540 5591 2600 5644; x_wconf 80' lang='grc' dir='ltr'>τὸ</span> <span class='ocrx_word' id='word_1_842' title='bbox 2629 5591 2695 5656; x_wconf 80' lang='grc' dir='ltr'>δ’,</span> <span class='ocrx_word' id='word_1_843' title='bbox 2724 5593 2805 5645; x_wconf 84' lang='grc' dir='ltr'><strong>ὅτι</strong></span> <span class='ocrx_word' id='word_1_844' title='bbox 2832 5593 3098 5661; x_wconf 68' lang='grc' dir='ltr'>δαήμονες</span> <span class='ocrx_word' id='word_1_845' title='bbox 3120 5595 3276 5656; x_wconf 85' lang='grc' dir='ltr'>δντες</span> <span class='ocrx_word' id='word_1_846' title='bbox 3297 5595 3498 5647; x_wconf 71' lang='grc' dir='ltr'>ἐκεῖνοι</span> <span class='ocrx_word' id='word_1_847' title='bbox 3526 5593 3764 5662; x_wconf 75' lang='grc' dir='ltr'>μάχης,</span> 
     </span>
    </p>
   </div>
   <div class='ocr_carea' id='block_1_115' title="bbox 2167 5683 3770 5756">
    <p class='ocr_par' dir='ltr' id='par_1_115' title="bbox 2167 5683 3770 5756">
     <span class='ocr_line' id='line_1_115' title="bbox 2167 5683 3770 5756; baseline 0.001 -20"><span class='ocrx_word' id='word_1_848' title='bbox 2167 5683 2293 5752; x_wconf 74' lang='grc' dir='ltr'>περὶ</span> <span class='ocrx_word' id='word_1_849' title='bbox 2322 5683 2381 5735; x_wconf 82' lang='grc' dir='ltr'>τὸ</span> <span class='ocrx_word' id='word_1_850' title='bbox 2422 5685 2615 5738; x_wconf 79' lang='grc' dir='ltr'>πονοῦν</span> <span class='ocrx_word' id='word_1_851' title='bbox 2645 5685 2844 5755; x_wconf 78' lang='grc' dir='ltr'>μᾶλλον</span> <span class='ocrx_word' id='word_1_852' title='bbox 2891 5685 2990 5754; x_wconf 78' lang='grc' dir='ltr'>τῆς</span> <span class='ocrx_word' id='word_1_853' title='bbox 3041 5686 3250 5751; x_wconf 86' lang='grc' dir='ltr'>πόλεως</span> <span class='ocrx_word' id='word_1_854' title='bbox 3283 5685 3620 5756; x_wconf 74' lang='grc' dir='ltr'>ἐμελέτησαν</span> <span class='ocrx_word' id='word_1_855' title='bbox 3651 5685 3770 5746; x_wconf 71' lang='grc' dir='ltr'><strong>ὲν-</strong></span> 
     </span>
    </p>
   </div>
  </div>
