4036 6224
282 289 363 355 69

1074 358 1079 361 ν
1108 284 1206 345 DE
1242 283 1532 347 THESSA
1546 285 1815 350 LONICA
1857 287 2068 351 URBE
2110 293 2155 353 Α
2189 293 2501 356 LATINIS
2525 294 2782 357 CAPTA.
3511 296 3589 364 70

276 405 480 473 τήκειν
520 396 767 468 πληγάς.
820 398 1063 453 Ἐκεῖθεν
1094 398 1206 469 γὰρ
1237 399 1467 469 διέγνων
1512 386 1776 457 δύνασθαί
1809 402 1877 457 ἂν

2003 407 2058 462 sit
2105 407 2442 476 profundum
2501 410 2737 483 ideoque
2786 419 2981 482 portus
3033 412 3405 482 commodus;
3463 377 3582 470 tum

275 496 495 571 βλάψαι
524 494 701 565 ἡμᾶς,
732 494 813 558 ὡς
860 492 957 546 καὶ
990 490 1381 563 προσεδρεύειν
1425 492 1486 547 εὖ
1538 493 1687 564 μάλα
1716 493 1880 550 δυνά-

277 606 447 659 μενοι
475 587 567 641 διὰ
600 586 663 639 τδ
695 584 793 639 τοῦ
825 583 1081 654 αἰγιαλοῦ
1110 584 1411 655 ἀγχιὸαθὲς
1443 587 1538 640 καὶ
1568 585 1746 652 οὕτως
1789 588 1883 642 εῦ-

268 682 511 749 λεμενον
530 697 547 717 ι
577 681 675 733 καὶ
700 679 787 733 ὅτι
824 678 920 732 καὶ
943 677 1006 731 τὸ
1041 679 1221 747 τεῖχος
1250 681 1355 734 οὐκ
1404 679 1700 750 ἀπονήρως
1734 678 1884 751 εἶχεν

224 810 237 817 .
269 778 495 837 ἐκεῖσε,
531 772 771 842 ἀτεχνῶς
798 788 862 825 τε
905 768 1007 842 τὴν
1034 771 1214 852 ἀρχὴν
1246 773 1536 837 συσταθὶν,
1565 777 1658 829 καὶ
1689 776 1791 830 ούκ
1821 776 1883 831 εὖ

272 865 612 936 συμπαγέν,
647 864 739 917 καὶ
799 862 942 935 μηδὲ
998 863 1382 935 μεμελημένον
1427 867 1555 938 ἄρτι
1599 868 1680 939 τῷ
1729 869 1884 941 καλῷ

286 976 343 1013 ετ
353 975 620 1030 ρατηγῳ.

354 1137 426 1201 ξ’.
479 1135 673 1206 Ἐῴκει
721 1134 832 1206 γὰρ
882 1134 1056 1206 ῖατρῷ
1107 1135 1617 1208 παρακολουθοῦντι
1668 1138 1887 1211 σώματι

274 1229 553 1283 πονοῦντι
584 1230 702 1298 μὲν,
729 1228 829 1298 οῐφ
851 1227 909 1281 δὲ
945 1229 1022 1298 μὴ
1052 1229 1352 1299 φιλεῖσθαι,
1382 1232 1460 1297 ὡς
1483 1233 1886 1308 ἀναποιηθῆναι

282 1322 429 1392 πρὶς
463 1318 705 1387 ύτῖειαν,
731 1318 1029 1373 κάντεῦθεν
1059 1319 1357 1388 ἀμελοῦντι
1383 1320 1446 1375 τὸ
1473 1323 1660 1377 νοσοῦν
1685 1326 1888 1380 ἀνακο-

283 1411 591 1481 μίσασθαι.
617 1412 730 1465 Καὶ
761 1410 866 1463 οὐκ
901 1410 1020 1463 ἔστι
1043 1410 1406 1481 διαπιστῆσαι
1452 1413 1580 1478 τοὺς
1616 1414 1683 1470 εὖ
1728 1433 1891 1471 κατε-

282 1501 584 1571 γνωκότας
600 1502 663 1555 τὸ
681 1502 935 1572 πρᾶγμα,
956 1501 1033 1565 ὡς
1052 1503 1194 1557 πάνυ
1221 1520 1271 1557 τι
1294 1502 1473 1576 βραχὺ
1498 1507 1766 1576 προδότου
1790 1508 1886 1563 τοῦ

283 1596 503 1662 κυρίως
528 1595 839 1663 διενεγκεῖν
870 1595 900 1647 ό
927 1593 1098 1648 Δαυῖδ
1138 1593 1397 1663 φαίνεται
1453 1598 1581 1651 καθ’
1610 1600 1774 1670 ἡμῶν
1793 1616 1808 1630 ·
1838 1601 1889 1654 sl

292 1689 365 1758 μή
398 1704 490 1752 τις
527 1688 644 1758 ἀρα
676 1687 1014 1758 θερμότερον
1042 1687 1376 1752 ἐπιϐάλλων,
1397 1689 1472 1753 ὡς
1501 1689 1558 1744 ἐν
1592 1708 1701 1745 τινι
1751 1692 1884 1746 πλά·

298 1795 479 1847 στιγγι
524 1757 828 1847 παρατάξοι
873 1757 1083 1830 ἐκεῖνον
1126 1780 1206 1841 εις
1243 1779 1513 1851 προδότην
1540 1782 1888 1853 αὐτόχρημα.
1917 1757 1963 1818 Β

294 1873 425 1943 Δὶχα
464 1872 581 1941 γὰρ
608 1869 909 1924 συνθεσιῶν
942 1872 1035 1924 ἰπὶ
1070 1873 1256 1942 ῥητοῖς
1284 1871 1383 1926 καὶ
1416 1873 1706 1943 μηνύσεων
1748 1891 1889 1943 γνω-

291 1965 498 2034 ρίμων,
533 1962 573 2018 ἃ
603 1963 670 2035 δὴ
694 1965 789 2016 καὶ
818 1963 959 2015 αῦτά
986 1964 1176 2018 πολλοὶ
1208 1963 1615 2035 κατηγοροῦσιν
1647 1964 1889 2032 ἐκείνου,

290 2057 468 2111 τᾶλλα
509 2058 690 2112 πάντα
738 2055 1077 2127 προδοτικῶς
1108 2052 1257 2127 εἶχεν
1282 2060 1310 2111 ό
1354 2058 1519 2129 ἀνήρ.
1565 2058 1676 2111 Καὶ
1711 2058 1893 2111 κοινὸν

288 2151 451 2221 αύτῷ
476 2168 542 2204 τε
576 2154 669 2205 καὶ
697 2150 779 2219 τῷ
820 2152 966 2205 κατὰ
1000 2150 1240 2223 σπονδὴν
1277 2151 1521 2222 φανερὰν
1552 2150 1730 2214 ἄλλως
1761 2166 1894 2219 προ-

287 2244 429 2316 δᾶτῃ
462 2245 529 2297 τὺ
571 2241 668 2297 τοῦ
716 2241 901 2297 κοινοῦ
939 2243 1036 2312 μὶν
1077 2243 1358 2316 ύπερορᾷν
1390 2244 1893 2314 περιφρονητικῶς,

288 2337 486 2407 ἀκυτῷ
511 2335 571 2389 δὲ
596 2335 739 2406 μόνῳ
770 2334 1095 2406 χαρίζεσθαι
1121 2352 1137 2368 ο
1167 2336 1264 2390 καὶ
1299 2335 1657 2406 προτίθεσθαι
1684 2336 1896 2399 πάντας

298 2429 414 2500 μὲν
438 2428 678 2492 ἀπιέναι,
696 2430 971 2497 περιεῖναι
992 2428 1048 2481 δὲ
1084 2428 1221 2497 μόνα
1245 2429 1312 2481 τὰ
1338 2427 1459 2481 κατ’
1479 2427 1665 2484 αὐτόν.
1690 2427 1822 2496 Ἐμέ
1832 2443 1897 2496 μ⁹

291 2538 479 2591 φοντο
528 2520 578 2574 οῖ
625 2521 1034 2590 στρατιωτικοὶ,
1082 2522 1169 2575 ὅτι
1202 2521 1270 2573 τὰ
1312 2517 1622 2590 πετροϐόλα
1654 2519 1711 2571 ὲν
1762 2519 1896 2588 ἡμῖν

289 2613 519 2685 δργανα
554 2614 655 2666 ούκ
689 2612 1009 2683 εὐχρήστως
1054 2610 1223 2684 εἶχον,
1251 2610 1327 2677 ὡς
1358 2610 1729 2683 ἀντιφερίζειν
1761 2614 1898 2682 πρὶς

291 2707 368 2760 τὰ
396 2706 515 2759 τῶν
546 2704 885 2776 ἀντιμαχων.
928 2704 990 2759 '0
1017 2705 1074 2758 δὲ
1098 2706 1259 2772 ἀφεὶς
1302 2703 1606 2775 κατορθοῦν
1637 2704 1699 2757 τὸ
1730 2702 1898 2773 ψεγό-

298 2814 495 2869 μενον,
518 2798 641 2865 καὶ,
671 2795 736 2848 Τί
766 2796 977 2868 ποιήσω
996 2812 1011 2858 ;
1029 2794 1206 2863 ἔλεγε,
1239 2796 1335 2849 καὶ
1355 2795 1581 2865 ἠρκεῖτο
1608 2795 1784 2848 εῖπεῖν
1812 2811 1902 2847 τοο

298 2890 503 2945 σοῦτον
546 2891 578 2943 ό
629 2889 844 2960 κομψὸς
902 2888 1323 2958 Πυθαγοριστής
1349 2904 1364 2920 ο
1387 2888 1564 2940 δοκῶν
1601 2888 1723 2958 μὲν,
1755 2887 1900 2958 ἱερὸν

297 2979 453 3039 εἶναι
483 2966 665 3054 σιγῆς
695 2982 785 3036 διά
825 2981 888 3036 τὸ
936 2980 1231 3052 ἐχεμυθεῖν
1265 2982 1335 3034 τὰ
1368 2980 1560 3043 πλείω,
1613 2979 1793 3043 ἄλλως
1843 2979 1901 3032 δὲ

1982 500 2127 572 quod
2159 516 2350 557 murus
2369 502 2655 569 quamviss
2678 505 2949 560 ecundum
2976 512 3148 562 artem
3167 505 3418 561 bellicam
3450 519 3588 562 con-

1984 604 2248 662 structus,
2280 611 2382 652 nec
2423 596 2620 668 perite,
2644 611 2745 653 nec
2782 596 2957 653 solide
2990 612 3021 653 a
3051 598 3320 669 principio
3353 597 3591 655 aediﬁca-

1988 696 2075 745 tus
2117 688 2317 755 fuerat,
2353 698 2409 746 et
2437 697 2667 747 strenuo
2705 687 2997 748 defensore
3029 693 3276 750 carebat.

2059 1136 2149 1195 60.
2178 1138 2311 1194 Erat
2342 1138 2492 1194 enim
2556 1138 2758 1195 similis
2795 1137 3013 1194 medico
3079 1135 3301 1193 curanti
3377 1148 3586 1205 corpus

1987 1240 2258 1297 aegrotum
2312 1233 2551 1302 ideoque
2595 1231 2719 1287 sine
2756 1230 3175 1294 blandimentis,
3241 1237 3301 1284 ut
3361 1227 3587 1284 sanitati

1988 1322 2332 1383 restituatur.
2358 1324 2566 1392 quique
2609 1337 2720 1378 non
2742 1322 2856 1391 iam
2881 1322 3153 1378 sollicitus
3186 1329 3271 1377 est
3295 1320 3365 1377 de
3392 1320 3588 1376 morbo

1989 1414 2257 1471 sanando.
2309 1414 2475 1470 Juxta
2531 1429 2675 1480 nos,
2712 1425 2773 1470 ut
2829 1414 3061 1484 quilibet
3130 1429 3246 1469 rem
3309 1427 3588 1479 cognove-

1990 1506 2122 1569 rint,
2171 1505 2337 1560 David
2375 1521 2403 1559 a
2441 1506 2723 1575 proditore
2785 1506 2966 1576 reipsa
3025 1505 3308 1576 paululum
3363 1504 3589 1560 differre

1991 1596 2245 1662 videtur;
2300 1596 2408 1651 nisi
2466 1596 2595 1667 quis
2661 1611 2938 1667 reponens
3010 1598 3340 1658 ardentius,
3392 1595 3589 1667 prodi-

1992 1688 2099 1743 tori
2173 1695 2417 1753 tequaret
2489 1688 2645 1741 illum
2722 1689 2777 1743 in
2829 1687 3069 1743 bilance.
3124 1689 3384 1757 Exceptis
3438 1686 3587 1742 enim

1992 1788 2299 1834 conventus
2334 1778 2520 1832 statuti
2545 1778 2824 1847 signisque
2855 1778 3048 1841 certis,
3078 1777 3264 1833 omnia
3296 1776 3426 1840 alia,
3452 1791 3594 1846 quo-

1992 1886 2113 1926 rum
2152 1871 2304 1924 multi
2335 1870 2488 1925 illum
2524 1878 2784 1937 arguunt,
2806 1868 3011 1941 perﬁde
3037 1867 3169 1939 egit.
3190 1868 3270 1922 illi
3296 1881 3590 1923 commune

1992 1974 2079 2020 est
2143 1965 2351 2019 scilicet
2406 1978 2532 2019 cum
2588 1963 2905 2034 proditore,
2945 1961 3242 2018 manifeste
3300 1961 3439 2016 alias
3497 1975 3595 2015 ne-

1993 2059 2265 2129 gotiante,
2322 2048 2524 2111 bonum
2586 2071 2882 2111 commune
2927 2054 3201 2125 negligere
3228 2052 3449 2125 sibique
3482 2052 3591 2109 soli

1996 2152 2306 2221 providere,
2367 2165 2562 2205 omnes
2618 2149 2901 2205 dimittere
2950 2164 3161 2219 suaque
3210 2148 3328 2204 sola
3392 2146 3589 2202 sedulo

1996 2260 2209 2298 curare.
2243 2243 2633 2310 Querebautur
2668 2243 2870 2298 milites
2903 2241 3051 2312 quod
3084 2241 3356 2297 machinae
3386 2248 3591 2295 nostra:

1998 2354 2105 2392 non
2160 2334 2536 2407 aplrecsSent
2590 2337 2655 2390 ad
2707 2337 3054 2403 repellendos
3111 2335 3258 2390 ictus
3321 2332 3586 2388 hostium.

1999 2428 2155 2497 Quth
2213 2444 2343 2482 vero
2403 2428 2915 2498 reprehendebatur
2951 2444 3057 2482 non
3097 2426 3420 2483 emendans.
3447 2423 3593 2490 Quid

2001 2504 2197 2576 faciam
2222 2520 2245 2574 ?
2274 2521 2477 2585 aiebat,
2507 2531 2837 2589 tantmnque
2864 2530 2922 2575 ιιι
2956 2520 3142 2575 fatuus
3193 2518 3590 2590 Pythagoricus

2000 2615 2259 2676 addebat,
2297 2613 2473 2667 videri
2515 2614 2619 2669 sibi
2673 2613 2934 2681 templum
2963 2626 3087 2667 esse
3113 2610 3316 2666 silentii
3360 2609 3431 2664 ob
3472 2607 3592 2677 ple-

2002 2724 2171 2775 raque
2227 2707 2483 2771 tacenda,
2511 2707 2636 2761 aliis
2697 2707 2963 2760 adversus
3014 2704 3369 2759 insidiatores
3415 2698 3592 2757 suffo-

2001 2796 2214 2851 caturis
2242 2799 2429 2863 verba,
2452 2797 2572 2853 aliis
2600 2797 2897 2852 reteuluris
2919 2798 2989 2851 ob
3023 2797 3159 2849 mala
3188 2792 3590 2848 dissimulanda

2001 2889 2178 2952 obque
2243 2898 2458 2944 secreta
2532 2887 2967 2959 profundissime
3023 2885 3396 2941 recondenda.
3451 2882 3590 2937 Cum

2002 2980 2247 3036 audisset
2294 2981 2496 3036 muenia
2551 2981 2813 3048 occupari
2880 2978 2948 3033 ab
3016 2978 3269 3035 hostibus
3330 2992 3396 3031 eo
3444 2976 3592 3046 quod

298 3077 459 3131 κατὰ
485 3077 611 3140 τοὺς
646 3073 924 3146 λοχῶντας
975 3072 1185 3143 πνίγων
1217 3071 1317 3144 τὴν
1361 3071 1554 3126 λαλιὰν
1589 3071 1898 3142 ἄνθρωπος.

2007 3087 2199 3143 parum
2227 3072 2402 3128 solida
2426 3081 2638 3138 essent,
2670 3087 2803 3128 voce
2826 3071 3082 3126 obscaena
3112 3081 3268 3127 utens
3296 3069 3362 3124 ad
3388 3079 3593 3127 matres

300 3166 526 3238 ἐπέχων
594 3167 691 3221 καὶ
721 3165 791 3220 τά
825 3165 884 3228 ὲς
933 3165 1202 3235 πονηρίαν
1230 3164 1543 3234 ἀδιόρατος,
1597 3164 1693 3217 καὶ
1729 3162 1792 3215 τό
1836 3178 1902 3228 γε

297 3258 616 3331 κρυψίνουν
665 3254 1025 3327 πολυδενθής.
1060 3255 1320 3321 Ἤκουεν,
1372 3252 1447 3315 ὡς
1479 3252 1541 3306 τδ
1586 3252 1902 3324 περιτειχος

299 3348 803 3420 καταλαμϐάνεται
833 3347 924 3401 διὰ
973 3347 1036 3401 τὸ
1069 3347 1353 3418 ἀνεχύρως
1386 3346 1531 3417 ἔχειν
1553 3361 1568 3378 ο
1603 3346 1698 3400 καὶ
1729 3346 1903 3416 παρέ-

300 3458 541 3511 πεμπεν
559 3438 686 3494 αύτδ
713 3442 836 3504 ταῖς
865 3441 1107 3513 μητράσι
1129 3440 1238 3494 τῶν
1266 3438 1543 3512 πολεμίων
1566 3439 1897 3511 παρασύειν,

299 3534 441 3589 Ξνθα
490 3534 929 3604 αἰσχροῤῥήμων
975 3531 1122 3587 εῖποι
1161 3532 1228 3586 ἂν
1275 3534 1434 3604 ἀνήρ.
1478 3531 1900 3587 Ἐπιλειπόντων

302 3626 536 3693 ὀῖστῶν,
569 3627 686 3689 τοῖς
710 3627 805 3679 επὶ
831 3624 944 3679 τῶν
979 3625 1211 3695 τειχέων
1235 3621 1303 3696 ἦν
1335 3626 1509 3697 βελῶν
1543 3626 1794 3697 ζήτησις.
1839 3625 1900 3679 '0

304 3720 364 3774 δὲ
392 3720 493 3774 καὶ
520 3717 628 3773 ποῦ
663 3717 732 3772 ἂν
782 3717 983 3779 αὐτοὺς
1014 3717 1190 3790 εὖροι,
1220 3718 1640 3788 ύπετονθόρυζε,
1673 3718 1770 3773 καὶ
1798 3718 1906 3771 ἐδε-

307 3808 402 3862 δου
432 3807 635 3879 μηδὲν,
666 3806 764 3861 καὶ
805 3807 840 3878 ἡ
881 3807 1035 3872 πόλις
1085 3806 1345 3878 ἔκαμνεν.
1391 3804 1622 3862 Ἐκλᾶτο
1660 3808 1901 3879 μηχανὴ,

310 3901 408 3954 καὶ
443 3895 516 3972 ἦν
554 3897 835 3968 ἀναγκαῖα
870 3898 1286 3970 ἑπιποιηθῆναι,
1311 3900 1406 3954 καὶ
1440 3897 1692 3972 ἐξῃτεῖτο
1718 3900 1901 3968 ξύλονο

306 3992 408 4046 καὶ
438 3989 548 4044 ποῦ
580 3988 649 4044 ἂν
672 3990 761 4061 εῐη
790 3989 944 4054 αὐτὸ,
971 3990 1290 4062 παρελόιλει.
1330 3991 1634 4061 Ἐμάνθανό
1660 4010 1744 4056 τις
1773 3992 1903 4046 ἄλλο

305 4098 363 4137 τι
387 4082 567 4136 ινδεῖν
600 4081 713 4134 τῶν
737 4081 989 4147 δεόντων,
1018 4083 1114 4136 καὶ
1134 4082 1314 4136 ἐλάλει
1339 4098 1353 4113 ·
1386 4083 1483 4137 καὶ
1502 4078 1572 4155 ἦν
1597 4083 1904 4153 τηνικαῦτα

305 4177 335 4228 6
359 4176 514 4229 κατά
539 4174 844 4245 παροιμίαν
866 4174 1095 4245 σιγηλὸς
1124 4175 1275 4246 ἥρως
1296 4175 1603 4248 Εύρυόόας,
1628 4177 1723 4230 καὶ
1747 4177 1907 4248 ἠπει-

302 4265 467 4319 λεῖτο
495 4267 633 4319 κατὰ
669 4265 919 4337 πληγῶν,
948 4267 1088 4320 κατά
1117 4268 1381 4339 κεφαλῆς,
1434 4269 1577 4322 κατά
1614 4269 1903 4340 ὀμμάτων,

310 4358 474 4412 κατὰ
506 4358 897 4430 σκολοπισμοῦ,
921 4360 969 4413 el
1007 4359 1083 4430 μὴ
1113 4360 1411 4414 παύσοιντο
1436 4356 1619 4416 λαλεῖν
1658 4362 1708 4414 οἱ
1736 4361 1910 4414 τοιοῦ-

2010 3166 2249 3221 hostium
2276 3166 2572 3223 alludebat.
2616 3163 2842 3235 Sagiltis
2881 3164 3296 3229 deficientibus,
3342 3180 3370 3217 a
3406 3176 3595 3219 mures

2007 3253 2431 3311 defendentibus
2480 3255 2873 3329 quzcrebantur
2915 3253 3122 3318 iacula.
3176 3254 3246 3310 -Si
3293 3253 3419 3323 quis
3463 3267 3598 3307 vero

2008 3345 2209 3402 alicubi
2251 3346 2579 3411 invenisset,
2608 3345 3016 3412 murmurabat,
3053 3360 3157 3401 nec
3188 3346 3360 3400 ullum
3405 3345 3595 3405 dabat.

2006 3438 2320 3504 civitasque
2376 3437 2687 3493 laborabat.
2734 3438 2989 3493 Machina
3026 3439 3197 3494 fracta
3230 3449 3288 3493 ut
3314 3453 3599 3509 reparare-

2009 3541 2120 3598 tur,
2163 3531 2365 3602 lignum
2400 3531 2789 3600 qumebatur;
2823 3540 2953 3585 tunc
2996 3531 3116 3585 lora
3159 3531 3407 3586 materiis
3436 3529 3598 3601 plena

2007 3624 2320 3691 indicabat;
2351 3640 2473 3679 cum
2506 3625 2631 3694 quis
2662 3624 2872 3679 diceret
2916 3622 3063 3676 aliud
3091 3621 3368 3693 quoddam
3401 3636 3597 3677 neces-

2006 3717 2212 3772 sarium
2272 3718 2489 3781 deesse,
2528 3717 2646 3786 ipse
2704 3732 2990 3772 sermones
3023 3715 3245 3782 ciebat;
3292 3724 3427 3771 tunc
3480 3723 3599 3771 erat

2003 3808 2161 3880 juxta
2193 3808 2546 3880 proverbium
2579 3807 2892 3865 taciturnus
2929 3804 3212 3875 Enryboas
3240 3805 3444 3872 heros;
3469 3820 3594 3859 nam

2008 3901 2322 3962 verberum,
2368 3899 2590 3967 capitis,
2639 3898 2928 3952 oculorum
2984 3896 3206 3966 palique
3250 3911 3464 3964 ptenam
3495 3896 3594 3950 mi-

2009 3993 2245 4047 nabatur
2268 3990 2374 4045 nisi
2406 3988 2553 4057 loqui
2595 3995 2897 4053 cessarent,
2921 3987 3116 4057 jurans
3157 4002 3254 4058 per
3278 3995 3444 4055 caput
3494 3987 3598 4041 im-

2008 4083 2284 4156 peratoris
2331 4081 2605 4135 minarum
2655 4089 2936 4137 certarum
2992 4078 3148 4133 [idem
3185 4079 3323 4135 fore.
3366 4078 3596 4148 Quidam

2008 4186 2189 4232 autem
2253 4192 2364 4231 non
2418 4175 2646 4232 omnino
2709 4172 2954 4244 plebeius
2988 4175 3170 4243 capite
3223 4171 3384 4228 laesus
3413 4181 3497 4228 est
3543 4178 3599 4225 et

2010 4268 2189 4323 fronte
2233 4269 2380 4337 virga
2413 4282 2738 4338 percussus,
2793 4280 2860 4320 eo
2910 4258 3055 4334 quod
3101 4265 3169 4320 de
3220 4265 3359 4320 mala
3387 4262 3599 4319 ratione

2015 4360 2208 4431 agendi
2244 4356 2479 4415 militum
2521 4358 2680 4414 ducis
2732 4367 2963 4426 questus
2984 4360 3162 4424 esset;
3211 4371 3484 4429 nemoque
3530 4372 3596 4411 ex

303 4466 400 4502 τοι
431 4466 446 4482 ³
482 4448 846 4520 διομνύμενος
876 4450 957 4513 εἰς
997 4451 1183 4503 πίστιν
1219 4449 1492 4520 σταθερᾶς
1541 4451 1772 4518 ἀπειλῆς
1809 4450 1898 4522 βαι

2017 4451 2323 4506 astantibus
2368 4466 2436 4506 ne
2486 4450 2781 4505 mussitare
2819 4448 3039 4519 quidem
3079 4463 3251 4504 ausus
3299 4456 3406 4504 est.
3444 4444 3599 4507 Mili-

306 4540 549 4611 σιλικὴν
602 4541 861 4612 κεφαλήν.
895 4540 1016 4595 Τῶν
1070 4559 1154 4607 τις
1201 4540 1259 4595 δὲ
1310 4542 1372 4595 ού
1412 4544 1556 4597 πάνυ
1589 4540 1683 4595 τοῦ
1727 4542 1903 4612 δήμου

304 4635 420 4687 καὶ
484 4634 729 4703 κατεάγη
762 4635 859 4704 τῆς
900 4633 1168 4703 κεφαλῆς,
1203 4635 1274 4688 τὰ
1322 4634 1452 4703 περὶ
1500 4633 1561 4686 τὸ
1612 4633 1906 4701 πρόσωπον

311 4726 518 4802 ῥάεδῳ
544 4726 791 4798 πληγεὶς,
820 4728 906 4781 ὃτι
936 4727 1002 4780 τὰ
1034 4726 1380 4796 στρατηγικά
1408 4723 1626 4794 φαύλως
1654 4723 1909 4795 ἐνεργού-

316 4835 473 4890 μενα
504 4817 916 4888 κατεμέμψατο.
952 4818 1060 4870 Καὶ
1089 4816 1200 4869 τῶν
1241 4815 1549 4885 βλεπόντων
1578 4812 1753 4875 οὐδε“ες
1782 4811 1906 4866 οὐδὲ

306 4906 595 4979 γογγύσαι
624 4908 949 4978 τετόλμηκε.
975 4905 1316 4976 Στρατιῶται
1364 4905 1419 4958 δὲ
1462 4901 1908 4978 παρρησιαζόμε-

308 5017 427 5063 vat,
460 5002 556 5052 κα)⁸
585 4999 722 5070 ὀρθὰ
742 4997 1064 5064 λαλοῦντες,
1090 4997 1149 5050 ἒν
1186 4996 1347 5066 μόνον
1382 4995 1523 5066 πρὸς
1570 4993 1666 5047 τοῦ
1700 4994 1905 5048 ἀτόπου

310 5093 552 5163 ἢκουον,
579 5092 654 5155 ὡς
680 5092 762 5145 ὅτι
796 5093 1103 5144 κατατόπια
1133 5088 1412 5161 εἰληχότες
1445 5087 1649 5149 ἐκεῖσε,
1684 5084 1781 5140 καὶ
1813 5085 1911 5158 μό-

312 5199 419 5237 νον
450 5183 731 5237 πονεῖσθαι
782 5184 1033 5252 ἀνὶιγκην
1065 5181 1273 5255 ἔχουσι,
1325 5178 1488 5234 πλέον
1517 5179 1575 5232 δέ
1616 5196 1669 5232 τι
1702 5178 1780 5249 μὴ
1814 5195 1912 5232 πε-

315 5273 745 5346 ριεργάζεσθαι,
774 5273 823 5325 ει
853 5272 930 5344 μὴ
963 5275 1109 5327 κακὰ
1142 5273 1385 5343 αἱροῖντο
1412 5267 1722 5325 πείσεσθαι.
1756 5269 1911 5323 Σῖτον

308 5366 661 5438 ἀπαρκέσειν
692 5370 759 5439 τῇ
791 5365 947 5421 πόλει
969 5367 1226 5438 ὀφείλων,
1250 5366 1279 5418 6
1310 5365 1357 5421 δ’
1386 5367 1444 5431 ἐς
1473 5363 1729 5419 τοσοῦτον
1758 5364 1905 5437 ἀπη-

2013 4550 2095 4597 tes
2124 4544 2220 4614 qui
2259 4543 2427 4598 libere
2458 4554 2713 4611 recteque
2753 4543 2898 4613 loqui
2949 4543 3149 4604 solent,
3182 4557 3352 4598 unum
3382 4548 3595 4596 tantum

2015 4646 2209 4705 praeter
2254 4636 2482 4689 stultum
2527 4634 2866 4700 audiebant,
2894 4635 3042 4705 quod
3073 4635 3198 4703 quia
3235 4648 3342 4688 non
3377 4633 3482 4687 nisi
3510 4618 3596 4688 res

2013 4726 2210 4780 stultas
2249 4725 2486 4793 experiri
2527 4736 2582 4781 et
2617 4724 2788 4781 duras
2824 4725 2935 4793 pati
2979 4727 3155 4782 vocati
3203 4734 3391 4780 essent
3433 4724 3504 4779 ita
3536 4740 3598 4780 so

2017 4818 2259 4873 facturos
2288 4834 2412 4874 esse
2446 4834 2515 4873 ne
2546 4819 2729 4890 pejora
2764 4821 3062 4887 patiantur.
3098 4817 3451 4873 Frumentum
3467 4833 3594 4873 eum

2015 4910 2367 4982 suppeditare
2420 4908 2643 4966 debere:
2701 4909 2934 4972 civitati,
2979 4909 3030 4964 in
3090 4916 3304 4963 tantum
3366 4908 3597 4965 incuriae

2016 5004 2165 5059 venit
2213 5013 2269 5057 ut
2306 5018 2375 5057 ex
2438 5018 2501 5056 ea
2541 5001 2959 5056 circumstantia
3011 5009 3323 5070 opportuna
3370 5016 3596 5068 magnas

2015 5093 2238 5149 divitias
2272 5094 2375 5147 sibi
2417 5092 2688 5160 acciperet
2730 5089 2818 5164 (ex
2872 5091 2974 5147 hoc
3013 5105 3175 5161 quem
3212 5090 3449 5145 fructum
3497 5091 3597 5143 mi-

2014 5201 2105 5242 ser
2141 5187 2381 5255 percepit
2414 5183 2456 5254 ?)
2486 5183 2649 5239 fatuis
2673 5197 2802 5239 vero
2827 5184 3032 5240 civitati
3055 5198 3220 5240 causa
3247 5196 3391 5240 esset
3419 5199 3437 5250 ;
3463 5183 3597 5259 adeo

2013 5285 2096 5340 ut,
2132 5276 2237 5330 nisi
2271 5275 2471 5329 ferrum
2502 5274 2740 5329 hostium
2772 5289 2870 5329 eos
2920 5274 3261 5342 devorasset,
3292 5276 3347 5331 in
3396 5272 3597 5351 discri-

2014 5380 2136 5421 men
2165 5381 2225 5423 se
2248 5366 2480 5421 invicem
2511 5366 2810 5422 devoraudi
2837 5367 3056 5422 adducti
3091 5366 3345 5423 fuissent.

313 5463 587 5535 μέλησεν,
623 5462 701 5529 ὡς
734 5463 915 5537 ἑαυτῷ
967 5464 1068 5537 μὶν
1097 5462 1238 5536 λαϐῇ
1278 5461 1374 5518 τοῦ
1425 5461 1670 5517 τοιούτου
1714 5458 1882 5516 καλοῦ
1918 5460 2149 5516 πλοῦτον
2189 5463 2369 5534 παχὺν
2406 5461 2749 5533 περιθέσθαι,
2787 5454 2870 5532 (οὗ
2890 5462 2945 5515 τί
2986 5465 3016 5516 6
3056 5461 3238 5525 ἄθλιος
3272 5459 3594 5535 ἀπώνατος)

309 5563 397 5633 ’τῇ
423 5559 487 5614 δὲ
520 5562 674 5618 ¹πόλει
712 5560 1302 5634 ἐγκαταστῆσαιξλιμόν
1325 5576 1341 5595 ο
1399 5560 1499 5629 ὡς,
1556 5560 1606 5616 sl
1653 5558 1731 5633 μὴ
1784 5558 1923 5632 ταχὺ
1982 5560 2331 5616 κατέσπασεν
2379 5560 2409 5615 6
2467 5560 2579 5615 τῶν
2612 5559 2889 5630 πολεμίων
2939 5559 3182 5632 σίδηρος,
3214 5555 3477 5630 ἀλλήλους
3528 5554 3598 5612 ἂν

312 5655 673 5714 κινδυνεῦσαι
703 5662 1068 5728 καταφαγεῖν.
