4036 6224
523 271 590 339 71
1197 273 1620 337 EUSTATI-III
1661 273 1766 338 ΤΠ
1779 273 2115 340 ESSALON
2129 273 2425 343 ICEN’SlS
2465 283 3023 344 METROPOLITJE
3550 320 3552 322 τ
3712 287 3781 347 7:?

593 382 686 438 61.
736 383 884 439 Idem
954 391 1010 438 et
1080 399 1248 440 causa
1307 385 1410 440 fuit
1465 387 1806 444 defectionis
1865 392 2098 445 militum

2281 393 2381 458 ξα’.
2411 396 2602 462 Γέγονε
2637 397 2731 448 καὶ
2761 393 3114 458 λειπανδρίας
3133 393 3194 460 τῇ
3217 385 3557 464 πόλειταύτῂ
3586 393 3778 455 αἴτιος.

523 475 846 531 incivitate.
868 478 1162 547 Postquam
1187 483 1331 532 rnim
1358 482 1657 535 multorum
1683 484 1962 552 implesset
1987 499 2100 537 tua-

522 579 629 621 lus
661 567 963 632 immerito,
1015 571 1109 638 qui
1142 570 1334 625 volunt
1382 572 1644 627 deserere
1701 575 1926 628 ordines
1969 577 2100 628 sinit

523 659 870 729 patriamque
911 660 1100 724 fugere
1137 676 1248 730 quo
1279 662 1500 717 vellent.
1541 663 1644 729 Qui
1679 666 1887 719 divitiis
1933 665 2098 718 abun-

523 751 746 817 dabant,
781 754 1010 808 salutent
1037 765 1432 825 cauponantes,
1459 756 1616 826 pejus
1639 757 1818 811 adhuc
1844 758 2094 824 agebant.

523 842 840 899 Merrenarii
868 846 1011 899 enim
1041 846 1233 914 plebis.
1271 849 1584 916 quicunque
1624 848 1873 902 manibus
1918 846 1970 899 id
1994 845 2097 898 -nci

525 933 588 984 ad
616 932 912 999 portandas
943 933 1146 996 trabes,
1184 935 1389 1002 lapides
1433 935 1624 1004 procul
1646 935 1947 1001 iaciendas,
1983 951 2094 989 ma—

523 1025 717 1079 chinas
772 1025 1086 1095 dirigendas
1122 1042 1460 1098 arcuumque
1500 1043 1695 1083 nervos
1741 1028 2125 1090 tendendum,

523 1120 761 1186 patriam
827 1121 1203 1188 reliquerant,
1257 1121 1446 1188 sicque
1504 1121 1662 1175 illam
1719 1116 2101 1174 defensoribus

523 1210 890 1273 orbaverant,
958 1211 1100 1266 dona
1161 1220 1343 1266 autem
1401 1213 1682 1280 largiendo
1747 1214 1950 1267 milites
2008 1216 2102 1266 alia-

523 1303 803 1358 tinxerunt
837 1312 898 1358 ut
929 1317 988 1359 se
1036 1305 1380 1375 putissimum
1417 1307 1652 1360 ducibus
1696 1313 2002 1360 uterentur.
2042 1306 2099 1359 Si

523 1394 651 1462 quis
690 1394 836 1448 illum
881 1395 1226 1460 adnuoneret,
1269 1405 1480 1464 nosque
1523 1397 1818 1466 pracipue,
1859 1398 1948 1464 qui
1992 1409 2100 1450 non

507 1497 718 1554 parum
766 1486 1115 1548 timeba-mus.
1173 1502 1239 1541 ne
1287 1487 1378 1540 ille
1428 1493 1606 1541 status
1653 1500 1834 1540 rerum
1881 1486 2102 1541 obesset

521 1571 759 1639 civitati,
787 1584 918 1630 tunc
936 1588 1040 1628 non
1071 1577 1176 1631 sibi
1205 1577 1565 1646 temperabat,
1595 1577 1921 1640 lamentans,
1959 1575 2102 1630 indi-

507 1677 626 1734 ευρ
673 1667 857 1721 ferens
900 1669 1065 1736 atque
1114 1669 1456 1735 exprobrans
1503 1667 1650 1739 quod
1688 1668 1966 1722 civitatem
2021 1667 2102 1722 sic

521 1759 768 1813 orbatam
798 1761 1114 1815 lmmiuilms
1152 1761 1382 1814 videret.

593 1985 681 2038 62.
729 1983 1114 2040 Calamilatuin
1188 1986 1441 2039 cumulus
1482 1985 1584 2040 luit
1633 2003 1788 2056 aqua:
1852 1998 1960 2041 tam
2010 2005 2104 2044 ne-

522 2075 777 2132 cessarire
843 2077 1095 2146 penuria.
1117 2077 1269 2148 Aqua
1335 2081 1479 2132 enim
1533 2083 1677 2135 arcis
1705 2096 1827 2150 quas
1850 2082 1916 2136 de
1947 2083 2103 2152 longe

521 2182 663 2236 aegre
702 2162 977 2229 abluebat.
1031 2177 1089 2222 ut
1122 2177 1266 2223 esset
1331 2168 1567 2224 salubris
1608 2171 1908 2226 curandum
1942 2181 2100 2236 erat;

521 2257 590 2312 ad
633 2259 736 2313 hoc
789 2268 1030 2327 tempore
1082 2261 1377 2332 laboreque
1432 2277 1572 2332 opus
1620 2273 1761 2329 erat,
1816 2272 1871 2319 et
1919 2265 1964 2320 si
2015 2263 2104 2318 vix

525 2349 674 2417 potui
698 2357 822 2418 apta
895 2349 1076 2412 lleliat,
1113 2350 1273 2404 ﬁebat
1324 2361 1532 2407 tamen.
1563 2351 1796 2418 Quidam
1829 2367 1898 2407 ex
1943 2368 2104 2409 exer-

525 2438 637 2492 citu
704 2456 812 2494 non
865 2440 1118 2509 ignobilis
1146 2441 1277 2512 (Leo
1340 2443 1430 2498 hic
1482 2450 1601 2498 erat
1655 2441 1916 2514 Mazidas)
1975 2458 2101 2498 cum

527 2529 634 2584 ltoc
681 2533 991 2600 accepisset
1029 2549 1230 2588 munus
1281 2534 1499 2603 sibique
1535 2535 1926 2604 gratularetur,
1977 2535 2106 2589 lior-

533 2631 682 2677 tatus
738 2633 821 2677 est
874 2623 1138 2678 Davidem
1187 2637 1246 2678 ut
1291 2635 1402 2680 tres
1463 2624 1582 2681 dics
1641 2638 2104 2681 consumerentur

531 2715 584 2768 in
635 2729 820 2784 opere,
856 2725 915 2770 ut
964 2717 1125 2772 locus
1177 2729 1426 2773 secretus
1483 2727 1608 2771 tuto
1651 2733 1874 2793 servare
1921 2727 2105 2788 posset

527 2817 723 2875 aquam
767 2805 820 2859 in
865 2821 928 2861 eo
961 2816 1297 2869 contentam,
1328 2809 1457 2861 dum
1489 2807 1638 2861 nulla
1666 2816 1813 2863 esset
1854 2808 2102 2863 necessi-

528 2908 613 2956 tas
674 2899 822 2955 aliud
884 2900 1183 2968 operandi,
1244 2900 1514 2969 siquidem
1601 2901 1784 2955 hostes
1863 2900 2101 2954 nondum

527 2991 810 3056 adessent,
847 2993 943 3047 sed
981 2993 1174 3062 procul
1207 2999 1403 3046 contra
1439 2992 1716 3047 abessent.
1771 2989 1868 3048 llic
1920 3006 2103 3048 sermo

527 3085 733 3156 placuit
761 3085 928 3139 David
966 3087 1018 3139 in
1065 3094 1280 3138 tantum
1339 3092 1398 3139 ut
1426 3080 1941 3154 probaret.Ventus
1971 3102 2101 3141 vero

528 3175 808 3245 arripiens
843 3174 1011 3229 verba
1042 3174 1269 3229 Mazida:
1306 3175 1576 3241 abstulit;
1613 3190 1678 3230 ac
1730 3176 1784 3231 in
1821 3177 2101 3232 oblivione

528 3278 771 3322 mentem
826 3252 1050 3322 Davidis
1075 3267 1371 3336 sepeliens,
1420 3267 1709 3322 surculum
1758 3268 1949 3321 eduxit
2001 3268 2096 3338 qui

525 3355 707 3412 factus
753 3358 976 3428 grandis
1031 3365 1258 3411 truncus
1320 3356 1424 3411 fuit
1457 3359 1582 3411 mali
1611 3357 1815 3427 magni.
1845 3355 2098 3413 Nondum

523 3457 644 3504 erat
674 3463 924 3519 vespera,
959 3449 1357 3517 abundansque
1389 3463 1530 3518 aqua
1577 3447 1747 3503 libere
1792 3448 1959 3504 liuere
2006 3466 2099 3504 va-

524 3537 645 3595 lens
697 3540 752 3592 in
783 3553 944 3594 suum
999 3525 1439 3606 receptaculum,
1489 3551 1714 3591 cursum
1764 3550 1923 3590 suum
1983 3551 2100 3590 ma-

522 3647 631 3704 gno
652 3632 835 3687 sonitu
867 3630 1166 3686 indicabat.
1189 3629 1343 3684 Tunc
1366 3627 1509 3684 forte
1539 3628 1778 3683 Mazidas
1801 3643 1926 3683 cum
1959 3643 2098 3700 pra:-

523 3724 729 3780 tericns
778 3721 924 3792 qtlod
984 3722 1186 3777 factum
1228 3731 1379 3777 esset
1420 3722 1712 3785 audiisset,
1766 3721 2098 3776 festinanter

524 3814 593 3869 ad
634 3813 894 3869 Davidem
932 3815 1129 3876 currit,
1179 3814 1541 3882 referensque
1580 3812 1729 3882 quod
1773 3812 1989 3866 diaerat
2039 3811 2094 3865 in

523 3914 762 3960 mentem
797 3914 1040 3960 revocat.
1067 3905 1233 3960 David
1265 3920 1416 3971 vero,
1440 3904 1533 3974 qui
1573 3904 1834 3959 ultionem
1867 3919 2088 3960 sumere

523 3995 990 4068 posset,oblivisci
1025 3995 1237 4050 maluit.
1254 3995 1548 4065 Postquam
1573 4010 1700 4048 vero
1721 3995 1986 4050 audiisset
2011 4009 2097 4051 re-

525 4088 813 4141 tinendam
858 4099 980 4141 esse
1009 4102 1233 4156 aquam,
1257 4085 1417 4155 quasi
1444 4085 1625 4139 adhuc
1661 4086 1884 4141 utilitati
1919 4088 1972 4141 in
2003 4103 2097 4158 po-

523 4190 736 4238 sterum
788 4179 1047 4244 futuram,
1092 4179 1289 4242 noluit,
1339 4191 1649 4247 aquamque
1697 4177 1867 4233 ﬂuere
1913 4181 2094 4234 sinere

523 4274 712 4344 jussit.
744 4273 897 4341 Aqua
949 4273 1115 4345 igitur
1168 4271 1328 4325 ﬂuxit
1379 4270 1433 4324 in
1486 4270 1895 4338 receptaculum
1942 4270 2089 4339 quod

2207 487 2514 556 Πληρὼσας
2538 489 2648 554 γὰρ
2678 489 2735 539 ἐν
2765 487 2978 548 πολλοῖς
3005 486 3100 546 τὰς
3125 487 3332 552 χεῖρας.
3360 479 3434 536 ὧν
3459 487 3559 537 οὐκ
3589 488 3777 556 ἐχρῆν,

2198 580 2352 647 ἀφίει
2381 582 2507 641 τοὺς
2538 581 2824 640 ἐθέλοντας
2875 578 3272 642 λειποτακτεῖν,
3305 577 3400 630 καὶ
3429 577 3654 645 φεύγειν
3682 581 3780 649 τὴν

2203 671 2461 741 πατρίδα.
2493 671 2617 723 ὅποι
2651 669 2948 738 βούλοιντο.
2980 668 3085 719 Kal
3118 669 3166 719 oi
3216 667 3580 735 βαθύπλουτοι
3627 685 3782 738 περ.-

2204 756 2522 826 ποιούμενοι
2549 759 2693 811 οὓτω
2722 759 2784 811 τὸ
2812 756 3103 820 σώζεσθαι,
3131 757 3432 810 ἀπετέλουν
3461 758 3555 810 καί
3583 775 3636 812 τι
3662 763 3777 827 χεῖ-

2205 867 2315 920 ρον.
2343 849 2790 917 Μισθαρνοῦντες
2838 852 2947 917 γὰρ
2983 849 3090 901 τῶν
3119 845 3451 917 δημοτικῶν,
3478 850 3592 902 ὅσοι
3615 850 3780 914 δεξιοὶ

2200 942 2300 1003 τὰς
2332 945 2542 1011 χεῖρας,
2578 944 2669 994 καὶ
2705 940 2925 1011 βριαροὶ
2955 941 3148 1010 ῥάϐδον
3181 957 3243 992 τε
3274 944 3644 1008 κατενεγκεῖν,
3682 945 3782 995 καὶ

2201 1031 2350 1084 λίθον
2376 1033 2591 1100 μακρὰν
2628 1033 2871 1100 ἀφεῖναι,
2905 1032 3000 1083 καὶ
3038 1030 3288 1100 μηχανὴν
3319 1029 3781 1100 διαχειρίσασθαι,

2203 1123 2298 1174 καὶ
2327 1121 2483 1186 τόξου
2511 1122 2707 1192 νευρὰν
2735 1123 2969 1174 ἐντεῖναι
2994 1121 3085 1172 καὶ⁵
3118 1118 3321 1186 βαλεῖν,
3345 1119 3650 1188 ἐξεχώρουν
3678 1123 3780 1190 τῆς

2203 1213 2484 1282 πατρίδος.
2518 1215 2626 1266 Kal
2679 1212 2853 1282 αὐτὴν
2891 1212 2994 1281 μὲν
3032 1211 3377 1279 ἀπεστέρουν
3407 1209 3577 1273 οὕτως
3605 1212 3788 1279 egw-

2200 1305 2388 1375 τήρων
2413 1321 2425 1334 ·
2455 1305 2668 1367 ἑαυτοῖς
2695 1304 2752 1357 δὲ
2773 1304 2870 1356 ὅσα
2895 1304 2989 1356 καὶ
3015 1301 3344 1373 στρατηγοῖς
3369 1300 3588 1354 ἔπειθον
3608 1305 3790 1356 τοιοῦ-

2203 1411 2296 1447 τον
2323 1393 2638 1446 ἀκολουθεῖν
2669 1395 2919 1463 στρατὸν,
2969 1392 3159 1462 δώροις
3201 1392 3498 1454 πείθοντες.
3549 1394 3668 1447 Κᾶν
3697 1411 3787 1457 τις

2202 1486 2352 1554 αὐτῷ
2379 1485 2748 1555 ὑπηγόρευσε,
2777 1485 2872 1538 καὶ
2901 1483 3138 1554 μάλιστά
3158 1500 3220 1550 γε
3244 1484 3406 1552 ἡμεῖς
3434 1483 3484 1534 οἱ
3517 1483 3592 1553 μὴ
3627 1487 3781 1538 πάνυ

2201 1589 2254 1626 τι
2283 1574 2538 1636 δεδιότες.
2569 1573 2644 1636 ὡς
2671 1575 2771 1626 οὐκ
2826 1573 3029 1639 ἀγαθὸν
3057 1575 3122 1640 τῇ
3159 1573 3314 1623 πόλει
3364 1571 3427 1623 τὸ
3451 1570 3598 1624 οὕτω
3619 1575 3783 1640 γενέέ

2204 1663 2347 1726 σθαι,
2381 1664 2494 1718 ἀλλ’
2559 1663 2792 1716 ἐνταῦθα
2825 1663 2926 1715 ούκ
2971 1657 3040 1732 ἦν
3093 1660 3332 1730 φορητὸς
3361 1662 3390 1712 6
3425 1660 3588 1730 ἀνὴρ,
3658 1679 3787 1729 σχε-

2202 1753 2438 1816 τλιάζων
2465 1755 2560 1805 καὶ
2582 1751 3014 1820 δυσανασχετῶν,
3044 1750 3094 1802 εί
3119 1749 3396 1819 μἐμφθείη
3415 1748 3490 1812 ὡς
3518 1751 3783 1821 περιιδὼν

2204 1845 2502 1914 γενομένην
2531 1843 2675 1896 οὕτω
2707 1842 2806 1913 τὴν
2839 1843 2998 1896 πόλιν
3026 1841 3340 1909 κένανδρον.
3643 1843 3647 1850 ’

2276 2003 2372 2074 ξβ’.
2411 2004 2484 2057 T6
2517 2003 2573 2056 δὲ
2615 2004 2678 2074 δὴ
2734 2004 3032 2072 κορυφαῖον
3067 2003 3124 2053 ἐν
3173 2003 3284 2064 τοῖς
3329 1999 3450 2054 καθ’
3476 2001 3622 2071 ἡμᾶς
3655 2003 3785 2054 τοῦ-

2201 2111 2315 2158 τοις
2345 2098 2534 2156 κακοῖς
2589 2096 2680 2148 καὶ
2711 2096 2745 2163 ἡ
2781 2093 2873 2146 τοῦ
2903 2091 3334 2160 ἀναγκαιοτάτου
3377 2091 3568 2153 ὓδατος
3596 2093 3780 2145 ἐκλει-

2203 2189 2296 2258 ψις
2326 2184 2418 2258 ἦν.
2464 2187 2551 2250 Ὦς
2575 2186 2683 2256 γὰρ
2715 2187 2748 2256 ἡ
2781 2186 2878 2254 τῆς
2909 2183 3257 2251 ἀκροπόλεως
3288 2182 3556 2252 δεξαμενὴ
3588 2184 3780 2253 ἀργῶς

2205 2279 2270 2331 ἐκ
2305 2277 2520 2347 μακροῦ
2551 2273 2688 2346 εἶχε,
2720 2278 2816 2328 καὶ
2859 2276 3024 2345 ἐχρῆν
3055 2273 3456 2342 ἀναποιηθῆναι
3488 2275 3659 2344 αὐτὴν
3693 2275 3783 2328 ἐκ·

2207 2367 2661 2437 θεραπευθεῖσαν,
2711 2365 2840 2419 ἔνθα
2872 2366 3050 2434 χρόνῳ
3079 2365 3517 2435 καταπεπόνητο,
3567 2368 3778 2434 ἐγίνετο

2205 2462 2364 2513 τοῦτο
2400 2459 2553 2529 μόλις
2579 2459 2698 2527 μὲν,
2721 2456 2836 2510 ἀλλ’
2866 2447 2979 2511 οὖν.
3009 2457 3114 2509 Καί
3137 2473 3221 2520 τις
3248 2456 3358 2509 τῶν
3384 2459 3481 2526 τῆς
3519 2461 3773 2526 στρατιᾶς

2205 2551 2307 2608 ούκ
2351 2549 2566 2618 ἀφανὴς
2593 2548 2770 2618 (Λέων
2799 2541 2866 2617 ἦν
2897 2549 3104 2609 ἐκεῖνος
3131 2547 3157 2597 6
3187 2545 3484 2614 Μαςιδᾶς).
3515 2546 3770 2610 ἀποδεξά-

2211 2659 2368 2712 μενος
2398 2639 2460 2694 τδ
2493 2641 2723 2710 πρᾶγμα
2779 2639 2870 2691 καὶ
2928 2636 3244 2704 ἐπαινέσας,
3293 2631 3633 2705 παρεκάλεσε
3684 2641 3771 2690 τὴν

2209 2732 2370 2786 Δαυῖδ
2402 2732 2613 2801 ἡμέρας
2652 2727 2907 2799 τριϐἧναί
2962 2745 3113 2790 τινας
3171 2732 3308 2796 μετά
3364 2729 3422 2781 τὸ
3475 2729 3659 2800 ἔργον.
3693 2731 3777 2782 ἵνα

2209 2821 2547 2892 στεγανωθὲν
2587 2821 2647 2874 τὸ
2691 2821 2913 2887 ἀγγεῖον
2953 2819 3052 2890 ἔχῃ
3087 2818 3376 2886 φυλάττειν
3407 2821 3462 2873 τδ
3487 2821 3779 2873 πιστευθὲν

2209 2917 2354 2987 ὕδωρ
2406 2912 2686 2982 ἀσφαλῶς,
2714 2912 2801 2964 διὰ
2835 2910 2892 2964 τὸ
2946 2909 3081 2980 μηδέ
3130 2910 3376 2977 ἀνάγκην
3409 2910 3544 2971 τέως
3593 2913 3779 2962 ἐπιτε-

2210 3005 2420 3060 θεῖσθαί
2447 3021 2589 3069 τινα,
2630 2997 2717 3056 οἷα
2745 3000 2856 3054 τῶν
2883 3001 3160 3070 πολεμίων
3195 2998 3347 3053 οὔπω
3380 3001 3774 3068 ἐπικειμένων,

2206 3099 2342 3154 ἀλλὰ
2371 3095 2704 3167 πορρωτέρω
2736 3110 2838 3146 που
2874 3090 3200 3145 διεστώτων.
3236 3091 3345 3144 Kal
3386 3090 3582 3160 ἤρεσεν
3618 3092 3647 3142 6
3680 3089 3778 3142 λό-

2205 3207 2300 3260 γος
2328 3187 2406 3258 τῷ
2435 3185 2614 3250 Δαυῒδ,
2641 3185 2740 3238 ὅσα
2792 3200 2853 3250 γε
2885 3182 3056 3246 δόξαι.
3093 3183 3325 3250 Ἄνεμος
3357 3181 3412 3233 δέ
3441 3182 3782 3250 ἀφαρπάσας

2201 3284 2293 3336 τὸν
2331 3280 2425 3334 τοῦ
2450 3274 2663 3342 Μαζιδᾶ
2697 3277 2875 3345 λόγον,
2908 3276 3163 3344 ἀπήγαγε
3189 3292 3202 3305 ·
3233 3274 3326 3327 καὶ
3355 3274 3494 3345 λήθῃ
3525 3274 3784 3342 καταχῶ-

2205 3390 2304 3436 ca;
2333 3371 2394 3426 τό
2427 3371 2520 3423 τοῦ
2556 3367 2718 3423 Δαυτδ
2747 3366 3000 3438 φρονοῦν,
3027 3367 3263 3434 ἀνέφυσε
3298 3365 3534 3436 βλάστην
3581 3365 3786 3434 ἅδρυνέ-

2202 3465 2408 3528 θεῖσαν,
2440 3461 2682 3531 πρέμνον
2723 3459 2962 3528 μεγάλου
2995 3457 3188 3510 κακοῦ.
3221 3455 3386 3509 Οΰπω
3416 3457 3523 3526 γὰρ
3549 3452 3784 3526 ἦν’όψίχ

2199 3553 2370 3624 δείλη,
2400 3551 2491 3604 καὶ
2526 3550 2589 3603 τδ
2630 3548 2937 3619 χυρταῆθεν
2972 3546 3112 3617 ὕδωρ
3152 3545 3424 3598 ἁπολυθέν
3455 3546 3597 3598 θέειν
3627 3544 3780 3597 κατᾶ

2197 3644 2291 3698 τοῦ
2335 3643 2566 3704 σκεύους
2600 3640 2906 3709 ἐλεύθερον,
2957 3637 3252 3706 κατηγόρει
3307 3639 3402 3689 τὸν
3437 3636 3638 3706 δρόμον
3692 3626 3780 3706 τῷ

2197 3734 2547 3806 κελαρυσμῷ.
2603 3733 2713 3786 Kal
2749 3734 2777 3786 6
2810 3731 3060 3796 Μαζιδᾶς
3092 3730 3412 3799 παροδεύειν
3442 3730 3642 3799 τυχὼν,
3675 3731 3786 3783 καὶ

2197 3829 2458 3892 ἀκούσας,
2485 3825 2513 3881 ὃ
2547 3827 2777 3896 ἐγίνετο,
2825 3824 3010 3895 τρέχει
3050 3823 3296 3876 σπεύδων
3323 3822 3415 3876 ἐπὶ⁸
3463 3822 3552 3875 τὸν
3579 3820 3782 3883 Δαυῖδ,

2197 3920 2292 3974 καὶ
2320 3917 2754 3989 ἀναμιμνήσκει,
2790 3915 3155 3985 προενεγκὼν,
3186 3912 3222 3966 ἃ
3259 3909 3400 3968 εἶπε.
3433 3913 3540 3965 Καὶ
3561 3913 3588 3964 6
3610 3909 3788 3966 Δαυῒδ

2196 4010 2574 4080 ἀγανακτῆσαι
2640 4007 3013 4077 σκηψάμενος,
3072 4004 3412 4077 προύϐάλετο
3487 4004 3786 4060 λαθέσθαι.

2208 4103 2473 4164 ’Δκούσας
2510 4101 2590 4166 δὲ,
2627 4099 2736 4152 δεῖν
2772 4097 3128 4168 ἐπισχεθῆναι
3169 4096 3229 4148 τδ
3269 4095 3437 4165 ὕδωρ,
3465 4095 3541 4158 ὼς
3585 4096 3783 4164 ἐγχω-

2197 4193 2324 4265 ροῦν
2357 4191 2610 4262 γενέσθαι
2655 4191 2752 4243 καὶ
2799 4189 3042 4250 εἰσαῦθις
3073 4189 3134 4242 τὸ
3195 4187 3380 4252 καλὸν,
3430 4188 3786 4258 ἀπηνήνατο,

2195 4285 2455 4348 ἐπιτάξας
2491 4283 2745 4349 ἀφίεσθαι
2780 4283 2927 4350 ῥέειν
2958 4283 3016 4333 τδ
3045 4279 3212 4352 ὓδωρ.
3265 4281 3372 4333 Kal
3411 4279 3590 4331 τοίνυν
3634 4281 3789 4332 αὐτὸ

525 4365 678 4418 illam
721 4363 963 4418 vicissim
1017 4362 1248 4426 dimisit,
1288 4373 1474 4415 curam
1534 4360 1909 4429 supradictam
1970 4361 2092 4413 inu-

2200 4375 2298 4444 μέν
2327 4373 2624 4444 είσέῤῥεεν,
2656 4374 2687 4442 ἠ
2717 4371 2984 4442 δεξαμενὴ
3017 4372 3074 4426 δέ
3116 4372 3442 4441 ἐξέπεμπεν,
3475 4369 3504 4422 δ
3535 4369 3789 4440 ἐδέχετο,

526 4457 677 4511 tilem
735 4455 1112 4518 faciens,cuni
1175 4462 1299 4524 post
1359 4452 1549 4506 limum
1599 4466 1826 4520 gypsum
1863 4451 2092 4505 traxerit

527 4561 692 4613 aqua.
718 4543 837 4599 Non
868 4543 1025 4598 multi
1060 4543 1178 4596 dies
1205 4551 1363 4595 erant
1385 4541 1559 4610 elapsi
1604 4555 1954 4608 vacuumque
2000 4554 2092 4595 re-

526 4635 877 4705 ceptaculum
926 4642 1067 4695 erat,
1101 4632 1247 4686 unde
1300 4639 1647 4685 evanuerunt
1687 4630 1853 4684 simul
1901 4645 2093 4686 omnes

527 4741 656 4793 spes
680 4743 816 4796 quas
843 4728 896 4780 in
931 4740 1059 4780 arce
1088 4739 1533 4796 reposueramus,
1577 4739 1850 4790 nemoque
1873 4725 1983 4793 jam
2021 4725 2090 4778 ad

529 4820 675 4874 illam
703 4821 891 4874 oculos
925 4817 1144 4874 levavit.
1172 4817 1528 4886 Nosmetipsi,
1556 4817 1685 4870 licet
1730 4816 1909 4881 inviti,
1951 4819 2090 4869 viam

529 4912 772 4982 aggressi
796 4927 1016 4966 eramus
1049 4909 1364 4965 necessaria
1393 4916 1707 4978 portantes,
1741 4921 1864 4962 cum
1897 4907 2096 4962 didici-

533 5018 680 5067 mus,
716 5018 913 5073 aquam
958 5003 1189 5072 periisse
1217 5017 1233 5066 ;
1267 5001 1430 5055 simul
1459 5008 1641 5055 autem
1675 5015 1798 5053 cum
1833 4998 1923 5053 illa
1967 5015 2094 5068 spes

528 5095 712 5150 omnis
741 5095 1006 5162 evanuit;
1037 5095 1110 5147 ibi
1163 5093 1338 5146 divisa
1388 5105 1510 5162 quae
1558 5101 1863 5159 supererat,
1921 5107 2094 5146 unum

533 5185 912 5238 tantummodo
944 5183 1140 5237 timere
1168 5189 1222 5236 et
1254 5195 1414 5236 orare
1451 5184 1758 5236 statuimus
1786 5190 1844 5234 ut
1891 5181 2095 5250 aliquis

530 5284 803 5330 averteret
844 5275 956 5330 haec
1007 5276 1313 5330 istiusmodi
1351 5275 1720 5343 proditionem
1753 5276 1890 5328 adeo
1937 5275 2095 5328 redo-

531 5367 722 5422 lentia.
763 5363 917 5421 Tunc
963 5366 1109 5421 enim
1144 5367 1350 5420 nullum
1395 5375 1515 5420 erat
1561 5375 1776 5435 partum
1818 5382 1940 5420 cum
1997 5367 2097 5420 bo-

531 5456 995 5527 stibus(quamvis
1045 5457 1351 5511 faciendum
1392 5457 1583 5525 esset),
1632 5459 1780 5512 nulla
1841 5459 1983 5512 dona
2037 5468 2097 5513 ut

532 5547 816 5603 adirentur
847 5550 1054 5604 certius
1090 5549 1260 5604 frater
1293 5563 1357 5603 ac
1405 5560 1575 5602 mater
1621 5549 1733 5602 fato
1777 5553 2094 5608 Andronico

535 5639 857 5707 iucritabili,
900 5642 997 5698 sed
1047 5656 1263 5698 suunua
1324 5642 1652 5704 negligentia
1710 5643 1910 5712 illaque
1963 5646 2095 5700 urbs

2191 4465 2553 4534 ἀναλυθείσης
2589 4466 2688 4536 τῆς
2742 4466 3062 4537 προσφάτου
3127 4469 3513 4534 ἐπιποιήσεως,
3568 4460 3651 4528 οἷς
3713 4469 3790 4518 τὸ

2195 4555 2340 4627 ὕδωρ
2374 4556 2680 4626 ἀπαλεῖψαν
2703 4557 2803 4627 τὴν
2851 4557 3025 4627 ὑγρὰν
3060 4557 3339 4627 παρέσυρε
3374 4561 3606 4609 τίτανον.
3660 4556 3793 4608 Kal

2193 4650 2252 4702 ού
2289 4648 2475 4702 πολλαὶ
2500 4649 2702 4718 ἡμέραι
2735 4648 2959 4720 ᾠχοντο,
2996 4645 3200 4718 καὶ,ἦν
3223 4649 3282 4700 τὺ
3316 4649 3536 4715 ἀγγεῖον
3572 4647 3742 4716 κενόν
3772 4663 3790 4678 ’

2193 4739 2316 4794 ὅθεν
2345 4737 2848 4810 συνεξεκενώθησαν
2879 4742 3010 4809 ἡμῖν
3045 4740 3256 4793 ἅπασαι
3297 4739 3352 4790 ai
3393 4738 3486 4789 ἐπὶ
3516 4738 3582 4806 τῇ
3607 4740 3799 4807 ἀκρο-

2195 4831 2348 4883 πόλει
2377 4829 2614 4894 ἐλπίδες,
2662 4831 2755 4884 κα“ι
2785 4831 2971 4883 ούκέτι
2999 4829 3173 4892 οὐδεὶς
3222 4828 3523 4882 ἀνέϐλεπεν
3563 4829 3642 4889 είς
3679 4829 3803 4881 αὺ-

2195 4923 2316 4992 τήν.
2358 4922 2469 4975 Καὶ
2503 4922 2662 4992 ἡμεῖς
2707 4918 2800 4974 οὖν
2827 4922 3320 4988 συσκευασάμενοι,
3352 4921 3534 4972 ἐκεῖσέ
3569 4934 3803 4972 καταν-

2194 5012 2403 5082 τήσειν,
2429 5011 2588 5081 εἴπερ
2615 5011 2730 5083 βία,
2761 5011 2856 5062 καὶ
2878 5010 2948 5063 τὰ
2970 5012 3247 5079 ἀναγκαῖα
3274 5013 3800 5079 συγκομισὰμενοι,

2196 5105 2318 5156 ἐπεὶ
2357 5105 2649 5173 μάθοιμεν,
2686 5102 3024 5157 ἀπολωλέναι
3057 5102 3119 5155 τδ
3169 5103 3336 5172 ὕδωρ,
3380 5104 3802 5172 συγκατερῥύη

2199 5196 2299 5266 μέν
2335 5196 2396 5249 τὺ
2434 5195 2640 5259 εὔελπι,
2696 5195 2788 5247 καὶ
2835 5193 3218 5265 διανείμαντες
3275 5197 3391 5246 ἐκεῖ
3427 5196 3527 5262 τὴν
3569 5205 3802 5261 συγκο-

2200 5288 2379 5360 μιδὴν,
2428 5289 2592 5358 μόνου
2618 5283 2711 5339 τοῦ
2743 5285 2944 5356 δειλιᾷν
2989 5289 3081 5338 καὶ
3124 5286 3807 5354 εύχεσθαικατέετημεν,

2195 5380 2277 5440 τίς
2306 5379 2371 5432 ἂν
2421 5379 2486 5447 δὴ
2527 5377 2803 5444 ἀπαγάγοι
2851 5378 2922 5429 τὰ
2958 5377 3182 5430 τοιαῦτα
3225 5376 3322 5428 τοῦ
3379 5376 3519 5430 κατὰ
3576 5377 3813 5447 προδο-

2199 5469 2318 5522 σίαν
2354 5468 2700 5537 συγγενικοῦ.
2727 5461 2792 5519 Εἰ
2815 5466 2922 5538 γὰρ
2953 5469 3046 5520 καὶ
3079 5467 3330 5538 μηδαμοῦ
3380 5467 3615 5521 ἐνταῦθα
3645 5483 3816 5520 συν-

2197 5557 2341 5627 θήκη
2376 5558 2514 5626 πρὸς
2541 5555 2833 5626 πολεμίους
2861 5558 3063 5625 (θετέον
3117 5559 3227 5625 γὰρ
3251 5557 3442 5627 οὕτω),
3477 5556 3602 5608 esse
3633 5556 3810 5624 ἀρέ-

2199 5665 2359 5702 σκεια
2382 5649 2474 5702 ἐπὶ
2495 5647 2706 5717 δώροις,
2731 5649 2901 5717 φειῖοῖ
2936 5648 3026 5700 τοῦ
3083 5649 3392 5718 ἐμπελάσαι
3412 5649 3507 5701 τόν
3525 5663 3584 5698 τε
3610 5645 3811 5702 διδ-εξεσ-
