4036 6224
223 339 293 404 73
1034 333 1130 394 DE
1175 330 1742 397 THESSALONICA
1781 332 1991 397 URBE
2035 337 2078 395 Α
2108 335 2416 395 LATINIS
2454 335 2705 396 CAPTA.
3411 324 3484 393 ιι

223 452 324 516 φὸν
353 447 456 518 τήν
492 464 551 501 τε
587 448 798 517 μητέρα
852 449 962 510 τοῖς
1016 448 1112 501 τοῦ
1154 449 1498 518 Ἀνδρονίκου
1551 450 1814 517 ἀφύκτοις

1948 466 2048 505 rum
2081 452 2224 506 omni
2275 467 2376 506 suo
2427 451 2630 522 popqu
2678 449 2838 505 malis
2891 448 3205 510 submersa.
3241 462 3362 502 cum
3397 450 3482 502 vin

224 542 411 602 λίνοις,
452 539 568 590 ἀλλ’
609 539 742 591 αὐτὸ
780 537 844 608 δὴ
876 539 939 590 τὸ
987 539 1176 606 ἄκρως
1227 539 1470 608 ἀμελεῖν,
1517 542 1612 591 καὶ
1653 539 1804 608 παρὰ

1957 543 2074 597 nica
2139 543 2332 597 orandi
2407 544 2602 598 ducem
2667 549 2726 595 ιιι
2778 550 2995 610 tempus
3063 539 3486 609 expugnationis

223 631 430 700 φαῦλον
467 633 568 696 τὴν
614 627 887 696 τοσαύτην
944 628 1100 681 πόλιν
1151 629 1400 682 τίθεσθαι
1460 632 1555 682 καὶ
1596 630 1689 681 τὸν
1746 631 1804 680 ὲν

1953 634 2280 699 bbreviaret,
2311 650 2458 698 cum,
2487 635 2532 690 si
2573 633 2782 688 vultttm
2807 633 3157 700 imperatoris
3182 630 3397 701 fugiens
3418 631 3484 684 ad

225 725 366 794 αὐτῇ
400 723 578 774 πάντα
604 722 760 784 λαὸν,
793 720 888 774 καί
921 738 1024 773 που
1051 721 1148 773 καὶ
1176 719 1432 790 εὔχεσθαι
1463 721 1554 774 τὸν
1577 735 1808 790 στρατη-

1951 742 2111 781 orvos
2138 726 2440 789 advolaret,
2467 725 2730 795 proditori
2776 725 3089 779 simillimus
3112 733 3280 785 esset,
3326 733 3489 790 atque

228 816 349 879 γδν,
374 812 746 881 ἐπιτμηθῆναι
775 811 867 862 τὸν
898 811 996 879 τῆς
1052 811 1315 874 ἁλώσεως
1369 814 1580 881 χρόνον,
1611 813 1663 862 εί
1694 830 1809 872 πως

1948 821 2204 888 iiquoties
2259 818 2432 887 pejor,
2463 818 2558 886 qui
2601 825 2660 870 ut
2705 816 2988 871 comccdus
3026 814 3210 868 verbis
3268 823 3480 866 tantum

229 902 490 971 ἐκφυγὼν
509 903 567 956 τὸ
584 901 678 954 τοῦ
723 903 993 971 βασιλέως
1012 902 1325 971 πρόσωπον,
1349 905 1404 964 ἐς
1421 903 1662 971 κόρακας
1686 909 1813 955 πτε-

1953 921 2231 982 ugnasset.
2263 909 2441 964 Mente
2466 910 2707 979 prudens
2752 909 2804 961 in
2831 908 3021 962 eodem
3069 906 3265 960 ordine
3326 905 3488 958 istius

237 996 489 1064 ρύΞεται,
506 995 758 1061 συγγενὲς
778 993 844 1046 ἂν
868 993 956 1063 εἴη
986 994 1130 1060 μάλα
1146 994 1224 1061 τῷ
1246 992 1571 1061 προδιδόναι,
1591 993 1684 1046 καί
1707 1010 1810 1044 που

1951 1002 2058 1056 ιο(Ιὶ
2084 1011 2327 1070 poneret.
2351 999 2817 1066 Quemadmodum
2851 999 3186 1068 gubernator
3217 997 3369 1050 navis
3392 1011 3489 1048 en-

233 1092 334 1140 καὶ
358 1089 556 1155 χεῖρον,
575 1084 649 1148 ὡς
665 1085 730 1139 ἄν
779 1103 868 1146 τις
915 1084 1010 1137 τοῦ
1035 1085 1215 1138 λαλεῖν
1255 1086 1504 1154 τεχνίτης
1546 1087 1814 1151 ἐπαγωνί-

1955 1109 1999 1147 ts
2046 1108 2152 1146 non
2207 1105 2292 1147 est
2342 1093 2598 1147 dominus
2627 1091 2723 1146 sed
2781 1090 3107 1154 conductor,
3143 1089 3494 1152 siisaseitur

234 1197 410 1232 σαιτο.
425 1179 532 1232 Καὶ
553 1180 580 1230 ὁ
598 1176 908 1244 λογίζεσθαι
925 1177 1402 1244 συνετδςῖταυτίξοι
1419 1179 1549 1245 γοῦν
1564 1177 1717 1231 ταῦτ’
1749 1175 1813 1230 ἂν

234 1272 380 1320 κατὰ
409 1273 469 1320 τὸ
499 1271 804 1320 σύστοινον.
855 1269 1014 1320 Οὕτω
1058 1269 1153 1320 καὶ
1181 1271 1569 1320 οἰακοστρόφος
1592 1269 1728 1320 νεὼς
1750 1271 1810 1320 ού

1948 1187 1995 1238 lli
2059 1187 2152 1254 qui
2210 1200 2331 1239 eam
2382 1183 2622 1246 laeserit,
2670 1198 2780 1237 non
2853 1191 2954 1236 esL
3003 1190 3062 1238 ιιι
3112 1169 3298 1248 πηοεθέ

1951 1284 2072 1320 amr
2101 1315 2114 1320 -
2147 1275 2302 1320 adest
2330 1275 2548 1320 quidem
2580 1274 2824 1320 nericnlo
2852 1289 2868 1320 ἰ
2900 1271 3129 1320 conﬁnia
3175 1285 3324 1320 «vero
3373 1285 3421 1320 el
3469 1287 3492 1320 ,Γ

229 1272 380 1325 κατὰ
409 1273 469 1322 τὸ
499 1271 804 1338 σύστοιχον.
855 1269 1014 1322 Οὕτω
1058 1269 1153 1321 καὶ
1181 1271 1569 1339 οἰακοστρόφος
1592 1269 1728 1332 νεὼς
1750 1271 1810 1322 ού

1951 1284 2072 1330 atur
2101 1315 2115 1340 ,
2147 1275 2302 1329 adest
2330 1275 2549 1344 quidem
2580 1274 2824 1342 periculo
2852 1289 2868 1337 ;
2900 1271 3129 1326 eonsiiia
3175 1285 3324 1324 ’νει-ο
3373 1269 3492 1336 οἴω

232 1363 382 1416 κατὰ
412 1363 668 1432 κυρείαν,
695 1362 834 1414 ἀλλὰ
869 1361 1088 1430 μισθοῦ,
1122 1364 1170 1414 εἰ
1205 1361 1282 1432 τῷ
1310 1362 1812 1430 κεφαλαιωσαμὲνῳ

232 1457 337 1524 τὴν
369 1453 504 1506 ναῦν
533 1454 805 1520 ὲγκοτοίη,
831 1455 888 1515 ἐς
915 1455 1040 1506 ὅσον
1067 1454 1165 1507 οὐκ
1191 1455 1306 1507 ἐστι
1333 1455 1494 1506 πλέον
1523 1455 1813 1518 ἐπιτεῖναι,

237 1546 556 1614 παραμένει
613 1545 715 1612 μέν
765 1561 892 1597 ποτε
924 1545 1328 1618 κινδυνευούσῃ.
1365 1547 1517 1599 λαλεῖ
1554 1547 1610 1598 δὲ
1655 1548 1819 1598 ἀσυν-

236 1636 390 1703 τελῆ.
426 1637 524 1688 καὶ
559 1635 791 1704 πράττει
820 1637 920 1689 οὐκ
945 1636 1279 1707 ἀρῤᾳθύμως
1302 1652 1318 1668 ·
1349 1638 1442 1688 καὶ
1484 1636 1584 1704 τὴν
1622 1637 1818 1706 τέχνην

240 1731 325 1789 εἰς
375 1728 436 1778 τὸ
471 1729 583 1780 πᾶν
627 1727 930 1789 συστείλας,
968 1727 1162 1796 ἀφίησι
1191 1728 1252 1779 τὸ
1285 1729 1492 1795 σκάφος
1537 1744 1818 1797 προσαρα-

245 1819 441 1888 χθῆναι
467 1819 744 1888 σκοπέλῳ.
779 1819 866 1871 καὶ
905 1819 1047 1872 κατὰ
1079 1819 1239 1888 βυθοῦ
1275 1819 1426 1871 δῦναι
1458 1819 1606 1883 αὐτῷ
1640 1819 1822 1887 φόρτῳ

249 1909 345 1960 καὶ
371 1907 653 1975 ἀνδράσιν.
682 1906 842 1959 Οὕτω
872 1909 970 1961 καὶ
997 1906 1170 1974 φύλαξ
1197 1907 1524 1976 τελεσφόρου
1554 1907 1820 1976 ἀμπέλου,

243 1999 505 2062 καθάπαξ
549 1999 878 2066 ἀποστυγῶν
923 1999 1014 2051 τδν
1054 1999 1321 2066 δεσπότην
1352 1999 1492 2051 κατὰ
1539 2001 1696 2066 μῖσος
1737 1997 1823 2049 τὲ-

244 2089 413 2151 λειον,
447 2087 691 2157 βοτρύων
725 2091 824 2156 μὲν
849 2089 979 2152 ἴσως
1006 2089 1236 2143 ἅπτεται
1262 2089 1344 2152 εῖς
1363 2088 1533 2149 οὐδὲν,
1569 2088 1736 2157 συχνὰ
1765 2089 1820 2141 δὲ

244 2181 326 2249 πῆ
383 2181 482 2249 μὲν
535 2180 684 2233 κάτω
718 2180 1046 2250 περιοδεύει,
1075 2180 1149 2249 πῆ
1184 2181 1241 2234 δὲ
1285 2178 1379 2232 τοῦ
1417 2179 1818 2248 σκοπευτηρίου

245 2274 484 2341 γίνεται,
519 2275 611 2325 καὶ
636 2267 739 2326 ὧδε
773 2274 866 2326 καὶ
891 2275 1009 2328 ἐκεῖ
1041 2273 1522 2342 περιὸὴπόμενος,
1558 2272 1824 2340 φαντάζει

248 2367 594 2434 ἐπιμέλειαν⁹
625 2365 768 2434 δρῶν
798 2365 858 2418 δὲ
893 2365 991 2437 τὴν
1017 2364 1112 2418 τοῦ
1139 2367 1390 2437 φραγμοῦ
1419 2363 1696 2434 σύμπηξιν
1729 2365 1825 2416 καὶ

253 2459 358 2526 τὴν
393 2459 477 2510 ἐπ’
519 2457 661 2526 αὕτῷ
699 2457 934 2524 τάφρον,
971 2456 1477 2524 ὲπιὸουλευσάμενά
1527 2455 1692 2509 ποθεν
1723 2454 1826 2507 οὐκ

256 2547 592 2609 ἀποκωλύει,
629 2547 740 2601 ἀλλ’
797 2541 887 2600 οἷα
946 2547 1041 2599 καὶ
1084 2545 1476 2608 ἀπονυστάζων
1531 2544 1826 2604 διάκειται,

253 2637 438 2692 ἀνύων
467 2637 568 2706 μὲν
595 2636 738 2690 οὕτω
761 2639 823 2690 τὸ
849 2636 989 2690 κατὰ
1017 2635 1112 2689 τοῦ
1144 2635 1491 2704 κτησαμένου
1522 2634 1620 2705 τὴν
1653 2635 1831 2703 ἄμπε-

254 2728 349 2780 λον
380 2725 600 2796 βλάϐος,
647 2727 888 2795 μελετῶν
929 2725 984 2778 δὲ
1013 2725 1267 2793 ὀμεῖσθαι
1304 2727 1418 2788 τοῖς
1459 2724 1832 2790 αῖτιωμένοις,

257 2818 332 2879 ὡς
363 2818 488 2870 οὕτε
522 2818 712 2885 φεύγοι
753 2816 846 2870 τοῦ
880 2816 1224 2887 ἀμπελῶνος,
1258 2815 1380 2870 οὕτε
1420 2816 1698 2883 κεκλόφοι.
1722 2814 1837 2868 οὔτ’

262 2910 510 2978 ἀποδοίη,
552 2909 732 2978 ἀφιεὶς
759 2908 815 2961 δὲ
845 2907 925 2974 τὺ,
977 2907 1112 2961 Οὐδὲ
1171 2907 1277 2978 μὴν
1314 2907 1606 2976 ἀμελήσοι,
1655 2907 1684 2960 ὃ
1739 2907 1840 2974 τὴν

1950 2919 2093 2973 modi
2136 2918 2300 2972 rebus
2346 2913 2802 2970 administrandis
2845 2913 3021 2966 virum
3070 2909 3376 2980 praefecerit
3416 2906 3517 2963 sibi

268 2997 508 3068 ἄμπελον
538 2996 908 3067 ἀπηχρείωσε.
943 2995 1128 3049 Ταῦτα
1183 2995 1239 3048 δὲ
1297 2995 1365 3048 τὰ
1411 2996 1506 3048 καὶ
1553 2995 1631 3063 τῷ
1677 2993 1842 3047 Δαυῒδ

1950 3009 2209 3065 infestum
2242 3017 2297 3062 et
2325 3007 2482 3062 malis
2508 3006 2720 3060 artibus
2751 3004 3067 3069 fecundum,
3100 3000 3194 3056 sed
3220 3000 3382 3055 etiam
3415 2996 3517 3053 Da-

270 3093 667 3158 ἐμφαινόμενα,
699 3087 768 3142 δι’
802 3080 878 3141 ὦν
903 3087 963 3139 οὑ
1003 3087 1167 3157 μόνον
1194 3088 1222 3139 ὀ
1262 3084 1606 3156 Ἀνδρόνικος
1631 3085 1840 3154 ψὲγοπ⁹

1948 3102 2034 3155 vid
2071 3101 2358 3155 convictus
2387 3097 2551 3154 fuerit
2591 3096 2919 3168 proditionis
2952 3109 3097 3149 reus.
3121 3093 3200 3147 Ad
3231 3101 3519 3148 resumen-

271 3182 360 3246 ἂν,
396 3181 619 3234 δύσνουν
651 3180 831 3250 ἑαυτῷ
863 3179 1032 3249 ἄνδρα
1062 3179 1155 3232 καὶ
1186 3177 1356 3248 βαθὺν
1398 3178 1842 3247 πονηρεύσασθαι

1948 3193 2074 3246 dum
2106 3191 2250 3246 enim
2295 3191 2594 3260 inceptum,
2644 3204 2745 3244 nec
2787 3189 3122 3259 gubernator
3175 3185 3280 3240 fuit
3329 3199 3518 3252 exspe-

275 3274 613 3344 τηλικούτοις
633 3273 937 3338 ἐπιστήσας
965 3273 1286 3342 πράγμασιν
1306 3287 1320 3301 ο
1351 3270 1484 3323 ἀλλὰ
1505 3271 1598 3322 καὶ
1627 3271 1654 3320 ὁ
1686 3269 1842 3323 Δαυῒδ

1948 3282 2275 3346 ctabundus,
2319 3296 2444 3336 cum
2498 3282 2814 3351 appelleret,
2849 3295 2972 3336 eum
3013 3279 3332 3334 discrimine
3373 3275 3519 3344 capi-

275 3367 650 3433 ἀπελέγχοιτο.
692 3363 765 3433 μὴ
805 3364 873 3416 ἂν
914 3362 1061 3432 ἔχειν
1110 3361 1424 3429 διεκφυγεῖν
1476 3359 1695 3429 γραφὴν
1748 3359 1842 3412 τοῦ

1948 3378 2038 3443 tis,
2063 3386 2120 3432 ut
2146 3375 2416 3430 infelicem
2444 3383 2779 3430 servatorem
2813 3371 3005 3428 Xerxis
3041 3372 3323 3434 damnare,
3357 3370 3513 3424 dubi-

278 3454 591 3523 προδοῦναι.
629 3452 1241 3520 ’Δνακεφαλαιώσασθαι
1259 3446 1366 3522 γᾶρ
1391 3453 1451 3504 τὸ
1473 3451 1842 3520 ἐπιχειρηθὲν,

1954 3481 2076 3524 ιειιιε
2121 3483 2210 3527 an.
2276 3476 2566 3537 postquam
2606 3466 2660 3519 in
2709 3465 2967 3534 scopulos
2998 3465 3238 3518 carinam
3269 3463 3522 3532 itnpegis-

274 3546 398 3600 οὕτε
437 3545 773 3615 κυϐερνήτης
799 3543 1148 3613 καραδοκῶν,
1178 3545 1334 3608 εῖπερ
1357 3541 1668 3613 ὀρμισθείη,
1709 3544 1842 3592 ἁπο-

1955 3568 2063 3622 set,
2123 3557 2385 3613 ﬂuctibus
2444 3555 2866 3624 derelinquens,
2920 3551 3156 3606 natando
3185 3555 3380 3620 posset
3427 3548 3523 3600 alio

272 3637 538 3689 ϐαλέσθαι
562 3635 659 3704 τὴν
678 3633 920 3704 κεφαλὴν
952 3633 1090 3686 κατὰ
1117 3633 1207 3685 τὸν
1237 3631 1475 3702 δυστυχῆ
1506 3633 1725 3700 σωτῆρα
1755 3631 1842 3685 τοῦ

1951 3649 2170 3720 quando
2221 3649 2372 3704 solus
2431 3647 2629 3703 salvari
2677 3663 2690 3698 :
2746 3644 3026 3701 custodem
3081 3653 3298 3714 quoque
3355 3640 3525 3693 vincte

274 3729 494 3799 Ξέρξου,
536 3727 764 3796 ὁκνήσοι
793 3725 879 3786 ἂν,
916 3725 1138 3796 ῥαχίαις
1169 3723 1380 3792 φθάσας
1415 3721 1759 3795 προσαράξιι
1791 3721 1842 3772 τί

1952 3758 2017 3796 ex
2072 3756 2130 3795 re
2168 3739 2377 3796 credita
2426 3738 2670 3794 fructum
2714 3738 2998 3808 percipere
3048 3735 3404 3796 nescientem,
3431 3731 3526 3786 sed

278 3823 504 3887 σκάφος,
535 3816 782 3885 κύμασιν
815 3815 1028 3880 δκδοῦς,
1061 3814 1113 3868 εῐ
1154 3832 1268 3876 πως
1301 3813 1718 3883 ἐκκολυμϐήσας
1752 3813 1842 3882 μύ-

1955 3851 2021 3890 ex
2070 3834 2148 3888 ira
2195 3834 2460 3889 adversus
2499 3845 2874 3903 possessorem
2928 3829 3196 3884 sinentem
3246 3839 3369 3879 eum
3435 3823 3528 3876 de-

281 3930 362 3974 νος
386 3909 816 3980 περιγενήσεται
839 3924 852 3938 ο
887 3909 978 3960 καὶ
1005 3906 1330 3975 ἀμπελῶνος
1355 3905 1410 3957 δὲ
1438 3904 1654 3972 φύλακα
1681 3903 1842 3956 δαπα·

1955 3928 2182 3998 praedari
2240 3935 2401 3994 atque
2461 3940 2488 3976 ιι
2565 3921 2754 3978 bestiis
2823 3921 2983 3982 laedi,
3059 3933 3165 3971 non
3221 3916 3527 3971 dubitarem

283 4006 370 4074 νᾷν
399 4003 499 4072 μὲν
532 4001 596 4052 τὺ
642 3999 924 4052 πιστευθὲν
949 3999 1047 4051 ούκ
1081 3997 1282 4062 εἰδότα,
1317 3996 1460 4066 χόλῳ
1490 3995 1545 4048 δὲ
1585 3993 1663 4064 τῷ
1711 3994 1842 4047 κατᾶ

1958 4034 2206 4075 asserere
2235 4032 2359 4072 eum
2394 4014 2700 4085 prodidisse
2720 4013 2959 4068 vineam.

1922 1381 2028 1420 non
2071 1373 2200 1420 sunt
2251 1365 2489 1420 efficacia
2543 1366 2893 1434 segniterque
2926 1363 3079 1431 agit;
3112 1361 3260 1414 omni
3311 1369 3494 1412 autem

1922 1458 2119 1528 peritia
2153 1459 2273 1526 ejus
2300 1459 2349 1510 itt
2384 1472 2554 1510 unum
2610 1455 2929 1510 intendente
2951 1495 2966 1517 ,
3007 1455 3062 1506 in
3096 1457 3358 1522 scopulos
3385 1452 3489 1504 im-

1926 1551 2150 1620 pingere
2180 1552 2422 1603 carinam
2464 1547 2594 1600 sinit
2625 1554 2788 1614 atque
2822 1546 2874 1598 in
2929 1545 3130 1612 abysso
3191 1543 3360 1610 mergi
3420 1542 3497 1594 si-

1927 1643 2034 1694 mul
2095 1656 2217 1693 cum
2273 1638 2547 1693 mercibus
2585 1645 2638 1690 et
2680 1635 3012 1690 nominibus.
3049 1632 3249 1688 Eadem
3287 1633 3501 1686 ratione

1927 1731 2090 1785 etiam
2123 1737 2312 1783 custos
2343 1729 2512 1782 vinea:
2544 1728 2774 1780 maturis
2823 1726 2944 1779 uvis
2973 1725 3202 1780 consitae
3233 1737 3498 1776 aversaus

1930 1824 2211 1877 dominum
2245 1821 2373 1874 odio
2404 1818 2668 1888 perfecto,
2703 1833 2838 1873 uvas
2865 1818 3028 1883 jforte
3062 1815 3130 1869 ad
3185 1815 3324 1868 nihil
3378 1815 3497 1866 alli-

1927 1923 2039 1983 gat.
2065 1928 2208 1980 saepe
2239 1921 2421 1965 tamen
2482 1909 2769 1966 descendit
2818 1909 2872 1962 in
2916 1907 3235 1962 inferiorem
3268 1913 3501 1975 partem,

1917 2006 2096 2056 ttuodo
2129 2012 2236 2056 stat
2276 2003 2432 2070 quasi
2472 2001 2524 2054 in
2557 2001 2900 2071 spectaculo,
2940 2000 3028 2053 bic
3064 2006 3120 2051 et
3175 1997 3288 2056 illic
3319 1995 3499 2065 respi-

1944 2096 2094 2149 ciens
2119 2109 2305 2148 curam
2349 2092 2616 2157 simulat;
2655 2091 2844 2146 videns
2879 2104 3009 2144 vero
3035 2090 3180 2159 sepis
3215 2101 3508 2155 compages

1927 2186 2250 2255 foveamque
2288 2187 2444 2256 juxta
2491 2185 2677 2247 illam,
2723 2199 2819 2238 eos
2864 2182 2958 2251 qui
3022 2181 3354 2236 insidiantur
3401 2191 3507 2230 non

1936 2287 2152 2334 amovet
2193 2278 2342 2342 inde,
2372 2277 2466 2333 sed
2521 2277 2804 2331 dormiens
2836 2274 2982 2344 jacet
3007 2313 3022 2338 ,
3089 2271 3376 2341 perficien‘s
3434 2269 3508 2320 ita

1936 2373 2196 2427 damnum
2231 2371 2404 2424 vinem
2440 2369 2794 2439 possessoris,
2820 2367 2966 2422 illico
2994 2366 3186 2435 jurans
3214 2362 3509 2434 quzere'ntl-

1933 2465 2036 2521 bus
2087 2479 2146 2518 se
2207 2477 2485 2532 nunquam
2539 2464 2703 2515 vitem
2748 2459 3083 2521 deseruisse,
3133 2471 3236 2511 nec
3272 2447 3510 2508 furatum

1936 2570 2078 2619 esse,
2103 2567 2202 2608 nec
2254 2551 2473 2606 tandem
2536 2550 2851 2613 tradidisse,
2885 2548 3147 2603 clamans.
3179 2545 3298 2602 Non
3334 2559 3511 2598 tamen

1938 2654 2059 2700 erat
2082 2645 2392 2714 negligens.
2417 2643 2483 2696 iis
2507 2643 2734 2695 obstans
2757 2655 2877 2709 qua:
2897 2639 3068 2693 vinea:
3091 2653 3288 2691 nocere
3312 2637 3514 2704 potuis-

1940 2743 2082 2790 sent.
2123 2735 2247 2788 Htec
2277 2748 2406 2787 vero
2440 2733 2492 2785 in
2527 2731 2698 2784 David
2727 2730 2995 2797 completa
3014 2735 3142 2783 sunt
3164 2741 3285 2780 cum
3308 2737 3373 2780 ex
3406 2726 3514 2776 ἰιιίς

1948 2841 2057 2881 non
2095 2827 2272 2880 solum
2327 2823 2670 2877 Andronicus
2716 2820 2869 2890 argui
2924 2818 3128 2888 poterit
3173 2813 3316 2885 quod
3371 2815 3514 2882 ejus-

1850 1773 1894 1832 Β

279 4095 367 4146 τοῦ
385 4092 652 4146 δεσπότου
672 4090 906 4158 ἀφιέντα
927 4088 1274 4151 κλέπτεσθαι,
1293 4089 1382 4140 καὶ
1403 4087 1613 4156 θηρίοις
1632 4084 1857 4156 βλάπτε-

282 4186 558 4244 σθαι.ούκ
597 4183 665 4236 ἂν
731 4182 1086 4252 νοσφιζοίμην
1135 4179 1318 4248 λέγειν
1386 4178 1679 4248 προδοῦναι
1759 4177 1857 4245 τὴν

279 4277 561 4345 ἄμπελον.
1786 4266 1790 4267 ⁷

351 4404 551 4476 ξγαό
595 4404 708 4463 οἷον
759 4405 950 4466 κακὸν,
985 4399 1032 4459 ὦ
1080 4404 1407 4475 Ἀνδρόνικεν
1445 4403 1723 4474 μεγίστοις
1765 4403 1842 4473 ερ·

2031 4382 2120 4436 65.
2154 4381 2552 4449 Ιιειιειιιιιιηιιιηι
2582 4375 2806 4440 malum,
2831 4388 2862 4428 ο
2881 4369 3215 4433 Andronlce,
3245 4368 3297 4422 in
3321 4366 3532 4434 magnis

277 4520 420 4569 γοις.
463 4501 560 4553 καὶ
611 4500 855 4551 κίνδυνον
883 4497 1190 4550 δεινότατον
1226 4495 1661 4565 ὲπισυρομένοις,
1698 4495 1858 4564 εἴπερ

276 4593 644 4661 ἀμεληθεῖεν,
677 4589 772 4641 ενα
804 4589 927 4642 τινὰ
960 4588 1119 4657 μόνον
1170 4588 1249 4648 εἰς
1281 4586 1660 4656 αὐτοκράτορα
1689 4601 1864 4653 its-sm

277 4683 379 4753 λὴν
414 4681 673 4750 ἑφιστᾷν,
704 4682 792 4734 καὶ
813 4681 976 4734 αὑτὸν
1007 4680 1063 4732 δὲ
1095 4677 1218 4731 οὕτε
1249 4677 1370 4730 λίαν
1399 4679 1737 4748 ἐπιστήμονα
1766 4676 1860 4730 τοῦ

277 4777 439 4846 δρᾷν,
475 4773 576 4842 καὶ
617 4771 854 4824 ὕποπτον
879 4771 968 4824 δέῐ
1004 4765 1076 4822 Ὦ
1116 4769 1420 4839 Ἐπιμηθεῦ
1457 4769 1722 4839 βασιλικὲ.
1749 4765 1862 4822 οἷον

276 4868 434 4936 ἡμᾶς
455 4865 638 4918 διέθου
672 4863 872 4915 κακόνῑ
916 4862 980 4914 Ὢ
1009 4860 1326 4931 ἀλυσιτελὴς
1353 4861 1764 4928 ύστεροϐουλίαε
1797 4861 1862 4912 Ὢ

273 4956 698 5025 δυσανάκλητον
735 4951 905 5006 κα²οὖ
939 4952 1170 5019 ἀκίχητα
1211 4949 1524 5013 ὲπιδίωξιςί
1563 4951 1626 5002 Ὦ
1657 4951 1860 5008 εἰκαῖος

275 5047 492 5108 ἐκεῖνος
527 5041 864 5114 μετάμελοςῑ
916 5041 1029 5092 Οὐκ
1057 5040 1182 5107 ἔσχε
1228 5038 1336 5108 γὰρ
1379 5040 1458 5100 είς
1485 5039 1636 5100 τέλος
1669 5038 1733 5091 τὰ
1767 5037 1861 5089 τοῦ

279 5134 451 5188 Att-fta
503 5133 627 5186 οὐδὲ
691 5134 783 5183 τὸν
847 5129 1070 5201 βασιλέα
1104 5128 1304 5185 λαθεῖν.
1334 5130 1423 5180 Διὸ
1461 5129 1553 5181 καὶ
1596 5127 1862 5191 ἐξέστειλε

279 5228 387 5294 μὲν
423 5227 633 5286 ἐκεῖνος
666 5226 757 5274 τὸν
787 5225 866 5283 εἰς
901 5223 1122 5291 μνήμην
1149 5222 1247 5290 ἤδη
1271 5218 1547 5287 γραφικὴν
1579 5217 1863 5269 ἀποτεθει-

278 5317 450 5385 μένον
474 5333 551 5367 πα
562 5313 999 5385 ρακοιμὼμενον,
1025 5315 1085 5366 ού
1122 5313 1282 5382 μόνον
1307 5310 1400 5362 ἐπὶ
1435 5309 1619 5380 ἀμύνῃ
1654 5309 1750 5376 τῆς
1775 5307 1868 5358 πό-

271 5410 447 5473 λεως,
472 5409 612 5460 ἀλλὰ
641 5409 729 5460 καὶ
753 5407 829 5468 ὠς
858 5407 921 5458 ἄν
959 5422 1122 5472 φασιν
1159 5402 1406 5457 ὑπελθὼν
1445 5401 1636 5466 δεξιῶς
1661 5402 1869 5467 ἀμύνη-

274 5518 376 5552 ται
408 5501 503 5550 τὸν
533 5497 828 5551 ἀπατεῶνα
862 5494 1024 5548 Δαυῒδ
1045 5497 1123 5556 εἰς
1151 5494 1392 5563 ὄλεθρον.
1423 5491 1559 5558 Ἤδη
1590 5489 1700 5558 γὰρ
1743 5505 1871 5541 κατ-

277 5594 441 5659 έγνω
477 5591 569 5642 τδν
596 5588 766 5657 ἄνδρα
795 5591 887 5639 καὶ
935 5588 962 5638 ὁ
1001 5585 1254 5655 βασιλεῦς
1288 5583 1745 5652 ὀψιμαθὲστερον,
1781 5575 1870 5630 οἷα

277 5683 719 5756 βυσσοδομεύων
765 5676 850 5752 ἦν.
896 5678 1180 5747 Ἐκρήτιζε
1230 5678 1285 5728 δὲ
1335 5676 1443 5742 ἄρα
1491 5675 1626 5744 πρθις
1678 5672 1868 5740 Κρῆτα

629 5773 900 5832 Parnm.
947 5769 1064 5825 (in.
1117 5765 1380 5828 CXXXV
1399 5764 1438 5821 Ι.

1967 4474 2051 4528 Itis
2097 4470 2381 4540 operibus,
2416 4483 2536 4538 quae
2565 4467 2736 4521 etiam
2774 4464 3072 4518 maximum
3107 4460 3414 4530 periculum
3443 4473 3533 4513 se-

1963 4581 2086 4620 cum
2125 4571 2436 4625 traxerunt,
2493 4577 2618 4616 cum
2673 4559 2720 4614 si
2771 4557 3019 4626 neglecta
3057 4553 3311 4615 fuissent,
3365 4562 3532 4604 unum

1963 4670 2174 4716 tantum
2200 4655 2522 4725 imperatori
2555 4649 2944 4721 exprobratum
2975 4646 3197 4709 fuisset,
3229 4643 3391 4711 eique
3424 4655 3533 4694 non

1964 4754 2099 4808 satis
2147 4741 2278 4822 quid
2303 4749 2418 4805 fieri
2469 4746 2693 4801 deberet
2731 4743 2952 4804 edocto,
3009 4737 3360 4794 solummodo
3404 4748 3536 4789 vero

1965 4844 2269 4915 suspicanti
2293 4845 2305 4895 !
2335 4841 2379 4896 0
2408 4840 2606 4909 regalis
2634 4836 2985 4906 Epimetltett,
3011 4839 3304 4892 memento,
3329 4837 3535 4900 quanto

1969 4936 2115 4990 malo
2166 4933 2338 4988 fueris
2383 4931 2540 4986 nobis
2573 4932 2586 4984 ι
2623 4926 2880 4983 Oiuutile
2907 4923 3197 4979 consilium
3255 4921 3325 4976 ob
3365 4918 3538 4974 tardi-

1968 5029 2175 5084 tatem!
2213 5027 2257 5078 Ο
2299 5024 2475 5079 tristis
2506 5021 2780 5077 memoriae
2818 5019 2945 5073 boni
2983 5031 3120 5070 vana
3159 5013 3533 5070 consectatio!

1968 5121 2012 5174 0
2079 5119 2418 5173 infructuosa
2495 5115 2607 5188 illa,
2655 5109 2977 5182 paenitentia
3029 5109 3042 5160 ι
3091 5106 3145 5160 In
3219 5115 3536 5174 perpetuum

1968 5214 2114 5267 enim
2165 5224 2284 5279 qua:
2335 5208 2399 5259 ad
2433 5187 2826 5277 Davidetnnut
2872 5201 3258 5268 imperatorem
3292 5204 3540 5265 spectant

1973 5321 2078 5357 non
2133 5308 2381 5371 poterant
2447 5298 2633 5350 latere.
2694 5293 2819 5348 Ideo
2891 5291 3042 5346 misit
3107 5287 3539 5346 Cubicularium,

1974 5398 2024 5450 in
2045 5393 2270 5450 historia
2297 5372 2407 5460 jam
2435 5396 2816 5462 memoratum,
2836 5399 2946 5438 non
2979 5384 3157 5438 solum
3180 5380 3244 5435 ad
3267 5375 3541 5433 defensio-

1975 5501 2095 5542 nem
2121 5484 2294 5547 urbis,
2320 5482 2419 5538 sed.
2439 5481 2626 5544 etiam,
2654 5488 2710 5531 ιιι
2740 5477 2917 5539 aiunt,
2941 5475 3006 5528 ad
3039 5473 3412 5527 defensionem
3445 5466 3542 5518 Da-

1975 5579 2115 5632 vidis
2171 5572 2462 5628 errabundi
2511 5571 2563 5624 itt
2615 5570 2788 5639 ipsius
2849 5565 3169 5635 perniciem.
3218 5558 3335 5612 Jam
3399 5559 3543 5612 enim

1977 5672 2306 5736 cognoverat
2347 5661 2522 5715 virum
2579 5660 2739 5714 etiam
2795 5660 3114 5726 imperator,
3150 5654 3244 5705 sed
3307 5650 3541 5714 tardius,

3154 5739 3192 5798 3
