4012 6226
477 360 552 423 ’79
1160 362 1586 423 EUSTATHII
1629 361 2385 426 THESSALONICENSIS
2428 366 2481 424 M
2495 363 2987 425 ΕΤΒΟΡΟῌΤΑΞ
3674 365 3742 425 80

483 477 627 545 quod
682 475 897 532 diliicile
956 476 1008 531 in
1073 476 1264 532 urbem
1324 477 1521 532 reverti
1589 487 1814 548 possent
1862 478 2068 548 quisic

2179 481 2452 551 Χοῦμνου,
2483 479 2644 542 αὐτὸς
2677 479 2838 548 μόγις
2863 479 3080 544 ἀνοίξας
3110 480 3206 543 τάς
3239 477 3434 544 πύλας,
3460 480 3554 534 καὶ
3589 485 3745 550 ἀφεὶς

484 567 782 634 eriisst-nt;
809 576 1090 638 postremo
1119 584 1248 623 vero
1270 569 1585 638 juramento
1613 577 1971 625 asseruerunt
2006 585 2067 624 se

2174 573 2333 642 δῆθεν
2390 571 2661 642 ἐκδρομὴν
2711 570 2982 640 προϐῆναι
3056 570 3155 642 τὴν
3197 571 3560 642 ζητουμένην,
3625 569 3747 628 εἶτα

483 674 699 726 poenam
771 659 1070 715 terribilem
1127 675 1224 729 pro
1285 659 1514 716 audacia
1565 661 1819 728 solvisse,
1867 671 2065 716 caetera

482 753 739 820 paciﬁcos
775 769 834 806 se
887 751 1105 806 futttros
1145 752 1522 822 promiserunt
1553 769 1656 809 nec
1693 755 2062 824 impossibilia

482 856 669 898 contra
711 843 800 897 Dei
836 845 1177 897 voluntatem
1213 858 1474 900 ausuros.

2176 663 2522 716 συνέκλεισεν
2585 660 2809 715 ὄπισθεν
2869 661 3067 725 αὐτῶν,
3123 663 3198 726 ὡς
3257 663 3410 732 μόλις
3454 665 3746 736 δυνηθῆναι

2174 754 2302 816 τοὺς
2340 752 2654 816 ἐξελθόντας
2694 753 2804 805 ἔσω
2841 752 3097 821 γενέσθαι
3130 754 3198 806 es
3225 755 3323 824 τῆς
3358 757 3586 820 πόλεως,
3621 759 3749 808 κὰπ.-

2176 842 2367 896 τεῦθεν
2424 842 2669 905 ἐκείνους
2725 841 2904 911 δεινὴν
2969 843 3114 896 οὕτω
3169 845 3358 914 ποινὴν
3411 847 3504 898 τοῦ
3561 848 3750 918 θαρσεῖ

482 938 800 1007 τινυμένους
834 936 1190 1006 διομόσασθαι
1224 937 1526 1009 ἡσυχάζειν
1553 939 1642 992 τοῦ
1678 939 1894 1006 λοιποῦ,
1922 940 2019 993 καὶ
2063 936 2138 1008 μὴ
2171 935 2454 1006 βιάζεσθαι
2497 936 2567 988 τά
2596 935 2670 1005 μὴ
2719 935 2941 1000 δυνατά,
2976 935 3105 990 ἔνθα
3143 937 3272 1000 Θεὸς
3305 939 3440 991 ἄλλα
3477 938 3746 1008 βούλεται.

551 1057 639 1109 67.
671 1056 1017 1126 Superllnum
1053 1070 1159 1109 non
1191 1057 1295 1111 erit
1345 1058 1432 1111 liic
1470 1057 1812 1112 conscribere
1857 1055 1922 1110 ad
1960 1056 2061 1110 lio-

483 1165 665 1202 norem
703 1151 876 1212 ducis,
902 1149 993 1216 qui
1047 1149 1186 1203 bello
1215 1151 1478 1204 adversus
1504 1149 1809 1202 Cliumnum
1840 1159 2064 1203 esterno

461 1234 609 1294 'tnnc
641 1250 820 1308 rupto,
857 1249 984 1308 post
1015 1240 1214 1293 famam
1250 1239 1316 1294 ad
1353 1242 1532 1308 ipsum
1573 1242 1860 1310 perlatam,
1889 1239 2065 1294 noluit

485 1330 788 1398 periculum
837 1329 1199 1383 Barbarorum
1241 1345 1463 1399 augere,
1511 1340 1704 1384 contra
1751 1328 2062 1384 Cliumnum

486 1422 799 1490 pugnando,
845 1424 919 1475 ita
973 1434 1030 1476 ut
1083 1421 1306 1475 Barbari
1359 1423 1618 1492 utrinque
1665 1423 1841 1476 vexati
1889 1423 2066 1476 caade-

485 1525 696 1569 rentur.
727 1514 892 1583 Igitur
920 1531 946 1566 ιι
985 1514 1274 1584 pugnando
1309 1513 1520 1568 abstitit
1543 1526 1596 1567 ct
1627 1514 1847 1567 aliunde
1879 1514 2070 1568 trium-

487 1607 654 1673 phum
731 1607 1003 1675 qutusivit.
1052 1604 1362 1658 Altissimus
1413 1604 1557 1657 enim
1629 1605 1915 1658 adversum
1972 1619 2070 1657 nos

486 1697 806 1752 convocavit
855 1698 907 1750 in
949 1697 1088 1751 colle
1139 1695 1391 1749 orientali
1441 1694 1655 1748 Zabarii
1702 1695 1804 1748 rite
1848 1695 2073 1748 demon-

487 1802 672 1843 strans
701 1803 895 1859 pugna:
918 1787 1354 1857 dispositionem,
1393 1801 1554 1855 quam
1591 1787 1865 1838 indicabat
1896 1785 2074 1854 pulvis

2243 1055 2339 1120 ξζθ.
2365 1056 2478 1108 Οὐκ
2509 1055 2576 1109 ἂν
2611 1055 2666 1110 δὲ
2698 1058 2782 1125 εἴη
2813 1057 3092 1126 πάρεργον
3124 1056 3357 1109 ἐνταῦθα
3385 1064 3749 1130 προσιστορῆ-

2176 1165 2264 1200 σαι
2317 1148 2452 1215 πρὸς
2489 1147 2674 1216 θαῦμα
2715 1148 2810 1201 τοῦ
2860 1147 3170 1218 στρατηγοῦ
3222 1150 3317 1202 καὶ
3341 1150 3446 1212 ὅτι,
3481 1151 3571 1202 τοῦ
3609 1155 3752 1205 κατά

2171 1235 2262 1288 τὸν
2311 1236 2559 1305 Χοῦμνον
2592 1236 2828 1306 πολέμου
2884 1237 2989 1302 ἔξω
3033 1239 3154 1290 τότε
3200 1240 3478 1308 ῥαγέντος,
3523 1243 3619 1294 καὶ
3655 1243 3751 1294 τοῦ

2174 1329 2498 1397 πράγματος
2527 1330 2924 1398 διηκουσμένου
2948 1329 3044 1382 καὶ
3067 1332 3147 1393 είς
3177 1330 3362 1394 αὑτὸν,
3395 1331 3556 1394 αὐτὸς
3587 1333 3753 1398 ἀφεὶς

2173 1422 2441 1475 διπλῶσαι
2474 1424 2586 1486 τοῖς
2615 1422 2913 1492 βαρϐάροις
2945 1425 3035 1476 τὸν
3071 1425 3339 1487 κίνδυνον,
3365 1424 3522 1494 εἴπερ
3556 1429 3584 1478 ό
3613 1427 3755 1479 X96-

2178 1531 2308 1584 μνος
2357 1515 2455 1584 μὲν
2505 1518 2719 1570 ἐκεῖθεν
2774 1522 3010 1583 πονοττο,
3035 1519 3197 1580 αὐτὸς
3226 1519 3271 1570 δ’
3297 1519 3536 1572 ἐνταῦθα
3576 1538 3754 1572 κατα-

2177 1606 2537 1675 στρατηγοίη,
2573 1609 2647 1668 ὡς
2684 1609 2750 1661 ἂν
2791 1611 2980 1672 κακοῐς
3002 1608 3345 1679 ἑκατέρωθεν
3374 1610 3754 1679 ὲναποληφθὲν

2175 1697 2235 1748 τὸ
2265 1697 2563 1766 βάρϐαρον,
2597 1700 2690 1750 καὶ
2724 1699 2867 1753 κατά
2891 1717 2951 1752 τε
2983 1700 3224 1770 στέρνων
3261 1701 3355 1753 καὶ
3385 1701 3526 1754 κατά
3563 1719 3619 1754 τε
3648 1703 3755 1755 νὼ-

2177 1806 2283 1840 τωι
2316 1789 2685 1858 πληττόμενον
2711 1791 2803 1844 καὶ
2834 1791 3165 1861 βαλλόμενον
3192 1791 3422 1861 όχλοῖτο.
3454 1791 3597 1845 οὕτω
3618 1793 3755 1860 γοῦν

489 1881 705 1934 sublata
733 1895 760 1933 a
783 1881 1132 1935 currentibus
1157 1887 1318 1946 atque
1355 1879 1423 1930 ab
1476 1877 1828 1932 adversariis.
1867 1876 2068 1931 Preces

2180 1882 2510 1946 στρατηγεῖν
2567 1881 2744 1946 ἀφεὶς,
2802 1881 2878 1944 ὡς
2933 1881 3160 1950 ἔπρεπε,
3221 1883 3518 1950 πομπικῶς
3576 1884 3755 1945 ἄλλως

489 1984 671 2028 autem
716 1987 781 2027 ac
813 1972 1221 2040 deprecationes
1261 1986 1398 2039 quas
1452 1973 1578 2040 egit,
1634 1986 1794 2023 nemo
1847 1969 2068 2024 credere

488 2073 692 2132 posset.
716 2063 829 2118 lloc
861 2071 945 2117 est
975 2076 1103 2116 vero
1133 2061 1356 2115 evidens
1383 2075 1543 2130 quain
1588 2060 1865 2128 negligens
1908 2059 2070 2113 fuerit

492 2157 544 2210 in
603 2155 810 2210 Latinis
867 2153 1283 2225 persequendis,
1338 2162 1648 2221 quantaque
1726 2150 1942 2219 ignavia
2017 2152 2071 2204 in

495 2248 794 2304 amovendo
838 2263 867 2302 a
912 2247 1068 2301 nobis
1121 2246 1284 2309 bello,
1335 2246 1611 2314 quomodo
1663 2244 1856 2296 timens
1885 2256 1949 2295 ne
1981 2255 2073 2294 ac-

491 2350 769 2407 cusarent,
819 2340 963 2412 quod
1014 2338 1159 2393 illius
1228 2353 1394 2393 causa
1446 2335 1729 2390 adoriendi
1797 2333 2074 2388 exercitus

494 2436 776 2490 Romanus
844 2430 1246 2502 supervenerit.
1281 2427 1434 2482 Tunc
1469 2441 1599 2480 vero
1647 2425 1905 2478 mulieres
1951 2437 2074 2476 eum

493 2528 755 2591 riserunt,
809 2540 874 2579 ac
917 2532 1206 2595 postquam
1255 2519 1323 2574 de
1389 2517 1642 2588 supernis
1693 2515 1811 2567 illas
1846 2514 2078 2567 descen-

491 2618 622 2672 dere
669 2616 924 2685 jussisset
971 2611 1224 2668 ascendit
1283 2611 1398 2679 ipse
1456 2607 1717 2661 indecoro
1763 2604 1925 2658 modo
1962 2602 2078 2656 haec

493 2711 609 2764 loca
656 2708 982 2776 repleturus.
1041 2705 1109 2757 At
1142 2703 1275 2770 ,hoc
1339 2699 1729 2755 ludibrinmex
1761 2695 2078 2750 mulieribus

493 2796 807 2864 neutiquam
863 2795 1012 2848 illum
1060 2791 1245 2846 movit.
1303 2788 1460 2846 Unde
1521 2787 1665 2841 enim
1731 2785 1873 2838 scire
1927 2791 2079 2852 pote-

493 2898 576 2942 rat
637 2886 904 2957 ejusmodi
956 2882 1330 2938 cavillationes
1384 2877 1680 2933 muliebres
1735 2890 1879 2944 saepe
1946 2873 2078 2928 viris

494 2977 882 3032 vaeillantibus
939 2971 1211 3042 profuisse
1254 2969 1321 3023 ad
1370 2969 1612 3022 animum
1673 2965 2076 3030 resumendum,

2175 1966 2425 2020 διέκειτο.
2459 1966 2722 2036 ’Ύψιστος
2766 1969 2875 2038 γάρ
2907 1972 2963 2022 ὲν
2993 1970 3070 2039 τῷ
3097 1969 3215 2040 ἑῴῳ
3242 1971 3464 2042 γηλόφῳ
3498 1972 3590 2026 τοῦ
3629 1974 3753 2027 καθ’

2173 2063 2320 2131 ἡμᾶς
2372 2062 2676 2132 Ζαϐαρείου
2724 2063 3121 2132 ὲπανηγύριζε,
3160 2063 3443 2134 θεωρικῶς
3493 2065 3589 2134 τὴν
3651 2068 3754 2132 τῆς

2176 2154 2359 2220 μάχης
2390 2153 2606 2223 ἐκείνης
2633 2155 3004 2224 γνωματεύων
3034 2154 3298 2216 διάθεσιν,
3327 2155 3394 2226 ἢν
3421 2157 3750 2225 ὲγειρομὲνη

2176 2243 2325 2306 κόνις
2373 2243 2478 2296 ὑπὸ
2530 2246 2638 2298 τῶν
2679 2246 2984 2314 τρεχόντων
3019 2246 3113 2299 καὶ
3159 2247 3588 2316 ἀντιτρεχόντων
3625 2249 3754 2317 ἐσή-

2179 2352 2357 2403 μαινε.
2400 2336 2510 2386 Kal
2549 2327 2638 2388 οἷα
2670 2335 2771 2404 μὲν
2801 2335 2967 2398 αὺτδς
2994 2335 3115 2388 τότε
3145 2335 3336 2405 εὔχετο
3368 2336 3453 2396 ἂν.
3481 2338 3512 2408 ἢ
3547 2340 3750 2392 κατεύ-

2176 2443 2321 2494 χετο,
2361 2425 2536 2490 οὐδεὶς
2567 2428 2633 2493 ἂν
2675 2427 2840 2498 εἰδείη
2890 2427 3076 2496 μαθών
3101 2445 3114 2457 ·
3145 2429 3322 2482 ικεῖνο
3368 2429 3422 2481 δὲ
3456 2430 3638 2499 δῆλον,
3671 2433 3751 2494 ὡς

2176 2515 2339 2568 ὤκνει
2372 2517 2649 2570 κάνταῦθα
2684 2519 2808 2580 τοὺς
2833 2520 3092 2583 Λατίνους
3118 2520 3370 2590 ὀχλῆσαι,
3399 2521 3488 2574 καί
3521 2539 3571 2574 τι
3611 2523 3746 2574 σκύ-

2177 2607 2273 2660 λαν
2303 2609 2686 2678 ἀπασχολῆσαι
2734 2609 2830 2663 τοῦ
2881 2612 3004 2665 καθ’
3032 2613 3190 2682 ἡμῶν
3238 2613 3497 2682 πολέμου,
3527 2613 3602 2673 ὡς
3652 2610 3748 2668 οἷα

2178 2696 2318 2766 τάχα
2347 2713 2450 2749 που
2481 2697 2672 2760 δεδιὼς
2700 2699 2774 2769 μὴ
2809 2703 2904 2754 καὶ
2931 2701 3351 2767 ὲπικαλέσωσιν,
3384 2703 3459 2766 ὡς
3486 2703 3551 2756 δι’
3581 2704 3750 2757 αὑτὸν

2178 2787 2424 2842 δίπαλτοι
2475 2789 2535 2842 τὸ
2596 2789 2904 2860 Ῥωμαϊκὸν
2961 2793 3145 2856 αὐτοῖς
3197 2794 3533 2862 ἐπετέθησαν
3579 2797 3753 2866 στρά-

2177 2899 2376 2951 τευμα.
2409 2881 2518 2935 Kal
2546 2880 2752 2951 ἔπασχε
2788 2882 2887 2952 μὲν
2923 2883 3220 2951 τηνικαῦτα
3262 2885 3515 2954 μυκτῆρα
3544 2887 3606 2938 ὲκ
3639 2890 3754 2940 τςῖιν

2180 2971 2476 3039 γυναικῶν,
2508 2973 2588 3025 ὅτι
2621 2973 2868 3026 καθελὼν
2909 2975 3123 3038 ὲκείνας
3154 2975 3247 3028 τοῦ
3279 2977 3390 3030 ἀνω
3427 2979 3547 3030 ἐκεῖ
3592 2979 3758 3032 ἐστά-

499 3085 621 3123 eum
677 3067 930 3123 ltarbaris
999 3075 1113 3120 tum
1178 3061 1432 3119 Graecis?
1473 3058 1588 3115 Hoc
1638 3069 1818 3113 autem
1879 3057 2068 3112 malum

2181 3080 2292 3124 vat,
2333 3062 2497 3126 αὐτὸς
2550 3064 2611 3116 οὐ
2647 3063 2788 3117 κατά
2835 3081 2887 3117 τι
2921 3067 3097 3132 αἶσιον
3136 3066 3393 3137 ἀναϐαίη,
3441 3073 3759 3135 γυναικεῖον

501 3175 756 3224 magnum
813 3167 868 3212 et
926 3155 1276 3212 manifestum
1331 3169 1397 3210 ex
1450 3155 1544 3208 illo
1593 3151 1800 3221 experti
1862 3165 2068 3215 sumus,

2181 3153 2346 3206 τόπον
2375 3152 2724 3223 ἀναπληρῶν.
2757 3149 2864 3208 Ἦν
2915 3155 2970 3208 δὲ
3026 3156 3174 3227 αὑτῷ
3212 3159 3305 3213 καὶ¹
3506 3161 3615 3212 τῶν
3653 3178 3760 3226 γυο

499 3251 712 3305 seilicet
757 3247 1050 3303 didicimus
1095 3261 1159 3302 ex
1213 3245 1349 3315 ipsis
1395 3244 1629 3308 Latinis,
1687 3244 1734 3298 si
1792 3243 1925 3297 hora
1972 3256 2068 3311 qua

2183 3245 2348 3298 ναίων
2396 3244 2586 3313 μῶμος
2621 3244 2752 3298 ὡσεὶ
2799 3245 2980 3300 οὐθέν.
3029 3247 3200 3300 Πόθεν
3257 3250 3363 3317 γὰρ
3417 3246 3528 3318 εἶχε
3588 3253 3760 3318 γνοὺς

489 3340 778 3395 Chumnus
834 3340 890 3394 in
939 3354 1035 3394 eos
1080 3339 1337 3402 irrueret,
1386 3337 1479 3406 qui
1529 3343 1690 3390 erant
1741 3336 1796 3389 in
1849 3333 2068 3388 civitate

2183 3333 2566 3404 ὶννοήσασθαι,
2610 3335 2684 3398 ὡς
2712 3336 2898 3388 πολλοὶ
2928 3339 3206 3404 γυναικῶν
3252 3341 3543 3410 ὀνειδισμοὶ
3581 3344 3762 3408 σφαλ-

495 3433 893 3502 processissent
963 3447 1154 3488 versus
1231 3438 1484 3500 portum,
1533 3443 1724 3483 omnes
1795 3425 2068 3480 machinas

2182 3422 2443 3491 λομένους
2477 3423 2674 3492 ἄνδρας
2725 3424 3082 3496 ἀνώρθωσαν,
3120 3427 3490 3499 βαρϐαρικούς
3546 3448 3605 3483 τε
3658 3435 3762 3486 καὶ

495 3522 774 3576 ablaturos
805 3520 1000 3584 fuisse,
1032 3531 1322 3590 castraque
1345 3527 1659 3575 vastaturos
1695 3515 1922 3571 navibus
1949 3528 2068 3569 δυο·

2186 3513 2450 3584 Ἕλληνας
2477 3533 2492 3581 ;
2542 3517 2649 3567 Καὶ
2674 3514 2870 3585 ἔχομεν
2906 3517 2999 3570 καὶ
3032 3519 3234 3587 ταύτην
3269 3519 3470 3590 βλάϐην
3501 3521 3558 3585 ἐξ
3585 3524 3762 3576 αὐτοῦ

494 3613 676 3669 censis
699 3629 822 3681 quae
846 3614 982 3682 ipsis
1010 3612 1437 3680 superfuissent.

2191 3605 2435 3674 μεγάλην
2492 3606 2588 3658 καὶ
2648 3606 2940 3676 προφανῆ.
3021 3607 3334 3678 Ἐμάθομεν
3401 3612 3509 3678 γάρ
3574 3615 3765 3665 αὐτῶν

495 3706 739 3758 Λατίνων
790 3703 1250 3773 ἐξαγγελλόντων,
1277 3703 1375 3767 ὡς,
1404 3703 1561 3772 εἴπερ
1607 3702 1703 3772 τὴν
1737 3697 1887 3768 ὤραν
1916 3696 2152 3766 ἐκείνην,
2187 3698 2307 3748 καθ’
2356 3697 2422 3767 ἢν
2474 3697 2501 3748 ὀ
2545 3697 2795 3767 Χοῦμνος
2861 3700 3046 3763 αὐτοῖς
3105 3702 3350 3766 ἐπέθετο,
3405 3705 3764 3774 ἐνεπήδησαν

493 3799 542 3850 οί
593 3799 692 3862 τῆς
758 3798 964 3860 πόλεως
1007 3797 1136 3867 περὶ
1175 3797 1266 3850 τὸν
1334 3794 1708 3864 ναύσταθμον,
1744 3777 1841 3852 Ea;
1882 3807 1940 3842 τε
2001 3788 2250 3858 μηχανὰς
2283 3788 2501 3851 ἁπάσας
2531 3781 2675 3841 εἷλον
2708 3789 2796 3854 ἂν,
2822 3791 2916 3844 καὶ
2947 3789 3008 3843 τὸ
3042 3791 3406 3860 στρατόπεδον
3433 3794 3761 3864 ἀπήγαγον.

450 3883 453 3890 ’
495 3897 882 3966 ἐμπρήσαντες
909 3892 1002 3945 καὶ
1023 3893 1178 3960 νῆας,
1200 3892 1332 3954 ὅσας
1355 3890 1632 3958 ἐξεγένετο
1669 3888 1736 3941 ἂν
1761 3886 1968 3944 αὐτοῖς.

565 3991 653 4045 68.
691 3989 797 4044 Sed
845 3989 947 4042 hoc
994 3987 1270 4058 posterius
1315 3987 1632 4041 narrabitur
1680 4000 1708 4037 a
1740 3970 2068 4037 nobis.'lliu

2255 3978 2354 4049 ξη’.
2400 3977 2563 4031 Ἀλλά
2617 3977 2775 4032 τοῦτο
2827 3978 2927 4046 μὲν
2961 3977 3188 4050 ὕστερον
3222 3982 3356 4050 ἡμῖν
3415 3982 3614 4045 ἐπῆλθε
3648 4002 3765 4053 μα-

495 4097 624 4134 vero
651 4090 775 4133 ante
831 4080 1012 4132 omnia
1073 4079 1422 4145 exCOgitabat
1475 4089 1534 4130 ut
1596 4078 1714 4145 ipse
1781 4073 2068 4128 incolumis

2177 4072 2312 4128 θεῖν.
2358 4071 2415 4123 '0
2439 4070 2496 4123 δι
2528 4071 2837 4140 στρατηγὸς
2862 4069 2998 4132 τέως
3028 4069 3334 4138 μεθώδευεν
3371 4074 3653 4134 ἀσκύλτως
3683 4079 3762 4128 ra

496 4170 775 4231 evaderet,
837 4167 1252 4234 principatuque
1280 4165 1560 4220 luxuriose
1598 4166 1870 4218 utebatur.
1900 4163 1954 4218 Si
2005 4162 2068 4216 ad

2176 4163 2394 4226 ἑαυτοῦ,
2427 4164 2521 4217 καὶ
2546 4160 2821 4233 ὲνετρύιρα
2853 4164 2918 4232 τῇ
2948 4162 3113 4233 ἀρχῇ.
3163 4165 3274 4218 Kal
3324 4165 3764 4234 παρακαλούμεη

497 4257 954 4327 operalaboriosa
989 4256 1126 4311 alios
1173 4255 1473 4316 excitabat,
1506 4256 1623 4323 ipse
1661 4256 1821 4323 genio
1863 4264 1917 4307 et
1962 4254 2068 4307 otio

2176 4272 2266 4318 νος
2293 4257 2371 4318 είς
2401 4255 2539 4325 ἔργα
2578 4255 2960 4324 φιλοπονικῶς.
2989 4253 3154 4317 αὐτὸς
3193 4256 3437 4326 ἑώρταζε
3468 4261 3527 4310 τὸ
3572 4258 3757 4328 ἀπορο

499 4349 806 4414 indulgebat
860 4355 1190 4416 nostrasque
1255 4359 1343 4398 res
1401 4344 1711 4412 negligebat
1764 4344 1834 4397 ob
1885 4342 2070 4396 odium

2180 4344 2468 4415 ῥᾳθυμεῖν,
2493 4346 2587 4397 καὶ
2614 4344 2964 4406 ἀναπίπτειν,
3000 4348 3095 4400 καὶ
3126 4345 3400 4406 ἀνίεσθαι,
3430 4347 3525 4398 καὶ
3578 4363 3772 4399 κατα.-

498 4443 552 4495 in
604 4442 1006 4509 imperatorem.
1064 4437 1367 4492 Pessimum
1419 4445 1503 4492 est
1549 4437 1786 4504 quidem,
1827 4437 1920 4489 sed
1971 4436 2068 4488 liu-

2181 4437 2467 4507 προΐεσθαι
2495 4436 2565 4489 τά
2595 4436 2839 4506 ἡμέτερα
2881 4437 3030 4505 μίσει
3062 4437 3139 4506 τῷ
3162 4438 3303 4491 κατά
3327 4435 3418 4488 τοῦ
3451 4436 3772 4502 βασιλέως,

501 4545 718 4585 manum
755 4538 955 4594 tamen,
991 4527 1270 4596 proprium
1325 4527 1523 4580 malum
1555 4541 1678 4580 eum
1722 4527 1863 4579 bono
1885 4534 2071 4579 nostro

499 4621 777 4676 communi
811 4628 1198 4682 commutasse,
1231 4617 1627 4686 utilitatemque
1672 4617 1844 4672 Siculi
1890 4617 2071 4686 magni

499 4711 842 4768 Constantini
899 4710 1123 4764 utilitati
1185 4709 1584 4778 anteposuisse,
1636 4724 1721 4772 ac,
1769 4719 1828 4763 tit
1875 4709 2072 4778 aliquis

499 4803 736 4866 diceret,
789 4816 888 4873 pro
947 4799 1252 4870 Cbarybdae
1313 4799 1538 4869 scopulo
1579 4801 1758 4854 alium
1819 4801 2066 4869 elegisse.

499 4891 652 4946 Illum
711 4893 874 4963 igitur
899 4892 964 4946 ad
1021 4892 1220 4946 bonum
1272 4892 1473 4945 excitat
1517 4892 1795 4960 Augustus
1833 4889 2072 4944 Joannes

500 4985 897 5048 Maurozomes,
933 4981 1061 5036 dum
1113 4998 1174 5037 ex
1224 4981 1558 5051 Pelopoueso
1609 4981 1888 5050 profectus
1947 4997 2071 5035 cum

501 5091 601 5131 suo
663 5074 908 5130 exercitu
981 5074 1053 5128 ibi
1119 5081 1576 5136 commoraretur,
1633 5088 1740 5127 non
1795 5072 2069 5127 commodi

505 5169 681 5223 nostri
709 5181 899 5233 causa,
932 5177 989 5220 ut
1011 5167 1160 5222 inulti
1191 5166 1632 5234 suspicabantur,
1661 5165 1755 5220 sed
1780 5167 1834 5218 in
1853 5166 2073 5220 demou-

501 5261 838 5322 strationem,
868 5260 1045 5326 reipsa
1080 5274 1207 5312 vero
1240 5259 1467 5327 cupiens
1499 5273 1592 5327 per
1617 5259 1858 5326 seipsqu
1887 5259 2072 5312 videre

499 5370 604 5422 qua
638 5363 787 5422 parte
813 5351 1220 5420 periclitaretur
1251 5351 1342 5421 (de
1375 5352 1481 5405 vita
1511 5353 1647 5420 ipsa,
1678 5350 1826 5420 dico)
1859 5353 1910 5406 in
1941 5367 2070 5420 quo,

503 5452 562 5497 ut
611 5445 752 5499 fama
811 5453 948 5508 erat,
1011 5441 1387 5496 Andronicum
1461 5447 1759 5498 metuebat.
1823 5444 2072 5497 Attamen

501 5533 677 5590 bonus
712 5544 828 5590 erat
861 5535 976 5605 ejus
1003 5548 1183 5588 sermo
1240 5534 1475 5602 ducique
1516 5534 1886 5605 exprobrabat
1913 5550 2072 5589 suam

504 5622 933 5690 dispositionem.
987 5623 1102 5678 Non
1155 5630 1344 5678 autem
1385 5625 1900 5681 eratconciliorum
1954 5623 2097 5693 ejus

507 5712 776 5782 particeps
801 5731 898 5772 nec
927 5716 1069 5771 ullus
1096 5711 1256 5778 alius,
1284 5703 1570 5776 nant-illud
1604 5731 1769 5773 unum
1797 5716 1992 5785 agebat
2015 5727 2072 5773 ut

2177 4531 2410 4581 κάκιστα
2464 4527 2580 4596 μὲν,
2615 4525 2968 4596 ἀνθρωπίνως
3002 4527 3048 4579 δ’
3098 4524 3213 4592 οὖν,
3259 4527 3388 4580 uson
3423 4527 3595 4578 κακοῦ
3659 4529 3775 4582 τοῦ

2176 4621 2294 4673 κατ’
2324 4619 2486 4673 αὐτὸν
2528 4619 2590 4670 τὸ
2639 4618 2764 4670 καθ’
2811 4620 2959 4687 ἡμᾶς
2994 4617 3172 4671 κοινὸν
3203 4617 3620 4684 ἀλλαττόμενος,
3658 4623 3776 4676 καὶ

2174 4711 2272 4780 τὴν
2317 4711 2408 4762 τοῦ
2465 4709 2687 4762 Σικελοῦ
2754 4710 2850 4778 τῆς
2900 4709 2993 4762 τοῦ
3039 4709 3278 4780 μεγάλου
3335 4709 3775 4764 Κωνσταντίνου

2177 4803 2474 4872 προτιθεὶς,
2512 4801 2603 4854 καὶ
2635 4801 2709 4861 ὡς
2757 4801 2825 4853 ἂν
2853 4800 2998 4852 εἴποι
3021 4818 3126 4864 τις,
3157 4799 3249 4852 τοῦ
3282 4797 3424 4852 κατά
3470 4799 3779 4868 Χάρυϐδιν

2179 4895 2439 4947 σκοπέλου
2471 4894 2561 4945 τὸν
2589 4894 2775 4960 ἓτερον
2806 4893 3256 4961 ἀνθαιρούμενος.
3292 4892 3402 4944 Kal
3449 4890 3610 4960 ῶχλει
3659 4897 3783 4960 μὲν

2123 5033 2126 5036 .
2174 4989 2334 5042 αὑτὸν
2363 4989 2442 5049 είς
2476 4989 2548 5040 τὰ
2577 4987 2716 5039 καλά
2761 4987 2855 5038 καὶ
2891 4987 2917 5037 ό
2947 4984 3218 5047 Σεϐαστὸς
3262 4985 3514 5051 Ἰωάννης
3547 4986 3572 5035 ὁ
3595 4984 3786 5037 Mam-

2178 5079 2456 5149 ροζῶμης,
2493 5079 2550 5130 ὲν
2583 5077 2659 5149 τῷ
2689 5079 2752 5130 ἐκ
2785 5077 3191 5143 Πελοποννήσου
3237 5075 3558 5129 ἀναϐαίνειν
3607 5080 3784 5142 μετὰ

2126 5204 2136 5210 -
2178 5168 2407 5238 στρατοῦ
2431 5166 3052 5238 παραμείναςὲνταῦθα,
3074 5165 3189 5218 οὔτι
3219 5167 3338 5220 κατ’
3365 5165 3576 5218 εὔνοιαν
3599 5168 3788 5234 μάλα.

2163 5265 2282 5320 ’τῶν
2314 5261 2434 5313 καθ’
2458 5263 2626 5329 ἡμᾶς,
2651 5260 2723 5322 ὠς
2753 5259 3013 5318 ὑπενόουν
3045 5257 3254 5321 πολλοὶ,
3291 5258 3429 5310 ἀλλά
3458 5257 3614 5310 τοῦτο
3656 5262 3786 5329 μὲν

2119 5383 2154 5396 --
2175 5355 2257 5412 εἰς
2289 5353 2581 5422 πρόφασιν,
2611 5350 2745 5419 πρὸς
2767 5349 3030 5418 ἀλήθειαν
3063 5349 3117 5400 δὲ
3155 5349 3305 5418 π’,οῳ
3339 5351 3432 5402 καὶ
3465 5349 3632 5412 αὐτὸς
3660 5355 3784 5407 τοῦ

2119 5480 2132 5489 .
2165 5445 2416 5517 βλέπειν,
2444 5439 2614 5510 οὗπερ
2643 5443 2902 5494 ἐκπεσεῖν
2926 5441 3026 5508 (μή
3063 5457 3114 5490 τι
3149 5441 3204 5492 δὲ
3226 5441 3335 5508 άροι
3369 5441 3466 5492 καὶ
3494 5441 3590 5494 τοῦ
3621 5441 3784 5517 ζῇν)

2122 5537 2340 5604 -νφόϐον
2371 5534 2482 5602 εἶχε
2519 5539 2612 5588 καὶ
2645 5535 2808 5596 αὐτὸς
2831 5535 2904 5586 ’ὲκ
2935 5534 3028 5584 τοῦ
3078 5533 3446 5600 Ἀνδρονίκου,
3481 5533 3556 5593 ῶς
3586 5531 3789 5602 λόγος

2179 5627 2355 5696 ἔρρεε.
2387 5627 2493 5677 Kal
2530 5625 2676 5692 ὅμως
2709 5623 2886 5678 ἐλάλει
2914 5623 3077 5686 nam,
3120 5625 3209 5675 καὶ
3237 5623 3435 5692 ήλεγχε
3466 5622 3556 5673 τὸν
3589 5641 3795 5696 στρχ-

2128 5761 2146 5772 .
2181 5719 2368 5782 τηγὸν,
2407 5719 2552 5779 ὅπως
2575 5717 2642 5769 ἂν
2666 5718 2765 5779 καὶ
2798 5716 3048 5769 διέκειτο.
3093 5715 3150 5767 ⁸0
3195 5715 3251 5767 δὲ
3281 5715 3391 5788 οὐδ’
3425 5716 3591 5769 αὑτοῦ
3635 5720 3794 5772 ἐπί-
