4036 6224
283 317 349 381 81
1070 324 1168 386 DE
1207 325 1784 391 THESSALONICA
1818 330 2026 391 URBE
2066 333 2114 390 A
2155 332 2466 393 LATlNlS
2493 329 2756 395 CAPTA.
3491 341 3561 402 82

284 457 513 510 στροφος
533 436 625 509 ἦν,
651 440 842 512 ὥσπερ
870 442 990 496 οὐδὲ
1017 443 1124 498 τῶν
1142 444 1322 499 ἄλλων
1340 445 1571 511 οὐδενὸς,
1599 446 1656 498 ἓν
1680 448 1856 501 ἐκεῖνο

1988 448 2412 506 Γιιεεεειοιιίοιιηι
2430 452 2643 530 veniret
2668 451 2813 522 quod
2839 451 3220 507 Andronicum
3258 455 3558 511 metuebat.

283 534 508 602 σκέμμα
538 535 750 606 στήσας
782 535 841 588 ἐν
885 537 1088 606 ἐαυτῷ,
1145 541 1210 608 τῇ
1247 538 1622 610 θεσσαλονίκῃ
1654 557 1856 610 συγκα-

282 627 643 697 τοιχήσεσθαι
677 628 786 681 δέει
816 627 909 681 τοῦ
947 629 1316 702 Ἀνδρονίκου.
1349 631 1461 684 Καὶ
1489 632 1596 704 μὴν
1624 629 1771 701 εἶχεν
1790 634 1857 686 ἂν

283 720 494 790 ἐγγύην
538 721 950 791 ἐπινοήσεσθαι,
1004 721 1100 788 ὡς,
1149 721 1264 789 είγε
1310 723 1474 776 σώσει
1531 723 1628 792 τὴν
1680 723 1859 790 πόλιν,

275 812 658 879 ἐκμειλίξεται
702 812 796 865 τὸν
857 814 1074 884 ἄγριον,
1121 810 1210 869 οἷα
1242 815 1660 883 πεπιστωμένος
1718 811 1857 870 εἶναι

276 905 378 974 ζῇν
415 907 586 970 ἄξιος.
631 907 775 960 Ἀλλ’
806 907 929 960 οὔτε
961 909 1052 961 τὸν
1081 909 1176 962 τοῦ
1208 909 1492 979 βασιλικοῦ
1536 909 1733 979 ἧθνους
1764 909 1859 962 εύ-

1967 541 2248 598 ltationem
2272 552 2451 599 autem
2480 545 2789 615 excogitare
2818 553 3070 615 potuerat
3095 557 3153 599 ιιι
3173 585 3188 609 ,
3217 548 3261 601 si
3299 549 3453 600 salva
3475 566 3565 603 (ις.

1968 645 2054 691 set.
2076 635 2464 702 civitas,istam
2481 637 2649 690 feram
2669 638 2882 703 leniret,
2906 639 2977 691 ita
3002 648 3082 699 ut,
3100 639 3339 703 conﬁdo,
3357 638 3557 708 dignus

1969 728 2077 782 vita
2116 737 2378 784 exstaret.
2418 729 2523 785 Sed
2566 730 2639 784 illi
2671 746 2796 800 spes
2831 747 2939 785 non
2981 740 3100 786 erat
3127 732 3556 787 inconstantiam

1968 818 2311 890 imperatoris
2330 821 2384 874 in
2404 821 2587 891 aliquo
2607 823 2750 876 bono
2769 823 3056 889 retinendi;
3076 834 3130 878 et
3150 831 3370 894 peccata
3398 825 3557 878 etiam

1966 919 2154 966 nostra
2176 911 2443 982 ejusmodi
2478 914 2866 984 cogitationem
2893 916 2960 969 ab
2982 931 3049 971 eo
3070 928 3412 972 amoverant.

275 1017 447 1069 ριπον
463 1001 681 1071 ἐθάρρει
707 1002 1006 1071 στήσεσθαι
1035 1003 1103 1056 ἂν
1129 1003 1222 1056 ἐπί
1254 1020 1402 1067 τινος
1430 1002 1622 1067 καλοῦ,
1645 1003 1740 1056 καὶ
1762 1005 1818 1058 ai
1837 1003 2106 1076 ἁμαρτίαι
2140 1003 2198 1057 δὲ
2220 1005 2379 1075 ήμῶν
2402 1006 2698 1076 ἀπήγαγον
2728 1006 2894 1060 αὑτοῦ
2914 1007 3014 1078 τὴν
3039 1007 3300 1078 τοιαύτην
3322 1007 3557 1062 ἔννοιαν.

342 1140 452 1205 ἔθ’.
487 1140 594 1192 Καὶ
624 1134 726 1193 ὦδε
766 1140 864 1207 μὲν
892 1142 925 1210 ἠ
963 1141 1175 1211 κεφαλὴ
1202 1141 1300 1210 τῆς
1327 1144 1562 1207 πόλεως.
1599 1143 1674 1196 Τὸ
1705 1145 1763 1198 δέ
1800 1161 1863 1212 γε

274 1235 468 1287 λοιπὸν
495 1233 647 1288 ἅπαν
686 1235 845 1302 σῶμα
875 1234 1052 1304 πάντη
1088 1235 1349 1304 διάφορον
1386 1231 1476 1307 ἦν,
1516 1236 1865 1306 ἑτεροιούμε-

276 1343 359 1377 νον
403 1327 490 1388 εἰς
520 1324 750 1391 ἀγαθόν.
784 1325 894 1377 Καὶ
925 1324 973 1376 οί
1001 1325 1103 1394 μὲν
1130 1324 1334 1389 ἔξωθεν
1364 1327 1860 1397 στρατευσάμενοι,

275 1419 367 1469 .er
403 1417 474 1468 ἃν
499 1416 620 1483 ἔχοι
645 1433 730 1476 τις
759 1417 958 1482 εἰπεῖν,
988 1417 1064 1480 ὡς
1092 1417 1154 1470 τὸ
1185 1419 1408 1487 ἀρεῖκδν
1437 1419 1747 1488 ἐψεύδοντο,
1780 1414 1861 1482 οἷς

276 1510 587 1576 ἐνέπρεπον
628 1508 722 1560 καὶ
746 1509 794 1561 οί
825 1508 882 1573 ἐξ
912 1509 1174 1573 Ἀλανῶν,
1207 1511 1304 1563 καὶ
1335 1509 1390 1562 εῐ
1429 1528 1574 1575 τινες
1604 1511 1821 1580 Ἰσηρες
1846 1529 1862 1544 ·

274 1602 313 1651 0i
337 1600 401 1651 δὲ
436 1598 542 1668 τῆς
579 1599 793 1662 πόλεως
833 1598 1128 1668 ἰθαγενεῖς,
1186 1600 1246 1653 τὸ
1283 1602 1510 1672 γνήσιον
1565 1603 1861 1672 τηροῦντες

276 1692 603 1759 φιλόπατρι,
639 1690 703 1743 οὐ
734 1691 920 1744 πολλοὶ
954 1691 1055 1753 μὲν
1079 1687 1241 1761 ἦσαν.
1271 1692 1347 1744 Τὸ
1371 1693 1479 1763 γὰρ
1517 1694 1703 1747 πλεῖον
1737 1695 1864 1748 ἀνέ-

280 1803 404 1852 μοις
436 1784 609 1837 ἐαυτὺ
644 1784 945 1852 ἐπιτρέψαν
980 1784 1172 1854 ᾤχετο,
1205 1785 1300 1840 καὶ
1345 1787 1584 1855 μάλιστα
1607 1789 1668 1842 τὸ
1698 1790 1866 1860 προέ-

2046 1146 2134 1202 69.
2170 1145 2261 1202 Sic
2299 1161 2430 1216 ergo
2461 1145 2682 1216 quidem
2721 1155 2840 1201 erat
2880 1146 3122 1201 civitatis
3167 1154 3354 1214 caput.
3413 1144 3558 1198 Reli-

1967 1254 2075 1308 qua
2094 1254 2221 1294 vero
2244 1239 2424 1294 omnis
2447 1255 2571 1309 pars
2597 1242 2843 1307 corporis
2863 1238 3087 1293 omnino
3109 1236 3396 1292 dissimilis
3419 1245 3557 1299 erat,

1966 1331 2093 1387 licet
2143 1331 2197 1384 in
2235 1331 2437 1385 bonum
2470 1337 2703 1383 mutata.
2728 1327 2832 1394 Qui
2863 1328 2999 1381 foris
3050 1326 3558 1390 militabant,nemo

1967 1432 2152 1494 posset
2172 1423 2354 1478 dicere
2378 1430 2717 1492 quantOpere
2757 1419 3024 1490 ignaviam
3065 1417 3556 1483 dissimulaverint,

1967 1516 2113 1571 inter
2137 1530 2274 1584 quos
2291 1515 2591 1584 prmsertim
2617 1511 3056 1566 Alanietlberes.
3078 1510 3178 1575 Qui
3209 1525 3333 1565 vere
3367 1521 3554 1563 autem

1969 1623 2032 1663 ex
2060 1608 2282 1662 civitate
2309 1613 2489 1670 erant,
2515 1620 2703 1659 amore
2731 1604 2920 1674 patriae
2952 1601 3129 1655 ollicia
3167 1602 3556 1670 praestiterunt,

1973 1701 2069 1757 sed
2129 1716 2232 1754 non
2284 1710 2442 1754 erant
2485 1699 2661 1752 multi.
2687 1696 2945 1775 Plerique
2991 1694 3136 1749 enim
3161 1695 3226 1747 ad
3253 1699 3474 1746 ventum
3501 1706 3559 1746 se

1974 1797 2358 1844 convertentes
2430 1789 2719 1854 abierant,
2798 1786 3141 1853 maximeque
3199 1784 3292 1853 qui
3363 1783 3561 1837 robore

277 1896 364 1945 χον
403 1879 556 1931 κατά
602 1893 664 1930 τε
706 1879 888 1946 χεῖρα,
917 1878 992 1941 ὠς
1026 1877 1251 1948 ἐρρέθη,
1293 1879 1388 1932 καὶ
1417 1880 1477 1932 τὸ
1507 1879 1774 1934 δύνασθαι
1803 1882 1865 1934 τὺ

1988 1877 2268 1941 )ollebant,
2304 1886 2363 1931 ut
2395 1878 2597 1933 dictum
2618 1887 2726 1943 est,
2755 1875 3141 1944 i-orripereque
3183 1874 3378 1928 ducem
3411 1884 3464 1928 et
3492 1874 3557 1927 ad

277 1969 534 2038 ἐλέγχειν
596 1968 689 2022 τὸν
729 1969 1037 2040 σρτατηγὸν
1076 1970 1171 2022 καὶ¹
1209 1970 1592 2040 συμμετάγειν
1662 1973 1744 2037 είς
1807 1972 1872 2026 τὸ

281 2065 473 2118 καλόν.

345 2200 464 2252 Καὶ
501 2193 660 2251 εἶπεν
686 2198 754 2252 ἄν
810 2217 892 2263 τις
933 2199 1258 2270 ἀνθρώπους
1304 2201 1554 2270 τούτους,
1573 2205 1703 2268 τοὺς
1733 2206 1868 2260 ὑποοι

282 2293 524 2354 στάντας
578 2293 924 2361 παραμεῖναι
973 2295 1037 2361 τῇ
1085 2294 1265 2356 πόλει,
1315 2295 1501 2349 οὐκέτι
1552 2297 1872 2362 πολιτικοὺς

286 2383 385 2432 κοιλ⁵
442 2381 721 2451 ἡμετέρου
764 2380 882 2449 βίου
937 2384 1033 2434 καὶ
1085 2383 1552 2448 οίκοδεσποτείας,
1603 2385 1740 2439 ἀλλὰ
1781 2387 1876 2458 λῃ-

290 2474 482 2532 στεὶας
537 2473 626 2526 καὶ
657 2472 957 2542 θηριωδίας
1012 2474 1105 2526 καὶ⁸
1152 2475 1454 2545 ἐμϐριθοῦς
1517 2478 1871 2547 ἀγριότητος.

283 2563 472 2617 ἾΙσαν
501 2565 609 2634 γὰρ
641 2565 859 2635 ἀληθῶς
888 2565 1060 2636 θυμοῦ
1090 2567 1183 2620 τοῦ
1216 2568 1357 2639 ὑπὲρ
1405 2570 1671 2638 πατρίδος
1703 2572 1878 2640 ἀκρα-

283 2663 422 2722 τεῖς,
453 2657 654 2726 ἄνδρες
687 2657 1155 2728 κατορθωμάτων,
1188 2660 1414 2729 ἀνδρίας
1441 2661 1729 2729 γέμοντες,
1785 2663 1878 2714 ἀλ-

284 2749 385 2818 κὴν
445 2751 746 2816 πνέοντες,
806 2750 1185 2820 πεπλασμένοι
1253 2753 1391 2822 πρὸς
1450 2754 1874 2824 ρωμαλεότητα,

284 2843 557 2911 διψῶντες
585 2845 790 2915 μάχην,
817 2844 958 2898 κατὰ
992 2845 1349 2916 βαρϐαρικῶν
1385 2848 1606 2917 σαρκῶν
1641 2849 1875 2902 πεινῶνο

287 2954 398 3001 τες,
435 2937 606 3002 φάναι
637 2937 697 2988 τὸ
719 2938 848 3000 πᾶν,
893 2937 1239 3006 ἀρειμάνιοιο
1278 2938 1327 2990 οἳ
1367 2939 1542 3002 οὕτως
1584 2939 1875 3005 ἐξελάθον-

287 3045 347 3080 το
383 3029 495 3080 τῶν
549 3028 748 3088 ἄλλων,
803 3028 878 3091 ὡς
929 3028 1092 3096 μόνου
1139 3029 1393 3095 γενέσθαι
1447 3031 1543 3084 τοῦ
1598 3032 1880 3102 πολεμεῖν,

296 3123 392 3174 καὶ
433 3122 534 3188 τῆς
567 3122 690 3174 κατ’
740 3116 890 3173 οἷκον
920 3119 1130 3192 τύρϐης
1164 3121 1488 3178 ἀνθελέσθαι
1521 3126 1614 3178 τὸν
1651 3128 1743 3180 ἐπὶ
1783 3129 1880 3182 τοῦ

290 3215 513 3281 τεῖχους
538 3211 812 3264 κίνδυνον.

363 3354 433 3399 ο’.
472 3349 548 3398 Ού
590 3347 774 3399 τοίνυν
835 3347 1032 3417 ἄνδρες
1070 3347 1248 3416 μόνοι,
1281 3347 1420 3401 ἀλλὰ
1477 3349 1572 3402 καὶ
1620 3352 1882 3417 γυναῖκες

293 3438 436 3506 πρὸς
470 3438 643 3507 Ἄρην
672 3437 989 3506 ἐμαίνοντο.
1037 3439 1147 3493 Καὶ
1177 3439 1302 3494 ὅσαι
1337 3438 1436 3509 μὲν
1483 3437 1665 3503 λίθους
1707 3457 1882 3510 παρεσ-

291 3531 500 3599 φὸρουν
528 3533 649 3591 ταῖς
669 3547 730 3583 τε
756 3529 948 3593 ἄλλαις
970 3534 1246 3601 μηχαναῖς
1267 3531 1364 3584 καὶ
1388 3533 1500 3594 τοῖς
1526 3532 1878 3600 σφενδονῶσι,

293 3626 389 3674 καὶ
421 3624 550 3674 ὅσαι
586 3622 926 3691 ὐδροφόρουν
980 3622 1332 3692 ἀκμάζουσαί
1390 3639 1450 3674 τε
1498 3621 1595 3676 καὶ
1622 3622 1878 3688 νεάνιδες,

293 3715 386 3766 καὶ
430 3717 542 3782 μὴν
576 3717 675 3765 καὶ
704 3714 836 3775 ὅσας
865 3714 928 3766 τὸ
949 3716 1127 3782 γῆρας
1157 3713 1255 3784 ἤδη
1286 3715 1583 3782 καταργεῖν
1611 3713 1784 3766 ἐποίει
1812 3713 1880 3768 τὰ

292 3806 431 3875 ἔργα
464 3805 914 3874 συγκεκυφυίας,
949 3805 1080 3858 ἔνθα
1127 3806 1188 3858 τὸ
1245 3807 1401 3870 τέλος
1433 3804 1752 3874 πεσούμεθα
1777 3821 1790 3835 ⁶
1825 3808 1880 3860 αί

179 3935 183 3939 -
292 3899 546 3953 τοιαῦται
592 3898 808 3965 δόξαιεν
839 3898 904 3951 ἂν
939 3897 1095 3950 οὐδέν
1142 3915 1196 3951 τι
1245 3899 1392 3967 μέγα
1440 3901 1639 3963 ποιεῖν,
1693 3900 1742 3952 εί
1788 3899 1882 3952 καὶ

295 3993 544 4056 ἐποίουν,
587 3991 652 4044 τὸ
709 3990 973 4044 δύνασθαι
1027 3991 1369 4060 βιαζόμεναι,
1421 3992 1516 4044 καὶ
1548 3992 1618 4044 δι’
1668 3993 1882 4061 ἡμέρας

293 4079 635 4148 πσνούμεναι
654 4093 670 4109 ⁸
708 4079 833 4132 ὅσαι
863 4077 920 4131 δὲ
967 4080 1063 4132 καὶ
1092 4081 1228 4150 πρὸς
1257 4081 1526 4152 ὁπλισμὸν
1551 4081 1884 4153 ἐρρύθμιζον

291 4170 522 4234 ἑαυτὰς,
584 4168 729 4238 ῥάκη
769 4169 864 4220 καὶ
918 4168 1144 4236 ψιάθους
1197 4170 1563 4239 ἐναπτόμεναι
1619 4168 1752 4223 ὡσεὶ
1789 4170 1884 4223 καί

291 4278 451 4323 τινας
483 4261 767 4329 θώρακας,
806 4261 1024 4324 καὶτὰς
1054 4261 1295 4330 κεφαλὰς
1323 4262 1544 4333 μίτραις
1575 4265 1654 4326 είς
1682 4263 1886 4332 ἕλιγμα

293 4353 796 4423 διαλαμϐάνουσαι,
830 4353 885 4404 εί
925 4370 1044 4415 πως
1086 4355 1421 4425 στρατιῶται
1451 4352 1592 4408 εῖναι
1641 4355 1888 4423 σοφίσον-

1977 1969 2206 2025 meliora
2243 1971 2506 2026 reducere
2539 1971 2815 2027 valebant.

2044 2227 2185 2285 Istos
2211 2235 2391 2282 autem
2415 2225 2665 2281 homines
2693 2225 2788 2294 qui
2830 2225 2884 2279 in
2927 2225 3062 2280 urbe
3094 2224 3285 2278 vivere
3348 2233 3559 2279 statue-

1978 2328 2124 2384 rant,
2155 2332 2317 2374 nemo
2340 2316 2493 2373 cives
2521 2317 2696 2373 bonos
2712 2325 2767 2372 et
2794 2316 3057 2373 institutis
3085 2317 3291 2370 nostris
3319 2323 3555 2377 utentes,

1979 2409 2074 2464 sed
2106 2409 2370 2472 latrones,
2392 2408 2560 2472 feras,
2581 2408 2846 2462 barbaros
2878 2407 3260 2476 appellaveris.
3294 2407 3427 2458 Nam
3464 2408 3558 2474 qui

1978 2499 2160 2570 patrio
2191 2513 2380 2553 amore
2413 2514 2524 2553 non
2557 2497 3017 2562 incendebantur,
3057 2497 3416 2551 nihilominus
3451 2498 3563 2550 for-

1983 2602 2065 2647 tes
2096 2599 2279 2646 tamen
2313 2599 2492 2654 erant,
2525 2590 2649 2644 belli
2684 2588 3055 2658 cupidissimi,
3089 2589 3328 2652 robusti,
3361 2589 3562 2641 Barba—

1983 2699 2172 2739 rerum
2202 2684 2526 2751 sanguinem
2561 2682 2844 2744 sitientes,
2871 2689 2929 2734 ut
2974 2695 3083 2733 uno
3137 2681 3306 2735 verbo
3353 2681 3557 2742 dicam,

1982 2775 2211 2832 Martem
2239 2777 2536 2846 spirantes,
2561 2782 2728 2844 atque
2757 2775 2854 2837 ita,
2877 2771 3089 2827 αιτιοι-ῖς
3112 2772 3166 2825 in
3193 2771 3305 2824 vita
3344 2771 3566 2824 amissis

1983 2865 2434 2930 omnibus,'nihil
2462 2873 2660 2934 praeter
2703 2861 2905 2916 bellum
2939 2858 3441 2930 prosequebantur,
3467 2873 3568 2913 cu-

1984 2960 2061 3013 ris
2100 2955 2418 3013 domesticis
2448 2955 2690 3026 pericula
2718 2955 2773 3009 in
2805 2951 3128 3010 obsidendis
3165 2951 3395 3008 urbibus
3421 2965 3565 3016 prie-

1988 3052 2235 3108 ferendo.

2055 3364 2143 3418 70.
2187 3362 2291 3418 Sed
2333 3377 2438 3417 non
2474 3361 2576 3416 viri
2617 3369 2856 3422 tantum,
2889 3359 2984 3414 sed
3039 3360 3302 3413 mulieres
3349 3373 3572 3429 quoque

1988 3456 2159 3512 Marte
2187 3457 2539 3512 inﬂammata:
2571 3455 2847 3519 furebant,
2875 3454 2998 3510 alia:
3030 3451 3242 3523 lapides
3258 3452 3566 3522 portando,

1984 3552 2104 3606 alia:
2131 3565 2253 3621 quae
2283 3551 2348 3603 ad
2390 3549 2515 3605 belli
2568 3547 2853 3602 machinas
2911 3562 2976 3602 ac
3022 3545 3222 3600 fundas
3251 3542 3570 3600 necessaria

1984 3649 2164 3703 erant,
2195 3637 2632 3708 suppeditando;
2663 3637 2782 3691 alia:
2811 3650 2932 3706 qua:
2956 3634 3194 3690 maxime
3225 3641 3385 3686 :etate
3416 3630 3574 3686 ﬂore—

1988 3729 2122 3783 Ιιτιιιι
2148 3743 2344 3798 aquam
2401 3726 2646 3783 humeris
2680 3727 3006 3795 gestabant;
3051 3723 3172 3778 alia:
3197 3737 3418 3792 quoque
3474 3721 3570 3774 de-

1990 3816 2211 3887 crepita:
2250 3816 2550 3872 senectutis
2582 3828 2804 3884 operam
2853 3827 3032 3880 usque
3070 3812 3137 3866 ad
3189 3811 3350 3865 ﬁnem
3409 3824 3575 3862 nava-

1992 3909 2142 3964 bant.
2210 3906 2304 3960 Ila:
2357 3906 2664 3966 mulieres,
2725 3903 2828 3956 etsi
2903 3915 3094 3970 parum
3157 3898 3338 3968 operis
3393 3897 3576 3951 facere

1991 3998 2334 4059 viderentur,
2371 4011 2478 4050 non
2526 4003 2708 4048 tamen
2734 3991 2924 4046 otiosae
2969 3997 3150 4054 erant,
3191 3988 3395 4058 quippe
3453 4002 3576 4056 quae

1988 4094 2160 4144 totum
2207 4087 2353 4143 diem
2403 4085 2685 4141 laboribus
2745 4081 3165 4138 consecrabant.
3218 4077 3350 4133 Aliae
3405 4091 3572 4146 porro

1987 4192 2141 4232 arma
2181 4175 2484 4230 induebant
2515 4187 2612 4243 pro
2653 4170 2852 4242 pannis
2882 4168 3084 4224 vilibus
3122 4164 3310 4222 loricis
3343 4163 3566 4225 indutae,

1988 4276 2042 4322 et
2072 4265 2308 4320 militum
2358 4276 2510 4316 more
2569 4260 2734 4331 capiti
2791 4257 3038 4313 cassides
3073 4263 3127 4309 et
3170 4253 3352 4326 galeas
3398 4252 3572 4320 impo-

1992 4354 2204 4421 nendo,
2234 4353 2361 4408 dein
2387 4349 2660 4420 lapidibus
2691 4355 2918 4402 armata:
2951 4359 3139 4397 muros
3199 4339 3573 4395 ascendebant

293 4463 411 4509 ται,
450 4447 547 4498 καὶ
573 4445 758 4507 λίθους
787 4447 1220 4516 ἐπισαττόμεναι
1276 4444 1524 4514 ἀγαθοὺς
1561 4444 1630 4500 ἐκ
1683 4447 1874 4518 χειρῶι

1997 4457 2050 4500 et
2089 4459 2189 4514 pro
2214 4443 2428 4498 viribus
2460 4442 2650 4496 hostes
2694 4437 3058 4508 repellebant.
3096 4433 3253 4504 Apud
3294 4447 3390 4489 cas
3421 4439 3572 4486 certe

292 4539 590 4605 ἀφίεσθαι,
624 4537 715 4590 τοῦ
743 4538 955 4608 τείχους
991 4539 1258 4607 ἐγίνοντο,
1293 4539 1388 4593 καὶ
1433 4540 1507 4601 ὡς
1554 4537 1698 4609 εἶχον
1729 4540 1887 4594 ἐϐαλο

292 4630 393 4681 λον
431 4630 562 4691 τοὺς
587 4629 813 4699 ἐχθρούς
834 4647 847 4661 ·
883 4629 1000 4682 ἀλλ’
1039 4630 1204 4683 αὐταὶ
1231 4630 1332 4700 τὴν
1363 4629 1718 4699 Ἀμαζόνειον
1744 4633 1884 4684 ίστο-

296 4722 427 4792 ρίαν
453 4719 838 4790 συγκροτοῦσι,
879 4721 973 4774 καὶ¹
1013 4721 1115 4773 οὐκ
1151 4722 1378 4789 ἀφιᾶσιν
1409 4721 1627 4791 ἐκείνην
1662 4721 1884 4792 ἐλέγχε-

299 4812 431 4866 σθαι
455 4829 470 4844 ’
499 4813 593 4865 καὶ
625 4813 723 4874 τὰς
755 4813 991 4874 παλαιὰς
1016 4811 1073 4865 δέ
1117 4813 1500 4882 διακρούονται
1554 4813 1886 4883 παρευδοκιὲ

300 4903 525 4972 μοῦσαι,
553 4903 619 4967 ἃς
645 4903 870 4972 οἴδαμεν
901 4905 1123 4973 κουραῖς
1150 4901 1405 4970 κεφαλῶν
1433 4903 1752 4972 ἐπικουρεῖν
1773 4907 1884 4967 τοῖς

298 4996 672 5066 πατριώταις,
687 4992 1132 5063 σχοινοπλοκοῦσι
1152 4995 1292 5048 κατὰ
1309 4994 1548 5061 πολέμου
1571 4993 1887 5062 ἀναγκαίως

298 5089 369 5140 ἐκ
402 5086 659 5140 τοιούτων
690 5084 919 5156 τριχῶν.
971 5086 1045 5140 Οὐ
1090 5085 1199 5156 γὰρ
1260 5086 1454 5156 τρίχας
1509 5078 1695 5149 αὗται,
1753 5086 1890 5139 ἀλλὰ

1997 4553 2173 4609 genus
2193 4538 2532 4592 Amazonum
2554 4532 2791 4602 reperis,
2816 4529 2975 4600 cujus
3005 4529 3138 4598 ipsa:
3161 4527 3320 4580 ﬁdem
3340 4523 3572 4585 faciunt,

1997 4630 2110 4685 imo
2160 4630 2418 4698 antiquas
2455 4625 2719 4683 historias
2757 4633 3057 4693 superant,
3099 4617 3312 4690 capillis
3343 4617 3484 4682 suis,
3516 4624 3576 4669 ut

1998 4719 2257 4786 vidimus,
2297 4719 2484 4789 patriae
2524 4718 2884 4774 inservientes
2938 4725 2992 4769 et
3027 4713 3293 4768 crinibus
3345 4710 3461 4765 suis
3507 4708 3577 4762 ad

1996 4828 2158 4866 arcus
2210 4811 2561 4866 fabricandos
2610 4817 3021 4870 succurrentes,
3063 4820 3171 4860 non
3223 4802 3429 4866 crines,
3482 4801 3576 4854 sed

1993 4906 2160 4959 vitam
2195 4906 2367 4974 ipsam
2407 4902 2795 4959 sacriﬁcando.
2832 4900 2984 4966 Quas
3017 4898 3062 4951 si
3112 4895 3372 4952 Salomon
3402 4893 3580 4948 vidis-

1996 5006 2103 5064 set,
2136 4998 2349 5052 t’eminae
2384 4997 2460 5051 illi
2495 4996 2646 5062 forti,
2671 4996 2738 5051 de
2769 5009 2878 5065 qua
2899 4991 3144 5062 scripsit,
3177 4986 3573 5051 accensuisset,

1997 5099 2187 5161 utpote
2210 5106 2276 5144 eo
2313 5091 2520 5145 honore
2547 5088 2929 5159 dignissimas.

297 5182 481 5249 ψυχὰς
514 5148 819 5250 προΐεντοῗ
845 5179 992 5233 Ἰδὼν
1019 5148 1601 5250 ἂνίΣολομῶνῠαύτὰς,
1668 5185 1911 5249 συγκατέ
1976 5148 2155 5255 γραψε
2191 5188 2258 5256 τῇ
2290 5186 2422 5255 παρ’
2474 5148 2634 5253 uim};
2662 5183 2892 5254 ἀνδρικῇ
2934 5181 3179 5252 γοναικὶ,
3223 5148 3578 5248 προσαπορή-

301 5293 428 5339 σας,
459 5280 538 5341 εἰς
570 5279 638 5332 ἦν
672 5276 1012 5348 προύϐάλετο
1041 5277 1294 5348 ζήτησιν.

375 5423 475 5471 οα¹.
507 5419 618 5470 Καὶ
643 5414 712 5489 ἦν
735 5418 910 5471 εἰπεῖν
935 5418 1058 5471 τότε
1084 5417 1220 5480 ’τοὺς
1240 5418 1482 5489 δρῶντας
1509 5418 1602 5471 τόν
1631 5436 1691 5471 τε
1722 5419 1886 5473 Δαυῒδ

293 5511 401 5564 καὶ
428 5509 555 5574 τοὺς
595 5511 736 5580 ἀμφ’
766 5510 932 5564 αὑτὸν
957 5510 1282 5572 Δαυῖτικοὺς
1315 5505 1476 5580 (ἦσαν
1501 5510 1632 5580 γὰρ,
1665 5510 1780 5563 ὅσοι
1806 5509 1885 5573 είς

293 5602 501 5655 ταυτὸν
553 5602 750 5672 ἐκείνῳ
801 5600 1008 5666 ἐνόουν,
1047 5603 1195 5656 κακὰ
1225 5601 1571 5672 φρονοῦντες,
1603 5604 1764 5656 ὁποῖα
1817 5601 1884 5654 τὰ

295 5692 416 5746 τῶν
445 5695 696 5764 κοράκων
731 5693 979 5750 κολάκων
1002 5710 1014 5724 ·
1071 5695 1232 5764 οἵπερ
1260 5694 1515 5759 ἐπαίνους
1556 5694 1879 5761 κρώζοντες,

2065 5417 2156 5471 7i.
2189 5417 2345 5471 Tunc
2379 5413 2472 5485 qui
2502 5413 2760 5470 Davidem
2790 5424 2844 5467 et
2885 5413 3005 5484 eius
3035 5411 3274 5467 asseclas
3323 5407 3579 5464 videbant

1999 5512 2174 5584 (erant
2205 5511 2352 5566 enim
2391 5507 2482 5580 qui
2529 5524 2653 5564 cum
2710 5521 2775 5561 eo
2831 5504 3222 5574 conspirabant
3281 5501 3333 5553 in
3375 5501 3576 5554 malum

1997 5619 2289 5659 corvorum
2325 5613 2378 5658 et
2427 5601 2771 5657 adulatorum
2823 5599 3032 5658 instar;
3084 5607 3316 5660 quorum
3363 5593 3574 5651 laudes.

1997 5695 2195 5758 quibus
2224 5695 2313 5750 ille
2345 5695 2538 5749 insane
2588 5689 2877 5755 candebat,
2905 5687 3248 5740 altitudinem
3273 5685 3573 5748 spirabant)
