4036 6224
431 347 506 408 83
1144 347 1498 407 ΕῐίὃἸἍΤίΙ
1513 348 1528 404 ι
1545 349 1568 405 l
1613 348 1902 406 THESSA
1915 345 2017 404 LU'.

2124 316 2366 404 zessis
2404 339 2970 402 METROPOLITIE
3623 340 3693 404 εις

435 466 469 518 d
495 479 620 520 cere
652 470 943 532 potuerunt
973 479 987 516 :
1023 463 1278 521 Mulieres
1311 473 1508 520 nostra:
1537 464 1636 520 viri
1667 463 1824 520 facta:
1852 469 2005 529 sunt,

2124 463 2197 530 ἐφ’
2225 457 2306 524 οἷς
2331 462 2539 522 ἐκεῖνος
2576 459 2865 530 ἁφραίνων
2889 453 2976 528 ἦν,
3025 457 3246 526 ἐφύσων
3278 458 3356 518 εἰς
3409 457 3698 527 μεγαλειό-

434 558 534 611 viri
577 571 706 611 vero
741 556 1013 612 Davidica:
1035 567 1329 611 evaserunt
1355 543 1631 611 mulieres.
1661 557 1800 622 Quid
1825 556 2010 609 enim?

434 651 774 705 Constitutio
826 651 1004 704 civilis
1061 651 1214 706 urbis
1247 651 1509 705 atrumnis
1564 651 1665 706 [ide
1711 650 2010 717 majoribus

437 752 626 795 vexata
662 750 782 805 est;
835 753 1026 795 eastern
1076 758 1207 796 vero
1244 758 1370 812 pars
1419 743 1612 796 ducem
1667 743 2007 806 imitabatur,

435 839 712 891 «'Oltleula.
754 829 1053 883 dummodo
1089 830 1274 884 videre
1315 840 1367 884 et
1405 830 1598 882 audire
1643 838 1852 897 posset.
1901 825 2011 884 Nec

436 927 616 970 lumen
656 931 855 970 manus
887 915 1003 983 ejus
1033 918 1225 971 otiosae
1268 925 1444 971 erant.
1487 917 1820 984 llrputantes
1864 917 2006 969 enim

436 1023 620 1061 secum
655 1008 799 1076 quod
837 1009 903 1064 iis
935 1025 1213 1077 nunquam
1253 1009 1440 1063 liceret
1491 1009 1636 1060 viros
1671 1007 2007 1076 sanguineos

439 1101 574 1163 ticri,
613 1101 990 1156 transformati
1033 1115 1184 1167 sunt,
1234 1103 1668 1169 profunditatem
1725 1101 1992 1167 apostoli-

437 1208 553 1244 Cum
585 1194 955 1260 recondenda,
982 1205 1036 1248 et
1077 1194 1240 1248 rebus
1273 1194 1527 1247 humanis
1566 1207 1624 1245 se
1661 1191 2010 1246 circumscri-

440 1284 637 1337 bendo.

511 1509 599 1562 τε.
643 1509 724 1561 Ali
754 1509 823 1563 iis
848 1525 1014 1578 porro
1047 1513 1231 1564 hostes
1286 1525 1393 1563 non
1453 1511 1807 1564 mediocriter
1847 1521 2013 1564 vexa-

437 1599 820 1669 h:mtur;quo
861 1610 1105 1669 tempore
1149 1601 1460 1657 obsidionis
1516 1603 1762 1666 c0gnito.
1829 1603 2015 1655 hostes

436 1691 522 1741 his
542 1706 600 1744 se
621 1691 985 1745 associarunt.
1029 1692 1190 1747 Cives
1228 1707 1463 1763 pugnam
1507 1693 1823 1748 continuam
1862 1707 2018 1746 exer—

434 1781 654 1845 cebant,
716 1795 820 1836 nec
887 1781 1123 1836 interdiu
1191 1797 1291 1836 nec
1364 1793 1530 1837 noctu
1603 1790 1887 1838 cessantes
1949 1783 2016 1838 ab

436 1887 639 1938 opere,
678 1880 792 1926 tota
843 1871 933 1925 die
993 1873 1297 1938 certabant,
1348 1883 1561 1929 noctem
1628 1889 1758 1928 vero
1824 1883 2012 1927 custo-

438 1961 601 2035 dibus
633 1961 918 2030 dispositis
939 1963 1142 2032 vigiliis
1170 1965 1409 2032 dabant;
1443 1965 1589 2033 quod
1632 1964 1749 2019 urbi
1782 1980 1888 2018 non
1920 1979 2014 2034 pa-

440 2067 558 2106 rum
592 2053 778 2107 damni
811 2054 1014 2109 attulit.
1044 2055 1180 2109 Cum
1235 2057 1382 2110 enim
1442 2070 1538 2125 per
1583 2070 1745 2110 omne
1799 2063 2014 2123 tempus

439 2144 722 2200 laboribus
752 2145 1057 2202 obsidionis
1089 2149 1286 2202 intenti
1337 2155 1550 2211 essent,
1592 2156 1872 2216 postremo
1915 2160 2015 2198 ex-

438 2233 670 2299 tenuati,
704 2249 933 2304 corpore
966 2244 1016 2289 et
1049 2236 1229 2290 anima
1261 2235 1530 2291 debilitati
1556 2245 1704 2299 sunt,
1740 2233 2012 2304 siquidem

440 2339 536 2391 per
554 2333 724 2378 totam
744 2341 861 2380 eam
892 2336 1130 2393 noctem,
1153 2337 1276 2396 post
1300 2344 1462 2398 quam
1486 2331 1566 2382 sol
1594 2326 1779 2381 infelix
1809 2325 2014 2391 illuxit,

440 2429 636 2471 murus
679 2417 968 2473 orientalis
1013 2419 1344 2473 custodibus
1399 2419 1642 2478 carebat,
1703 2417 1866 2484 idque
1901 2429 2013 2470 non

440 2507 617 2562 solum
651 2508 722 2562 ob
768 2510 1008 2563 membra
1058 2511 1338 2563 laboribus
1391 2509 1679 2568 exhausta,
1731 2506 1826 2560 sed
1869 2507 2014 2574 quod

440 2611 632 2652 omnes
665 2599 1088 2668 praesagiebant,
1121 2600 1314 2653 urbem
1351 2597 1619 2667 postridie
1663 2604 1887 2666 captum
1913 2594 2014 2659 iri;

439 2685 508 2740 de
536 2703 644 2755 quo
681 2703 841 2743 nemo
863 2689 975 2757 jam
1008 2690 1310 2755 dubitabat,
1344 2705 1469 2742 cum
1493 2702 1686 2743 omnes
1718 2685 1887 2740 fatum
1913 2685 2015 2739 du-

443 2781 524 2833 cis
556 2781 610 2834 in
643 2795 806 2834 manu
845 2782 1202 2835 inexorabilis
1244 2780 1474 2834 Clothus
1517 2778 1754 2847 pendere
1809 2791 2016 2848 cogno-

443 2869 680 2932 vissent,
715 2878 771 2924 et
799 2885 923 2923 cum
960 2870 1144 2924 hostes
1188 2867 1291 2936 ipsi
1323 2866 1666 2935 prmeedente
1695 2865 1783 2918 die
1804 2870 2016 2917 steuto-

441 2973 534 3012 rea
563 2975 696 3014 voce
720 2961 1127 3015 exclamassent
1159 2965 1482 3026 sequentem
1515 2954 1659 3008 diem
1686 2952 1847 3008 nobis
1871 2951 2017 3006 cala-

441 3052 696 3104 mitosam
721 3050 838 3105 t‘ore
868 3065 974 3104 non
1001 3050 1118 3104 sine
1143 3049 1486 3117 proditionis,
1511 3056 1665 3117 puto.
1691 3045 2013 3116 suspicione

2111 553 2298 622 τητα),
2345 552 2418 614 ώς
2449 551 2515 604 Δί
2573 552 2672 620 μὲν
2725 552 2983 618 γυναῖκες
3021 549 3154 618 ημῖν
3193 547 3383 617 ἄνδρες
3421 548 3694 615 ἐγένοντο,

2114 648 2368 713 γυναῖκες
2421 643 2478 695 δὲ
2533 643 2584 694 oi
2637 641 2828 712 ἄνδρες
2859 642 2907 693 οἱ
2957 638 3344 704 δαυῖδίζοντες.
3391 638 3458 690 Τί
3487 639 3584 704 δέ;
3619 640 3697 693 Τὸ

2117 736 2214 801 μὲν
2243 734 2434 787 λαῖκὸν
2475 734 2733 802 σύστημα
2769 734 2866 798 τῆς
2902 733 3113 794 πόλεως
3159 731 3305 784 οὕτω
3357 731 3697 801 πονούμενον

2113 821 2202 895 ἦν,
2233 827 2328 878 καὶ
2359 827 2501 895 ὑπὲρ
2555 826 2584 878 ὃ
2635 825 2871 894 πεφύκει
2899 841 2912 854 ο
2945 824 3004 877 τὸ
3030 824 3085 877 δὲ
3125 824 3223 892 τῆς
3255 823 3448 893 λοιπῆς
3481 822 3696 894 μερίδος

2115 921 2368 989 ἐμιμεῖτο
2405 920 2496 972 τὸν
2521 920 2848 991 στρατηγὸν,
2885 920 2980 972 καὶ
3007 917 3100 971 τοῦ
3132 918 3354 971 ἀκούειν
3381 917 3544 986 μόνον
3579 918 3696 984 ἐγί-

2116 1027 2238 1063 νετο
2270 1010 2366 1064 καὶ
2403 1012 2559 1080 ὀρᾷν.
2614 1011 2824 1064 οὔκουν
2855 1010 2965 1062 οὐδ’
2995 1009 3126 1061 αύτδ
3173 995 3410 1076 ἀεργὸὺς
3450 1005 3567 1076 εἶχε
3594 1009 3696 1072 τὰς

2117 1102 2302 1170 χεῖρας
2323 1115 2338 1130 ο
2384 1099 2501 1152 ἀλλ’
2527 1095 2642 1152 οἷον
2667 1098 3046 1166 ἐκλαθόμενον,
3083 1097 3156 1156 ώς
3188 1095 3306 1148 οὐδὲ
3341 1111 3474 1146 ποτε
3509 1095 3697 1155 αὐτοῖς

2117 1193 2325 1258 ἔξεστιν
2360 1193 2620 1260 ἀνδράσιν
2643 1192 2888 1259 αἱμάτων
2913 1186 3074 1249 εἶναι,
3110 1187 3542 1256 μετεχρώζοντο,
3575 1187 3700 1239 ἑπι-

2117 1286 2455 1354 κρύπτοντες
2489 1286 2590 1352 μὲν
2609 1285 2671 1336 τὸ
2697 1283 2834 1352 βαθὺ
2864 1281 3245 1344 ἀποστολικδν,
3271 1278 3698 1343 ἐπιπολάζοντες

2117 1375 2172 1428 δὲ
2204 1378 2265 1428 τὸ
2298 1377 2725 1446 κοσμικώτερον.

2190 1505 2288 1575 οβ’.
2327 1508 2434 1558 Καὶ
2469 1503 2609 1575 ἦσαν
2645 1509 2735 1560 καὶ
2765 1507 2825 1572 ἐξ
2880 1507 3061 1561 αὐτῶν
3090 1506 3343 1575 ὀχλήσεις
3396 1506 3507 1566 τοῖς
3537 1504 3695 1555 πολτο

2125 1597 2272 1664 μίοις
2307 1599 2409 1650 οὐκ
2440 1601 2707 1662 ἀγεννεῖςο
2742 1601 2769 1651 ὅ
2803 1600 2969 1651 ποθεν
2996 1599 3219 1665 γνόντες
3261 1600 3465 1651 ἐκεῖνοι
3506 1599 3698 1660 κακῶς

2122 1693 2182 1742 ὲν
2216 1693 2282 1759 τῇ
2319 1690 2542 1754 ἁλώσει,
2593 1693 2688 1743 καὶ
2720 1693 2834 1754 τοῖς
2866 1694 3128 1754 τοιούτοις
3167 1693 3532 1761 προσήγοντο.
3568 1689 3699 1744 Τοι·

2122 1783 2294 1852 αύτην
2322 1782 2604 1836 συντονίαν
2632 1783 2808 1852 μάχης
2835 1783 2886 1835 οί
2912 1782 3013 1850 τῆς
3037 1783 3241 1844 πόλεως
3268 1784 3565 1852 ἣρμοττον,
3586 1783 3700 1834 οὐδ’

2121 1874 2336 1944 ἡμέρας
2381 1874 2828 1942 διακοπτόμενοι.
2863 1873 2988 1928 οὔτε
3045 1875 3241 1937 νυκτὸς
3274 1875 3698 1936 ἀνα-πίπτοντες.

2135 1965 2435 2034 Ἐμάχοντο
2463 1966 2562 2034 μὲν
2592 1967 2701 2035 γὰρ
2726 1967 3063 2036 πανημέριοι
3083 1982 3098 1996 ο
3135 1965 3424 2035 παννύχιοι
3451 1966 3509 2019 δὲ
3555 1961 3702 2035 ἦσαν

2120 2057 2179 2105 ἐν
2206 2054 2560 2125 ἐγρηγόρσει,
2588 2054 2839 2122 φυλακὰς
2869 2054 3105 2123 ἔχοντες.
3145 2055 3210 2108 Ὀ
3241 2056 3337 2108 καὶ
3365 2054 3569 2122 ἔϐλαψε
3599 2057 3702 2122 τὴν

2125 2146 2280 2198 πόλιν
2312 2145 2414 2213 οὐχ
2463 2146 2689 2214 ἣκιστα.
2743 2146 2808 2197 Οἱ
2855 2147 2963 2214 γὰρ
2995 2145 3149 2197 αὐτοὶ
3184 2144 3575 2210 ἀνεξὰλλακτοι
3607 2145 3702 2197 τὸν

2121 2236 2244 2288 ὃλον
2284 2235 2482 2303 καιρὸν
2513 2235 2611 2303 τῆς
2643 2232 2966 2302 πολιορκίας
3020 2235 3347 2303 πονούμενοι
3377 2233 3528 2297 τέλος
3564 2235 3703 2287 ἀπέ-

2121 2343 2320 2394 καμον,
2364 2326 2682 2396 παρειμένοι
2711 2326 2805 2378 καὶ
2825 2325 2895 2378 τὰ
2918 2324 3084 2392 νεῦρα
3113 2327 3208 2379 καὶ
3229 2328 3329 2388 τὰς
3357 2324 3556 2395 ψυχάς.
3587 2326 3704 2379 Καὶ

2121 2417 2220 2486 τὴν
2263 2418 2583 2470 τελευταίαν
2623 2417 2754 2486 ὅλην
2800 2417 2992 2479 νύκτα,
3037 2415 3161 2485 μεθ’
3211 2418 3276 2487 ἡν
3321 2419 3450 2487 ἡμῖν
3488 2417 3516 2470 ὁ
3546 2419 3705 2487 ἣλιος

2121 2507 2398 2576 δυστυχῶς
2429 2507 2698 2577 ἔλαμψεν,
2729 2509 2830 2560 οὒκ
2881 2502 2996 2576 εἶχε
3045 2509 3106 2561 τὺ
3151 2507 3285 2576 έῷον
3341 2511 3520 2578 τεῖχος
3573 2509 3704 2570 τοὺς

2124 2595 2418 2665 φυλάσσειν
2456 2597 2764 2662 ἐθέλοντας,
2793 2599 2889 2652 καὶ
2918 2600 2981 2651 οὐ
3015 2599 3178 2669 μόνον
3211 2599 3298 2652 διὰ
3341 2599 3442 2666 τὴν
3493 2601 3558 2652 ἐκ
3597 2615 3702 2650 κα-

2124 2692 2295 2758 μάτου
2326 2693 2582 2762 πάρεσιν,
2615 2695 2754 2747 ἀλλά
2783 2695 2877 2748 καὶ
2907 2696 3042 2748 διότι
3066 2695 3337 2764 πρόληψις
3364 2695 3465 2766 ήδη
3497 2694 3704 2748 ᾶπασιν

2121 2776 2421 2844 ἐνεγένετο,
2455 2781 2513 2842 ἐς
2535 2779 2728 2850 αὔριον
2765 2781 2866 2850 τὴν
2899 2781 3054 2834 πόλιν
3088 2781 3420 2836 ἁλώσεσθαι.
3476 2783 3586 2835 Καὶ
3625 2783 3704 2846 ὡς

2120 2861 2210 2917 οἶα
2244 2868 2338 2919 καὶ
2379 2871 2461 2930 είς
2531 2869 2717 2940 κοινὴν
2767 2867 2900 2940 ἦλθε
2933 2871 3093 2924 τοῦτο
3141 2871 3377 2935 ἐννοιιν,
3413 2871 3510 2941 ὀψέ
3567 2888 3702 2924 ποτε

2124 2956 2386 3010 ἁπάντων
2447 2961 2843 3025 ὲπεγνωκότων
2897 2961 2989 3012 τὸν
3042 2961 3236 3031 εἱρμὸν
3275 2962 3373 3029 τῆς
3416 2961 3558 3013 κατὰ
3605 2962 3704 3012 τὸν

2125 3046 2426 3114 στρατηγὸν
2480 3047 2721 3117 ἁτρὸπου
2778 3048 3060 3115 Κλωθοῦς,
3113 3052 3210 3103 καὶ
3258 3049 3436 3104 αὐτῶν
3491 3050 3548 3103 δὲ
3587 3051 3702 3102 τῶν

443 3141 678 3195 fortasse
731 3141 1038 3211 gentilium.
1078 3140 1304 3194 Latinus
1339 3140 1562 3208 quidam
1593 3137 1750 3202 dixit,
1774 3152 1836 3191 ex
1870 3136 2009 3190 turri

2125 3135 2404 3203 πολεμίων
2436 3139 2536 3206 τὴν
2585 3141 3009 3210 προηγουμένην
3060 3141 3277 3212 ἡμέραν
3337 3141 3700 3196 ἀναϐοώντων

443 3248 613 3301 μορε
636 3232 950 3300 Burgesius,
1002 3230 1322 3284 mandatum
1359 3246 1484 3286 esse
1536 3229 1768 3284 tuissum
1820 3225 1887 3280 ad
1915 3241 2013 3280 eos

442 3323 535 3388 qui
587 3329 742 3378 extra
795 3322 990 3378 urbem
1047 3332 1204 3376 erant
1236 3331 1292 3376 et
1357 3321 1626 3374 monitum
1667 3318 1732 3371 ad
1761 3332 1857 3372 eos
1920 3316 2015 3387 qui

446 3415 608 3476 intra,
642 3424 694 3465 et
743 3413 903 3467 nobis
937 3411 1094 3468 tidem
1145 3411 1297 3466 facit.
1350 3414 1498 3464 Inter
1553 3409 1694 3461 muri
1757 3405 2018 3462 custodes

444 3506 611 3573 aliqui
647 3504 798 3560 fuere
821 3505 958 3559 adeo
991 3504 1269 3566 scelerati,
1305 3503 1502 3556 fratres
1535 3500 1914 3554 adolescentes
1949 3512 2016 3551 ex

439 3597 801 3661 (.honahitis,
850 3598 1161 3664 viperarum
1224 3593 1513 3664 progenies
1585 3591 1720 3644 huic
1778 3587 1922 3651 urbi,
1959 3588 2012 3640 in

445 3696 726 3742 momento
739 3689 1160 3757 expugnationis
1178 3702 1298 3739 eam
1317 3682 1675 3746 devorabant,
1698 3681 2015 3748 strictisque

444 3779 658 3846 gladiis,
692 3781 949 3834 omnibus
995 3780 1130 3842 noti,
1168 3779 1286 3830 vias
1330 3773 1728 3845 percurrebant
1765 3773 1816 3824 iu
1854 3771 2012 3824 testi-

446 3873 686 3926 monium
722 3871 865 3940 quod
893 3872 1002 3941 jznn
1035 3871 1187 3940 prius
1209 3868 1438 3922 insidias
1470 3865 1820 3919 struxissent.
1847 3861 2016 3931 Equi-

443 3966 566 4018 dem
627 3964 812 4018 nullus
845 3963 1033 4017 dubito
1058 3963 1191 4032 quin
1227 3959 1532 4031 aliquando
1582 3957 1803 4026 dignam
1857 3951 2016 4007 iactis

443 4069 658 4122 [accitam
690 4055 869 4108 daturi
902 4055 1032 4108 sint.

2120 3225 2464 3296 Στεντόρειον
2499 3229 2557 3282 ἐν
2609 3229 2687 3298 τῷ
2745 3230 2936 3299 μαθεῖν
2989 3233 3110 3303 (οὐκ
3163 3230 3258 3287 οἷδ’
3294 3234 3439 3303 ὅθεν)
3506 3237 3604 3305 τὴν
3641 3240 3702 3299 ἐς

2119 3317 2294 3369 νέωτα
2319 3317 2443 3370 καθ’
2475 3321 2626 3388 ἡμᾶς
2649 3320 2856 3392 βλάϐην
2883 3340 2897 3356 ο
2926 3325 3146 3393 λέγεται
3174 3326 3243 3391 δ’,
3284 3327 3368 3381 ὃτι
3390 3329 3468 3381 ἐκ
3503 3329 3705 3398 προδο-

2121 3407 2240 3470 σίας
2290 3412 2433 3472 τινός
2458 3427 2473 3442 ο
2531 3412 2630 3466 οὐκ
2661 3413 2776 3467 οἶδα
2807 3416 2909 3486 μὲν
2974 3417 3240 3487 ἀκριϐῶς,
3283 3420 3333 3470 εξ
3382 3419 3476 3471 καὶ
3507 3419 3704 3488 ἄλλης,

2123 3498 2348 3568 sema;
2379 3500 2435 3552 δὲ
2461 3504 2550 3554 καὶ
2589 3505 2850 3573 μάλιστα.
2888 3508 2998 3560 Καὶ
3030 3512 3057 3562 ὁ
3100 3508 3201 3579 μὲν
3233 3509 3406 3562 είπὼν
3443 3513 3700 3576 Λατῖνος,

2122 3590 2197 3653 ώς
2227 3593 2290 3644 ἐκ
2340 3594 2431 3645 τοῦ
2465 3596 2603 3649 κατὰ
2632 3598 2757 3660 τοὺς
2821 3597 3174 3669 βουργεσίους
3235 3600 3452 3671 πύργου
3485 3601 3700 3672 θέλημα

2124 3679 2381 3750 ἐπέμφθη
2416 3685 2524 3744 τοῖς
2558 3683 2662 3748 ἔξω
2697 3687 2840 3739 κατὰ
2869 3687 2978 3740 τῶν
3007 3688 3106 3758 τῆς
3137 3690 3366 3754 πόλεως,
3403 3691 3500 3742 καὶ
3531 3707 3702 3743 κατα-

2127 3771 2353 3840 μήνυμα
2393 3773 2501 3824 τών
2535 3774 2705 3839 ἐντὸς,
2743 3777 2844 3828 οὐκ
2885 3777 2953 3830 ἂν
2987 3778 3270 3832 ἀπιστοῖτο
3297 3781 3432 3851 ημῖν
3472 3797 3705 3848 τεκμαιο

2127 3861 2396 3932 ρομένοις,
2445 3866 2502 3931 ἐξ
2535 3859 2608 3918 ὧν
2660 3868 3044 3939 ἡκριϐώμεθα.
3091 3871 3340 3926 Τοιοῦτοι
3393 3874 3502 3942 γάρ
3552 3890 3702 3936 τινες

2127 3955 2552 4024 πυργοφύλακες
2579 3961 2910 4028 ἐπίτριπτοι,
2957 3965 3164 4018 νεανίαι
3200 3964 3422 4034 ἀδελφοὶ
3462 3965 3527 4018 ἐκ
3561 3965 3703 4017 Χον-

2126 4044 2386 4106 ναϐιτῶν,
2424 4046 2628 4118 ἔχιδναι
2665 4055 2923 4121 γεννηταὶ
2949 4055 3015 4124 τῇ
3049 4055 3203 4107 πόλει
3231 4056 3424 4126 ταύτῃ,
3450 4055 3570 4108 κατ’
3599 4054 3700 4108 αὑ·-

440 4149 540 4215 τὴ)
585 4149 680 4216 τὴν
725 4147 825 4214 τῆς
880 4147 1137 4207 ἁλώσεως
1184 4145 1333 4213 ὤραν
1379 4143 1672 4212 κατήσθιον
1706 4141 1897 4208 αὐτὴν,
1939 4135 2036 4187 καὶ
2093 4138 2251 4189 αὐτοὶ
2324 4138 2452 4211 ξίφη
2504 4143 2912 4213 γυμνώσαντες,
2963 4149 3057 4200 καὶ
3108 4149 3536 4219 κατατρέχοντες
3595 4147 3699 4212 τὰς

443 4242 720 4312 ἀμφόδους
751 4246 983 4307 γνωστοὶ
1045 4243 1156 4302 τοῖς
1190 4240 1471 4308 βλέπουσι,
1512 4240 1692 4290 πίστιν
1729 4233 1868 4287 οὕτω
1919 4230 2176 4297 διδόντες,
2210 4236 2304 4286 καὶ
2366 4238 2555 4306 πρώην
2590 4240 2868 4294 ἐπίϐουλοι
2922 4239 3089 4298 εἶναι.
3119 4247 3232 4300 Καὶ
3287 4245 3391 4299 οὐκ
3419 4244 3702 4306 ἐσθ’ὅπως

450 4336 511 4390 ού
550 4333 995 4404 μετελεύσεταιή
1028 4333 1152 4401 δίκη
1184 4332 1407 4394 αὐτούς.

518 4471 604 4524 75.
647 4471 739 4525 Sic
771 4479 958 4524 noster
988 4469 1209 4540 quidem
1242 4469 1468 4524 Latinus
1507 4470 1793 4522 veritatem
1833 4466 2020 4535 sequi-
2057 4484 2098 4538 υ

447 4577 558 4623 ιιιιο,
597 4563 760 4615 homo
811 4577 912 4616 nec
957 4563 1008 4616 in
1045 4562 1260 4616 cmteris
1307 4561 1373 4613 ad
1408 4561 1781 4614 mentiendum
1832 4567 2014 4628 aptus.

445 4653 753 4709 Abadimus
796 4663 977 4708 autem
1015 4652 1229 4706 Manuel
1261 4667 1374 4706 rem
1400 4653 1758 4722 piscatoriam
1792 4664 2018 4711 curans,

448 4760 614 4796 senex
644 4746 857 4808 viridis,
884 4746 1016 4798 olim
1051 4759 1313 4798 manuum
1339 4745 1666 4800 strenuitate
1699 4753 1882 4803 notus,
1914 4757 2020 4809 qua

449 4838 794 4890 adversarios
819 4835 1197 4906 perdomabat,
1228 4845 1281 4889 et
1311 4836 1470 4905 cujus
1499 4849 1696 4903 corpus
1731 4833 2018 4886 robustum

453 4928 726 4981 hominem
751 4928 1110 4998 designabat;
1162 4929 1254 4982 hic
1296 4929 1462 4981 homo
1502 4925 1803 4980 declaravit
1850 4921 2023 4976 Thes-

454 5022 751 5072 salonicam
800 5034 899 5088 per
960 5035 1177 5074 omnem
1242 5028 1443 5074 terram
1497 5017 1770 5071 celebrem
1803 5025 2021 5083 captam

451 5111 869 5180 «:sse.,Noiiduin
897 5113 1045 5165 enim
1091 5111 1209 5166 dies
1259 5111 1439 5164 fatalis
1479 5108 1759 5173 illuxerat,
1787 5108 1881 5161 sed
1917 5121 2023 5159 nox

456 5205 630 5257 media
659 5211 920 5273 erat,qua
946 5220 1134 5260 murus
1156 5204 1439 5259 orientalis
1474 5203 1719 5256 hostibus
1746 5201 1923 5255 adhuc
1947 5201 2028 5254 in-

452 5313 712 5351 accessus
765 5304 904 5351 erat.
953 5297 1073 5366 lpse
1125 5306 1303 5351 autem
1339 5305 1692 5365 experrectus
1713 5309 1776 5346 ex
1810 5307 2027 5355 somno,

455 5392 639 5442 relicta
669 5390 832 5442 domo
870 5396 929 5441 ut
977 5388 1129 5457 operi
1162 5399 1394 5450 vacaret,
1429 5387 1672 5454 quinque
1732 5385 2028 5437 Alamanos

456 5483 669 5550 equites
696 5493 937 5534 armatos
981 5482 1172 5534 obvios
1221 5478 1503 5533 hahuitde
1557 5477 1808 5547 praesenti
1841 5492 2024 5530 rerum

459 5586 605 5627 statu
637 5577 1090 5638 confabulautes;
1131 5590 1269 5643 quos
1313 5590 1434 5626 cum
1469 5571 1818 5642 prmtergredi
1850 5571 2026 5625 vellet.

461 5666 536 5718 iili
557 5667 908 5721 advocabant.
929 5668 1029 5733 Qui
1056 5682 1178 5721 cum
1207 5668 1528 5723 accessisset
1561 5669 1625 5720 ad
1657 5682 1772 5730 cos,
1811 5678 2029 5717 manum

2263 4459 2276 4478 ο
2792 4469 2816 4480 -

2197 4479 2297 4528 ογ.
2330 4465 2439 4516 Καὶ
2467 4467 2494 4516 ὁ
2527 4469 2625 4534 μὲν
2671 4485 2912 4535 τοιουτος
2941 4475 3166 4537 ⁴Χατῖνος
3215 4468 3316 4527 ὧδε
3375 4481 3703 4546 συγκροτεῖ-

2124 4569 2214 4605 ται
2256 4555 2393 4624 πρδς
2420 4556 2702 4628 ἀλήθειαν,
2741 4563 2833 4614 καὶ
2863 4562 3038 4626 ἄλλως
3072 4567 3170 4635 οὐχ
3199 4560 3308 4628 οἷός
3343 4583 3402 4618 τε
3458 4565 3536 4618 ὢν
3568 4551 3732 4636 φεύ-θ

2127 4647 2345 4701 σασθαι.
2394 4651 2454 4702 '0
2523 4651 2579 4704 δὲ
2629 4653 2948 4724 Ἀϐούδιμος
3000 4657 3274 4728 Μανουὴλ.
3306 4658 3444 4728 ἀνὴρ
3497 4659 3701 4728 ίχθύων

2126 4739 2290 4807 τιμῆς
2324 4741 2641 4808 μελόμενος,
2667 4745 2762 4796 νῦν
2796 4746 2896 4814 μὲν
2933 4745 3258 4817 ὠμογέρων,
3296 4749 3463 4801 πάλαι
3487 4749 3541 4803 δέ
3569 4767 3704 4804 ποτε

2127 4831 2523 4902 περιᾳδόμενος
2559 4836 2736 4902 μέγας
2791 4833 3069 4907 εἶναιτὴν
3118 4843 3299 4908 χεῖρα,
3335 4841 3426 4894 καὶ
3475 4841 3707 4912 βριαρδς

2128 4923 2299 4989 αὐτὴν
2323 4931 2678 4992 κατενεγκεῖν
2696 4929 2803 4981 τῶν
2827 4929 3262 4999 ἀνθισταμένων,
3285 4929 3344 4988 οὗ
3369 4937 3535 4986 καὶτὸ
3561 4936 3711 4988 κατὰ

2136 5014 2294 5082 σῶμα
2332 5016 2591 5081 εὐσταλὲς
2625 5019 2703 5072 ἔτι
2741 5025 3044 5091 κατηγορεῖ
3075 5025 3174 5092 τὴν
3209 5025 3423 5095 ῥώμην,
3457 5027 3524 5096 ἣν
3552 5027 3713 5093 λέγε-

2133 5108 2224 5159 ταί
2257 5126 2385 5162 ποτε
2419 5111 2674 5164 πλουτεῖν
2704 5117 2730 5164 ὸ
2760 5115 3069 5184 ἄνθρωπος,
3106 5117 3269 5180 αύτὶς
3298 5118 3360 5188 δὴ
3391 5118 3712 5188 ἐφανέρωσε

2137 5201 2394 5268 πρόδοτον
2445 5199 2713 5272 εἶναιτὴν
2763 5207 3035 5276 πανταχοῦ
3086 5211 3188 5278 γῆς
3222 5211 3591 5280 περιφόρητον
3629 5209 3716 5277 τῷ

2137 5291 2283 5342 κλέει
2317 5292 2738 5361 Θεσσαλονίκην.
2767 5294 2933 5348 Οὗπω
2965 5300 3070 5366 γὰρ
3097 5299 3410 5366 ἀκραιφνὴς
3441 5299 3624 5366 ἡμέρα
3673 5299 3716 5366 ἡ

2140 5384 2283 5434 κατᾶ
2312 5385 2409 5453 τὴν
2453 5385 2673 5447 ἅλωσιν,
2709 5387 2826 5439 ἀλλ’
2877 5388 2958 5440 ἔτι
2992 5390 3085 5455 νὺξ
3116 5390 3428 5459 ἀμφιλύκη,
3467 5389 3589 5440 καθ’
3640 5390 3717 5456 ἣν

2139 5478 2216 5528 ἔτι
2259 5482 2350 5530 καί
2383 5479 2440 5528 τὸ
2477 5477 2610 5545 ἑῷον
2642 5483 2816 5549 τεῖχος
2839 5482 3184 5551 ἁπρόσϐατον
3211 5481 3428 5552 ἐχθροῖς
3472 5477 3560 5550 ἦν.
3599 5481 3724 5537 Καὶ

2139 5570 2299 5630 αὐτὸς
2364 5570 2454 5620 τοῦ
2525 5569 2690 5622 ὕπνου
2756 5574 2984 5636 ἀνεθεὶς,
3053 5576 3150 5624 καὶ
3204 5575 3300 5642 τὴν
3331 5573 3510 5625 οἰκίαν
3547 5572 3724 5638 ἀφεὶς

2141 5661 2334 5718 ὀπίσω.
2378 5663 2460 5714 ἵνα
2489 5661 2662 5732 ἔργων
2698 5665 2941 5729 ἅπτοιτο,
2971 5660 3092 5729 εὗρε
3130 5666 3288 5718 πέντε
3323 5665 3522 5724 ἄνδρας
3555 5662 3727 5724 Ἀλα-
