4012 6226
325 286 404 352 85
1139 292 1236 351 DE
1276 293 1849 356 THESSALONICA
1886 298 2090 359 URBE
2122 302 2169 359 Α
2220 302 2528 364 LATlNlS
2560 305 2816 369 CAPTA.
3528 314 3598 377 86

332 401 544 469 μανοῦς
576 399 839 464 ἐνόπλους
872 401 1168 469 έφίππους,
1228 402 1364 473 ἐμοῦ
1422 406 1773 471 συνεστῶτας
1827 408 1919 461 καὶ

2025 410 2270 467 dextram
2304 412 2545 470 fataliter
2572 417 2621 472 ei
2650 417 3031 474 abstulerunt.
3069 417 3225 476 Unus
3264 424 3404 476 enim
3439 438 3501 476 ex
3532 427 3599 479 iis

325 491 663 559 ὁμιλοῦντας
685 491 754 544 τά
791 490 945 559 σφίσι
966 491 1254 547 δοκοῦντα.
1290 494 1400 549 Καὶ
1429 497 1459 548 ὁ
1496 496 1600 565 μὲν
1624 497 1911 568 παρῴχετο

2021 501 2201 571 gladio
2224 503 2479 559 districto
2500 520 2619 560 eam
2641 507 2903 577 prmcidit.
2924 509 3177 580 Amplius
3200 519 3381 567 autem
3402 529 3600 572 nocere

316 584 581 646 ἐκείνους
620 582 742 636 ὁδοῦ
777 583 957 655 λόγῳ·
1001 584 1053 638 oi
1080 584 1137 638 δὲ
1172 587 1652 655 προσεκαλέσαντο
1673 603 1688 619 ο
1719 590 1813 642 καὶ
1835 589 1913 652 ὡς

2021 607 2132 647 non
2169 598 2344 661 potuit
2375 596 2579 648 homini
2615 596 2669 650 in
2709 597 2941 653 celerem
2983 597 3168 669 fugam
3215 615 3499 657 converso.

322 676 601 728 ἐπέλασεν
639 674 828 739 αὐτοῖς
884 677 1028 745 μετά
1080 677 1252 732 πολλὰ
1305 679 1375 733 τά
1434 682 1493 735 ὲν
1553 681 1729 752 μέσῳ,
1763 682 2057 751 ἀπήγαγον
2115 686 2277 739 αὑτοῦ
2338 687 2438 756 τὴν
2487 687 2668 752 δεξιὰν
2719 690 2879 759 χεῖρα
2935 689 3218 761 δυστυχῶς
3271 691 3351 762 τῷ
3416 692 3593 759 ἀνδρί.

329 768 643 836 Γυμνώσας
706 768 818 838 γάρ
850 765 935 833 εἷς
968 771 1195 825 ἐκείνων
1244 771 1425 840 ξίφος,
1484 774 1580 828 καὶ
1632 773 1969 844 καταγαγὼν
2028 778 2312 848 ἀπήραξεν
2341 780 2534 850 αὐτήν.
2562 780 2676 834 Ούκ
2703 780 2827 850 ἔσχε
2852 780 2909 835 δὲ
2941 784 3038 836 καὶ
3068 784 3148 846 είς
3178 783 3343 837 πλέον
3372 784 3596 855 βλάψαι,

321 862 687 932 πτερωθέντα
714 857 828 916 οἷον
866 863 950 927 είς
981 864 1181 934 φυγήν.

398 997 500 1051 (ιδ’.
533 994 786 1048 Τοιοῦτον
816 996 910 1048 καὶ
967 996 1029 1048 τὸ
1059 993 1154 1047 τοῦ
1200 996 1573 1064 Ἀλαμανικοῦ
1630 999 1909 1067 τάγματος

318 1089 678 1159 προδοτικὸν,
711 1083 773 1143 οὗ
800 1087 1102 1158 πρόδρομοι
1126 1087 1227 1159 τὴν
1248 1088 1376 1159 χθὲς
1404 1089 1586 1157 δείλην
1614 1094 1766 1157 τρεῖς
1803 1090 1913 1144 τῶν

319 1180 615 1250 δυσμικῶν
664 1179 851 1232 πυλῶν
905 1180 1007 1248 τῆς
1066 1180 1275 1242 πόλεως
1341 1181 1754 1252 κατεπήδησαν,
1818 1183 1913 1234 καὶ

324 1276 561 1327 πὶντων
585 1272 696 1325 τῶν
725 1273 845 1324 ἐκεῖ
878 1270 1192 1340 βλεπόντων
1239 1273 1352 1334 τοῖς
1383 1270 1683 1343 βαρϐάροις
1716 1274 1912 1342 φιλίως

325 1363 658 1432 συνέμιξαν.
701 1362 766 1415 Ἦ
796 1362 854 1415 δὲ
904 1362 1011 1431 πρὸ
1041 1362 1189 1415 δυοῖν
1224 1362 1468 1432 ἡμέραιν
1499 1367 1599 1434 τῆς
1656 1363 1913 1430 ἁλώσεως

333 1456 474 1523 περὶ
505 1455 772 1522 πέμπτην
795 1453 893 1522 τῆς
925 1453 1220 1522 ἑϐδομάδος
1256 1453 1476 1523 βαθείας
1502 1456 1744 1526 ἑσπέρας
1787 1458 1915 1511 ἑπι-

325 1545 537 1611 φάνεια
567 1543 881 1611 Θεοφάνους
913 1540 1011 1596 τοῦ
1056 1543 1319 1613 Προϐατᾶ
1348 1545 1457 1598 ἔσω
1487 1545 1721 1611 πόλεως,
1755 1546 1815 1612 ὃς
1848 1548 1916 1601 ὲκ

324 1636 644 1705 Δυρραχίου
662 1636 1016 1705 συνωμάρτει
1037 1637 1149 1698 τοῖς
1162 1636 1412 1700 Λατίνοις
1428 1638 1628 1705 φίλιος,
1642 1637 1795 1701 τινας
1814 1640 1917 1692 οὐκ

2007 1045 2014 1051 .
2090 1001 2176 1056 74.
2230 1000 2359 1056 Haec
2410 1001 2512 1055 fuit
2569 1001 3000 1056 Alamannorum
3064 1010 3259 1059 turmae
3313 1006 3598 1075 proditio,

2013 1107 2250 1164 quorum
2305 1108 2678 1162 praecursores
2731 1096 2988 1150 hesterno
3036 1095 3125 1151 die
3195 1106 3307 1152 tres
3350 1113 3381 1152 e
3416 1101 3593 1168 portis

2013 1184 2449 1240 occidentalibus
2488 1185 2814 1240 exsilierant
2843 1195 2898 1240 et
2933 1190 2986 1241 in
3024 1199 3322 1257 conspectu
3351 1190 3600 1244 omnium

2014 1293 2137 1333 eum
2171 1277 2425 1334 Barbaris
2456 1278 2754 1335 amicitiam
2781 1281 3098 1348 junxerunt.
3128 1282 3353 1337 Duobus
3391 1282 3595 1338 diebus

2021 1384 2148 1427 ante
2175 1372 2663 1441 expugnationem,
2714 1373 2907 1441 quinta
2945 1360 3459 1429 fere'hebdomadis
3482 1375 3595 1439 die,

2026 1465 2177 1519 circa
2211 1464 2458 1533 vesperis
2486 1463 2648 1518 linem
2674 1465 2926 1533 apparuit
2953 1464 3315 1532 Theophanes
3345 1467 3600 1522 Probata:

2026 1554 2172 1609 ﬁlius
2209 1556 2353 1609 intra
2395 1556 2609 1619 urbem,
2639 1557 2734 1625 qui
2766 1569 2797 1609 e
2831 1554 3133 1624 Dyrrachio
3171 1556 3397 1613 Latinos
3423 1561 3601 1613 comi-

2024 1653 2171 1701 tatus
2218 1646 2541 1716 proditionis
2578 1661 2638 1701 se
2680 1655 2994 1715 suspectum
3041 1646 3299 1701 reddidit.
3336 1646 3447 1702 Leo
3475 1653 3594 1717 qui-

326 1728 400 1780 av
432 1727 512 1789 είς
532 1726 660 1778 νοῦν
691 1726 1009 1794 προδοτικὸν
1038 1726 1284 1796 ὲναγάγῃ
1321 1726 1591 1794 μαθόντας
1612 1726 1786 1797 αὐτήν
1809 1743 1825 1792 ;
1850 1728 1919 1798 ἣν

2023 1738 2148 1793 dam
2185 1739 2665 1810 Agiocuphemites
2699 1738 2914 1808 equiso.
2951 1753 3020 1792 eo
3051 1739 3297 1808 cognito,
3330 1740 3385 1793 in
3418 1747 3600 1796 mente

326 1820 491 1873 Λέων
518 1834 605 1882 τις
650 1818 834 1871 ἵππων
864 1817 1068 1885 ἀγαθὸς
1105 1816 1365 1887 μελητὴς,
1387 1816 1913 1890 όἊγιοευφημίτης,

328 1907 462 1962 ἰδὼν
487 1911 583 1961 καὶ
606 1908 1137 1977 περιεργασάμενος,
1174 1908 1272 1960 καὶ
1318 1904 1480 1977 θυμῷ
1513 1906 1615 1977 μὲν
1670 1906 1915 1977 βληθεὶς,

324 2000 449 2054 οὐχ’
469 1999 614 2069 έχων
635 1998 704 2061 δ’,
726 1999 756 2051 ὅ
773 2013 829 2049 τι
867 1997 960 2050 κάλ.
988 1997 1263 2067 δράσειεν,
1289 1996 1579 2050 ῶσιὼσατο
1606 1996 1826 2067 ἄμυναν
1847 2001 1915 2067 τῇ

327 2092 581 2160 πατρίδι,
610 2089 847 2154 ἐξειπὼν
889 2091 949 2142 τὸ
981 2090 1152 2143 κακὸν
1182 2091 1298 2152 τοῖς
1336 2089 1411 2159 μὴ
1445 2088 1690 2159 τολμῶσι
1735 2089 1919 2144 λαλεῖν

326 2200 384 2235 τι
435 2182 574 2253 πρὸς
614 2180 707 2233 τὸν
742 2180 839 2232 ἐπὶ
894 2179 1212 2250 δυσπραγὶᾳ
1277 2182 1427 2249 κοινῇ
1466 2178 1700 2248 φοϐερὸν
1729 2179 1915 2233 Δαυῑδ.

405 2324 499 2371 σε’.
563 2316 728 2368 Ἀλλά
785 2315 963 2368 ταῦτα
1023 2314 1124 2387 μὲν
1184 2312 1356 2376 οὕτως
1411 2314 1542 2383 ἡμῖν
1602 2312 1919 2380 ἀναγκαίως

340 2408 798 2477 ἐπεμϐεϐλῆσθω,
844 2407 878 2477 ἢ
916 2406 1154 2476 μάλιστα
1190 2405 1567 2476 προειλήφθω.
1609 2405 1672 2456 Οί
1731 2403 1787 2456 δὲ
1826 2418 1922 2453 πο-

336 2505 524 2573 λέμιοι
577 2501 821 2571 στερεῶς
868 2500 1010 2553 κατὰ
1046 2499 1154 2551 τῶν
1184 2498 1334 2570 ἑῴων
1364 2498 1552 2570 μερῶν
1581 2500 1682 2568 τῆς
1712 2495 1920 2558 πόλεως

336 2594 450 2647 τῶν
482 2593 607 2646 κατ’
655 2591 904 2663 αἰγιαλὸν
933 2590 1037 2653 ἓως
1073 2592 1168 2644 καὶ
1214 2589 1321 2641 τῶν
1353 2591 1497 2642 κατὰ
1536 2587 1659 2650 τοὺς
1689 2585 1920 2655 ἀσωμά-

333 2701 466 2746 τους
503 2682 693 2735 πυλῶν
741 2682 1027 2734 ἐπέκειντο
1048 2695 1065 2711 ·
1094 2679 1189 2734 καὶ
1220 2677 1363 2731 κατὰ
1394 2677 1493 2748 τὴν
1527 2678 1787 2745 πέμπτην
1822 2675 1920 2726 καὶ

333 2777 598 2845 δεκάτην,
638 2773 714 2836 ὡς
747 2763 1130 2844 προέκκειται,
1162 2770 1257 2823 τοῦ
1285 2768 1599 2838 Αὐγούστου
1641 2768 1736 2829 τὰς
1781 2760 1919 2835 νῆας

334 2866 744 2936 λιμενίσαντες,
776 2867 844 2937 τῇ
878 2863 1070 2935 αὔριον
1097 2862 1360 2934 πρωῖθεν,
1400 2854 1474 2916 ὧν
1504 2860 1916 2921 ἐϐουλεύσαντο,

339 2962 578 3031 εῐχοντο,
609 2959 704 3014 καὶ
732 2956 1049 3029 όξυχειρίας
1084 2957 1438 3019 ἐπιϐαλόντες
1476 2956 1697 3007 ἐποίουν
1724 2953 1792 3005 τὰ
1819 2947 1919 3004 τοῦ

342 3054 609 3123 πολέμου.
641 3052 752 3104 Καὶ
771 3047 839 3124 ἦν
873 3050 1002 3102 ίδεῖν
1033 3049 1175 3103 κατά
1193 3048 1297 3117 τὴν
1332 3045 1674 3117 Ἡροδότειον
1693 3040 1920 3098 Μοῦσαν

342 3146 486 3212 νέφη
532 3141 701 3211 βελῶν
746 3142 857 3193 τῶν
909 3157 970 3193 τε
1024 3138 1168 3193 κατά
1220 3138 1447 3207 πέτρας,
1499 3135 1610 3188 τῶν
1663 3151 1723 3187 τε
1781 3134 1923 3187 κατά

333 3235 584 3299 ὀϊστοὺς,
607 3232 675 3286 δι’
698 3225 774 3284 ὧν
796 3230 905 3302 ἀὴρ
928 3229 1234 3293 ὲσκιάζετο.
1264 3230 1374 3281 Καὶ
1405 3226 1693 3281 ἐϐάλλοντο
1711 3226 1811 3295 μὲν
1828 3225 1923 3278 καὶ

339 3327 398 3377 oi
440 3328 509 3377 ὲκ
534 3324 641 3375 τῶν
683 3322 915 3393 τειχέων
947 3323 1064 3391 (καὶ
1110 3320 1231 3382 πῶς
1267 3319 1377 3388 γὰρ
1406 3316 1508 3384 οὓς
1558 3319 1673 3385 είγε
1709 3314 1864 3380 ξυνὸς
1893 3317 1947 3368 όν

355 3420 655 3489 Ἐνυάλιος)
681 3436 698 3452 ·
727 3420 1062 3472 ἐϐλάπτοντο
1113 3417 1171 3470 δὲ
1204 3416 1315 3469 τῶν
1348 3415 1448 3484 μὲν
1483 3414 1771 3483 ἡμετέρων
1798 3412 1921 3483 ἥκι-

340 3532 480 3578 στοι,
514 3515 629 3566 τῶν
661 3513 721 3565 δὲ
750 3511 1012 3564 ἐναντίων
1060 3509 1328 3561 πλεῖστοι.
1386 3506 1535 3559 Πάνυ
1568 3506 1679 3573 γὰρ
1706 3504 1921 3569 ὲδεξίω-

337 3626 433 3660 σεν
468 3611 498 3660 ό
530 3607 665 3669 Θεὸς
696 3606 755 3658 ού
779 3605 906 3667 τοὺς
938 3600 1282 3673 στρατιώτας
1311 3601 1531 3669 μόνους,
1562 3595 1700 3650 ἀλλά
1728 3594 1920 3650 καὶτὰ

334 3699 505 3753 λοιπά
542 3695 715 3750 τέκνα
733 3694 832 3764 τῆς
864 3694 1100 3760 πόλεως,
1132 3692 1182 3745 οἳ
1211 3692 1304 3745 καὶ
1347 3689 1562 3760 βάλλειν
1588 3688 1719 3751 τοὺς
1763 3686 1921 3739 πολε-

338 3790 500 3858 μίους
532 3787 819 3856 εὐτύχουν,
846 3786 942 3839 καὶ
970 3785 1052 3848 είς
1082 3784 1257 3855 μῆκος
1288 3783 1346 3836 δὲ
1367 3782 1503 3835 πολὺ
1536 3780 1662 3835 ὅσον
1698 3778 1917 3848 ἀφιέναι

333 3885 403 3936 τά
432 3882 592 3951 βέλη,
625 3880 700 3940 ὡς
733 3877 987 3931 ἐντεῦθεν
1018 3876 1144 3937 τοὺς
1175 3875 1409 3946 ἐχθροὺς
1448 3872 1674 3937 τοξότας
1715 3871 1919 3923 ἀναπο-

332 3975 583 4038 δίζοντας
630 3971 890 4042 ἄπρακτα
944 3969 1166 4042 βάλλειν
1213 3966 1342 4022 καθ’
1371 3964 1532 4036 ἡμῶν
1572 3966 1638 4016 ὲκ
1701 3961 1920 4031 μακρᾶς

333 4066 724 4126 ἀποστάσεως.
766 4063 903 4115 Ἀπὸ
926 4061 1057 4130 γοῦν
1091 4061 1193 4129 τῆς
1214 4058 1439 4129 Χρυσῆς
1463 4054 1640 4123 πύλης
1667 4053 1764 4122 τῆς
1795 4051 1924 4120 περὶ

329 4159 548 4229 δυσμὰς
585 4157 859 4226 ἀφιέμενα
887 4154 1016 4226 βέλη
1031 4155 1094 4207 ἐκ
1114 4148 1618 4218 τόξων,ὲφύλασσον
1649 4145 1924 4215 μετέωρον

332 4254 398 4302 τὸ
454 4250 662 4321 πτερὸν
701 4249 808 4310 ἕως
866 4249 958 4300 καὶ
1008 4248 1089 4310 εἰς
1121 4249 1184 4298 τὸ
1220 4244 1386 4297 καλόν
1419 4255 1550 4292 ποτε
1585 4238 1857 4306 σεμνείον,
1894 4234 1922 4287 ὃ

338 4345 631 4414 περιεῖπεν
652 4342 681 4393 ὁ
704 4338 1048 4410 μυροϐλύτης
1077 4339 1250 4408 μέγας
1272 4334 1563 4395 Νικόλαος,
1606 4330 1700 4383 καὶ
1742 4328 1924 4380 ἐνέπι-

333 4447 473 4483 πτον
501 4433 627 4492 ταῖς
648 4428 758 4481 τῶν
789 4427 1082 4498 βαρϐάρων
1110 4428 1358 4496 σκηναῖς.
1390 4424 1499 4476 Καὶ
1531 4420 1692 4482 εὐθὺς
1716 4420 1921 4472 ἐκεῖναι

2026 1829 2246 1899 quidem
2295 1832 2737 1900 permovebatur,
2794 1830 2891 1886 sed
2935 1831 3139 1886 dubius
3185 1832 3316 1900 quid
3365 1830 3596 1897 faceret,

2026 1927 2255 1993 patriam
2292 1923 2574 1978 vindiear‘e
2615 1926 2830 1987 statuit,
2890 1926 3096 1978 malum
3142 1923 3357 1979 minans
3396 1922 3477 1979 eis
3504 1925 3597 1993 qui

2028 2030 2134 2067 non
2162 2015 2278 2068 ausi
2304 2012 2508 2069 fuerint
2543 2014 2692 2083 loqui
2735 2015 2789 2068 in
2826 2013 3083 2069 Davidem
3113 2014 3393 2069 communi
3420 2012 3595 2070 infor-

2028 2106 2185 2158 tunio
2218 2104 2649 2159 formidandum.

2101 2319 2187 2374 75.
2212 2319 2321 2375 Has
2345 2337 2433 2377 res
2466 2336 2565 2376 nos
2587 2323 2805 2391 quidem
2839 2338 2903 2376 eo
2934 2337 3042 2391 quo
3074 2317 3598 2375 acc-ideruntordine

2027 2419 2118 2477 aut
2150 2407 2504 2476 anticipando
2555 2395 2921 2465 narraititnus.
2961 2409 3159 2464 llostes
3187 2417 3366 2461 autem
3407 2418 3597 2462 contra

2028 2497 2324 2551 orientales
2363 2499 2513 2553 urbis
2540 2510 2723 2568 partes
2756 2518 2851 2571 per
2905 2501 3060 2554 littus
3096 2517 3270 2569 usque
3295 2500 3361 2553 ad
3410 2510 3598 2569 portas

2027 2585 2354 2657 ἀσωμάτους
2405 2602 2836 2656 processerunt,
2903 2600 2958 2644 ct
3012 2593 3204 2660 quinto
3255 2593 3469 2647 decimo
3509 2593 3599 2649 die

2027 2681 2259 2750 Augusti
2282 2695 2446 2734 naves
2486 2680 2538 2732 in
2576 2688 2794 2747 portum
2848 2690 3202 2747 receperunt.
3251 2690 3468 2747 postero
3509 2680 3598 2734 dio

2028 2787 2189 2826 mane
2224 2771 2367 2840 quod
2404 2772 2699 2824 voluerunt
2739 2768 3026 2822 obtinuere
3061 2769 3425 2836 celeriterque
3456 2784 3599 2838 opus

2028 2863 2281 2918 bellicum
2333 2862 2706 2931 perfecerunt.
2744 2857 2843 2922 lbi,
2878 2869 2935 2912 ut
2976 2874 3098 2913 cum
3128 2858 3279 2914 Musa
3336 2858 3601 2917 llerodoti

2028 2953 2241 3024 loquar,
2287 2952 2521 3007 telorum
2569 2966 2631 3004 ac
2676 2950 2917 3019 lapidum
2983 2949 3181 3004 nubem
3233 2950 3418 3007 videre
3456 2961 3600 3019 erat,

1950 3071 1994 3128 ο
2025 3046 2225 3117 quibus
2274 3062 2368 3100 aer
2426 3042 2850 3101 obscurabatur.
2900 3040 3031 3096 Tela
3077 3057 3108 3097 e
3165 3042 3338 3097 muris
3383 3054 3602 3114 quoque

2028 3136 2196 3208 (Mars
2251 3136 2397 3191 enim
2455 3131 2791 3202 communis)
2826 3132 2879 3185 in
2914 3128 3046 3196 nos,
3079 3140 3134 3186 et
3187 3147 3217 3186 a
3280 3133 3487 3187 nostris
3543 3133 3597 3187 in

2025 3245 2215 3285 muros
2248 3227 2704 3299 projiciebantur,
2732 3225 2879 3280 unde
2905 3223 3109 3278 factum
3145 3231 3229 3278 est
3252 3232 3310 3278 ut
3349 3224 3508 3293 pauci
3533 3223 3602 3278 de

2025 3323 2269 3375 nostris.
2317 3333 2379 3373 ex
2424 3318 2676 3373 uestibus
2726 3314 2946 3384 plurimi
2997 3315 3343 3370 lastlerentur.
3381 3312 3600 3384 Optime

2023 3408 2169 3465 enim
2210 3407 2351 3462 Deus
2375 3422 2484 3462 non
2519 3406 2696 3461 solum
2723 3405 2926 3459 milites
2945 3444 2959 3469 ,
2987 3402 3352 3457 sedcateram
3382 3417 3601 3472 quoque

2026 3502 2183 3555 urbis
2227 3502 2570 3571 iuuentutem
2623 3496 3102 3559 accommodavit.
3141 3495 3237 3565 qui
3276 3498 3461 3549 hoStes
3516 3497 3599 3548 iu-

2029 3592 2276 3647 teriicerc
2319 3599 2375 3645 ct
2424 3591 2533 3645 tela
2574 3590 2795 3657 e'louge
2830 3586 3110 3658 conjicere
3146 3585 3423 3652 valebant,
3457 3596 3514 3639 ut
3546 3586 3601 3639 hi

2028 3684 2497 3756 retrogrcdientcs
2545 3684 2599 3737 in
2635 3697 2739 3738 nos
2774 3697 2838 3737 ex
2887 3696 3084 3751 magna
3127 3679 3390 3736 distantia
3420 3678 3475 3731 in
3505 3693 3600 3731 va-

2028 3793 2157 3833 num
2211 3779 2317 3833 tela
2380 3776 2694 3843 rejicerent.
2737 3773 2868 3829 Tela
2921 3774 3088 3842 igitur
3136 3788 3167 3826 a
3217 3779 3373 3840 porta
3423 3772 3602 3824 Aurea

2027 3868 2353 3923 occidentali
2376 3866 2622 3936 proiecta
2660 3864 2917 3919 sublimia
2955 3878 3052 3931 per
3076 3876 3253 3914 aerem
3288 3859 3603 3914 ferebantur

1986 4000 1995 4003 -
2031 3971 2212 4028 usque
2239 3959 2305 4013 ad
2355 3958 2573 4024 insigne
2599 3954 2732 4009 olim
2766 3953 3029 4022 templum
3066 3950 3156 4005 cui
3199 3956 3431 4018 praeut
3474 3962 3603 4001 san-

2030 4059 2153 4104 ctus
2177 4047 2457 4111 Nicolaus,
2486 4054 2541 4100 et
2564 4045 2620 4099 in
2644 4043 3013 4099 Barbarorum
3057 4040 3291 4095 tentoria
3311 4039 3598 4106 cadebant,

2031 4156 2150 4212 qua:
2190 4139 2482 4195 curilestim
2538 4144 2754 4191 mutata
2828 4144 2980 4191 sunt.
3054 4133 3251 4188 Eadem
3306 4140 3489 4186 autem
3543 4131 3598 4188 in

2031 4244 2262 4302 utraque
2319 4242 2472 4301 parte
2507 4239 2801 4286 evaserunt
2850 4229 2993 4283 intra
3049 4236 3293 4298 portum,
3330 4235 3385 4280 et
3433 4239 3601 4279 naves

2029 4327 2167 4381 alias
2200 4323 2575 4395 periclitantes
2639 4322 2860 4379 ancoris
2924 4321 3176 4387 suffulta,
3207 4320 3457 4376 celeriter
3487 4319 3604 4373 sol-

2028 4426 2249 4471 verunt.

338 4526 694 4596 μεῢίσταντο.
726 4524 931 4594 Ὅμοια
953 4523 1011 4575 δέ
1038 4539 1153 4574 τινα
1181 4520 1422 4587 ἐγίνοντο
1442 4518 1536 4570 καὶ
1567 4520 1695 4583 περὶ
1715 4513 1944 4580 θάτερον
1976 4512 2163 4582 μέρος,
2183 4510 2313 4565 ινθα
2337 4510 2398 4564 τὸ
2424 4508 2806 4579 ναύλοχον.καὶ
2835 4507 2884 4561 οί
2911 4507 3153 4577 πλώϊμοι
3175 4506 3276 4571 τὰς
3294 4503 3602 4576 ἐπηρεαζο-

339 4618 509 4689 μένας
538 4619 676 4686 νῆας
710 4615 1175 4685 ἀνακωχεύοντες,
1207 4612 1348 4665 κατὰ
1388 4608 1626 4677 σπουδὴν
1654 4603 1987 4671 ἐξέστελλον.

410 4755 517 4819 (ις’.
553 4755 682 4809 Ὀτι
727 4753 786 4805 δὲ
818 4751 1101 4820 ἐξέτρεχον
1143 4748 1193 4801 oi
1224 4746 1507 4816 ἡμέτεροι,
1552 4740 1909 4811 καταπηδῶν-

2034 4716 2045 4727 ’
2087 4737 2178 4790 76.
2225 4735 2422 4790 Videre
2474 4742 2595 4790 erat
2658 4742 2881 4788 nostros
2933 4745 3194 4795 currere,
3242 4738 3531 4800 postquam
3568 4746 3601 4786 e

337 4866 426 4912 τες
459 4850 524 4900 ἐκ
564 4846 676 4898 τῶν
703 4845 953 4914 τειχέων,
1002 4841 1075 4904 ὡς
1108 4840 1208 4892 οὐκ
1251 4838 1318 4891 ἂν
1348 4836 1518 4905 εἰδείη
1566 4832 1595 4886 ό
1640 4830 1917 4904 εἰρηνικὸς

340 4939 675 5009 στρατηγὸς,
733 4936 880 5005 ψιλοὶ
918 4934 1098 4987 ὅπλων
1151 4932 1198 4984 οἱ
1258 4928 1463 4992 πολλοὶ,
1524 4928 1615 4978 καὶ
1648 4925 1921 4993 ἠνδραγα-

337 5032 577 5096 θὶςοντο,
612 5032 669 5081 ἐν
699 5024 779 5091 οἷς
816 5029 910 5080 καὶ
939 5025 1128 5085 παῖδες
1155 5020 1250 5075 τοῦ
1283 5020 1622 5092 μυροϐλύτου
1658 5017 1806 5071 ἄλλοι
1834 5033 1916 5078 τε,

336 5128 437 5178 καὶ
465 5126 533 5176 ἐκ
557 5124 656 5192 τῆς
684 5122 797 5174 τῶν
821 5118 1042 5189 Σέρϐων
1073 5116 1321 5176 τεθέντες
1360 5112 1511 5178 αύτῷ
1543 5127 1556 5139 ⁸
1580 5113 1674 5164 καὶ
1701 5111 1783 5162 ὅτι
1820 5124 1916 5160 πε-

338 5216 665 5285 ριεφρόνουν
689 5214 815 5276 τοὺς
846 5209 1075 5283 ἐχθρούς
1101 5223 1115 5237 ⁶
1150 5208 1245 5261 καὶ
1267 5208 1340 5268 ὡς
1369 5206 1426 5272 ἐξ
1456 5204 1635 5259 αὐτῶν
1656 5203 1760 5256 τῶν
1784 5203 1918 5272 βαρ-

338 5308 588 5375 ϐαρικῶν
640 5307 856 5376 σκηνῶν
890 5303 1228 5373 ἁρπάζοντες
1269 5300 1580 5367 ἀπήλαυνον
1633 5297 1747 5360 ζῶα
1778 5310 1791 5324 ·
1823 5299 1918 5348 καὶ

337 5398 412 5461 ὡς
447 5397 578 5459 τοὺς
604 5394 1019 5458 ἀντεπεξιόντας
1049 5391 1323 5462 ἠμύνοντο
1349 5395 1656 5452 οιώκοντες,
1690 5386 1915 5457 βάλλον-

338 5505 450 5550 τες,
481 5490 769 5557 ῥίπτοντες
793 5504 808 5518 '
840 5485 936 5539 καλ⁵
960 5484 1105 5545 ὅπως
1132 5481 1378 5533 ἐντεῦθεν
1431 5478 1600 5548 Ουμδς
1648 5479 1740 5531 καὶ
1783 5493 1914 5544 προ-

339 5579 514 5646 θυμία
542 5596 670 5641 τους
718 5575 1050 5647 στρατιώτας
1091 5571 1354 5626 ὑπεδύετο
1404 5572 1654 5633 ἄπλετος,
1691 5569 1767 5631 ὡς
1822 5571 1917 5622 καὶ

343 5670 651 5738 στριτπγὸν
694 5670 981 5736 βαρύνειν,
1031 5660 1111 5730 οἷς
1156 5664 1363 5733 ὣχλουν
1419 5664 1636 5731 ἀφιέναι
1715 5661 1913 5724 αὐτοὺς

2022 4830 2297 4885 moenibus
2327 4826 2746 4884 descendissent
2793 4826 2982 4894 quales
3015 4823 3125 4878 dux
3156 4820 3419 4892 paciﬁcus
3456 4838 3599 4878 nun-

2023 4939 2189 4994 quam
2227 4921 2380 4987 vidit,
2433 4920 2727 4990 plerosque
2777 4916 3054 4980 inermes;
3089 4914 3284 4968 deinde
3337 4914 3598 4985 praeclare

2024 5017 2295 5082 iecerunt,
2330 5015 2471 5069 inter
2504 5029 2643 5083 quos
2674 5024 2837 5067 etlam
2877 4998 3016 5064 filios
3052 5009 3226 5074 Beati,
3255 5015 3311 5062 et
3345 5006 3596 5067 Serbios.

2021 5106 2389 5177 despicientes
2410 5107 2635 5173 hostes;
2669 5104 2809 5160 adde
2841 5104 2988 5172 quod
3037 5100 3274 5172 pecudes
3306 5100 3358 5152 in
3400 5095 3597 5151 barba-

2024 5216 2204 5253 rorum
2247 5199 2498 5252 tentoriis
2525 5206 2709 5269 raptas
2735 5197 3082 5251 abducebant
3103 5234 3116 5255 .
3165 5199 3218 5246 et
3248 5184 3595 5243 adversarios

2020 5290 2140 5345 telis
2177 5299 2231 5344 ct
2264 5290 2468 5359 jaculis
2512 5290 2671 5359 longe
2715 5286 3131 5360 propellebant;
3160 5281 3305 5353 quod
3343 5277 3506 5331 ardor
3540 5284 3598 5329 et

2019 5382 2188 5435 animi
2239 5374 2498 5436 alacritas
2544 5381 2747 5435 milites
2786 5378 3072 5449 replebat,
3107 5377 3182 5428 ita
3228 5380 3288 5425 ut
3324 5369 3434 5423 dux
3478 5367 3596 5436 ipse

2022 5490 2165 5543 aegre
2197 5474 2366 5529 ferret
2393 5489 2583 5527 eorum
2618 5473 2907 5539 impetum,
2938 5478 2989 5521 et
3021 5464 3165 5535 quod
3191 5461 3279 5512 Ille
3307 5466 3596 5528 postquam

2024 5566 2178 5622 urbis
2201 5569 2416 5621 ruinam
2441 5573 2711 5621 statuerat
2744 5574 3026 5631 nunquam
3066 5555 3309 5609 animum
3340 5551 3594 5609 mutavit.

2025 5660 2189 5726 idque
2215 5669 2332 5715 tum
2365 5662 2594 5713 maxime
2631 5672 2754 5711 tum
2797 5653 3083 5706 Chnmnus
3116 5644 3320 5699 bellum
3357 5642 3592 5699 excitas-
