4036 6224
452 283 520 344 87
1166 287 1587 347 susurrum
1628 263 2384 349 TllESSALONlCENSlS
2423 287 2990 349 METROPOLITA!
3621 292 3694 354 ss

449 403 532 446 set
585 401 640 446 et
691 391 768 447 illi
831 407 860 446 a
914 394 1128 450 civibus
1186 395 1309 450 laedi
1355 395 1684 464 potuissent,
1741 395 1857 465 ipse
1922 411 2018 451 eos

2155 397 2365 466 ξορμᾷν
2401 412 2417 428 ο
2448 397 2542 449 καὶ
2571 398 2646 459 ὡς
2681 399 2888 460 ἐκεῖνος
2939 397 3196 462 καθάπαξ
3240 399 3694 470 ἐντυπωσάμενος

446 488 813 551 custodiebat;
845 489 938 544 sed
967 505 1066 544 cur
1087 504 1392 544 sermonem
1413 489 1758 562 laStidiosum
1794 490 2014 559 prolon-

449 578 613 645 gem?
639 577 874 632 Davides
919 595 1133 633 murum
1172 579 1240 632 de
1269 594 1378 648 quo
1418 579 1690 642 diximus,
1742 579 1878 632 adeo
1922 594 2015 633 ne-

449 670 638 737 glexit,
670 680 728 723 ut
759 670 1060 724 vivaciores
1091 671 1383 725 anathema
1406 671 1730 729 clamarent.

2118 490 2176 550 ἐς
2209 488 2388 558 ψυχὴν
2410 487 2511 559 τὴν
2534 488 2831 542 κατάδυσιν
2858 491 2956 559 τῆς
2991 489 3198 553 πόλεως
3219 529 3232 552 ,
3265 489 3449 544 οὐκέτι
3475 491 3536 544 τὸ
3587 495 3693 562 ἐμ-

2133 578 2342 648 μαχθέν
2390 577 2698 648 ἐξαλείφειν
2733 579 2893 648 ἧθελε
2923 596 2936 610 ·
2970 582 3065 633 καὶ
3108 580 3181 642 ὡς
3211 579 3277 633 ἐκ
3320 582 3509 635 τούτου
3541 584 3569 635 ὁ
3600 601 3698 635 πο-

2127 670 2387 736 μάλιστα,
2437 671 2526 723 ὅτε
2570 669 2663 722 τοῦ
2719 669 2969 740 Χούμνου
3007 672 3378 743 συρῤήξαντος
3436 673 3696 744 πόλεμον,

426 761 568 841 ,ἐξὸν
603 762 800 824 αὐτοὺς
850 761 1114 830 βλαϐῆναι
1150 761 1289 832 πρὸς
1334 762 1444 816 τῶν
1469 762 1571 832 τῆς
1614 763 1842 826 πόλεως,
1897 762 2042 816 καθά
2101 761 2520 830 προεκτέθειται
2546 801 2562 824 ,
2594 762 2622 813 ὁ
2655 760 2714 813 δέ
2766 760 3089 830 ἐφυλάξατο,
3141 761 3216 824 ὡς
3272 757 3363 815 οἷα
3418 764 3700 834 περιέπων

448 853 644 917 αὐτούς
673 871 688 885 ·
745 855 798 906 τί
845 854 928 907 δεῖ
984 855 1323 925 μακρότερον
1364 855 1778 909 διαπεταννύειν
1817 857 1898 917 εἰς
1943 855 2274 923 συγγραφήν
2328 853 2650 923 (βαρυνθείη
2684 853 2739 916 ;δ’
2770 854 2838 908 ἄν
2865 853 3012 920 τις)’
3049 854 3146 907 καὶ
3195 854 3278 907 ὅτι
3329 854 3426 908 τοῦ
3480 856 3700 927 τείχους

450 949 923 1020 ὑπονομευομένου
957 952 1339 1021 κατημέλησεν
1383 952 1412 1004 6
1451 950 1637 1015 Δαυῖδ,
1667 953 1746 1014 είς
1775 951 1897 1003 ὅσον
1923 950 2019 1004 καὶ
2061 950 2310 1020 ἀνάθεμα
2347 949 2484 1020 πρὸς
2513 949 2621 1003 τῶν
2657 949 3003 1020 θερμοτέρων
3049 949 3528 1019 καταψάλλεσθαι;

422 1049 438 1147 ἶ
520 1087 609 1141 77.
653 1084 914 1140 Maenium
966 1085 1138 1150 enim,
1191 1094 1252 1138 ut
1303 1085 1377 1138 ita
1421 1084 1624 1150 dicam,
1669 1085 2022 1138 devoratores

2201 1085 2296 1152 οξ.
2329 1086 2393 1141 Ol
2435 1087 2533 1155 μὲν
2567 1087 2678 1157 γάρ
2707 1087 2949 1157 τρῶκται
2979 1087 3073 1140 τοῦ
3102 1087 3467 1157 τειχίσματος,
3501 1091 3551 1144 εί
3591 1093 3701 1162 χρὴ

462 1179 557 1233 nbi
621 1191 780 1233 muro
841 1176 1375 1244 appropinquassent
1457 1185 1511 1232 et
1591 1175 2020 1230 destructionem

2150 1180 2272 1232 ὤτω
2308 1179 2496 1247 φάναι,
2531 1179 2688 1233 αὐτοὶ
2717 1179 2816 1248 μὲν
2863 1179 2939 1249 τῷ
2983 1180 3152 1249 τείχει
3201 1180 3556 1250 πελάσαντες,
3605 1187 3711 1247 καὶ,

455 1277 783 1339 pirassent,
841 1269 975 1321 totis
1004 1266 1216 1322 viribus
1239 1267 1581 1334 restiterunt,
1622 1267 1696 1321 ita
1746 1265 2022 1322 utl‘unda-

2133 1268 2602 1338 συσκευασάμενοι
2659 1268 2885 1338 γλύφειν
2909 1309 2924 1333 ,
2957 1269 3332 1339 φραγνύμενοι
3384 1272 3440 1325 δέ
3466 1255 3712 1339 κατόπινξ

460 1361 664 1422 mentis
698 1360 834 1430 ipsis
854 1360 1050 1426 erutis,
1095 1374 1285 1415 muros
1315 1361 1532 1430 penitus
1573 1358 1858 1414 destruere
1901 1373 2028 1427 pos-

2150 1361 2242 1421 rei;
2277 1319 3243 1429 κάτιῖόενικρὲεέλέςέιμένᾎῖέὲιξξ
3261 1319 3438 1431 ign};
3465 1319 3720 1433 ἧὲὲὲζὲᾇῗ

456 1458 598 1504 sent.
633 1449 700 1506 Et
726 1451 833 1503 voti
865 1449 1086 1518 quidem
1115 1459 1407 1518 compates
1431 1449 1560 1504 facti
1583 1456 1735 1504 sunt.
1760 1448 1938 1517 Caput
1969 1458 2025 1502 et

2150 1450 2440 1520 ιγκρατῶς,
2472 1443 2562 1504 οἷα
2590 1449 3014 1521 ἐπισπέρχοντες
3047 1450 3108 1503 τὸ
3133 1451 3497 1522 γλαφύρωμα,
3531 1454 3609 1517 ὡς
3633 1456 3704 1508 ἂν

452 1541 676 1594 dorsum
700 1540 782 1593 sic
797 1539 1118 1594 abscondita
1143 1547 1321 1603 erant,
1343 1540 1610 1607 reliquum
1627 1547 1808 1592 autem
1826 1551 2026 1606 corpus

2150 1541 2535 1604 ιαθυποδύντες
2573 1540 2707 1595 αὐτὸ
2747 1541 3121 1610 ἐμδαθύνωσι,
3173 1547 3266 1595 καὶ
3313 1542 3437 1596 καθ’
3470 1545 3706 1614 ἡσυχίαν

456 1631 652 1701 cuique
683 1645 872 1686 eorum
896 1629 1113 1685 detecta
1129 1640 1267 1686 erat.
1291 1629 1448 1695 Quod
1484 1630 1774 1700 plerosque
1794 1629 2022 1695 latebat,

2150 1633 2432 1704 ἱιαμπερές
2491 1632 2582 1685 τοῦ
2645 1631 2928 1702 τειχισμοῦ
2971 1633 3109 1702 ταχὺ
3149 1632 3248 1702 τὴν
3296 1635 3576 1705 συνέχειαν
3613 1636 3708 1688 λύ-

457 1725 632 1777 dunec
655 1723 890 1803 Basilius
912 1721 1158 1778 Tzuscus
1185 1719 1718 1786 Thessalonicensis,
1742 1736 1801 1775 re
1823 1723 2031 1775 exami-

454 1823 587 1868 nuta
628 1813 682 1867 id
714 1814 861 1882 quod
893 1823 1013 1868 erat
1035 1813 1172 1867 vidit
1199 1820 1253 1867 et
1295 1810 1742 1881 indignabundus
1763 1821 2024 1880 quantum

453 1905 630 1974 potuit
658 1905 1001 1960 velocissime
1035 1904 1099 1962 ad
1130 1903 1365 1973 primum
1415 1902 1571 1958 ducis
1605 1903 1918 1956 ministrum
1944 1917 2040 1956 cu-

2139 1739 2293 1780 σωσι.
2312 1723 2421 1775 Καὶ
2439 1723 2599 1794 ήνυον
2616 1723 2685 1777 τά
2713 1721 2808 1774 τοῦ
2848 1721 3070 1777 σκοποῦ.
3092 1723 3202 1776 Καὶ
3240 1717 3318 1776 αι’
3343 1726 3576 1793 κεφαλαὶ
3605 1728 3708 1797 μὲν

2140 1813 2322 1875 αὐτοῖς
2342 1813 2436 1866 καί
2461 1830 2512 1865 τι
2529 1813 2636 1865 τῶν
2667 1815 3022 1882 μεταφρένων
3045 1815 3378 1886 ἐκρύπτοντο
3407 1834 3422 1849 ο
3454 1819 3482 1869 ὁ
3509 1818 3564 1871 δέ
3589 1819 3710 1872 λοι-

2137 1902 2235 1962 πὸς
2265 1901 2548 1966 ἄνθρωπος
2578 1902 2800 1972 ἐκάστῳ
2829 1902 3053 1956 ἐκείνων
3092 1904 3196 1968 ἔξω
3226 1905 3399 1975 βραχὺ
3431 1909 3713 1977 προύφαι-

461 1999 638 2052 currit
674 2035 691 2060 ,
718 2006 772 2052 et
801 2011 924 2051 cum
967 1995 1358 2055 lamentatione
1389 1994 1546 2063 petiit
1575 1993 1642 2048 ab
1671 2007 1736 2048 eo
1775 2003 1834 2047 ut
1883 2000 2038 2047 tanto

2150 2009 2274 2044 IE‘IO.
2321 1992 2611 2045 Ἐλάνθανε
2639 1993 2695 2046 δὲ
2745 1995 2854 2064 ἄρα
2899 1995 3059 2048 τοῦτο
3081 1997 3232 2058 ’τοὺς
3267 1998 3522 2062 πλείονας
3546 2039 3562 2062 ,
3597 2001 3712 2064 ἕως

460 2091 604 2143 malo
648 2089 913 2144 obstaret.
964 2086 1066 2141 Hic
1099 2094 1282 2140 autem
1335 2086 1388 2154 (ο
1425 2086 1642 2155 egregie
1683 2085 1904 2138 alumne
1933 2083 2037 2152 qui.

2150 2085 2163 2134 5
2193 2085 2250 2134 ἐν
2296 2083 2666 2156 Θεσσαλονίκῃ
2709 2086 2983 2149 Βασίλειος
3013 2088 3042 2138 ὁ
3072 2087 3314 2151 Τζύσκος
3337 2129 3351 2152 ,
3389 2092 3712 2160 κατακύψαι

462 2182 588 2232 noni
622 2172 1106 2234 ducis'doctrinam
1131 2177 1185 2231 in
1222 2187 1406 2231 mente
1449 2176 1745 2246 reposuisti
1768 2176 1828 2245 ι)
1864 2191 2034 2245 usque

2150 2173 2342 2226 ίνωθεν
2390 2173 2670 2244 τολμήσας
2727 2175 2821 2226 καὶ
2867 2174 3131 2243 ἰσχύσας,
3186 2171 3292 2226 εἶδε
3336 2178 3397 2228 τὸ
3447 2180 3707 2246 πρᾶγμα.

465 2273 518 2322 in
552 2277 836 2338 posterum
867 2268 1008 2324 diem
1051 2267 1481 2338 exspectandum
1512 2282 1633 2322 esse
1671 2269 1831 2332 dixit,
1859 2268 2036 2322 donec

2143 2263 2238 2324 ’0;
2287 2266 2380 2315 καὶ
2415 2252 2722 2332 καρδιώξας
2773 2264 2975 2334 έδραμε
3026 2265 3126 2333 τὴν
3181 2267 3440 2335 ταχίστην
3489 2270 3572 2330 εἰς
3610 2271 3708 2321 τὶον

464 2361 648 2412 hostes
710 2358 766 2412 in
827 2358 944 2412 cavi
1014 2359 1295 2427 angustiis
1352 2367 1406 2414 et
1472 2357 1621 2411 fumo
1676 2374 1705 2412 a
1746 2359 2036 2412 sarmentis

2150 2353 2228 2405 τοῦ
2263 2353 2568 2424 στρατηγοῦ
2597 2354 3092 2425 πρωτοθεράποντα
3115 2371 3130 2385 ’
3171 2357 3265 2410 καὶ
3316 2357 3614 2427 ἐκλαλήσας
3646 2363 3713 2414 τὸ

460 2448 702 2501 excitato
754 2446 1177 2502 sul'l‘ucarcntur.
1228 2448 1321 2502 Sic
1379 2454 1608 2502 venator
1660 2447 1828 2500 feram
1880 2444 2039 2500 facile

2150 2445 2372 2513 πρᾶγμα
2412 2444 2552 2515 μετά
2603 2446 2808 2512 οίκτου,
2858 2447 3268 2516 προεκαλέσατο
3313 2451 3392 2509 εἰς
3439 2450 3709 2519 κωλύμην

461 2539 811 2609 persequitur
850 2538 904 2592 in
946 2539 1178 2607 campis,
1226 2554 1335 2593 non
1390 2547 1569 2592 autem
1599 2538 1646 2592 is
1685 2537 1776 2606 qui
1825 2551 1944 2591 eam
1977 2535 2035 2589 in

2150 2533 2231 2585 τοῦ
2269 2534 2464 2588 κακοῦ.
2517 2536 2576 2588 '0
2619 2535 2674 2588 δέ
2702 2537 2768 2607 (ὦ
2824 2537 3068 2607 μαθητοῦ
3114 2539 3342 2606 ἀγαθοῦ,
3390 2541 3710 2609 ἐκμαξαμέ-

459 2643 690 2682 caverna
721 2628 1057 2699 prehendere
1088 2628 1322 2701 vult;sic
1355 2629 1444 2698 qui
1476 2641 1606 2696 apes
1622 2627 1811 2681 colunt
1829 2626 2040 2680 alveum

2150 2639 2234 2676 νου
2281 2625 2498 2692 εὐφυῶς
2525 2626 2596 2677 τά
2635 2625 2728 2678 τοῦ
2773 2627 2939 2681 καλοῦ
3012 2628 3318 2700 στρατηγοῦ
3366 2630 3713 2700 διδασκάλια)

458 2722 639 2789 ipsimi
675 2721 879 2779 adeunt
929 2720 1296 2791 speculaturi.

2146 2715 2342 2784 χρῆναι
2373 2715 2656 2784 μεθίεσθαι
2685 2720 3004 2788 ἀπεφήνατο
3049 2719 3240 2789 μέχρις
3269 2721 3324 2783 ἐς
3361 2719 3570 2792 αὔριον,
3601 2722 3718 2783 tu;

459 2814 509 2874 οἱ
540 2811 733 2887 ἐχθροὶ
763 2811 912 2875 ἐντὸς
977 2811 1287 2880 είληθέντες
1313 2813 1408 2864 τοῦ
1436 2813 1818 2882 τρυπήματος,
1847 2807 1964 2862 εἶτα
1984 2807 2061 2878 τῷ
2094 2809 2158 2860 ἐκ
2184 2807 2480 2875 φρυγάνων
2509 2808 2698 2878 καπνῷ
2752 2811 2882 2881 ῥᾷον
2908 2814 3292 2879 καταπνιγεϊεν
3325 2812 3493 2876 ἐντὸς,
3521 2816 3712 2883 ὅμοιον

459 2907 535 2969 ὡς
589 2908 640 2960 εί
688 2909 781 2961 καὶ
820 2907 1128 2978 κυνηγέτης
1195 2907 1484 2977 πρόχειρον
1523 2907 1696 2975 ἄγραν
1753 2905 1892 2975 ἔχων
1947 2903 2333 2973 θέσθαιθηρίου
2365 2904 2422 2955 ἐν
2454 2905 2565 2966 τοῖς
2616 2905 2875 2970 πεδινοῖς,
2923 2909 2951 2959 ὁ
3001 2906 3047 2960 δ’
3078 2908 3214 2961 ἀλλά
3255 2907 3442 2978 μεθεὶς
3474 2910 3716 2983 καραδο.

461 3002 547 3050 κεῖ
576 2999 673 3068 τὴν
721 2999 778 3049 ἐν
810 2999 1086 3067 σπήλυγγι
1121 2997 1332 3050 ἐκείνου
1376 2998 1694 3062 κατάδυσιν,
1751 2995 1826 3058 ὡς
1878 2995 2018 3048 οὕτω
2060 2994 2258 3064 μᾶλλον
2293 2995 2575 3067 ἀγρεύσων
2628 2997 2805 3050 ἐκεῖνο
2833 3014 2845 3027 ·

461 3097 701 3165 σμήνους
735 3097 787 3148 οἱ
823 3094 954 3164 περὶ
981 3093 1190 3158 ταύτας
1230 3093 1576 3164 πονούμενοι.

2925 2997 3068 3051 καθά
3125 3000 3220 3052 καὶ
3273 3001 3534 3069 μελίσσας
3601 3004 3718 3056 ἔσω

530 3216 620 3268 78.
664 3212 851 3270 Talem
902 3228 962 3267 se
1015 3213 1232 3282 primus
1279 3213 1441 3268 ducis
1496 3210 2037 3288 ministcrpgerebat.

2211 3215 2310 3277 οη’.
2344 3209 2452 3262 Καὶ
2485 3205 2722 3269 τοιοῦτος
2767 3209 2865 3275 μέν
2895 3211 2921 3259 ὁ
2962 3206 3346 3277 άρχιθεράπων
3391 3210 3717 3277 μηχανικός.

463 3301 696 3359 liavides
745 3316 898 3365 vero,
945 3301 1120 3370 ipsius
1163 3301 1328 3356 herus
1365 3316 1477 3356 rem
1534 3301 1696 3354 aliter
1742 3313 2041 3368 aggressus

459 3402 568 3449 est.
605 3393 808 3450 Audito
842 3393 989 3452 enim
1019 3393 1169 3462 quod
1190 3408 1382 3448 murus
1411 3393 1763 3448 extrinsecus
1799 3390 2042 3460 perfora-

461 3494 617 3539 rctur
647 3499 662 3536 :
698 3481 804 3537 Vos
831 3498 1051 3552 quoque
1078 3484 1228 3540 intus
1274 3481 1555 3552 perforare
1588 3497 1813 3536 necesse
1843 3490 1958 3546 est;
1989 3491 2045 3536 et

459 3577 556 3630 diu
616 3583 938 3638 cunctatus,
1002 3573 1328 3644 aliquandiu
1392 3575 1817 3637 semimortuus,
1852 3583 2044 3628 statuae

463 3669 672 3727 similis
733 3669 961 3734 mansit,
1011 3678 1069 3722 ut
1125 3667 1195 3723 de
1251 3670 1358 3724 iicu
1411 3679 1600 3723 narrat
1651 3667 2041 3722 eomaadiarum

465 3773 686 3818 auctor.
721 3761 786 3818 Et
818 3762 899 3820 sic
941 3762 1182 3831 linguam
1212 3775 1433 3816 movere
1460 3760 1743 3817 videbatur
1775 3769 1830 3812 et
1863 3759 2046 3813 dicere

467 3857 692 3926 quando
717 3869 932 3910 murum
966 3855 1312 3908 extrinsecus
1339 3852 1616 3922 lapidibus
1637 3854 1744 3922 peti
1769 3851 2045 3916 audiebat,

466 3948 795 4004 Jaculamini
855 3961 952 4002 vos
1007 3961 1226 4016 quoque
1287 3947 1356 3999 ab
1411 3946 1581 4000 intus.
1631 3944 1676 3999 0
1729 3943 2042 4005 ludibrium,

465 4057 580 4108 quo
635 4054 738 4094 nos
795 4038 1204 4100 mactabamur,
1268 4039 1388 4105 ipse
1447 4043 1633 4091 autem
1693 4032 2048 4104 imperatoris

468 4131 816 4186 inimicitiam
882 4127 1211 4196 ell'ugiebat;
1273 4136 1391 4180 erat
1452 4128 1599 4182 enim
1666 4127 1714 4180 is
1797 4126 1891 4195 qui
1947 4125 2042 4179 ubi

471 4225 700 4292 vigilare
727 4235 869 4286 opus
896 4232 1005 4284 est,
1057 4219 1358 4285 obdormit,
1409 4227 1462 4272 et
1499 4219 1591 4286 qui
1641 4219 1815 4272 veteri
1851 4233 2044 4276 vocum

469 4313 820 4382 simplicitate
851 4310 1063 4376 utitur;
1089 4320 1144 4365 et
1176 4309 1535 4385 nihilominus
1567 4311 1613 4362 si
1641 4309 1788 4378 juste
1810 4318 2046 4377 spectes,

469 4405 740 4460 excubias
806 4403 942 4474 agit.
995 4401 1155 4468 Quod
1210 4401 1356 4456 enim
1409 4403 1714 4472 proposuit,
1780 4401 2051 4471 vigilando

2160 3301 2218 3354 Ὀ
2257 3300 2302 3354 δ’
2335 3297 2679 3370 άρχιτέκτωρ
2709 3296 2874 3350 αὐτοῦ
2904 3297 3065 3351 Δαυῒδ
3099 3297 3271 3361 ἄλλως
3302 3297 3491 3359 ἔπαιζε
3517 3298 3577 3351 τὸ
3606 3317 3719 3367 μη-

2146 3391 2421 3462 χανᾶσθαι
2452 3408 2466 3421 ο
2500 3391 2598 3444 καὶ
2626 3390 2865 3454 ἀκούων,
2897 3389 2971 3452 ὡς
2999 3391 3273 3458 τρυπᾶται
3299 3390 3359 3442 τὸ
3379 3392 3554 3459 τεῖχος
3581 3391 3723 3456 ἔξω·

2146 3484 2258 3549 θεν,
2309 3481 2654 3552 Τρυπητέον,
2691 3481 2869 3549 ἔλεγε,
2917 3481 3012 3536 καὶ
3044 3481 3189 3550 ὑμᾶς
3225 3480 3449 3535 ἔσωθεν.
3496 3483 3605 3535 Kal
3629 3485 3720 3547 εις

2146 3575 2400 3628 τοσοῦτον
2463 3573 2908 3644 χασμησάμενος,
2952 3573 3188 3642 ἐκάθητο
3231 3572 3325 3625 τοῦ
3355 3573 3545 3626 λοιπςῦ
3575 3575 3719 3646 χαῦ-

2147 3685 2258 3731 τος,
2291 3665 2453 3720 εἰκὼν
2493 3666 2715 3731 ζῶντος,
2758 3665 3060 3735 ἐμποδίζων
3085 3658 3196 3717 οἷον
3244 3664 3463 3733 ἰσχάδας
3496 3667 3589 3719 καὶ
3616 3668 3724 3721 αὐε-

2147 3760 2236 3822 τὸς
2261 3759 2400 3812 κατά
2438 3759 2528 3811 τὸν
2559 3757 2824 3828 κωμικόν.
2849 3759 2960 3813 Καὶ
2983 3759 3080 3828 τὴν
3103 3758 3348 3825 γλῶτταν
3373 3754 3474 3812 ὧδε
3513 3759 3719 3811 σαλεύ-

2153 3867 2252 3913 σας
2308 3850 2741 3918 ἀτελεσφόρητα,
2785 3849 2971 3919 ἐῴκει,
3023 3853 3071 3903 εί
3099 3853 3194 3906 καὶ
3223 3851 3285 3903 τὸ
3308 3854 3482 3919 τεῖχος
3511 3851 3722 3916 ἔξωθεν

2149 3942 2372 3996 ἀκούσοι
2425 3943 2590 4004 λίθοις
2639 3942 2954 4012 βάλλεσθαι,
2991 3945 3167 3996 εἰπεῖν
3218 3942 3305 4008 ἂν,
3364 3945 3433 3995 ὡ.
3474 3943 3716 3996 Βάλλετε

2149 4033 2284 4086 αὐτὸ
2313 4035 2406 4087 καὶ⁵
2438 4035 2594 4103 ὑμεῖς
2625 4033 2845 4086 ἔσωθεν.
2878 4034 2941 4086 ’Ὠ
2971 4033 3218 4100 «παίγνια,
3247 4034 3317 4086 δι’
3339 4029 3413 4087 ὧν
3449 4034 3717 4102 ἐσφαττό-

2151 4126 2294 4194 μεθα
2327 4125 2427 4196 μὲν
2466 4127 2649 4194 ἡμεῖς,
2684 4126 2844 4186 αὐτὸς
2875 4125 2931 4177 δὲ
2961 4124 3052 4177 τὸν
3097 4125 3321 4178 δύσνουν
3352 4125 3575 4195 βασιλέα
3597 4127 3721 4191 ἐξέ-

2152 4233 2349 4285 φευγεν
2375 4231 2389 4244 ·
2426 4216 2730 4286 ἄνθρωπος,
2775 4216 2858 4285 ἐφ’
2887 4213 2967 4279 οἷς
3002 4215 3108 4269 ἔδει
3136 4218 3516 4287 ἐγρηγορέναι,
3545 4234 3722 4269 κατα-

2153 4308 2403 4373 κείμενος
2424 4347 2438 4370 ,
2468 4309 2726 4360 καὶκατὰ
2771 4307 3008 4360 παλαιάν
3037 4306 3296 4374 ἀφέλειαν
3328 4310 3608 4377 ὀνομάτων
3639 4312 3726 4360 εἰ-

2154 4402 2275 4456 πεῖν
2327 4399 2606 4462 ἁναπεσᾶς
2634 4415 2649 4431 ο
2684 4402 2777 4449 καὶ
2834 4399 2942 4468 μὴν
3002 4399 3305 4464 σκέψασθαι
3362 4399 3567 4463 ἄλλως,
3623 4401 3731 4453 καὶ

471 4496 702 4567 peregit,
767 4509 868 4553 nec
911 4495 1147 4550 cessavit
1199 4493 1375 4552 donec
1441 4493 1626 4546 omnia
1671 4492 1774 4546 rite
1826 4502 2041 4561 peracta

2158 4492 2298 4545 πάνυ
2335 4490 2508 4553 ἑστὼς
2552 4491 2712 4552 αὐτὸς
2757 4485 2825 4560 ἦν
2856 4492 2948 4544 καὶ
2982 4489 3261 4558 νηφάλιος.
3305 4492 3369 4542 Ὃ
3400 4491 3508 4560 γάρ
3539 4490 3729 4558 προῦ-

470 4595 675 4642 essent.

541 4787 630 4840 79.
657 4786 748 4845 Sic
772 4787 939 4856 igitur
969 4787 1219 4843 hostibus
1259 4786 1414 4848 ruina
1452 4787 1593 4840 muri
1631 4786 1857 4856 proluit,
1891 4788 2050 4842 nobis

486 4872 684 4941 )bl‘uit;
710 4890 839 4934 saxa
863 4877 1005 4930 enim
1031 4891 1096 4930 ex
1122 4889 1318 4946 magna
1337 4875 1584 4931 machina
1610 4876 1755 4944 jacta
1788 4878 2054 4948 pinnacu-

479 4977 586 5019 'um
608 4966 997 5025 tlcstruxerunt
1017 4975 1071 5022 et
1094 4968 1294 5022 mantia
1319 4968 1638 5025 custodibus
1662 4969 2009 5029 denudarunt
2034 4989 2050 5037 ;

483 5059 653 5110 multa
681 5057 845 5114 etiam
892 5058 946 5116 in
988 5058 1106 5113 loca
1145 5059 1405 5118 interiora
1441 5060 1774 5131 praecipitata
1821 5062 2050 5116 multum

478 5151 606 5204 mali
646 5149 912 5205 fecerunt.
973 5150 1144 5219 Igitur
1183 5165 1308 5206 cum
1344 5166 1559 5205 murum
1592 5168 1622 5206 e
1673 5153 1892 5221 regione
1923 5167 2050 5209 exs-

479 5251 662 5296 truere
699 5248 1026 5296 conarentur
1055 5251 1108 5295 et
1133 5241 1242 5312 jam
1297 5256 1519 5296 manum
1574 5245 1980 5316 apposuissent,
2017 5261 2047 5298 a

481 5334 690 5397 nostris
721 5332 925 5403 repulsi
960 5341 1108 5390 sunt.
1159 5333 1436 5391 Eurorum
1486 5335 1630 5388 enim
1683 5334 2045 5396 mdilicatores

481 5441 611 5478 sua
673 5424 1136 5494 supereminentia
1182 5423 1635 5490 refortnidabant,
1668 5440 1773 5478 non
1824 5434 1882 5479 ut
1913 5421 2057 5484 Tan-

485 5520 625 5572 talus
647 5519 780 5572 l'alsa
801 5517 1163 5579 somniantes,
1187 5515 1282 5570 sed
1305 5516 1436 5585 quia
1468 5518 1672 5571 malum
1705 5533 1893 5571 verum
1929 5527 2056 5573 ante

485 5609 674 5664 ocu'os
708 5610 1002 5665 habebant.
1026 5609 1161 5664 Tum
1183 5622 1272 5666 res
1302 5607 1532 5666 ridicula
1563 5611 1762 5684 accidit
1782 5611 1827 5665 si
1858 5612 2058 5664 amaris

2152 4583 2296 4645 θετο,
2329 4582 2492 4651 ἔνηφε
2525 4585 2696 4634 ποιεῖν
2716 4597 2728 4612 ·
2757 4583 2847 4634 καὶ
2874 4582 2972 4634 οὐκ
3000 4582 3223 4647 ἀνῆκεν,
3254 4583 3356 4644 ἕως
3381 4584 3513 4635 αὐτὸ
3542 4599 3731 4651 τεχνι-

2157 4673 2265 4735 κῶς
2288 4665 2599 4727 ἀπετέλεσε.

2227 4782 2326 4836 οθί.
2362 4784 2473 4837 Καὶ
2524 4781 2668 4837 οῦτω
2718 4784 2817 4851 μὲν
2866 4783 3136 4854 προὺδόθη
3165 4787 3276 4847 τοῖς
3323 4783 3605 4854 πολεμίοις
3629 4784 3738 4837 καὶ
3793 4823 3815 4853 ρ

2156 4879 2189 4946 ἠ
2215 4877 2323 4930 τῶν
2354 4877 2514 4936 λίθων
2545 4878 2638 4930 τοῦ
2685 4877 2896 4947 τείχους
2931 4880 3022 4932 ἐπὶ
3050 4877 3202 4947 κακῷ
3239 4878 3494 4949 ἡμετέρῳ
3525 4877 3738 4929 ὑπολά-

2159 4969 2341 5037 ξευσις
2361 4969 2510 5021 κάτω
2536 4985 2548 4998 ·
2581 4970 2636 5022 αἱ
2664 4968 2720 5019 δὲ
2750 4971 2812 5019 ἐκ
2840 4970 2933 5038 τῆς
2975 4968 3216 5038 μεγάλης
3247 4969 3496 5038 μηχανῆς
3527 4969 3738 5036 πέτραι

2157 5061 2254 5123 τάς
2284 5077 2342 5113 τε
2374 5060 2632 5124 ἐπάλξεις
2680 5060 3034 5129 κατήρειπον,
3075 5062 3170 5114 καὶ
3215 5059 3486 5128 ἐγύμνουν
3529 5059 3586 5110 τὸ
3622 5061 3742 5110 τεί-

2159 5170 2248 5221 χο;
2280 5153 2536 5222 φυλάκων
2562 5168 2574 5181 ·
2622 5151 2809 5204 πολλαὶ
2836 5150 2890 5202 δὲ
2917 5153 3010 5205 καὶ
3039 5151 3584 5221 ὑπερπεταννύμεναι
3627 5168 3740 5202 κα-

2161 5243 2421 5296 τέπιπτον
2455 5243 2583 5309 ἔσω,
2623 5240 2873 5294 ποιοῦσαι
2925 5259 3048 5294 τινα
3099 5241 3246 5294 δεινά
3284 5244 3379 5294 καὶ
3430 5241 3612 5295 αὐταί.
3638 5242 3740 5294 Διὸ

2155 5335 2251 5394 καὶ
2281 5335 2453 5405 τεῖχος
2480 5332 2662 5402 ἕτερον
2706 5333 3111 5400 ἀνταναστῆσαι
3163 5331 3581 5402 μελετήσαντες,
3631 5333 3740 5385 καὶ

2156 5423 2255 5492 ἥδη
2283 5426 2376 5476 καὶ
2409 5425 2829 5492 ἐγχειρήσαντες
2864 5424 2912 5476 οἱ
2949 5423 3071 5476 καθ’
3111 5425 3292 5492 ἡμᾶς,
3330 5425 3733 5493 ἀπετρέποντο.

2158 5515 2463 5566 Ἐδεδίεσσιν
2510 5515 2619 5584 γάρ
2669 5517 2716 5566 οἱ
2749 5515 3043 5584 τειχοποιοὶ
3104 5516 3230 5578 τοὺς
3297 5514 3740 5585 ὑπερτέλλοντας

2162 5609 2416 5680 πέτρους,
2468 5607 2529 5660 ού
2573 5607 2893 5666 Ταντάλειον
2925 5607 3130 5676 ταύτην
3166 5607 3465 5675 φαντασίαν
3517 5606 3737 5680 ὀνειρο-
