4036 6224
365 265 439 329 89
1165 261 1260 318 DE
1300 258 1870 320 THESSALONICA
1904 259 2111 318 URBE
2134 259 2180 316 Α
2224 257 2536 317 LATINIS
2570 257 2830 318 CAPTA.

3543 267 3613 330 90

362 371 686 434 πωλοῦντες,
735 369 870 424 ἀλλὰ
908 370 1182 440 πρόσπτον
1223 369 1436 438 ἔχοντες
1467 369 1534 420 τὸ
1565 369 1736 422 κακόν
1771 385 1784 398 ·
1822 367 1937 420 ἔνθα

2050 367 2211 420 dulce
2253 365 2336 421 fas
2373 375 2458 420 est
2514 366 2566 419 in
2625 366 2870 421 historia:
2909 381 3074 422 cursu
3115 351 3505 440 commiscere,
3541 390 3608 428 ne

358 467 458 522 καί
491 483 546 518 τι
602 463 815 531 γελοῖον
848 461 1162 526 συνέπεσεν,
1210 463 1263 513 εῖ
1311 479 1362 512 τι
1394 461 1497 530 χρὴ
1554 463 1663 523 τοῖς
1718 461 1936 529 πικροῖς

358 558 740 629 γλευκάζοντα
768 555 1070 623 συγκιρνᾷν
1123 553 1299 623 εἱρμῴ
1324 570 1385 604 τε
1421 551 1680 624 ἱστορίας,
1731 553 1824 605 καὶ
1851 553 1938 604 ἵνα

365 650 448 722 μὴ
469 652 498 702 ὁ
531 647 823 718 μανθάνων
848 646 916 697 τὰ
942 643 1065 698 καθ’
1099 645 1247 714 ἡμᾶς
1293 643 1544 713 ἀκράτως
1597 642 1934 695 παθαίνοιτο.

443 748 521 792 π’.
550 735 664 791 Ἦν
707 738 809 808 μὲν
849 735 958 806 γάρ
990 735 1272 788 πολιτικὸν
1314 739 1608 806 μυστήριον
1648 737 1682 804 ἡ
1711 733 1803 786 τοῦ
1831 734 1941 786 τείη

358 871 495 924 χους
547 851 964 913 ἀπανάστασις.
1015 849 1317 918 Ἐλαφρίαν
1349 849 1405 902 δέ
1433 865 1520 912 τις
1571 849 1684 902 ἀνω
1725 848 1933 914 παθὼν,

358 946 625 1015 ἑξεϐόησε
677 947 789 1007 τοῖς
823 942 1063 1013 ἐχθροῖς,
1115 941 1372 1012 ἄπρακτα
1421 941 1636 1011 μωροὺς
1695 943 1938 1005 ἐκείνους

360 1035 653 1088 πονεῖσθαι
696 1033 837 1087 κατά
871 1033 966 1086 τοῦ
1015 1033 1252 1102 τείχους,
1303 1031 1508 1086 ἔσωθεν
1555 1033 1940 1102 ἀντεγειρομέ·

359 1146 458 1179 νου
492 1128 705 1197 ἐτέρου.
741 1125 836 1188 ’ος
860 1124 936 1194 ,δὴ
970 1122 1128 1191 λόγος
1168 1124 1264 1176 καὶ
1319 1123 1523 1193 μᾶλλον
1555 1125 1706 1194 ἡμᾶς
1738 1125 1938 1195 προσέ-

361 1219 592 1288 ϐλαψεν.
651 1217 847 1288 ’Δραιά
900 1217 1008 1286 γὰρ
1041 1217 1110 1270 τὰ
1143 1216 1250 1284 πρὸ
1295 1216 1490 1270 τούτου
1532 1217 1783 1285 ἀφιέντες
1809 1219 1936 1280 τοὺς

362 1311 741 1380 τειχοσεὶστας
789 1309 970 1372 λίθους
1011 1312 1058 1361 οἱ
1095 1309 1226 1375 ἔξω,
1274 1309 1546 1362 ὲπύκνουν
1600 1309 1797 1372 αὐτοὺς
1847 1309 1939 1362 ἐκ·

361 1418 508 1464 τοτε,
557 1400 678 1470 μεθ’
704 1400 918 1469 ἡμέραν
953 1415 1013 1451 τε
1063 1397 1206 1451 οὓτω
1263 1398 1586 1468 βλάπτοντες
1649 1401 1814 1469 ἡμᾶς,
1842 1400 1938 1452 καὶ

359 1493 483 1545 οὐδὲ
512 1491 706 1552 νυκτὸς
739 1491 875 1561 βέλη
911 1490 1150 1554 ἀνιέντες
1194 1491 1283 1544 διὰ
1331 1493 1428 1562 τῆς
1465 1491 1732 1560 μεγίστης
1763 1508 1936 1559 μηχα-

358 1583 459 1648 νῆς
487 1597 501 1609 ο
537 1581 662 1633 καθ’
688 1577 757 1652 ἧς
789 1582 948 1650 ἡμεῖς
1002 1580 1335 1648 λαλήσαντες
1383 1581 1458 1642 ὡς
1500 1581 1700 1649 δεινῆς,
1741 1580 1795 1631 εἴ
1818 1597 1935 1642 πως

359 1669 770 1738 ἁποκρουσθείη
808 1670 1128 1738 μηχανικῶς
1181 1668 1276 1721 τοῦ
1330 1669 1454 1721 καθ’
1485 1671 1630 1738 ἡμᾶς
1661 1669 1935 1721 τείνεσθαι

363 1759 735 1827 ἐσοφίσοημεν
760 1760 842 1821 είς
874 1759 1111 1829 μάθησιν
1138 1759 1199 1823 ἐξ
1235 1759 1445 1828 ἀγαθῆς
1475 1760 1739 1826 κεφαλῆς,
1764 1761 1931 1812 ἀκού-

361 1869 575 1914 σαντες,
618 1851 695 1912 ὡς
734 1851 889 1912 πόλις
940 1852 1005 1902 ἐκ
1029 1850 1284 1918 τοιαύτης
1331 1850 1537 1920 πέτρας
1594 1851 1655 1902 ού
1700 1849 1934 1918 βλάπτε-

357 1962 470 1996 ται.
527 1944 594 1995 ΤΞ
642 1942 746 2006 δέ;
804 1940 922 1994 ἀλλ’
991 1941 1302 2010 ὠφελεῖται,
1357 1940 1400 1993 ῶ
1451 1943 1624 2010 σοφὲ,
1689 1942 1935 2011 μηχανὰς

362 2033 722 2098 ἐξουθενοῦν;
777 2032 944 2084 Ἀλλὰ
993 2031 1330 2086 συνίσταται.
1398 2031 1608 2085 Οὓκουν
1671 2033 1931 2096 πάντωςς

361 2126 578 2178 Οὐκοῦν
614 2127 675 2178 τὸ
705 2125 975 2178 ἀνάπαλιν
1001 2141 1016 2157 ο
1049 2127 1164 2193 εἴγε
1191 2129 1289 2180 καὶ
1329 2127 1767 2198 καταρρίπτεται
1792 2125 1936 2178 οὕτω

362 2219 433 2270 τὰ
489 2217 858 2287 ἐρυμνότατα.
908 2215 1148 2286 Εἴπομεν
1182 2219 1342 2287 ἡμεῖς
1380 2216 1546 2282 οὕτω,
1590 2217 1684 2269 καὶ
1711 2220 1737 2270 ό
1771 2215 1933 2284 λόγος

365 2309 496 2377 εἱκῆ
522 2309 835 2379 ἀπέρρευσε
873 2308 968 2362 καὶ
995 2307 1178 2369 αὐτός.

443 2442 557 2488 παπ
595 2435 696 2488 Καὶ
746 2436 982 2488 ἐλύπουν
1040 2435 1140 2502 μὲν
1190 2435 1290 2504 τὴν
1331 2435 1487 2488 πόλιν
1516 2437 1612 2488 καὶ
1657 2437 1730 2489 τὰ
1761 2437 1934 2506 μικρά

366 2525 693 2596 πετροϐόλσ,
722 2525 867 2578 οὕτω
899 2525 1087 2591 δεξιῶς
1120 2525 1402 2594 βάλλοντα,
1443 2526 1519 2588 ὡς
1551 2526 1644 2578 καὶ
1675 2527 1801 2589 τοὺς
1835 2544 1934 2596 μο-

362 2617 533 2678 δίους,
565 2615 617 2667 οἳ
640 2615 842 2667 πλοίων
873 2616 1072 2676 ὀϊστοῖς
1103 2614 1440 2683 ἐνδεδεμένοι
1478 2615 1742 2686 μετέωροι
1769 2616 1935 2687 ἔκρυ-

365 2724 500 2758 πτον
544 2705 693 2758 ἔνδον
727 2707 947 2776 ἀνδρας,
999 2706 1258 2770 εἰωθότας
1315 2705 1525 2760 ἐκεῖθεν
1552 2709 1932 2778 καταπέμπειν

364 2798 430 2850 τὲ
462 2798 796 2868 βλάπτοντα,
832 2797 1074 2866 συνεχῶς
1108 2796 1352 2852 εὔσκοπα
1378 2799 1611 2870 βάλλειν,
1642 2800 1735 2853 καὶ
1769 2816 1935 2854 κατα-

367 2891 522 2960 κλᾷν,
559 2891 653 2942 καὶ
696 2889 886 2957 ἀγῶνα
933 2890 1195 2960 παρέχειν
1225 2891 1338 2952 τοῖς
1373 2893 1642 2960 μαχηταῖς
1696 2891 1930 2957 ἐκεῖθεν,

367 2981 703 3051 διεκχεῖσθαι
750 2981 903 3034 κάτω
947 2983 1040 3034 κα)⁸
1091 2980 1515 3052 περισώζεσθαι.
1555 2977 1735 3036 ἾΙσαν
1771 2982 1826 3034 δὲ
1864 2984 1932 3034 τὰ

370 3074 601 3126 τοιαῦτα
653 3073 787 3126 ὡσεὶ
830 3074 922 3126 καὶ
956 3071 1085 3142 βέλη
1143 3072 1370 3142 νηπίων,
1406 3073 1542 3141 πρὸς
1586 3073 1686 3144 τὴν
1720 3074 1934 3143 μητέρα
1961 3053 2004 3110 (ἶ

373 3165 622 3232 μεγάλην
653 3163 902 3233 μηχανὴν
934 3161 1412 3233 παραϐαλλόμενα,
1442 3165 1568 3216 εἴτι
1604 3164 1707 3233 χρὴ
1737 3166 1800 3216 ὲκ
1837 3164 1932 3216 τοῦ

368 3253 538 3321 σοεξοῦ
591 3253 896 3323 στρατηγοῦ
949 3252 1277 3323 πορίσασθαι
1314 3270 1366 3306 τι
1401 3254 1598 3323 νόημα.
1657 3255 1752 3316 '0;
1809 3255 1932 3317 τοὺς

367 3345 585 3395 ἐκεῖθεν
638 3344 1036 3414 ὲπαφιεμένους
1082 3344 1262 3408 λίθους
1287 3344 1536 3415 τεθηπὼς
1572 3343 1667 3398 τοῦ
1699 3344 1927 3410 κτύπου,

373 3437 576 3487 Ἄκουε
601 3436 699 3507 τὴν
721 3438 946 3505 γραῖαν,
979 3435 1182 3504 ἔλεγεν,
1215 3436 1431 3504 ἀπαθὴς
1451 3434 1593 3488 οὕτω
1626 3453 1678 3489 τι
1711 3437 1805 3489 καὶ
1835 3437 1932 3506 μέ-

365 3543 518 3595 τριος
558 3525 656 3588 ὣν,
688 3529 782 3580 καὶ
811 3528 909 3596 τὴν
943 3526 1290 3597 θρεψαμένην
1329 3530 1494 3595 μαῖαν
1519 3522 1676 3597 οἶμαι
1726 3528 1933 3596 φαντάο

367 3619 558 3682 ζεσθαι
586 3618 783 3684 δοκῶν,
835 3618 1238 3688 παθαινομένην
1268 3621 1356 3672 ἐπ’
1408 3620 1556 3691 αύτῷ
1583 3621 1676 3674 καὶ
1723 3621 1939 3674 κλαίου-

367 3728 491 3764 σαν.
530 3710 864 3776 Λακωνίζων
893 3712 950 3764 δὲ
976 3713 1071 3764 καὶ
1096 3711 1269 3774 ἄλλως
1328 3713 1530 3774 ἐκεῖνος
1562 3714 1659 3780 τὴν
1693 3715 1894 3784 φράσιν
1918 3754 1934 3780 ,

366 3805 440 3866 ὡς
471 3807 532 3857 ἐν
566 3807 922 3874 μεταποιήσει
949 3805 1146 3874 κάμνει
1174 3807 1206 3874 ὴ
1232 3807 1420 3874 γραῖα,
1452 3805 1607 3859 πάλιν
1639 3806 1936 3876 ὲμογγιλά-

366 3898 472 3949 λει.
518 3896 882 3963 Ἀπεφοίϐαζε
905 3897 962 3949 δὲ
987 3897 1096 3966 ἄρα
1122 3899 1149 3948 ό
1190 3896 1347 3965 λόγος
1391 3892 1541 3960 οὗτος
1574 3899 1715 3950 κατά
1743 3916 1794 3950 τι
1834 3915 1936 3950 πυ-

367 3988 654 4051 θωνικνὺν,
679 3987 754 4049 ὡς
788 3988 819 4056 ἡ
866 3989 1211 4058 πρεσϐυτάτη
1260 3989 1623 4061 Θεσσαλονίκη
1677 3991 1814 4060 πρὸς
1855 3993 1931 4043 ετ-

2043 457 2215 510 lector
2249 456 2528 512 fastidium
2567 458 2633 512 de
2664 457 2818 512 nobis
2849 457 3043 526 capiat.

2108 748 2196 804 80.
2226 747 2360 802 Cum
2383 749 2525 804 enim
2555 748 2713 804 istius
2740 750 2882 804 muri
2915 749 3127 805 adversi
3159 753 3498 807 constructio
3526 754 3606 806 ci-

2037 841 2197 895 vibus
2215 855 2303 895 res
2321 841 2641 910 mysteriosa
2662 841 2926 904 esset,vir
2946 841 3168 912 quidam
3183 842 3390 896 frivola:
3408 844 3607 898 indolis

2038 947 2205 1002 supra
2253 943 2406 987 stans
2435 932 2690 988 hostibus
2723 934 2832 987 alta
2869 948 3004 988 voce
3048 935 3204 1001 dixit,
3237 936 3440 990 frustra
3483 937 3605 991 illos

2039 1026 2186 1080 circa
2227 1024 2376 1079 hunc
2414 1039 2628 1078 murum
2658 1024 2899 1094 fatigari,
2929 1040 3054 1079 cum
3086 1026 3223 1080 alter
3253 1027 3402 1080 intus
3417 1036 3609 1081 contra

2035 1124 2384 1181 strueretur;
2445 1130 2570 1184 quae
2627 1130 2729 1170 VOX
2792 1130 2893 1169 nos
2949 1129 3170 1185 quoque
3241 1131 3348 1169 non
3411 1132 3604 1185 parum

2036 1206 2284 1262 offendit.
2329 1205 2553 1261 Externi
2617 1207 2766 1262 enim
2820 1221 2947 1261 raro
3001 1207 3211 1275 lapides
3247 1207 3303 1261 in
3346 1210 3607 1263 mmnium

2036 1299 2255 1352 ruinam
2303 1298 2676 1368 proiecerant,
2721 1299 2806 1355 sic
2863 1299 3103 1353 interdiu
3165 1314 3266 1354 nos
3324 1300 3606 1363 laedentes,

2034 1399 2202 1443 noctu
2238 1396 2418 1443 autem
2447 1404 2478 1444 e
2508 1404 2709 1456 magna
2756 1389 3011 1444 machina
3054 1391 3157 1444 tela
3195 1392 3250 1445 in
3299 1407 3400 1446 nos
3431 1392 3607 1460 conji-

2035 1495 2159 1534 cere
2211 1496 2320 1535 nou
2368 1489 2644 1548 poterant.
2679 1480 2754 1536 De
2785 1497 2894 1551 qua
2927 1486 2972 1537 si
3028 1492 3287 1552 tanquam
3335 1493 3608 1538 tormento

2036 1571 2282 1625 horribili
2313 1571 2483 1626 locuti
2517 1586 2730 1636 sumus,
2756 1583 2811 1626 et
2844 1572 2890 1627 si
2923 1573 3224 1641 quaerimus
3249 1584 3432 1627 utrum
3461 1576 3602 1627 mul-

2042 1671 2153 1715 tum
2184 1662 2344 1716 nobis
2371 1662 2498 1716 inde
2526 1661 2753 1730 periculi
2785 1663 3093 1727 immineat,
3120 1664 3262 1718 scito
3293 1679 3392 1718 nos
3413 1680 3441 1716 a
3467 1673 3604 1719 teste

2036 1752 2190 1824 gravi
2220 1753 2482 1808 didicisse
2512 1753 2654 1822 quod
2680 1753 2813 1807 urbs
2845 1755 2911 1806 ab
2958 1754 3059 1808 ista
3091 1754 3209 1808 laedi
3261 1769 3367 1808 non
3399 1764 3601 1822 posset.

2035 1844 2176 1911 Quid
2238 1844 2460 1899 autem?
2516 1844 2598 1897 An
2641 1844 2988 1899 commodum
3037 1853 3143 1909 est,
3177 1861 3208 1897 ο
3255 1845 3598 1915 philosophe,

2037 1934 2324 1990 machinas
2346 1934 2736 1989 contemnere?
2755 1933 2859 1989 Sed
2886 1935 3318 1988 obfirmat.——An
3349 1937 3612 2004 prorsus?

2034 2024 2152 2079 Imo
2208 2025 2584 2090 contrarium,
2629 2025 2896 2098 siquidem
2957 2026 3060 2079 hoc
3107 2025 3266 2080 modo
3306 2025 3606 2081 fortissima

2037 2116 2330 2170 diruuntur
2377 2114 2738 2169 munimenta.
2784 2115 2876 2170 Sic
2926 2130 3025 2170 nos
3060 2115 3493 2184 disserebamus,
3551 2125 3606 2170 et

2036 2220 2242 2272 sermo,
2276 2214 2334 2260 ut
2363 2205 2445 2268 fit,
2476 2204 2705 2259 efﬂuxit.

2105 2445 2197 2501 81.
2225 2444 2332 2500 Sed
2365 2444 2582 2500 minora
2603 2446 2766 2500 etiam
2791 2459 2922 2500 saxa
2949 2446 3193 2515 projecta
3215 2447 3407 2503 urbem
3443 2447 3607 2503 laedeo

2033 2537 2187 2592 bant.
2247 2535 2384 2590 Nam
2441 2545 2594 2590 tanta
2653 2537 2982 2592 dexteritate
3033 2537 3492 2605 conjiciebantur,
3542 2549 3605 2595 ut

2033 2629 2194 2685 etiam
2223 2627 2388 2683 modii
2419 2627 2508 2696 qui
2535 2627 2742 2697 cymbis
2787 2628 2996 2697 alligati
3055 2629 3204 2684 intus
3235 2629 3384 2684 viros
3417 2632 3603 2686 conti-

2033 2729 2225 2778 nerent
2283 2731 2539 2777 assuetos
2604 2719 2990 2788 projeetilibus
3059 2720 3269 2774 hostem
3337 2722 3599 2790 aggredi,

2034 2827 2262 2881 scopum
2293 2824 2573 2879 nunquam
2609 2823 2717 2862 non
2752 2807 3086 2878 attingerent
3135 2815 3190 2861 et
3246 2809 3599 2868 adversarios

2033 2921 2142 2961 non
2183 2919 2376 2975 parum
2417 2902 2731 2972 fatigarent.
2757 2899 2862 2956 Sed
2910 2903 3024 2956 haec
3095 2914 3384 2970 puerorqu
3435 2905 3604 2961 anuis

2035 2999 2236 3054 similia
2290 3003 2420 3051 sunt
2471 3004 2790 3064 comparata
2853 2995 2919 3047 ad
2975 3007 3228 3062 magnam
3261 2994 3597 3061 machinam,

2036 3085 2192 3140 ducis
2236 3083 2399 3138 simul
2456 3083 2668 3136 ratione
2715 3081 2936 3148 habita,
2985 3083 3076 3152 qui
3125 3084 3344 3152 quando
3395 3084 3604 3154 lapides

2040 3191 2163 3231 cum
2222 3174 2438 3242 fragore
2498 3172 2810 3236 cadebant,
2862 3173 3121 3228 immotus
3162 3182 3219 3227 ut
3259 3182 3417 3239 erat,
3463 3175 3605 3229 Audi

2042 3280 2232 3330 anum,
2266 3263 2445 3330 dixit;
2481 3265 2618 3318 adeo
2643 3273 2838 3318 natura
2869 3264 3174 3334 intrepidus
3197 3280 3262 3318 ac
3294 3267 3608 3320 moderatus

2038 3357 2182 3412 enim
2218 3366 2353 3420 erat,
2389 3365 2447 3410 ut
2477 3355 2770 3419 nutricem,
2801 3355 2844 3408 si
2880 3355 2948 3410 de
2992 3370 3057 3409 eo
3086 3366 3407 3424 gravaretur
3431 3396 3446 3421 ,
3475 3364 3608 3410 stu-

2037 3448 2282 3518 piditatis
2313 3447 2705 3502 accusavisset.
2762 3445 3059 3501 Laconico
3098 3460 3278 3500 autem
3329 3447 3608 3515 respondit

2036 3537 2180 3608 quod
2233 3551 2373 3591 auus
2451 3536 2814 3591 restaurando
2875 3535 3214 3604 fatigaretur.
3276 3534 3376 3589 llic
3427 3549 3608 3588 sermo

2034 3626 2336 3697 Pythonem
2389 3627 2692 3694 redolebat,
2751 3627 2898 3682 sicut
2942 3627 3166 3695 antiqua
3208 3626 3608 3681 Thessalonica

2034 3718 2100 3770 ad
2148 3717 2291 3770 idola
2316 3716 2702 3771 defunctarum
2735 3715 2973 3781 accedit,
3015 3716 3159 3770 sicut
3206 3715 3410 3769 dudum
3434 3727 3498 3768 ex
3526 3712 3609 3764 hi-

2038 3809 2214 3863 storia
2243 3807 2560 3863 didicimus.
2595 3805 2830 3877 Lapides
2855 3816 3034 3861 autem
3067 3806 3166 3859 viri
3193 3805 3409 3874 pondus
3435 3803 3604 3856 habe-

2035 3902 2191 3963 bant,
2235 3903 2298 3954 iis
2321 3900 2554 3962 similes,
2591 3912 2728 3967 quas
2753 3896 3133 3966 Laestrygones
3167 3904 3358 3949 contra
3400 3891 3612 3960 Ulyssis

2037 3991 2221 4045 socios
2251 3989 2483 4056 iaculati
2512 3997 2663 4042 sunt.

365 4087 512 4138 εωλα
567 4086 857 4156 καμόντων
890 4083 1116 4152 οἴχεται,
1143 4082 1285 4135 καθά
1341 4085 1434 4136 καὶ
1480 4083 1648 4136 πάλαι
1696 4083 1846 4147 ποτὲ,
1884 4075 1981 4146 ὡς’
2009 4083 2069 4148 ἐξ
2103 4083 2337 4152 ἱστορίας
2398 4083 2630 4153 καθήκει
2685 4083 2778 4134 καὶ
2807 4082 2886 4145 είς
2942 4080 3108 4152 ἡμᾶς.
3155 4077 3266 4132 Καὶ
3291 4075 3428 4149 ἦσαν
3456 4080 3504 4132 oi
3529 4077 3611 4130 λί-

366 4181 456 4232 θοι
507 4178 750 4247 ἀκριϐῶς
784 4177 1126 4248 ἀνδραχθεῖς,
1183 4177 1402 4240 ὁποίους
1453 4177 1594 4231 κατά
1640 4178 1748 4230 τῶν
1778 4179 1925 4248 ἀμφὶ
1951 4179 2043 4233 τὸν
2085 4177 2348 4233 Ὀδυσσέα
2389 4178 2439 4229 oi
2478 4175 2879 4246 Λαιστρυγόνες
2904 4173 3308 4245 διεχειρίζοντο.

443 4317 554 4371 πϐ’.
584 4315 691 4369 Τοῦ
733 4319 916 4369 τοίνυν
960 4316 1130 4397 κρικοῦ
1169 4317 1319 4369 κάτω
1350 4317 1449 4385 μὲν
1499 4317 1932 4387 ἀναστομοῦντος

2109 4314 2200 4369 82.
2235 4313 2372 4368 Dum
2409 4313 2574 4384 igitur
2603 4327 2796 4367 murus
2825 4311 3052 4364 inferior
3079 4309 3185 4364 late
3205 4315 3425 4378 apertus
3456 4316 3607 4362 esset

367 4409 451 4470 είς
496 4408 776 4473 ἀξιόλογον
825 4407 1012 4475 χάσμα
1037 4407 1136 4477 τὴν
1173 4406 1266 4458 τοῦ
1292 4405 1506 4474 τείχους
1539 4408 1935 4476 στεγανότητα,

365 4501 489 4553 ἀνω
521 4499 580 4550 δὲ
611 4497 869 4560 τοιούτοις
900 4496 1068 4560 λίθοις
1109 4499 1190 4560 είς
1223 4497 1426 4566 τρόμον
1475 4497 1820 4568 βιαζομένου,
1847 4501 1941 4552 ὀκ-

365 4593 528 4654 λάζει
554 4589 614 4640 τὸ
655 4590 744 4641 καὶ
770 4591 893 4649 τοὺς
918 4588 1084 4651 πόδας
1113 4589 1204 4641 καὶ
1226 4588 1292 4641 τά
1321 4588 1556 4658 ὕπερθεν
1605 4588 1800 4644 παθόν.
1832 4589 1941 4643 Καί

369 4697 494 4742 πως
525 4681 618 4732 ἐπὶ
669 4678 796 4746 γόνυ
825 4678 1121 4742 συνιζάνει,
1165 4679 1234 4731 τά
1262 4696 1326 4747 γε
1373 4679 1563 4748 πρῶτα
1613 4680 1940 4750 εὐμηχάνως

373 4770 726 4834 συνεστηκὸς,
757 4771 862 4834 ἓως
895 4772 944 4822 οἱ
989 4772 1086 4840 μὲν
1120 4770 1511 4840 ὑπορύττοντες
1554 4771 1644 4826 τὸν
1687 4773 1808 4826 κατ’
1844 4774 1941 4826 αύ-

369 4863 498 4924 sab;
549 4864 742 4917 ἄεθλον
782 4863 1114 4932 διηνυκότες,
1160 4865 1612 4932 ἀποκατέστησαν
1654 4867 1774 4929 ταῖς
1831 4867 1940 4919 τῶν

375 4956 785 5029 συμϐαρϐάρων
856 4957 1082 5024 σκηναῖς
1113 4971 1128 4986 ·
1157 4955 1224 5006 τὰ
1267 4955 1323 5008 δὲ
1385 4955 1799 5026 ὑποϐεϐλημένα
1862 4960 1941 5021 είς

371 5057 607 5123 ἔρεισμα
661 5053 726 5120 τῇ
761 5050 990 5119 διορυγῇ
1018 5047 1290 5116 κατεκάη,
1342 5047 1416 5108 ὡς
1447 5047 1628 5100 δοῦναι
1660 5045 1823 5102 τόπον
1855 5050 1942 5102 ἐν·

369 5144 566 5197 τεῦθεν
587 5145 656 5213 τῇ
683 5138 990 5208 κατακύψει
1016 5137 1110 5191 τοῦ
1140 5138 1369 5206 τείχους.
1405 5131 1590 5207 Οὗπερ
1609 5136 1782 5200 οὕτως
1807 5138 1942 5191 ὑπο-

373 5233 652 5294 κλιθέντος
698 5232 781 5292 είς
837 5229 1203 5297 πλαγιασμὸν,
1281 5226 1576 5296 συμϐαίνει
1618 5227 1678 5280 τὸ
1726 5229 1938 5282 ἐκείνου

369 5329 540 5395 ἀκρον
571 5323 910 5393 διαιρεθῆναι
941 5320 1146 5375 ἀνωθεν
1182 5319 1286 5383 ἕως
1313 5323 1406 5373 καὶ
1442 5321 1615 5385 κάτω,
1660 5321 1789 5374 ἔνθα
1822 5340 1938 5385 πως

373 5415 738 5486 έγλωχινοῦτο
789 5414 1176 5484 γωνιούμενον,
1229 5414 1322 5466 καὶ
1373 5412 1645 5482 ὄιαχανεῖν
1687 5415 1770 5475 εἰς
1803 5414 1942 5483 ἡμέ-

369 5527 532 5579 τερον
575 5508 821 5579 ὀλεθρον.
861 5507 968 5560 Τοῦ
1015 5507 1124 5575 γὰρ
1173 5505 1482 5559 συνδετικοῦ
1535 5505 1941 5575 παραλυθέντος

373 5600 591 5674 είρμοῦ,
620 5600 841 5671 ἐσχιστο
869 5600 929 5665 ἐξ
985 5601 1252 5669 ἀνάγκης,
1287 5601 1369 5653 ὅτι
1421 5599 1556 5670 μηδὲ
1591 5597 1790 5672 εἷχενή
1819 5602 1940 5672 ἐχο-

2048 4413 2107 4461 υι
2156 4420 2378 4474 vorago,
2412 4402 2667 4472 superior
2697 4410 2879 4456 autem
2928 4399 3203 4469 lapidibus
3251 4397 3512 4467 proiectis
3541 4395 3608 4449 ad

2050 4498 2298 4552 timorem
2363 4495 2720 4565 injiciendum
2804 4493 3027 4556 hiaret,
3105 4491 3307 4544 malum
3373 4488 3611 4554 undique

2048 4591 2424 4662 grassabatur.
2453 4588 2730 4642 Interdum
2749 4594 2948 4653 .autem
2981 4585 3049 4638 ad
3085 4597 3261 4653 genua
3287 4581 3612 4649 procumbe-

2047 4685 2179 4739 bant
2214 4684 2341 4736 dum
2389 4681 2742 4736 sufl'odientes
2775 4687 2904 4747 post
2951 4677 3265 4732 exantlatos
3314 4674 3531 4728 labores
3577 4686 3606 4723 a

2050 4773 2299 4830 tentoriis
2355 4771 2719 4825 Barbarorum
2756 4775 3158 4834 recesserunt;
3223 4765 3366 4834 quod
3427 4772 3609 4816 autem

2050 4878 2238 4922 contra
2268 4863 2467 4916 vallum
2504 4863 2808 4932 projectum
2847 4860 3030 4914 fuerat
3062 4860 3115 4912 in
3150 4857 3296 4912 fossa
3339 4856 3449 4926 lgni
3473 4870 3608 4908 con-

2049 4966 2324 5026 sumptum
2365 4965 2468 5020 est,
2503 4965 2558 5007 ut
2593 4955 2735 5007 muri
2767 4953 3007 5022 spatium
3039 4951 3200 5004 inane
3228 4950 3611 5018 ampliaretur,

2052 5048 2142 5103 Sic
2163 5049 2426 5102 inclinato
2451 5061 2610 5100 muro
2648 5044 2888 5108 accidit,
2928 5055 2988 5097 ut
3027 5058 3164 5113 apex
3221 5056 3250 5094 a
3276 5054 3494 5094 summo
3541 5034 3610 5090 ad

2051 5141 2160 5195 ima
2194 5140 2557 5201 scinderetur,
2606 5137 2775 5190 itaut
2819 5135 3048 5205 angulus
3098 5135 3277 5188 factus
3330 5133 3404 5188 sit
3453 5127 3611 5183 nobis

2053 5245 2384 5301 magnopere
2440 5231 2761 5283 damnosus.
2810 5227 3105 5296 Postquam
3146 5227 3290 5280 enim
3321 5232 3610 5288 compages

2054 5326 2248 5379 solutae
2275 5332 2456 5378 essent
2487 5323 2730 5376 scissura
2751 5330 2938 5375 secuta
2970 5327 3074 5383 est,
3111 5321 3254 5387 quod
3282 5315 3423 5368 latus
3445 5310 3602 5364 alteri

2056 5417 2216 5472 lateri
2254 5416 2432 5483 aptari
2461 5430 2568 5470 non
2607 5423 2790 5484 posset
2829 5414 2882 5467 iu
2917 5412 3227 5482 oppositum
3269 5412 3442 5459 tracto
3471 5415 3609 5470 pon-

2052 5513 2204 5575 dere,
2245 5507 2341 5563 sed
2390 5509 2629 5562 relaxata
2696 5505 2878 5574 aliqua
2930 5505 3013 5559 sui
3061 5511 3246 5572 parte;
3304 5497 3484 5551 vicino
3524 5495 3610 5548 in-

2053 5605 2256 5660 clinato
2325 5602 2623 5681 adhaerere
2673 5599 2859 5666 desiit,
2922 5606 2977 5653 et
3039 5596 3119 5650 sic
3175 5606 3237 5646 os
3283 5588 3612 5644 immensum
