4012 6226
478 256 544 319 91
1193 248 1612 311 EUSTATIIII
1654 244 2405 307 THESSALONICENSIS
2439 243 2592 305 MET
2605 242 2996 306 ROPOLIT/E
3665 244 3737 308 92

481 367 701 422 Tartari
735 365 997 420 adversus
1046 375 1149 417 nos
1185 363 1238 415 in
1284 363 1455 416 chaos
1498 362 1730 414 miserim
1785 361 2052 414 dilatavit.

2184 360 2301 427 ιένη
2338 356 2549 425 πλευρὰ
2606 356 2978 425 ὲγκαθεστῶτι
3019 331 3316 423 ἡρμόσθλι,
3365 356 3465 424 τῆς
3507 358 3571 411 ὲκ
3601 359 3740 413 πλα-

480 465 615 533 γίων
641 459 971 530 ὑπενδούσης
1004 458 1144 512 κατὰ
1176 454 1342 525 βάρος
1375 469 1392 486 ο
1428 454 1544 508 ἀλλ’
1601 455 1935 524 ἐκπέμψασά
1955 476 2007 512 τι
2038 457 2260 527 ἑαυτῆς,
2289 454 2500 520 ἀφῆκεν
2529 450 2914 504 ἐπακολουθεῖν
2960 448 3355 523 κατακλιθείσῃ
3392 452 3459 520 τῇ
3496 455 3701 519 γείτονι
3722 457 3737 473 ⁸

483 555 576 607 καὶ
602 552 743 605 οὕτω
777 550 1046 621 χάσμημα
1098 546 1220 600 καθ’
1276 545 1435 616 ἡμῶν
1485 544 1614 615 ᾅδου
1662 546 1922 615 εὐρυνθὲν
1950 549 2298 602 κατέσπακεν
2339 545 2419 604 εἰς
2454 542 2585 613 χάος
2624 540 2941 610 ἀρτύγετον.

554 645 647 699 85.
683 644 774 697 Isti
825 651 1004 694 autem
1041 639 1157 692 loco
1180 651 1375 691 nomen
1401 635 2064 700 eratChatmedracontis,

2243 640 2356 695 πγ’.
2383 629 2491 685 Ἦν
2521 631 2576 684 δὲ
2604 631 2633 681 6
2661 631 2828 692 τόπος
2878 625 3032 692 οὗτος
3062 629 3270 699 πύργος
3316 628 3740 695 Χαμαιδρπὶκονο

490 738 579 792 (υἱ
605 732 948 789 custodiendi
970 730 1114 782 illum
1139 742 1260 781 cum
1289 725 1551 780 militibus
1565 726 1680 780 suis
1700 728 1940 782 strenuis
1973 743 2066 783 ne-

2184 742 2259 788 τος
2287 722 2603 791 ἐπικληθεὶς
2658 721 2737 789 τῷ
2770 721 2988 789 λαχόντι
3045 722 3360 775 ἐπιστατεῖν
3394 721 3491 775 σύν
3530 741 3594 790 γε
3629 729 3743 789 τοῖς

490 828 696 898 gotium
733 827 918 877 datum
953 823 1156 886 fuerat,
1198 832 1252 874 et
1284 820 1374 889 qui
1415 819 1571 871 nobis
1602 830 1819 888 quoque
1871 830 2060 889 postea

2184 814 2496 885 hptp'at'nbv
2531 815 2631 866 οὐκ
2675 813 2897 879 ἀεργοῖς
2945 815 3378 882 στρατιωτικοῖς,
3424 816 3584 886 ἀνδρὶ
3619 818 3743 870 τότε

486 920 563 973 rei
599 915 848 970 militaris
894 911 1090 981 peritia
1134 924 1229 963 sua
1263 909 1447 962 utilem
1489 923 1708 975 operam
1745 910 1884 962 tulit.
1918 909 2055 963 Cum

2184 910 2271 977 μὲν
2297 923 2569 975 τακτικῳ,
2602 905 2828 976 ὕστερον
2859 904 2952 958 καὶ
3002 909 3263 975 συμπόνῳ
3315 907 3450 976 ἡμῖν
3487 923 3500 936 ·
3535 908 3595 971 ὃς
3641 914 3745 980 μό.

487 1009 631 1064 enim
662 1006 808 1060 solus
837 1004 891 1055 in
917 1002 1052 1054 urbe
1082 1007 1364 1054 teneretur
1401 998 1518 1051 sive
1555 997 1768 1063 morbo,
1794 999 1908 1052 sive
1934 1015 2066 1068 pru-

2184 1019 2258 1065 ιος
2280 1000 2388 1053 τῶν
2420 998 2596 1052 ἄλλων
2621 996 2897 1066 ἐνσχεθεὶς
2925 998 2995 1065 τῇ
3030 995 3208 1057 πόλει,
3235 995 3296 1047 τὸ
3331 997 3432 1063 μὲν
3478 1000 3746 1069 φαινόμε-

491 1098 705 1161 tientia,
755 1105 939 1164 postea
981 1101 1159 1146 autem
1211 1089 1530 1152 commilito,
1592 1089 2068 1159 periculorumque

2184 1111 2262 1147 νον
2318 1090 2459 1145 κατὰ
2492 1089 2668 1150 νόσον,
2701 1089 2879 1149 ἄλλως
2928 1087 2984 1138 δὲ
3025 1086 3342 1157 προμηθείᾳ
3385 1090 3479 1141 καὶ
3514 1093 3750 1144 συναεθ-

492 1190 675 1244 socins
731 1195 959 1238 mortem
1011 1182 1365 1250 oppetiisset,
1424 1180 1525 1232 nisi
1576 1194 1675 1232 nos
1721 1178 1812 1235 Dei
1852 1183 2072 1252 sapien—

2184 1184 2350 1237 λεύων
2381 1184 2511 1252 ἡμῖν
2569 1181 2882 1251 παρήγορα,
2910 1177 3064 1247 θρὶξ,
3101 1179 3130 1231 ὃ
3180 1194 3366 1245 φασιν,
3433 1180 3535 1232 ἀνὰ
3582 1183 3753 1249 μέσον

495 1284 566 1334 tia
608 1286 885 1339 monente,
923 1286 1126 1329 remoto
1181 1272 1441 1341 periculo,
1493 1282 1706 1340 tempus
1759 1275 2071 1329 distulisse-

2184 1276 2276 1328 καὶ
2332 1273 2523 1326 ἒδλεπε
2561 1272 2811 1336 θάνατον,
2857 1271 2906 1323 εί
2941 1268 3110 1340 μὴτὸ
3161 1270 3261 1338 τῆς
3316 1272 3501 1339 τριχὸς
3543 1273 3754 1341 ταύτης

495 1387 637 1433 mus,
677 1384 784 1437 quo
819 1368 1087 1421 barbarus
1137 1365 1255 1432 ejus
1287 1364 1569 1417 emollitus
1602 1372 1685 1418 est
1720 1365 1954 1430 animus,
1998 1366 2071 1419 ita

2184 1366 2500 1436 γραμμικδν
2517 1360 2608 1416 οἷα
2628 1363 2722 1415 καὶ⁵
2757 1362 2837 1423 είς
2864 1378 2917 1413 τι
2948 1359 3127 1413 πλατὺ
3167 1360 3424 1412 ἐπίπεδον
3451 1364 3611 1431 ἡμεῖς
3636 1363 3757 1416 δια.

495 1475 553 1517 nt
612 1462 815 1515 homini
878 1468 1066 1512 nostro
1110 1458 1267 1520 vitm,
1315 1471 1422 1525 qua
1476 1455 1589 1523 jam
1648 1472 1791 1510 nunc
1846 1457 2068 1525 fruitur,

2184 1459 2505 1527 στήσαντες,
2539 1454 2615 1517 ὡς
2677 1450 3021 1522 μεθώδευσεν
3048 1450 3077 1502 6
3106 1450 3204 1519 τῆς
3254 1452 3445 1519 σοφίας
3472 1452 3626 1518 Θεὸς,
3660 1455 3760 1507 καὶ

496 1555 860 1623 sospitatores
902 1549 1191 1603 ίιιϐτὶηιυεσ
2179 1551 2615 1622 παρατείναντες
2647 1549 2862 1618 καιρὸν.
2899 1547 2966 1599 δι’
3014 1542 3075 1600 οὗ
3106 1549 3135 1599 6
3165 1547 3501 1616 βαρϐαρικὸς
3548 1549 3763 1618 ἐμαλά-

2178 1642 2282 1711 χθη
2309 1640 2501 1711 θυμὸς,
2538 1638 2965 1706 συνετελέσαμέν
2990 1654 3044 1689 τι
3072 1641 3165 1689 καὶ
3186 1638 3345 1691 αὐτοὶ
3374 1638 3451 1707 τῷ
3475 1638 3760 1709 ἀνθρώπῳ

2103 1705 2149 1764 Β
2179 1705 2357 1795 ἐξέτι
2383 1705 2579 1795 καλὸν,
2614 1727 2676 1804 ἧς
2713 1730 2839 1798 ἄρτι
2870 1705 3005 1800 ἔχει,
3035 1730 3204 1800 ζωῆς.

570 1849 662 1901 84.
708 1846 861 1898 Mnro
898 1846 1082 1913 itaque
1135 1844 1316 1897 diruto
1366 1846 1457 1897 ubi
1499 1844 1616 1897 dies
1650 1844 1827 1896 illuxit
1861 1852 1914 1898 et
1947 1844 2077 1897 illud

501 1939 749 1991 foramen
780 1936 1118 1990 Charoniunt
1155 1936 1340 1990 hostes
1370 1935 1657 2003 nostrique
1682 1934 1978 1998 vidisSent,
1997 1936 2077 1989 illi

500 2029 736 2081 ferarum
795 2044 946 2081 more
996 2028 1223 2082 hiabant
1267 2037 1458 2080 contra
1515 2040 1639 2090 nos,
1691 2026 1850 2081 nobis
1891 2035 2076 2080 autent

498 2120 686 2175 oculos
750 2120 1137 2175 claudentibus
1183 2120 1362 2174 omnis
1421 2133 1546 2188 spes
1597 2119 1903 2173 interierat.
1958 2117 2079 2173 Dux

498 2218 681 2265 autem
701 2220 858 2265 antea
883 2212 1076 2278 plenus
1098 2209 1297 2263 ﬁducia
1317 2216 1454 2269 erat,
1473 2208 1745 2275 iactitans
1765 2208 1909 2278 apud
1933 2208 2076 2262 haud

501 2306 743 2375 ignaros,
765 2302 910 2371 quod
945 2303 1115 2356 muris
1134 2302 1271 2354 nihil
1291 2301 1586 2366 accideret,
1608 2300 1721 2355 etsi
1755 2301 2076 2369 ceciderint,

499 2399 615 2463 ipse
644 2406 829 2450 tamen
874 2393 1099 2464 optimis
1148 2410 1180 2449 e
1228 2394 1403 2462 copiis
1452 2394 1651 2449 electis
1686 2394 1825 2447 viris
1860 2408 2078 2449 murum

502 2488 739 2556 ferreum
758 2488 994 2556 spondet
1008 2502 1067 2539 se
1087 2486 1497 2555 oppositurum,
1515 2485 1684 2540 armis
1703 2494 2076 2554 compactum,

504 2579 897 2648 custodemque
927 2580 1043 2632 tutu
1056 2593 1172 2631 rum
1197 2576 1408 2631 civitati
1432 2592 1530 2647 per
1550 2576 1911 2646 quadraginta
1932 2577 2078 2635 dies.

501 2670 785 2727 Postremo
840 2682 1021 2725 autem
1057 2671 1147 2725 hic
1189 2668 1356 2724 homo
1385 2668 1765 2738 iactabundus
1812 2670 2082 2725 sermoci-

502 2763 683 2816 naudo
711 2761 767 2816 in
793 2763 935 2816 muri
972 2761 1220 2817 scissura
1255 2761 1535 2830 jactantiat
1584 2761 1744 2814 linem
1781 2760 2082 2830 imposuit;

499 2856 617 2924 ipse
640 2863 821 2910 autem
849 2869 958 2909 non
986 2868 1217 2908 mancus
1252 2868 1312 2906 se
1337 2852 1464 2905 inde
1496 2851 1792 2921 proripuit.

566 3168 659 3223 85.
698 3166 870 3221 Simul
903 3179 970 3220 ac
1010 3165 1224 3219 hastam
1264 3164 1318 3218 in
1368 3156 1641 3219 nitentibus
1671 3164 1870 3221 dirutis
1922 3166 2077 3234 vidit,

496 3275 604 3330 quo
642 3258 784 3312 unus
805 3274 835 3312 e
859 3259 1043 3311 nautis
1071 3258 1420 3322 ascenderat,
1456 3273 1598 3327 quos
1634 3267 1691 3313 ut
1722 3259 1894 3315 fortes
1927 3267 1981 3313 et
2006 3259 2072 3314 ad

497 3350 767 3419 ejusmodi
821 3364 909 3404 res
964 3349 1179 3405 habiles
1230 3349 1488 3418 Siphanti
1564 3351 1723 3407 navis
1771 3351 2068 3407 advexerat

503 3448 522 3513 (
556 3444 859 3513 Siphantus
902 3440 1079 3511 pirata
1124 3456 1248 3495 cum
1290 3440 1492 3496 Siculis
1517 3440 1697 3495 {trdus
1728 3442 1950 3507 inierat,
1984 3443 2078 3512 qui

499 3548 599 3588 nos
633 3547 848 3603 quoque
894 3531 1129 3600 hospitio
1166 3532 1416 3600 excepit,
1453 3539 1511 3584 ut
1558 3546 1671 3585 rem
1706 3538 1865 3601 ptout
1915 3533 2080 3588 habet

503 3624 827 3688 referamus,
846 3624 901 3677 in
926 3636 1062 3676 nave
1091 3632 1147 3675 ut
1181 3621 1282 3676 hoc
1301 3637 1521 3693 quoque
1550 3623 1740 3692 paucis
1761 3622 2032 3693 dicamus)
2060 3641 2076 3689 ;

500 3717 646 3786 quod
684 3716 775 3770 ubi
826 3715 1065 3785 primum
1099 3713 1232 3769 vidit
1278 3712 1449 3768 David
1488 3714 1906 3778 tremebundus,
1942 3728 2077 3770 ecce

504 3808 799 3879 praemissis
820 3807 1081 3863 oblivioni
1101 3806 1243 3861 datis
1262 3805 1621 3876 quadraginta
1646 3806 1764 3861 dies
1786 3807 1852 3861 ad
1872 3806 2081 3876 aliquot

505 3905 666 3956 horas
692 3900 974 3955 reduxltet
993 3900 1218 3954 dorsum
1246 3897 1494 3953 hostibus
1521 3900 1739 3955 obtulit.
1756 3898 1889 3954 Cum
1918 3900 2082 3970 igitur

503 3996 704 4048 milites
728 4007 914 4047 coram
942 3991 1200 4045 omnibus
1226 3990 1703 4045 vociferarentur:
1732 4008 1751 4042 ι
1779 3990 2078 4058 Comnene,

502 4091 711 4137 stamen
732 4090 786 4136 et
805 4081 1100 4151 peditatus,
1134 4097 1153 4131 ι
1193 4080 1283 4133 ille
1316 4090 1498 4134 autem
1519 4095 1704 4135 vocem
1738 4083 2079 4139 terminalem

506 4175 838 4235 addidisset,
868 4170 1344 4239 καταϐαλίκευμα,
1395 4180 1449 4223 et
1480 4188 1494 4223 :
1539 4169 1693 4224 Sicut
1725 4187 1811 4227 me
1853 4176 2077 4238 videtis,

504 4263 771 4332 Pegasum
799 4262 1047 4315 invenire
1080 4260 1254 4329 cupiit
1282 4275 1520 4328 quocum
1565 4261 1620 4315 in
1651 4272 1869 4319 montes
1901 4277 1997 4319 aut
2023 4268 2077 4320 in

2252 1842 2355 1900 τπδ’.
2402 1845 2511 1897 Τοῦ
2565 1844 2744 1897 τοίνυν
2788 1844 3004 1912 τείχους
3062 1844 3272 1896 ἐκείνου
3331 1844 3620 1908 παθόντος,
3664 1845 3747 1909 ὡς

2180 1938 2405 2002 ἔπαθεν,
2436 1937 2668 2006 ἐπείπερ
2688 1937 2872 2007 ἡμέρα
2892 1936 3174 2004 διέφαυσε,
3204 1936 3296 1988 καὶ
3320 1932 3461 1989 εἶδον
3484 1937 3545 1988 τδ
3575 1939 3762 1990 ἐκεῖσε

2180 2029 2495 2100 Χαρώνειον
2522 2030 2710 2099 χάσμα
2735 2030 2788 2081 οῖ
2808 2047 2865 2082 τε
2890 2027 3097 2098 ἐχθροὶ,
3128 2030 3255 2082 οἵτε
3283 2030 3580 2099 ἡμεδαποὶ,
3612 2029 3765 2082 ἐκεῖ-

2182 2136 2265 2173 νοι
2298 2121 2398 2188 μὲν
2420 2122 2756 2187 συνέχασκον
2777 2116 3061 2187 θηριωδῶς
3083 2117 3177 2170 τοῦ
3205 2117 3400 2171 λοιποῦ
3433 2118 3553 2171 καθ’
3574 2118 3759 2188 ἡμῶν·

2180 2213 2317 2281 ἡμῖν
2347 2208 2403 2264 δὲ
2442 2210 2769 2281 συμμύσασι
2803 2208 3065 2279 ξύμπασα
3128 2209 3385 2280 ἐκλείσθη
3415 2210 3594 2273 ἐλπίς.
3646 2211 3765 2263 Καὶ

2181 2298 2251 2373 ἦν
2285 2302 2383 2369 μὲν
2418 2301 2489 2354 τὰ
2521 2301 2630 2370 πρὸ
2659 2300 2852 2353 τούτου
2879 2300 3082 2371 θρασὺς
3105 2302 3132 2353 6
3166 2301 3494 2371 στρατηγὸς,
3535 2302 3765 2371 κομπα-

2182 2393 2292 2457 ζων
2322 2393 2458 2464 πρὸς
2490 2394 2619 2457 τοὺς
2669 2388 2729 2446 εὖ
2787 2393 3019 2456 είίότας,
3048 2393 3109 2446 τὸ
3135 2392 3314 2463 τεῖχος
3346 2394 3447 2447 οὐκ
3472 2390 3536 2448 εὖ
3566 2396 3764 2447 πείσε-

2187 2484 2333 2548 σθαι,
2364 2482 2461 2548 ὡς,
2498 2487 2546 2536 st
2582 2484 2679 2537 ttat
2709 2486 3129 2547 καταπεσεῖται,
3176 2486 3325 2554 ὅμως
3350 2485 3512 2549 αὐτὸς
3538 2487 3766 2554 ἐπιλέγ-

2181 2576 2281 2642 δην
2312 2576 2506 2645 κρίνας
2530 2576 2658 2638 τοὺς
2690 2576 2950 2646 ἀρίστους
2993 2577 3091 2645 τῆς
3123 2580 3411 2646 στρατιᾶς,
3442 2580 3621 2648 τεῖχος
3682 2595 3768 2631 σι-

2183 2666 2379 2738 δήρεον
2413 2667 2756 2737 ἀντιστήσει,
2785 2666 2846 2719 τὸ
2876 2668 2942 2720 ἐκ
2976 2667 3089 2720 τῶν
3138 2668 3339 2732 ὅπλων,
3376 2670 3470 2720 καὶ
3525 2668 3631 2730 ἕως
3663 2670 3769 2720 καὶ

2185 2758 2268 2820 είς
2295 2757 2711 2829 τεσσαράκοντα
2743 2759 2957 2828 ἡμέρας
2989 2756 3165 2827 φύλαξ
3192 2758 3348 2813 ἔσται
3391 2759 3494 2829 τῆς
3523 2759 3766 2821 πόλεως.

2186 2851 2324 2904 Τότε
2348 2850 2406 2903 δὲ
2438 2853 2466 2904 6
2500 2850 2666 2920 μέχρι
2694 2850 2855 2918 λόγου
2890 2850 3100 2920 Θρασὺς
3135 2851 3393 2921 ῥηξήνωρ
3423 2853 3489 2921 τῇ
3526 2850 3624 2903 τοῦ
3644 2850 3769 2903 τεί-

2186 2960 2316 3012 χους
2347 2942 2502 3014 ῥήξει
2528 2942 2760 3012 διεκόπη
2800 2943 2910 2997 τῶν
2938 2943 3276 3013 αὐχημάτων
3300 2959 3317 2977 ⁸
3348 2944 3438 2996 καὶ
3465 2943 3540 3014 μὴ
3581 2944 3769 3013 μένων

2111 3050 2157 3108 c
2188 3040 2217 3091 6
2247 3038 2433 3102 αὐτὸς,
2459 3038 2697 3107 ἔμπαλιν
2725 3037 3029 3103 ἐξένευσεν.

2253 3174 2360 3231 πε’.
2390 3177 2542 3247 Ἀμα
2582 3175 2691 3247 γὰρ
2721 3177 2852 3247 δόρυ
2881 3177 3153 3246 ἐσκέψατο
3184 3178 3480 3247 πολεμικὸν
3530 3180 3627 3233 ἐπὶ
3663 3179 3765 3235 τοῦ

2187 3270 2468 3341 ῥήγματος
2489 3270 3009 3341 ἀναρριχησαμένου
3037 3270 3146 3325 τῶν
3179 3288 3326 3335 τινος
3350 3271 3641 3340 πλωῖμων,
3664 3272 3764 3337 οὓς

2182 3360 2470 3431 ἀνδρικοὺς
2520 3361 2589 3415 τὰ
2621 3361 2853 3415 τοιαῦτα
2890 3364 2987 3416 καὶ
3038 3363 3247 3427 δεξιοὺς
3270 3365 3304 3433 ἡ
3331 3363 3427 3417 τοῦ
3483 3365 3765 3433 Σιφάντου

2182 3452 2315 3514 ναῦς
2342 3452 2576 3516 ὲπλὼῖζε
2609 3454 2900 3525 (πειρατὴς
2926 3453 2985 3505 δὲ
3028 3455 3057 3506 6
3083 3454 3370 3521 Σιφάντος,
3402 3452 3546 3506 ἑκὼν
3582 3471 3764 3523 προσ-

2181 3545 2442 3613 χωρήσας
2470 3547 2585 3608 τοῖς
2616 3543 2856 3605 Σικελοῖς
2883 3544 3026 3597 κατά
3047 3562 3168 3598 τινα
3194 3546 3406 3616 ῥήτρην
3436 3543 3535 3615 τὴν
3563 3545 3764 3598 συνδό·

2183 3632 2337 3698 ξασιν
2360 3648 2374 3665 ο
2404 3632 2462 3697 6;
2483 3634 2578 3687 xui.
2603 3635 2750 3705 ἡμᾶς
2780 3634 2916 3686 ἐλὼν
2953 3634 3185 3699 ἐξένισε,
3210 3636 3404 3705 ῥητέον
3425 3634 3532 3703 γὰρ
3557 3634 3762 3703 οὕτως,

2182 3729 2276 3779 ἐπὶ
2307 3726 2443 3788 νεὼς
2494 3727 2594 3796 τῆς
2645 3728 2770 3779 κατ’
2799 3727 2986 3790 αὐτὸν,
3019 3727 3093 3789 ὠς
3146 3726 3242 3778 καὶ⁹
3304 3724 3765 3790 ὑποκαταεάντες

2182 3821 2325 3891 λόγῳ
2380 3819 2554 3891 βραχὺ
2618 3820 3136 3891 παραστησόμεθα),
3209 3819 3330 3890 ἅμα
3389 3818 3521 3887 γοῦν
3582 3819 3764 3883 οὕτως

2182 3907 2324 3964 εἶδεν
2360 3914 2387 3963 6
2410 3911 2615 3982 τρέσας
2662 3911 2845 3972 Δαυῖδ,
2894 3912 2983 3965 καὶ
3014 3913 3132 3983 ἅμα
3179 3910 3412 3964 κατόπιν
3439 3911 3618 3981 βαλὼν
3655 3915 3763 3976 τὰς

2184 4002 2448 4071 ἁνδρικὰς
2483 4004 2831 4073 ὑποσχέσεις,
2854 4004 2949 4057 καὶ
2976 4005 3074 4067 τὰς
3102 4004 3516 4074 τεσσαράκοντα
3542 4005 3764 4074 ἡμέρας

2182 4096 2263 4157 είς
2293 4095 2414 4147 οὐδὲ
2460 4095 2657 4148 λεπτὸν
2694 4094 2980 4157 συστείλας
3009 4094 3181 4164 ὥρας,
3220 4095 3387 4160 ἔδειξε
3442 4098 3766 4166 μετάφρενα

2182 4184 2296 4243 τοῖς
2355 4181 2593 4252 ἐχθροῖς.
2655 4185 2766 4235 Καὶ
2814 4184 2926 4236 τῶν
2967 4185 3378 4255 στρατιωτικῶν
3432 4185 3767 4252 φωνούντων

2180 4273 2605 4342 λεωφορουμένῃ
2637 4272 2737 4342 βοῇ
2793 4274 2854 4326 τό
2883 4290 2899 4304 ⁸
2936 4293 2955 4325 ι
2991 4276 3263 4344 Κομνηνὲ,
3298 4277 3485 4344 στὰμα
3521 4277 3616 4329 καὶ
3662 4279 3769 4331 πέ-

507 4353 686 4407 nndas
731 4353 902 4407 maris
929 4352 1145 4406 altisoni
1196 4351 1414 4406 avolare
1446 4353 1762 4421 petuisset;
1803 4365 2078 4423 postremo

2186 4367 2363 4434 ζευμα
2386 4379 2402 4395 '
2432 4367 2460 4418 6
2493 4364 2538 4417 δ’
2566 4365 2933 4420 ὲπιτελεύτιον
2959 4364 3072 4421 οἷον
3104 4367 3409 4436 ἁντιμύξας
3445 4372 3506 4422 τό
3526 4387 3542 4402 ο
3578 4388 3598 4420 ι
3636 4371 3768 4425 Ka-

507 4446 655 4499 mulo
702 4461 805 4500 suo
844 4445 937 4515 qui
973 4459 1097 4499 eum
1138 4453 1246 4497 tum
1287 4445 1562 4515 portabat,
1601 4456 1899 4501 contentus
1952 4449 2075 4503 fuit.

503 4539 750 4608 Antugiit
772 4539 940 4609 igitur
964 4538 1125 4593 modo
1145 4548 1311 4592 antea
1335 4540 1617 4605 inusitato,
1635 4538 1909 4594 delicatus
1931 4542 2076 4604 visu,

506 4640 655 4686 veste
669 4634 811 4686 bona
833 4630 1088 4696 amictus,
1109 4645 1274 4683 manu
1313 4638 1594 4692 strenuus,
1613 4637 2081 4702 ut'gymnasiasta,

441 4793 448 4802 _
505 4725 774 4795 sanguine
796 4739 905 4780 non
940 4725 1249 4780 maculatus
1274 4723 1421 4778 sicut
1451 4726 1596 4779 aries
1627 4732 1858 4780 caeteros
1889 4741 2085 4781 omnes

508 4816 870 4885 pedissequos
910 4814 1173 4870 habebat.
1199 4814 1258 4867 ln
1296 4815 1397 4868 hac
1429 4815 1779 4870 multitudine
1801 4825 1958 4871 erant
1979 4816 2083 4871 viri

507 4910 869 4977 magnanimi,
909 4912 1002 4979 qui
1025 4910 1148 4963 duci
1200 4908 1471 4977 ignaviam
1520 4908 2019 4976 exprobraverant,
2050 4925 2082 4965 e

505 5002 706 5073 quibus
744 5001 833 5055 alii
857 5018 981 5056 cum
1011 5003 1171 5056 beato
1220 5001 1430 5055 honore
1458 5000 1800 5067 ceciderunt,
1832 5002 1927 5056 alii
1960 5010 2084 5070 post

508 5094 770 5165 praeclare
816 5091 961 5147 facta
1002 5094 1217 5148 hastam
1282 5093 1535 5147 hostilem
1587 5093 1763 5148 secuti
1810 5102 1962 5148 sunt.
1993 5077 2080 5146 “In

506 5185 779 5259 principio
836 5195 1016 5240 autetn
1071 5184 1295 5239 Barbari
1363 5185 1727 5239 ascendentes
1803 5184 2081 5240 deturbati

508 5286 637 5334 sunt
666 5293 695 5330 a
722 5274 936 5331 civibus
968 5277 1173 5328 nostris
1220 5290 1326 5329 non
1368 5275 1655 5329 militibus.
1692 5272 1760 5328 iii
1785 5274 1932 5329 enim
1978 5291 2080 5345 pro

513 5370 730 5425 viribus
781 5367 1108 5423 restiterunt
1153 5369 1327 5421 donec
1356 5365 1719 5422 circumventi
1769 5368 2079 5438 periculum

509 5458 773 5526 tiderent,
820 5472 933 5512 non
972 5458 1251 5526 perterriti
1300 5456 1498 5525 panico
1559 5456 1784 5512 Davidis
1847 5458 2071 5524 timore;

508 5545 603 5600 sed
635 5549 699 5601 de
734 5548 1113 5604 internecione
1160 5547 1479 5614 cogitabant
1521 5562 1708 5601 eorum
1759 5548 1849 5616 qui
1882 5564 2080 5602 excur-

510 5637 761 5692 sionibus
805 5642 917 5695 suis
974 5647 1182 5695 tantum
1232 5638 1355 5693 mali
1420 5639 1554 5709 ipSts
1613 5638 1930 5694 intulerant.
1974 5639 2075 5706 Qui

2187 4456 2524 4525 δαλίκευμα,
2563 4474 2582 4506 ι
2614 4457 2706 4509 καὶ
2727 4456 2788 4511 τό
2815 4474 2830 4488 “
2868 4477 2885 4510 ι
2915 4458 3074 4513 Καθά
3103 4476 3169 4529 με
3227 4459 3478 4529 βλέπετε,
3518 4479 3537 4511 ι
3569 4462 3769 4516 ἐπόθει

2187 4548 2286 4617 μὲν
2320 4548 2452 4609 ἴσως
2490 4550 2829 4617 παρατυχεῖν
2860 4565 2965 4601 που
2999 4549 3092 4602 τοῦ
3147 4551 3447 4619 τηνικαῦτα
3499 4552 3769 4623 Πήγασόν

2180 4652 2326 4701 τινα,
2380 4635 2446 4688 δι’
2471 4630 2534 4687 οὗ
2586 4636 2920 4705 πτερύξεται
2957 4639 3037 4699 είς
3066 4640 3216 4709 δρος,
3263 4640 3376 4692 εἴθε
3424 4640 3455 4709 ῆ
3485 4643 3566 4702 εἰς
3600 4640 3768 4711 κῦμα

2182 4726 2609 4796 πελυφλοίσόοιο
2629 4727 2928 4801 θαλάσσης.
2967 4731 3239 4802 Ἦρκέσθη
3272 4732 3328 4784 δὲ
3350 4732 3497 4802 ὅμως
3528 4734 3594 4803 τῇ
3623 4734 3767 4807 φίλῃ

2181 4817 2416 4886 ἡμιόνῳ,
2445 4817 2479 4886 ἢ
2510 4817 2602 4871 καὶ
2625 4818 2747 4871 τότε
2778 4821 2967 4889 φέρειν
2997 4820 3161 4874 αὑτὸν
3194 4820 3374 4890 ἔλαχε.
3414 4822 3523 4874 Καὶ
3575 4841 3769 4893 παρα·

2180 4905 2554 4977 δειγματικῶς
2609 4910 2960 4978 προφεύγων,
3016 4912 3288 4982 τρυφερὸς
3345 4913 3495 4977 ἰδεῖν,
3556 4914 3769 4984 εὓυφος

2181 4998 2283 5066 τὴν
2308 4999 2600 5067 ἀναϐολὴν.
2628 5002 2892 5070 ἄτριπτος
2921 5003 3107 5068 ὅπλοις
3136 5005 3235 5067 τὰς
3269 5010 3482 5077 χεῖρας,
3539 5023 3769 5076 γυμναο

2184 5090 2285 5159 σίῳ
2317 5090 2564 5158 πρέπων,
2596 5093 2859 5162 ἀμίαντος
2904 5095 3120 5163 αἵματι.
3166 5092 3312 5166 εἶχεν
3344 5099 3479 5151 ὡσεὶ
3516 5101 3611 5152 καὶ
3641 5102 3769 5154 κτί-

2183 5180 2272 5242 λος
2325 5182 2701 5250 ὲφεπομένους
2749 5186 2875 5248 τοὺς
2933 5186 3180 5250 ἅπαντας
3235 5190 3386 5257 παρά
3440 5207 3494 5242 τι
3551 5191 3766 5259 ὀλίγον.

2182 5268 2366 5323 Ἷίσαν
2383 5272 2492 5341 γὰρ
2523 5274 2579 5325 ὲν
2601 5272 2842 5344 τοσούτῳ
2875 5274 3071 5346 πλήθει
3094 5279 3189 5331 καὶ
3206 5280 3518 5348 μεγάθυμοι
3541 5280 3765 5351 ἄνδρες,

2181 5363 2233 5416 οἳ
2270 5365 2365 5416 καὶ
2419 5364 2839 5429 ἀντισταθέντες
2867 5368 2926 5420 ὲν
2964 5367 3041 5436 τῷ
3097 5370 3187 5421 τὸν
3244 5375 3555 5441 στρατηγὸν
3588 5374 3769 5427 ἄνετα

2181 5453 2400 5508 διώκειν
2432 5457 2629 5511 ἑαυτὸν
2666 5460 2742 5522 εἱς
2766 5459 2967 5530 φυγὴν,
2996 5462 3044 5514 οἱ
3076 5461 3176 5531 μὲν
3228 5462 3426 5518 ἔπεσον
3463 5465 3766 5535 μακαρίως

2185 5549 2279 5598 καὶ
2314 5548 2577 5615 εὐγενῶς,
2605 5551 2655 5602 οἱ
2683 5551 2741 5604 δὲ
2766 5555 2990 5619 γενναῖα
3023 5552 3328 5621 δράσαντες
3366 5554 3762 5622 ὲνδεδώκασιν,

2183 5641 2320 5691 ὅπου
2350 5657 2414 5708 γε
2451 5643 2543 5695 καὶ
2571 5643 2629 5697 τδ
2653 5644 2947 5714 πολεμικὸν
2980 5648 3156 5702 ὲκεῖνο
3180 5649 3330 5718 δόρυ.
3356 5649 3468 5703 Καὶ
3500 5641 3767 5702 οῖ’συνα-
