4012 6226
298 278 374 341 93
1130 276 1230 335 DE
1266 272 1835 337 THESSALONICA
1872 274 2079 336 URBE
2119 275 2166 335 Α
2196 273 2507 337 LATINIS
2549 278 2804 341 CAPTA.
3494 290 3563 354 94

295 388 569 450 ναδάντες
622 387 721 458 τὴν
749 388 925 459 ἀρχὴν
982 388 1249 460 βάρϐαροι
1302 392 1728 463 κατεσείσθησαν
1777 394 1885 447 ὑπό

1990 407 2091 448 eos
2113 392 2197 451 sic
2210 395 2734 466 circumveniebant,
2752 413 2863 454 non
2881 410 3040 457 erant
3062 416 3127 457 ex
3153 403 3239 462 bis
3260 407 3354 475 qui
3378 419 3561 477 partes

298 498 470 534 τινων
517 479 814 549 ἡμετέρων
872 479 1129 548 πολιτῶν,
1184 481 1380 536 οῦκουν
1412 500 1474 551 γε
1509 485 1881 550 στρατιωτῶν.

296 571 369 623 Οἱ
397 570 467 640 δὴ
501 568 722 623 πολῖται
750 569 852 622 καὶ
882 570 1025 622 κατὰ
1075 571 1279 642 κράτος
1333 570 1615 643 ἀντέσχον,
1650 573 1753 636 ἕως
1793 590 1888 628 κυ-

299 663 618 726 κλωθέντες
674 656 820 716 εἶδον
873 662 1119 716 κίνδυνον
1153 676 1168 691 ·
1205 663 1266 718 οὐ
1316 663 1615 734 πτυρέντες
1668 664 1882 728 δείματι

297 756 525 824 πανικῷ
556 755 636 826 τῷ
678 754 781 808 τοῦ
831 753 1017 820 Δαυῒδ,
1068 752 1206 807 ἀλλὰ
1242 758 1587 825 μεμνημένοι
1621 754 1882 824 βλάπτειν

293 851 409 903 ἔσω
439 848 682 919 μάλιστα
714 848 950 914 πόλεως,
977 845 1073 910 οὓς
1115 847 1210 899 καὶ
1249 844 1408 907 ἐκτὸς
1440 844 1721 916 ὥρμαινον
1747 848 1885 901 σίνε-

295 939 455 1006 σθαι,
503 940 665 1009 εἴπερ
695 939 946 1008 ἀφίεντο.
987 939 1054 990 Ὃ
1111 936 1171 989 δὲ
1218 936 1673 1007 ὲτροχαλώθησαν
1730 932 1880 991 οῦτοι

1993 489 2308 556 superiores
2323 502 2751 561 occupaverant,
2772 493 2865 548 sed
2890 509 2956 550 ex
2977 495 3228 552 barbaris
3250 500 3344 569 qui
3365 517 3561 557 accur-

1990 588 2178 635 rerant
2198 596 2267 635 ex
2297 585 2474 651 portis
2508 585 2894 654 orientalibus,
2923 603 3061 658 quas
3094 606 3256 646 mane
3284 594 3393 646 dux
3428 595 3561 649 reli-

1989 678 2178 737 querat
2206 671 2461 728 hostibus
2482 684 2704 745 apertas
2733 679 2890 746 quasi
2913 680 3216 751 ingressum
3252 681 3559 740 faciliorem

1989 759 2241 823 daturus,
2268 777 2392 817 cum
2424 762 2679 834 fugiendo
2700 769 3163 832 commendasset,
3183 770 3277 840 qui
3310 773 3559 829 comitari

1989 851 2281 920 abnuebat,
2319 864 2378 909 ut
2420 856 2474 910 in
2535 872 2716 913 arcem
2750 859 2984 927 lugeret,
3027 862 3214 917 sinens
3243 873 3428 934 portas
3458 902 3474 927 ,
3499 874 3560 917 ut

1987 942 2289 998 reddantur
2325 948 2492 1002 verba
2519 949 2714 1018 ipsius,
2750 950 3100 1019 inﬂammari,
3142 954 3284 1008 sicut
3335 954 3560 1011 tradunt

298 1031 597 1099 κύκλωμα,
632 1032 734 1085 οὐκ
763 1031 828 1084 ὲκ
867 1028 976 1082 τῶν
1002 1027 1209 1082 ἄνωθεν
1234 1022 1324 1098 ἦν,
1352 1027 1493 1081 ἀλλὰ
1521 1030 1631 1081 τῶν
1658 1029 1879 1099 εἰσδρα-

1990 1035 2080 1102 qui
2108 1037 2426 1092 audierunt.

297 1125 521 1193 μόντων
549 1124 845 1194 βαρϐάρων
872 1124 939 1174 ὲκ
968 1120 1079 1173 τῶν
1107 1117 1261 1189 ἑῴων
1302 1120 1490 1174 πυλῶν
1516 1133 1531 1150 ⁸
1565 1120 1632 1182 ἃς
1680 1123 1707 1173 ὁ
1739 1124 2043 1190 στρατηγὸς
2101 1128 2454 1199 ἀνεῳγμένας
2507 1132 2675 1187 ἕωθεν
2723 1138 2836 1199 τοῖς
2874 1136 3088 1207 ἐχθροῖς
3140 1138 3432 1209 ἐχαρίσατο
3479 1141 3560 1204 εἰς

301 1217 666 1282 παρείσδυσιν
718 1215 964 1278 ἄπονον,
1014 1213 1240 1267 ἐπειδὰν
1302 1212 1637 1283 ἐγχειρήσας
1708 1215 1901 1281 φυγεῖν
1967 1218 2239 1290 ἐπέτρεψε
2320 1224 2399 1294 τῷ
2450 1228 2940 1281 κατεπανανεύηντι
2993 1233 3423 1300 συναναφεύγειν
3478 1236 3559 1297 εἰς

299 1311 404 1377 τὴν
455 1309 785 1379 ἀκρόπολιν,
846 1307 1089 1361 ἐάσαντα
1115 1308 1214 1371 τὰς
1264 1305 1462 1370 πύλας.
1505 1306 1669 1360 αὑτὸν
1702 1305 1770 1377 δὴ
1800 1307 1893 1359 τὸν
1930 1309 2139 1366 ἐκείνου
2200 1316 2590 1388 φάναιελόγον,
2664 1324 2977 1390 πυρέσσειν,
3040 1323 3116 1387 ὡς
3162 1326 3218 1378 οἳ.
3266 1306 3597 1397 ἀκηκοότες,

295 1407 673 1461 διδάσκουσιν.

371 1540 500 1607 πς’.
536 1540 697 1594 Οὕτω
731 1536 796 1608 δὴ
826 1535 921 1590 οῦν
951 1536 1045 1589 τοῦ
1091 1535 1391 1607 πολεμικοῦ
1423 1536 1645 1609 δόρατος
1675 1538 1887 1604 ἀναφα-

300 1637 498 1695 νέντος
526 1632 620 1684 ἐπὶ
664 1629 758 1683 τοῦ
783 1629 1022 1698 τείχους,
1049 1629 1150 1698 ἤδη
1186 1628 1524 1697 ἐψιλωμένου
1558 1629 1664 1681 τῶν
1690 1627 1890 1697 ἡμετέ-

2064 1540 2153 1594 86.
2177 1539 2312 1595 Cum
2340 1542 2415 1596 ita
2442 1544 2661 1598 hostilia
2703 1561 2853 1599 arma
2887 1547 3002 1601 visa
3028 1546 3260 1604 fuissent
3289 1552 3344 1604 ia
3376 1568 3555 1621 muro,

1987 1628 2102 1697 jam
2157 1632 2359 1685 nostris
2409 1631 2617 1686 nudato
2650 1634 2925 1703 (orientali
2988 1651 3117 1689 vero
3163 1639 3329 1706 dico;
3367 1657 3554 1697 murus

303 1745 428 1795 ρων
466 1725 647 1791 (λέγω
669 1722 731 1792 δὴ
767 1721 862 1773 τοῦ
893 1719 1053 1791 ἑῴου·
1080 1719 1142 1771 τὸ
1171 1720 1277 1789 γὰρ
1311 1719 1572 1788 δυσμικὶιν
1599 1721 1661 1773 οὐ
1707 1718 1885 1772 τοιού-

1990 1720 2136 1771 cnim
2190 1720 2546 1779 occidentalis
2594 1739 2703 1777 non
2743 1725 3053 1794 bujusmodi
3091 1728 3324 1783 habebat
3369 1731 3559 1787 delen-

297 1835 437 1880 τους
452 1812 571 1886 εἶχε
591 1815 922 1885 προμάχους
937 1811 1072 1865 ἀλλὰ
1092 1811 1196 1864 τῶν
1212 1826 1358 1873 τινες
1376 1813 1597 1865 ἐκείνων
1614 1815 1882 1882 ἀντεῖχον,

295 1909 375 1972 ὡς
404 1908 511 1960 οὐκ
561 1905 630 1959 ἃν
671 1907 757 1976 εἴη
802 1903 1226 1974 ἀνδρικώτερον
1269 1898 1346 1958 ὦν
1395 1906 1453 1955 ὲν
1500 1908 1611 1966 τοῖς
1647 1905 1886 1973 μάλιστα

301 1997 509 2053 Αέωνό
542 1996 846 2060 Κουταλᾶς,
890 1996 987 2046 xui.
1035 1992 1247 2064 φρενῶν
1282 1994 1377 2046 καὶ
1421 1993 1612 2062 ῥώμης
1651 1993 1746 2048 καὶ
1785 1997 1883 2048 ἀν·

302 2089 459 2158 δρέας
484 2088 706 2158 πλήρης
739 2086 904 2154 ἀνήρ’
931 2083 991 2146 ὃς
1011 2083 1117 2147 ἓως
1146 2084 1242 2137 καὶ
1265 2102 1329 2137 πε
1341 2083 1393 2154 pi.
1417 2083 1730 2154 πλήθουσαν
1759 2089 1888 2152 ἁγο-

308 2182 431 2249 ρὰν,
459 2178 564 2246 τῆς
583 2176 794 2238 πόλεως
821 2176 924 2244 ήδη
965 2175 1418 2244 μεμεστωμένης,
1452 2168 1525 2227 ὦν
1561 2174 1663 2226 οὐκ
1695 2175 1885 2243 ἠθέλο-

312 2288 437 2341 μεν,
467 2269 751 2333 ἀντιστὰς,
788 2263 911 2321 εἶτα
941 2266 1079 2337 πρὸς
1131 2264 1345 2326 οῦδενδς
1376 2265 1516 2335 ἔχων
1543 2266 1883 2335 ἐπικουρίαν,

262 2368 277 2380 ⁸
307 2363 617 2431 καθυφῆκε,
649 2360 748 2415 καὶ
775 2358 1016 2428 εὐτυχῶς
1042 2358 1351 2428 γυμνωθεὶς
1374 2359 1662 2429 ἐκέρδανεν
1692 2359 1886 2411 ἑαυτὶν

306 2453 573 2517 εὐκλεῶς,
621 2452 748 2505 τότε
796 2451 897 2522 μὲν
938 2447 1112 2503 πολλὰ
1154 2449 1527 2518 κεκλαυμένος
1569 2449 1659 2519 ὑφ’
1705 2447 1885 2519 ἡμῶν,

303 2545 434 2612 ἄρτι
450 2544 508 2597 δέ
534 2546 593 2597 ὲν
612 2545 729 2606 τοῖς
750 2542 859 2595 τῶν
881 2540 1288 2609 ἐπαινουμένων
1309 2538 1545 2610 πρώτοις
1562 2541 1888 2611 ταττόμενος

304 2638 462 2710 παρά
490 2653 559 2706 γε
601 2637 761 2706 ἡμῖν,
801 2634 963 2705 οἵπερ
1012 2633 1237 2702 οἴδαμεν
1252 2639 1273 2703 )
1300 2664 1367 2673 -
1391 2632 1484 2685 τοῦ
1516 2632 1696 2686 τοίνυν
1726 2630 1884 2700 ὑψοῦ,

302 2734 381 2796 ὡς
427 2730 660 2803 ιρρέθη,
710 2727 970 2797 φανέντος
1006 2726 1245 2795 (δόρατος
1290 2725 1503 2779 ἐκείνου
1548 2726 1614 2795 τῇ
1667 2722 1888 2795 συνήθει

310 2823 643 2895 μετακλίσει
674 2819 771 2873 καὶ
811 2816 1140 2885 κατακύψει,
1177 2816 1252 2879 ὡς
1281 2818 1330 2869 sl
1367 2816 1461 2870 καί
1488 2832 1594 2868 τινι
1625 2812 1890 2868 κατανεύ-

306 2933 392 2969 σει
427 2912 678 2983 κεφαλῆς
716 2910 752 2981 ἦ
784 2911 879 2964 καλ⁵
926 2909 1106 2980 χειρὸς
1138 2907 1367 2977 νεύματι
1412 2903 1888 2976 μετακαλουμένου

303 3011 437 3071 τοὺς
508 3006 641 3070 ἔξω,
687 3002 861 3075 βραχύ
908 3019 962 3055 τι
1003 3000 1152 3073 ὥρας
1193 3002 1357 3070 μέσον
1395 2995 1484 3071 ἦν,
1528 3000 1617 3053 καὶ
1658 3001 1691 3069 ἡ
1735 2997 1889 3061 πόλις
1916 3034 1959 3090 c

306 3100 533 3167 πλήρης
566 3092 637 3167 ἦν
673 3094 785 3148 τῶν
825 3094 1126 3165 πολεμίων,
1177 3092 1535 3163 περιάγοντος
1577 3090 1888 3159 Αὐγούστου

305 3190 585 3259 τετάρτην
601 3186 698 3241 καὶ
721 3185 973 3255 εἰκοστὴν
1006 3185 1243 3255 ἡμέραν,
1265 3182 1448 3250 ὲξότου
1481 3183 1670 3252 ἐνέστη
1701 3181 1891 3250 πρῶτα

308 3281 424 3350 μὲν
451 3278 561 3333 τῶν
591 3276 685 3331 τοῦ
708 3274 989 3344 ναυτικοῦ,
1016 3269 1134 3328 εἶτα
1158 3272 1303 3328 κατὰ
1343 3272 1636 3343 συνάφειαν
1672 3271 1766 3323 καὶ
1794 3268 1890 3323 τοῦ

306 3391 326 3425 ι
338 3387 569 3425 ππικου.

386 3504 498 3570 κζ’.
536 3505 648 3558 Καὶ
689 3499 758 3574 ἦν
791 3501 922 3556 ἰδεῖν
945 3501 1043 3572 τὴν
1082 3500 1298 3571 ἡμέραν
1323 3497 1446 3551 τότε
1498 3497 1598 3551 οὐκ
1624 3495 1702 3550 ἔθ’
1750 3496 1891 3568 ἠμέ-

311 3615 442 3667 ραν,
469 3595 611 3649 ἀλλὰ
630 3592 788 3647 νυκτὶ
821 3594 1084 3655 ἐοικυῖαν,
1105 3591 1202 3644 καὶ
1230 3586 1342 3644 οἷον
1369 3588 1774 3659 παθαινομένην
1796 3587 1892 3642 καὶ

310 3685 844 3759 σκυθρωπάζουσαν,
871 3684 958 3753 ἐφ’
988 3677 1066 3747 οἷς
1095 3684 1262 3754 ἑώρα.
1309 3681 1542 3753 Ὀμιχλη
1574 3680 1682 3751 γὰρ
1722 3680 1891 3752 αὐτὴν

308 3783 514 3852 βαθεῖα
541 3779 814 3847 ιπάχυνεν
841 3775 975 3829 ώσεὶ
1008 3776 1104 3828 καὶ
1133 3776 1198 3827 ικ
1230 3772 1534 3845 κονιορτοῦ,
1562 3772 1621 3825 δν
1647 3773 1680 3843 ἢ
1710 3772 1892 3840 τυφὼς

305 3875 460 3941 αἴρει
484 3872 521 3942 ἢ
554 3870 713 3933 πόδες
734 3868 909 3934 ζώων,
930 3868 1072 3937 ἅπερ
1092 3864 1324 3936 ἀριθμὸς
1348 3866 1536 3935 μετρεῖ
1553 3863 1890 3933 ἁπειροπλη-

308 3966 437 4032 θὴς
467 3963 547 4024 ὡς
584 3955 729 4012 εἶναι
759 3958 956 4018 εἰπεῖν,
1006 3956 1185 4009 ὀκνεῖν
1220 3953 1459 4024 λάμπειν
1484 3954 1575 4007 τὸν
1609 3952 1781 4022 ἣλιον,
1809 3946 1892 4013 οἷς

306 4054 371 4106 αἱ
401 4050 515 4103 τῶν
538 4047 723 4103 ὃπλων
746 4044 1127 4116 ὑπερηύγαςον
1164 4042 1327 4095 αὑτὸν
1355 4041 1759 4111 λαμπρότητες·
1791 4055 1894 4093 πα-

310 4142 565 4215 ρῳδῆσαι
588 4138 649 4191 δὲ
679 4138 776 4191 καὶ
817 4138 881 4190 ὲκ
919 4135 1153 4201 παλαιᾶς
1192 4133 1419 4202 Μούσης
1465 4149 1485 4183 ι
1522 4129 1893 4185 ὀκτωκαίδεκα

312 4232 423 4298 μὲν
465 4226 635 4280 πλέεν
684 4226 871 4295 ᾕματα
929 4222 1332 4295 ποντοπορεῦον
1374 4239 1395 4273 ι
1449 4219 1509 4273 τὺ
1546 4220 1645 4289 τῆς
1684 4218 1892 4281 πόλεως

310 4324 553 4391 σκάφος,
592 4341 613 4373 ι
637 4320 1094 4387 ἐννεακαιδεκάτῃ
1118 4317 1163 4371 δ’
1184 4318 1356 4387 ἐφάνη
1381 4313 1548 4385 οὔρεα
1563 4314 1834 4376 σκιόεντα,
1864 4330 1885 4365 ι

310 4417 384 4469 δι’
415 4409 491 4468 ὧν
520 4417 546 4466 ό
574 4413 677 4482 τῆς
712 4412 858 4480 ζωῆς
885 4412 1022 4481 ἡμῖν
1048 4410 1200 4480 ἥλιος
1229 4405 1728 4476 ἀποτειχιζόμενος,
1759 4404 1891 4473 ἐμέ-

310 4506 468 4559 lat-1e
514 4506 676 4557 σκιὰν
710 4500 1158 4570 ἐπικαλύψουσαν
1201 4499 1351 4569 ἡμᾶς
1384 4496 1701 4566 ψαλμικῶς.
1744 4488 1890 4550 Οίδὲ

310 4596 448 4666 χθὲς
491 4594 589 4647 καὶ
635 4593 828 4663 πρώην
874 4589 1206 4660 ἀλαλαγμοὶ,
1250 4588 1348 4641 καὶ
1391 4588 1448 4640 αἱ
1482 4586 1626 4640 κατὰ
1655 4585 1892 4653 πόλεμον

314 4690 463 4758 poni,
502 4686 597 4739 καὶ
626 4688 653 4738 ὀ
694 4682 942 4738 ἐντεῦθεν
988 4681 1148 4754 θροῦς
1175 4679 1351 4734 οὐκέτ’
1380 4674 1540 4747 ἦσαν·
1584 4676 1700 4730 ἀλλ’
1739 4678 1891 4731 ἅντι-

314 4778 637 4847 στρέψαντα
672 4775 735 4829 τὸ
768 4773 1067 4844 ψαλμικδν,
1093 4772 1195 4826 οὐκ
1227 4767 1297 4842 ἦν
1329 4769 1652 4837 ἀλαλαγμὸς
1692 4768 1750 4821 ἐν
1778 4772 1892 4832 τοῖς

310 4871 349 4937 1'3
359 4867 483 4935 μῶν
520 4865 804 4936 πλήθεσιν.
839 4860 990 4927 Εἶδες
1017 4863 1064 4916 δ’
1094 4864 1161 4915 ἃν
1206 4862 1298 4915 καὶ
1337 4861 1538 4929 ὀρνέων
1577 4858 1890 4928 πετομένων

310 4960 481 5011 κενὸν
508 4958 602 5011 τὸν
632 4959 792 5024 ἀέρα,
818 4957 923 5011 οὐκ
953 4953 1050 5011 οἷδ’
1085 4956 1194 5008 εἴτε
1219 4951 1309 5006 διὰ
1341 4952 1400 5004 τὸ
1440 4951 1535 5003 τοῦ
1566 4951 1725 5019 ἀέρος
1762 4966 1890 5001 στυ-

310 5049 472 5115 γνὸν,
497 5048 609 5100 εἴτε
634 5049 731 5101 καί
754 5048 835 5100 ὅτι
862 5044 1091 5115 φρικτὸν
1115 5038 1184 5114 ἦν
1207 5042 1304 5095 καὶ
1330 5039 1559 5102 ἐκεινοις
1580 5039 1642 5092 τὸ
1664 5039 1895 5108 πρᾶγμα

321 5142 570 5211 ’Βμέραι
605 5139 739 5207 γοῦν
778 5138 984 5201 ἱκαναὶ,
1027 5138 1124 5189 καὶ
1164 5134 1406 5204 οὐδαμοῦ
1450 5132 1577 5185 οὔτε
1622 5129 1892 5200 στρουθοὶ,

305 5231 444 5284 οὗτε
473 5231 708 5293 πέλειαι,
737 5227 860 5281 οὔτε
895 5228 1150 5295 κόρακες,
1181 5222 1231 5277 οἳ
1254 5228 1319 5294 τῇ
1371 5223 1493 5277 καθ’
1519 5223 1668 5292 ἡμᾶς
1700 5218 1893 5290 πρώην

304 5323 723 5390 ὲπεχωρξαζον,
756 5319 881 5373 οὔτε
920 5319 1078 5380 ἀλλος
1113 5334 1196 5379 τις
1227 5317 1373 5385 ὅρνις
1403 5316 1494 5368 τὸν
1534 5314 1672 5384 ἀέρα
1712 5312 1891 5380 διενή-

303 5430 499 5485 χοντο,
520 5412 636 5465 αλλ’
658 5411 1089 5479 ὲκτετοπισμένα
1109 5411 1364 5477 ἐνέμοντο
1384 5410 1476 5460 καὶ
1501 5408 1629 5476 ἡμῖν
1649 5405 1883 5473 ἄφαντα.

320 5504 496 5559 Ἀλλὰ
524 5504 686 5557 τοῦτο
708 5504 805 5572 μὲν
830 5506 925 5556 καὶ
961 5500 1099 5567 μετὰ
1122 5500 1220 5569 τὴν
1246 5498 1446 5552 ἅλωσιν
1463 5498 1548 5565 ἐφ’
1573 5496 1772 5560 ἱκανὸν,
1800 5490 1888 5546 οἷα

306 5593 415 5649 τοῦ
447 5597 605 5658 δέους
650 5598 745 5647 καὶ
784 5598 894 5657 τοῖς
930 5594 1148 5659 ἀλόγοις
1179 5590 1608 5659 παραμένοντος.
1655 5587 1889 5657 Ἡμέραι

305 5694 425 5767 γὰρ
454 5692 682 5761 ὕστερον
717 5689 925 5757 συχναὶ,
962 5690 1054 5740 καὶ
1085 5687 1141 5739 αἱ
1171 5682 1269 5752 μὲν
1298 5681 1527 5750 ἅμιροδοι
1559 5680 1655 5748 τῆς
1684 5680 1885 5740 πόλεως

1987 1824 2174 1873 seres;
2224 1812 2319 1865 sed
2365 1813 2590 1881 quidam
2637 1826 2692 1869 et
2729 1816 2834 1870 illis
2869 1819 3222 1884 resistebant,
3270 1832 3329 1874 ut
3359 1822 3556 1879 fortius

1990 1918 2095 1955 non
2120 1914 2372 1972 possent;
2395 1905 2539 1959 inter
2564 1922 2702 1976 quos
2726 1909 2996 1977 imprimis
3021 1922 3137 1965 erat
3168 1910 3278 1969 Leo
3314 1915 3556 1983 Cutalas,

1990 1994 2072 2046 vir
2105 1993 2355 2063 spiritus,
2385 1994 2721 2053 fortitudinis
2754 2009 2809 2053 et
2833 2000 3003 2055 animi
3034 2002 3262 2069 plenus;
3291 2006 3386 2074 qui
3414 2017 3559 2075 post-

1987 2098 2151 2153 quam
2182 2087 2474 2142 restitisset
2499 2103 2667 2157 usque
2693 2089 2762 2143 ad
2788 2089 2966 2145 forum
2998 2092 3156 2148 turba
3188 2096 3430 2163 plenmn,
3440 2098 3551 2166 jam

1992 2170 2127 2226 urbe
2150 2172 2500 2229 redundante
2528 2176 2616 2232 bis
2642 2193 2782 2247 quos
2810 2178 3266 2250 abliorrebsmus,
3295 2186 3494 2242 deinde
3524 2201 3556 2241 a

1988 2263 2141 2317 nullo
2172 2265 2434 2320 auxilium
2466 2267 2761 2336 recipiens,
2788 2271 2954 2325 cessit
2987 2270 3244 2343 felicique
3271 2278 3357 2331 sui
3384 2279 3557 2346 ipsius

1988 2352 2300 2410 desertione
2323 2358 2561 2424 seipsum
2585 2359 2821 2427 gloriose
2866 2360 3136 2417 lucrifecit
3155 2380 3171 2429 ;
3191 2372 3321 2419 tunc
3335 2368 3554 2436 quidem

1992 2444 2222 2499 multum
2258 2460 2289 2500 a
2320 2447 2482 2502 nobis
2509 2448 2759 2516 deﬂetus,
2791 2452 2938 2505 nunc
2978 2466 3110 2507 vero
3148 2454 3289 2508 inter
3334 2471 3431 2512 eos
3463 2459 3558 2527 qui

1990 2532 2153 2588 laude
2196 2534 2505 2604 dignissimi
2549 2549 2678 2592 sunt
2722 2540 2944 2596 habitus
2988 2556 3018 2593 a
3069 2542 3261 2609 nobis,
3290 2548 3383 2615 qui
3431 2563 3557 2603 eum

1992 2625 2296 2695 novimus),
2346 2628 2515 2682 armis
2562 2629 2752 2698 igitur,
2796 2640 2859 2686 ut
2915 2633 3121 2687 dictum
3177 2646 3282 2701 est,
3330 2638 3464 2693 visis
3500 2638 3555 2694 in

1993 2714 2269 2785 superiori
2296 2726 2453 2787 parte
2473 2718 2632 2786 juxta
2666 2728 2945 2775 assuetam
2986 2723 3360 2779 invitationem
3392 2737 3559 2796 atque

1993 2807 2414 2879 inspectionem,
2444 2810 2603 2880 quasi
2655 2810 2837 2880 capite
2879 2813 2964 2868 vel
3004 2828 3170 2869 manu
3197 2831 3260 2869 eo
3286 2817 3378 2884 qui
3413 2826 3562 2872 exte-

1993 2897 2110 2955 rius
2159 2899 2510 2966 invitassem,
2548 2900 2635 2955 vix
2680 2912 2804 2971 post
2844 2902 3124 2959 dimidiam
3178 2905 3390 2972 horam,
3426 2907 3561 2962 civi-

1994 2999 2079 3045 tas
2143 2988 2396 3047 bostibus
2452 2999 2572 3048 erat
2615 2993 2842 3063 repleta,
2892 2994 2985 3049 die
3046 2995 3300 3051 vicesima
3361 3009 3557 3067 quarta

1990 3081 2250 3152 Augusti,
2280 3097 2346 3138 ex
2394 3097 2528 3152 quo,
2556 3085 2793 3155 primum
2827 3085 3024 3142 classis
3053 3089 3330 3159 apparuit,
3362 3088 3560 3147 deinde

1993 3173 2274 3243 equitatus
2302 3175 2395 3244 qui
2437 3174 2518 3229 illi
2554 3189 2614 3231 se
2647 3174 2998 3246 adjuuxerat.

2060 3483 2153 3539 87.
2172 3482 2372 3538 Videre
2399 3492 2518 3538 erat
2544 3482 2686 3538 diem
2719 3484 2813 3554 qui
2845 3486 3092 3543 nondum
3129 3498 3247 3545 erat
3276 3491 3396 3549 dies
3418 3534 3435 3559 ,
3464 3494 3562 3551 sed

1994 3577 2139 3631 nocti
2189 3574 2424 3641 similis,
2481 3575 2638 3646 quasi
2690 3575 3036 3647 indignanter
3087 3580 3295 3638 doleret
3360 3600 3427 3640 cx
3475 3588 3562 3642 liis

1993 3684 2117 3739 qua:
2143 3668 2385 3724 videbat.
2412 3666 2599 3721 Turbo
2637 3668 2784 3722 enim
2816 3683 3040 3726 crassus
3100 3686 3225 3727 eum
3257 3676 3563 3732 condensa-

1994 3763 2088 3816 bat
2138 3761 2297 3832 quasi
2347 3775 2410 3813 ex
2465 3759 2690 3828 pulvere
2743 3775 2909 3829 quem
2960 3762 3046 3817 vel
3103 3766 3311 3833 typbon
3361 3768 3565 3822 excitat

1993 3853 2077 3907 vel
2143 3853 2308 3921 pedes
2357 3852 2770 3918 jumentorum,
2822 3865 2944 3918 qua:
3012 3853 3303 3907 innumera
3364 3867 3560 3924 erant;

1995 3942 2069 3996 ita
2110 3955 2170 3995 ut
2224 3939 2504 3994 arbitreris
2551 3938 2720 3992 solem
2788 3938 2969 3995 lucere
3006 3939 3256 3997 dubitare
3308 3959 3375 3999 eo
3414 3951 3558 4016 quod

1994 4031 2312 4103 splendores
2374 4044 2649 4084 armorum
2709 4028 2862 4084 illum
2925 4030 3235 4087 vincerent.
3289 4032 3558 4105 Exemplo

1994 4123 2163 4179 Musae
2222 4121 2420 4178 veteris
2473 4121 2762 4177 dicendum
2806 4131 2953 4195 esset
3002 4141 3022 4175 ι
3084 4122 3271 4180 decem
3321 4135 3376 4181 et
3438 4141 3562 4184 octo

1993 4213 2215 4285 quidem
2274 4211 2391 4268 dies
2458 4211 2699 4265 civitatis
2754 4211 2908 4267 navis
2975 4227 3127 4267 mare
3188 4217 3564 4286 trajecit;de-

1994 4307 2137 4361 eimo
2195 4316 2342 4359 nono
2408 4294 2538 4357 vero
2590 4312 2799 4357 montes
2838 4303 3082 4358 umbrosi
3136 4317 3504 4376 apparuerunt
3534 4328 3557 4364 ι

1918 4378 2195 4470 unibus
2253 4394 2336 4450 sol
2385 4394 2509 4449 vit'e
2585 4402 2786 4449 nostra:
2841 4396 3288 4455 circumvallatus
3360 4402 3565 4458 obscu-

1999 4489 2140 4544 ravit
2203 4486 2454 4541 umbram
2529 4498 2650 4554 quae
2716 4484 2925 4539 obtexit
2990 4501 3114 4555 nos,
3155 4498 3215 4542 ut
3269 4491 3347 4545 ait
3408 4491 3565 4549 Psal-

2000 4580 2181 4634 mista.
2213 4575 2332 4632 Jam
2368 4592 2477 4631 non
2516 4575 2880 4631 audiebantur
2908 4577 3177 4633 clamores
3196 4579 3402 4650 gaudii,
3436 4584 3560 4641 belli

1998 4667 2447 4729 vociferationes,
2497 4665 2697 4721 deinde
2728 4667 3100 4722 multitudinis
3134 4674 3393 4739 strepitus
3436 4690 3559 4744 qua:

2001 4768 2119 4823 heri
2142 4775 2196 4821 et
2227 4759 2624 4815 nudiustertius
2659 4765 3049 4825 resonuerant;
3072 4761 3168 4815 sed
3205 4761 3260 4816 in
3293 4763 3399 4817 alia
3427 4778 3562 4821 can~

1997 4854 2106 4905 tica
2155 4856 2362 4902 mutata
2403 4859 2512 4899 non
2557 4850 2715 4897 erant
2744 4842 2928 4912 gaudii
2959 4844 3229 4899 clamores
3258 4845 3315 4898 in
3349 4850 3554 4916 p0pulo

1993 4952 2202 4999 nostro.
2232 4937 2351 4991 Non
2384 4936 2609 4991 videbas
2644 4933 2807 4989 etiam
2868 4948 2998 4989 aves
3035 4934 3091 4988 in
3126 4951 3250 4991 aere
3279 4942 3556 5007 volantes,

1991 5032 2201 5092 nescio,
2232 5038 2415 5083 utrum
2444 5026 2516 5081 ob
2545 5024 2918 5080 difﬁcultatem
2951 5025 3118 5091 aeris,
3152 5041 3220 5081 an
3259 5043 3349 5082 res
3375 5030 3555 5084 bon-3..

1988 5125 2115 5180 bilis
2135 5123 2303 5176 etiam
2333 5118 2443 5173 illis
2471 5115 2668 5181 fuerit;
2695 5115 2831 5168 satis
2858 5115 3015 5169 multi
3046 5114 3267 5171 luerunt
3293 5119 3410 5172 dies
3430 5118 3558 5187 quia

1992 5217 2097 5271 bus
2146 5226 2251 5267 nec
2305 5221 2581 5280 passeres,
2630 5220 2733 5260 nec
2767 5205 3058 5271 columbze,
3099 5221 3203 5261 nec
3233 5208 3382 5261 corvi
3432 5206 3549 5274 jam

1995 5308 2138 5380 apud
2172 5322 2272 5361 nos
2299 5302 2641 5364 habitabant,
2669 5314 2773 5354 nec
2829 5299 2935 5353 alia
2984 5301 3100 5354 avis
3131 5313 3256 5354 aera
3311 5313 3551 5367 permea~

1994 5402 2108 5461 bat.
2142 5398 2237 5454 sed
2267 5398 2402 5450 alias
2435 5394 2792 5449 versabantur
2826 5392 3089 5461 nobisque
3130 5388 3448 5445 invisibiles.
3483 5389 3554 5443 At

1990 5489 2517 5549 terriculamentum,
2567 5484 2711 5554 quod
2770 5485 2991 5538 solitum
3066 5491 3149 5536 cst
3199 5478 3554 5547 animalibus,

1995 5584 2130 5636 satis
2205 5582 2300 5635 diu
2380 5587 2503 5648 post
2562 5576 3016 5646 expugnationem
3074 5572 3215 5637 apud
3270 5585 3373 5627 nos
3423 5586 3550 5641 pero

1996 5675 2215 5731 titansil.
2289 5670 2441 5726 Multi
2489 5673 2628 5726 cnim
2706 5667 2903 5724 deinde
2971 5665 3188 5719 fuerim!
3253 5664 3372 5722 dics
3428 5665 3557 5735 qui-
