4036 6224
417 248 489 309 95
1163 236 1580 302 EUSTATHII
1610 228 2019 294 THESSALOI

2123 227 2364 289 IENSIS
2400 226 2959 288 METROPOLITE
3603 226 3673 287 96

424 363 528 415 bus
557 358 674 412 loca
707 354 885 409 vicina
921 352 1165 408 civitatis
1201 349 1382 404 omnis
1427 348 1646 419 generis
1685 343 1994 401 seminibus

2123 342 2235 410 πλη
2252 343 2346 394 θον
2371 342 2653 411 σπορίμων
2683 341 3066 405 παντοδαπῶν,
3087 331 3164 402 οἷς
3188 339 3467 408 χαίρουσιν
3496 340 3546 392 οί
3566 340 3678 392 τῶν

420 450 647 519 impleta
677 455 855 510 erant,
885 445 1090 515 quibus
1130 443 1470 497 delectantur
1509 439 1758 505 quaedam
1784 452 1846 491 ex
1879 434 1994 488 avio

425 542 530 595 bus
586 539 882 609 (barbarus
933 536 1146 592 scilicet
1196 547 1306 587 non
1354 531 1473 585 sine
1500 530 1690 598 rapina
1717 537 1772 580 et
1815 533 2000 580 vasta-

427 631 578 684 tione
601 631 757 695 vivit)
781 646 796 694 ;
824 642 925 681 nec
972 638 1212 694 unquam
1243 620 1530 677 descendit
1554 618 1813 674 volucris.
1845 613 2002 680 Quod

430 737 562 776 vero
595 736 716 777 esse
747 718 1053 772 mirabilius
1079 724 1232 785 puto,
1257 715 1310 768 id
1337 722 1442 778 est,
1465 711 1612 782 quod
1633 711 1816 780 pluvia
1837 707 2002 762 vehe-

436 820 646 863 menter
706 809 880 877 lapsa,
930 821 994 859 ex
1045 804 1154 858 illis
1211 803 1620 871 dissipaverunt
1662 799 1870 863 hostes,
1904 796 2006 850 tol-

426 903 603 956 lentes
633 899 878 966 quidem,
915 897 1046 950 huic
1069 909 1198 949 vero
1221 894 1452 963 pulchro
1477 889 1758 945 territorio
1789 885 2003 942 semina

432 1008 542 1046 non
586 988 1034 1051 committentes;
1068 1002 1132 1040 ex
1181 983 1472 1038 frumentis
1511 981 1639 1035 item
1671 977 2004 1033 abundantia

435 1090 491 1134 et
525 1078 902 1148 magnitudine
951 1075 1292 1144 insignibus,
1326 1072 1536 1126 nullum
1565 1068 1766 1122 animal
1797 1065 2005 1135 aliquid

435 1171 696 1239 gustavit,
736 1169 832 1222 sed
879 1167 1190 1236 eligendum
1235 1164 1312 1218 illi
1353 1170 1472 1218 erat
1504 1160 1728 1230 pulvere
1767 1165 1861 1212 aut
1897 1157 2002 1210 ali-

436 1277 546 1330 quo
600 1263 845 1331 germine
882 1257 1052 1321 vesci,
1094 1255 1180 1310 vel
1212 1255 1377 1307 variis
1412 1251 1613 1322 plantis
1646 1249 1845 1318 quibus
1869 1246 2008 1300 vici-

434 1352 661 1403 nitatem
709 1348 1245 1409 contaminaverunt,
1300 1358 1396 1397 seu
1453 1338 1629 1409 quod,
1695 1339 1856 1407 juxta
1910 1349 2007 1390 eos

433 1443 525 1508 qui
559 1439 895 1502 habitabant,
924 1447 984 1491 ut
1005 1436 1144 1490 fama
1171 1442 1276 1498 est,
1306 1448 1430 1486 cum
1464 1433 1689 1499 antiquo
1728 1427 2006 1491 Diomede,

433 1530 708 1583 Barbaros
735 1536 789 1580 et
809 1527 909 1594 ipsi
925 1526 1174 1588 oderant,
1201 1528 1388 1589 utpote
1425 1520 1533 1573 illis
1560 1533 1668 1572 non
1693 1515 2010 1572 assuefacti.

504 1622 595 1675 88.
650 1619 772 1673 Haec
816 1627 1001 1672 autem
1060 1624 1116 1670 et
1175 1615 1282 1667 alia
1341 1611 1660 1680 bujusmodi
1719 1624 1829 1664 non
1880 1614 2013 1662 sunt

2103 435 2332 502 ὀρνίθων
2375 435 2760 504 σπερμοφάγοι
2810 434 2892 501 (τὸ
2945 433 3215 502 βάρϐαρον
3257 431 3365 500 γὰρ
3394 432 3494 483 οὐκ
3534 433 3676 486 ἀνίει

2108 527 2354 594 ἀρπάζον
2370 526 2464 578 καὶ
2480 525 2854 593 κατακενοῦν)·
2873 526 3019 595 ὅρνις
3037 524 3091 576 δέ
3108 523 3273 574 ποθεν
3289 524 3347 574 οὐ
3367 525 3675 578 κατέϐαινε.

2107 619 2310 671 Τούτου
2362 617 2444 695 δέ,
2491 613 2669 686 οἴμαι,
2719 619 3030 684 καινότερον
3061 618 3240 668 ἐκεῖνο
3294 612 3382 685 ἦν,
3417 617 3500 668 ὅτι
3549 633 3677 684 περ,

2106 709 2266 762 ὑετοῦ
2294 710 2755 780 καταρραγέντος,
2783 711 2881 761 καὶ
2912 706 2972 771 ἐξ
3016 703 3090 763 ὧν
3121 708 3172 760 οι
3211 708 3396 778 ἐχθροὶ
3421 708 3682 778 ἐσκόρπι-

2108 799 2221 864 ζον,
2263 799 2528 869 ἀροῦντες
2578 799 2700 866 μὲν,
2737 797 2930 850 οὔκουν
2975 799 3290 868 σπείροντες
3331 800 3388 852 δὲ
3421 799 3482 851 τδ
3507 799 3678 852 καλὸν

2105 891 2229 944 ὅλον
2272 891 2428 956 ἂστυ,
2478 891 2646 959 ληῒων
2686 889 2872 960 ὥσπερ
2921 890 3271 956 ἀναφυέντων
3311 891 3540 959 συχνῶν,
3586 891 3682 943 καὶ

2108 986 2187 1046 είς
2223 987 2395 1054 μῆκος
2422 983 2850 1044 ἐπιδεδωκότων,
2875 983 3027 1036 οὐδὲν
3059 982 3200 1046 ζῶον
3228 983 3514 1051 ποηφάγον
3539 983 3684 1034 ἐκεῖ-

2109 1074 2200 1127 θεν
2234 1073 2490 1144 ἐκέρδανέ
2516 1091 2590 1137 τι,
2623 1074 2740 1126 ἀλλ’
2769 1068 2913 1143 εἶχεν
2959 1075 3190 1144 αἰρεσιν,
3222 1075 3421 1135 κόνεως
3452 1076 3687 1143 ἐρέπτε-

2111 1165 2258 1231 σθαι,
2281 1167 2426 1236 ἢπερ
2457 1168 2519 1216 ἐκ
2542 1166 2651 1218 τῶν
2673 1164 3122 1235 βεϐλαστηκότων
3143 1168 3356 1233 φαγεῖν·
3379 1166 3454 1227 ὡς
3500 1165 3534 1233 ἦ
3579 1183 3684 1217 πε-

2110 1257 2548 1326 φαρμαγμένων,
2575 1253 2658 1320 οἷς
2699 1257 2758 1309 τὸ
2787 1257 3044 1327 περιέχον
3086 1259 3368 1326 μεμίαντο,
3416 1256 3451 1326 ἢ
3478 1257 3575 1310 καὶ
3599 1257 3685 1310 ὅτι

2110 1348 2252 1401 κατὰ
2273 1349 2398 1412 τοὺς
2430 1347 2832 1418 ᾠκειωμένους,
2860 1349 2936 1411 ὡς
2965 1347 3143 1416 λόγος,
3179 1347 3255 1417 τῷ
3285 1347 3450 1402 πάλαι
3481 1349 3687 1416 Διομή-

2110 1439 2188 1491 δει
2221 1439 2540 1505 συνεμίσουν
2580 1439 2640 1490 τδ
2673 1437 2952 1509 βάρϐαρον
2991 1440 3087 1493 καὶ
3115 1438 3293 1505 αὐτοὶ,
3326 1433 3413 1490 οἶα
3454 1438 3531 1507 μὴ
3561 1439 3691 1491 ἐθά-

2112 1529 2200 1592 δες
2222 1528 2469 1582 ἐκείνων.

2187 1616 2300 1686 πη’.
2339 1618 2448 1670 Καὶ
2477 1616 2721 1671 τοιοῦτον
2769 1617 2871 1685 μὲν
2903 1617 3204 1683 καὶτοῦτο,
3234 1617 3584 1687 παραῤῥιφὲν
3623 1619 3686 1668 οὐ

436 1711 730 1781 rt-jicienda
774 1721 830 1763 ut
875 1705 1153 1776 superflua
1183 1720 1246 1760 ex
1286 1702 1544 1757 historia.
1575 1700 1783 1754 Civitas
1823 1700 2010 1768 igitur,

2123 1708 2383 1778 περιττῶς
2413 1710 2492 1770 είς
2525 1708 2876 1778 συγγραφήν.
2921 1706 2984 1758 Ἦ
3013 1707 3070 1759 δέ
3113 1707 3285 1768 πόλις,
3316 1707 3687 1775 είσπηδησάν-
3713 1769 3723 1778 ἱ

437 1800 755 1854 conculcata
787 1799 867 1852 sic
891 1798 960 1850 ab
987 1795 1343 1858 adversariis,
1375 1803 1536 1862 passa
1568 1798 1652 1844 est
1679 1803 1840 1844 omne
1869 1785 2012 1855 quod

437 1892 666 1947 inhaeret
699 1889 863 1943 bello.
909 1885 1093 1942 Nostri
1137 1892 1344 1948 autem,
1378 1897 1491 1935 non
1534 1895 1697 1943 unus,
1728 1888 1822 1933 aut
1849 1879 2014 1941 alter,

439 1985 536 2037 sed
583 1997 793 2045 omnes,
830 1993 939 2034 non
983 1975 1452 2046 retrospicientes,
1484 1972 1764 2044 fugerunt,
1794 1985 1854 2026 se
1880 1969 2016 2026 sub-

440 2075 690 2130 ducendo
745 2071 897 2125 brevi
941 2083 1197 2130 numero,
1250 2076 1310 2120 ut
1356 2065 1626 2130 diximus,
1681 2062 1828 2116 inter
1874 2074 2015 2129 quos

442 2167 652 2228 Buleas,
673 2177 814 2216 unus
843 2176 910 2216 ex
931 2158 1123 2213 ordine
1144 2156 1546 2218 ecclesiastico,
1573 2153 1690 2222 qui,
1721 2165 1889 2221 prope
1914 2151 2016 2204 tri-

442 2255 588 2324 ginta
617 2251 798 2306 sccuri
817 2249 1047 2313 necatis,
1082 2247 1205 2301 aliis
1232 2259 1364 2300 vero
1394 2243 1501 2297 alio
1521 2242 1688 2297 modo
1713 2242 1824 2294 vita
1855 2239 2018 2293 orba-

445 2350 537 2410 tis,
569 2358 765 2413 magno
795 2342 1037 2395 hostium
1071 2348 1268 2393 conatu
1325 2345 1554 2390 matrem
1604 2347 1758 2388 suam
1811 2340 2016 2383 terram

443 2437 726 2492 osculatus
763 2444 866 2489 est.
918 2431 1031 2485 Hoc
1081 2439 1168 2485 est
1199 2428 1365 2483 etiam
1417 2423 1751 2494 turpitudini
1800 2419 2014 2484 Davidi,

446 2527 561 2595 qui,
595 2534 885 2595 postquam
914 2522 1159 2590 iurasset
1200 2517 1319 2572 fore
1364 2526 1645 2582 nunquam
1677 2521 1739 2564 ut
1771 2508 2010 2576 fugeret,

448 2622 542 2676 sed
595 2618 777 2688 potius
824 2615 1027 2684 periret
1059 2609 1242 2679 gladio
1294 2621 1417 2673 suo,
1452 2603 1650 2660 deinde
1697 2601 1861 2658 saluti
1890 2599 2016 2670 fuga

446 2709 744 2774 consuluit,
776 2704 1045 2774 sanguine
1076 2698 1561 2756 incuntaminatus.

445 2832 453 2840 -
513 2803 604 2857 89.
636 2799 785 2868 Fuga
810 2812 939 2853 vero
981 2805 1168 2850 nostra
1195 2792 1356 2846 modo
1390 2796 1688 2843 memorata
1732 2800 1842 2840 non
1870 2785 2020 2838 inor-
2042 2785 2054 2799 ‘

448 2895 631 2948 dinata
666 2892 802 2955 fuit;
856 2889 953 2944 sed
1004 2887 1110 2940 fuit
1159 2900 1226 2939 ex
1275 2889 1548 2953 potestate
1595 2880 1814 2951 politica
1857 2877 2017 2948 primi

450 2984 629 3049 ducis,
661 2983 803 3038 sicut
848 2980 958 3048 jam
1007 2968 1282 3039 diximus;
1335 2971 1452 3041 qui,
1508 2971 1556 3025 si
1611 2969 1803 3024 faciem
1861 2981 2018 3022 suam

2113 1817 2222 1852 των
2261 1799 2368 1852 τῶν
2404 1799 2742 1868 ἀντιμάχων,
2765 1799 3022 1868 ἔπασχεν,
3048 1800 3148 1852 ὅσα
3176 1798 3320 1866 φιλεῖ
3344 1799 3474 1868 δρᾲν
3494 1799 3689 1868 ἄγριος

2113 1893 2368 1962 πόλεμος.
2402 1893 2513 1946 Καὶ
2556 1892 2607 1944 oi
2643 1892 2741 1962 μὲν
2802 1892 3081 1962 ἡμέτεροι,
3113 1891 3211 1961 οὐχ
3250 1891 3279 1942 ό
3311 1891 3429 1959 μὲν,
3465 1893 3494 1943 ὁ
3521 1891 3567 1943 δ’
3599 1888 3689 1958 οὓ,

2112 1984 2250 2037 ἀλλά
2268 1985 2467 2047 πάντες
2491 1983 2722 2052 ἔφευγον
2742 1984 3153 2053 ἀμεταστρεπτὶ
3189 1983 3310 2036 καθ’
3335 1983 3691 2054 ὑπεξαίρεσιν

2115 2075 2498 2146 εύαριθμήτων
2528 2092 2716 2141 τινων,
2740 2076 2878 2144 ὅπερ
2904 2073 3134 2144 ἐφαμενο
3164 2077 3222 2126 ἐν
3255 2068 3336 2135 οἷς
3365 2074 3456 2126 καί
3483 2091 3562 2137 τις
3594 2073 3691 2126 Βο-

2114 2165 2239 2226 λέας
2267 2164 2376 2216 τῶν
2405 2165 2506 2232 τῆς
2534 2165 2991 2234 ἐκκλησιαπικῆς
3025 2163 3319 2228 ξυνοικίας,
3347 2165 3404 2226 ὃς
3435 2165 3601 2230 ἐγγὺς
3629 2167 3690 2227 ἐς

2115 2257 2408 2325 τριάκοντα
2431 2258 2555 2318 τοὺς
2581 2258 2679 2324 μὲν
2702 2256 2857 2326 ἀξίνῃ
2880 2257 3122 2325 διχάσας,
3151 2257 3276 2318 τοὺς
3305 2257 3360 2308 δὲ
3386 2257 3479 2308 καὶ
3509 2255 3690 2318 ἄλλως

2116 2350 2195 2411 είς
2218 2349 2278 2399 τὸ
2307 2348 2407 2418 ζῇν
2437 2348 2745 2417 ἁχρειώσαε
2777 2349 2949 2418 πολλῇ
2988 2349 3194 2417 σπουδῇ
3224 2347 3336 2399 τῶν
3383 2347 3686 2415 πολεμίων,

2116 2438 2214 2508 τὴν
2245 2440 2457 2509 μητέρα
2490 2440 2594 2508 γῆν
2633 2439 2941 2508 ἠσπάσατο.
2984 2438 3234 2508 Δίσχύνη
3278 2438 3374 2490 καὶ
3416 2438 3545 2489 αὐτὸ
3587 2439 3684 2490 τοῦ

2118 2529 2300 2593 Δαυῖδ,
2343 2529 2402 2592 ὃς
2445 2529 2520 2599 μὴ
2555 2530 2624 2583 ἄν
2659 2545 2791 2581 ποτε
2825 2530 3015 2596 φυγεῖν
3042 2527 3316 2597 ἀπομνὺς,
3345 2527 3458 2578 ἀλλ’
3486 2527 3579 2579 ἐπί
3611 2526 3692 2594 τῷ

2117 2620 2283 2674 αὐτοῦ
2309 2619 2450 2688 ξίφει
2479 2615 2689 2685 πεσεῖν,
2725 2615 2844 2672 εἶτα
2883 2619 3266 2689 προύτράπετο
3301 2618 3562 2688 σωθῆναι,
3595 2616 3693 2668 λύ-

2119 2711 2233 2782 θρῳ
2255 2711 2545 2780 ἄχραντος.

2188 2801 2297 2856 πθ’.
2315 2804 2421 2854 Καὶ
2439 2797 2552 2873 ἦνὴ
2571 2801 3034 2872 καθιστορουμένη
3054 2799 3198 2871 φυγὴ
3215 2800 3312 2852 ούκ
3335 2783 3694 2864 ἀσύντακτος,

2121 2893 2234 2946 ἀλλ’
2265 2893 2505 2957 ἐνδόντος
2540 2893 2733 2963 ἀρχάς,
2775 2892 2849 2952 ὡς
2915 2891 3346 2961 προεκτέθειται,
3392 2889 3486 2942 τοῦ
3531 2908 3699 2960 κορυ-

2129 2984 2290 3053 φαίου
2315 2972 2642 3052 στρατηγοῦ·
2665 2982 2744 3047 ὃς,
2769 2983 2924 3052 εἴπερ
2955 2981 3123 3047 ἔδειξε
3153 2980 3444 3051 πρόσωπον
3467 2982 3580 3044 τοῖς
3602 2983 3692 3050 ἐχο

453 3075 702 3129 hostibus
723 3069 1076 3134 ostendisset,
1103 3075 1265 3135 prout
1291 3064 1445 3118 illum
1471 3063 1838 3116 hortabantur
1862 3059 2019 3113 nobi-

2127 3075 2295 3142 θροῖς,
2329 3074 2405 3136 ὼς
2453 3073 2824 3126 ἐνεκελεύοντο
2869 3073 2916 3125 οί
2960 3073 3068 3125 τῶν
3099 3072 3519 3140 συμφευγόντων
3567 3089 3728 3139 γενο,

453 3167 644 3221 lissitni
691 3179 814 3218 cum
862 3161 953 3215 illo
1005 3159 1299 3229 fugientes,
1345 3157 1457 3212 cito
1516 3155 1733 3224 plagam
1780 3150 2019 3206 civitatis

454 3264 723 3311 curasset.
743 3253 936 3308 Milites
961 3251 1164 3320 quippe
1183 3247 1399 3302 hostilis
1429 3244 1666 3316 agminis
1684 3251 1840 3298 erant
1868 3241 2018 3307 fessi,

454 3348 724 3417 fugientes
757 3339 1238 3415 apprehendendo,
1285 3337 1636 3410 pradamque
1679 3335 1926 3391 ferendo.
1959 3335 2034 3388 In.

455 3440 544 3495 his
576 3453 712 3507 opus
738 3445 856 3491 erat
885 3435 1109 3489 homine
1147 3431 1382 3501 quodam
1415 3430 1566 3486 salvo
1592 3438 1646 3492 et
1677 3427 1884 3496 integro
1927 3425 2020 3495 qui

456 3532 690 3599 desuper
736 3527 1218 3582 animadvertisset
1266 3536 1330 3576 ac
1372 3520 1755 3592 significasset,
1790 3517 2021 3571 telorum

455 3622 854 3678 vehementiam
889 3617 1000 3672 Deo
1052 3615 1396 3671 retundente.
1428 3611 1604 3666 Homo
1635 3610 1782 3665 enim
1813 3609 1900 3663 bis
1935 3622 2024 3662 ca-

456 3711 794 3766 lamitatibus
851 3708 1159 3771 intricatus,
1192 3718 1255 3758 ac
1301 3703 1366 3758 de
1410 3701 1702 3769 semetipso
1755 3697 2026 3769 praecipue

457 3803 726 3873 cogitans,
759 3799 943 3854 omnia
993 3804 1254 3852 accurate
1284 3792 1635 3849 conscribere
1661 3806 1771 3845 non
1798 3790 2022 3860 poterit,

458 3904 656 3965 prmter
698 3906 820 3963 qua:
875 3897 1005 3946 sunt
1042 3888 1275 3942 maxime
1318 3891 1630 3956 Opportuna
1675 3897 1742 3938 ex
1777 3881 1862 3936 his
1906 3894 2027 3950 qua;

457 3986 671 4048 didicit,
705 3982 1014 4052 quibusque
1042 3977 1227 4030 multis
1255 3975 1431 4030 modis
1461 3973 1737 4028 immistus
1766 3980 1871 4028 est.

529 4076 620 4129 90.
643 4072 752 4126 Nos
790 4071 954 4139 igitur
981 4081 1104 4120 cum
1145 4065 1212 4120 de
1240 4078 1364 4117 arce
1404 4062 1905 4132 desperavissemus
1955 4059 2027 4129 ob

460 4166 730 4223 defectum
750 4175 902 4229 aqua:
923 4159 1081 4227 cujus
1111 4155 1218 4209 dux
1242 4154 1542 4209 conductor
1563 4153 1742 4208 factus
1761 4160 1848 4208 est
1863 4161 2028 4223 atque

461 4253 834 4313 necessariam
860 4247 1272 4318 supellectilem,
1290 4261 1355 4300 eo
1375 4242 1520 4315 quod
1536 4244 1605 4298 de
1624 4244 1716 4298 illa
1737 4243 2026 4300 dividenda

463 4343 899 4417 providissemus
943 4340 1086 4393 inter
1114 4351 1215 4390 nos
1245 4345 1300 4390 et
1324 4350 1420 4390 eos
1446 4332 1540 4405 qui
1568 4335 1714 4389 circa
1752 4349 1853 4389 nos
1873 4342 2024 4397 sunt,

466 4449 524 4495 ut
545 4441 656 4508 jam
686 4437 889 4492 dictum
919 4443 1020 4497 est,
1045 4431 1192 4485 nullo
1241 4429 1402 4484 modo
1442 4429 1768 4483 curabamus
1796 4427 1864 4482 de
1899 4426 2026 4496 fuga

467 4532 522 4585 in
545 4537 790 4584 sanctum
815 4518 1216 4595 Myroblytaeﬂ)
1241 4519 1549 4588 sepulcrum
1572 4532 1673 4571 nec
1695 4517 1748 4570 in
1784 4515 1889 4570 alia
1908 4515 2027 4570 loca

469 4637 623 4678 sacra
659 4622 791 4689 (non
824 4617 971 4672 enim
1003 4614 1204 4668 latebat
1231 4626 1354 4676 nos,
1377 4609 1652 4680 quomodo
1680 4623 1748 4664 ex
1774 4607 2028 4662 omnibus

424 4682 440 4817 ξ
469 4713 564 4784 qui
596 4713 649 4766 in
684 4713 772 4766 illa
804 4707 1188 4778 confugerant,
1223 4704 1409 4758 multis
1452 4703 1559 4757 vita
1606 4710 1793 4770 erepta
1834 4700 2030 4755 fuisset

549 4806 559 4817 ι
671 4804 698 4817 ἰ
956 4795 1327 4817 ᾼηιΐ---ιέ,...-λ
1412 4794 1661 4817 ΔΑ.-,2,-..Α
1709 4798 1990 4817 ..ΑΛ-..Ληοη-

472 4804 786 4858 vulneribus
836 4817 902 4856 ac
949 4795 1353 4864 suffocatione),
1407 4794 1664 4862 domique
1709 4798 2027 4856 manentes,

469 4894 758 4951 Psalnusta
801 4893 893 4962 qui
929 4900 1116 4946 cantat
1156 4907 1175 4941 ι
1211 4889 1458 4943 viventes
1502 4894 1690 4940 sancto
1735 4887 1966 4950 servire,
2003 4902 2023 4935 ι

473 4995 724 5053 aspectus
750 4991 803 5037 et
829 4981 1048 5036 auditus
1073 4979 1338 5033 malorum
1366 4977 1485 5034 sine
1505 4991 1760 5043 numero,
1793 4975 2031 5030 admira-

474 5077 621 5129 tione
675 5088 774 5126 nos
831 5073 1080 5135 vincunt,
1137 5070 1410 5140 quomodo
1473 5067 1796 5130 restitimus,
1850 5077 2032 5126 extre-

476 5180 620 5218 mam
665 5163 908 5226 barbam,
936 5169 993 5214 ut
1014 5162 1184 5226 aiunt,
1216 5161 1493 5222 vellentes,
1527 5157 1872 5226 procedimus
1894 5157 2034 5210 inter

473 5255 619 5310 mille
674 5251 881 5323 gladios
945 5251 1222 5306 districtos
1278 5248 1716 5318 crepitantesque
1777 5248 2036 5316 quemad-

472 5349 690 5403 modum
724 5359 947 5414 campus
1015 5343 1181 5412 spicis
1247 5342 1533 5410 frequens;
1591 5340 1852 5410 propulsi,
1911 5355 2037 5408 per-

473 5438 620 5491 cussi
666 5435 881 5506 pugnis,
917 5432 1263 5488 contumeliis
1303 5432 1476 5485 all‘ecti
1514 5431 1702 5499 quales
1735 5430 1906 5484 nescit
1940 5431 2035 5485 ho-

474 5527 677 5593 mittunt
727 5526 1208 5591 mos,salutarcm
1281 5526 1589 5594 passionem
1653 5524 1764 5577 haec
1824 5521 2036 5591 judica-

541 5639 620 5707 (Ι)
660 5640 931 5698 Demetrii.

2127 3165 2416 3234 ναιότεροι,
2436 3163 2765 3217 συνούλωσεν
2790 3163 2856 3217 ἂν
2873 3162 3006 3232 ταχὺ
3024 3163 3085 3214 τὸ
3100 3163 3319 3232 τραῦμα
3345 3162 3445 3231 τῆς
3463 3163 3692 3226 πόλεως.

2129 3259 2190 3309 Oi
2217 3257 2274 3310 δέ
2303 3255 2400 3310 τοῦ
2431 3256 2690 3326 πολεμίου
2723 3255 2946 3324 στίφους
2976 3254 3236 3324 ἔκαμνον,
3275 3255 3371 3307 καὶ
3409 3256 3698 3324 ῥίπτοντες

2127 3353 2252 3412 τοὺς
2279 3349 2605 3417 φεύγοντας,
2646 3349 2740 3402 καὶ
2771 3348 3088 3415 σαττόμενοι
3120 3349 3362 3416 λάφυρα.
3390 3348 3496 3400 Καὶ
3524 3347 3698 3417 ἐχρῆν

2133 3445 2233 3511 μὲν
2251 3443 2309 3493 ἐν
2333 3441 2543 3503 τούτοις
2573 3440 2806 3508 ἄϐλητόν
2824 3456 2948 3492 τινα
2969 3439 3061 3491 καὶ
3086 3439 3380 3492 ἀνούτατον
3401 3440 3464 3490 ἐκ
3496 3437 3701 3508 μετεώ-

2134 3549 2228 3602 ρου
2264 3531 2428 3585 ποθὲν
2453 3529 2551 3601 τὴν
2605 3531 2787 3600 μάχην
2816 3530 3169 3594 σκέπτεσθαι,
3203 3530 3298 3582 καὶ
3335 3530 3698 3600 παρασημαί-

2131 3624 2334 3687 νεσθαι,
2356 3622 2446 3675 τοῦ
2467 3623 2602 3676 Θεοῦ
2641 3622 2838 3692 βελέων
2861 3622 3195 3692 ἀπερυκότος
3217 3621 3416 3690 ἐρωήν.
3449 3621 3702 3686 ’Δνθρω-

2133 3731 2232 3778 πος
2257 3714 2364 3783 γὰρ
2405 3713 2636 3776 ἐνδεθεὶς
2670 3711 2892 3780 τοιούτῳ
2914 3711 3095 3782 κακῷ,
3141 3711 3275 3781 πρὸς
3319 3709 3496 3778 ἑαυτῷ
3520 3710 3702 3776 ταμά-

2131 3806 2289 3858 λιστα
2314 3805 2404 3857 τὸν
2431 3803 2556 3857 νοῦν
2579 3803 2738 3871 ἔχων,
2786 3803 2889 3854 οὐκ
2917 3801 2983 3854 ἂν
3014 3799 3174 3870 σχοίη
3213 3799 3455 3869 ἀκριϐῶς
3498 3799 3558 3851 τὸ
3584 3802 3698 3851 πᾶν

2135 3896 2575 3966 συγγράψασθαι,
2594 3895 2733 3965 πλὴν
2749 3897 2829 3957 είς
2848 3895 2946 3946 ὅσα
2970 3893 3038 3945 τὰ
3064 3893 3280 3962 καίρια,
3317 3887 3392 3945 ὧν
3413 3907 3471 3942 τε
3496 3889 3667 3959 ἔμαθε
3677 3929 3693 3955 ,

2134 3989 2231 4042 καὶ
2262 3982 2344 4049 οἷς
2373 3987 2535 4048 αὐτὸς
2570 3983 2921 4053 πολυτρόπως
2951 3981 3271 4049 ἐπέστησεν.

2207 4077 2277 4146 ιζ.
2316 4079 2506 4147 Ἧμεῖς
2529 4072 2622 4129 οὖν
2648 4075 2746 4144 τῆς
2774 4073 2872 4145 μὲν
2894 4073 3240 4142 ἀκροπόλεως
3266 4072 3587 4139 ἀπογνόντες
3608 4069 3702 4122 διὰ

2136 4169 2234 4239 τὴν
2263 4167 2360 4222 τοῦ
2401 4169 2579 4220 ἐκεῖσε
2611 4165 2801 4227 ὓδατος
2837 4163 3123 4233 ἐκδημίαν,
3154 4157 3222 4233 ἦς
3258 4163 3448 4232 eam;
3479 4165 3506 4214 ὁ
3537 4178 3703 4230 στρα-

2137 4261 2301 4332 τηγὸς
2343 4260 2558 4328 γέγονε,
2611 4258 2706 4310 καὶ
2746 4256 2844 4326 τὴν
2890 4256 3199 4323 ἀναγκαίαν
3250 4253 3585 4321 ἀποσκευὴν,
3630 4253 3704 4322 ἢν

2137 4348 2670 4422 προεμηθευσάμεθα
2689 4347 2844 4419 ήμῶν
2859 4364 2918 4400 τε
2938 4346 3116 4400 αὐτῶν
3135 4345 3296 4415 χάριν
3324 4348 3419 4398 καὶ
3445 4343 3552 4396 τῶν
3569 4342 3706 4410 περὶ

2132 4445 2276 4514 ἡμᾶς
2309 4440 2740 4509 διανειμάμενοι,
2773 4439 2848 4500 ὡς
2887 4440 2986 4491 καὶ
3015 4438 3463 4507 προπέφρασται,
3505 4434 3707 4502 μερίμ-

2131 4551 2230 4603 νης
2255 4534 2314 4586 δέ
2345 4533 2562 4602 θέμενοι
2589 4529 2694 4593 ἔξω
2724 4530 2818 4582 καὶ
2847 4528 2946 4598 τὴν
2977 4529 3054 4591 είς
3087 4529 3176 4581 τὸν
3208 4526 3364 4595 ἅγιον
3392 4527 3559 4592 τάφον
3603 4521 3702 4574 τοῦ

2128 4624 2484 4696 Μυροὸὶύτου
2523 4620 2868 4692 καταφυγὴν,
2914 4620 2994 4672 ἔτι
3027 4621 3082 4672 δέ
3112 4622 3204 4672 mi.
3224 4619 3320 4689 τὴν
3361 4617 3441 4679 είς
3481 4616 3707 4684 ἐτέρους

2131 4718 2307 4779 θείους
2337 4716 2498 4778 ναοὺς
2533 4713 2614 4784 (ού
2647 4715 2755 4782 γὰρ
2779 4711 3050 4782 δήπουθεν
3088 4709 3381 4763 ἐλάνθανεν
3418 4708 3586 4776 ἡμᾶς.
3625 4705 3707 4769 ὡς

2132 4809 2349 4862 πάντων
2385 4808 2494 4861 τῶν
2526 4805 2839 4875 φευγόντων
2871 4805 2929 4856 ἐν
2959 4805 3068 4866 τοῖς
3110 4801 3377 4861 τοιούτοις
3410 4797 3709 4870 ρυἴσκομὲ-

2134 4916 2260 4973 νων,
2293 4898 2479 4951 πολλοὶ
2515 4894 3000 4967 παρασυρήσονται
3029 4893 3122 4946 τοῦ
3158 4892 3257 4962 ζῇν
3292 4891 3575 4960 ὠθισμοῖς,
3605 4890 3709 4941 καὶ

2133 4992 2245 5053 τοῖς
2274 4987 2526 5041 ἐντεῦθεν
2570 4987 2876 5055 πνιγμοῖς),
2918 4985 3014 5038 καὶ
3041 4983 3120 5053 τῷ
3165 4983 3301 5052 οἴκῳ
3331 4979 3709 5051 παραμείναν-

2132 5099 2247 5145 τες,
2275 5081 2334 5143 ὃς
2380 5079 2699 5149 περιᾴδεται
2743 5076 2924 5140 ζῶντα
2964 5071 3358 5144 ἐκθεραπεύειν
3385 5072 3476 5124 τὸν
3508 5069 3666 5137 ᾶγιον
3686 5110 3704 5132 ,

2135 5171 2427 5226 καὶπολλὰ
2457 5173 2550 5223 καὶ
2585 5169 2756 5238 μυρία
2796 5169 2940 5221 κακά
2967 5167 3060 5220 καὶ
3103 5164 3424 5232 τεθεαμένοι
3458 5165 3550 5215 καὶ
3605 5178 3709 5212 πε-

2137 5260 2414 5322 πονθότες,
2444 5259 2530 5327 ἐφ’
2562 5254 2643 5319 οἷς
2674 5256 2861 5325 θαῦμα
2929 5257 3199 5325 περίεισιν
3229 5255 3403 5323 ἡμᾶς,
3432 5253 3581 5313 ὅπως
3615 5252 3714 5304 ἀν-

2137 5353 2422 5420 τέσχομεν,
2451 5349 2600 5411 τέλος
2622 5349 2714 5400 τοῦ
2746 5347 3029 5414 πώγωνος,
3063 5348 3090 5400 ὃ
3117 5363 3301 5415 φασιν,
3329 5343 3709 5404 ἐλκυσθέντες,

2140 5443 2467 5512 ἀπηγόμεθα
2533 5439 2622 5493 διὰ
2666 5439 2837 5505 ξιφῶν
2886 5439 3092 5508 μυρίων
3137 5435 3568 5505 ἀνατεινομένων
3613 5437 3712 5484 καὶ

2141 5535 2476 5606 φρισσόντων
2496 5532 2539 5584 ὼ
2551 5535 2624 5584 πεί
2643 5533 2737 5584 καὶ
2753 5531 2924 5601 λὴῖον,
2943 5529 3367 5600 πεπυκνωμένον
3385 5525 3709 5594 ἁσταχύεσιπ
