4036 6224
323 351 405 411 97

1134 345 1232 405 DE
1270 346 1836 408 THESSALONICA
1880 346 2086 407 URBE
2120 347 2165 404 A
2195 345 2504 404 LATINIS
2543 343 2798 404 CAPTA.
3514 347 3587 408 98

335 466 432 516 καὶ
463 461 773 531 ὠθούμενοι
811 461 910 530 μὲν
958 461 1052 514 καὶ
1081 460 1538 530 κονδυλιζόμενοι,
1584 461 1680 513 καὶ
1724 460 1910 529 ὕϐρεις

2041 473 2152 519 nus,
2181 467 2234 513 et
2266 467 2323 512 ut
2357 457 2410 510 in
2459 456 2577 511 istis
2622 456 2795 510 simus
2838 454 3233 524 supplicantes.
3267 455 3402 510 Cum
3454 474 3590 511 v.-ro

333 556 398 606 οὐ
433 553 530 614 τὰς
561 554 618 603 ἐν
645 551 758 603 ἔθει
784 550 1169 619 μανθάνοντες,
1198 551 1467 620 μακάριον
1495 551 1558 602 τὸ
1577 551 1750 613 πάθος
1772 549 1918 619 ἐκρί-

333 662 530 713 νομεν,
560 641 854 712 εὐχόμενοι
889 643 946 693 ὲν
998 641 1267 704 τοιούτοις
1311 639 1473 696 εἶναι.
1535 642 1669 694 Ὅτε
1707 641 1764 694 δὲ
1824 640 1918 693 καὶ

340 736 531 803 σπάθη
563 735 691 787 καθ’
716 733 878 803 ήμῶν
924 733 1244 801 ἐγαυροῦτο,
1271 734 1367 786 καὶ
1411 734 1709 804 παραξιφὶς
1755 734 1921 784 ἐπλα-

338 827 561 895 γίαζεν,
599 825 676 886 ὡς
712 826 793 886 είς
837 823 1122 890 σπλάγχνα
1161 822 1426 892 βάψουσα.
1474 824 1566 876 καὶ
1607 822 1829 892 δοράτια
1853 822 1920 874 τὰ

346 919 454 988 μὲν
504 917 677 982 ἐνθεν,
721 917 789 969 τὰ
833 915 880 968 δ’
932 916 1143 968 ἐκεῖθεν
1180 916 1288 968 τῶν
1337 916 1588 985 πλευρῶν
1632 915 1921 968 εὐθύνοντο

342 1008 745 1076 ἁπειλητικῶς,
797 1007 912 1060 ἀλλ’
964 1006 1200 1059 ἐνταῦθα
1232 1007 1386 1076 εὐχαὶ
1417 1008 1512 1059 καὶ
1561 1008 1721 1072 μόναι
1770 1006 1923 1058 ἀντέ-

345 1117 593 1170 πραττον
618 1098 817 1152 Βύθιαι.
843 1099 1204 1166 Προενεγκεῖν
1223 1099 1333 1168 γὰρ
1351 1097 1520 1160 αὑτὰς
1541 1099 1654 1160 πῶς
1685 1114 1813 1149 ποτε
1831 1093 1918 1167 ἦνς

422 1191 536 1254 ιιαῆ
582 1189 692 1239 Καὶ
737 1187 842 1248 ἕως
887 1186 986 1254 μὲν
1033 1187 1128 1238 καὶ
1167 1186 1261 1238 τοῦ
1297 1184 1574 1238 πολιτικοῦ
1622 1185 1742 1238 καθ’
1778 1185 1923 1254 ἡμᾶς

349 1278 698 1347 ἱπποδρόμου
724 1276 945 1346 τοιαύτη
975 1276 1214 1338 διάθεσις
1240 1277 1388 1345 ἡμᾶς
1415 1274 1656 1328 εὖθυνεν.
1699 1276 1843 1327 Ἐκεῖ
1867 1275 1924 1327 δέ

346 1372 442 1423 τὸν
478 1371 583 1439 ήδη
619 1369 959 1422 ἀποτεθέντα
991 1370 1068 1429 εἰς
1099 1368 1322 1438 μνήμην
1356 1367 1618 1434 Σιφάντον
1649 1367 1921 1435 εὑρόντες,

347 1459 584 1512 εὔιππον
615 1456 908 1527 ἑστηκότα,
947 1457 1086 1525 μετά
1105 1473 1168 1524 γε
1193 1457 1285 1508 καὶ
1310 1455 1404 1509 τοῦ
1429 1455 1803 1526 Μαυροξώμη,
1831 1455 1926 1508 καὶ

353 1555 751 1622 σκεπτόμενον,
777 1555 830 1606 τί
855 1553 922 1605 ἂν
950 1553 1082 1614 ἕλοι,
1115 1551 1586 1622 μεθειλκύσθημεν
1617 1553 1708 1604 ὑπ’
1735 1552 1923 1614 αὐτοῦ,

353 1647 502 1714 λόγῳ
530 1645 633 1715 μὲν
655 1645 736 1714 τῷ
763 1643 837 1712 μὴ
870 1645 962 1695 ἐπὶ
992 1641 1154 1694 πλέον
1183 1642 1351 1696 κόπον
1380 1647 1528 1712 σχεῖν
1556 1644 1645 1696 τὸν
1679 1643 1930 1714 ἀρχιεπίο

357 1751 582 1798 σκοπον,
606 1734 829 1804 άληθῶς
854 1735 931 1798 δὲ,
961 1733 1048 1785 ἵνα
1073 1733 1341 1803 δευτέρων
1371 1735 1627 1804 χειρόνων
1657 1732 1929 1804 πειρασὼ-

2024 549 2273 604 acinaces
2325 547 2614 601 adversum
2663 562 2762 600 nos
2808 551 3022 600 saeviret
3077 547 3402 616 gladiusque
3472 560 3590 601 tru-

2022 637 2250 702 cidaret,
2307 638 2451 691 sicut
2486 638 2537 688 in
2595 635 2896 690 visceribus
2951 652 3030 702 se_
3067 636 3369 700 abluentes,
3408 636 3590 705 jacula

2025 728 2152 782 hinc
2206 739 2258 781 et
2313 727 2464 780 illinc
2495 726 2756 780 adversus
2803 727 2969 778 latera
3003 726 3376 794 dirigebantur
3422 743 3597 780 mtua-

2027 822 2194 884 citer;
2228 829 2465 886 tuncque
2500 831 2688 884 preces
2729 825 2938 870 tantum
2971 817 3202 871 humiles
3240 822 3600 887 avertebant;

2026 920 2080 963 at
2113 911 2387 980 quomodo
2419 922 2546 962 tunc
2574 909 2854 977 deprecari
2885 909 3245 978 poteramus?

2100 1169 2189 1224 91.
2233 1168 2297 1223 Et
2336 1172 2449 1226 haec
2480 1185 2652 1241 usque
2681 1174 2746 1226 ad
2782 1171 3206 1242 llippodromum
3240 1176 3599 1243 procedentes

2028 1259 2173 1329 passi
2209 1276 2422 1315 sumus.
2460 1261 2614 1316 Tunc
2665 1279 2790 1316 cum
2841 1265 3241 1320 invenissemus
3290 1282 3414 1320 cum
3452 1267 3602 1320 Man-

2027 1365 2252 1405 rozoma
2306 1352 2654 1420 Siphantum,
2707 1359 2799 1423 qui
2855 1354 2970 1424 jam
3031 1357 3082 1410 in
3141 1359 3462 1412 memoriam
3513 1375 3605 1412 re-

2029 1453 2259 1499 vocatus
2307 1454 2414 1510 est,
2477 1447 2529 1500 in
2607 1462 2748 1517 equo
2794 1459 3064 1515 stantem,
3140 1461 3302 1519 atque
3362 1454 3605 1506 circurn-

2031 1535 2352 1602 spicientem
2407 1537 2538 1606 quid
2601 1536 2782 1592 facere
2845 1539 3088 1606 deberet,
3138 1542 3357 1596 abducti
3414 1557 3610 1596 smnus

2035 1627 2101 1680 ab
2133 1641 2216 1690 eo,
2252 1627 2416 1680 verbo
2459 1627 2680 1696 quidem
2723 1627 2852 1681 dato
2888 1644 2955 1683 ne
2999 1630 3445 1699 archiepiscOpus
3490 1648 3606 1683 aun-

2032 1717 2178 1785 plius
2222 1725 2518 1786 pateretur,
2576 1731 2764 1772 revera
2829 1727 3010 1773 autem
3053 1729 3112 1773 ut
3154 1735 3292 1774 nova
3325 1723 3606 1790 prioribus

362 1826 520 1895 μεθα.
558 1825 751 1895 Βραχὺ
787 1827 902 1894 γὰρ
953 1825 1133 1876 ἐκεῖσε
1180 1825 1249 1878 τὰ
1278 1825 1480 1892 γόνατα
1529 1825 1847 1894 κάμψαντες
1877 1825 1933 1878 ἐν

2041 1809 2222 1879 pejora
2266 1811 2664 1878 experiremur.
2700 1810 2857 1865 Brevi
2905 1812 3050 1866 enim
3095 1826 3272 1882 genua
3321 1813 3603 1868 ﬂectentes

354 1935 464 1971 τινι
494 1916 886 1988 μικροκαλύδῃ
916 1917 1012 1970 καὶ
1034 1915 1201 1986 ξηροῦ
1233 1915 1400 1985 ἄρτου
1424 1916 1811 1978 ἀποδακόντες,
1845 1917 1932 1967 ἵνα

358 2008 551 2070 ὕδατος
583 2007 919 2078 ὲμπιὼμεθα
949 2004 1040 2077 (ἦν
1068 2007 1176 2076 γὰρ
1195 2008 1228 2076 ή
1253 2007 1449 2076 καρδία
1479 2008 1510 2076 ή
1522 2007 1636 2076 μῶν
1669 2007 1934 2076 καιομένη

356 2103 415 2152 ἓν
443 2101 600 2170 ἡμῖν,
631 2099 709 2162 ὡς
757 2099 852 2152 καὶ
895 2101 1072 2152 πάντα
1118 2100 1185 2152 τὰ
1231 2098 1423 2166 ἐντὸς),
1458 2094 1575 2151 εἶτα
1606 2098 1747 2151 κατὰ
1772 2099 1936 2168 τιμὴν

366 2192 604 2263 μυαρίου
635 2191 1023 2254 κελευσθέντες
1047 2190 1328 2256 ἐπιϐῆναι,
1350 2190 1450 2260 (μὴ
1477 2190 1586 2260 γὰρ
1611 2190 1672 2242 ού
1695 2191 1937 2243 τοιοῦτον

366 2289 547 2339 ἐκεῖνο
587 2286 649 2338 τὸ
709 2285 1088 2354 ίππαρίδιον;)
1129 2285 1446 2348 πεισθέντες
1473 2285 1550 2354 τῷ
1598 2286 1936 2350 ἐπιτάξαντι,

367 2379 466 2430 καὶ
501 2377 860 2438 ἀνατεθέντες
900 2379 978 2440 εἰς
1009 2378 1207 2443 ἐκεῖνο,
1253 2377 1522 2446 ἠγόμεθα,
1567 2376 1699 2430 ἔνθα
1725 2377 1786 2430 τὸ
1814 2377 1942 2430 ναύ-

375 2468 638 2532 σταθμον,
676 2469 818 2537 μετὰ
860 2469 956 2522 καὶ
981 2466 1228 2537 γωρυτοῦ
1271 2469 1361 2521 καὶ
1401 2468 1698 2538 φαρέτρας,
1731 2469 1873 2536 ἅπερ
1903 2469 1937 2538 ή

367 2561 551 2622 σελλὶς
585 2561 741 2630 ἔτυχε
780 2561 1042 2629 φέρουσα.

438 2651 547 2720 [ιβ’.
587 2653 653 2703 Ὠ
688 2669 779 2720 μοι
809 2653 917 2705 τῶν
945 2651 1198 2706 ἐντεῦθεν
1223 2651 1441 2706 κακῶνί
1485 2651 1578 2715 Ὣς
1607 2653 1714 2722 γὰρ
1750 2653 1825 2722 μὴ
1848 2653 1944 2723 ἀρ-

371 2742 656 2795 κεσὼιτων
688 2741 799 2794 τῶν
830 2743 1063 2811 νεκρῶν,
1094 2742 1162 2795 δι’
1193 2735 1270 2796 ὧν
1301 2741 1548 2805 πεζεύων
1581 2741 1790 2795 ὦδευσα
1824 2742 1946 2812 θερ-

377 2834 498 2901 μοῖς
524 2832 868 2901 ἁτμιζόντων
887 2833 1107 2903 αἵμασι,
1124 2831 1212 2886 διὰ
1237 2833 1468 2903 σωρείας
1489 2832 1691 2902 ἐτέρων
1711 2835 1944 2904 ἱππότης

373 2925 749 2994 περιηγόμην,
778 2918 853 2978 ὧν
876 2924 926 2977 οί
977 2923 1196 2987 πλείους
1239 2923 1681 2994 κατεστρωμένοι
1721 2927 1828 2994 πρὸ
1851 2924 1944 2976 τοῦ

373 3015 591 3085 τείχους
622 3015 838 3069 ἔκειντο
871 3015 1014 3070 οὕτω
1049 3016 1489 3086 πεπυκνωμένοι,
1516 3015 1591 3079 ὡς
1618 3016 1680 3069 τὸ
1709 3017 1948 3071 ίππίδιον

377 3104 411 3172 ἢ
451 3105 526 3173 μὴ
548 3105 718 3174 ἐχειν,
737 3107 858 3158 ὅποι
889 3106 995 3174 γῆς
1014 3106 1170 3175 θήσει
1193 3106 1352 3167 πόδα.
1377 3105 1409 3176 ἢ
1441 3105 1576 3158 ἀλλὰ
1608 3105 1809 3174 μεταξὺ
1837 3104 1947 3158 τῶν

377 3212 436 3247 τε
475 3197 755 3265 προσθίων
800 3197 976 3250 ποδῶν
1006 3196 1100 3249 δύο
1125 3197 1156 3267 ἢ
1202 3198 1349 3268 τρεῖς
1379 3195 1526 3266 ἔχειν
1555 3197 1946 3265 ὑποκειμένους

377 3290 634 3357 νεκρούς.
656 3289 769 3356 Τῆς
796 3288 852 3341 δέ
875 3288 1164 3350 δυσκολίας
1195 3290 1294 3355 τῆς
1328 3289 1436 3339 τῶν
1470 3287 1655 3341 πυλῶν
1679 3287 1858 3351 ἐξόδου
1888 3290 1947 3342 ἐν

380 3377 530 3431 οὕτω
554 3380 769 3448 μυρίοις
805 3377 1255 3448 Ἀγριολατίνοις,
1280 3379 1374 3431 καὶ
1395 3378 1497 3432 ὅσα
1517 3378 1572 3430 δὲ
1605 3377 1708 3441 ἔξω
1729 3377 1836 3440 ἓως
1856 3379 1949 3432 καὶ

379 3473 462 3534 είς
485 3472 612 3534 τοὺς
639 3471 891 3541 λιμένας,
923 3469 1036 3537 ἐγὼ
1067 3470 1166 3538 μὲν
1194 3468 1492 3538 ἐδάκρυσα,
1532 3469 1626 3520 καὶ
1655 3469 1704 3519 oi
1731 3467 1954 3536 βλέπον-

379 3578 471 3624 τες
500 3563 840 3631 Χριστιανοί.
874 3560 988 3615 Οὐκ
1024 3559 1092 3612 ἂν
1121 3560 1177 3612 δὲ
1210 3559 1350 3612 αὐτὰ
1379 3559 1708 3627 ἐκθήσομαι,
1744 3558 1828 3611 ῖνα
1853 3559 1948 3629 μὴ,

379 3655 438 3706 ἐν
469 3648 550 3715 οἷς
578 3651 892 3720 ἐπιτέμνειν
921 3649 1109 3714 ἐθέλω,
1140 3648 1531 3721 περιττολογῶ.

459 3747 573 3810 ιιγν.
605 3741 797 3794 Ταῦτα
824 3742 917 3794 καὶ
955 3741 1116 3810 μόνον
1150 3738 1616 3808 κεφαλαιιίωομαι,
1649 3738 1730 3791 ὅτι
1762 3737 1956 3791 τέσσα-

389 3850 491 3902 ρας
510 3832 793 3902 χρυσίνων
808 3831 1047 3901 χιλιάδας
1065 3829 1346 3900 ἐγκρατῶς
1366 3828 1606 3900 ἐζητήθη
1615 3845 1735 3899 μεν,
1752 3829 1801 3881 οί
1822 3827 1957 3899 μηδέ

2042 1899 2096 1950 ἱη
2123 1898 2358 1967 quadam
2386 1913 2548 1967 parva
2573 1914 2696 1953 casa
2741 1901 3000 1956 sedentes
3055 1901 3373 1972 siccumque
3419 1919 3611 1972 panem

2041 1991 2448 2053 mordentes,ut
2487 2007 2682 2060 aquam
2709 1993 3016 2048 biberemus
3046 1997 3163 2065 (cor
3181 1995 3328 2050 enim
3362 2005 3614 2052 nostrum

2041 2083 2241 2136 ardens
2306 2092 2424 2136 erat
2487 2083 2542 2136 in
2601 2084 2763 2139 nobis
2819 2084 2964 2139 sicut
3019 2095 3074 2140 et
3127 2087 3233 2140 alia
3285 2088 3612 2160 interiora),
3700 2093 3713 2106 ‘

2043 2171 2238 2228 deinde
2279 2175 2583 2228 reverentia
2617 2176 2828 2230 ordinis
2863 2178 3076 2232 invitati
3114 2179 3181 2232 ad
3232 2182 3613 2234 conscenden-

2043 2264 2173 2317 dum
2207 2264 2414 2335 (nonne
2445 2265 2535 2319 hic
2563 2276 2681 2320 erat
2717 2267 2807 2321 ille
2837 2268 3142 2338 caballus?)
3162 2270 3376 2337 jubeuti
3409 2286 3611 2340 paren-

2044 2363 2158 2418 tes,
2203 2363 2368 2424 atque
2401 2355 2477 2410 illi
2531 2355 2831 2412 insidentes
2874 2358 3344 2429 ducebamurjam
3397 2362 3448 2415 in
3487 2377 3617 2430 por-

2045 2455 2186 2512 tum,
2218 2446 2363 2501 inter
2394 2447 2682 2516 pharetras
2707 2464 2845 2518 quas
2885 2449 3027 2504 forte
3061 2451 3251 2506 carina
3280 2450 3509 2506 ferebat.

2117 2622 2206 2679 92.
2249 2621 2402 2676 Heu!
2442 2631 2576 2692 quot
2603 2632 2658 2678 et
2684 2631 2889 2692 quanta
2915 2626 3052 2679 mala
3095 2625 3296 2680 deinde
3339 2627 3620 2685 vidimus!

2047 2713 2216 2780 Quasi
2250 2727 2358 2768 non
2385 2722 2518 2769 satis
2572 2715 2805 2770 fuissent
2842 2715 3042 2768 mortui
3069 2731 3168 2785 per
3205 2732 3340 2786 quos
3378 2722 3628 2774 ambula-

2050 2819 2230 2860 veram
2253 2805 2440 2875 pedes,
2473 2806 2738 2875 sanguine
2760 2805 2940 2860 calido
2967 2805 3231 2871 fumante,
3259 2824 3400 2878 equo
3429 2826 3623 2864 occur-

2050 2895 2239 2950 rebam
2264 2895 2502 2952 aliorum
2541 2898 2778 2962 acervis,
2802 2912 3038 2966 quorum
3071 2898 3319 2966 plerique
3350 2910 3476 2955 ante
3508 2919 3630 2955 tnu-

2052 3002 2144 3042 ros
2191 2987 2453 3057 jacebant
2505 2997 2617 3042 tam
2675 2990 2833 3044 densi
2876 2998 2936 3043 ut
2977 2989 3225 3046 caballus
3258 3009 3364 3046 non
3403 2995 3630 3050 haberet

2053 3078 2143 3134 ubi
2163 3087 2391 3149 poneret
2423 3080 2587 3150 pedes
2607 3120 2621 3145 ,
2651 3080 2746 3135 sed
2770 3080 2907 3135 inter
2933 3081 3240 3136 anteriores
3284 3084 3448 3152 pedes
3491 3085 3629 3141 duos

1970 3161 2016 3224 C
2047 3171 2132 3225 vel
2158 3179 2272 3226 tres
2335 3179 2582 3226 mortuos
2635 3171 2882 3226 haberet.
2928 3171 3167 3226 Dillicilis
3217 3171 3341 3244 fuga
3380 3189 3410 3228 e
3461 3178 3632 3245 portis

2049 3261 2195 3317 inter
2246 3269 2328 3316 tot
2391 3262 2564 3316 millia
2616 3261 2883 3316 ferocium
2942 3260 3284 3327 Latinorum,
3337 3267 3634 3335 omniaque

2048 3364 2225 3418 usque
2262 3351 2330 3405 ad
2381 3360 2599 3420 portum
2662 3359 2768 3404 tam
2833 3351 3009 3404 tristia
3049 3352 3268 3407 fuerunt
3313 3361 3368 3406 ιιι
3405 3371 3506 3424 ego
3549 3359 3627 3410 la'

2049 3454 2352 3510 crymarem
2384 3455 2448 3496 ac
2487 3451 2819 3511 spectatores
2849 3441 3165 3498 Christiani.
3186 3442 3313 3497 llrec
3363 3461 3490 3500 vero
3518 3463 3626 3502 non

2051 3545 2318 3596 exponam
2366 3546 2435 3590 ne
2473 3547 2540 3588 ea
2579 3548 2701 3603 qua:
2741 3533 3060 3589 abbreviare
3098 3535 3218 3590 volo
3260 3536 3472 3607 longius
3500 3553 3634 3608 pro-

2055 3623 2294 3678 traham.

2126 3715 2218 3771 95.
2252 3717 2380 3771 Haec
2405 3722 2613 3772 tantum
2645 3718 2957 3773 summatim
2979 3718 3244 3785 dicemus,
3267 3721 3474 3776 scilicet
3496 3736 3634 3791 qua-

2058 3815 2182 3863 tuor
2231 3809 2470 3864 millibus
2521 3823 2809 3864 aureorum
2865 3811 3106 3879 praebere
3142 3812 3488 3880 jubebantur,
3534 3830 3634 3868 nos

386 3899 723 3994 ᾦαμμίωνῆ
758 3899 877 3992 χοδς
905 3899 1111 3992 δράκα,
1137 3899 1179 3992 ἦέ
1197 3922 1256 3975 τὺ
1289 3899 1585 3989 καθομιλού
1595 3935 1752 3989 μενον
1783 3919 1938 3971 σίελοι

2060 3899 2155 3969 qui
2195 3912 2298 3955 nec
2353 3913 2573 3953 arenam
2619 3900 2672 3953 in
2731 3915 2892 3952 manu
2927 3916 3028 3954 nec
3064 3903 3291 3956 salivam
3327 3902 3379 3955 in
3408 3917 3503 3959 ore
3539 3906 3637 3957 ha.-

513 3986 788 4086 στόματος
813 3986 1030 4083 ἔχοντες
1062 4029 1078 4044 ο
1107 3986 1444 4075 ἀκούσαντες
1475 4012 1571 4064 καὶ
1597 3986 1758 4076 δλίγα
1788 4008 1938 4061 ταῦτα

2060 3989 2357 4052 bebamus;
2411 4001 2534 4040 cum
2603 3986 3005 4042 audivissemus
3060 3989 3236 4058 aliqua
3290 4005 3461 4060 pauca
3509 4009 3634 4048 esse

387 4101 539 4158 εῖναι
570 4076 631 4168 ἐξ
651 4076 963 4173 ἀνθρώπου,
991 4102 1048 4165 ὅς
1074 4101 1514 4173 ἀρχιεπισκοπὴν
1541 4099 1814 4169 περιέπει,
1842 4114 1938 4150 κεν

2060 4093 2123 4133 ex
2181 4077 2402 4132 homine
2446 4076 2540 4146 qui
2598 4077 3130 4148 archiepiscopatum
3183 4084 3476 4148 quotannis
3505 4086 3629 4138 obi-

386 4198 629 4266 τηνάρια
648 4198 706 4256 ἐς
729 4169 927 4248 ἑκατὸν
949 4193 1016 4263 (ὣ
1036 4169 1265 4245 πλούτου
1287 4192 1328 4258 ι)
1360 4169 1512 4253 ἔτους
1543 4190 1772 4243 ἑκάστου
1796 4187 1938 4256 δωρο

2063 4169 2181 4234 bat,
2221 4183 2322 4224 nos
2352 4169 2459 4224 illis
2486 4169 2715 4224 daturos
2747 4178 2964 4224 centum
2989 4172 3387 4241 quinquaginta
3440 4189 3637 4230 aureos

389 4258 672 4354 φορούσαν
701 4283 871 4351 αὐτῷ’
907 4258 1001 4334 καὶ
1031 4283 1113 4334 ὅτι
1143 4283 1201 4333 ἐν
1234 4281 1300 4350 τῇ
1333 4277 1422 4332 τοῦ
1449 4277 1716 4347 Σιφάντου
1746 4274 1854 4345 νηῒ,
1885 4273 1938 4326 ὡς

2067 4264 2124 4331 (ο
2153 4258 2390 4314 divitiae!
2415 4259 2434 4329 )
2466 4260 2854 4354 promisimus;
2882 4259 2936 4313 in
2966 4261 3089 4314 navi
3118 4276 3333 4337 quoque
3361 4262 3634 4333 Siphanti,

385 4351 782 4448 ἧνέγχωροῦν,
800 4373 1248 4442 ἀναπαυσάμενοι
1263 4373 1328 4442 τῇ
1347 4368 1648 4440 καραδοκίᾳ
1662 4367 1772 4420 τῶν
1791 4365 1938 4437 χιλιά

2067 4363 2128 4408 ut
2166 4353 2382 4414 licebat,
2431 4351 2670 4422 quieturi
2721 4351 3129 4420 exspectatione
3169 4367 3461 4408 aureorum
3495 4371 3634 4424 quos

385 4441 610 4530 διυνςθις
633 4441 772 4535 ήμῖν
798 4441 1121 4536 ἐπέγραψαν
1148 4464 1196 4516 οί
1220 4441 1660 4532 μεγαλοπρεπεῖς
1685 4454 1936 4527 πειραταί

2065 4444 2224 4498 nobis
2277 4445 2651 4513 ascripserunt
2714 4441 2989 4513 magniﬁci
3042 4443 3254 4512 piratae.
3308 4442 3432 4500 Haec
3480 4447 3636 4501 navis

387 4559 536 4628 αὑτὴ
550 4533 670 4628 γὰρ
683 4533 812 4627 μῖν
828 4533 1116 4625 κατάλυμα
1133 4555 1350 4626 πρῶτον
1368 4551 1664 4622 εὐτυχήθη,
1683 4550 1938 4620 αἰχμαλὼ

2065 4535 2205 4590 enim
2243 4535 2346 4589 fuit
2399 4536 2558 4590 nobis
2609 4537 2844 4604 prlmum
2887 4533 3086 4588 bonum
3131 4535 3428 4604 hospitium
3491 4538 3640 4591 omni

2065 4636 2262 4682 caetero
2294 4627 2470 4696 spatio
2507 4625 2738 4694 captivis
2779 4625 3023 4693 repleto;
3057 4633 3116 4678 ut
3143 4639 3244 4679 nos
3276 4627 3641 4694 querebamur

2065 4718 2122 4772 bi
2156 4717 2310 4772 valde
2341 4717 2659 4784 cupiebant,
2717 4715 2820 4770 hoc
2860 4715 3046 4769 facere
3076 4729 3185 4769 non
3217 4716 3519 4782 audentes;
3554 4726 3636 4772 te-

2069 4812 2356 4868 stabantur
2388 4825 2517 4865 vero
2565 4810 2770 4863 luctum
2825 4823 2986 4862 suum
3040 4806 3416 4862 contractione
3460 4808 3640 4860 vultus

2071 4903 2466 4972 morositatem.
2495 4899 2805 4962 indicante,
2853 4897 3183 4952 demissione
3231 4895 3514 4950 oculorum
3554 4897 3637 4949 la-

387 4666 506 4702 των
534 4650 777 4718 γέμουσα
801 4648 942 4701 κατὰ
985 4648 1084 4709 τὰς
1112 4646 1304 4709 λοιπὰς
1347 4644 1594 4704 ἁπάσας·
1629 4641 1678 4694 οἳ
1719 4641 1812 4694 καὶ
1836 4642 1964 4708 γοᾶ-

395 4740 526 4794 σθαι
557 4742 706 4810 ἡμᾶς
738 4741 1030 4808 ὀργῶντες,
1062 4738 1193 4791 αὐτὸ
1230 4736 1328 4806 μὲν
1351 4737 1526 4787 ποιεῖν
1552 4733 1650 4785 οὐκ
1679 4727 1822 4802 εἶχον
1849 4731 1966 4784 τόλ-

406 4848 534 4901 μαν,
564 4832 769 4885 ὼσίουν
797 4831 854 4883 δὲ
879 4831 936 4883 τὸ
961 4829 1154 4890 πένθος
1181 4831 1476 4897 προσώπου
1508 4825 1798 4894 συναγωγῇ
1832 4821 1966 4891 πρὸς

405 4922 871 4992 σκυθρωπότητα,
917 4920 1014 4972 καὶ
1057 4918 1309 4988 δυσωπίᾳ
1351 4913 1678 4985 ἐκθλιὸούσῃ
1731 4913 1965 4982 δάκρυα,

400 4986 607 5076 ὁποίοις
634 5014 731 5065 καὶ
757 4986 946 5080 ήμεῖς,
969 5013 997 5064 ὁ
1027 5011 1148 5063 κατ’
1175 4986 1419 5070 ἐκείνους
1450 5005 1720 5075 δυστυχὴς
1750 5005 1938 5073 φόρτος

2077 5009 2291 5066 crymas
2320 4994 2554 5058 velante,
2573 4992 2626 5046 in
2645 4991 2842 5060 quibus
2868 4998 2921 5044 et
2943 5004 3068 5053 nos,
3101 4988 3313 5042 illorum
3350 4986 3639 5042 infortunii

402 5105 605 5167 αὐτοὺς
652 5079 1018 5173 ἠμειϐόμεθα.
1069 5101 1203 5154 οὐδὲ
1248 5101 1360 5169 γὰρ
1405 5096 1527 5151 οὐδὲ
1578 5095 1938 5166 προσφωνῆσα

2074 5085 2236 5150 socii,
2271 5083 2408 5151 [illos
2449 5082 2821 5137 imitabantur.
2852 5080 3012 5136 Nullo
3055 5079 3215 5133 modo
3251 5079 3397 5134 enim
3443 5079 3643 5132 licebat

407 5193 554 5261 ἐξῆν.

2076 5174 2253 5245 palam
2279 5174 2562 5242 conqueri.

489 5286 588 5351 κδ’.
633 5284 724 5338 Ἐν
767 5280 948 5336 τοίνυν
977 5283 1047 5350 τῇ
1075 5278 1296 5347 τοιαύτῃ
1323 5275 1414 5346 νηῒ
1442 5274 1564 5327 τότε
1592 5271 1938 5326 καταπαύσω

2150 5266 2239 5320 94.
2277 5265 2334 5319 1η
2397 5266 2499 5319 hac
2563 5279 2692 5334 ergo
2745 5262 2868 5317 navi
2915 5277 3038 5316 cum
3083 5261 3506 5332 quievissemus,
3549 5254 3641 5307 die

406 5345 525 5444 τες,
554 5379 620 5446 τῇ
660 5373 925 5443 ἐπαύριον
963 5345 1104 5442 μετὰ
1134 5345 1297 5439 τιμῆς
1327 5345 1518 5437 ὁμοίας
1547 5361 1865 5433 ἀνήχθημεν
1895 5363 1938 5414 εί

2079 5365 2293 5427 postera
2320 5356 2384 5410 ad
2419 5356 2757 5411 Comncnum
2785 5353 3032 5408 Alexium
3076 5352 3376 5408 honorillce
3424 5345 3646 5446 adducti

412 5435 823 5537 sbv'Kb'pqubv
853 5435 1110 5530 ’Δλέξιονο
1146 5435 1274 5513 ἔνθα
1303 5435 1444 5528 θῆρα
1469 5456 1849 5524 είκονομάχον,
1881 5453 1938 5505 Γε

2079 5461 2292 5511 sumus,
2349 5445 2439 5502 ubi
2495 5447 2784 5516 quemdam
2841 5443 3167 5500 Gulielmum
3203 5479 3217 5504 ,
3274 5435 3644 5493 iconoclasten

665 5522 808 5623 viva,
842 5555 903 5618 ὃς
932 5522 1004 5606 ἐκ
1029 5551 1126 5621 τῆς
1153 5522 1406 5606 Νικαέων
1425 5546 1606 5616 διέδρα
1633 5522 1938 5611 τδνῆἊνδρι

2081 5539 2314 5592 ferocem
2371 5537 2588 5592 obvium
2659 5536 2950 5590 habuimus
3009 5530 3356 5585 meditantem
3418 5522 3652 5629 quinb'i-

418 5611 592 5716 νικον,
633 5649 664 5700 ὁ
693 5611 854 5710 τόπος
880 5611 1016 5715 ήμῖν
1057 5611 1339 5710 ἐξέφηνεν,
1371 5611 1560 5708 ἄγριον
1609 5634 1835 5692 ἐκεῖνον,
1884 5645 1938 5683 κε

2081 5641 2190 5682 eaea
2249 5626 2619 5682 Andronicum
2679 5626 3014 5686 deseruerat,
3061 5615 3336 5688 quomodo
3380 5611 3652 5671 interﬁce-

419 5737 536 5798 οἷον
577 5707 874 5805 θανατοῦν,
901 5707 1274 5808 ’καὶ-προτοῦ
1326 5729 1614 5800 ἐμφαγεῖνθ
1664 5725 1722 5788 ὃς
1767 5719 1856 5776 οἷά
1900 5737 1938 5773 τι

2083 5727 2167 5778 ret
2197 5726 2358 5788 atque
2417 5719 2486 5775 ad
2530 5716 2901 5774 devorandum
2963 5719 3236 5780 paratum.
3271 5707 3477 5764 Similis
3532 5709 3656 5763 erat
