4012 6226
473 319 544 382 99
1181 313 1591 372 EUSTATIIH
1614 311 2367 372 THESSALONICENSlS
2411 311 2969 371 METROPULlTxE

3612 312 3717 375 100

472 434 737 507 Erinnydi
759 435 998 504 tragicae,
1032 441 1090 485 ιιι
1125 431 1215 484 illa
1249 431 1454 484 habens
1485 429 1630 482 faces
1667 431 1733 484 ad
1764 430 2035 499 inquiren-

2161 431 2408 499 Ὶςριννὺς
2445 431 2760 500 τραγῳδικὴ
2790 431 2930 499 ἔχων
2979 430 3097 482 κατ’
3142 430 3379 499 ἐκείνην,
3414 431 3509 482 καὶ
3550 432 3716 502 δᾷδας

471 531 602 583 dum
633 542 732 580 nos
761 527 890 596 (jam
927 526 1070 578 enim
1101 531 1219 576 erat
1253 523 1408 590 nox),
1437 537 1673 592 eumque
1715 524 2038 584 invenisset,

475 621 565 673 ubi
614 617 760 672 humi
801 619 1129 684 iaceremus,
1165 627 1270 667 non
1329 615 1399 666 oh
1437 627 1686 668 somnum
1741 615 1852 683 (qui
1922 614 2033 681 jam

470 711 720 780 pluribus
761 709 956 762 abhinc
1027 706 1281 759 noctibus
1334 706 1640 758 avolaverat
1671 710 1711 774 ),
1744 705 1835 757 sed
1894 705 2038 772 quod

477 820 583 859 non
618 805 944 856 haberemus
980 799 1072 854 tibi
1125 800 1438 854 sederemus
1474 799 1555 851 vel
1596 807 1891 862 staremus,
1931 797 2039 864 jam

473 894 677 948 dudum
727 893 888 945 malis
937 889 1160 954 defessi,
1211 890 1498 944 barbarico
1543 892 1784 944 clamore
1829 906 1895 944 ex
1931 892 2042 943 fre-

471 987 657 1054 quenti
698 985 1106 1052 imprecabatur
1159 995 1482 1049 poenamque
1527 992 1766 1048 paratam
1825 981 1899 1033 illi
1947 982 2039 1049 qui

472 1091 572 1128 nos
635 1090 741 1128 non
798 1074 1128 1126 interficeret
1177 1071 1518 1134 minabatur;
1567 1079 1831 1136 pransi-nte
1878 1071 2040 1124 etiam

469 1170 705 1234 quodam
732 1166 872 1218 bono
899 1165 1066 1216 fratre
1095 1178 1160 1217 ex
1191 1177 1304 1230 quo
1337 1163 1474 1214 hanc
1500 1161 1668 1213 feram
1700 1159 1881 1214 furere
1904 1175 2040 1213 eon-

469 1266 551 1309 tra
575 1271 763 1310 sacras
786 1255 1050 1324 imagines
1071 1253 1389 1307 didicimus.
1416 1252 1548 1305 Cum
1574 1252 2039 1319 interrogaremus

469 1349 601 1416 quid
633 1362 811 1400 cansre
839 1347 994 1399 nobis
1027 1356 1173 1398 esset
1207 1343 1422 1406 mortis,
1459 1342 1693 1410 primum
1720 1343 1893 1396 iratus
1923 1357 2044 1395 ma-

469 1438 572 1502 gis,
597 1438 862 1506 judicium
885 1435 1242 1488 confirmabat
1266 1474 1280 1496 ,
1307 1433 1472 1502 quod,
1505 1434 1548 1485 si
1575 1433 1626 1485 in
1654 1433 1922 1501 principio
1945 1447 2044 1486 no-

469 1527 554 1580 bis
595 1526 860 1578 adfuisset
893 1563 908 1585 ,
945 1531 1108 1590 caput
1141 1539 1282 1576 nunc
1313 1537 1418 1574 non
1447 1521 1793 1574 haberemus.
1829 1521 2036 1575 Deinde

471 1628 530 1670 ut
573 1618 902 1685 justilicaret
953 1623 1144 1668 contra
1177 1630 1278 1668 nos
1325 1613 1480 1675 iram,
1505 1627 1657 1666 suam
1685 1613 2044 1666 exhauriebat

467 1708 794 1778 sapientiam
829 1722 928 1760 nos
963 1706 1278 1760 accusando
1329 1703 1661 1757 infidelitatis
1682 1719 1810 1772 erga
1837 1703 2029 1767 Deum,

2141 521 2538 591 ἐρεϐοδιφὴσας
2575 523 2720 591 ἡμᾶς
2776 518 2862 592 (ἦν
2917 523 3024 591 γὰρ
3067 523 3166 592 ἤδη
3220 523 3359 587 νὺξ),
3389 525 3484 575 καὶ
3515 525 3714 595 εὑρὼν,

2140 613 2270 664 ἔνθα
2301 613 2397 682 γῆς
2433 614 2849 681 ὲκοιταζόμεθα,
2875 615 2936 665 ού
2982 613 3117 683 πρὸς
3149 611 3319 666 ὕπνον
3353 615 3717 682 (ἐπτερύξατο

2141 703 2250 771 γὰρ
2291 704 2384 755 καὶ
2431 703 2594 767 αὐτὸς
2643 704 2701 767 ἐξ
2731 704 2889 772 ἡμῶν
2938 704 3032 755 ἐπὶ
3075 705 3274 766 νύκτας
3305 705 3409 773 ἤδη
3460 707 3715 776 πολλὰ),

2140 794 2254 845 ἀλλ’
2280 795 2360 846 ὅτι
2396 794 2469 864 μὴ
2501 795 2724 864 εἴχομεν
2756 795 2788 864 ἢ
2825 795 3094 862 καθῆσθαι
3121 796 3152 863 ἢ
3189 796 3469 854 ἵστασθαι,
3503 793 3590 849 οἶα
3619 813 3716 850 πο·

2141 883 2435 953 λυημίροις
2465 884 2983 952 καταπεπονημένοι
3016 887 3228 947 κακοῖς,
3281 886 3527 954 ἀνάθεμα
3574 887 3714 956 πρὸς

2144 975 2272 1044 βοὴν
2295 976 2464 1044 συχνὰ
2493 975 2825 1046 ἐϐαρϐάριζε
2853 975 2998 1028 κατὰ
3033 991 3086 1026 τι
3131 978 3303 1028 κακον
3339 977 3597 1048 φροίμιον
3633 978 3713 1048 τῷ

2147 1067 2220 1136 μὴ
2269 1065 2595 1133 φονεύσαντι
2628 1067 2796 1134 ἡμᾶς’
2850 1065 3118 1134 παρόντος
3173 1068 3268 1118 καὶ
3306 1067 3514 1134 ἀγαθοῦ
3566 1085 3715 1129 τινος

2141 1155 2372 1222 ἁδελφοὶ
2407 1155 2578 1224 αὐτῷ,
2609 1155 2668 1218 ἐξ
2709 1151 2769 1209 οὗ
2801 1156 2942 1207 κατὰ
2973 1154 3079 1206 τῶν
3118 1156 3332 1209 σεπτῶν
3364 1159 3591 1210 εἰκόνων
3617 1160 3715 1210 τὸν

2143 1246 2285 1314 θῆρα
2309 1246 2584 1316 ἐμάθομεν
2616 1247 2926 1314 μαίνεσθαι.
2964 1247 3054 1309 Ὣς
3081 1246 3139 1299 δὲ
3167 1249 3327 1316 ἡμεῖς
3351 1249 3626 1318 ἠρόμεθα,
3660 1251 3716 1301 τί

2140 1337 2201 1388 τὸ
2224 1337 2398 1390 αἴτιον
2421 1337 2518 1390 τοῦ
2547 1339 2872 1406 φονευτέους
2895 1341 3042 1408 ἡμᾶς
3072 1334 3232 1400 εἶναι,
3267 1340 3460 1409 πρῶτα
3492 1342 3592 1409 μὲν
3623 1342 3717 1396 θυ-

2145 1428 2350 1496 μωθεὶς
2379 1429 2543 1492 αὐτὸς
2573 1432 2652 1492 εἰς
2683 1431 2865 1495 πλέον,
2899 1430 3208 1498 ἐπέκρινεν,
3239 1431 3336 1494 ὡς,
3363 1433 3519 1502 εῐπερ
3548 1435 3718 1496 αὐτὸς

2142 1517 2241 1585 τὴν
2272 1519 2446 1587 ἀρχὴν
2481 1521 2612 1588 ἡμῖν
2670 1520 3016 1588 περιέτυχεν,
3049 1521 3149 1572 οὐκ
3191 1520 3257 1572 ἂν
3286 1521 3412 1588 ἄρτι
3464 1523 3715 1590 κεφαλὴν

2143 1607 2381 1676 εῐχομενο
2406 1605 2522 1660 εἶτα
2543 1610 2637 1661 καὶ
2662 1609 3047 1679 αἰτιολογήσας
3069 1611 3162 1664 τὸν
3191 1613 3312 1664 καθ’
3334 1614 3490 1682 ἡμῶν
3515 1615 3580 1666 ου
3590 1616 3712 1684 μὸν,

2147 1700 2399 1768 ἐπέραινε
2435 1701 2534 1768 τὴν
2577 1701 2744 1754 αὑτοῦ
2791 1703 2985 1769 σοφίαν
3029 1705 3108 1765 εἰς
3153 1704 3215 1756 τὸ
3264 1707 3530 1768 ἀπίστους
3561 1710 3712 1776 ἡμᾶς

467 1813 592 1850 cnm
647 1812 774 1864 erga
825 1796 1201 1848 Andronicum
1255 1793 1443 1846 fideles
1485 1807 1768 1857 essemus;
1807 1792 1870 1845 ad
1923 1793 2035 1844 haec

2141 1785 2280 1842 εἶναι
2308 1789 2447 1856 Θεῷ,
2481 1784 2568 1842 οἶα
2599 1790 2678 1860 τῷ
2732 1792 3060 1862 Ἀνδρονίκῳ
3095 1796 3346 1858 πιστούς·
3383 1797 3520 1865 πρὸς
3565 1799 3715 1868 ἅπερ

468 1906 569 1944 nos
597 1889 1035 1953 dissimulantes,
1083 1888 1345 1953 variaque
1377 1885 1623 1936 dicentes
1652 1893 1706 1936 et
1744 1884 2044 1936 clamantes

469 1983 595 2035 huic
633 1982 826 2035 insano
857 1980 1108 2048 (charum
1142 1980 1284 2031 enim
1317 1976 1472 2029 nobis
1519 1984 1682 2042 caput
1732 1974 2041 2042 nostrum),

469 2083 651 2126 tamen
677 2070 910 2124 ferocem
940 2070 1072 2123 adeo
1103 2067 1476 2128 deliniiimus,
1511 2077 1590 2129 ut,
1618 2072 1902 2130 postquam
1943 2079 2043 2118 nos

468 2164 844 2230 complexatus
887 2172 1029 2214 esset
1065 2172 1394 2226 manumque
1423 2168 1566 2211 esset
1601 2158 1898 2219 osculatus,
1935 2155 2044 2209 dis-

469 2257 712 2308 cederet.

531 2343 620 2398 95.
664 2343 740 2395 lta
801 2357 931 2410 ergo
972 2343 1230 2409 agitatam
1281 2348 1494 2393 noctem
1548 2337 1838 2392 habuimus
1883 2336 2042 2389 modo

469 2436 706 2498 facibus,
745 2434 906 2488 modo
939 2431 1272 2487 clamoribus
1303 2430 1452 2483 illius
1480 2446 1494 2494 ;
1528 2442 1674 2482 nunc
1691 2435 1870 2482 autem
1899 2427 2040 2480 inter

465 2527 712 2595 jacentes
761 2524 1008 2593 captivos
1043 2521 1331 2584 Comneni,
1377 2535 1503 2574 cum
1544 2520 1618 2573 ibi
1667 2533 1869 2587 paucos
1922 2517 2038 2572 dies

469 2617 1023 2685 consumpsissemus,
1055 2629 1123 2667 ex
1151 2611 1530 2666 misericordia
1561 2610 1742 2663 cibum
1769 2609 2038 2678 recipien-

470 2718 568 2769 tcs,
608 2715 771 2774 atque
807 2720 872 2758 ex
907 2703 1142 2774 quodam
1190 2702 1336 2756 illius
1372 2715 1628 2756 nummos
1673 2716 1869 2762 aereos,
1901 2715 2038 2767 quo-

465 2812 588 2850 rum
610 2798 813 2850 donum
847 2804 976 2848 tunc
1021 2804 1397 2861 comparatum
1442 2791 1542 2844 fuit
1566 2791 1837 2844 thesauris
1863 2790 2038 2843 (Στωδί

467 2887 766 2958 (donatoris
821 2888 1142 2940 misereatur
1193 2882 1442 2951 Densi);
1474 2882 1668 2936 deinde
1719 2882 1786 2934 ad
1818 2891 2032 2943 contos,

469 2989 526 3032 ut
552 2978 724 3047 magis
763 2974 1036 3039 usuvenit,
1074 2973 1140 3026 ad
1172 2975 1403 3026 comites
1435 2973 1566 3039 (non
1594 2971 1737 3026 enim
1771 2971 2034 3026 barbaras

471 3082 630 3121 voces
681 3067 954 3121 sustinere
992 3065 1263 3132 possum),
1299 3053 1544 3116 conrersi
1581 3077 1788 3115 smnus.

537 3247 627 3301 96.
670 3245 994 3300 Summatim
1041 3243 1220 3298 adhuc
1261 3241 1562 3296 referemus
1593 3257 1711 3306 nos,
1746 3251 2035 3312 postquam

469 3339 635 3393 multa
665 3337 738 3390 ibi
772 3336 914 3406 passi
969 3335 1284 3399 fuissemus,
1315 3348 1454 3403 aegre
1496 3342 1616 3401 post
1669 3333 1880 3402 aliquos
1921 3333 2036 3388 dies

467 3431 630 3483 dan
659 3426 842 3481 Sancti
871 3425 1154 3479 restitutos
1183 3425 1351 3478 fuisse
1371 3440 1386 3488 ;
1409 3423 1935 3491 occurrentibnsqnc
1961 3424 2034 3476 ibi

467 3521 719 3575 tribubus
747 3517 958 3571 Latinis
980 3518 1210 3586 locaque
1237 3515 1358 3571 aliis
1395 3515 1704 3569 hominibus
1731 3516 1934 3584 repleta
1958 3515 2036 3568 vi-

467 3613 680 3675 dentes,
711 3609 1085 3678 snperioribus
1118 3606 1586 3674 inferioribusque
1636 3606 1884 3674 partibus
1923 3607 2033 3675 jam

465 3701 766 3771 occupatis,
787 3700 853 3754 ad
877 3692 1150 3752 hortulum
1174 3697 1533 3760 concessisse;
1555 3697 1787 3765 primum
1817 3696 2037 3750 traden-

467 3805 550 3848 tt-s
572 3809 671 3847 nos
695 3791 1041 3846 delectationi
1069 3788 1369 3843 brevissimi
1398 3787 1572 3840 balnei
1603 3787 1750 3839 humi
1769 3786 2030 3854 iacuisse,

468 3900 606 3958 puro
628 3883 874 3953 gramine
899 3881 1215 3950 supposito;
1241 3888 1365 3934 octo
1392 3878 1510 3933 dies
1534 3878 1961 3945 consumpsisse,
1978 3878 2028 3930 in

467 3979 666 4046 quibus
709 3988 900 4043 panem
942 3987 1137 4042 purum
1195 3987 1301 4024 non
1355 3971 1626 4032 vidimus,
1659 3971 1750 4024 sed
1799 3969 2032 4039 panibus

468 4063 851 4120 sulicinerieiis
886 4077 950 4113 ex
989 4061 1202 4114 furfure
1243 4060 1511 4114 confectis
1552 4061 1762 4113 ventris
1805 4060 2028 4114 avidita-

467 4170 571 4210 tem
624 4153 981 4212 satiavimus;
1028 4159 1148 4219 post
1199 4151 1297 4204 hos
1344 4151 1461 4202 dies
1537 4166 1642 4203 non
1718 4152 1841 4203 vino
1901 4165 2028 4204 usos

467 4245 659 4305 fuisse,
711 4242 804 4294 sed
861 4239 1138 4309 paululum
1205 4239 1313 4290 vini
1384 4238 1549 4291 fucati
1600 4249 1656 4293 et
1698 4241 1849 4309 quasi
1911 4251 2030 4308 gut-

469 4335 619 4386 talim
664 4331 890 4392 bibisse,
929 4345 1235 4399 panemque
1283 4327 1666 4383 fermentatum
1727 4331 2028 4385 comedisse

465 4441 530 4479 ae
582 4425 786 4492 aliquot
819 4423 957 4488 alia;
1003 4437 1104 4476 nec
1140 4422 1417 4475 hortulum
1461 4419 1632 4473 fuisse
1683 4420 1838 4474 nobis
1896 4435 2026 4488 por-
2053 4457 2106 4516 Β

469 4529 579 4570 tum
629 4520 892 4571 adversus
962 4513 1228 4567 tumultus
1285 4511 1583 4567 Latinieos.
1615 4510 1671 4564 Si
1711 4527 1872 4581 quem
1931 4513 2023 4580 ju-

463 4619 657 4663 varent
736 4608 958 4660 arbores
1014 4605 1386 4674 imprimisque
1470 4604 1736 4665 ﬁculneae,
1795 4617 2024 4672 quarum

464 4700 680 4753 fructus
711 4699 1039 4752 immaturus
1071 4694 1368 4748 insalubris
1415 4705 1534 4748 erat
1579 4695 1666 4748 his
1698 4694 1788 4761 qui
1839 4693 2024 4746 crudis

462 4797 778 4848 vescuntur.
810 4788 856 4840 si
891 4787 1020 4840 item
1065 4783 1259 4838 areolae
1287 4799 1318 4838 e
1347 4783 1548 4850 quibus
1590 4791 1859 4851 quotquot
1895 4781 2026 4835 deli-

463 4880 562 4932 cia:
594 4885 952 4941 enascuntur,
987 4877 1090 4929 alia
1117 4889 1250 4928 cura
1276 4882 1360 4928 est
1393 4874 1481 4928 his
1519 4875 1612 4942 qui
1664 4874 1898 4926 maxime
1931 4873 2030 4924 hu-

460 4967 702 5038 iusmodi
735 4969 1094 5021 delectantur.
1143 4963 1199 5019 Si
1247 4972 1480 5033 tapetem
1501 4965 1696 5033 pedum
1747 4964 2032 5018 conculca-

464 5066 607 5120 rcnt,
651 5055 786 5109 nihil
819 5064 936 5109 erat
964 5055 1256 5109 dicendum
1290 5053 1446 5123 quasi
1491 5053 1805 5122 impatibilis
1837 5053 2028 5105 fuisset

464 5151 556 5221 qui
613 5147 940 5203 sustinebat.
1003 5146 1179 5199 Simul
1233 5147 1376 5199 enim
1428 5145 1752 5199 sedebamus
1784 5152 1840 5197 et
1889 5159 2028 5212 pau-

466 5253 624 5310 peres
660 5234 1076 5298 eommensalcs,
1099 5248 1266 5303 panes
1297 5249 1360 5287 ex
1399 5233 1606 5287 furfure
1625 5248 1725 5303 pro
1775 5234 1896 5288 cibo
1939 5252 2030 5289 sn-

473 5339 698 5385 mentes.
731 5325 866 5380 Male
888 5327 1104 5378 educati
1137 5325 1313 5393 parati
1347 5325 1413 5377 ad
1469 5325 1778 5379 vellendum
1821 5341 1852 5378 e
1886 5335 2031 5378 terra

467 5434 586 5487 quae
616 5433 832 5489 semper
880 5415 1075 5486 juvant
1119 5430 1211 5469 eos
1271 5415 1363 5482 qui
1398 5417 1586 5483 .horto
1652 5414 2029 5484 perfruuntur,

470 5511 626 5562 nobis
653 5512 791 5565 idem
841 5508 1036 5563 facturi
1065 5517 1257 5572 erant;
1302 5506 1653 5569 accedentes,
1697 5507 1894 5561 deinde
1941 5522 2028 5561 rc-

469 5604 754 5658 vertentcs,
804 5599 949 5652 (irca
985 5595 1171 5652 sedem
1217 5608 1278 5648 se
1311 5593 1625 5666 spoliantes,
1661 5595 2026 5663 dejectionmn

470 5696 630 5735 causa
656 5698 714 5738 se
740 5687 1086 5744 demittentes
1115 5686 1604 5757 apprOpinquando
1630 5686 1789 5742 nobis
1815 5687 1887 5740 nil
1915 5687 2022 5742 nisi

2147 1881 2304 1950 ἡμεῖς
2347 1880 2831 1949 ύπουλευσάμενοι,
2863 1885 2959 1935 καὶ
2989 1885 3227 1951 ,ποικίλα
3271 1887 3627 1956 λαλήσαντες,
3676 1891 3710 1946 ἢ

2143 1970 2577 2039 λαλαγήσαντες,
2626 1972 2761 2040 πρὸς
2797 1974 2966 2042 ἄνδρα
3018 1975 3345 2045 μαινόμενον
3377 1979 3713 2047 (ἠγαπῶμεν

2145 2061 2249 2130 γὰρ
2277 2059 2426 2129 ἔχειν
2469 2061 2758 2131 κεφαλὴν),
2800 2065 2955 2132 μόλις
3003 2066 3436 2136 ὲξημερώσαμεν
3477 2073 3571 2122 τὸν
3599 2072 3714 2123 ἀτί-

2143 2152 2364 2216 θασσον,
2393 2154 2467 2216 ὡς
2499 2155 2594 2207 καὶ
2620 2154 2971 2209 ἀσπάσασθαι
2993 2159 3162 2226 ἡμᾶς,
3207 2158 3302 2212 καὶ
3329 2161 3408 2221 εἰς
3437 2162 3594 2232 χεῖρα
3623 2179 3712 2229 φι-

2143 2243 2382 2312 λήσαντα
2404 2244 2668 2313 οἴχεσθαι.

2214 2333 2316 2401 με’.
2335 2335 2444 2390 Καὶ
2455 2334 2626 2399 οὕτως
2639 2339 2799 2408 ἡμεῖς
2815 2356 2873 2392 τε
2891 2338 3061 2395 νύκτα
3072 2343 3433 2416 καταθετικὴν
3446 2346 3706 2416 εὕρομεν.

2143 2426 2250 2476 τῶν
2274 2423 2486 2478 ἐκείνου
2511 2427 2683 2498 δᾴδων
2712 2431 2804 2483 καὶ
2821 2430 2998 2484 λάλων
3014 2433 3423 2503 ἀπαλλαγέντες
3459 2439 3706 2508 χειλέων,

2142 2515 2235 2568 καὶ
2265 2517 2311 2568 οἱ
2350 2522 2899 2590 συγκατεστρωμένοι
2930 2524 3267 2592 αἰχμάλωτοι
3297 2529 3353 2588 ἐς
3393 2530 3701 2598 Κομνηνοῦ,

2140 2608 2234 2660 καὶ
2267 2607 2624 2677 διαγαγόντες
2653 2611 2769 2664 ἐκεῖ
2799 2614 3059 2681 μετὰτῶν
3085 2618 3545 2687 συναιχμαλώτων
3571 2624 3706 2690 ὴμέ-

2142 2715 2240 2766 ρας
2277 2698 2489 2766 ὀλίγας.
2521 2703 2615 2754 καί
2659 2719 2714 2755 τι
2742 2705 2838 2756 καὶ
2871 2705 3192 2773 ἐλεηθέντες
3245 2710 3321 2772 είς
3352 2709 3584 2779 τροφὴν,
3614 2716 3706 2764 ναὶ

2136 2788 2194 2840 δὲ
2223 2790 2328 2842 ὑπό
2355 2807 2498 2855 τινος
2537 2793 2647 2844 τῶν
2674 2795 2885 2847 ἐκείνου
2917 2797 3010 2848 καὶ
3045 2798 3125 2859 είς
3181 2799 3388 2867 χάλκεα
3429 2803 3702 2870 κέρματα,

2135 2874 2209 2933 ὢν
2239 2884 2272 2952 ἡ
2309 2883 2454 2948 δόσις
2483 2887 2617 2954 ἡμῖν
2641 2887 2948 2956 τηνικαῦτα
2976 2889 3058 2952 είς
3091 2890 3400 2963 θησαυροὺς
3421 2895 3700 2964 ινεγρὰφη

2136 2974 2371 3039 Κροίσου
2407 2977 2524 3044 (καὶ
2550 2977 2774 3046 ἐλεῆσαι
2802 2979 2831 3032 δ
2856 2979 2987 3041 Θεὸς
3019 2982 3228 3034 ἐκεῖνον
3258 2985 3348 3036 τὸν
3370 2985 3680 3054 ἄνθρωπον)

2135 3059 2258 3118 εἶτα
2284 3066 2380 3120 καὶ
2398 3070 2476 3132 εἰς
2498 3069 2624 3132 τοὺς
2640 3071 2883 3133 κόντους,
2899 3070 3073 3123 εἰπεῖν
3096 3071 3152 3124 δὲ
3173 3076 3587 3147 συνηθέστερον.
3608 3078 3672 3128 κό

2065 3135 2110 3195 C
2145 3171 2321 3223 μητας
2337 3156 2504 3223 (μισῶ
2522 3158 2630 3227 γὰρ
2645 3156 2705 3210 τὸ
2723 3158 2976 3226 ἀκράτως
2994 3135 3681 3234 βάρδαρονίεκομίσθημεν

2211 3249 2328 3311 ιιςν.
2347 3247 2467 3299 Ἔτι
2489 3248 2960 3318 κεφαλαιώσομαι,
2980 3253 3075 3304 καὶ
3086 3253 3168 3305 ὅτι
3187 3254 3575 3318 ἀεθλεύσαντες
3599 3274 3674 3324 μα

2138 3340 2246 3404 κρά
2264 3337 2358 3389 καὶ
2379 3338 2515 3400 ἐκεῖ,
2539 3339 2692 3406 μόλις
2710 3340 2847 3409 μετὰ
2872 3344 2964 3394 καὶ
2995 3343 3185 3412 ἐτέρας
3217 3345 3433 3414 ἡμέρας
3467 3348 3697 3416 μετρίας

2139 3425 2216 3492 τῷ
2245 3426 2338 3479 τοῦ
2366 3428 2518 3494 ἁγίου
2539 3430 2674 3498 οῐκῳ
2697 3431 3184 3502 ἁποκατέστημεν·
3214 3437 3306 3488 καὶ
3329 3437 3412 3488 ὅτι
3443 3437 3699 3504 εὑρόντες

2135 3518 2254 3570 ἐκεῖ
2284 3519 2428 3586 φῦλα
2452 3520 2740 3581 Λατινικὰ,
2782 3523 2873 3575 καὶ
2904 3523 3158 3592 ὲτεροίων
3183 3525 3237 3577 δὲ
3265 3523 3566 3594 ἀνθρώπων
3600 3526 3697 3594 γέο

2139 3625 2310 3672 pavr:
2343 3610 2564 3670 ἰδόντες,
2617 3612 2687 3664 τά
2737 3629 2795 3664 τε
2827 3615 2938 3666 ἄνω
2968 3614 3036 3666 τά
3067 3631 3126 3666 τε
3175 3617 3321 3667 κάτω
3356 3615 3414 3679 ἐξ
3445 3617 3697 3685 ἀνάγκης

2133 3699 2434 3769 ἐγενόμεθα
2463 3701 2559 3754 τοῦ
2582 3703 2724 3756 κατὰ
2753 3705 2844 3756 τὸν
2871 3701 3020 3756 οἷκον
3054 3705 3307 3774 κηπιδίου
3327 3722 3342 3736 ·
3367 3707 3460 3757 καὶ
3490 3706 3700 3758 ἐπιδόν-

2133 3806 2224 3850 τες
2255 3790 2481 3853 ἑαυτοὺς
2515 3793 2822 3863 πεσσουλίῳ
2851 3793 2944 3846 τοῦ
2978 3795 3156 3846 ἐκεῖσε
3215 3794 3552 3863 βραχυτάτου
3579 3796 3688 3848 λοεο

2133 3877 2284 3946 τροῦ,
2343 3879 2625 3948 ἐκείμεθα,
2683 3881 2873 3948 χόρτον
2931 3882 3164 3950 ἄμικτον
3217 3879 3694 3948 ὑποϐεϐλημένου

2133 3969 2228 4020 καὶ
2265 3970 2345 4020 ὅτι
2391 3970 2538 4022 ὀκτὼ
2569 3973 2942 4041 μετρήσαντες
2996 3972 3226 4041 ἡμέρας,
3279 3973 3337 4022 ὲν
3385 3965 3474 4031 οἷς
3527 3973 3693 4039 ἄρτον

2131 4060 2409 4128 ἀκραιφνῆ
2438 4060 2558 4113 οὐδὲ
2582 4061 2815 4130 εἴδομεν.
2847 4062 2981 4115 ἀλλὰ
3011 4064 3122 4124 τοῖς
3144 4065 3206 4116 ἐκ
3231 4061 3471 4130 πιτύρων
3497 4063 3696 4130 ἐγκρυ-

2131 4154 2280 4215 φζαις
2323 4153 2778 4221 ἐχρεωκοποῦμεν
2809 4153 2870 4206 τὸ
2896 4155 2994 4220 τῆς
3026 4155 3262 4224 γαστρὸς
3312 4156 3489 4222 λίχνον
3511 4169 3529 4188 ο
3597 4157 3691 4206 καὶ

2132 4240 2276 4292 οἴνου
2298 4241 2354 4292 δὲ
2380 4242 2514 4309 μηδὲ
2545 4243 2797 4311 μύρισμα
2821 4244 3216 4313 εὐτυχήσαντες
3239 4245 3358 4314 μετ’
3376 4246 3567 4306 αὑτὰς,
3596 4248 3691 4297 καὶ

2130 4333 2273 4383 οῐνου
2336 4331 2686 4402 ψευδωνύμου
2743 4336 2924 4403 ἡρέμα
2984 4337 3080 4389 καὶ
3135 4337 3210 4400 ὡς
3269 4338 3483 4405 ἀληθῶς
3547 4343 3694 4390 κατὰ

2136 4424 2378 4490 στράγγα
2412 4425 2772 4493 μετέσχομεν,
2833 4428 2927 4480 καὶ
2955 4428 3121 4497 ἄρτου
3176 4430 3232 4482 δὲ
3291 4428 3541 4496 ζυμίτου,
3595 4435 3693 4484 καὶ

2129 4511 2306 4564 ἄλλων
2337 4513 2391 4564 δέ
2417 4529 2579 4568 τινων
2601 4531 2615 4544 '
2649 4519 2742 4568 καὶ
2771 4517 2853 4568 ὅτι
2883 4518 3003 4570 οὐδὲ
3042 4519 3102 4570 τὸ
3141 4520 3338 4586 κηπίον
3372 4515 3486 4588 εἶχε
3521 4519 3691 4590 λιμὴν

2130 4606 2263 4672 ἡμῖν
2294 4607 2548 4671 γενέσθαι
2575 4607 2666 4660 τοῦ
2705 4610 2996 4661 Λατινικοῦ
3029 4609 3315 4671 κλύδωνος.
3369 4613 3476 4663 Καὶ
3505 4614 3553 4662 εἰ
3585 4613 3690 4679 μὲν

2127 4695 2363 4761 δένδροις
2412 4697 2717 4765 ὴχρειοῦτο,
2779 4701 2872 4751 καὶ
2924 4699 3157 4768 μάλιστα
3196 4703 3407 4763 συκαῖς,
3463 4696 3536 4752 ὦν
3590 4706 3694 4753 καὶ

2129 4786 2308 4854 ἄωρος
2362 4789 2390 4840 ό
2420 4789 2631 4857 καρπὸς
2681 4794 3053 4860 παρηνομεῖτο
3110 4794 3217 4854 τοῖς
3269 4793 3552 4862 ὡμησταίς
3609 4798 3694 4855 εἰς

2131 4875 2425 4946 ἔμϐρωμα.
2457 4879 2539 4930 ἔτι
2597 4880 2653 4933 δὲ
2700 4882 2796 4932 καὶ
2830 4883 3111 4949 πρασιαῖς,
3146 4882 3180 4934 ἃ
3203 4882 3266 4949 δὴ
3291 4882 3526 4949 φίλτατα
3557 4885 3696 4951 ἡμῖν

2130 4964 2358 5030 ἔφυσαν,
2413 4969 2549 5040 ἄλλη
2600 4970 2758 5022 τοῦτο
2821 4970 2965 5037 λύπη
3013 4971 3126 5030 τοίς
3160 4986 3223 5036 γε
3282 4971 3692 5036 φιλοτοιούτοις.

2134 5058 2265 5108 Ὀτε
2297 5056 2354 5108 δὲ
2390 5059 2485 5110 καὶ
2539 5060 2639 5128 τὴν
2690 5060 3047 5112 ύποποδιαίαν
3095 5061 3350 5128 ὴχρείουν
3384 5061 3695 5128 τράπεζαν,

2131 5146 2246 5198 ἀλλ’
2279 5150 2454 5201 ἐκεῖνο
2509 5151 2607 5202 ούκ
2659 5151 2765 5218 ἔχω
2807 5153 3036 5217 φράσαι,
3087 5152 3236 5212 ὅπως
3295 5155 3362 5204 ἂν
3396 5155 3557 5221 φέροι
3607 5170 3702 5216 τις

2131 5239 2378 5300 ἀπαθῶς.
2425 5241 2775 5309 Ἐκαθήμεθα
2813 5241 2913 5309 μὲν
2967 5243 3077 5310 γὰρ
3126 5243 3380 5312 ὁμιλαδὸν
3444 5245 3493 5296 οί
3549 5262 3706 5298 πτω-

2131 5330 2218 5397 χοὶ
2275 5329 2540 5394 σύσσιτοι,
2571 5333 2698 5392 τοὺς
2747 5334 3000 5402 πιτυρίας
3054 5333 3487 5402 προϐεϐλημένοι
3557 5337 3703 5401 πρὸς

2130 5421 2361 5489 τροφήν.
2393 5421 2454 5471 υἱ
2480 5421 2537 5473 δὲ
2563 5422 2875 5475 ἀπαίδευτοι
2914 5425 3140 5489 ἀφέντες
3173 5425 3379 5492 κείρειν
3406 5425 3474 5475 τὰ
3505 5425 3570 5476 ἐκ
3593 5424 3706 5494 τῆς

2132 5510 2258 5576 γῆς,
2285 5505 2368 5572 οἷς
2397 5509 2614 5580 ἔχαιρον
2664 5513 3172 5582 ιμφιλοχωροῦντες
3231 5515 3318 5567 ἀεὶ
3370 5513 3448 5582 τῷ
3509 5517 3700 5585 κήπῳ,

2129 5599 2488 5662 ἐσκευάζοντο
2516 5601 2634 5654 καθ’
2658 5604 2817 5671 ἡμῶν
2842 5620 2854 5633 ·
2891 5605 2983 5656 καὶ
3015 5605 3352 5671 ἐγγίσαντες,
3390 5601 3506 5656 εἶτα
3532 5621 3705 5674 στρα-

2133 5690 2344 5759 φέντες,
2384 5697 2478 5746 καὶ
2529 5697 2594 5750 τὰ
2627 5697 2752 5766 περὶ
2783 5695 2881 5764 τὴν
2908 5696 3068 5765 ἕδραν
3126 5697 3536 5767 γυμνώσαντες,
3596 5697 3700 5750 καὶ
