4012 6226
457 275 556 338 ῗοῖἱ
1193 281 1608 340 EUSTATHII
1649 282 2399 345 THESSALONICENSIS
2439 285 2997 345 METRUPOLITIE

3591 283 3690 348 104

446 395 566 444 tino
615 405 744 444 vero
783 392 1066 447 recedebat
1123 395 1472 462 ganniendo;
1509 404 1731 451 noverat
1769 397 1912 451 enim
1945 412 2044 459 cx.

2189 401 2311 451 καθ’
2358 402 2504 468 ἡμᾶς
2541 401 2693 462 πόλις
2743 401 3056 454 ἐσπάνισεν.
3122 396 3190 450 Et
3232 395 3374 453 τιδέ
3434 413 3537 449 που
3600 409 3689 456 καὶ

446 482 556 536 illis
583 484 676 552 qui
702 484 1047 538 maliessent.
1081 483 1206 537 Erat
1228 497 1407 539 autem
1448 487 1589 542 fama
1631 503 1820 556 sparsa
1854 498 1914 542 ut
1944 488 2012 543 de

447 573 594 628 ranis
619 575 923 632 tacentibus
973 575 1024 628 in
1087 575 1334 644 Seripho,
1366 578 1540 646 deque
1565 580 2011 647 hujusmodiqui-

449 663 677 719 busdam
701 666 902 718 cicadis
920 663 1102 729 Italize,
1125 667 1194 718 ita
1219 667 1358 736 apud
1379 683 1480 722 nos
1493 669 1557 721 de
1575 669 1800 724 canibus
1819 669 2004 722 mutis.

2122 485 2524 556 περιλέλειπτο,
2576 489 2768 557 ἀνδρὸς
2821 489 2924 557 μὲν
3003 487 3279 555 Ῥωμαίου
3347 487 3692 541 κατεϐάῢσεν

2120 577 2186 629 ἂν
2217 578 2310 629 καὶ
2331 579 2637 649 κατέδραμε
2661 595 2676 612 ο
2719 581 2932 648 Λατίνῳ
2955 580 3010 633 δέ
3037 578 3372 648 ὑπεξεχώρει
3409 579 3696 648 κνυζὼμεο

2113 683 2222 718 νον.
2258 666 2522 734 Κατέγνω
2550 668 2658 734 γὰρ
2675 669 2767 719 καὶ
2792 667 2857 719 τὰ
2883 665 3102 719 τοιαῦτα
3125 661 3182 718 οἷ
3203 660 3550 732 κακοῦξῆσαν.
3587 665 3696 717 Καὶ

453 753 566 825 εἷχε
621 758 1091 828 παροιμιάσασθαί
1148 778 1232 823 τις
1279 761 1400 814 τότε
1438 763 1577 814 κατά
1615 763 1740 824 τοὺς
1791 762 1848 815 ἐν
1881 763 2096 832 Σερίφῳ
2131 762 2400 829 σιγῶντας
2452 761 2755 832 βατράχους
2804 760 2899 814 καί
2952 776 3102 823 τινας
3145 758 3416 819 τοιούτους
3461 755 3696 820 Ἰταλοὺς

455 855 726 922 τέττιγας,
762 854 904 908 οὕτω
942 860 1035 912 καὶ
1063 857 1230 919 κύνας
1255 858 1505 925 ἀφώνους
1525 859 1654 921 τοὺς
1683 861 1814 929 παρ’
1847 860 2005 929 ἡμῖν.

525 950 617 1004 99.
651 950 995 1019 Direpliones
1033 968 1127 1019 per
1154 953 1268 1008 vias
1301 963 1356 1007 et
1383 955 1573 1009 domos
1594 955 1648 1008 in
1688 969 1887 1008 novum
1916 968 2029 1007 mo-

456 1041 580 1092 dum
611 1042 800 1110 praelii,
826 1057 930 1095 non
953 1058 1080 1095 vero
1102 1044 1297 1097 bonam
1322 1045 1634 1110 patientiam
1663 1044 1859 1100 referet
1880 1044 2027 1115 quis:

2199 955 2305 1021 l.,0'.
2352 956 2459 1007 Καὶ
2490 937 2766 1024 ἀμφόδους
2795 952 2894 1021 μέν
2919 950 3352 1020 κατατρέχεσθαι
3380 949 3475 1004 καὶ
3495 948 3695 1014 οἰκίας,

2129 1050 2230 1100 οὐκ
2283 1043 2342 1098 εὖ
2397 1047 2630 1115 πάσχειν
2659 1046 2759 1097 οὐκ
2789 1045 2855 1097 ἂν
2909 1045 2988 1106 είς
3025 1045 3204 1112 μάχης
3261 1043 3696 1110 καινοπράγημα

453 1143 506 1187 at
535 1134 728 1202 templa
753 1134 933 1188 divina
955 1134 1144 1188 violari
1172 1137 1274 1190 hoc
1300 1136 1481 1189 divina
1507 1152 1684 1207 pugna
1716 1138 1863 1192 brevi
1883 1136 2031 1205 judi-

2154 1142 2249 1209 tslq
2285 1158 2368 1203 τις
2389 1155 2403 1170 ⁸
2440 1139 2616 1200 θείους
2645 1138 2699 1191 δέ
2729 1137 2890 1198 ναοὺς
2917 1134 3344 1206 τυραννιεῖσθαι,
3373 1135 3509 1186 ἀλλά
3531 1133 3700 1184 τοῦτο

454 1223 690 1277 cabitur.
721 1224 825 1277 Alii
849 1236 969 1292 post
999 1226 1133 1281 alios
1162 1237 1442 1282 currentes
1469 1228 1908 1292 barbari,omnis
1941 1242 2033 1297 ge-

459 1316 607 1368 neris
637 1317 836 1369 malum
878 1317 1150 1372 faciebant
1193 1327 1356 1387 atque
1412 1320 1466 1372 in
1522 1320 1818 1374 vindictam
1861 1319 2029 1374 Deum

2133 1233 2404 1303 θεομαχία
2429 1231 2652 1301 κρίνοιτ’
2692 1229 2756 1282 ἂν
2784 1229 3103 1297 ἀγχίθυρον.
3153 1227 3541 1296 Εἱστρὲχοντες
3591 1227 3705 1292 γὰρ

2133 1328 2229 1378 καὶ
2253 1327 2333 1388 είς
2361 1323 2555 1387 αὐτοὺς
2595 1322 2858 1382 ἑκάστους
2885 1322 2935 1372 οἱ
2972 1318 3257 1389 βάρϐαροι,
3295 1317 3509 1369 ἐποίουν
3565 1318 3707 1369 πάν-

462 1407 846 1472 provocabant.
887 1406 1055 1471 Quam
1106 1408 1306 1461 multos
1363 1408 1508 1462 viros
1544 1423 1750 1472 sacros,
1793 1409 2036 1462 vestibus

2154 1419 2305 1475 ῖεινα,
2331 1414 2423 1467 καὶ
2451 1408 2537 1466 οἷα
2565 1413 2696 1465 Θεὸν
2729 1410 2994 1482 ἐρεθίζειν
3022 1411 3099 1472 είς
3126 1410 3355 1477 ἄμυναν.
3389 1409 3501 1460 Καὶ
3542 1407 3708 1468 ὅσους

461 1496 632 1549 sacris
666 1498 824 1563 quasi
879 1498 1055 1550 lorica
1134 1498 1347 1552 indutos
1417 1497 1684 1552 feriebant
1735 1499 2020 1566 plerosque

462 1585 526 1638 ad
568 1594 819 1648 mortem,
855 1587 991 1639 alios
1019 1586 1236 1655 quidam
1289 1589 1342 1641 in
1405 1588 1523 1657 ipso
1591 1589 1797 1657 pulpito
1849 1605 2028 1652 sacro,

2142 1507 2244 1574 μὲν
2313 1507 2492 1575 ἱεροὺς
2547 1504 2770 1573 ἄνδρας,
2831 1499 3344 1571 τεθωρακισμένους
3395 1493 3514 1565 οἷον
3575 1500 3701 1558 ταῖς

2137 1595 2463 1663 ἀγιωτέραις
2513 1593 2620 1646 τῶν
2654 1592 2878 1650 στολῶν,
2915 1590 3248 1643 κατέκοπτον
3303 1589 3428 1650 τοὺς
3485 1586 3706 1648 πλείους

460 1677 598 1731 alios
651 1692 778 1730 vero
829 1687 980 1732 extra
1031 1680 1254 1748 templa,
1311 1694 1448 1748 quos
1509 1680 1646 1734 forte
1703 1681 2038 1735 invenissent

2154 1690 2216 1749 εἰς
2237 1688 2484 1747 θάνατον,
2509 1688 2634 1748 τοὺς
2671 1687 2766 1752 μέν
2795 1684 2880 1736 ἐπ’
2901 1683 3066 1735 αὑτοῦ
3092 1681 3184 1734 τοῦ
3218 1680 3402 1732 ἐνθέου
3434 1679 3707 1748 βήματος,

458 1782 640 1822 coram
677 1768 784 1822 Deo
805 1769 1011 1832 sicarii,
1051 1785 1240 1824 omnes
1270 1771 1431 1824 etiam
1466 1772 1633 1825 laicos
1661 1786 1892 1840 quorum
1941 1786 2036 1824 ora

2154 1780 2264 1841 τοὺς
2302 1777 2358 1831 δέ
2395 1780 2488 1833 καλ⁸
2520 1777 2693 1840 ἐκτὸς,
2746 1777 2869 1830 ὅποι
2924 1773 3061 1844 τύχῃ
3115 1772 3328 1841 εὕροιεν
3361 1759 3415 1823 οί-
3440 1771 3705 1838 φονευταὶ

461 1859 793 1911 resonabant
819 1873 971 1923 voce,
1000 1878 1017 1909 ‹
1055 1860 1242 1929 Kyrie,
1265 1861 1469 1914 eleison
1504 1880 1522 1912 ι
1561 1862 1868 1930 plectebant
1890 1861 2043 1929 capi-

465 1947 614 2002 tibus
643 1949 936 2016 quzerendo
972 1949 1180 2003 ironice
1200 1951 1327 2019 quid
1353 1960 1498 2005 esset
1535 1969 1553 2002 ι
1576 1951 1743 2022 Kyrie
1769 1952 1992 2013 eleison,
2016 1969 2035 2001 ι

465 2050 529 2088 ac
565 2036 810 2091 ridendo.
841 2037 1092 2093 Mulieres
1142 2039 1481 2094 venerabiles
1531 2040 1584 2094 in
1627 2041 1853 2109 templis
1895 2040 2044 2108 depi-

466 2135 568 2180 cta:
601 2126 666 2180 ad
724 2126 1078 2191 salacitatem,
1137 2127 1311 2196 deque
1357 2129 1602 2183 castitate
1635 2135 1863 2191 vexatae,
1904 2127 2045 2181 Ecce

463 2233 580 2281 eas,
622 2217 873 2286 logantor
917 2218 984 2271 de
1017 2219 1218 2281 causis,
1248 2219 1366 2271 alize
1405 2218 1748 2286 matrimonio
1791 2216 2042 2285 alligatm,

471 2308 590 2361 aliae
632 2285 702 2361 ob
732 2307 1091 2377 virginitatem
1150 2309 1257 2362 Deo
1285 2307 1497 2372 dicatae,
1532 2285 1655 2360 alia:
1685 2320 1899 2374 sponsa:
1928 2303 2041 2357 Dei.

471 2397 530 2452 Si
576 2413 681 2452 una
725 2405 936 2452 tantum
989 2414 1054 2452 ex
1095 2398 1202 2453 illis
1236 2398 1641 2468 depingeretur,
1681 2395 1819 2450 forte
1864 2395 2046 2449 minus

471 2496 616 2543 esset
665 2488 890 2542 malum.
927 2486 1058 2552 Quze
1101 2496 1227 2540 sunt
1260 2501 1387 2540 vero
1416 2498 1732 2540 communes
1771 2483 1824 2536 in
1857 2482 2048 2550 hujus-

476 2576 643 2639 modi,
683 2586 742 2629 ut
763 2576 983 2644 quidam
1009 2576 1236 2641 diceret,
1286 2590 1444 2638 anus,
1478 2588 1586 2628 non
1611 2573 1817 2627 luctum
1852 2571 2046 2626 condi-

473 2681 638 2735 gnum
670 2666 999 2720 invenirent.

546 2863 670 2919 100.
703 2863 802 2916 llic
843 2861 1047 2929 aliquid
1096 2860 1224 2913 boni
1273 2859 1338 2914 de
1367 2857 1620 2912 Barbaris
1679 2857 1809 2911 mihi
1861 2857 2048 2913 dicen-

477 2957 606 3009 dum
637 2963 741 3018 est,
785 2953 997 3007 scilicet
1022 2952 1292 3019 quosdam
1326 2951 1378 3002 in
1414 2950 1538 3004 loca
1566 2963 1720 3005 sacra
1755 2949 1953 3004 missos
1980 2947 2046 3002 ad

480 3043 944 3105 interﬁciendum,
1017 3049 1171 3096 extra
1237 3041 1456 3109 quidem
1525 3041 1648 3096 illos
1719 3042 2044 3105 extraxissc,

478 3137 667 3203 sicque
703 3131 1062 3194 interfecisse.
1092 3132 1293 3186 malum
1325 3135 1396 3186 ita
1425 3133 1704 3188 lenientes.

548 3224 1198 3291 101.Sacrisillndentes,
1216 3232 1272 3279 et
1319 3225 1578 3296 imagines
1629 3235 1890 3295 augustas
1913 3243 2050 3298 prae-

480 3319 756 3374 tcndentia
787 3318 1173 3383 dilacerantes,
1211 3332 1552 3386 quaecunque
1585 3317 1639 3371 in
1669 3333 1728 3371 se
1759 3319 2048 3372 materiam

483 3413 779 3482 pretiosam
800 3427 909 3466 non
946 3410 1306 3475 includentia,
1329 3411 1431 3464 alia
1454 3426 1583 3466 vero
1600 3412 1649 3464 vi
1672 3411 1941 3466 nudantes
1957 3425 2046 3466 or-

483 3505 756 3559 namentis
785 3505 1051 3573 ipsorum,
1079 3503 1387 3557 nescientes
1413 3511 1592 3557 autem
1611 3501 1726 3556 haec
1744 3517 1924 3571 agere,
1953 3517 2051 3556 no-

483 3597 583 3653 stri
610 3597 746 3651 bene
771 3595 1156 3656 meminerant,
1184 3608 1328 3648 nunc
1358 3601 1537 3648 autem
1562 3608 1686 3647 cum
1719 3593 1917 3658 sciant,
1943 3608 2050 3647 non

485 3697 772 3758 spernunt.
799 3685 1084 3753 Quomodo
1136 3684 1281 3740 enim
1322 3685 1552 3740 nudatos
1583 3686 1755 3740 fuisse
1805 3685 2050 3740 homines

483 3785 538 3837 in
595 3780 822 3837 ecclesia
886 3777 1148 3834 discendo
1207 3778 1386 3846 deque
1433 3793 1499 3832 eo
1555 3777 1810 3836 dolendo.
1860 3792 2050 3846 posses

486 3889 593 3928 non
656 3883 909 3939 rumpere
954 3868 1319 3933 stomachum,
1349 3867 1729 3937 spoliationem
1769 3881 2049 3920 sacrorum

484 3967 868 4019 thesaurorum
927 3960 1163 4016 sciens?
1219 3960 1433 4025 Quanta
1497 3959 1788 4014 tolerantia
1841 3958 1956 4021 Dei,
2003 3958 2050 4013 si

489 4055 811 4115 Barbarum,
869 4051 962 4118 qui
1012 4064 1230 4103 sacrum
1289 4048 1802 4116 formidandumque
1833 4048 2052 4102 thesau-

488 4162 608 4198 rum
644 4141 1001 4202 conculcavit,
1035 4139 1276 4192 membra
1340 4138 1595 4206 genitalia
1633 4140 1851 4200 retexit,
1905 4139 2051 4193 min-

488 4235 677 4302 xitque
734 4231 1006 4292 consulto,
1045 4229 1226 4282 vivere
1271 4227 1461 4282 siverit
1492 4225 2052 4281 incolumem?Vene—

491 4324 678 4377 randaa
714 4336 931 4382 cruces,
964 4318 1134 4373 robur
1185 4328 1455 4379 nostrum,
1484 4318 1692 4386 quibus
1727 4317 1894 4370 etiam
1928 4317 2052 4372 illu-

2144 1870 2406 1933 ἐνστᾶτας
2441 1870 2593 1940 παρὰ
2625 1868 2744 1938 Θεῷ
2772 1886 2784 1899 ·
2844 1868 2937 1920 καὶ
2989 1866 3114 1919 ὅσον
3147 1864 3203 1917 δέ
3255 1862 3464 1923 λαῖκδν,
3519 1861 3568 1913 οἳ
3608 1859 3709 1912 τοῦ

2147 1965 2412 2032 στόματος
2429 1963 2665 2031 πλήρους
2693 1961 2842 2024 ὄντος
2862 1958 2953 2011 τοῦ
2983 1978 3000 2010 ι
3033 1956 3228 2026 Κύριε,
3255 1955 3472 2020 ἐλέησον
3508 1973 3525 2006 ι
3558 1955 3710 2020 ἀπη-

2148 2057 2418 2127 ράσσαντο
2478 2052 2578 2116 τὰς
2635 2051 2902 2122 κεφαλὰς,
2958 2049 3473 2118 ἐπανακρινὸμενοι,
3535 2047 3587 2098 τί
3649 2043 3713 2096 τδ

2153 2167 2172 2199 ι
2195 2146 2388 2214 Κύριε,
2420 2145 2659 2213 ἐλέησον,
2693 2162 2712 2195 ι
2749 2142 2844 2196 καὶ
2873 2141 3173 2209 γελώμενοι
3200 2156 3215 2172 ⁸
3267 2140 3323 2193 αἱ
3349 2139 3405 2191 δέ
3448 2138 3590 2191 κατά
3610 2137 3716 2188 λα-

2145 2239 2331 2306 γνείαν
2354 2235 2668 2306 χρανθεῖσαι
2688 2236 2883 2301 σεμναὶ
2900 2233 3158 2300 γυναῖκες
3177 2230 3235 2282 ἐν
3257 2231 3369 2290 τοῖς
3401 2229 3583 2297 ἱεροῖς,
3613 2226 3717 2279 καὶ

2147 2329 2225 2391 εἱς
2253 2327 2472 2395 ἁγνείαν
2503 2325 2948 2394 ἐπηρεασθεῖσαι,
2988 2320 3094 2374 ἱδού
3127 2320 3258 2382 εἰσι,
3287 2323 3382 2373 καὶ
3413 2317 3718 2387 πρεσϐευέ-

2145 2436 2328 2472 τωσαν
2359 2417 2502 2470 κατά
2549 2416 2657 2467 τῶν
2691 2413 2900 2476 αἰτίων,
2960 2413 3014 2464 αἱ
3053 2409 3156 2464 ὑπὸ
3190 2410 3368 2479 γάμου
3426 2407 3608 2475 ζυγὸν,
3649 2408 3714 2461 αἱ

2145 2513 2234 2566 διὰ
2268 2509 2568 2579 παρθενίαν
2595 2508 2796 2571 άνετοι,
2829 2506 2884 2559 αἱ
2916 2506 3125 2575 νύμφαι
3149 2501 3242 2556 τοῦ
3271 2501 3432 2554 Θεοῦ.
3467 2502 3574 2554 Καὶ
3605 2502 3714 2571 μιᾷ

2152 2606 2248 2674 μέν
2272 2605 2366 2656 ἕνα
2400 2602 2521 2655 τινὰ
2552 2597 2992 2670 συγχρωσθῆναι,
3027 2597 3112 2666 εἴη
3135 2596 3200 2649 ἂν
3233 2594 3383 2663 μεῖόν
3413 2611 3464 2646 τι
3495 2593 3671 2645 κακόν
3699 2609 3713 2621 ·

2150 2697 2206 2749 αἱ
2243 2697 2288 2749 δ’
2319 2696 2378 2748 ἐν
2401 2693 2666 2751 τοιούτοις
2697 2689 2892 2749 κοιναὶ,
2919 2687 3062 2741 καθά
3092 2704 3177 2748 τις
3195 2685 3260 2738 ἂν
3289 2683 3454 2748 εἴποι,
3489 2682 3711 2750 ἀμίδες,

2149 2788 2251 2841 οὐκ
2283 2787 2348 2840 ἂν
2377 2784 2590 2853 εὖροιεν
2619 2781 2894 2849 κλαυθμὸν
2925 2777 3170 2840 ἐπάξιον.

2223 2884 2289 2949 ρ’.
2331 2877 2480 2945 Ἔχω
2510 2873 2675 2928 καλόν
2709 2891 2760 2926 τι
2797 2869 3030 2924 ἐνταῦθα
3059 2868 3165 2920 τῶν
3193 2865 3487 2936 βαρϐάρων
3513 2864 3720 2926 εἰπεῖν,

2149 2971 2232 3024 ὅτι
2261 2967 2507 3038 φονεύειν
2534 2966 2656 3028 τοὺς
2688 2966 2744 3016 ἐν
2783 2964 2895 3025 τοῖς
2927 2961 3092 3030 ἱεροῖς
3124 2956 3509 3025 ἐπιϐαλόμενοί
3539 2971 3718 3017 τινες,

2151 3063 2423 3131 ἀπέσυρον
2446 3058 2643 3119 αὐτοὺς
2675 3055 2778 3120 ἐξω
2805 3055 2933 3122 γοῦν
2968 3092 2984 3116 ,
3019 3051 3113 3106 καὶ
3139 3049 3280 3103 οὕτω
3310 3046 3606 3118 καθῄρουν,
3635 3046 3721 3115 τῷ

2155 3155 2254 3223 ζῇν
2292 3149 2670 3221 μετριάζοντες
2697 3149 2758 3199 τὸ
2795 3147 2982 3200 κακόν.

2228 3243 2331 3316 ρα’.
2369 3244 2432 3296 Οί
2463 3241 2519 3294 δὲ
2558 3242 2668 3304 τοῖς
2700 3241 2869 3303 θείοις
2898 3237 3298 3308 ἐνυϐρίζοντας,
3334 3235 3430 3289 καὶ
3478 3234 3549 3286 τὰ
3616 3233 3720 3302 μὲν

2154 3334 2262 3390 τῶν
2328 3331 2639 3399 σεϐασμίων
2697 3328 3042 3398 τυπωμάτων
3093 3324 3534 3396 κατασχίζοντες,
3613 3323 3722 3374 ὅσα

2159 3425 2324 3496 μηδέν
2360 3441 2413 3477 τι
2441 3421 2718 3490 γλαφυρὸν
2750 3421 2814 3473 ἐκ
2839 3417 3024 3488 τιμίας
3051 3418 3182 3487 ὕλης
3215 3413 3381 3485 εἶχον,
3422 3414 3491 3466 τά
3534 3413 3592 3464 δέ
3621 3412 3728 3474 ψι-

2156 3517 2377 3577 λοῦντες
2411 3512 2506 3565 τοῦ
2542 3512 2662 3564 κατ’
2690 3508 2830 3562 αὐτὰ
2861 3508 3066 3576 κόσμου
3118 3505 3252 3575 μετά
3287 3503 3530 3572 πληγῶν,
3589 3499 3726 3552 οὔτε

2157 3608 2328 3660 ταῦτα
2352 3605 2484 3675 δρᾷν
2506 3601 2918 3672 διεγνωσμένοι,
2951 3599 3192 3668 ἐχώρουν
3216 3597 3293 3657 είς
3315 3594 3561 3663 εὖφημον
3586 3593 3731 3660 ἡμε-

2157 3701 2325 3770 τέραν
2362 3696 2582 3767 μνήμην
2607 3711 2622 3728 ·
2667 3691 2762 3747 καὶ
2791 3692 2885 3744 νῦν
2938 3691 2995 3744 δὲ
3026 3691 3105 3750 εἱς
3133 3687 3258 3741 νοῦν
3305 3686 3553 3747 ἐλθόντες
3585 3686 3726 3755 ἡμῖν

2159 3789 2554 3846 ἀποπτύονται.
2583 3786 2696 3839 Καὶ
2727 3784 2844 3846 πῶς
2869 3783 2978 3852 γὰρ
3018 3782 3084 3836 ἄν
3113 3795 3199 3842 τις
3248 3776 3589 3846 γυμνοῦσθαι
3627 3777 3729 3826 ἀν-

2160 3881 2411 3952 θρώπους
2471 3877 2558 3930 ἐπ’
2620 3873 2919 3943 ἐκκλησίας
2983 3871 3170 3941 μαθὼν
3230 3872 3324 3923 καὶ
3401 3867 3728 3936 ἀχθόμενος,

2158 3971 2436 4043 ἀνάσχοιτ’
2503 3967 2569 4021 ἂν
2611 3967 2686 4036 μὴ
2724 3965 2784 4018 ού
2838 3963 2979 4034 χόλῳ
3014 3958 3400 4030 διαρραγῆναι,
3441 3955 3732 4025 γύμνωσιν

2161 4061 2460 4131 κειμηλίων
2480 4057 2637 4111 θείων
2667 4054 2957 4124 ἐγνωκώς;
2992 4053 3056 4104 Ὢ
3084 4049 3217 4102 Θεοῦ
3254 4047 3605 4114 ἀνεξικακίας
3637 4049 3651 4098 !
3681 4047 3729 4096 εἱ

2163 4150 2439 4220 βάρϐαρον
2476 4145 2649 4214 ἄνδρα
2675 4143 2818 4196 κατὰ
2843 4143 2944 4210 τῆς
2998 4139 3152 4210 ἱερᾶς
3183 4136 3275 4190 καὶ
3308 4136 3544 4205 φρικτῆς
3589 4149 3732 4220 τραο

2161 4216 2828 4311 πέζης-ἀναπηδήσαντα,
2872 4237 2964 4286 καὶ
3010 4232 3391 4299 ἐκκαλύψαντα
3430 4228 3528 4296 τὴν
3564 4216 3729 4286 αἰδῶ,

2161 4335 2257 4388 καὶ
2304 4331 2629 4401 ἐνουροῦντα
2660 4329 2740 4390 εἱς
2791 4324 3138 4393 ἀκοντισμὸν,
3172 4321 3350 4389 ἀφῆκε
3380 4319 3502 4386 ζῇν,
3539 4314 3737 4384 ἀνεχό-

497 4422 688 4469 serunt
714 4412 878 4466 vestri
914 4411 1243 4464 violatores!
1287 4410 1354 4460 At
1401 4409 1572 4462 virtus
1621 4407 1803 4462 divina
1834 4422 1942 4461 non
1988 4423 2044 4463 ea

2166 4441 2349 4497 μενος.
2378 4419 2450 4474 Ὠ
2475 4419 2700 4487 σταυροὶ
2723 4418 2916 4486 τίμιοι,
2945 4417 3005 4468 τὸ
3029 4414 3301 4484 ἡμέτερον
3332 4410 3554 4480 κράτος,
3583 4408 3737 4467 ὅσοις

495 4513 578 4557 est
611 4517 732 4572 qua:
755 4500 1050 4570 aliquando
1085 4513 1193 4552 non
1231 4496 1581 4565 expergeﬂat.

572 4683 695 4738 102.
740 4680 1028 4748 Quomodo
1064 4677 1187 4747 quis
1224 4677 1313 4730 hic
1349 4683 1646 4745 exponeret
1683 4675 1821 4729 banc
1845 4689 2062 4744 quoque

498 4777 830 4842 socordiam,
874 4791 997 4829 cum
1058 4771 1302 4827 eﬁ'renati
1362 4771 1414 4823 in
1473 4768 1735 4838 templum
1791 4768 2064 4822 irruerent

499 4868 844 4938 lampadibus
883 4865 1215 4938 crystallinis
1271 4861 1597 4924 lucentibus,
1642 4868 1896 4929 tanquam
1951 4875 2066 4910 nta-

499 4962 652 5024 tulis,
684 4958 1128 5028 dicettragtndia,
1164 4970 1396 5024 cumque
1423 4953 1704 5006 urinarum
1743 4950 1964 5003 vasibus
2006 4959 2064 5001 ut

503 5052 710 5124 poculis
743 5049 810 5103 ad
852 5046 1147 5102 bibendum
1181 5044 1503 5100 uterentur?
1537 5042 1670 5097 Cum
1696 5041 1840 5094 enim
1877 5042 1930 5094 in
1970 5057 2066 5109 pu-

502 5157 620 5202 teos
675 5142 888 5197 urinam
943 5139 1246 5193 vesicarum
1297 5151 1518 5191 suarum
1576 5135 1744 5188 ﬂuere
1788 5135 2063 5199 sivissent,

502 5236 700 5294 deinde
746 5231 1134 5288 exhaurientes
1208 5227 1465 5284 biberunt
1517 5229 1655 5281 hanc
1725 5225 2062 5294 spurcitiam;

506 5330 715 5399 hocque
740 5327 935 5382 iterum
961 5330 1124 5391 atque.
1153 5322 1371 5387 iterum,
1430 5333 1754 5388 semperque
1803 5317 2067 5371 circulum

507 5419 649 5474 hunc
694 5427 904 5488 turpetn
935 5414 1230 5468 volventes.

579 5507 708 5564 105.
766 5509 834 5561 At
876 5504 1006 5560 illud
1051 5502 1303 5571 jocosum
1338 5506 1480 5554 esset
1512 5498 1695 5566 aliquo
1719 5496 1880 5550 modo
1910 5496 2066 5549 addi-

506 5601 624 5648 tum
671 5599 911 5653 sermoni
938 5599 1092 5652 velut
1122 5594 1208 5648 hic
1237 5609 1252 5656 ;
1282 5606 1402 5658 (tua:
1429 5605 1557 5644 vero
1586 5589 1834 5658 superius
1861 5588 2065 5657 scripta

507 5691 654 5750 sunt,
705 5684 816 5739 hmo
865 5687 1135 5757 lacrymas
1193 5683 1510 5739 innumeras
1571 5687 1872 5747 merentur,
1904 5679 2066 5749 quale

2164 4517 2262 4571 atat
2293 4513 2447 4584 ὑμῶν
2472 4513 2521 4565 οἱ
2548 4511 2732 4578 μιαροὶ
2758 4507 3053 4570 ἐνέπαιξαν
3080 4507 3093 4559 !
3134 4505 3228 4556 καὶ
3263 4503 3295 4569 ἡ
3323 4500 3444 4554 θεία
3495 4498 3737 4565 δύναμις

2161 4605 2473 4677 ἀτρεμοῦσα
2493 4602 2590 4655 οὐκ
2613 4600 2724 4654 ἐσθ’
2755 4601 2900 4659 ὅπως
2932 4598 3030 4649 οὐκ
3064 4592 3507 4663 ἐξεγερθησεται.

2236 4692 2336 4762 ρβ’.
2371 4691 2436 4743 Τί
2488 4691 2552 4744 ἀν
2580 4705 2662 4752 τις
2699 4685 2934 4740 ἐνταῦθα
2988 4682 3172 4745 ἐκθείη
3206 4680 3302 4734 καὶ
3349 4679 3549 4746 ταύτην
3602 4695 3741 4745 μια-

2168 4782 2313 4852 ρίαν,
2339 4780 2411 4844 ὼς
2432 4782 2543 4841 τοῖς
2573 4779 2670 4847 μὲν
2695 4775 2754 4844 ἐξ
2771 4776 2924 4828 ὑέλου
2947 4773 3418 4841 ἐκκλησιαστικοῖς
3439 4769 3504 4821 λα
3514 4769 3665 4838 μπτῆ
3675 4786 3741 4836 ρο

2169 4888 2252 4923 σιν
2273 4871 2554 4937 ἐνεθόρουν
2577 4871 2625 4921 οἱ
2655 4866 3001 4923 ἀσύντακτοι,
3029 4864 3129 4915 ὅσα
3153 4863 3245 4915 καὶ
3273 4861 3556 4929 ούράναις,
3582 4858 3740 4910 εἴποι

2168 4965 2234 5016 ἂν
2270 4963 2302 5032 ἡ
2337 4961 2612 5031 τραγῳδία
2640 4974 2653 4988 ⁸
2683 4961 2793 5019 τοῖς
2821 4957 2879 5008 δέ
2911 4955 3016 5007 τῶν
3048 4952 3224 5022 οὔρων
3246 4953 3476 5020 δοχείοις
3509 4945 3598 5003 οἷα
3631 4952 3740 5002 καὶ

2168 5053 2448 5123 ποτηρίοις
2481 5054 2808 5120 ἐκέχρηντος
2845 5047 2911 5099 Οἵ
2936 5063 2999 5114 γε
3028 5047 3122 5098 καὶ
3149 5045 3289 5097 κατά
3325 5043 3576 5111 φρεάτων
3603 5043 3743 5106 ἀφιο

2167 5147 2318 5207 ἐντες
2354 5144 2643 5215 προρρἐιν
2671 5141 2763 5192 τὸν
2802 5138 2894 5192 τοῦ
2926 5140 3043 5190 κατ’
3078 5137 3274 5200 αὐτοὺς
3331 5135 3500 5187 ἀσκοῦ
3557 5133 3741 5201 προῦ-

2167 5251 2332 5302 χοντα
2363 5233 2520 5295 πόδα,
2557 5227 2674 5282 εἶτα
2703 5229 3075 5297 ὑδρευόμενοι,
3114 5227 3295 5280 ἔπινον
3323 5226 3417 5278 τοῦ
3459 5222 3740 5293 μιασμοῦ,

2169 5325 2261 5374 κα)⁵
2300 5321 2456 5373 τοῦτο
2488 5320 2648 5372 πάλιν
2679 5321 2782 5386 καὶ,
2802 5317 2989 5380 πάλιν,
3026 5318 3118 5368 καὶ
3181 5317 3352 5367 εἰσαεὶ
3387 5313 3585 5366 κύκλον
3612 5311 3744 5362 τοῦι

2154 5421 2258 5464 τον
2294 5411 2586 5470 ἐλίττοντες
2615 5406 2841 5474 ἀσελγῆ.

2245 5507 2347 5568 ργ’.
2392 5498 2554 5551 Ἀλλά
2603 5497 2760 5551 τοῦτο
2789 5499 2890 5567 μὲν
2920 5497 3005 5566 εἴη
3033 5496 3097 5549 ἂν
3129 5495 3221 5548 καὶ
3251 5495 3475 5561 γελοῖον,
3515 5493 3745 5562 παραρ-

2172 5593 2328 5661 ριφὲν
2372 5588 2546 5662 εἱρμῷ
2575 5605 2682 5645 τινι
2710 5592 2804 5643 καὶ
2827 5588 2978 5642 αὑτό.
3015 5589 3082 5638 Ἀ
3116 5587 3170 5638 δέ
3202 5587 3392 5638 άνόττιν
3423 5583 3743 5650 συγγεγρά-

2171 5699 2360 5750 φαται,
2404 5680 2518 5734 ἀλλ’
2567 5681 2750 5734 ἐκεῖνα
2803 5680 2972 5764 μυρία
3024 5675 3424 5748 προκαλοῦνται
3481 5674 3738 5741 δάκρυσι·
