4012 6226
309 305 418 374 105

1095 319 1192 379 DE
1241 320 1806 383 THESSALONICA
1842 324 2050 386 URBE
2089 327 2132 385 Α
2171 328 2480 392 LATINIS
2511 332 2767 392 CAPTA.

3469 334 3569 403 103

305 423 501 479 ὁποῖον
533 427 629 482 καὶ
675 429 741 484 τὸ
790 432 888 509 τού
920 433 1281 504 μυροϐλύτου,
1310 429 1371 488 οὗ
1401 434 1478 504 τῷ
1516 435 1671 506 τάφῳ
1711 437 1882 504 ἐμπε-

1991 438 2093 495 hoc
2120 442 2264 510 quod
2297 441 2364 496 ad
2407 442 2766 515 Myroblytam
2797 453 3028 515 spectat,
3063 427 3221 515 cuius
3243 462 3368 503 cum
3393 453 3574 519 sepul-

307 519 578 583 παικότες
636 525 774 591 μετὰ
829 526 1104 579 πελέκεων
1143 527 1194 579 oi
1249 528 1508 580 τοιούτων
1567 529 1648 590 εἰς
1695 527 1886 594 ποινὴν

305 611 480 677 ἄξιοι.
507 616 603 668 τὸν
633 635 694 671 τε
718 609 880 692 πέριξ
908 621 1308 687 ἐπιπολάζοντα
1334 621 1536 690 κόσμον
1567 619 1625 685 ἐξ
1645 620 1885 690 ἀργύρου

307 705 654 776 κατέκοψαν.
688 715 782 766 καὶ
835 712 929 765 τδν
985 712 1123 783 ὑπὲρ
1173 712 1414 781 κεφαλῆς
1462 713 1520 766 δὲ
1551 711 1888 782 περιείλοντο

307 797 554 866 χρύσεον
582 802 873 870 στέφανον,
900 805 994 858 καὶ
1021 806 1126 877 μὴν
1150 807 1243 860 καὶ
1266 806 1356 859 τὸν
1380 804 1568 876 ἕτερον
1600 804 1886 872 ἀπήγαγον

305 894 430 944 τοτν
463 894 647 948 ποδοιν
669 911 685 926 ·
715 896 806 948 ἵνα
855 899 998 968 τάχα
1045 899 1104 950 τὸ
1135 897 1380 963 ποδῶκες
1423 897 1524 966 τῆς
1552 896 1614 960 ἐξ
1671 896 1885 950 ἐκείνου

306 980 475 1048 δίκης
508 984 840 1042 ὲκκλίναιεν.
876 990 996 1043 Κᾶν
1044 987 1353 1059 ἐξέπραξαν
1383 991 1440 1053 ἐς
1489 991 1550 1042 τδ
1579 988 1709 1051 πᾶν,
1740 989 1788 1039 εί
1815 986 1889 1056 μὴ

309 1071 378 1124 τὸ
403 1072 817 1149 Θεῖονάντέϐη,
857 1084 956 1136 καὶ
975 1083 1110 1152 ταχὺ
1146 1081 1424 1151 όδηγῆσαν
1469 1079 1597 1142 τοὺς
1641 1080 1888 1149 κρείττο-

310 1182 416 1228 νας
454 1165 515 1219 Iv
542 1185 604 1234 γε
637 1173 751 1231 τοῖς
799 1171 1117 1241 βαρϐάροις,
1147 1173 1226 1236 είς
1257 1171 1517 1242 κωλύμην
1546 1170 1888 1224 κατεπέτασε

309 1257 412 1310 τού
441 1258 638 1314 κακοῦ.
685 1262 956 1332 Εὐνοῦχος
1010 1266 1116 1334 γὰρ
1153 1264 1247 1317 τοῦ
1305 1263 1492 1334 ρηγδς,
1526 1263 1733 1332 ἀμιρᾶς
1789 1263 1890 1329 τὴν

311 1348 496 1414 ἀξίαν,
533 1351 800 1420 πράττειν
849 1351 974 1418 ὀξὺς
1005 1355 1097 1407 καί
1123 1354 1349 1424 θερμὸς,
1375 1347 1485 1416 οἷος
1517 1352 1682 1422 φόϐον
1722 1351 1890 1422 βαθὺν

312 1440 728 1512 καταπέμπειν,
751 1438 834 1508 οἷς
865 1444 932 1498 ἂν
974 1445 1169 1515 ἄγριος
1200 1444 1610 1514 προσενεχθείη,
1653 1443 1888 1512 ἔφιππος

311 1529 628 1596 είσελάσας,
659 1532 736 1596 ὡς
760 1534 866 1588 οὐκ
892 1535 958 1588 ἄν
997 1553 1080 1597 τις
1117 1535 1352 1599 ἐλπίσαι,
1383 1535 1487 1597 ἕως
1514 1536 1591 1597 εἰς
1615 1534 1751 1604 βαθὺ
1792 1531 1888 1585 τοῦ

309 1621 468 1677 θείου
496 1624 652 1689 ναοῦ,
681 1625 758 1688 ὼς
815 1627 915 1696 μὲν
941 1629 991 1680 οί
1047 1627 1234 1681 πολλοὶ
1262 1627 1542 1697 ἐνόμισαν,
1603 1624 1693 1678 διὰ
1729 1641 1888 1696 περι-

313 1715 596 1785 φρόνησιν
628 1719 717 1770 καὶ
752 1718 917 1781 αὐτὸς
949 1721 1075 1772 κατ’
1108 1721 1320 1772 ἐκεῖνον
1343 1717 1422 1788 (ὃς
1457 1718 1516 1769 ἐν
1543 1719 1608 1786 τῇ
1654 1717 1753 1785 τῆς
1786 1733 1888 1784 μη-

1988 546 2141 587 crum
2166 533 2452 590 securibus
2479 537 2900 604 percussissem,
2929 539 3017 608 qui
3039 538 3142 608 ipsi
3167 538 3328 594 istam
3359 555 3573 609 pinnam

1989 623 2360 686 merebantur,
2392 636 2773 682 ornamentum
2825 638 3138 698 argenteum
3167 631 3314 699 quod
3341 631 3579 686 circum-

1991 712 2158 768 dabat
2187 715 2320 770 illud
2369 718 2755 785 prrcciderunt,
2791 734 3166 788 coronamque
3197 736 3421 777 auream
3452 738 3575 792 qua:

1991 816 2153 872 caput
2183 807 2303 875 ejus
2335 809 2586 880 cingebat
2615 812 2987 878 detraxerunt,
3015 815 3174 869 simul
3194 823 3247 869 et
3273 815 3377 869 alia
3411 815 3574 884 pedes

1990 898 2110 969 ejus
2141 899 2444 968 cingentcs.
2489 902 2722 958 fortasse
2757 912 2813 958 ut
2841 915 3142 973 promptam
3177 906 3352 962 sancti
3398 907 3574 960 vindi-

1991 998 2131 1044 ctam
2161 989 2482 1060 eﬂ‘ugerent.
2520 993 2610 1048 Sic
2649 995 2847 1063 ubique
2877 995 3112 1064 egissent
3141 996 3244 1050 nisi
3279 995 3574 1051 Providen-

1992 1079 2064 1131 tia
2115 1080 2447 1146 obvenisset,
2492 1081 2871 1152 adhibensque
2900 1083 3051 1138 brevi
3084 1085 3228 1137 viros
3261 1083 3511 1138 meliores
3539 1099 3571 1138 ο

1996 1167 2174 1224 medio
2213 1168 2572 1228 Barbarorum
2604 1173 2670 1226 ad
2710 1173 3111 1242 impediendqu
3144 1174 3342 1227 malum
3377 1181 3573 1242 praesto

1992 1255 2206 1312 fuisset.
2241 1260 2533 1316 Eunuchus
2575 1260 2720 1315 enim
2756 1261 2924 1337 regis.
2953 1276 3152 1316 amem
3181 1260 3446 1330 dignitate
3473 1272 3564 1312 or-

1992 1356 2175 1411 natus,
2219 1349 2286 1403 ad
2316 1358 2500 1406 actum
2541 1361 2824 1419 promptus
2875 1367 2940 1406 ac
2994 1350 3264 1415 fervidus,
3296 1357 3567 1404 terrorem

1995 1439 2294 1494 maximum
2327 1442 2575 1495 incutere
2603 1442 2811 1507 valens,
2838 1443 3070 1512 agrestis
3099 1449 3358 1511 aspectus
3379 1455 3569 1506 causa,

1991 1542 2135 1597 equo
2193 1531 2389 1588 sedens
2428 1533 2690 1600 irruerat,
2725 1534 2950 1587 neruine
2986 1543 3358 1602 exspectante,
3399 1547 3573 1601 usque

1992 1621 2057 1675 ad
2089 1621 2337 1676 intimam
2374 1635 2580 1693 partem
2611 1625 2797 1694 templi
2837 1625 3034 1689 divini,
3055 1625 3213 1692 juxta
3241 1625 3387 1692 quod
3414 1624 3571 1678 multi

1992 1711 2374 1776 crediderunt,
2425 1729 2520 1783 per
2558 1726 2930 1785 contemptum
2967 1715 3261 1786 (equitans
3307 1730 3404 1784 per
3458 1731 3574 1770 me-

311 1805 630 1870 τροπόλεως
649 1804 908 1876 καθολικῇ
939 1784 1462 1873 καθιππεύσας,ήτόν
1483 1823 1542 1860 τε
1759 1804 1885 1860 ἀπέ-

1990 1803 2215 1871 tropolis
2243 1807 2614 1862 cathedralem
2663 1784 2866 1877 equum
2915 1784 3074 1864 suum
3107 1809 3364 1868 emiserat
3403 1822 3570 1877 quam

306 1893 450 1947 ϐαλε
485 1896 945 1965 συγκατενεχθεὶς
974 1896 1338 1966 θραυσθέντα,
1371 1897 1462 1953 καὶ
1493 1897 1656 1958 αὐτὸς
1685 1896 1786 1948 οὐκ
1821 1890 1881 1948 εὖ

313 1984 661 2055 ἀπήλλαξεν,
713 1986 930 2054 ἀληθῶς
964 1987 1021 2039 δὲ
1051 1985 1190 2040 κατὰ
1219 1985 1560 2055 προμήθειαν
1588 2001 1602 2015 ⁸
1653 1985 1738 2037 ἵνα
1791 1985 1884 2038 ,καὶ

307 2078 443 2147 ῥᾷον
468 2076 619 2131 οὕτω
639 2078 728 2132 διὰ
756 2078 854 2147 τῆς
883 2079 1219 2148 πυκνότητος
1240 2077 1334 2132 τοῦ
1365 2077 1494 2130 λαοῦ
1508 2077 1885 2146 παρεισδύοιτο

308 2168 630 2235 φευγόντων
680 2169 948 2234 ἑκάστων,
989 2167 1414 2239 συμπατηθῆναι
1456 2166 1532 2236 τῷ
1584 2167 1758 2235 ἵππῳ,
1791 2169 1886 2221 καὶ

307 2248 560 2319 ἄποπτος
607 2257 666 2313 δὲ
687 2258 762 2312 ὢν
794 2258 986 2328 βλέποι
1015 2259 1134 2313 τότε
1161 2261 1254 2312 καὶ
1285 2258 1600 2314 άντιϐλέποι
1629 2258 1756 2321 τοὺς
1789 2276 1886 2312 κα-

307 2348 708 2417 κουργοῦντας.
749 2353 844 2407 καὶ
877 2351 1053 2415 οὕτως
1081 2352 1280 2416 αὐτοὺς
1299 2351 1583 2421 ἀμύνοιτο)
1613 2367 1625 2381 ·
1657 2351 1884 2418 εἰσδρα-

314 2437 441 2506 μὼν
502 2437 630 2506 γοῦν
657 2441 686 2492 ὁ
715 2439 972 2510 εὐνοῦχος
1017 2441 1162 2494 οὓτω
1219 2441 1341 2510 μετ’
1379 2438 1635 2507 εὐγενοῦς
1691 2439 1882 2501 ἵππου,

308 2530 412 2584 καὶ
439 2529 542 2599 τὴν
594 2532 736 2600 μετὰ
791 2536 950 2602 χεῖρα
1003 2533 1279 2604 σιδηρέαν,
1317 2531 1555 2604 κορύνην
1603 2531 1884 2598 κατάγων,

308 2618 943 2690 συνεπιλαμϐανομένων
977 2621 1094 2690 ἅμα
1127 2623 1221 2676 καὶ
1271 2621 1384 2676 τῶν
1414 2620 1768 2689 ὲφεπομένων
1793 2618 1884 2672 θε-

307 2709 630 2776 ραπόντων,
655 2710 705 2764 οἶ
736 2713 830 2766 καὶ
859 2713 1015 2767 αὐτοὶ
1069 2713 1288 2782 σφοδροὶ
1333 2713 1468 2782 δρᾷν
1497 2708 1660 2783 ἦσαν,
1693 2713 1886 2780 φόνους

304 2817 367 2852 τε
404 2800 640 2862 πολλοὺς
690 2802 934 2859 ἐκώλυσε
966 2803 1062 2855 καὶ
1091 2801 1404 2872 γυμνώσεις
1454 2803 1667 2874 ἀνδρῶν
1695 2821 1754 2856 τε
1792 2805 1886 2856 καὶ

303 2892 598 2958 γυναικῶν
627 2911 643 2922 ·
675 2892 711 2946 ἃ
737 2894 803 2963 δὴ
835 2893 1069 2962 ἑτέρωθι
1102 2893 1414 2962 κωλυθῆναι
1453 2895 1553 2946 οὐκ
1600 2895 1724 2966 ἔσχε
1745 2911 1758 2926 ·
1794 2896 1888 2950 καὶ

305 2985 443 3045 τοὺς
478 2984 805 3041 ἐπιϐούλους
834 2985 891 3038 δὲ
925 2985 1018 3038 τοῦ
1052 2986 1208 3051 ἁγίου
1246 2986 1420 3053 τάφου
1451 2987 1761 3056 ἀπήγαγεν,
1811 2988 1886 3051 ὡς

305 3077 522 3134 οὒκ-ἃν
571 3079 775 3130 ἐκεῖνοι
825 3076 1039 3146 ἤθελον,
1093 3077 1463 3147 κερδήσαντας
1520 3077 1656 3146 μόνα
1691 3077 1884 3149 (μυρία.

302 3167 371 3224 δὲ
395 3164 536 3238 ἦσαν
569 3169 800 3236 ἐκεῖνα),
837 3169 937 3221 ὅσα
971 3169 1079 3237 πρὸ
1133 3167 1299 3222 αὐτοῦ
1357 3169 1708 3223 κατέσπασαν
1742 3170 1886 3237 φθά-

303 3277 537 3322 σαντες.
563 3262 670 3313 Καὶ
703 3261 901 3327 φόνους
940 3261 1037 3331 μὲν
1084 3261 1210 3324 τοὺς
1248 3263 1366 3314 ἐκεῖ
1401 3264 1669 3331 κατέσχεν
1701 3264 1728 3315 ὁ
1785 3263 1886 3329 άρ-

302 3368 438 3420 χων
460 3365 476 3382 ⁸
515 3350 604 3402 τοῦ
631 3351 685 3404 δὲ
725 3351 966 3420 πνιγμοῦ
997 3351 1106 3404 τῶν
1138 3352 1420 3419 φυγόντων
1451 3352 1506 3406 ἐν
1545 3352 1623 3421 τῷ
1648 3351 1761 3422 ναῷ
1787 3353 1886 3406 οὐκ

302 3439 390 3511 ἦν
451 3442 732 3513 ἐπίσχεσις
757 3458 771 3472 ⁸
808 3443 928 3497 ἀλλ’
962 3442 1154 3514 ὥσπερ
1193 3445 1251 3497 ὲν
1281 3446 1400 3508 ταῖς
1444 3444 1635 3507 ἄλλαις
1667 3444 1887 3498 καθολι-

306 3535 467 3600 καῖς,
505 3533 648 3587 οὕτω
675 3535 769 3588 καὶ
801 3535 975 3606 ταύτῃ
995 3535 1099 3586 ούκ
1149 3533 1304 3606 ὀλίγῃ
1335 3535 1499 3607 μοίρᾳ
1522 3537 1648 3598 τοὺς
1679 3536 1886 3600 ζῶντας

305 3628 336 3678 ό
371 3625 611 3693 πνιγμὸς
643 3624 982 3689 ἐδικαίωσεν,
1021 3616 1094 3679 ὧν
1133 3626 1161 3678 ὁ
1192 3624 1427 3695 ἀριθμὸς
1456 3625 1628 3695 ἐρίζοι
1659 3627 1728 3679 ἂν
1752 3626 1887 3696 πρὸς

303 3723 438 3781 τοὺς
463 3719 557 3772 ἐπ’
585 3719 937 3787 ἀκροπόλεως
985 3719 1344 3788 πεπνιγότας,
1372 3719 1448 3784 ὼς
1507 3722 1540 3791 ὴ
1597 3720 1744 3792 ἀρχὴ
1791 3721 1886 3774 τοῦ

303 3809 474 3875 λόγου
497 3807 828 3877 συνέγραψε.

377 3900 483 3970 96'.
542 3899 606 3952 Τί
637 3901 704 3952 ἂν
733 3901 946 3972 λέγοιμι
967 3901 1093 3964 τοὺς
1147 3902 1256 3963 τῶν
1283 3902 1486 3970 τεγέων
1519 3903 1686 3956 οἴκων
1743 3904 1884 3957 am.

301 3994 400 4046 θεν
432 3990 871 4060 καθαλλομένους
902 3991 994 4044 ἐπὶ
1021 3991 1220 4062 μελέτῃ
1244 3993 1497 4058 θανάτου,
1529 3994 1618 4046 ὅτε
1650 3994 1712 4046 τὸ
1740 3994 1886 4061 μέγα

299 4082 482 4136 κακὸν
536 4084 628 4136 καὶ
663 4084 858 4146 αὐτοὺς
900 4085 1350 4154 περιεστοίχιζενς
1385 4084 1448 4136 Οἱ
1511 4083 1885 4154 πτερύξασθαι

300 4177 390 4236 είς
431 4173 626 4243 αἰθέρα
662 4173 737 4243 μὴ
770 4175 1004 4244 ἔχοντες,
1037 4167 1210 4247 οὗπερ
1274 4175 1485 4242 ἐφίεντο
1509 4175 1598 4240 ἂν,
1660 4175 1720 4227 τὸ
1776 4175 1886 4230 τῶν

302 4263 530 4332 βαρέων
559 4263 815 4332 ἔπασχον,
871 4266 964 4318 καὶ
1005 4264 1231 4318 ὲλάκουν
1263 4267 1342 4327 εἰς
1387 4263 1637 4330 θάνατον,
1697 4268 1761 4319 ὲκ
1789 4283 1886 4336 με·

299 4352 525 4422 τεώρου
576 4353 1074 4422 κατασκήπτοντες.
1114 4353 1179 4406 Τί
1225 4352 1283 4406 δὲ
1315 4353 1437 4415 τοὺς
1465 4354 1607 4406 κατὰ
1637 4355 1886 4424 φρεάτων

1985 1893 2364 1961 velocissime,
2416 1910 2517 1951 nec
2586 1897 2877 1963 cohibuit,
2942 1899 3196 1968 equidem
3271 1897 3573 1966 prudentiae

1983 1995 2170 2048 causa,
2211 1993 2269 2039 ut
2323 1986 2405 2042 sic
2476 2002 2575 2056 per
2645 1986 3010 2056 frequentiam
3084 1985 3269 2057 populi
3356 1984 3572 2042 facilius

1986 2084 2331 2142 penetraret,
2390 2091 2724 2148 unoquoque
2783 2077 3066 2148 fugiente,
3129 2091 3198 2134 ne
3250 2091 3392 2144 equo
3439 2091 3572 2132 cou-

1985 2163 2322 2227 culcaretur,
2384 2166 2584 2236 illeque
2635 2168 2931 2226 invisibilis
2976 2167 3164 2221 videre
3199 2175 3382 2234 posset
3424 2180 3557 2234 spo-

1988 2255 2214 2312 liatores
2261 2259 2451 2328 sicque
2483 2261 2606 2314 illos
2635 2260 2896 2330 punire);
2929 2274 3161 2315 currens
3216 2273 3348 2327 ergo
3395 2273 3571 2312 eunu-

1986 2347 2121 2402 chus
2151 2349 2226 2403 ita
2263 2365 2406 2418 equo
2445 2359 2673 2408 strenuo
2705 2352 2980 2413 insidens,
3032 2364 3309 2420 manuque
3335 2349 3568 2405 ferream

1985 2437 2194 2492 clavam
2243 2447 2467 2505 tenens,
2512 2442 2680 2494 simul
2714 2442 3117 2496 auxiliantibus
3171 2441 3445 2496 ministris
3473 2439 3568 2510 qui

1985 2526 2134 2580 illum
2178 2529 2626 2595 comitabantur,
2673 2533 2884 2600 quique
2947 2531 3236 2588 fortissimi
3299 2539 3458 2586 erant
3513 2532 3567 2586 in

1986 2624 2216 2690 agendo,
2237 2623 2414 2677 caedes
2437 2623 2686 2676 cohibuit
2717 2624 2918 2679 multas
2949 2639 3015 2679 ac
3044 2625 3399 2692 spoliatioues
3421 2625 3570 2679 viro-

1986 2728 2106 2766 rum
2134 2729 2197 2769 ac
2229 2715 2560 2780 mulierum;
2597 2730 2719 2785 quae
2769 2730 2900 2769 vero
2958 2716 3230 2785 impedire
3272 2718 3411 2770 alias
3454 2731 3569 2770 non

1987 2807 2186 2874 potuit.
2251 2805 2424 2859 Fures
2471 2806 2714 2875 sepulcri
2762 2807 2940 2861 sancti
2993 2806 3227 2876 fuga-vit,
3278 2807 3436 2860 modo
3468 2809 3562 2873 qui

1987 2908 2096 2949 non
2153 2895 2236 2952 eis
2283 2896 2514 2964 placuit,
2575 2905 2926 2966 asportantes
2965 2906 3178 2953 tantum
3214 2899 3291 2968 (et
3341 2897 3563 2968 quidem

1986 2983 2180 3053 multa)
2223 3000 2343 3054 quae
2399 2994 2526 3042 ante
2565 2987 2859 3042 adventum
2909 2987 3054 3042 illius
3102 2995 3416 3056 rapuerant.
3447 2986 3571 3042 Ca)-

1987 3075 2084 3132 des
2111 3077 2185 3131 ibi
2213 3077 2429 3147 quidem
2459 3077 2741 3134 hominum
2795 3079 2886 3134 hic
2929 3079 3214 3143 cohibuit;
3246 3087 3302 3133 at
3350 3077 3564 3147 fugien-

1988 3165 2122 3220 tium
2158 3167 2213 3221 in
2250 3169 2450 3236 templo
2482 3168 2896 3225 suﬂ‘ocationem
2939 3185 3047 3225 non
3092 3178 3214 3224 erat
3259 3171 3352 3238 qui
3394 3170 3568 3237 impe-

1988 3257 2104 3313 dire
2136 3260 2484 3329 posset;sed
2530 3260 2996 3330 quemadmodum
3054 3261 3109 3318 in
3151 3260 3278 3317 aliis
3309 3259 3566 3326 coetibus,

1989 3350 2070 3405 sic
2097 3359 2150 3405 et
2175 3350 2230 3404 in
2250 3350 2359 3408 isto
2376 3368 2483 3408 non
2513 3369 2720 3423 paucos
2738 3355 2981 3408 viventes
2999 3354 3065 3407 ad
3085 3361 3320 3408 mortem
3345 3354 3569 3407 damna-

1989 3440 2066 3494 vit
2101 3441 2283 3506 turba,
2319 3458 2558 3512 quorum
2589 3460 2853 3500 numerus
2891 3445 3139 3499 certabat
3171 3459 3296 3498 cum
3335 3459 3566 3497 numero

1988 3545 2178 3586 eorum
2209 3534 2302 3603 qui
2327 3535 2576 3591 suﬁ‘ocati
2613 3536 2830 3591 fuerant
2861 3537 2916 3591 in
2952 3551 3096 3603 arce,
3121 3545 3183 3591 ut
3210 3536 3265 3590 in
3297 3535 3568 3606 principio

1990 3621 2117 3677 libri
2141 3623 2302 3694 hujus
2337 3626 2544 3680 dictum
2585 3635 2691 3682 est.

2060 3891 2183 3944 104.
2236 3889 2372 3955 Quid
2415 3891 2592 3944 dicam
2641 3890 2707 3943 de
2751 3890 2835 3944 his
2880 3891 2970 3957 qui
3003 3905 3034 3944 e
3066 3891 3227 3944 tectis
3273 3890 3561 3944 domorum

1991 3995 2102 4049 prae
2160 3983 2351 4034 mortis
2387 3991 2532 4034 metu
2582 3981 2636 4033 in
2684 3989 2833 4034 tanto
2880 3979 3123 4049 periculo
3156 3979 3566 4049 prosiliebant!

1995 4071 2099 4136 Qui
2152 4071 2206 4124 in
2250 4085 2431 4126 aerem
2486 4072 2667 4126 volare
2710 4087 2817 4125 non
2870 4072 3137 4134 valentes,
3184 4072 3326 4126 sicut
3360 4073 3564 4126 voluis-

1993 4169 2138 4226 sent,
2194 4178 2257 4216 ex
2317 4163 2558 4232 pondere
2617 4165 2863 4231 corporis
2935 4165 3308 4234 patiebantur,
3369 4167 3560 4220 mortis

1988 4253 2223 4308 sonitum
2248 4253 2472 4314 dabant.
2526 4269 2591 4310 ex
2622 4255 2732 4309 alto
2779 4255 3116 4310 decidentes.
3170 4254 3313 4321 Quid
3343 4256 3409 4308 de
3450 4256 3556 4309 illis

1995 4344 2087 4413 qui
2120 4344 2173 4398 in
2204 4347 2380 4414 puteis
2407 4347 2554 4401 velut
2589 4348 2642 4401 in
2673 4348 2832 4415 aquis
2867 4347 3033 4416 prisci
3093 4331 3240 4401 illius
3276 4347 3461 4416 Cocyti
3495 4357 3553 4399 et

299 4443 439 4496 ὡσεὶ
469 4441 566 4495 καί
618 4459 760 4505 τινος
794 4443 1036 4496 κωκυτοῦ
1074 4445 1168 4497 καὶ
1220 4443 1534 4514 ἁχεροντίου
1568 4443 1759 4506 ὕδατος
1792 4443 1885 4514 βυ-

1993 4435 2315 4491 Acherontis
2391 4452 2450 4490 se
2506 4437 2899 4506 immergebant
2961 4438 3060 4490 viri
3121 4453 3185 4493 ac
3255 4439 3555 4501 mulieres;

300 4530 630 4604 θιζομένους
679 4533 873 4605 ἄνδρας
901 4551 960 4586 τε
991 4538 1082 4587 καὶ
1124 4537 1405 4603 γυναῖκας;
1436 4534 1563 4598 τοὺς
1618 4535 1715 4605 μὲν
1739 4537 1886 4604 φᾶϐῳ

302 4626 406 4681 τοῦ
436 4626 517 4694 μὴ
542 4625 654 4679 ἄνω
683 4628 870 4678 πεσεῖν
901 4626 1137 4696 θανάτῳ,
1170 4626 1266 4686 τὰς
1289 4626 1345 4679 δὲ
1395 4626 1488 4678 καὶ⁵
1523 4628 1663 4678 κατὰ
1696 4626 1888 4692 σεμνό-

307 4733 473 4786 τητα.
515 4715 713 4768 Καινὸν
734 4715 788 4768 δὲ
829 4716 984 4769 οὐδὲν
1014 4716 1133 4768 οὐδὲ
1171 4718 1204 4786 ἡ
1244 4716 1464 4784 τοιαύτη
1518 4715 1798 4784 ἐμπτωσίς
1827 4732 1886 4768 τε

299 4830 314 4860 ;
334 4809 402 4861 αἱ
421 4809 774 4869 κατάπτωτις
799 4809 927 4876 παρ’
957 4807 1283 4878 ἀνθρώποις,
1315 4807 1364 4859 οἳ
1393 4807 1466 4876 μὴ
1498 4807 1656 4874 μόνον
1685 4807 1886 4875 πέτρας

295 4897 532 4964 εὔχοντο
566 4895 635 4948 ἂν
702 4896 935 4964 ῥαγῆναι
966 4897 1043 4958 εἰς
1084 4894 1350 4964 ὑποδοχὴν
1383 4891 1583 4958 αὐτοῖς,
1638 4894 1729 4944 καὶ
1765 4894 1886 4962 βου-

296 4985 436 5044 νοὺς
470 4983 550 5044 εἰς
590 4981 791 5051 κρύψιν
820 4982 1301 5051 κατακυλισθῆναι,
1336 4983 1428 5035 καὶ
1453 4983 1678 5051 οὐρανὸν
1704 4982 1760 5035 δὲ
1787 4983 1885 5036 αύ-

297 5098 302 5101 -
327 5077 400 5126 ὸν
423 5075 852 5126 ὲπικαταπεσεῖν
868 5089 883 5105 ο
913 5073 1051 5128 ἀλλά
1091 5089 1193 5128 που
1218 5075 1313 5129 καὶ
1337 5073 1466 5142 χάος
1498 5075 1590 5126 καὶ
1613 5073 1884 5143 τάρταρον

298 5166 679 5233 ἐφαντάζοντο
697 5167 783 5229 ,εἰς
803 5165 1118 5228 κατάδυσιν,
1158 5167 1249 5219 καὶ
1301 5163 1418 5234 βίου
1459 5165 1775 5218 κατάλυσιν.
1810 5163 1882 5217 Τδ

293 5256 420 5324 γὰρ
476 5255 600 5308 καθ’
632 5257 872 5326 ίστορίαν
897 5257 1195 5326 βάραθρον,
1235 5258 1329 5309 καὶ
1363 5257 1412 5308 oi.
1442 5255 1678 5325 κρημνοὶ
1710 5256 1882 5326 μικρὰ

296 5348 404 5397 καὶ
425 5345 569 5397 αὐτὰ
602 5340 741 5416 ἦσαν
774 5349 884 5406 τοῖς
913 5344 1298 5413 ἀφαντωοῆναι
1330 5345 1593 5398 θέλουσιν.

379 5443 478 5506 ρξ’.
524 5437 590 5488 Ὠ
616 5455 706 5506 μοι
737 5439 828 5490 καὶ
857 5438 964 5490 τῶν
989 5438 1170 5502 λίθων,
1201 5436 1360 5506 οἷπερ
1395 5437 1880 5507 ὲπαφιέμενοιτοῖς

290 5526 574 5588 τοιούτοις
610 5529 747 5598 πρὸς
801 5529 910 5582 τῶν
941 5529 1252 5601 βαρϐάρων,
1285 5529 1568 5582 ἀνανεύειν
1595 5530 1694 5582 οὐκ
1723 5531 1881 5598 ἀφίε-

293 5637 428 5685 σαν,
470 5619 593 5673 ἁλλ’
628 5623 1077 5690 ἑπιπωμάζοντες
1150 5621 1518 5692 κατεχώννυον
1545 5622 1670 5684 τοὺς
1713 5622 1879 5676 ἐλεει-

295 5708 450 5774 ιούς.
508 5711 643 5765 οὐαὶ
674 5712 795 5764 τότε
836 5715 930 5765 καὶ
963 5714 1080 5765 ὅσαι
1133 5714 1272 5764 κατὰ
1305 5715 1584 5781 γαπτέρων
1617 5709 1780 5784 εἶχον,
1810 5713 1876 5778 ἃς

679 5808 942 5870 Ρλτιιοῐι.
992 5811 1103 5870 Gn.
1164 5809 1507 5871 CXXXVI.

1991 4526 2069 4580 illi
2105 4527 2296 4582 timore
2325 4543 2489 4584 casus
2543 4530 2815 4592 mortalis,
2875 4529 2957 4583 hae
2981 4538 3164 4586 autem
3214 4530 3558 4584 verecundia:

1988 4631 2150 4671 causa
2168 4617 2191 4669 i
2212 4617 2319 4672 Nec
2348 4620 2519 4672 saltus
2545 4634 2644 4672 nec
2671 4634 2833 4674 casus
2860 4620 3066 4688 aliquid
3094 4625 3226 4672 novi
3260 4630 3413 4672 eram
3448 4621 3557 4672 ulla

1989 4709 2150 4763 modo
2179 4710 2513 4776 hominibus,
2547 4713 2638 4774 qui
2669 4728 2776 4766 non
2807 4713 2983 4767 solum
3002 4713 3288 4780 jactabant
3321 4713 3554 4766 elisuros

1986 4808 2172 4869 petras
2201 4817 2366 4870 super
2393 4819 2528 4870 quas
2581 4803 2862 4868 caderent,
2905 4820 2935 4858 e
2967 4804 3114 4859 saxis
3143 4804 3463 4873 dilapsuros
3499 4807 3552 4858 in

1987 4894 2233 4962 abySSus,
2276 4910 2339 4948 ac
2367 4909 2537 4961 usque
2570 4895 2635 4948 ad
2665 4896 2860 4950 caelum
2911 4911 3180 4961 casuros;
3219 4899 3312 4950 sed
3353 4898 3554 4965 passim

1987 4986 2150 5039 chaos
2190 4992 2242 5037 et
2273 4993 2533 5038 tartarum
2563 5000 2622 5039 se
2649 4985 2946 5040 oiierebant
2971 4997 3028 5039 ut
3055 4988 3459 5055 receptaculum
3501 4995 3557 5040 et

1987 5077 2052 5129 ad
2084 5075 2414 5130 solutionem
2467 5078 2610 5131 vitae.
2659 5077 2798 5131 Nam
2846 5078 3001 5147 juxta
3059 5079 3342 5133 historiam
3395 5080 3554 5131 bara-

1984 5165 2165 5224 thrum
2219 5175 2273 5220 et
2303 5166 2485 5236 abyssi
2516 5181 2682 5236 parva
2714 5179 2869 5222 erant
2913 5170 3000 5224 his
3029 5169 3123 5240 qui
3157 5184 3218 5225 se
3248 5169 3553 5224 invisibiles

1985 5257 2166 5311 facere
2193 5256 2446 5312 volebant

2053 5431 2176 5488 105.
2213 5431 2367 5486 Heu!
2414 5431 2543 5501 quid
2579 5433 2644 5486 de
2676 5431 2951 5502 lapidibus
2983 5431 3074 5500 qui
3096 5429 3247 5484 missi
3285 5426 3551 5479 adversus

1981 5525 2105 5581 illos
2133 5542 2160 5578 a
2181 5525 2458 5589 Barbaris,
2483 5541 2589 5578 nou
2611 5524 2869 5579 sinebant
2904 5539 2998 5578 eos
3023 5533 3239 5582 nutare,
3275 5519 3366 5572 sed
3401 5518 3559 5572 οἰκο-

1978 5623 2167 5685 gentes
2197 5629 2290 5669 eos
2315 5613 2688 5666 miserabiliter
2706 5609 3154 5682 sepeliebant.Va:
3173 5617 3302 5664 tunc
3329 5609 3413 5664 liis
3435 5625 3556 5678 qua:

1984 5715 2196 5770 uterum
2233 5706 2538 5776 gestabant,
2567 5720 2704 5776 quas
2739 5705 2788 5757 in
2828 5703 2950 5770 fuga
2994 5701 3274 5758 detinebat
3329 5702 3550 5756 charum

3008 5800 3044 5860 Ῑι
