4012 6226
507 289 613 356 ῙθΊ
1247 298 1676 359 EU'STATHII
1700 301 2040 362 THESSAL

2143 302 2454 365 'llIENSlS
2488 306 3053 370 ΜΕΤΒΟΓΟῌΤᾸΞ
3642 311 3740 378 108

501 407 652 477 juxta
681 416 928 462 naturam
956 422 1114 469 onus,
1133 425 1198 465 cx
1229 410 1507 467 debilitate
1539 414 1723 468 subito
1745 413 2041 494 dejicieban

2143 463 2146 473 λ
2177 417 2234 468 ἐν
2265 419 2340 486 τῷ
2368 419 2588 486 φεύγειν
2623 421 2870 490 βαρύνων
2899 425 2926 475 ό
2954 422 3093 476 κατὰ
3123 420 3285 493 φύσιν
3318 423 3494 492 φίλιος
3523 425 3742 494 φόρτος,

504 499 971 564 turininfernum,
990 501 1382 570 praevenientcs
1407 513 1634 559 mortem
1653 521 1716 560 ex
1737 489 1936 576 gladio.
1951 505 2041 561 Νοι

2172 509 2230 572 ἐξ
2257 508 2606 578 ὀλιγηπελίης
2651 489 2984 582 κατέρῤιπτε
3045 489 3392 581 συμποδίζων
3455 489 3546 576 είς⁷
3584 489 3741 585 ᾅδην,

505 604 637 645 vero
668 591 847 646 minus
877 600 994 646 erat
1023 593 1196 648 tristis
1229 609 1351 650 sors
1397 605 1656 656 matrum.
1683 612 1823 666 quas
1860 599 1912 650 in
1946 597 2036 666 fug

2173 602 2478 668 φθανούσας
2531 608 2622 656 τὸν
2664 605 2751 658 διὰ
2796 605 2965 673 ξιφῶν
2990 605 3226 675 ὄλεθρον.
3288 606 3516 676 υίκτρὸν
3541 606 3597 659 δὲ
3621 608 3746 662 τού⁶

506 684 908 736 comitabantur
944 686 1151 753 pueruli
1177 703 1192 738 :
1221 701 1364 754 saepe
1387 688 1530 739 enim
1558 687 1625 741 ab
1656 687 1884 741 invicem
1917 701 2041 754 sepa

2170 709 2278 745 των
2308 694 2404 746 οὐκ
2435 693 2656 747 ἔλαττον
2693 698 2786 749 καὶ
2849 697 3101 766 μητέρες,
3140 691 3229 758 αἷς
3287 690 3613 764 φευγούσαις
3647 701 3743 751 καὶ

505 770 768 824 rubanlttr
799 788 813 824 :
864 773 1107 840 periculo
1141 775 1287 828 enim
1334 777 1591 841 instante,
1625 784 1824 830 matres
1854 784 2041 830 antece

2172 781 2369 834 ἁπαλοὶ
2399 784 2583 846 παῖδες
2607 784 2944 855 συνέτρεχον,
2973 786 3066 840 καὶ
3087 786 3224 845 τέως
3257 786 3358 854 μὲν
3385 787 3527 856 ὁμοῦ
3564 784 3739 858 ἦσαν’

505 862 729 926 dcbant,
773 869 829 914 at
875 864 976 916 hoc
1013 864 1304 924 infeliciter
1337 866 1554 936 quidem
1613 883 1676 922 ac
1720 868 2066 926 infortunate.

503 952 635 1004 Nam
677 968 800 1007 cum
836 955 1201 1022 adverterent,
1230 958 1339 1026 jam
1374 973 1480 1012 non
1517 959 1791 1014 adbaarere
1819 960 1924 1013 sibi
1943 962 2069 1014 cha-

502 1059 594 1098 ros
617 1059 768 1110 suos,
791 1047 883 1101 sed
912 1048 1254 1102 aemulatores
1287 1047 1512 1105 Herodis
1546 1059 1735 1104 contra
1768 1059 1945 1118 petras
1965 1051 2066 1106 cli-

501 1135 690 1190 dentes
751 1151 875 1201 eos;
910 1139 993 1192 vel
1026 1139 1292 1193 cadebant
1326 1149 1378 1194 et
1409 1141 1539 1210 ipsae,
1565 1141 1620 1195 in
1653 1157 1846 1197 manus
1879 1157 2063 1197 eorum

498 1224 590 1290 qui
628 1239 722 1278 eas
754 1228 1248 1295 apprehendebant,
1277 1240 1622 1292 exsecrantes
1652 1248 1720 1286 ne
1741 1233 1797 1287 in
1823 1247 2062 1288 amorem

496 1327 687 1368 eorum
750 1316 1075 1382 inciderent,
1140 1320 1444 1388 ejulabant,
1499 1338 1528 1376 e
1559 1332 1774 1387 contra,
1813 1339 1912 1393 per
1943 1339 2065 1378 om-

2172 873 2591 943 ἐπισπέρχοντος
2621 876 2676 928 δὲ
2702 875 2797 929 τοῦ
2834 876 3025 940 κακοῦ,
3087 877 3284 929 ἐνίκων
3313 877 3403 932 τὸν
3435 879 3636 948 δρόμον
3682 882 3739 932 αἱ

2174 964 2427 1031 μητέρες,
2459 964 2735 1035 δυστυχῶς
2757 983 2819 1033 γε
2875 969 3032 1020 τοῦτο
3061 968 3155 1020 καὶ
3209 969 3373 1037 μάλα.
3443 971 3738 1039 Ἐπιστρα-

2170 1057 2354 1121 φεῖσαι
2423 1058 2551 1127 γὰρ,
2595 1059 2626 1128 ἢ
2667 1060 2846 1112 οὐκέτ’
2912 1060 3288 1124 ἔϐλεποντοὺς
3344 1061 3738 1131 ποθουμένους,

2169 1145 2532 1215 ἀνθαμίλλους
2573 1148 2810 1218 Ἡρώδου
2840 1151 2902 1219 δή
2953 1167 3058 1204 τινι
3119 1150 3285 1221 ψήφῳ
3322 1156 3742 1222 περιπεπτωκό-

2168 1252 2293 1298 τας·
2328 1237 2360 1308 ἦ
2401 1237 2627 1292 ἔπιπτον
2656 1241 2750 1292 καὶ
2771 1241 2931 1294 αὐταὶ
2981 1242 3115 1310 πρὸς
3145 1241 3256 1293 τῶν
3289 1243 3740 1313 ἐπικαταλαμϐα-

2167 1327 2386 1390 νόντων,
2448 1328 2788 1398 μισούμεναι,
2822 1329 2904 1381 ὅτι
2935 1329 3010 1398 μὴ
3069 1329 3295 1384 ἐκείνων
3361 1332 3498 1400 πρὸς
3553 1332 3738 1402 ἔρωτα

502 1420 627 1457 nem
677 1405 820 1460 viam
869 1424 976 1476 qua
1033 1413 1192 1478 pueri
1232 1411 1596 1467 incesserant.
1627 1417 1819 1469 Patres
1849 1430 2041 1484 quoqtn

2167 1417 2584 1488 ἐπεστρέφοντο,
2614 1418 2728 1470 ἀλλ’
2757 1418 2970 1472 ἔκλαιον
3003 1419 3095 1473 τὸν
3132 1419 3363 1474 ὕστατον
3413 1421 3645 1490 δόλιχον,
3671 1423 3736 1475 δν

499 1493 776 1560 fugiebant
835 1508 978 1552 retro
1024 1500 1397 1569 relinquentes
1450 1518 1649 1571 pueros
1680 1505 1946 1558 matribus
1979 1519 2041 1558 or

2164 1509 2488 1563 ἐστείλαντο.
2528 1509 2797 1577 Ἔφευγον
2845 1511 2941 1564 καὶ
2971 1510 3222 1580 πατέρες,
3253 1511 3447 1580 νεογνὰ
3479 1513 3737 1582 μητέρων

497 1584 617 1639 bos.
665 1585 728 1638 lli
793 1597 973 1642 autem
1005 1590 1319 1644 clamabant
1356 1591 1554 1648 salutis
1576 1608 1762 1658 causa,
1814 1594 1889 1647 illi
1934 1609 2041 1648 veri

2165 1599 2378 1669 ὀρφανὰ
2415 1599 2587 1653 ὀπίσω
2621 1602 2892 1669 ἀφιέντες.
2945 1603 3054 1655 Καὶ
3094 1602 3231 1655 αὐτὰ
3268 1601 3367 1670 μὲν
3399 1603 3473 1665 ὡς
3506 1604 3600 1657 ἐπὶ
3627 1622 3736 1656 σω-

499 1690 607 1730 non
675 1678 1022 1735 advertentes
1087 1683 1419 1746 currebant,
1485 1692 1796 1754 naturaque
1859 1685 2041 1739 frustr:

2165 1691 2328 1762 τηρίᾳ
2355 1691 2616 1758 ἐγοῶντο·
2655 1693 2704 1745 οἱ
2738 1692 2794 1745 δὲ
2821 1693 2895 1762 μὴ
2935 1693 3389 1763 ἐπιστρεφόμενοι
3421 1693 3597 1757 ἔθεον,
3633 1700 3735 1752 καὶ

495 1765 786 1821 clamabat.
817 1769 875 1822 Si
917 1769 992 1823 illi
1026 1773 1316 1841 aequabant
1352 1788 1546 1838 cursu,
1579 1775 1722 1842 quod
1765 1776 1817 1828 in
1858 1790 1918 1830 se
1945 1790 2035 1830 era

2163 1784 2194 1852 ἠ
2232 1782 2388 1847 φύσις
2419 1782 2544 1834 ἐϐόα
2572 1783 2727 1836 κενά.
2762 1783 2822 1835 Ei
2843 1783 2899 1837 δὲ
2929 1786 3022 1836 καὶ
3052 1783 3352 1852 ἐξέδραμον
3376 1786 3557 1838 ἐκεῖνα
3589 1803 3733 1856 συμ-

496 1859 717 1925 quidem
757 1860 1052 1928 faciebant,
1106 1865 1322 1933 genitor
1369 1881 1500 1920 vero
1531 1866 1672 1921 idem
1710 1875 1849 1932 erat,
1875 1881 2041 1920 amori

2163 1875 2404 1944 φεύγειν,
2439 1874 2576 1927 αὑτὰ
2611 1877 2709 1944 μὲν
2729 1874 2944 1927 ἐποίουν
2975 1875 3036 1927 τὸ
3062 1874 3287 1927 δυνατόν
3308 1890 3323 1906 ο
3354 1876 3381 1928 ὁ
3403 1875 3460 1928 δέ
3486 1877 3730 1946 γενέτωρ

496 1951 731 2004 naturali
795 1951 992 2008 timore
1042 1956 1233 2008 mortis
1257 1955 1410 2024 juxta
1449 1957 1613 2025 pedes
1665 1967 1948 2027 superato.
2001 1957 2060 2012 Si

498 2047 680 2094 autem
715 2051 868 2111 pater
898 2043 965 2098 de
995 2043 1104 2097 vita
1134 2059 1231 2098 sua
1262 2045 1508 2111 curabat,
1545 2046 1619 2100 illi
1649 2049 1902 2114 prostrati
1927 2063 2061 2102 con-

495 2128 828 2197 culcatique,
876 2132 1129 2200 peribant
1189 2133 1242 2185 in
1293 2134 1506 2188 acervis
1564 2136 1914 2189 cadaverum.
1970 2136 2058 2191 Sic

499 2216 756 2272 animalia
785 2219 1085 2278 domestica
1123 2222 1264 2288 lupis
1304 2223 1718 2279 accurrentibus
1763 2227 1873 2280 cito
1898 2227 2059 2281 relin-

495 2316 672 2370 quunt
699 2311 954 2378 parvulos
981 2326 1128 2378 suos,
1153 2328 1217 2368 ac
1247 2312 1496 2384 fugiunt;
1532 2315 1692 2386 lupus
1721 2328 1898 2372 autem
1926 2317 2056 2372 nulli

494 2399 602 2452 scit
634 2413 878 2468 parcere.

563 2659 686 2714 106.
747 2658 992 2730 llicego
1033 2675 1213 2731 gemo,
1275 2661 1331 2716 in
1387 2663 1708 2717 memoriam
1768 2678 2049 2730 revocans,

491 2753 764 2818 quomodo
787 2750 1026 2821 fugimus
1053 2768 1156 2808 nos
1186 2769 1377 2809 omnes
1407 2754 1551 2809 sicut
1589 2769 1716 2808 oves
1735 2755 2048 2822 occisionis,

489 2842 642 2896 nullo
671 2851 887 2910 pastore
918 2844 1266 2910 defendente,
1301 2859 1402 2899 nec
1435 2848 1798 2901 mercenaria.
1844 2847 2052 2904 Felices

488 2934 523 2987 ii
555 2949 784 3003 quorum
823 2935 958 2988 nihil
996 2935 1307 2989 morabatur
1345 2935 1552 3004 fugam.
1580 2936 1736 2993 Nune
1774 2953 1903 2994 vero
1938 2943 2050 3007 ple-

490 3025 649 3090 rique
681 3024 735 3077 in
777 3039 872 3077 ora
913 3024 1163 3091 luporum
1222 3040 1516 3094 parumper
1579 3027 1769 3096 dilapsi
1833 3042 2041 3082 sumus.

490 3112 674 3138 F.-..L...
717 3113 795 3138 ιιι...
845 3114 1140 3138 ἔην-...ιιλ-...ι
1186 3131 1299 3138 .--υ-,ι
1345 3117 1481 3138 ι-----
1527 3118 1708 3138 --μιμ--μ
1771 3119 2041 3138 n____.,__-

2151 3024 2317 3128 ὶουςζ
2341 3024 2457 3119 se.
2485 3024 2707 3120 sua
2749 3024 2942 3138 μῖκρὲῠ
2981 3024 3099 3122 eo;
3116 3071 3164 3122 οί

487 3112 677 3167 Caedes
717 3113 797 3166 ba:
844 3114 1302 3184 innuineraz,qua:
1345 3117 1484 3172 banc
1527 3118 1713 3174 urbem
1769 3119 2046 3174 florentem

491 3216 542 3259 et
599 3205 667 3258 ab
709 3205 902 3260 incolis
937 3206 1090 3261 bonae
1139 3207 1311 3276 frugis
1366 3209 1658 3264 liabitatam
1714 3211 2048 3281 depoliulatae

487 3307 640 3352 sunt.
676 3297 780 3362 Qui
819 3299 968 3353 vario
1014 3301 1170 3354 modo
1210 3301 1289 3355 sic
1322 3304 1598 3371 perierunt
1631 3314 1836 3373 septem
1879 3304 2046 3360 millia

483 3397 832 3456 superarunt,
869 3390 1007 3445 adeo
1048 3402 1424 3459 persecutores
1474 3409 1663 3449 eorum
1717 3396 1856 3452 ictus
1915 3412 2045 3452 suos

483 3479 688 3547 potenti
729 3481 952 3535 solertia
998 3482 1333 3551 dirigebant,
1367 3487 1668 3539 numeratis
1711 3503 1774 3542 ex
1801 3488 2046 3557 Bulgaris

484 3569 758 3639 peditibus
813 3572 1184 3642 militibusque
1238 3577 1532 3632 exercitus.
1605 3578 1830 3634 Barbari
1881 3595 2041 3645 vero,

486 3662 578 3731 qui
607 3663 742 3718 alias
777 3662 990 3718 fuerant
1013 3667 1242 3734 operati,
1265 3667 1504 3737 quinque
1528 3669 1694 3724 millia
1723 3685 2043 3726 numerave-

487 3765 615 3807 runt
643 3764 1007 3821 mortuorum,
1044 3757 1151 3812 illis
1189 3772 1294 3812 non
1329 3761 1701 3815 annumeratis
1731 3763 1822 3831 qui
1872 3761 2040 3817 suffo-

482 3848 588 3903 cati
621 3846 859 3916 fuerant,
891 3849 974 3905 vel
1003 3850 1056 3905 in
1089 3850 1347 3907 domibus
1385 3853 1500 3906 suis
1525 3854 1822 3923 perierant,
1851 3857 1942 3911 scd
1975 3857 2040 3910 iis

483 3949 691 3995 tantum
723 3942 1021 3998 numeratis
1045 3959 1183 4013 quos
1214 3946 1291 4000 sol
1314 3945 1513 4002 ictibus
1549 3948 1792 4018 ipsorum
1825 3950 2041 4020 exposi-

482 4039 570 4086 tos
603 4033 940 4088 ostenderat.

547 4206 671 4260 107.
725 4205 864 4260 Ecce
900 4207 988 4260 hic
1047 4209 1193 4276 quod
1236 4213 1691 4268 remordebitcor
1757 4219 2034 4274 hominum

477 4299 912 4368 misericordium
933 4341 948 4365 ,
973 4300 1202 4366 scilicet.
1229 4317 1324 4358 eos
1352 4305 1442 4373 qui
1466 4304 1720 4374 jacebant
1754 4310 1806 4362 in
1833 4311 1933 4365 viis
1955 4323 2036 4366 at-

475 4406 584 4460 que
633 4391 686 4445 in
720 4391 959 4461 acr0poli
991 4393 1318 4450 animalibus
1360 4395 1536 4450 brutis
1568 4401 1853 4458 miscentes
1902 4403 2030 4456 Bar-

470 4483 588 4537 bari
646 4484 982 4550 cremabant,
1037 4483 1419 4542 inhumanitati
1458 4505 1570 4544 suae
1623 4491 1723 4546 hoc
1779 4493 2027 4548 ultimum

470 4571 754 4626 add-utea.
778 4572 912 4624 Cum
933 4574 1165 4640 primum
1197 4575 1317 4630 illos
1349 4576 1548 4633 hortati
1580 4597 1825 4638 essemus
1864 4593 1922 4638 ut
1949 4585 2029 4638 in-

470 4661 754 4714 llumarent
787 4661 1052 4716 cadavera
1085 4678 1151 4717 ne
1201 4665 1302 4719 hoc
1336 4667 1487 4722 triste
1517 4673 1885 4737 spectaculum
1927 4675 2025 4729 ad-

467 4760 616 4803 esset
658 4766 994 4822 vaporesque
1046 4755 1365 4821 pestilentes
1394 4759 1800 4826 exbalareutur,
1838 4762 2024 4831 hujus-

468 4840 611 4890 modi
649 4855 707 4894 se
729 4857 848 4896 esse
879 4855 1128 4898 assuetos
1155 4845 1428 4913 dicebant,
1477 4850 1669 4921 bisque
1695 4857 2023 4923 spectaculis

465 4939 518 4985 ot
547 4930 806 4987 odoribus
829 4935 1082 5002 gaudere.

541 5021 663 5076 £08.
715 5023 904 5080 Caedes
937 5028 1154 5096 quidem
1199 5046 1484 5103 raptusque
1517 5038 1753 5093 .violenti
1811 5055 1873 5094 ac
1906 5042 2033 5111 ple-‘

465 5129 636 5185 raque
681 5117 820 5168 mala
869 5131 1087 5175 cessare
1123 5125 1235 5177 visa
1286 5137 1411 5180 sunt
1446 5145 1507 5181 ex
1537 5130 1690 5197 jussu
1731 5133 2014 5200 comitum,

465 5209 533 5263 ad
605 5205 884 5264 meridiem
935 5208 1066 5278 diei,
1124 5230 1227 5282 qua
1295 5231 1599 5288 expugnata
1657 5235 1740 5280 est
1801 5227 2012 5285 civitas.

463 5296 590 5354 Erat
616 5315 740 5353 vero
788 5297 1108 5364 Sabbatum,
1155 5320 1262 5372 quo
1317 5307 1457 5377 fuga:
1491 5311 1640 5369 locus
1708 5331 1813 5370 non
1870 5329 2010 5383 erat,

458 5403 619 5454 quam
655 5407 719 5445 ex
745 5389 1038 5461 Evangelia
1070 5393 1418 5463 deprecaturi
1453 5404 1700 5468 fuissent,
1729 5409 1823 5463 sed
1851 5420 2013 5467 tanta:

461 5479 614 5531 urbis
650 5482 893 5537 exitium.
925 5482 1056 5548 Quae
1081 5485 1333 5556 deinceps
1382 5494 1691 5548 acciderunt
1724 5513 1882 5554 nemo
1920 5514 2012 5556 ac-

457 5577 643 5630 curate
669 5571 887 5629 dixerit.
915 5573 986 5629 Ea
1014 5591 1141 5630 vero
1166 5594 1286 5646 qua:
1307 5581 1504 5649 eligere
1539 5588 1832 5655 potuimus,
1865 5592 2008 5659 quod

2159 1961 2226 2036 ἦν
2245 1967 2273 2018 ό
2299 1965 2477 2029 αὐτὸς,
2502 1966 2627 2028 τοὺς
2660 1967 2828 2029 πόδας
2873 1965 2966 2019 τοῦ
3003 1965 3143 2019 κατὰ
3178 1966 3404 2019 θάνατον
3432 1967 3598 2035 φόϐου
3626 1967 3732 2037 τὴν

2161 2057 2398 2126 φυσικὴν
2424 2057 2748 2120 ἐκνικῶντος
2784 2058 3036 2127 στοργήν.
3071 2058 3179 2112 Καὶ
3207 2058 3365 2128 εἴπερ
3393 2061 3420 2112 ό
3442 2060 3731 2113 τεκνωσά-

2162 2166 2320 2218 μενος
2351 2148 2765 2219 περιποιήσεται
2796 2149 2960 2220 ζωὴν,
3030 2150 3144 2204 ἀλλ’
3193 2150 3336 2204 αὐτὰ
3402 2151 3730 2218 συμπατού-

2161 2257 2316 2309 μενα,
2353 2241 2446 2293 καὶ
2477 2240 2615 2310 πρὸς
2641 2239 2760 2309 βίαν
2804 2239 3149 2310 σκαρίζοντα,
3181 2241 3473 2307 ἐξώλλυντο
3501 2244 3582 2304 είς
3603 2243 3731 2296 ἐπι-

2157 2333 2331 2402 θήκην
2377 2332 2486 2383 τῶν
2526 2332 2645 2384 κατ’
2689 2332 2890 2402 ἄνδρας
2925 2334 3152 2402 νεκρῶν.
3183 2333 3340 2387 Οῦτω
3370 2335 3462 2387 καὶ
3489 2334 3728 2405 θρέμμα

2154 2422 2325 2492 τραχὺ
2352 2422 2530 2477 λύκων
2583 2425 2979 2495 ὲπιτρεχόντων
3019 2426 3210 2495 ἀφίησι
3272 2427 3342 2479 τὰ
3396 2427 3570 2480 οίκεῖα
3599 2445 3725 2480 νεο-

2154 2516 2299 2583 γιλὰ,
2334 2517 2426 2569 καὶ
2480 2515 2706 2586 φεύγειο
2770 2518 2920 2572 καὶὸ
2972 2517 3135 2582 λύκος
3159 2518 3260 2572 οὐκ
3311 2513 3453 2572 οἶδεν
3505 2519 3723 2584 οὐδενὸς

2154 2606 2452 2672 φείδεσθαι.

2225 2697 2334 2768 pg’.
2367 2699 2554 2753 Κλαίω
2581 2700 2628 2753 δ’
2656 2699 2890 2756 ἐνταῦθα
2927 2701 3060 2770 ἐγὼ,
3094 2703 3440 2776 ἀναπολήσας
3462 2707 3541 2770 είς
3569 2707 3722 2775 νοῦν,

2151 2792 2226 2855 ὡς
2253 2793 2348 2845 καὶ
2371 2793 2532 2862 ἡμεῖς
2556 2793 2792 2858 ἅπαντες
2820 2793 2992 2858 οὕτως
3026 2797 3351 2865 ἐφεύγομεν,
3379 2790 3465 2850 οία
3499 2799 3724 2868 σφαγῆς

2151 2882 2419 2950 πρόϐατα,
2480 2884 2603 2937 οὔτε
2649 2885 2904 2954 ποιμένος
2940 2886 3373 2957 προμαχοῦντος,
3435 2887 3560 2941 οὔτε
3605 2890 3725 2960 μὴν

2153 2973 2440 3041 μισθωτοῦ.
2484 2975 2591 3027 Καὶ
2623 2974 2910 3046 μακάριον,
2947 2975 3104 3046 είπερ
3127 2976 3430 3046 ἐφεύγομεν
3485 2976 3571 3029 διὰ
3626 2979 3725 3030 τέ-

3221 3069 3438 3132 πλείους
3471 3071 3582 3133 τοῖς
3601 3071 3722 3124 τῶν

2149 3157 2326 3211 λύκων
2379 3158 2810 3230 περιεπίπτομεν
2869 3160 3121 3231 στόμασι.
3189 3163 3373 3232 Μυρία
3415 3162 3478 3232 δὴ
3533 3163 3718 3216 ταῦτα

2148 3246 2438 3316 πτώματα,
2471 3250 2566 3304 καὶ
2591 3243 2677 3302 οἷα
2728 3251 2882 3304 πόλιν
2911 3252 3211 3306 ἀποκενοῦν
3267 3252 3605 3324 εὐφοροῦσαν
3639 3250 3719 3325 ἦν

2147 3337 2237 3389 ὅτε
2267 3338 2565 3409 οἰκητόρων
2603 3338 2845 3406 ἀγαθῶν.
2874 3340 2984 3394 Καὶ
3031 3343 3310 3412 μετροῖντο
3363 3340 3428 3394 ἂν
3483 3343 3531 3394 oi
3563 3342 3718 3396 οὕτω

2145 3426 2497 3496 πολυτρόπως
2537 3429 2796 3494 πεσόντες
2856 3432 2998 3502 ὑπὲρ
3029 3433 3274 3502 χιλιάδας
3331 3433 3489 3498 ἑπτὰ,
3523 3434 3599 3496 ὡς
3658 3438 3718 3488 οἱ

2145 3519 2521 3589 περιελθόντες
2553 3520 2910 3590 ἐστοχάσαντο
2964 3525 3098 3595 πρὸς
3133 3524 3362 3595 δυνατὴν
3391 3524 3713 3596 ἀκρίϐειαν,

2146 3610 2242 3664 σύν
2267 3627 2330 3678 γε
2371 3613 2485 3673 τοῖς
2546 3613 2608 3664 ἐκ
2659 3614 2987 3685 Βουλγάρων
3041 3616 3243 3680 πεζοῖς,
3291 3617 3386 3670 καὶ
3443 3618 3555 3670 ὅσοι
3605 3619 3714 3672 τοῦ

2143 3705 2532 3776 στρατιωτικοῦ
2571 3706 2883 3758 συνέπεσον.
2911 3705 2976 3760 Οἱ
3003 3706 3060 3758 δέ
3095 3707 3361 3777 βὰρΰαροι
3398 3725 3710 3779 περιεργα-

2142 3799 2364 3864 σάμενοι
2408 3797 2602 3861 ἄλλως,
2645 3797 2724 3860 είς
2769 3780 2937 3850 ’πέντε
2991 3798 3232 3868 χιλιάδας
3289 3799 3600 3869 ἠρίθμησαν
3640 3802 3712 3854 τὸ

2141 3892 2330 3954 κακὸν,
2391 3889 2527 3958 μήτε
2548 3888 2675 3950 τοὺς
2726 3889 3130 3957 πεπνιγμένους
3211 3890 3708 3956 συγκεφαλαιωσά-

2141 3997 2290 4050 μενοι
2316 3979 2544 4042 τούτοις,
2573 3979 2708 4049 μήτε
2734 3978 2935 4049 δηλαδὴ
2957 3980 3080 4040 τοὺς
3106 3977 3192 4030 ἐπ’
3220 3979 3382 4031 οἴκων
3407 3980 3704 4044 πεσόντας,

2138 4070 2272 4122 ἀλλὰ
2309 4070 2504 4139 μόνους
2531 4069 2746 4140 ἀριθμῷ
2793 4069 3102 4134 δεδωκότες,
3139 4069 3297 4132 ὅσους
3325 4068 3508 4134 αὐτοῖς
3534 4071 3709 4126 ἐκθέ-

2135 4177 2261 4223 τους
2293 4160 2577 4228 κειμένους
2611 4162 2760 4230 ἥλιος
2791 4162 3008 4230 ἔφηνεν.

2209 4251 2308 4320 ρξ’.
2362 4251 2619 4305 Ἐνταῦθα
2645 4252 2796 4307 δάκοι
2831 4253 2896 4305 ἂν
2928 4253 3154 4322 καρδίαν
3183 4253 3373 4324 ἀνδρὸς
3415 4253 3706 4322 φιλοίκτου

2137 4341 2230 4392 καὶ
2261 4339 2342 4390 ὅτι
2373 4339 2497 4400 τοὺς
2537 4341 2820 4408 κειμένους
2858 4339 2917 4392 έν
2963 4356 3022 4392 τε
3058 4343 3178 4403 ταῖς
3220 4341 3483 4410 ἀμφόδοις
3517 4343 3613 4394 καὶ
3638 4345 3709 4394 ἐν

2064 4440 2105 4495 D
2136 4430 2203 4498 τῇ
2237 4428 2529 4496 ἀκροπόλει
2559 4429 2769 4497 ἀλόγοις
2792 4429 2950 4494 ζώοις
2987 4431 3402 4500 ἀναμγινύντες,
3434 4432 3711 4486 κατέκαι-

2131 4537 2188 4571 ον
2214 4521 2263 4572 οἰ
2327 4519 2511 4590 ἐχθροὶ
2557 4519 2616 4574 τὸ
2645 4520 3047 4590 μισάνθρωπον,
3080 4521 3177 4591 ὀψὲ
3239 4522 3334 4574 καὶ
3367 4521 3526 4574 τοῦτο
3557 4523 3708 4592 δρά-

2133 4627 2341 4672 σαντες.
2374 4613 2455 4664 Τὰ
2495 4613 2686 4682 πρῶτα
2712 4613 2822 4681 γὰρ
2885 4612 2976 4679 ὑφ’
3009 4613 3163 4681 ἡμῶν
3203 4613 3706 4684 παρακαλούμενοι

2128 4701 2440 4770 καταχῶσαι
2469 4703 2594 4765 τοὺς
2623 4704 2870 4772 νεκροὺς,
2907 4703 2980 4772 μὴ
3012 4704 3106 4755 καὶ
3135 4703 3232 4756 θέα
3287 4703 3703 4772 δυσπρόσωπος

2125 4790 2418 4854 ἓκκεινται,
2445 4796 2535 4845 καὶ
2566 4793 2845 4862 ἀποφορὰς
2872 4794 2926 4846 δὲ
2958 4794 3181 4862 νοσερὰς
3204 4795 3521 4864 ἀτμίσωσιν,
3557 4796 3707 4850 ἐθά-

2122 4877 2207 4938 δες
2238 4878 2488 4932 τοιούτων
2523 4880 2674 4932 αὐτοὶ
2704 4881 2908 4948 ἔφασαν
2942 4877 3107 4945 εἶναι,
3139 4883 3230 4934 καὶ
3256 4881 3468 4952 χαίρειν
3496 4885 3706 4937 τοιαύ-

2121 4983 2241 5029 ταις
2274 4967 2422 5030 θέαις
2457 4986 2513 5021 τε
2543 4971 2636 5022 καὶ
2666 4969 2877 5038 ὀδμαῖς.

2192 5057 2298 5128 ρη’.
2355 5061 2417 5112 Οί
2467 5061 2562 5128 μὲν
2619 5061 2681 5130 δὴ
2735 5061 2916 5114 πολλοὶ
2970 5063 3139 5131 φόνοι,
3195 5067 3291 5118 καὶ
3340 5068 3395 5117 αἱ
3446 5066 3703 5134 σφοδραὶ

2121 5149 2386 5215 ἁρπαγαὶ,
2419 5150 2508 5202 καὶ
2538 5153 2603 5203 τὰ
2636 5151 2800 5202 πλείω
2825 5153 2969 5204 κακὰ
3020 5154 3223 5207 δοκοῖεν
3273 5155 3338 5208 ἂν
3393 5156 3551 5224 λῆξαι
3579 5175 3703 5227 με-

2117 5241 2184 5292 τὰ
2227 5241 2572 5310 μεσημόρίαν
2595 5241 2687 5307 τῆς
2725 5243 2957 5312 ἡμέρας,
3017 5245 3138 5297 καθ’
3165 5248 3286 5315 ῆνὴ
3339 5247 3558 5310 ἅλωσις,
3621 5252 3703 5317 ἐξ

2117 5331 2486 5400 ἐπιτάγματος
2504 5332 2612 5384 τῶν
2643 5334 2912 5402 κομήτων.
2945 5331 3052 5387 Ἶ-Ιν
3079 5337 3131 5387 δὲ
3161 5336 3457 5401 Σάίίὁατον,
3492 5339 3553 5389 ού
3576 5355 3703 5405 φυ-

2114 5421 2215 5489 γὴν
2245 5422 2386 5490 ἕχον,
2417 5424 2481 5491 ἢν
2512 5423 2884 5490 εύαγγελικῶς
2931 5425 3217 5490 ἀπεύξαιτ’
3247 5429 3312 5481 ἄν
3361 5446 3465 5492 τις,
3529 5429 3700 5487 ἀλλὰ

2113 5511 2440 5583 τηλικαύτης
2468 5512 2672 5576 πόλεως
2701 5514 2942 5583 ὄλεθρον.
2976 5517 3056 5569 Ta
3091 5517 3145 5569 δὲ
3196 5518 3445 5571 ἐντεῦθεν
3478 5521 3577 5571 οὐκ
3603 5521 3698 5574 ἂν

2115 5601 2213 5668 μέν
2244 5618 2328 5663 τις
2375 5604 2596 5670 φράσαι,
2631 5606 2704 5667 ὡς
2764 5606 2930 5674 μηδὲν
2981 5623 3031 5658 τι
3085 5605 3346 5675 ἐλλεῖψαι.
3410 5608 3550 5660 Ὅσα
3619 5611 3700 5668 δὲ

454 5669 517 5710 ea
599 5660 836 5720 scribere
925 5671 1302 5739 potuerimus,
1363 5675 1733 5742 gloriabimur.
1807 5682 2007 5741 Omnes

2144 5707 2255 5746 στιν
2307 5693 2676 5764 ἐπιλέξασθαι,
2711 5698 3034 5769 αύχὴσωμεν
3067 5696 3132 5751 ἂν
3166 5700 3257 5752 καὶ
3308 5700 3459 5753 αὐτοὶ
3495 5700 3696 5758 ίκανοὶ
