4012 6226
257 313 357 380 109

1039 317 1134 375 DE
1175 318 1746 381 TIIESSALONICA
1781 324 1992 385 URBE
2030 328 2072 386 Α
2116 329 2426 392 LATIle
2451 335 2708 394 CAPTA.

3401 341 3502 406 110

252 427 475 480 ἔσεσθαι
516 426 972 496 ἀπογράψασθαι.
1007 430 1217 491 Πάντες
1247 435 1293 485 οἱ
1332 433 1435 496 ἔξω
1472 434 1719 497 ἱππόται,
1745 437 1840 489 καὶ

1949 447 2154 516 equites
2204 451 2293 519 qui
2331 460 2488 505 erant
2521 463 2677 506 extra
2717 468 2924 517 muros,
2963 451 3241 522 ducesque
3275 441 3496 511 classis.

251 521 297 571 οί
336 518 602 589 ναύαρχοι
639 521 716 583 δὲ,
751 520 1058 584 ἀκολούθως
1089 523 1148 576 δὲ
1205 526 1297 577 καὶ
1329 525 1378 577 οἱ
1414 526 1553 593 ἀμφ’
1605 527 1827 594 αὐτοὺς,

249 611 705 680 ἀνακαθήραντες
738 613 839 681 ἤδη
871 615 937 666 τὰ
961 614 1110 682 σφίσι
1165 615 1396 682 φοϐερὰ,
1433 620 1528 670 καὶ
1563 619 1832 687 μισήσαν-

250 720 339 764 τες
361 704 442 765 εἰς
473 704 637 757 πλέον
657 705 1057 772 αίθριοκοιτεῖν,
1088 706 1327 775 ἔπλησαν
1351 707 1519 769 ἀδεῶς
1551 709 1644 771 τὰς
1679 709 1834 779 οἰκή-

254 814 371 856 σεις
401 796 502 863 τῆς
544 795 786 859 πόλεως·
828 799 924 857 τὰς
961 799 1058 865 μὲν
1119 799 1334 867 μείζους
1367 800 1510 853 κατὰ
1563 801 1829 869 κεφαλὰς,

251 890 349 940 καὶ
381 889 496 940 ὅσοι
527 889 656 956 περὶ
686 890 871 951 αὑτάς·
901 889 997 952 τὰς
1020 891 1074 942 δὲ
1103 891 1354 954 ἐλάττους
1381 891 1521 944 κατά
1543 908 1691 953 τινας
1716 892 1832 957 ἴλας

252 981 485 1047 ἐτέρας,
518 979 670 1041 ὅσαις
698 975 767 1049 ἦν
831 979 1146 1051 σύμμετρον
1173 981 1234 1034 τὸ
1288 981 1596 1048 κατάλυμα.
1636 983 1743 1034 Καὶ
1772 983 1832 1036 τὸ

251 1071 508 1124 ἐντεῦθεν
529 1071 684 1123 αὐτοὶ
718 1073 816 1138 μὲν
837 1067 978 1140 ἦσαν
1006 1073 1168 1124 οἴκων
1194 1072 1324 1124 εἵσω
1345 1089 1358 1104 ο
1413 1073 1472 1124 τὸ
1506 1073 1562 1125 δὲ
1619 1073 1830 1126 πολιτι-

253 1164 349 1214 κὸν
379 1162 528 1215 ἇπαν
568 1161 823 1232 σύστημα
849 1163 1135 1226 ἐπλάζετο,
1163 1165 1222 1215 ὲν
1250 1159 1332 1225 οἷς
1384 1164 1478 1216 καὶ
1507 1166 1690 1233 ἡμεῖς.
1724 1164 1832 1216 Καὶ

251 1255 312 1306 τὸ
343 1253 445 1320 μὲν
479 1252 755 1322 βάρϐαρον
803 1253 1027 1322 ἐνέμετο
1077 1253 1176 1313 τὰς
1229 1254 1314 1306 ἐπ’
1340 1253 1504 1307 οἴκων
1551 1254 1789 1316 ἐνθέσεις
1815 1268 1830 1284 ·

254 1345 385 1396 οίδὲ
451 1344 832 1396 οἰκοδεσπόται
877 1344 1249 1411 ἀπελήλαντο,’
1299 1343 1394 1396 καὶ
1453 1343 1833 1413 περιενόστουν

253 1429 357 1487 ὧδε
390 1435 574 1493 κάκεῖ,
616 1435 926 1501 πεινῶντες,
951 1435 1231 1502 διψῶντες,
1285 1435 1582 1505 ῥιγοῦντες,
1617 1435 1698 1486 ὅτι
1739 1431 1834 1484 καὶ

257 1525 480 1592 γυμνοί.
514 1527 623 1579 Καὶ
654 1526 766 1578 εἴθε
801 1526 902 1594 μὲν
931 1527 1148 1594 γυμνοὶ,
1175 1525 1250 1587 ὡς
1283 1525 1348 1578 ἄν
1379 1542 1479 1577 που
1513 1526 1607 1578 καὶ
1640 1523 1836 1576 ἐλεοῖν-

256 1635 314 1669 το
346 1619 411 1669 ἐκ
449 1619 560 1668 τῶν
613 1619 1015 1684 γυμνωσὰντων
1039 1634 1053 1647 ·
1109 1617 1206 1670 νῦν
1235 1617 1292 1669 δὲ
1365 1615 1709 1685 σοφιζόμενοι
1735 1615 1832 1682 τὴν

260 1706 495 1765 ἔνδυσιν.
528 1705 618 1758 διὰ
649 1706 712 1758 τὸ
750 1705 924 1768 ἄλλως
955 1707 1073 1759 κατ’
1101 1705 1226 1775 ὄψιν
1259 1707 1503 1775 αἰσχρὸν,
1547 1707 1648 1757 οὐκ
1685 1700 1832 1772 εἶχον

261 1797 426 1860 ελεον,
456 1791 545 1849 οἷα
574 1796 674 1866 τῆς
705 1798 946 1866 ἀνάγκης
973 1799 1205 1868 ἑκάστῳ,
1239 1798 1287 1850 εί
1317 1799 1411 1850 καὶ
1440 1797 1684 1858 ἄναλλον,
1720 1791 1832 1850 ἀλλ’
1868 1790 1907 1844 Β

257 1887 349 1941 οὖν
401 1905 524 1939 τινα
595 1887 783 1957 στολὴν
835 1887 1196 1956 ἀφοσιούσηςο
1250 1887 1442 1940 ὁποίαν
1503 1886 1625 1938 ἰδὼν
1680 1886 1837 1954 ὁμὲν

260 1978 364 2044 ἔξω
391 1978 646 2042 πένθους,
677 1979 896 2046 γελάσοι
951 1980 1015 2034 ἂν
1045 1979 1132 2032 διὰ
1168 1979 1229 2032 τὸ
1271 1979 1692 2048 σκηνικὼτερον,
1729 1980 1757 2030 ό
1784 1978 1838 2031 δὲ

264 2069 702 2138 συγγεγευμένος
729 2067 825 2122 τοῦ
852 2069 1054 2132 πάθους
1080 2071 1178 2122 οὑκ
1204 2068 1268 2121 ἂν
1301 2069 1521 2138 ὀκνήσοι
1564 2069 1638 2138 μὴ
1676 2067 1840 2121 ἐκθα-

263 2163 374 2214 νεῖν
407 2161 773 2229 λυπούμενος.
829 2161 1138 2231 Ἐτρύπησέ
1167 2177 1252 2221 τις
1291 2159 1505 2228 ψίαθον,
1537 2161 1630 2212 καὶ
1684 2175 1840 2227 περι-

267 2254 587 2325 εαλόμενος,
617 2252 855 2322 ἔκρυπτε
884 2253 1040 2322 μόγις
1093 2253 1191 2323 τὴν
1240 2252 1507 2321 προσθίαν
1561 2250 1838 2319 αἰσχύνην.

267 2347 380 2400 Καὶ
409 2349 603 2415 ὴγάπα
635 2345 779 2398 οὕτω
823 2344 1227 2414 καλυψάμενος,
1259 2344 1533 2411 εὐδαίμων
1589 2342 1747 2403 αὐτὸς
1776 2342 1842 2410 τῇ

277 2436 417 2506 πρὸς
446 2437 662 2507 ἑτέρους
696 2435 1006 2506 παραϐολῇ,
1041 2435 1156 2488 ὅσοι
1211 2435 1272 2488 τὸ
1301 2435 1443 2486 κατὰ
1493 2435 1648 2504 χεῖρα
1679 2431 1844 2498 θέναρ

271 2533 366 2584 καὶ
393 2529 463 2581 τὰ
515 2526 759 2581 δάκτυλα
791 2526 936 2581 καθά
961 2543 1011 2579 τι
1038 2524 1453 2596 παραπέτασμα
1500 2523 1843 2592 προθέμενοι,

270 2621 360 2674 καὶ
386 2619 747 2688 κρύπτοντες,
783 2617 928 2688 άπερ
959 2617 1148 2686 ἐχρῆν,
1208 2615 1499 2686 ἠρκοῦντο,
1535 2613 1610 2682 μὴ
1637 2599 1847 2681 ἔχοντες

269 2714 295 2766 ὅ
323 2730 375 2766 τι
408 2712 577 2765 πλέον
629 2709 909 2780 δράσουσι.
957 2709 1068 2764 Καὶ
1095 2704 1163 2780 ἦν
1196 2710 1294 2778 μὲν
1349 2707 1442 2760 καὶ
1474 2705 1603 2760 αὐτὸ
1635 2706 1693 2756 οὑ
1721 2704 1847 2768 θέας

271 2804 438 2869 ἄξιον.
472 2804 539 2856 Εἰ
592 2803 648 2856 δὲ
674 2802 769 2856 καὶ
818 2802 1082 2870 γυναῖκες
1130 2803 1224 2853 τοῦ
1279 2800 1484 2861 πάθους
1532 2799 1849 2853 ἐκοινώνουν

274 2897 449 2961 τοῦδε,
482 2895 537 2948 τί
566 2893 632 2966 δὴ
668 2893 912 2964 ἔλαμπεν
943 2892 1118 2963 ἥλιος,
1159 2890 1236 2954 ὡς
1299 2893 1392 2945 καὶ
1427 2890 1663 2956 τοιαῦτα,
1685 2891 1850 2943 καθο-

275 2989 390 3058 ρᾷνς

346 3124 448 3194 ρθ¹.
496 3121 639 3175 Ἀλλ’
664 3121 822 3182 αὐτὸς
866 3121 962 3188 μὲν
992 3117 1138 3190 εἶχεν
1193 3119 1364 3182 ἄλλως
1394 3118 1761 3172 ἐνδείκνυσθαι
1798 3135 1847 3170 τι
1876 3130 1920 3187 c

279 3214 462 3276 καλδν,
521 3212 803 3279 ἐκτρέπων
832 3211 955 3272 τοὺς
981 3212 1170 3273 αὑταῖς
1224 3211 1640 3279 ἐνυϐρίζοντας.
1680 3209 1694 3228 ⁸
1727 3209 1769 3262 Ο
1796 3208 1850 3261 δὲ

279 3305 451 3357 ἕπιὼν
482 3304 714 3373 1ἕσπερος
748 3303 1007 3356 πάνδεινα
1033 3303 1231 3365 ἐποίει,
1264 3302 1454 3354 σκότον
1484 3300 1855 3370 προϐαλλόμε-

281 3411 370 3456 νος
399 3393 485 3455 εις
538 3391 865 3463 άποκρυφὴν
905 3393 998 3444 καὶ
1028 3391 1322 3467 άναίδειαν.
1365 3391 1430 3443 Ἦ
1462 3392 1558 3460 μὲν
1587 3391 1696 3460 γὰρ
1723 3391 1848 3461 ήμέο

280 3504 344 3555 pa
371 3482 489 3555 εἶχέ
518 3501 571 3536 τι
607 3485 820 3552 σῶφρον
853 3483 961 3536 δέει
990 3483 1098 3535 τῶν
1128 3483 1501 3553 ὑπερεχόντων
1553 3498 1567 3512 ο
1597 3484 1630 3552 ἡ
1660 3482 1716 3535 δὲ
1761 3483 1856 3547 νὺξ

280 3575 660 3648 ὲπαρῤησίαζε
704 3575 772 3629 τὰ
797 3575 870 3646 μὴ
905 3576 1049 3628 ὅσια.
1096 3571 1204 3628 Ἦν
1240 3592 1324 3638 τις
1367 3575 1508 3641 τότε,
1561 3592 1651 3628 και
1679 3575 1736 3636 ὃς
1760 3575 1856 3646 ρά-

280 3686 366 3733 uc
392 3668 659 3738 εὑρηκὼς
693 3667 1143 3738 παρερῥιμμένον
1169 3685 1268 3719 που
1309 3666 1734 3736 ἀποκαθημένης
1759 3684 1855 3719 τυ-

281 3763 366 3833 χδν
398 3762 436 3832 ἢ
476 3763 580 3814 καὶ
608 3759 837 3822 ἀλλοῖον,
868 3759 1075 3819 ὁποίοις
1110 3757 1323 3820 πολλοῖς
1363 3759 1411 3810 οί
1465 3759 1728 3828 λεωφόροι
1759 3776 1858 3811 κα-

280 3857 645 3923 τέστρωνται,
679 3849 774 3902 καὶ
804 3849 976 3918 συχνὰ
1027 3849 1255 3902 τοιαῦτα
1311 3849 1736 3919 συγκεκρουκὼς
1778 3851 1858 3912 εις

284 3944 488 4014 βαφὴν,
547 3942 625 4005 ὡς
656 3937 791 4009 εἶχε.
847 3943 942 3995 καὶ
968 3941 1176 3991 λεντίου
1217 3939 1414 4010 τρόπον
1447 3939 1859 4007 συσκευασάμε-

279 4053 382 4102 νος,
440 4037 602 4090 ᾶκων
630 4033 786 4102 ἧθελε
832 4033 929 4101 τὴν
989 4031 1233 4102 ἀσυνήθη
1277 4031 1624 4102 περιστολήν.
1676 4029 1857 4082 Ἄλλοι

283 4129 602 4197 συνθέματα
657 4127 790 4194 ipsi
831 4125 1080 4192 μαδῶντα
1131 4122 1557 4193 ἐξευρίσκοντες,
1603 4123 1696 4175 καὶ
1736 4123 1860 4175 ζενα-

285 4222 571 4290 πτόμενοι,
609 4215 817 4270 κοιλίαν
850 4216 947 4285 μὲν
978 4217 1068 4269 καὶ
1119 4214 1279 4284 ῥάχιν
1324 4214 1416 4266 καὶ
1470 4215 1536 4267 τὰ
1567 4214 1860 4282 κατωτέρω

287 4312 524 4365 ἔσκεπον
553 4310 750 4379 σχοίνῳ
773 4306 948 4377 σαθρᾷ
987 4307 1081 4359 καὶ
1113 4307 1356 4378 ῥυπαρᾷ,
1399 4308 1463 4376 τῇ
1511 4306 1574 4358 ἐκ
1607 4305 1858 4375 φιλύρας,

284 4404 315 4473 ἢ
351 4402 568 4458 τοιοῦδέ
595 4417 737 4462 τινος
767 4397 1224 4469 περιζωσάμενοι,
1257 4398 1326 4452 τὰ
1385 4397 1439 4450 δὲ
1469 4396 1632 4450 λοιπὰ
1663 4398 1717 4448 ὲν
1746 4393 1860 4465 χρῷ

286 4495 399 4548 κατ’
427 4491 609 4562 αὐτὴν
636 4491 813 4561 σάρκα
851 4489 928 4559 τῷ
955 4489 1076 4558 ἀέρι
1145 4491 1436 4558 γινόμενοι.
1484 4488 1859 4557 ’ίματισμένον

284 4587 334 4640 δέ
376 4603 510 4640 τινα
535 4584 664 4637 ἰδεῖν
685 4583 747 4637 τὺ
772 4583 892 4636 ὅλον
912 4583 1096 4651 ὅμοιον
1120 4576 1188 4651 ἦν
1221 4582 1295 4644 ὡς
1328 4583 1376 4634 εἰ
1406 4581 1498 4634 καὶ
1531 4581 1672 4651 ῥῆγα
1695 4575 1856 4644 εἶδεν,

285 4679 315 4744 ἦ
347 4677 519 4730 ἄλλον
541 4674 713 4746 ἄνδρα
737 4674 1191 4744 ολαμπρότητος.
1239 4673 1474 4742 Πόρναις
1508 4672 1694 4742 μόναις
1747 4671 1861 4724 ἐνέ-

285 4769 465 4837 λαμπε
496 4767 695 4828 κάλλος
736 4765 1053 4836 ἱματισμοῦ,
1090 4765 1146 4818 αἳ
1189 4767 1304 4827 τοῖς
1360 4765 1527 4834 ἱεροῖς
1557 4762 1861 4833 πεπλώμα-

286 4877 364 4912 σιν
410 4858 768 4929 ὴγλαῖζοντο,
834 4858 1280 4926 εὐπάρυφοιτοῖς
1340 4858 1558 4926 μιαροῖς
1609 4856 1860 4924 ἐρασταῖς

285 4949 768 5020 παρομαρτοῦσαι,
798 4948 892 5000 καὶ
935 4948 1240 5018 βλεπόντων
1269 4949 1423 5017 ἡμῶν
1491 4947 1862 5023 παρρησιαζό-

287 5058 444 5109 μεναι
467 5041 571 5111 τὴν
609 5041 903 5111 ἁμαρτίαν,
936 5043 1028 5092 καὶ
1051 5041 1638 5110 συγκαταχορεύουσαι,
1663 5038 1707 5092 ὣ
1735 5043 1863 5092 κάν-

289 5130 466 5185 ταῢθα
503 5131 656 5193 θείας
709 5131 927 5200 ἀνοχῆςῐ
962 5132 1026 5182 Αἱ
1060 5131 1114 5183 δὲ
1142 5131 1373 5201 κεφαλαὶ
1401 5134 1510 5194 τοῖς
1549 5132 1650 5199 μὲν
1686 5129 1862 5182 πλείο⁸

288 5238 371 5274 σιν
412 5218 562 5291 ἦσαν
595 5223 1066 5286 ἀκατακάλυπτοι,
1093 5222 1198 5273 τῶν
1221 5223 1464 5275 Λατίνων
1489 5220 1630 5274 οὕτω
1662 5238 1864 5274 σκευω-

291 5316 599 5378 ρησαντων,
633 5311 707 5374 ὡς
738 5310 804 5363 ἂν
853 5311 1070 5380 ἔχοιμεν
1114 5311 1174 5362 τὸ
1201 5305 1508 5379 ὁμόστολον.

359 5442 455 5513 ρι’.
504 5445 612 5498 Καὶ
639 5445 797 5497 τοῦτο
838 5443 935 5514 μὲν
987 5445 1035 5496 ot
1058 5443 1344 5512 δυνάμενοι
1373 5443 1630 5512 ἔπασχον.
1677 5443 1866 5507 Ὅσοις

288 5532 345 5584 δὲ
366 5534 442 5587 τὰ
467 5537 564 5604 τῆς
596 5534 838 5603 κεφαλῆς
872 5535 972 5588 οὐκ
1012 5531 1156 5603 εἶχεν
1186 5533 1434 5601 ἀπαθῶς,
1459 5533 1573 5586 ἀλλ’
1606 5534 1711 5586 ἔδει
1765 5552 1863 5587 κα-

290 5625 708 5694 τακεκαλύφθαι
736 5626 903 5688 αὑτὰς
941 5626 1022 5681 διὰ
1048 5627 1106 5678 τὸ
1145 5627 1444 5696 ἄρρωστον,
1499 5626 1613 5678 ἀλλ’
1667 5626 1864 5690 αὐτοὺς

293 5715 516 5783 βλέπων
550 5732 630 5778 τις
664 5718 907 5780 παντοῖος
946 5715 1007 5771 ἂν
1037 5715 1129 5785 τὴν
1181 5718 1356 5785 λύπην
1380 5717 1608 5786 γένοιτο,
1649 5721 1712 5788 τῇ
1743 5734 1862 5771 ποι-

1941 553 2240 611 omnesque
2309 544 2402 612 qui
2459 559 2554 599 eos
2595 546 3018 612 comitabantur,
3055 546 3164 615 jam
3229 547 3298 599 de
3353 546 3503 600 omni

1941 633 2184 696 periculo
2231 638 2433 698 securi,
2467 638 2827 704 nolentesque
2879 637 3086 692 diutius
3131 637 3233 692 sub
3263 637 3355 690 dio
3388 653 3504 688 ma-

1940 736 2090 783 nere,
2133 723 2454 776 tiducialiter
2509 724 2700 778 domos
2762 723 2910 778 urbis
2955 725 3352 792 impleverunt;
3387 739 3504 776 ma-

1935 815 2085 883 jores
2140 825 2290 869 certo
2333 816 2564 876 militum
2623 833 2875 878 numero,
2917 817 3157 870 minores
3198 831 3327 870 vero
3377 817 3506 870 reli-

1907 907 2062 976 .quis
2115 909 2344 961 aliorum
2394 910 2693 978 agminum,
2739 911 2898 964 modo
2932 923 3039 978 quo
3074 908 3367 977 hospitium
3396 909 3498 962 ho-

1940 999 2171 1068 spitibus
2227 1000 2766 1066 accommodaretur;
2813 1002 3066 1069 deinceps
3118 1000 3503 1054 habitaverunt

1942 1092 2078 1142 intra
2123 1091 2333 1145 domos.
2393 1091 2582 1145 Omnis
2641 1107 2771 1145 vero
2830 1090 3234 1145 administratio
3263 1090 3502 1144 civitatis

1939 1180 2202 1235 dissoluta
2237 1191 2374 1246 crat,
2429 1183 2589 1250 cujus
2643 1198 2739 1237 nos
2775 1198 3018 1237 eramus.
3067 1181 3286 1236 Barbari
3321 1181 3504 1236 domi-

1940 1273 2042 1326 bus
2099 1273 2362 1328 tributum
2421 1275 2854 1340 constituerant;
2913 1274 3120 1328 domini
3154 1288 3282 1328 vero
3313 1287 3501 1327 earum

1940 1363 2147 1432 expulsi
2198 1364 2436 1428 fuerant,
2493 1366 2577 1419 hic
2632 1373 2685 1419 et
2724 1365 2834 1420 illic
2894 1373 3168 1427 errantes,
3211 1363 3369 1426 fame,
3411 1363 3502 1416 siti

1939 1455 2193 1516 cruciati,
2250 1456 2534 1509 horrentes
2565 1470 2674 1523 pne
2724 1455 2987 1508 nuditate.
3028 1454 3094 1507 Et
3123 1453 3328 1506 utinam
3363 1452 3504 1506 fuis-

1941 1555 2063 1599 sent
2087 1547 2238 1606 nudi,
2277 1556 2337 1600 ut
2378 1545 2516 1600 forte
2550 1548 2816 1600 nudantes
2849 1547 2996 1614 ipsos
3033 1559 3383 1598 commovere
3405 1559 3505 1613 po-

1942 1637 2202 1691 tuissent!
2256 1651 2402 1690 nunc
2459 1651 2610 1699 vero,
2641 1636 2960 1690 indumento
2997 1635 3117 1689 novi
3171 1635 3385 1704 generis
3418 1635 3504 1687 in-

1943 1738 2124 1792 vento,
2159 1729 2305 1799 quod
2338 1729 2474 1783 alias
2494 1730 2612 1782 visu
2645 1740 2799 1797 turpe
2819 1738 2924 1792 est,
2959 1743 3065 1782 non
3097 1727 3354 1782 commoti
3377 1733 3505 1781 sunt

1939 1819 2229 1889 quamdam
2267 1822 2506 1874 tunicam
2553 1819 2936 1887 relinquendo,
2999 1832 3163 1886 quam
3197 1817 3502 1872 necessitas

1939 1912 2238 1980 unicuique
2276 1911 2591 1975 donaverat,
2629 1911 2754 1965 licet
2793 1909 3031 1964 unicam.
3075 1908 3315 1972 Quieam
3350 1906 3503 1960 vide-

1939 2005 2052 2069 bat,
2075 2004 2272 2058 nedum
2292 2003 2518 2074 lugeret,
2541 2005 2750 2059 ridebat
2778 2018 2808 2056 e
2835 2010 3026 2058 contra
3063 2015 3128 2054 eo
3161 1999 3301 2068 quod
3333 1999 3504 2066 magis

1941 2096 2217 2151 scenicum
2251 2103 2432 2160 essrt;
2481 2095 2574 2164 qui
2615 2111 2744 2150 vero
2769 2093 3045 2164 passionis
3072 2090 3347 2158 particeps
3382 2088 3506 2142 fue-

1943 2195 2048 2246 rat,
2082 2200 2191 2238 non
2225 2184 2510 2238 bwsitabat
2541 2183 2738 2238 timore
2763 2183 2976 2237 mortis.
3022 2180 3271 2236 Stoream
3308 2179 3506 2247 aliquis

1944 2277 2273 2346 perforabat,
2301 2278 2760 2348 circumdansque
2805 2278 2893 2332 vix
2921 2277 3166 2330 anterius
3192 2273 3502 2343 pudendum

1945 2369 2392 2438 circumtegebat.
2455 2369 2748 2437 Postquam
2801 2367 2871 2420 ita
2929 2367 3356 2420 circumtexerat
3401 2359 3508 2416 sibi

1949 2457 2226 2512 videbatur
2255 2474 2376 2512 esse
2407 2459 2593 2514 beatus
2624 2473 2732 2528 pra:
2770 2458 3010 2521 caeteris,
3041 2457 3158 2526 qui,
3193 2455 3366 2508 volam
3391 2466 3510 2506 ma-

1948 2565 2051 2606 nus
2087 2564 2148 2603 ac
2180 2549 2377 2619 digitos
2409 2553 2560 2606 velut
2591 2552 2865 2619 quoddam
2923 2549 3100 2603 velum
3139 2554 3508 2618 prepunentes

1947 2641 2452 2712 abscondentesque
2487 2642 2630 2712 quod
2683 2651 2799 2697 erat
2837 2637 3308 2698 abscondendum,
3361 2632 3510 2688 sum-

1949 2745 2071 2784 cere
2122 2730 2531 2793 existimabant,
2591 2745 2699 2783 non
2748 2728 3010 2782 habentes
3071 2725 3217 2778 unde
3271 2722 3507 2790 amplius

1950 2820 2212 2875 lacerent.
2265 2820 2380 2876 Hoc
2430 2821 2646 2891 quidem
2710 2828 2827 2874 erat
2880 2819 2999 2872 visu
3032 2805 3398 2870 'miserabile.
3452 2811 3507 2865 Si

1949 2916 2112 2968 etiam
2166 2915 2419 2968 mulieres
2461 2929 2630 2983 passae
2670 2911 2927 2976 fuerunt,
2978 2908 3106 2979 quid
3131 2907 3212 2964 sol
3232 2903 3425 2974 "illuxit
3451 2913 3510 2958 ut

1955 3007 2067 3060 haec
2097 3005 2596 3076 contemplaretur?

2024 3140 2254 3209 109.1At
2310 3142 2386 3196 illi
2419 3144 2608 3198 saltem
2658 3144 2760 3200 hoc
2798 3144 3147 3201 referendum
3199 3147 3327 3201 boni
3369 3147 3514 3218 quod

1952 3235 2043 3303 qui
2079 3234 2185 3288 illis
2219 3234 2554 3290 insultabant
2575 3245 2863 3291 averteret.
2885 3236 3090 3306 Vesper
3113 3253 3242 3293 vero
3276 3255 3514 3308 sequens

1953 3325 2277 3394 gravissima
2330 3326 2530 3408 attulit,
2589 3327 2846 3382 tenebras
2885 3328 3183 3396 projiciens
3227 3339 3286 3383 ut
3332 3330 3515 3383 omnia

1954 3403 2723 3486 absconderentur'omnisque
2757 3419 2928 3488 pudor
2952 3419 3188 3474 abesset.
3221 3419 3347 3474 Dies
3369 3420 3513 3474 enim

1955 3507 2293 3574 prudentiam
2313 3507 2548 3576 aliquam
2580 3509 2887 3579 imponebat
2913 3510 2982 3563 ob
3000 3520 3199 3565 metum
3229 3511 3517 3564 dominan-

1954 3596 2111 3661 tium,
2147 3597 2271 3651 dum
2329 3612 2432 3651 nox
2483 3599 2745 3670 sacrilega
2792 3609 2940 3654 εδει-ι
2967 3609 3020 3653 et
3055 3601 3360 3654 sanetitatis
3388 3615 3520 3654 con-

1957 3688 2238 3756 temptrix.
2291 3686 2524 3754 Quidam
2600 3689 2694 3744 ubi
2756 3705 2996 3758 pannum
3060 3689 3358 3744 laceratum
3425 3699 3518 3743 aut

1957 3780 2137 3836 simile
2188 3781 2339 3848 quid,
2377 3789 2436 3836 ut
2470 3781 2652 3837 videre
2695 3790 2780 3835 est
2831 3783 2884 3834 in
2930 3782 3033 3835 viis
3085 3782 3338 3850 publicis,
3370 3783 3521 3835 inve.

1959 3871 2150 3936 uisset,
2205 3878 2390 3940 partes
2443 3867 2649 3925 laceras
2702 3885 2919 3926 summa
2974 3885 3104 3925 cura
3163 3882 3421 3924 consulas
3463 3873 3518 3925 in

1960 3963 2112 4019 lintei
2148 3964 2378 4018 formam
2421 3964 2664 4018 mutabat
2697 3971 2752 4016 et
2781 3962 2861 4016 sic
2892 3972 3094 4017 vestem
3132 3962 3402 4017 insolitam
3437 3962 3520 4017 vel

1960 4063 2150 4109 contra
2203 4057 2533 4108 voluntatem
2596 4053 2871 4107 induebat.
2912 4053 3016 4107 Alii
3071 4067 3278 4122 pannos
3331 4053 3521 4108 laueos

1961 4146 2216 4202 humidos
2255 4160 2376 4200 cum
2425 4145 2753 4206 invenirent.
2781 4145 3136 4208 consuebant,
3161 4146 3522 4214 velabantque

1962 4224 2226 4298 ventrem,
2258 4249 2415 4290 renes
2442 4249 2506 4289 ac
2537 4245 2722 4304 partes
2754 4234 3043 4288 inferiores
3073 4235 3200 4289 tune
3232 4235 3326 4289 vili
3345 4252 3407 4290 ac
3429 4237 3521 4291 tle-

1964 4326 2080 4388 bili,
2103 4341 2168 4379 ex
2212 4325 2342 4379 tiliae.
2363 4325 2567 4379 cortice
2588 4325 2750 4387 facta,
2780 4325 2862 4379 vel
2895 4327 3128 4394 quodam
3154 4325 3261 4378 alio
3288 4327 3521 4396 prrecin-

1892 4467 1932 4522 υ
1966 4427 2172 4486 gentes,
2212 4416 2346 4470 alias
2375 4431 2502 4470 vero
2526 4426 2704 4484 partes
2743 4417 2988 4484 corporis
3023 4417 3220 4478 nudas,
3287 4418 3402 4472 aeri
3425 4433 3524 4471 ex-

1963 4509 2189 4577 positas,
2239 4507 2517 4560 habentes.
2579 4506 2676 4559 Cui
2727 4505 3106 4562 vestimentum
3133 4507 3421 4574 integrum,
3475 4508 3520 4561 is

1963 4610 2020 4654 ut
2066 4615 2156 4653 rex
2185 4598 2266 4653 vel
2297 4597 2437 4652 alius
2469 4599 2551 4650 vir
2579 4595 2810 4666 insignis
2843 4595 3163 4650 habebatur.
3207 4594 3519 4650 Meretrices

1961 4691 2090 4745 sol-e
2139 4690 2427 4759 splendore
2470 4690 2920 4743 vestimentorum
2985 4685 3284 4755 fulgebant,
3339 4689 3516 4742 sacris

1964 4781 2326 4834 velaminibus
2360 4779 2917 4848 exsplendescentes;
2952 4787 3261 4846 purpuratte
3290 4780 3522 4845 impuris

1965 4873 2301 4924 amatoribus
2327 4871 2713 4938 iungebantur,
2742 4884 2804 4923 ac
2835 4870 2937 4922 sub
2973 4870 3143 4923 oculis
3168 4870 3372 4924 nostris
3397 4886 3524 4938 pec—

1963 4970 2144 5015 catum
2179 4961 2446 5013 audebant
2480 4961 2782 5028 chorosque
2809 4958 3028 5012 ducere.
3077 4957 3120 5011 0
3160 4968 3362 5026 quanta
3395 4968 3522 5012 tunc

1964 5054 2218 5123 patientia
2265 5051 2389 5104 Dei!
2452 5053 2626 5119 capita
2668 5065 2794 5104 vero
2845 5053 3226 5120 plcrorutnque
3269 5049 3518 5118 equidem

1963 5145 2167 5197 nudata
2213 5153 2384 5208 erant,
2414 5141 2622 5198 Latinis
2653 5143 2705 5196 id
2744 5143 3028 5212 agentibus
3065 5153 3123 5196 ut
3147 5143 3337 5197 eodem
3363 5140 3517 5194 modo

1968 5237 2140 5288 vestiti
2177 5253 2444 5308 essemus.

2036 5437 2157 5492 ΗΟ.
2189 5437 2300 5491 Hoc
2334 5453 2464 5491 vero
2503 5438 2848 5507 patiebantur
2882 5438 2974 5507 qui
3008 5443 3327 5504 potestatem
3362 5431 3524 5483 babe-

1968 5531 2117 5584 bant.
2154 5530 2256 5583 Eos
2295 5540 2476 5584 autem
2529 5531 2616 5598 qui
2666 5529 2842 5598 capite
2895 5529 3151 5582 dolebant
3204 5532 3256 5578 et
3302 5534 3519 5593 propter

1975 5625 2173 5679 malam
2227 5624 2586 5677 valetudinem
2626 5624 2754 5677 illud
2809 5635 3095 5690 contegere
3148 5620 3516 5682 debebant,si

1977 5717 2100 5786 quis
2146 5717 2450 5784 conspexit,
2491 5732 2700 5767 διιιιειιιυ
2732 5726 2960 5766 interere
2996 5710 3219 5766 adactus
3250 5721 3302 5766 et
3325 5714 3392 5766 ob
3423 5723 3516 5766 va-
