4012 6226
485 316 582 382 111

1192 335 1611 396 EUSTATHI]
1642 339 2088 401 THESSALON
2103 344 2402 409 [CENSIS
2444 353 3006 416 METRDPOLITE

3618 356 3724 422 112

478 435 583 498 ria,
625 448 743 502 qua:
775 434 931 499 vidit,
984 436 1149 493 veluti
1189 449 1411 511 stupore
1443 457 1728 515 correptus
1759 462 1864 506 est.
1921 452 2048 506 Nam

2158 463 2303 537 κιλίᾳ
2343 467 2448 519 τὶν
2496 467 2844 539 βλεπομένων
2874 469 3400 539 συμπεριαγόμενος.
3433 469 3594 522 Πῖλον
3631 471 3727 538 μὲν

481 523 902 580 fortunatissimi
957 531 1163 598 quique
1197 571 1212 594 ,
1292 536 1382 589 ubi
1443 539 1644 605 pilcum
1699 545 2044 600 commodum

478 615 642 678 capiti
692 616 1003 687 imponendi
1043 621 1275 682 facultas
1302 627 1550 695 dabatur,
1601 633 1896 691 beatissimi
1941 637 2044 692 sibi

477 703 829 768 videbantur,
871 710 996 764 dum
1046 713 1291 782 plerique
1341 720 1524 773 ca-tcri
1577 721 1846 790 ejusmodi
1895 735 2047 794 tegu-

480 807 662 848 menta
712 811 774 850 ex
803 799 990 866 junco,
1021 805 1313 871 arundine,
1341 809 1552 864 calamo
1581 816 1854 869 conficere
1903 826 2049 870 sata-

479 886 696 953 gebant,
757 904 932 960 caque
962 897 1312 950 camisiarum
1353 901 1418 953 ad
1466 901 1640 957 instar
1666 905 1900 975 desuper
1928 923 2084 973 per-,

481 978 658 1034 furata
691 986 1090 1051 p0rtabant.Et
1122 1006 1223 1044 usu
1248 992 1467 1061 quidem
1502 996 1680 1052 omnia
1708 1000 2046 1066 terebantur,

479 1073 594 1130 sive
653 1077 1012 1135 barbarorum
1077 1101 1255 1140 mores
1323 1088 1673 1155 redolebant,
1741 1094 1856 1149 sivc
1915 1097 2050 1154 artis

480 1169 703 1239 vestigia
741 1173 1094 1240 exhibebant,
1137 1179 1229 1244 pili
1284 1179 1362 1235 sic
1415 1180 1673 1249 perforati
1709 1193 1766 1239 ut
1806 1186 2052 1243 infundis

481 1259 668 1314 bulum
711 1279 811 1332 pro
852 1267 1013 1336 signo
1048 1271 1348 1339 symbolico
1375 1283 1554 1329 erant.

549 1370 671 1424 lli.
697 1371 790 1428 His
808 1385 964 1429 erant
988 1393 1183 1434 omnes
1211 1382 1388 1438 induti
1420 1389 1786 1454 vestimentis,
1816 1407 2048 1461 quorum

399 1467 412 1478 ’
476 1455 530 1510 in
569 1459 753 1515 multis
790 1462 1094 1534 fulgebant,
1135 1472 1290 1539 quasi
1315 1472 1519 1542 lapides
1553 1455 1847 1548 purpurei,
1883 1483 2052 1551 plaga:

477 1560 792 1617 purpuratus
819 1569 884 1606 ex
933 1558 1204 1626 sanguine
1242 1575 1432 1616 eorum
1503 1565 1721 1635 effuso;
1768 1581 2052 1637 spectacu-

475 1639 587 1692 lum
640 1644 760 1696 visu
796 1646 1142 1718 miserabile;
1195 1653 1431 1722 primum
1489 1660 1709 1726 quidem
1760 1677 1883 1717 cuin
1927 1681 2052 1720 um-

2151 559 2257 625 γὰρ
2289 559 2524 626 ἀσκητδν
2559 559 2984 628 περιτεθεῖσθαι,
3027 561 3074 612 οἱ
3123 559 3510 629 εὐτυχέστατοι
3568 577 3729 614 κατε-

2152 649 2413 702 πλούτουν
2439 667 2451 679 ·
2483 651 2590 703 τῶν
2622 650 2666 703 δ’
2695 650 2867 704 ἄλλων
2899 652 2946 702 οι
3005 650 3220 713 πλείους
3248 650 3457 720 emam
3484 651 3734 720 πλέγμα-

2149 758 2217 794 τα
2251 739 2595 811 ῆσχοίνωνῆ
2661 742 2914 809 καλάμης
2977 740 3284 810 ἐσχεδίαζον
3335 741 3414 804 είς
3473 742 3730 812 τοιαύτην

2151 833 2382 902 σκέπην,
2416 832 2484 885 τὰ
2513 832 2682 884 πολλὰ
2740 833 2836 884 καὶ
2899 832 3300 900 διατετρημένα
3336 832 3434 900 τὴν
3485 834 3731 902 κορυφὴν

2151 924 2294 977 κατὰ
2316 925 2670 990 καπνοδόκην.
2710 923 2792 977 Τὰ
2841 925 2936 992 μὲν
2976 923 3184 992 ἐὸρὼτο
3236 923 3732 991 κατασοσκησαμέ-

2152 1032 2266 1076 νου,
2299 1014 2366 1066 τὰ
2398 1014 2453 1066 δέ
2488 1017 2583 1067 καὶ
2634 1014 2774 1067 κατὰ
2806 1014 3136 1083 βαρϐαρικὸν
3160 1012 3402 1082 ἄθυρμα,
3435 1013 3535 1065 οὐκ
3573 1013 3729 1080 ὀλίγα

2151 1104 2208 1155 δέ
2237 1105 2330 1157 καὶ
2375 1104 2509 1174 πρὸς
2544 1103 2759 1173 τέχνην,
2793 1104 2880 1156 ἵνα
2913 1104 3001 1156 διὰ
3033 1101 3126 1154 τοῦ
3162 1102 3442 1172 τρήματος
3493 1103 3521 1155 ὁ
3551 1102 3728 1167 πῖλος,

2149 1190 2238 1250 οἷα
2265 1197 2356 1248 καί
2381 1213 2461 1259 τις
2498 1195 2644 1265 χώνη
2679 1199 2787 1258 τοῖς
2814 1195 3061 1264 διψῶσιν,
3105 1193 3461 1264 ὲνερεύγηται
3528 1193 3737 1264 συμϐο-

2151 1289 2268 1359 λήν.

2228 1408 2352 1471 ρια⁹.
2393 1399 2499 1454 Καὶ
2538 1395 2676 1470 ἦσαν
2720 1399 2769 1451 οί
2803 1397 3004 1458 πάντες
3033 1398 3096 1449 ἐκ
3123 1396 3229 1450 τῶν
3256 1397 3512 1450 τοιούτων
3549 1397 3734 1450 στολι-

2155 1494 2394 1563 σμάτων,
2441 1487 2518 1545 ὧν
2545 1490 2759 1551 πολλοῖς
2787 1490 3090 1556 ἐνέλαμπον
3113 1488 3186 1551 ὡς
3210 1482 3298 1540 οἷά
3343 1505 3487 1550 τινες
3511 1488 3732 1557 πορφύο

2158 1603 2268 1654 ρεοι
2293 1584 2430 1637 λίθοι
2464 1581 2669 1652 πληγαὶ
2692 1580 3068 1652 πορφύρουσαι
3093 1579 3167 1648 τῷ
3188 1577 3246 1643 ἐξ
3276 1579 3503 1648 αἵματος
3520 1578 3729 1650 λύθρῳ,

2155 1677 2334 1748 θέαμα
2369 1678 2464 1730 καὶ
2489 1675 2899 1744 δυσπρόσοπτον
2945 1673 3037 1726 καὶ
3090 1672 3438 1725 δυσείκαστον
3462 1686 3476 1700 ⁸
3513 1672 3576 1725 τὸ
3607 1673 3732 1742 μὲν,

476 1730 589 1786 brae
609 1747 676 1787 ex
706 1735 898 1792 inferis
930 1741 1140 1798 irruere
1187 1747 1533 1817 viderentur;
1571 1755 1870 1809 secundum
1890 1773 2040 1820 vero,

2156 1769 2227 1837 οἷς
2259 1730 2324 1826 ἐκ
2355 1768 2620 1840 νερτέρων
2649 1768 2805 1837 ἣκειν
2838 1765 3051 1818 ἐδόκουν
3081 1767 3228 1817 σκιαί
3252 1781 3395 1824 τινες
3421 1766 3734 1832 ἁῖσσουσαι,

477 1839 544 1878 eo
575 1828 718 1893 quod
756 1844 863 1883 non
887 1830 1002 1900 jam
1035 1834 1390 1896 characteres
1427 1845 1713 1901 naturales
1738 1846 2041 1917 habebant,

479 1930 579 1970 seu
606 1918 749 1986 quod
782 1920 929 1977 intus
952 1925 1195 1995 undique
1227 1932 1543 1996 currebant,
1583 1949 1679 1990 seu
1715 1937 1860 2006 quod
1903 1939 2044 1994 effu-

478 2008 871 2069 dissenthunc
929 2020 1232 2086 pretiosum
1301 2025 1573 2096 liquorem
1632 2043 1746 2098 quo
1793 2029 2046 2089 ﬂorescm

481 2102 665 2158 rubia.
717 2103 897 2161 Labor
932 2121 1045 2170 erat
1079 2128 1212 2183 ergo
1257 2131 1591 2187 cognoscere
1643 2121 1696 2176 in
1727 2122 1836 2178 illis
1883 2140 2044 2195 quem

479 2197 715 2253 maxime
769 2199 1065 2272 diligebas,
1128 2211 1514 2281 unusquisque
1595 2230 2046 2288 unumquemque

479 2288 854 2360 interrogabat
900 2299 1024 2367 quis
1065 2299 1206 2356 forte
1259 2314 1424 2365 esset.
1468 2321 1534 2360 eo
1565 2308 1712 2376 quod
1735 2323 1927 2364 omnes
1955 2324 2048 2364 eoo

477 2379 600 2437 dem
655 2386 838 2443 colore
876 2402 1061 2448 essent
1099 2405 1260 2464 atque
1292 2397 1346 2452 in
1385 2399 1534 2454 nullo
1568 2399 1904 2458 differentes.

552 2516 673 2572 “2.
722 2517 798 2576 Ite
859 2522 912 2576 in
958 2527 1220 2583 ecclesias
1289 2529 1471 2598 ibique
1539 2548 1732 2588 omnes
1801 2535 2050 2606 inspicite

400 2634 414 2644 -
481 2619 646 2677 atque
704 2614 1064 2684 interrogate,
1107 2621 1233 2687 quis
1285 2623 1496 2679 scilicet
1549 2625 1692 2680 inter
1747 2642 1844 2682 eos
1902 2638 2050 2684 esset

480 2701 654 2778 dives,
711 2707 797 2759 vel
861 2721 1068 2777 pauper
1117 2720 1171 2764 et
1234 2712 1318 2768 bis
1387 2715 1612 2771 similia.
1662 2719 1733 2772 At
1788 2720 1912 2790 quis
1958 2736 2051 2775 sa-

482 2792 677 2846 cerdos
723 2796 849 2849 est?
918 2799 1048 2866 quis
1107 2802 1280 2856 lector
1337 2806 1458 2860 est?
1497 2808 1618 2874 quis
1671 2824 1736 2862 ex
1799 2812 2050 2879 populo?

482 2882 748 2940 Omnibus
792 2889 937 2942 enim
976 2907 1080 2944 una
1151 2893 1348 2962 imago,
1403 2897 1702 2968 eademque
1751 2899 1948 2965 forma,
1989 2918 2052 2958 ac

483 2976 588 3029 nisi
646 2978 772 3045 quis
800 2994 864 3033 ex
899 2981 1022 3035 aliis
1049 2985 1446 3053 respondisset,
1478 2988 1530 3042 in
1565 2993 1938 3046 sanctuarium
1969 2995 2050 3048 in—

480 3071 706 3129 trasset,
755 3082 948 3136 preces
995 3071 1301 3138 elfusurus,
1347 3085 1400 3129 et
1430 3079 1631 3146 aliquis
1683 3081 1737 3136 in
1787 3084 2048 3152 templum

479 3153 698 3210 intrans
755 3159 1096 3217 ascendisset
1138 3166 1405 3232 paullendi
1438 3184 1631 3234 causa,
1671 3172 1820 3227 nulla
1851 3173 2042 3228 borum

479 3255 532 3299 et
556 3247 821 3304 laicorum
849 3266 966 3307 erat
998 3255 1306 3324 distinctio;
1335 3261 1385 3314 hi
1411 3276 1604 3319 omnes
1634 3265 1841 3334 aliquid
1876 3281 2045 3334 grave

481 3339 872 3408 ostendi-bant,
915 3345 1046 3400 licet
1077 3349 1212 3404 alias
1237 3353 1474 3407 tristius.
1509 3355 1716 3410 Solutis
1755 3357 1900 3410 enim
1935 3357 2048 3412 cal-

482 3428 594 3484 ceis
621 3445 815 3488 omnes
847 3447 1053 3491 sancta:
1083 3439 1279 3498 domus
1309 3445 1540 3515 crepida:
1568 3459 1876 3504 evaserant.

540 3708 1072 3779 flSJnspit-ietzdum
1093 3717 1245 3773 cibos
1261 3719 1773 3792 uniuscujusque,ut
1792 3737 2048 3795 agnosca-

487 3807 575 3851 tur
608 3800 751 3868 quod
783 3801 915 3856 nihil
944 3819 973 3857 a
1013 3807 1770 3880 contribullbusacciperent,
1797 3817 2048 3870 omnibus

482 3891 669 3947 eadem
705 3892 848 3948 fame
890 3898 1174 3954 cruciatis.
1229 3899 1397 3956 Pauci
1465 3919 1531 3958 ex
1591 3903 1799 3963 Latinis
1854 3907 2048 3962 obolos

481 3987 747 4050 quosdam
799 3989 940 4055 apud
991 4006 1046 4045 se
1076 3993 1370 4058 habebant,
1399 3997 1541 4051 unde
1579 4013 1740 4066 parce
1772 3999 2045 4055 vivebant.

487 4076 744 4146 Plerique
796 4096 929 4136 vero
958 4099 1024 4137 ex
1062 4085 1152 4140 bis
1189 4088 1472 4142 diabolum
1511 4093 1864 4162 appellabant
1898 4111 2050 4149 men-

483 4167 755 4222 dicantem
791 4173 918 4240 (hoc
979 4183 1060 4227 est
1091 4177 1231 4244 apud
1286 4179 1409 4233 illos
1460 4183 1511 4234 in
1552 4185 1733 4238 medio
1785 4188 2043 4257 positum)

485 4257 734 4310 convicia
805 4259 1003 4313 dabant
1068 4264 1209 4316 velut
1267 4283 1458 4333 panem
1530 4281 1584 4322 et
1648 4272 1872 4341 insuper
1946 4291 2048 4344 pu-

484 4363 649 4416 gnum
677 4363 774 4416 pro
796 4352 1168 4411 condimento.
1192 4355 1562 4414 Misericordia
1591 4363 1672 4416 sic
1695 4365 1912 4430 quidem
1943 4367 2049 4420 dif-

2147 1868 2208 1921 τδ
2236 1865 2303 1930 δ’,
2335 1864 2414 1916 ὅτι
2445 1861 2569 1921 τοὺς
2602 1858 2743 1912 κατὰ
2775 1857 2933 1926 φύσιν
2962 1857 3315 1926 χαρακτῆρας
3347 1855 3521 1909 οὐκέτ’
3560 1851 3734 1924 εἶχον,

2146 1956 2234 2011 διὰ
2265 1957 2324 2008 τὸ
2352 1953 2497 2006 ἔνδον
2527 1968 2628 2004 που
2684 1949 3032 2019 ἀναχωρῆσαι
3070 1949 3102 2019 ἢ
3137 1949 3228 2000 καὶ
3256 1948 3436 1999 τέλεον
3484 1947 3735 1999 ἐκλιπεῖν

2147 2049 2237 2101 τὸν
2265 2045 2439 2113 φίλιον
2471 2041 2661 2111 χυμὸν,
2693 2038 2762 2092 δι’
2781 2031 2952 2108 οὗπερ
2980 2037 3195 2102 ἐξανθεῖ
3223 2037 3283 2090 τὸ
3312 2035 3583 2106 ἐρύθημα.
3615 2031 3734 2089 Ἦν

2148 2139 2240 2193 οῦν
2269 2139 2429 2209 ἔργον
2455 2134 2719 2204 γνωρίσαι
2765 2133 2858 2186 καὶ
2883 2131 2972 2184 τὸν
3003 2132 3140 2184 πάνυ
3171 2131 3228 2181 ὲν
3279 2131 3488 2193 τούτοις
3542 2128 3718 2198 φίλτα-

2147 2247 2239 2284 τον
2264 2245 2279 2262 ο
2315 2227 2410 2282 καὶ
2465 2226 2693 2286 ἕκαστος
2723 2222 2978 2292 ἀνηρώτα
3027 2223 3279 2286 ἕκαστον,
3308 2223 3455 2285 ὅστις
3511 2222 3630 2275 ποτ’
3662 2223 3735 2275 ἂν

2156 2326 2252 2376 καὶ
2286 2321 2391 2391 εἴη,
2418 2320 2504 2373 διὰ
2529 2318 2594 2371 τδ
2624 2318 2762 2370 κατὰ
2811 2316 2980 2386 χρόαν
3047 2315 3262 2368 πάντων
3316 2315 3575 2384 ὁμοειδὲς,
3633 2317 3734 2370 καὶ

2150 2415 2406 2486 διάφορον
2433 2412 2553 2466 κατ’
2577 2411 2753 2466 οὐδέν.

2226 2546 2350 2619 ριβ’.
2417 2546 2578 2600 ’ἰτέον
2607 2545 2700 2598 ἐπὶ
2743 2547 2843 2608 τὰς
2891 2543 3206 2614 ἐκκλησίας,
3269 2544 3364 2597 καὶ
3426 2543 3736 2613 θεωρητέον

2158 2641 2288 2702 τοὺς
2319 2637 2595 2698 τοιούτους
2628 2635 2722 2688 καὶ.
2760 2637 2894 2699 ἐκεῖ,
2923 2635 3019 2687 καὶ
3071 2635 3392 2703 ἐρωτητὲον,
3427 2633 3513 2696 τίς
3533 2633 3641 2703 ἄρα
3671 2634 3736 2686 ἐν

2150 2729 2359 2792 τούτοις
2386 2730 2413 2781 ὁ
2443 2727 2715 2789 πλούσιος,
2755 2726 2788 2795 ἢ
2820 2727 3009 2796 πένης,
3035 2727 3131 2778 καὶ
3177 2726 3278 2778 ὅσα
3324 2725 3570 2778 τοιαῦτα.
3609 2725 3738 2776 Ἀλ-

2149 2823 2216 2874 λὰ
2245 2818 2326 2882 τίς
2364 2818 2461 2887 μὲν
2490 2818 2720 2886 ίερᾶται;
2753 2817 2834 2878 τίς
2859 2816 2915 2868 δὲ
2944 2815 3034 2868 ἐπὶ
3055 2813 3149 2868 τοῦ
3174 2813 3566 2883 ἀναγινώσκειν
3587 2813 3736 2879 ἐστίς

2150 2911 2231 2973 τίς
2258 2911 2312 2964 δέ
2349 2907 2444 2961 τοῦ
2469 2907 2598 2960 λαοῦ
2634 2904 2768 2960 εἷναι
2797 2907 3000 2976 εῐληχες
3041 2907 3250 2966 Πάντες
3290 2906 3398 2975 γὰρ
3453 2901 3593 2968 ιῐδος
3646 2903 3736 2968 ἓν,

2152 3002 2247 3054 καὶ
2281 3000 2464 3070 μορφὴ
2515 3001 2548 3069 ὴ
2580 2999 2741 3061 αὑτὴ,
2775 2998 2876 3050 κᾶν
2907 2998 2956 3050 εί
3011 2998 3083 3066 μή
3111 3014 3194 3060 τις
3249 2995 3564 3066 ἀποκριθεὶς
3617 2995 3738 3048 τῶν

2077 3127 2120 3184 c
2155 3093 2349 3154 ἄλλων,
2378 3092 2437 3144 τὸ
2461 3091 2603 3159 ἱερὸν
2655 3089 2888 3142 εἰσέλθοι
2945 3089 3119 3159 βῆμα,
3159 3088 3493 3184 στησόμενος
3525 3089 3610 3184 εἰς
3637 3091 3737 3141 εὖ-

2155 3183 2275 3254 χὰς,
2322 3183 2416 3236 καί
2451 3201 2532 3245 τις
2557 3182 2714 3244 ἄλλος
2746 3184 2824 3243 είς
2877 3179 2966 3232 τὸν
3005 3179 3146 3248 ἱερὸν
3173 3178 3384 3231 ἀνέλθοι
3431 3177 3740 3247 ὀκρίσαντα

2155 3275 2368 3346 ψαλμοῦ
2394 3277 2572 3344 χάριν,
2604 3275 2702 3327 οὐκ
2731 3270 2799 3345 ἦν
2844 3272 3115 3342 διάκρισις
3147 3271 3351 3323 τούτων
3381 3287 3437 3322 τε
3472 3271 3567 3324 καὶ
3613 3272 3732 3325 τῶν

2157 3368 2253 3419 τοῦ
2287 3366 2435 3420 λαοῦ.
2465 3363 2623 3435 Εἶχον
2657 3365 2714 3418 δέ
2751 3381 2802 3416 τι
2833 3365 3029 3424 πάντες
3075 3354 3217 3415 οὗτοι
3269 3361 3486 3432 σεμνὸν,
3542 3363 3592 3416 εί
3636 3366 3738 3418 καὶ

2155 3459 2334 3522 ἄλλως
2361 3459 2627 3528 λυπηρόν.
2658 3458 2957 3527 Λελυμένοι
3015 3454 3124 3526 γὰρ
3151 3457 3215 3506 ἐκ
3238 3453 3342 3507 τῶν
3372 3454 3544 3507 ποδῶν
3591 3457 3740 3511 πάν-

2154 3568 2246 3613 τες
2275 3552 2342 3603 τὰ
2377 3549 2717 3621 ὑποδήματα,
2741 3550 2848 3602 τῶν
2872 3549 2966 3602 τοῦ
3052 3545 3210 3614 ἁγίου
3249 3543 3399 3596 οἴκου
3444 3546 3742 3616 κρηπίδων

2155 3642 2415 3710 ἐγίνοντο.

2231 3741 2356 3806 ριγ’.
2390 3735 2696 3803 Σκοπητέον
2762 3735 2855 3788 καὶ
2904 3735 3002 3799 τὰς
3065 3738 3309 3796 ἑκάστων
3357 3742 3584 3810 τροφὰς,
3639 3741 3741 3793 καὶ

2159 3825 2446 3893 γνωστέον,
2478 3823 2552 3886 ὡς
2583 3825 2644 3876 ἐκ
2671 3824 2778 3876 τῶν
2827 3826 3180 3894 συμφυλετῶν
3233 3830 3332 3897 μὲν
3381 3829 3480 3882 οὐκ
3511 3824 3578 3898 ἦν
3608 3829 3639 3882 ὃ
3681 3847 3739 3882 τι

2159 3918 2251 3968 καὶ
2279 3916 2513 3977 λάϐοιεν,
2547 3915 2762 3968 πάντων
2801 3915 2861 3979 ἐξ
2931 3918 3047 3970 [σου
3120 3917 3450 3975 πεινώντων.
3501 3920 3622 3972 Τῶν
3674 3922 3737 3976 δὲ

2160 4008 2406 4063 Λατίνων
2463 4006 2632 4074 ὀλίγοι
2673 4008 2772 4075 μέν
2799 4024 2944 4067 τινες
2983 4009 3282 4078 ἐχορήγουν
3333 4009 3552 4071 ὀϐολοὺς
3599 4013 3737 4076 τοὺς

2159 4100 2311 4168 παρὰ
2353 4098 2551 4165 σφίσιν,
2577 4098 2697 4151 ὅθεν
2723 4095 2790 4168 ἦν
2821 4098 3090 4168 γλίσχρως
3121 4101 3367 4170 ἁποζῇν·
3399 4103 3449 4154 oi
3497 4104 3551 4155 δέ
3577 4103 3737 4156 πλεί-

2157 4207 2250 4252 ους
2280 4189 2525 4243 διάϐολον
2571 4189 2957 4252 ἐπικαλοῦντες
2998 4191 3088 4242 τὸν
3114 4193 3439 4246 ἐπαιτοῦντα
3468 4195 3648 4263 (τοῦτο
3665 4195 3736 4265 δὴ

2157 4283 2217 4335 τὸ
2254 4282 2586 4351 παράύτοῖς
2653 4282 3062 4352 εύχορῆγητον),
3108 4282 3293 4355 ὕϐρεις
3345 4287 3547 4340 ἐδίδουν
3594 4287 3737 4340 ὡσεὶ

2156 4375 2252 4426 καὶ
2286 4373 2499 4442 ψωμὸν,
2558 4376 2652 4426 καὶ
2716 4373 2964 4426 κόνδυλον
2995 4373 3122 4443 ὄψον
3174 4376 3263 4427 ἐπ’
3308 4379 3518 4440 αὑταῖς.
3553 4380 3668 4431 Καὶ
3704 4384 3737 4434 ὁ

485 4438 721 4493 ticillima
760 4451 877 4496 erat
905 4456 1127 4514 excepto
1161 4447 1457 4521 Myroblyta
1492 4454 1607 4522 qui,
1639 4466 1697 4510 ut
1723 4473 1887 4527 supra
1916 4461 2048 4515 scri-

2162 4438 2311 4528 ἔλεος
2339 4438 2436 4534 μέν
2473 4465 2642 4527 οὕτως
2668 4461 2736 4534 ἦν
2767 4438 3090 4534 δυσεύρετος
3140 4467 3262 4536 δίχα
3297 4484 3358 4535 γε
3382 4438 3491 4521 τῶν
3521 4471 3585 4521 ἐκ
3631 4471 3737 4524 τοῦ

484 4540 633 4597 ptum
670 4543 769 4597 est,
814 4549 1006 4592 omnes
1049 4540 1198 4594 cives
1255 4543 1407 4598 urbis
1463 4547 1735 4602 nutrierat
1781 4564 2048 4618 quantum

486 4634 604 4678 erat
643 4631 1030 4685 necessarium.
1065 4632 1120 4686 Si
1153 4634 1292 4703 quis,
1327 4647 1383 4690 ut
1419 4654 1534 4692 mos
1566 4651 1670 4704 est,
1695 4642 1922 4710 pretium
1955 4660 2051 4713 pro

489 4716 626 4770 cibis
666 4717 904 4786 offerret,
944 4721 1044 4776 heu
1077 4737 1236 4792 quam
1265 4726 1492 4782 barbara
1526 4729 1924 4786 inhumanitas!
1955 4731 2050 4787 Ju-

489 4807 605 4861 daao
623 4811 766 4864 enim
793 4827 857 4867 ac
877 4813 1138 4870 Armenio
1162 4833 1300 4886 quos
1320 4821 1547 4873 llnitima
1567 4823 1762 4878 Crania
1785 4835 1838 4879 et
1854 4825 2049 4883 Zeme-

490 4895 651 4952 uicus
690 4902 938 4957 nutriunt
972 4906 1333 4963 metiebantur
1358 4918 1566 4964 tantum
1601 4924 1861 4982 quantum
1891 4918 2051 4973 dece-

484 4990 597 5054 bat,
630 4997 795 5058 atque
824 4993 988 5049 etiam
1023 4998 1228 5068 aliquid
1263 5002 1520 5070 amplius,
1551 5007 1762 5075 captivo
1788 5024 1918 5064 vero
1941 5011 2046 5066 civi

493 5081 802 5151 minimum,
837 5087 881 5139 si
916 5093 1132 5156 quando
1157 5091 1222 5144 ad
1261 5093 1408 5149 illum
1444 5112 1723 5153 reversuro
1756 5099 1847 5154 sit.
1889 5101 2050 5157 Panis

488 5175 784 5230 frustulum
852 5193 1136 5236 curvatum
1197 5185 1251 5239 in
1298 5189 1486 5242 annuli
1532 5189 1764 5244 formam
1833 5200 2044 5248 tantum

484 5280 746 5338 quantum
796 5272 973 5342 pollex
1019 5275 1292 5348 iudexque
1335 5281 2044 5353 circumscriberepossent

487 5364 665 5419 tribus
693 5367 860 5421 aeneis
889 5369 1183 5426 stateribus
1221 5372 1520 5430 miserabili
1569 5377 1672 5430 civi
1718 5380 2046 5444 vendebant,

486 5453 577 5507 vix
612 5460 776 5514 obolo
813 5474 920 5513 uno
955 5469 1216 5516 laxatum.

562 5643 682 5697 ΗΑ.
714 5648 787 5702 De
820 5653 1094 5710 Armeniis
1136 5654 1427 5723 loquendo.
1488 5656 1859 5713 elferbucrunt
1907 5661 2048 5718 inte-

492 5733 640 5788 riora
697 5753 817 5793 mra
882 5743 936 5798 in
981 5756 1218 5804 mentem
1270 5751 1578 5809 revocantis
1611 5769 1731 5823 qua:
1765 5755 1904 5808 mala
1939 5757 2046 5811 illis

2151 4557 2527 4628 Μυροϐλύτου,
2558 4555 2636 4619 ὃς,
2666 4557 2805 4609 καθὰ
2843 4559 2938 4610 καὶ
2995 4559 3463 4627 προύγέγραπται,
3517 4559 3739 4624 πάντας

2149 4651 2275 4710 τοὺς
2305 4646 2528 4708 πολίτας
2551 4647 2799 4716 ἔθρεψεν,
2829 4651 2909 4711 εἰς
2937 4649 3059 4701 ὅσον
3092 4650 3276 4729 ἐχρῆχ.
3309 4651 3372 4703 El
3421 4651 3476 4703 δέ
3510 4668 3592 4713 τις
3631 4655 3739 4705 καὶ

2151 4737 2471 4807 εὐπορηκώς
2525 4736 2686 4790 ποθεν
2726 4737 2894 4790 ἐθέλοι
2943 4741 3246 4807 τιμήματος
3295 4739 3618 4806 πορίσασθαι
3667 4746 3739 4796 τὸ

2148 4827 2369 4896 τρέφον,
2409 4827 2570 4897 βαϐαὶ
2629 4829 2729 4897 τῆς
2770 4829 3106 4898 βαρϐαρικῆς
3144 4831 3568 4902 ἀπανθρωπίαςί
3597 4832 3745 4887 Ἰου-

2149 4915 2284 4986 δαίῳ
2341 4916 2439 4987 μὲν
2499 4918 2608 4987 γὰρ
2667 4920 2762 4971 καὶ
2794 4919 3085 4991 ’Λρμενίῳ,
3125 4918 3219 4980 οὓς
3285 4923 3318 4990 ἠ
3367 4921 3739 4992 ἀγχιτέρμων

2149 5008 2364 5078 Κρανία
2393 5011 2484 5062 καὶ
2523 5011 2865 5080 ὁΖεμενίκος
2919 5009 3230 5080 φέρόουσιν,
3289 5013 3606 5081 ἐπεμέτρει.
3667 5016 3738 5079 ἐς

2150 5099 2278 5151 ὅσον
2309 5115 2370 5152 τε
2424 5100 2663 5169 καθῆκον
2697 5095 2786 5170 ἦν,
2843 5099 2932 5151 καί
2990 5117 3043 5151 τι
3083 5103 3177 5152 καὶ
3202 5103 3283 5164 είς
3341 5101 3737 5171 ὑπέρμετρονο

2151 5190 2418 5244 ἐαλωκότι
2463 5191 2519 5243 δὲ
2546 5191 2736 5260 πολίτῃ
2761 5189 3061 5258 ἐλάχιστον,
3093 5191 3145 5242 εί
3173 5207 3274 5243 που
3337 5193 3433 5246 καὶ
3462 5193 3740 5263 ἐπιστρα-

2127 5281 2277 5349 εφείη
2305 5280 2492 5333 αὑτοῦ.
2534 5279 2799 5349 3Λρτίδιον
2828 5281 2958 5348 γοῦν
2989 5283 3362 5350 περιηγμένον
3389 5281 3464 5346 ὡς
3491 5284 3571 5345 είς
3600 5285 3741 5352 κρί..

2150 5387 2263 5437 κον,
2297 5371 2418 5422 ὅσον
2457 5371 2522 5424 ἂν
2557 5371 2798 5440 ἀντίχειρ
2828 5370 2922 5424 καὶ
2951 5370 3164 5438 λιχανδς
3191 5371 3570 5441 διαγράψαιεν,
3605 5391 3742 5444 τρι-

2147 5461 2225 5512 ῶν
2259 5462 2474 5530 χαλκῶν
2507 5463 2791 5532 στατήρων
2844 5462 3092 5514 ἀπεδίδου
3145 5461 3223 5532 τῷ
3251 5463 3469 5533 ἐλεεινῷ
3506 5462 3737 5533 πολίτῃ,

2154 5552 2303 5620 μόλις
2339 5551 2528 5604 ὀϐολοῦ
2555 5552 2896 5620 ἀξιούμενον.

2223 5663 2339 5735 ριό.
2389 5664 2528 5716 Ἀλλ’
2577 5663 2692 5733 ἅμα
2740 5665 3166 5737 ύπεκρουσάμην
3234 5666 3571 5735 Ἀρμενίους,
3627 5666 3741 5717 καὶ

2153 5755 2300 5818 ζέσιν
2333 5754 2529 5809 ἔπαθον
2562 5756 2930 5825 περικάρδιον,
2972 5755 3384 5827 ἐννοησάμενος,
3433 5757 3589 5809 ὁποία
3617 5769 3723 5808 και
