4012 6226
1182 298 1279 358 DE
1319 301 1885 364 TIIESSALONICA
1917 301 2124 362 URBE
2167 303 2212 361 A
2239 303 2550 365 LATINIS
2591 305 2839 368 CAPTA.
3517 315 3618 380 114

365 405 432 460 κά
468 409 562 460 καὶ
592 406 792 470 αὐτοὺς
836 406 864 461 ὀ
899 407 1165 478 βάσκανος
1211 409 1418 480 δαίμων
1457 413 1586 482 ἡμῖν
1619 413 1924 485 ’προσέθετο1

2040 448 2256 504 quoque
2281 435 2571 490 adversum
2606 451 2706 491 nos
2748 435 3034 506 improbus
3078 437 3286 494 daemon
3326 454 3618 514 suggesse-

363 499 468 564 ἐξω
497 501 598 570 μὲν
634 499 740 570 πρὸ
769 501 869 571 τῆς
902 500 1153 566 ἁλώσεως
1192 501 1251 555 ἐν
1271 503 1432 568 ὄντας
1477 507 1589 565 τοῖς
1641 506 1920 576 πολεμίοις

2050 499 2140 589 rit,
2165 499 2321 579 extra
2348 526 2564 595 quidem
2591 527 2870 582 civitatem
2905 567 2921 592 ,
2955 536 3082 594 ante
3122 499 3610 600 expugnationem,

363 587 458 640 καὶ
506 587 872 658 θερμοτέρους
928 589 1150 643 ἐκείνων
1182 592 1260 654 είς
1285 594 1353 645 τά
1384 593 1506 646 καθ’
1533 594 1691 664 ἡμῶν
1732 597 1924 648 ἀποδειι

2045 603 2098 670 in
2133 615 2327 670 mediis
2354 617 2628 684 hostibus,
2664 619 2975 674 illis'etiam
3021 619 3386 679 ferventiores
3416 623 3468 679 in
3496 640 3610 680 ma-

362 679 671 747 κνυμένους
708 681 876 747 κακὰ,
913 681 970 734 ἐν
1016 683 1246 751 ἐφόδοις,
1281 687 1337 737 ἐν
1377 685 1573 756 λόχοις,
1615 689 1670 740 ἐν
1699 689 1924 756 προόδου

2044 707 2111 760 lis
2149 707 2439 764 adversum
2476 725 2577 764 nos
2600 712 2981 775 ostendendis,
3026 714 3080 766 in
3127 716 3609 784 aggressionibus.

357 771 481 831 ταῖς
508 772 590 832 είς
618 769 788 834 λείαν,
814 772 871 823 ἐν
902 776 1190 841 μηχαναῖς,
1242 776 1298 827 ἐν
1351 776 1644 843 ἐκφάνσεσι
1685 779 1788 830 τῶν
1819 779 1924 831 λαν·

2042 798 2095 851 in
2128 798 2362 865 insidiis,
2383 800 2434 853 in
2457 801 2870 857 incursionibus
2898 769 2980 858 adv
3005 769 3240 872 praedam
3265 769 3610 875 rapiendam,

358 859 674 912 θανόντων·
705 860 813 913 ἔσω
863 860 919 914 δὲ
958 863 1320 928 δεσπόζοντας
1370 865 1525 936 ἡμῶν
1587 871 1678 923 καὶ
1722 870 1924 932 αὐτοὺς⁴

2042 888 2094 942 in
2132 890 2428 955 machinis,
2460 891 2512 944 in
2549 892 2978 949 revelationibus
3004 895 3494 962 absconditorum;
3523 897 3608 951 in-

355 953 584 1006 άπειλου
593 955 804 1022 μένους,
825 955 1233 1025 ἐπιτάσσοντας,
1245 959 1692 1032 ἀποστεροῦντας,
1711 963 1924 1018 τύπτον-

2036 988 2117 1032 tra
2143 994 2269 1034 vero
2297 981 2574 1036 civitatem
2608 982 2662 1035 in
2695 997 2797 1037 nos
2835 983 2997 1037 etiam
3039 986 3319 1054 tyrannice
3377 988 3609 1042 saevien-

355 1060 478 1107 τας,
515 1043 780 1114 άγχοντας
810 1047 924 1109 τοῖς
949 1047 1151 1110 ὠνίοις.
1195 1050 1479 1120 Ἀρτίσκον
1535 1054 1646 1124 γὰρ
1714 1055 1924 1125 παλάμῖ

2038 1075 2145 1133 tes,
2172 1071 2468 1138 minantes,
2499 1073 2906 1142 praecipientes,
2940 1075 3240 1144 rapientes,
3291 1078 3611 1146 percutien-

357 1135 723 1204 περιληπτὸν,
759 1136 818 1190 ὃν
850 1138 1038 1191 ὀϐολοῦ
1067 1141 1132 1194 ἄν
1161 1159 1246 1205 τις
1269 1144 1582 1214 τιμήσαιτο,
1622 1145 1816 1198 πολλοῦ
1844 1146 1924 1197 αὺ-

2038 1171 2140 1226 tes,
2168 1163 2219 1215 in
2275 1166 2607 1219 commercio
2673 1167 3064 1235 opprimentcs.
3115 1166 3408 1224 Massnlam
3464 1169 3610 1222 enim

357 1227 440 1280 τοὶ
489 1227 866 1296 ἐσταθμῶντο,
930 1231 1024 1282 καὶ
1081 1233 1385 1298 Λατινικῶς
1440 1237 1532 1288 καὶ
1578 1238 1729 1290 αὐτοὶ
1787 1240 1924 1308 ἡμᾶς

2035 1256 2225 1322 palmae
2257 1271 2534 1320 mensura,
2585 1273 2706 1326 quae
2746 1261 2909 1314 obolo
2954 1262 3314 1328 constitisset,
3343 1261 3496 1314 multi
3532 1260 3608 1313 illi

355 1316 686 1384 ἀπέπνιγον.
722 1320 832 1372 Καὶ
870 1320 1229 1393 ἀπολώλαμεν
1263 1326 1330 1377 ἂν
1391 1328 1711 1396 τηνικαῦτα,
1745 1330 1794 1382 εί
1858 1330 1924 1399 μὴ

2031 1316 2398 1408 aestimabant,
2415 1316 2762 1415 Latinieeque
2785 1357 2836 1402 et
2856 1348 2956 1416 ipsi
2979 1349 3435 1418 nosjngulabant.
3454 1347 3609 1402 Tunc

355 1407 456 1477 τὴν
485 1409 708 1476 ὀπώραν
737 1411 856 1462 κατ’
885 1412 1068 1480 ἄμμον
1091 1415 1367 1486 πληθύνας
1396 1419 1424 1470 ὀ
1448 1419 1582 1484 Θεὸς
1614 1421 1693 1491 (ἐν
1723 1416 1809 1482 αἷς
1838 1421 1924 1474 καὶ

2031 1435 2518 1503 periissemns,nisi
2545 1449 2862 1491 autumnum
2885 1439 3040 1496 nobis
3055 1454 3446 1496 consummatis
3465 1439 3608 1494 Deus

355 1499 456 1561 τὰς
488 1501 783 1568 σταφυλάς,
816 1501 882 1565 ἃς
916 1503 1092 1557 ἄλλων
1127 1510 1534 1562 κεκοπιακότων
1587 1511 1766 1581 ἕτεροι
1788 1511 1924 1580 ἔδρε-

2031 1499 2160 1594 ξψιο
2184 1535 2423 1594 tempore
2447 1527 2566 1579 uvis
2598 1528 3030 1591 abundantibus,
3068 1547 3162 1600 pro
3191 1531 3386 1599 quibus
3409 1531 3501 1584 alii
3529 1531 3608 1584 la-

357 1609 482 1654 πον,
521 1594 600 1656 είς
629 1594 756 1658 τοὶς
790 1598 992 1660 κόπους
1019 1599 1240 1653 ἐκείνων
1303 1602 1722 1672 είσερχόμενοι),
1779 1603 1924 1674 ἐθρε-

2028 1613 2390 1681 boraverant,
2434 1616 2522 1669 alii
2562 1616 2982 1681 vindemiarant,
3029 1620 3084 1671 in
3137 1619 3354 1674 labores
3417 1634 3606 1673 eorum

355 1682 428 1752 ψε
461 1685 555 1736 καὶ
606 1686 772 1754 ἡμᾶς.
805 1687 897 1756 Μὴ
930 1687 1036 1756 γάρ
1071 1689 1163 1741 ἐπὶ
1211 1690 1334 1743 νοῦν
1359 1692 1537 1757 ἀγέτω
1568 1708 1671 1757 τις,
1705 1692 1830 1745 ἄλλο
1873 1709 1924 1744 τι

2028 1705 2322 1774 intrantes)
2363 1722 2461 1761 nos
2487 1707 2781 1762 euutrisset
2805 1708 3061 1764 Deus.Ne
3087 1711 3212 1778 quis
3237 1711 3382 1765 enim
3413 1709 3608 1765 existi-

363 1775 422 1836 ἐς
451 1775 656 1845 τροᾳὴν
708 1777 805 1830 καὶ
854 1777 1064 1847 τρυφὴν
1116 1779 1589 1848 ἐνδεδαψιλεῦσθαι
1651 1783 1818 1851 ἡμῖν·
1849 1774 1923 1834 ὧν

2034 1804 2144 1846 met
2186 1796 2374 1865 aliquo
2409 1797 2518 1850 alio
2555 1797 2609 1850 in
2650 1799 2879 1866 primam
2917 1808 2972 1851 et
3015 1801 3310 1853 secundam
3358 1815 3604 1855 mensam

357 1865 764 1936 ἐκθλιϐομένων
798 1869 921 1935 μὲν,
947 1864 1088 1922 οἶνον
1115 1871 1355 1939 εἴχομεν,
1390 1872 1438 1924 εί
1465 1872 1556 1924 καὶ
1587 1872 1924 1940 πνευματίαν

2031 1887 2262 1940 donatos
2299 1901 2400 1940 nos
2437 1887 2644 1952 fuisse;
2677 1903 2743 1942 ex
2781 1889 2896 1943 uvis
2940 1904 3078 1957 quas
3109 1905 3486 1958 presseratuus
3528 1893 3606 1945 vi-

354 1957 568 2010 ἐκεῖνον
600 1960 693 2010 καὶ
724 1959 968 2028 βρόμιον,
1002 1962 1094 2014 καὶ
1147 1962 1207 2013 οὐ
1233 1963 1476 2033 προσηνῆ
1533 1964 1666 2034 πρὸς
1698 1965 1924 2032 ὑγίειαν,

2032 1991 2160 2028 num
2189 1976 2407 2045 quidem
2457 1976 2815 2046 habebamus,
2842 1979 2970 2035 licet
3000 1957 3287 2035 ventosum
3315 1989 3369 2035 et
3405 1978 3605 2034 fetores

350 2046 466 2098 ἀλλ’
495 2043 591 2100 οὖν
623 2050 1214 2120 παραμυθητικὼτερον
1253 2051 1440 2114 ὕδατος
1460 2068 1472 2083 ·
1500 2054 1591 2106 καὶ
1627 2053 1842 2107 ἀλλοίαν
1873 2053 1924 2107 δὲ

2033 2080 2304 2135 gt-nerans
2331 2081 2430 2122 nec
2459 2067 2680 2122 sanitati
2713 2067 2924 2135 favens,
2958 2070 3052 2125 sed
3088 2087 3227 2140 aqua
3253 2070 3562 2140 jucundius
3585 2109 3602 2134 ,

347 2143 580 2212 τροφὴν,
621 2142 710 2196 ναὶ
740 2143 794 2196 δέ
827 2146 919 2196 καὶ
951 2145 1241 2214 ἱματισμὸν
1273 2150 1338 2216 τῇ
1411 2147 1808 2218 άπεμπολήσει,
1835 2144 1924 2199 καὶ

2028 2157 2240 2228 alioque
2265 2157 2390 2212 cibo
2423 2168 2517 2214 aut
2548 2161 2876 2214 vestimento
2931 2176 2997 2216 ex
3045 2161 3184 2224 foro,
3239 2176 3303 2215 ac
3352 2161 3398 2216 si
3450 2161 3602 2230 quod

351 2234 404 2286 εῖ
424 2251 478 2286 τι
508 2234 567 2286 δέ
593 2235 720 2288 ἄλλο
752 2235 932 2305 ῥᾴδιον
956 2237 1049 2289 καὶ
1106 2238 1399 2308 πρόχειρον
1455 2239 1801 2311 πορίσασθαι.
1859 2239 1924 2290 Oi

2029 2247 2174 2301 aliud
2208 2257 2454 2318 paratum
2489 2264 2553 2304 ac
2577 2250 2734 2305 facile
2764 2261 3105 2322 comparatu.
3144 2253 3408 2308 Scelerati
3437 2252 3602 2306 etiam

352 2320 406 2374 δὲ
468 2322 692 2388 ἐξώλεις
733 2323 1012 2393 Ἀρμένιοι
1081 2325 1334 2392 λέγονται
1387 2326 1480 2378 καὶ
1547 2326 1924 2396 καταμιαίνειν

2026 2336 2269 2393 Armenii
2296 2355 2462 2408 panes
2486 2342 2645 2397 nobis
2663 2345 2986 2413 corrupisse
3015 2345 3297 2398 dicuntur.
3334 2342 3450 2399 Hoc
3476 2356 3604 2399 vero

357 2410 488 2480 ἡμῖν
514 2413 640 2473 τοὺς
694 2408 1046 2480 άρτους.Ἦν
1099 2414 1156 2467 δὲ
1208 2415 1340 2468 αὐτὸ
1375 2416 1470 2485 οὐχ
1533 2415 1734 2480 ἱκανὸν,
1796 2420 1923 2482 τοὺς

2025 2427 2232 2495 justum
2273 2444 2379 2483 non
2414 2439 2532 2485 erat
2565 2448 2834 2502 pauperes
2885 2435 2954 2488 ab
2994 2435 3244 2490 etnendis
3278 2434 3604 2489 necessariis

359 2504 607 2571 πτωχοὺς
643 2504 935 2572 ἐκτρέπειν
960 2505 1053 2558 τοῦ
1108 2507 1426 2575 προσίεσθαι
1458 2507 1524 2560 τά
1575 2507 1920 2578 πωλούμενα.

2025 2527 2290 2574 avertere.
2347 2521 2637 2578 Terribilis
2687 2527 2993 2579 necessitas
3021 2536 3108 2582 est
3147 2541 3175 2579 a
3207 2509 3360 2596 justo
3410 2527 3600 2596 prohi-

353 2592 515 2663 Δεινὴ
540 2594 652 2663 γάρ
676 2598 712 2664 ἡ
741 2595 978 2664 ἀνάγκη,
1005 2598 1065 2648 τὸ
1117 2596 1357 2666 καθῆκον
1389 2597 1771 2667 ἐκκρούεσθαι,
1828 2601 1921 2652 καὶ

2025 2612 2162 2678 beri,
2195 2610 2480 2681 solumque
2508 2616 2839 2684 prohibitum
2876 2618 3016 2671 tieri.
3055 2592 3222 2670 Talia.
3261 2592 3426 2671 etiam
3459 2617 3604 2672 fama

354 2685 523 2751 μόνου
552 2685 648 2737 τοῦ
699 2687 831 2754 πρὸς
857 2685 978 2754 βίαν
1009 2687 1329 2756 ἐγκειμένου
1364 2688 1631 2754 γίνεσθαι.
1662 2688 1916 2742 Τοιοῦτον

348 2774 400 2826 δέ
432 2793 562 2828 τινα
591 2776 832 2844 μιασμδν
862 2776 1100 2846 διαρῤέει
1133 2779 1286 2848 φῆμη
1319 2779 1412 2832 καὶ
1441 2779 1502 2832 ἐκ
1535 2775 1643 2832 τῶν
1677 2780 1922 2834 Λατίνων

350 2865 587 2932 πάσχειν
642 2865 812 2932 ἡμᾶς.
865 2863 1080 2920 Ἔλαιον
1100 2865 1208 2936 γὰρ
1259 2869 1512 2936 πιμελαῖς
1563 2871 1654 2922 καὶ
1707 2870 1921 2923 στέασιν

351 2955 948 3024 ἐγκατακεραννύντες,
978 2956 1218 3023 ἐγίνοντο
1261 2960 1375 3021 τοῖς
1406 2959 1627 3026 ἀγαθοῖς
1663 2961 1923 3030 Χριστια-

351 3048 462 3108 νοῖς
505 3045 669 3098 αῐτιοι
699 3043 794 3098 τοῦ
831 3049 1169 3116 παρανομεῖν
1192 3047 1289 3118 τὴν
1346 3051 1602 3118 νηστείαν
1631 3051 1732 3120 τὴν
1779 3051 1918 3104 κατᾶ

349 3134 450 3199 τὰς
510 3135 772 3205 τετράδας
804 3137 898 3190 καὶ
959 3139 1314 3210 παρασκευάς
1341 3153 1354 3170 ⁸
1387 3141 1472 3194 ῐνα
1506 3141 1578 3212 μὴ
1611 3143 1770 3208 μόνον
1826 3143 1924 3214 τὴν
1949 3121 1994 3180 c

350 3228 524 3296 τῦχην
563 3230 697 3297 ἡμῖν
735 3228 1120 3296 άλλοιώσωσιν,
1150 3229 1230 3296 οἷς
1258 3233 1402 3301 ἡμᾶς
1436 3234 1922 3298 κατεδουλώσαντο,

351 3318 496 3372 ἀλλὰ
515 3319 609 3372 καὶ
642 3323 706 3391 τῇ
738 3320 870 3391 ἁγίᾳ
921 3320 1186 3394 θρησκείᾳ
1216 3323 1792 3396 ἐμπαροινήσωσιν.Ὦ
1841 3327 1926 3391 τίς

354 3405 422 3462 ἂν
449 3407 736 3480 ἀνάσχοιτο
766 3411 1020 3480 ἐκείνων;

441 3499 564 3572 ριε’.
624 3503 738 3555 Καὶ
791 3505 880 3556 ὅτε
925 3506 1086 3575 ἡμεῖς
1135 3506 1235 3575 μὲν
1288 3509 1346 3560 ἐν
1399 3507 1477 3578 τῷ
1529 3508 1622 3562 τοῦ
1679 3507 1922 3581 μεγάλου

348 3593 702 3665 μυροσλῠτου
742 3597 855 3666 ναῷ
885 3596 1087 3667 ὕμνους
1113 3601 1292 3670 ἱεροὺς
1323 3601 1615 3670 ἐτελοῦμεν
1647 3605 1928 3674 περιιστά-

347 3705 511 3756 μενοι
544 3688 642 3740 τὸν
677 3689 1026 3760 περιώνυμον
1061 3691 1349 3761 ἐλεήμονα,
1387 3695 1434 3748 oi
1464 3694 1508 3747 δ’
1552 3697 1609 3748 ἐν
1641 3697 1764 3758 ταῖς
1792 3696 1927 3752 πλα-

343 3781 502 3847 γίαις
534 3777 634 3831 τοῦ
671 3779 815 3850 ἱεροῦ
869 3781 1112 3851 βήματος
1156 3785 1222 3837 τά
1264 3785 1472 3838 ἑαυτῶν
1514 3786 1751 3852 ἐτέλουν,
1781 3789 1926 3842 άντι-

343 3867 663 3940 ςξωνοῦντες
703 3871 855 3938 ἡμῖν.
910 3871 1007 3924 καὶ
1063 3871 1163 3935 τὰς
1206 3873 1482 3936 πολίτιδας
1531 3874 1714 3942 φωνάς
1755 3876 1927 3946 ὑπερ-

342 3962 552 4029 φιυνεῖν
606 3961 882 4025 ἐθέλοντες
935 3962 1084 4033 βοαῖς
1144 3963 1488 4034 κορυζώσαις
1525 3967 1619 4018 καὶ
1663 3968 1924 4036 άπηχέσι,

343 4051 614 4116 πολλάκις
643 4051 702 4106 δὲ
728 4053 820 4105 καὶ
849 4055 972 4118 ταῖς
1003 4055 1113 4107 τῶν
1151 4057 1275 4109 καθ’
1306 4057 1452 4126 ἡμᾶς
1483 4055 1644 4109 θείων
1673 4056 1925 4124 Εὑαγγε-

341 4140 484 4194 λίων
521 4143 893 4213 ἐκφωνήσεσι,
931 4145 1068 4215 πρὸς
1101 4145 1214 4215 ἔριν
1263 4149 1314 4199 οἱ
1356 4145 1926 4216 ἀχαριτώτατοιάντε-

351 4233 754 4302 πεξαγόμενοι,
788 4235 882 4288 καὶ
915 4238 1233 4305 συγχέοντες
1262 4235 1403 4289 οὕτω
1432 4237 1489 4290 τὸ
1514 4235 1796 4304 εὔτακτον,
1829 4239 1923 4291 καὶ

343 4323 447 4391 τὴν
476 4325 629 4393 ίεράν
670 4326 934 4394 ἁρμονίαν
975 4328 1216 4391 λύοντες.
1271 4329 1380 4381 Καὶ
1431 4327 1669 4398 ἐλάλησα
1705 4328 1804 4398 μὲν
1831 4329 1922 4381 εὑ-

341 4415 532 4480 λασῶς
563 4418 660 4470 καὶ
687 4417 819 4487 περὶ
845 4418 997 4473 τοῦδε
1030 4419 1108 4490 τῷ
1138 4421 1338 4491 κόμητι
1376 4421 1685 4493 Ἀλδουῖνῳ,
1718 4424 1773 4476 εί
1803 4439 1920 4487 πως

342 4507 580 4578 γένηται
606 4507 783 4572 τάξις,
816 4513 907 4564 καὶ
938 4510 1012 4581 μὴ
1037 4511 1271 4579 γελῶντα
1295 4513 1363 4565 τά
1389 4511 1506 4565 θεῖα
1528 4515 1594 4584 τῇ
1625 4513 1920 4584 αὐτονομίᾳ

344 4599 461 4651 τῶν
499 4601 634 4668 παρ’
664 4601 848 4663 αὐτοῖς
884 4601 1097 4670 ἱερέων.
1138 4601 1355 4656 Ἀνύσαι
1392 4603 1447 4657 δὲ
1483 4603 1639 4673 ἐσχον
1668 4605 1840 4666 οὐδὲν,
1873 4604 1920 4656 εί

344 4693 444 4744 καὶ
501 4691 677 4754 άλλως
725 4694 931 4756 ἐκεῖνος
963 4693 1122 4764 ἐῴκει
1163 4696 1222 4747 ἐν
1247 4695 1348 4748 οὐκ
1379 4695 1583 4764 ὀλίγοις
1620 4696 1821 4749 ἐθέλειν
1854 4695 1922 4749 τά

352 4781 648 4852 Ῥωμαῖκᾶ
675 4783 918 4849 τάσσειν,
952 4785 1025 4847 ώς
1057 4785 1132 4856 μὴ
1165 4786 1551 4843 καταλύεσθαι.
1596 4789 1694 4851 Ὃς
1724 4804 1787 4856 γε
1826 4788 1921 4842 καὶ

343 4862 772 4944 δικαιοπραγεῖν
818 4875 931 4928 εἴτε
986 4878 1472 4948 προσποιούμενος,
1506 4879 1614 4931 εἴτε
1648 4880 1740 4932 καὶ
1787 4878 1921 4948 πρὸς

343 4963 612 5034 ἀλήθειαν
641 4963 987 5034 βουλόμενος,
1030 4965 1088 5019 ἐν
1117 4984 1174 5020 τε
1204 4968 1282 5038 τῷ
1315 4969 1524 5039 κρίνειν
1548 4971 1640 5022 καὶ
1671 4969 1920 5032 κολάζειν

340 5054 475 5111 τοὺς
510 5053 819 5120 ὑπαιτίους,
857 5057 952 5109 καὶ
1005 5059 1223 5129 ίσότητα
1261 5059 1541 5128 διανέμειν
1570 5063 1663 5113 καὶ
1695 5061 1922 5130 μώλωψι

344 5143 448 5194 καὶ
477 5143 693 5207 λοιπαῖς
745 5145 974 5212 αἰκίαις,
1016 5147 1147 5201 άλλὶ
1199 5149 1294 5201 καὶ
1329 5150 1557 5220 σκόλοψι
1598 5153 1706 5205 τῶν
1764 5170 1922 5216 τινας

342 5234 682 5304 κακούργων
699 5237 986 5307 τιμᾶσθαι,
1016 5241 1108 5292 καὶ
1136 5241 1214 5310 τῷ
1248 5242 1341 5294 τοῦ
1370 5243 1528 5309 άγίου
1563 5245 1718 5316 τάφῳ
1752 5247 1924 5317 ἄργυ-

345 5341 451 5394 ρον
491 5329 592 5382 καὶ
635 5329 838 5397 χρυσὸν
869 5331 1176 5401 ἐχορήγησε
1203 5334 1294 5384 τὸν
1344 5333 1640 5402 ἀρκοῦντα-
1668 5339 1747 5398 είς
1787 5339 1922 5391 άνα-

340 5414 576 5484 ποίησιν
603 5415 700 5468 τοῦ
727 5417 1096 5487 ἐλλείψαντοςο
1129 5421 1224 5474 καὶ
1266 5421 1482 5490 βίϐλους
1506 5423 1582 5488 δέ,
1625 5427 1671 5476 εἰ
1711 5428 1805 5480 καὶ
1847 5428 1923 5499 μὴ

339 5505 453 5567 τὰς
515 5507 884 5578 άφῃρημένας
939 5511 1031 5564 καὶ⁷
1080 5512 1200 5565 οὐδὲ
1251 5515 1392 5568 πάνυ
1448 5532 1501 5568 τι
1558 5516 1918 5586 εὐχρήστως,

338 5597 470 5650 ἀλλ’
513 5594 629 5663 οὖν,
668 5600 797 5664 ὅσας
839 5602 1206 5675 εὐηρεστήθη,
1245 5605 1667 5676 ἐφιλοτιμήσατο
1718 5607 1922 5661 δοῦναιο

337 5691 450 5744 καὶ
504 5691 766 5762 πήγματα
821 5694 877 5748 δὲ
929 5696 1116 5768 κηρῶν
1165 5696 1410 5768 ἀργύρεα
1460 5701 1817 5772 μεταφορητά
1865 5701 1924 5758 ἐν

2025 2701 2125 2754 fuit
2153 2717 2251 2756 nos
2303 2716 2333 2755 a
2385 2700 2595 2756 Latinis
2627 2703 2797 2758 fuisse
2844 2718 3056 2770 passos.
3087 2705 3314 2774 Adipem
3362 2707 3507 2759 enim
3542 2715 3596 2760 et

2025 2793 2214 2865 sebum
2245 2806 2368 2846 cum
2402 2791 2525 2846 oleo
2558 2791 2854 2849 miscentes
2887 2807 3051 2847 causa
3094 2794 3316 2847 fuerunt
3346 2807 3444 2849 cur
3474 2795 3602 2850 boni

2021 2880 2318 2938 Christiani
2379 2885 2585 2954 jejunia
2640 2883 3077 2955 Quadragesimae
3145 2900 3209 2940 ac
3269 2885 3602 2942 Parasccves

2025 2990 2133 3028 non
2182 2975 2548 3039 observarint,
2612 2976 2684 3029 ita
2734 2985 2790 3029 ut
2828 2991 2937 3029 non
2984 2971 3175 3030 "solum
3238 2993 3343 3031 non
3401 2978 3604 3033 liberos

2025 3081 2150 3121 esse
2212 3067 2454 3121 sinerent
2494 3067 2547 3121 in
2598 3065 2866 3122 electione
2905 3075 3112 3122 nostra:
3170 3069 3450 3122 servitutis
3508 3069 3604 3124 sed

2026 3159 2187 3212 etiam
2239 3159 2410 3213 cultui
2457 3173 2614 3214 sacro
2661 3159 3012 3214 insultarent.
3043 3160 3178 3225 Quis
3232 3159 3344 3214 haec
3381 3160 3602 3216 tandem

2026 3251 2350 3307 sustineret?

2096 3509 2371 3564 ll5.Cum
2395 3510 2448 3563 in
2475 3510 2674 3578 templo
2699 3513 2878 3582 magni
2906 3512 3224 3585 Myroblytze
3252 3511 3485 3583 hymnos
3515 3529 3603 3567 sa-

2029 3615 2158 3657 eros
2189 3612 2556 3672 cantaremtts,
2601 3603 2869 3659 celebrem
2901 3606 3392 3675 eleemosynarium
3425 3606 3595 3659 colen-

2027 3699 2132 3755 tes,
2193 3690 2269 3744 illi
2325 3706 2452 3745 vero
2489 3692 2541 3744 in
2580 3692 2840 3760 gradibus
2869 3693 3174 3748 sanctuarii
3213 3707 3309 3746 sua
3343 3693 3602 3761 periit-ic-

2026 3783 2178 3846 bant,
2213 3782 2419 3837 nostris
2456 3783 2684 3837 vocibus
2711 3797 2838 3837 suas
2857 3792 3224 3854 opponentes,
3263 3781 3429 3834 altius
3451 3797 3589 3835 can-

2025 3881 2114 3927 tus
2145 3872 2402 3942 profanos
2436 3886 2634 3925 canere
2663 3874 2909 3927 volentes
2941 3872 3123 3925 raucis
3158 3872 3495 3927 clamoribus
3529 3889 3602 3926 ac

2033 3962 2465 4024 dissonantibus,
2513 3975 2756 4029 persaepe
2807 3961 3148 4014 enuntiando
3181 3975 3339 4014 sacra
3364 3977 3602 4030 cvange-

2027 4054 2097 4108 lia
2152 4062 2358 4117 nostra,
2413 4051 2485 4105 ita
2525 4053 2682 4120 longe
2734 4066 2762 4102 a
2819 4050 3085 4104 cliaritate
3137 4051 3204 4104 ad
3267 4052 3413 4106 rixas
3473 4066 3602 4122 pro-

2024 4150 2302 4205 vocantes,
2345 4152 2556 4198 rectum
2591 4143 2837 4195 ordinem
2883 4142 3169 4196 turbantes
3228 4141 3603 4195 harmoniam-

2023 4250 2128 4304 qne
2189 4243 2432 4289 sanctam
2488 4233 2881 4287 dissolventes.
2927 4231 3234 4287 Prudenter
3281 4241 3463 4288 autem
3534 4233 3602 4287 de

2024 4325 2146 4380 istis
2181 4323 2366 4378 comiti
2423 4323 2660 4378 Alduino
2714 4323 2932 4378 locutus
2985 4339 3128 4388 sum,
3157 4323 3198 4377 si
3232 4323 3453 4394 quando
3510 4324 3604 4376 tie-

1951 4425 2106 4500 Dret
2140 4417 2318 4480 ordo,
2364 4431 2426 4469 ac
2483 4429 2550 4468 ne
2611 4413 2962 4469 sacerdotum
3025 4430 3246 4471 suorum
3306 4415 3602 4483 privilegiis

2022 4507 2328 4562 illuderent.
2385 4503 2528 4557 Nihil
2585 4505 2830 4559 obtinere
2906 4505 3096 4573 potui,
3159 4505 3280 4558 licet
3353 4503 3443 4558 ille
3521 4503 3605 4557 vi-

2022 4616 2115 4655 sus
2170 4600 2365 4655 luisset
2409 4598 2544 4652 alias
2605 4613 2712 4651 nou
2775 4601 2830 4651 in
2901 4598 3089 4666 paucis
3151 4595 3398 4650 Romana
3443 4596 3606 4650 resti-

2025 4703 2175 4747 tuere
2241 4691 2399 4753 velle,
2456 4705 2566 4745 non
2619 4699 2801 4744 autem
2856 4691 3175 4747 dissolvere.
3223 4689 3484 4759 Equidem
3520 4688 3606 4758 ju-

2023 4793 2140 4843 stus
2196 4783 2287 4837 ille
2336 4780 2513 4835 fuerat
2564 4783 2715 4836 visus
2775 4784 2889 4836 sive
2949 4781 3002 4834 in
3049 4780 3132 4834 bis
3172 4795 3293 4850 qua:
3336 4779 3402 4833 ad
3432 4780 3607 4850 ipSnm

2025 4873 2368 4943 Spectabant,
2417 4871 2533 4927 sive
2583 4871 2650 4925 ad
2701 4871 3010 4934 veritatem,
3057 4869 3358 4941 jttdicando
3406 4887 3469 4925 ac
3497 4889 3598 4939 pu-

2024 4965 2229 5020 niendo
2292 4975 2572 5025 nocentes,
2651 4975 2814 5031 atque
2887 4963 2954 5016 ad
3007 4963 3373 5031 mqualitatem
3419 4977 3607 5031 poma—

2023 5073 2144 5112 rum
2169 5073 2266 5127 pro
2296 5056 2466 5126 plagis
2483 5055 2805 5125 cmterisqtte
2829 5056 3031 5110 ictibus
3055 5055 3336 5120 violentis,
3357 5064 3411 5110 et
3441 5057 3602 5108 etiam

2025 5150 2090 5202 ad
2161 5149 2340 5218 palum
2409 5149 2672 5218 quosdam
2758 5147 3176 5204 malefactornm
3253 5144 3598 5208 damnando;

2026 5241 2203 5296 sancti
2257 5239 2492 5310 sepulcri
2542 5249 2826 5308 argentum
2875 5255 3095 5308 quoque
3144 5248 3199 5294 et
3234 5251 3428 5292 aurum
3463 5249 3598 5302 prae-

2028 5334 2148 5387 buit
2213 5340 2478 5403 quantum
2537 5332 2809 5387 sulliceret
2859 5333 2924 5385 ad
2977 5331 3336 5402 supplendum
3369 5327 3416 5381 ei
3449 5325 3596 5394 quod

2025 5427 2234 5482 deerat.
2271 5425 2470 5480 Libros
2497 5423 2682 5486 etiam,
2728 5424 2853 5476 licet
2885 5437 2992 5476 non
3027 5423 3261 5484 ablatos,
3294 5431 3393 5470 nec
3418 5417 3596 5471 enmi-

2029 5534 2100 5570 no
2139 5518 2318 5582 utiles,
2373 5516 2468 5571 sed
2502 5515 2590 5585 qui
2637 5515 2776 5586 grati
2815 5530 2936 5568 esse
2964 5520 3206 5583 possvnt,
3239 5511 3368 5563 dare
3391 5509 3597 5577 gloria-

2028 5617 2118 5663 tus
2143 5617 2262 5674 est;
2325 5607 2547 5662 donavit
2583 5621 2804 5675 qumque
2856 5618 2997 5657 cera:
3051 5602 3253 5669 ﬁguras
3303 5609 3596 5668 argenteus

2027 5698 2354 5772 symbolieas
2388 5697 2442 5752 in
2479 5697 2631 5752 atriis
2681 5693 2884 5751 sanctis
2924 5691 3148 5763 positas,
3183 5701 3480 5748 memoratu
3512 5691 3592 5745 div
