4012 6226
478 318 576 382 115

1171 333 1592 395 EUSTATHII
1625 337 1911 398 THESSA
1924 339 2370 402 LONICENSIS
2411 341 2973 402 METROPOLlTrE

3609 343 3708 411 116

475 451 632 504 gnas.
652 435 866 491 Cibaria
895 454 1021 494 vero
1040 457 1260 513 quoque
1287 447 1447 502 nobis
1471 448 1704 516 praebuit
1727 449 1889 503 simul
1919 464 2039 503 cum

2151 452 2324 522 ἱεραῖς
2355 455 2603 514 εἰσόδοις,
2637 454 2798 522 λόγου
2831 453 2978 518 ἄξια,
3010 452 3322 522 ἐχαρίσατοο
3356 452 3449 506 καὶ
3492 455 3622 523 ἡμῖν
3651 459 3709 511 δέ

473 523 636 580 libris
666 541 803 595 quos
840 545 945 583 non
967 532 1120 586 valde
1151 537 1566 604 appetebamus,
1596 539 1811 595 divinas
1846 539 2044 609 imagi-

2149 563 2269 599 τινα
2298 547 2519 617 ζωαρκῆ
2556 549 2812 615 ἐπένειμε
2844 546 2940 600 σύν
2981 563 3044 612 γε
3091 546 3186 598 καὶ
3231 543 3456 611 βίϐλοις,
3487 546 3556 610 ἃς
3595 548 3708 602 οῦτι

475 631 572 671 nes
605 633 832 686 quarum
863 623 1037 690 rogati
1074 627 1403 694 exemplaria
1441 631 1849 684 accuratissima
1875 632 2039 686 comi-

2146 637 2268 690 λίαν
2296 638 2620 708 ἐποθοῦμεν,
2678 639 2773 692 καὶ
2807 639 3167 705 είκονίσματα
3199 638 3339 698 θεῖα,
3382 631 3456 690 ὧν
3503 639 3572 691 τά
3621 657 3714 693 πε-

477 709 622 762 tibus
659 710 802 764 illius
836 716 1019 780 partiti
1059 732 1271 780 sumus,
1309 735 1404 772 nec
1451 737 1704 776 recusare
1749 724 2042 792 quivimus,

474 799 649 852 adlmc
681 811 733 855 et
763 814 1006 857 sanctam
1035 809 1425 874 supellectilem
1464 813 1595 879 (non
1629 815 1774 868 enim
1815 815 2042 869 celanda

473 897 558 943 est
595 893 842 962 veritas),
872 911 934 949 ex
977 913 1083 966 qua
1128 901 1331 970 aliquot
1371 916 1694 962 ornamenta
1730 907 1914 978 partiti
1961 923 2045 961 su-

473 995 594 1036 mus
619 983 801 1040 multis
837 999 1148 1045 sanctarum
1181 994 1565 1053 ecclesiarum.

546 1160 664 1216 H6.
704 1165 760 1217 ιη
813 1166 899 1227 bis
932 1170 1238 1229 laudandus
1284 1186 1366 1232 est
1407 1192 1590 1235 comes
1629 1180 1878 1246 Latinus,
1917 1183 2045 1237 licet

482 1248 618 1302 alias
669 1251 883 1326 aliquid
925 1261 1051 1315 mali
1099 1263 1321 1318 mistum
1359 1265 1636 1335 habuerit,
1672 1279 1868 1325 natura
1897 1273 2041 1326 enim

467 1337 626 1411 juxta
660 1346 859 1403 bonum
907 1354 1107 1406 malum
1161 1368 1515 1426 apposuerat,
1549 1374 1819 1417 craterem
1851 1364 2046 1432 hujus-

475 1437 620 1490 modi
639 1438 691 1490 in
721 1439 813 1494 illo
830 1444 1214 1501 commiscens.
1239 1447 1389 1502 Clam
1419 1453 1562 1505 enim
1585 1452 1827 1510 Latinice
1851 1457 2046 1525 agebat

473 1541 598 1581 eum
673 1534 1044 1600 nostratibus,
1100 1553 1164 1591 ac
1227 1555 1368 1610 saepe
1452 1543 1665 1599 dicebat
1734 1547 1842 1602 illis
1898 1549 2040 1604 inter

473 1617 684 1686 dentes,
718 1625 858 1690 quod
899 1627 1234 1685 abominatio
1293 1634 1372 1687 eis
1415 1634 1610 1690 fuisset
1638 1639 1784 1706 quod
1815 1639 1903 1694 die
1949 1655 2046 1695 ex-

471 1715 825 1782 pugnationis
873 1733 1087 1775 omnem
1145 1723 1416 1778 civitatem
1466 1743 1572 1781 non
1621 1729 1966 1798 jugulassent
2018 1749 2030 1785 :

2149 732 2516 799 φροντισμένα
2558 734 2668 794 τοῖς
2704 733 2917 784 ἐκείνου
2974 732 3138 799 ἡμεῖς
3186 729 3342 792 αὖθις
3378 731 3712 801 ἐπεμερίσα-

2153 837 2276 888 μεν,
2303 823 2636 890 αἰτηθέντες,
2672 823 2771 876 καὶ
2798 823 2872 891 μὴ
2903 822 3120 891 ἔχοντες
3153 822 3597 890 ἀπαρνήσασθαι·
3633 823 3711 877 ἔτι

2145 911 2201 963 δὲ
2235 914 2327 965 καὶ
2347 914 2464 982 ἱερά
2494 914 2695 967 ἔπιπλα
2724 913 2822 983 (μὴ
2855 913 2962 981 γὰρ
2985 912 3259 983 κρυπτέον
3295 914 3353 966 τὺ
3378 913 3622 982 ἀληθὲς),
3657 916 3712 979 ἐξ

2145 994 2220 1055 ὧν
2249 1005 2520 1074 ὲπικοσμή
2532 1005 2701 1073 ματός
2729 1022 2781 1057 τι
2821 1005 3044 1066 πολλαῖς
3073 1005 3179 1060 τῶν
3210 1004 3380 1073 άγίων
3407 1006 3711 1078 ἐκκλησιῶν

2144 1093 2634 1163 διεμοιρασάμεθα.

2219 1181 2353 1251 ρις⁹.
2397 1183 2504 1236 Τοῦ
2559 1184 2615 1236 δὲ
2665 1185 2902 1254 κόμητος
2940 1185 3129 1238 τούτου
3161 1184 3338 1237 ἐκεῖνο
3383 1183 3615 1255 μάλιστα
3655 1186 3716 1238 τδ

2145 1277 2343 1341 καλὸν,
2373 1279 2420 1330 εἰ
2475 1277 2569 1331 καὶ
2599 1277 2773 1341 ἄλλως
2813 1274 2926 1348 εῐχέ
2973 1295 3026 1330 τι
3072 1277 3168 1330 καὶ
3213 1276 3383 1330 κακὸν
3414 1279 3714 1347 συμμιγὲς,

2145 1369 2296 1437 παρὰ
2333 1367 2426 1422 καὶ
2457 1369 2608 1438 καλῷ
2645 1370 2815 1422 κακὸν
2869 1368 3103 1438 θεμένης
3157 1367 3258 1435 τῆς
3309 1367 3548 1436 φύσεως.
3580 1386 3717 1438 κρα-

2143 1458 2311 1530 τῆρος
2343 1460 2584 1513 τοιοῦτον
2623 1458 3014 1530 κερασαμένης
3057 1459 3227 1528 αὐτῷ.
3283 1454 3409 1528 Εἶχε
3461 1459 3558 1522 μὲν
3605 1461 3717 1529 γὰρ

2143 1547 2203 1599 τὸ
2256 1549 2544 1600 Λατινικὸν
2594 1549 2842 1610 ὑπούλως
2893 1550 3022 1617 περί⁵
3065 1548 3188 1611 τοὺς
3228 1547 3350 1600 καθ’
3399 1548 3568 1617 ἡμᾶς,
3619 1550 3717 1602 καὶ

2147 1638 2340 1706 συχνὸν
2385 1639 2570 1701 αὐτοῖς
2624 1639 2716 1691 ὑπ’
2765 1639 3006 1703 ὀδόντας,
3055 1639 3131 1702 ὡς
3173 1639 3420 1707 ἀνάθεμα
3469 1643 3583 1703 τοῖς
3639 1641 3715 1710 μὴ

2145 1728 2288 1779 κατὰ
2340 1729 2438 1797 τὴν
2467 1729 2684 1800 ἡμέραν
2729 1730 2831 1799 τῆς
2875 1729 3135 1792 ἁλώσεως
3166 1729 3312 1783 ἅπαν
3346 1731 3406 1785 τὸ
3435 1731 3716 1786 πολιτικὸν

473 1802 554 1855 Ad
616 1805 746 1871 quid
798 1809 972 1876 capita
1029 1812 1228 1866 talibus
1292 1795 2039 1888 corporibusimponuritur?

2143 1795 2550 1886 κατασφάξωῇ
2585 1795 2694 1874 ⁷καὶ
2727 1795 2808 1875 τόλ
2849 1822 3002 1875 Διατί
3035 1823 3270 1890 κεφαλαὶ
3291 1825 3558 1887 τοιούτοις
3589 1826 3715 1878 ἑπι-

481 1895 804 1963 sanguinem
843 1915 1029 1953 eorum
1087 1918 1209 1956 cum
1277 1917 1468 1960 nostro
1497 1925 1600 1960 non
1640 1925 1760 1964 esse
1814 1913 2040 1966 commi-

475 1992 656 2052 stum;
690 2000 870 2056 regem
907 2005 1011 2042 non
1043 2005 1164 2047 esse
1191 1995 1577 2059 advocaturus,
1621 1999 1827 2068 hosque
1852 2017 2042 2058 omnes

476 2089 536 2129 se
573 2089 694 2131 esse
737 2081 1130 2148 submissuros,
1185 2084 1405 2141 Latinos
1442 2104 1566 2142 vero
1602 2090 1745 2144 solos
1790 2107 1881 2146 eos
1921 2109 2044 2148 esse

476 2177 857 2235 renovaturos,
912 2172 1101 2242 sicque
1142 2178 1324 2230 omnia
1359 2178 1494 2232 bene
1537 2195 1658 2236 esse
1718 2181 1920 2237 futura.
1951 2183 2042 2236 Hae

474 2265 660 2311 autem
692 2263 1064 2330 sequebantur
1083 2267 1238 2321 minze
1259 2269 1549 2323 adversum
1575 2287 1694 2335 nos,
1722 2289 1781 2326 ac
1799 2291 2043 2342 unaqua-

474 2363 584 2416 que
637 2350 769 2404 bora
817 2353 894 2407 ira
941 2358 1129 2410 comiti
1175 2359 1598 2428 inspirabatura
1631 2364 1872 2428 diabolo,
1914 2367 2039 2419 dum

472 2453 635 2494 voces
681 2441 795 2497 haec
836 2445 1154 2502 audirentur
1191 2465 1206 2502 :
1245 2451 1402 2516 Cras,
1444 2468 1585 2516 cras,
1620 2463 1673 2509 et
1705 2457 1888 2508 statim
1923 2473 2042 2510 om-

474 2527 563 2581 nis
592 2528 684 2584 Dei
719 2533 958 2602 populus
993 2538 1297 2595 nobiscum.
1331 2540 1564 2598 Necesse
1595 2561 1724 2616 ergo
1758 2555 1874 2602 erat
1901 2565 2041 2620 opus

475 2614 652 2671 facere
714 2635 778 2675 ac
841 2622 1023 2691 loqui,
1081 2627 1160 2680 sic
1207 2644 1425 2698 quoque
1474 2647 1614 2700 saepe
1670 2614 2041 2703 eginius,'di-

471 2719 633 2760 verso
667 2709 826 2764 modo
877 2712 1213 2770 laborantes.
1278 2717 1367 2772 Dei
1428 2723 1602 2789 gratia
1638 2723 1739 2777 hoc
1771 2725 2040 2782 suadeba-

470 2810 594 2849 mus
624 2812 864 2868 persaepe
893 2805 1112 2872 eoquod
1151 2808 1257 2861 dux
1293 2808 1425 2864 illuc
1456 2811 1738 2880 irreperet,
1779 2828 1903 2871 ante
1932 2834 2041 2872 non

469 2904 570 2946 nos
595 2893 1030 2962 produxeramus
1079 2903 1385 2971 usquedum
1409 2906 1637 2959 omnino
1669 2911 1857 2963 mutati
1895 2911 2033 2979 (hac

470 2996 580 3036 non
610 2983 735 3038 dico
765 2986 818 3038 in
872 2988 1181 3055 bomiliam,
1212 2993 1308 3046 sed
1347 2992 1401 3046 in
1436 2997 1783 3067 concionem)
1816 3016 2037 3059 causam

2143 1908 2410 1976 κάθηνται
2442 1909 2692 1978 σώμασι;
2727 1913 2818 1964 καὶ
2851 1913 2932 1966 ὅτι
2964 1913 3022 1966 τὸ
3050 1913 3255 1966 τούτων
3296 1908 3431 1984 αἷμα
3459 1915 3518 1967 οὑ
3569 1916 3715 1968 ποιεί

2146 1998 2447 2068 σύγκρασιν
2497 2001 2634 2070 πρὸς
2661 2003 2721 2054 τὸ
2753 2003 3044 2072 ἡμέτερον
3087 2007 3179 2057 καὶ
3214 2005 3296 2057 ὅτι
3332 2006 3718 2076 παρακλητεύ-

2146 2105 2311 2158 σομεν
2339 2089 2430 2141 τὸν
2473 2093 2639 2160 ῥῆγα,
2674 2095 2770 2146 καὶ
2816 2094 3110 2147 πεσοῦνται
3149 2095 3248 2164 μὲν
3301 2095 3500 2159 πάντες
3540 2088 3714 2159 οῦτοι,

2144 2180 2740 2250 ἀντεισοικισθήσονται
2775 2182 2830 2235 δὲ
2867 2185 3183 2253 καταμόνας
3221 2187 3464 2244 Λατῖνοι.
3494 2187 3589 2239 καὶ
3625 2187 3716 2241 οὖα

2143 2283 2250 2330 τως
2299 2267 2512 2321 ἅπαντα
2550 2270 2692 2322 καλὰ
2726 2271 2963 2327 ἔσονται.
3015 2271 3227 2325 Οὐκοῦν
3277 2273 3557 2328 ἀκόλουθοι
3587 2276 3716 2328 τοῦ-

2143 2374 2256 2418 τοις
2302 2358 2523 2410 ἁπειλαὶ
2551 2361 2675 2422 καθ’
2708 2362 2870 2431 ἡμῶν
2900 2363 2994 2416 καὶ
3026 2364 3265 2434 ρίπισμα
3292 2367 3412 2417 ὅσαι
3438 2360 3580 2435 ὧραι
3614 2366 3713 2421 τοῦ

2144 2449 2287 2502 κατὰ
2327 2451 2420 2503 τὸν
2475 2453 2694 2521 κόμητα
2737 2453 2910 2522 θυμοῦ
2953 2456 3015 2507 ἐκ
3057 2455 3335 2522 διαϐολῶν,
3365 2457 3459 2512 καὶ
3487 2460 3714 2526 ἀναφώ-

2145 2556 2301 2608 νησις
2335 2541 2444 2594 τῶν
2477 2543 2934 2598 ἑνδιαὸαλλόντων
2977 2547 3057 2599 τό·
3101 2546 3322 2618 Αῦριον,
3375 2548 3578 2619 αὔριον,
3611 2553 3712 2604 καὶ

2112 2633 2171 2719 ,ὁ
2202 2632 2296 2685 τοῦ
2351 2633 2486 2686 Θεοῦ
2534 2633 2662 2698 λαὸς
2726 2635 2868 2698 ἅπας
2921 2637 3083 2699 εὐθὺς
3135 2639 3262 2707 περὶ
3304 2641 3469 2710 ἡμᾶς.
3503 2641 3614 2694 Καὶ
3641 2638 3713 2712 ἦν

2144 2721 2356 2793 ἀνάγκη
2411 2726 2608 2794 κοπιᾷν
2658 2726 2749 2779 καὶ
2791 2726 3011 2780 λαλεῖνο
3073 2728 3167 2781 καὶ
3221 2729 3514 2800 ἐποιοῦμεν
3566 2729 3715 2786 οὕτω

2146 2813 2336 2881 συχνὰ,
2397 2815 2756 2887 πολυτρόπως
2811 2820 3160 2889 πονούμενοι.
3211 2821 3322 2875 Καὶ
3377 2821 3509 2875 Θεοῦ
3549 2841 3718 2892 χαρι-

2143 2901 2362 2966 τοῦντος
2407 2906 2699 2973 ὲπείθομεν
2731 2910 2824 2962 καὶ
2853 2911 3012 2964 τοῦτο
3049 2911 3364 2974 πλειστάκις
3396 2913 3484 2966 διὰ
3529 2913 3588 2967 τὸ
3619 2914 3717 2967 τὸν

2143 2997 2381 3066 ἄρχοντα
2431 2999 2621 3068 ῥέπειν
2663 3001 2873 3054 ἐκεῖσεο
2914 3002 3007 3055 καὶ
3061 3004 3118 3055 οὐ
3157 3005 3350 3073 πρώην
3398 3003 3714 3074 ἅνήκαμεν,

473 3079 720 3125 nostram
753 3073 1205 3142 defendebamus,
1259 3095 1364 3133 nun
1396 3081 1710 3138 adulatione
1746 3085 2036 3142 abstinen-

2147 3087 2251 3151 ἕως
2295 3088 2356 3142 τὸ
2389 3090 2698 3145 τελευταῖον
2757 3096 3001 3146 παντοῖοι
3032 3095 3115 3165 (οὐ
3153 3095 3295 3163 λέγω
3336 3095 3407 3148 τὰ
3459 3073 3542 3158 είς
3589 3098 3719 3166 ὁμιο

471 3169 573 3224 tes,
629 3177 937 3218 sermonem
990 3177 1171 3222 autem
1201 3170 1508 3239 jucundum
1550 3173 1872 3241 efﬁcientes,
1907 3179 2042 3236 dure

472 3261 648 3306 tamen
673 3255 875 3324 aliquid
909 3258 1173 3323 dicentes,
1231 3265 1511 3332 querendo
1539 3267 1604 3321 de
1633 3271 1922 3327 atrocitate
1948 3289 2044 3328 oc-

471 3345 783 3410 cupationis
813 3351 1158 3418 Latinorum,
1205 3357 1520 3413 extollendo
1575 3377 1702 3416 vero
1739 3375 2044 3433 opportune

473 3436 687 3491 laudem
754 3439 1354 3514 Tliessalonieensimn,
1412 3451 1510 3506 bos
1578 3467 1859 3510 sermones
1905 3459 2042 3512 mul-

471 3526 720 3584 tiformes
783 3534 1007 3588 omnino
1071 3538 1469 3596 concinnentes
1535 3546 2042 3604 accommodantes-

470 3632 578 3682 que
625 3622 855 3678 rudibus
896 3625 1236 3690 hominibus,
1273 3631 1428 3684 itaut
1457 3648 1580 3686 eum
1620 3637 1880 3690 cautione
1909 3640 2042 3693 scri-

471 3710 644 3775 ptoris
677 3715 1146 3783 cunviucercmus,
1179 3722 1638 3791 vituperaremus,
1683 3741 1746 3780 ac
1782 3728 2038 3784 exhorta-

470 3813 658 3855 remur
685 3803 825 3872 illos,
864 3809 955 3876 qui
990 3818 1234 3880 tempore
1285 3817 1436 3882 paris
1476 3833 1540 3868 ex
1576 3817 1783 3872 nostris
1820 3822 2042 3876 monitis

469 3889 648 3957 ignavi
707 3892 928 3952 fuerant
970 3899 1022 3953 in
1062 3901 1431 3972 adimplendis
1489 3906 1701 3977 integre
1755 3911 2041 3980 praeceptis

467 3985 819 4055 evangelicis,
860 4005 928 4043 ne
989 3992 1144 4046 inviti
1181 4005 1519 4062 pateremur,
1568 4001 1745 4054 virum
1789 4001 2041 4058 ﬁrmave-

469 4085 674 4136 ramus,
711 4093 947 4148 eumque
982 4083 1212 4138 ﬁrmiter
1248 4089 1530 4143 stabilitus
1558 4091 1777 4156 fuisset,
1809 4094 2040 4148 adduxi-

468 4175 592 4216 mus
626 4165 691 4217 ad
717 4165 1039 4234 iurandum,
1069 4175 1324 4241 equidem
1353 4177 1465 4244 jam
1501 4195 1607 4233 non
1640 4193 1846 4234 metum
1877 4186 2039 4240 caedis

468 4252 551 4303 vel
589 4251 812 4309 alterius
841 4259 968 4311 mali
1001 4261 1178 4316 vietos
1206 4264 1630 4321 sollicitaturum
1658 4285 1800 4325 esse.
1838 4272 2038 4328 Deinde

466 4342 780 4407 quievimus
827 4349 1128 4416 usquedum
1164 4353 1400 4408 licuerit.
1464 4356 1580 4409 Non
1633 4373 1764 4412 vero
1810 4363 2036 4416 omnino

464 4431 662 4488 licebat
691 4449 816 4490 eum
849 4437 1059 4496 Latinis
1097 4441 1468 4501 Romanorum
1501 4448 1776 4504 osoribus.
1820 4509 1827 4517 ,

2145 3176 2286 3242 λίαν,
2330 3179 2467 3232 ἀλλὰ
2489 3181 2858 3254 δημηγορίαν)
2890 3185 3196 3255 γενόμενοι.
3228 3185 3324 3238 καὶ
3365 3185 3718 3260 δικαιολογη-

2146 3269 2398 3338 σάμενοι,
2446 3272 2542 3324 καὶ
2582 3273 2702 3326 οὐδὲ
2739 3274 3030 3339 κολακείας
3061 3277 3438 3346 ἀπεσχημένοι
3474 3279 3571 3332 καὶ
3604 3297 3716 3348 χα-

2145 3363 2567 3432 ριεντισάμενοι,
2608 3365 2705 3419 καὶ
2749 3366 3024 3435 ἐμϐριθῶς
3059 3368 3116 3422 δέ
3145 3386 3199 3421 τι
3232 3368 3585 3439 λαλήσαντες,
3618 3370 3719 3425 καὶ

2146 3452 2495 3522 μεμψάμενοι
2522 3454 2619 3524 μὲν
2651 3455 2750 3525 τὴν
2790 3457 2896 3509 τῶν
2927 3458 3240 3525 συγκλύδων
3271 3460 3518 3514 Λατίνων
3547 3461 3722 3515 δεινό-

2142 3559 2278 3610 τητα
2303 3583 2317 3603 ,
2351 3543 2569 3596 ἔπαινον
2605 3545 2661 3596 δὲ
2709 3546 2817 3598 τῶν
2859 3547 3298 3602 Θεσσαλονικέων
3346 3553 3720 3620 προενεγκόν-

2141 3649 2230 3696 τες
2287 3635 2518 3702 καίριον,
2569 3637 2663 3690 καὶ
2717 3638 2854 3699 ὅλως
2883 3640 3011 3700 τοὺς
3057 3639 3248 3707 λόγους
3275 3641 3569 3704 πολυειδῶς
3605 3643 3716 3713 ἁρ-

2145 3725 2442 3795 μοσάμενοι
2505 3727 2600 3779 καὶ
2676 3730 3130 3798 οἰκονομήσαντες
3190 3731 3328 3801 πρὸς
3386 3732 3716 3802 ἀνθρώπους

2141 3815 2388 3886 ἀγρίους,
2414 3816 2557 3869 κατά
2581 3833 2633 3868 τι
2665 3818 2905 3886 ἀμυδρὸν
2937 3820 3210 3891 ἀπήχημα
3237 3823 3514 3892 γραφικῆς
3548 3823 3716 3888 ὲλὲγ·

2143 3905 2277 3970 ξεως
2329 3907 2421 3960 καὶ
2461 3907 2835 3978 ἐπιτιμήσεως
2873 3909 2969 3963 καὶ
3017 3911 3417 3981 παρακλήσεως
3448 3953 3463 3976 ,
3519 3915 3570 3967 οἱ
3619 3919 3719 3971 καὶ

2140 3997 2281 4050 κατὰ
2305 3999 2494 4070 καιρὸν
2516 4001 2738 4070 εἰρήνης
2763 3998 2982 4053 ἐπὶτῶν
3001 4002 3287 4073 ἡμετέρων
3311 4003 3534 4074 ἄτολμοι
3557 4006 3718 4072 ὄντες

2143 4091 2317 4142 ποιεῖν
2357 4091 2425 4143 τά
2471 4091 2804 4159 εὐαγγελικά
2835 4094 2914 4154 εἰς
2949 4091 3209 4160 ἄκρατον,
3238 4093 3323 4145 ἵνα
3371 4094 3448 4164 μὴ
3479 4097 3717 4165 πάσχοι·

2143 4197 2242 4246 μεν
2263 4180 2558 4250 ἀϐούλητα,
2590 4181 2997 4251 ὲὸεὸαιὼσαμεν
3029 4183 3118 4236 τὸν
3148 4183 3339 4252 ἄνδρα,
3370 4187 3463 4238 καὶ
3493 4188 3574 4249 είς
3605 4189 3713 4258 ἔμ-

2142 4271 2302 4322 πεδον
2359 4276 2822 4343 καταστήσαντες,
2881 4275 3296 4343 περιηγάγομεν
3349 4275 3717 4342 διομόσασθαι

2140 4355 2176 4430 ἦ
2215 4359 2321 4430 μὴν
2354 4361 2552 4430 μηκέτι
2594 4363 2758 4430 φόϐον
2785 4364 3262 4436 ὲπαρτηθήσεσθαι
3305 4366 3469 4434 φόνου
3502 4368 3536 4437 ἦ
3569 4385 3719 4432 τινος

2063 4440 2109 4498 D
2138 4449 2323 4518 ἐτέρου
2360 4450 2529 4502 κακοῦ
2577 4454 2689 4515 τοῖς
2739 4453 3028 4508 ἑαλωκόσι.
3054 4456 3162 4506 Kal.
3195 4455 3255 4507 τὸ
3283 4455 3537 4510 ἐντεῦθεν
3575 4459 3714 4512 άνε·

466 4527 775 4598 παυόμεθα,
814 4532 893 4594 είς
924 4533 1048 4587 ὅσον
1077 4530 1146 4603 ἦν
1183 4536 1484 4608 ἐγχωροῦν.
1526 4541 1816 4613 Ἑνεχῶρει
1858 4544 1912 4596 δὲ
1945 4543 2018 4614 μὴ
2058 4545 2140 4608 εἰς
2165 4543 2226 4596 τὸ
2271 4543 2379 4595 πᾶν
2409 4543 2561 4614 παρὰ
2604 4560 2668 4613 γε
2732 4547 2846 4608 τοῖς
2910 4546 3052 4600 οὕτω
3103 4549 3500 4619 μισορωμαίοις
3554 4551 3722 4605 Λατί“

466 4642 600 4686 νοις.

537 4715 662 4769 H7.
707 4715 811 4772 Sed
863 4719 1242 4774 revertendum
1280 4731 1364 4778 est
1411 4724 1478 4778 ad
1514 4727 1694 4795 priora
1745 4738 2034 4798 postquam

467 4818 554 4859 res
607 4806 822 4861 comitis
874 4811 1251 4878 exposuimus,
1309 4815 1430 4870 vita:
1490 4820 1903 4887 operationibus
1950 4821 2035 4875 di-

469 4895 602 4950 visis
635 4896 686 4948 in
721 4905 875 4952 actus
921 4902 1027 4955 diei
1069 4911 1122 4957 et
1171 4911 1329 4960 actus
1366 4914 1687 4964 nocturnos.
1721 4910 1844 4965 Dies
1877 4911 2035 4978 equi-

469 4987 590 5041 dem
625 4989 840 5044 mentiti
879 4992 1094 5048 fuerant
1141 4996 1532 5062 urbanitatem,
1591 5011 1797 5057 attenta
1824 5003 2038 5056 rustici-

469 5087 581 5133 tate
618 5078 932 5135 Latinorum
972 5101 1135 5153 quam
1171 5088 1631 5157 dissimulabant;
1674 5095 1766 5161 qui
1807 5108 1935 5162 ergo
1961 5092 2038 5163 ip-

472 5171 548 5228 sis
594 5181 647 5227 et
679 5173 842 5228 nobis
870 5176 1127 5231 mundum
1164 5179 1410 5235 sufficere
1435 5197 1540 5236 non
1576 5183 1917 5253 judicabant,
1939 5202 2034 5238 no-

471 5265 554 5318 bis
577 5265 940 5330 occurrendo,
996 5283 1097 5322 nos
1150 5276 1581 5342 consputabant,
1631 5277 2031 5346 propellebant,

473 5359 918 5428 supplantabaut,
955 5364 1316 5432 aspergebant
1372 5368 1616 5436 injuriis.
1658 5369 1770 5423 Hoc
1802 5384 1942 5437 saepe
1977 5369 2032 5422 in

471 5462 566 5500 ore
625 5463 813 5504 eorum
890 5451 1210 5506 versabatur
1271 5465 1330 5509 ut
1382 5475 1572 5513 versus
1629 5461 2027 5516 intercalaris:

479 5554 498 5584 ι
544 5534 696 5605 Veni,
751 5542 890 5597 bene
947 5542 1207 5600 Joannes.
1261 5564 1278 5596 ι
1341 5545 1452 5600 Hoc
1515 5551 1768 5604 cavillum
1818 5552 2035 5605 orieba-

475 5633 560 5677 tur
582 5643 646 5680 οι
679 5646 742 5683 eo
777 5638 915 5703 quod
949 5645 1193 5707 tempore
1229 5637 1533 5692 obsidionis
1564 5641 1774 5707 gloriati
1817 5658 2032 5697 eramus

473 5732 655 5788 regem
687 5720 952 5781 Joannem
988 5730 1137 5785 brevi
1177 5730 1334 5786 nobis
1365 5746 1487 5786 esse
1528 5733 1941 5802 opitulaturum.
1974 5735 2028 5790 Si

2211 4724 2332 4793 (κζ’.
2380 4723 2519 4776 Ἀλλ’
2549 4721 2833 4776 ἐπανιτέον
2866 4723 3026 4776 πάλιν
3079 4726 3142 4778 ἐκ
3185 4725 3294 4780 τῶν
3330 4725 3420 4779 τοῦ
3462 4727 3716 4795 κόμητος

2138 4818 2232 4871 ἐπὶ
2266 4816 2333 4869 τὰ
2369 4815 2661 4886 πρότερον,
2705 4815 2824 4884 διχῆ
2881 4816 3227 4887 διῃρημένων
3264 4816 3372 4870 τῶν
3420 4818 3560 4871 κατὰ
3593 4819 3720 4886 βίον

2144 4908 2222 4970 είς
2250 4924 2309 4958 τε
2346 4907 2414 4959 τὰ
2447 4906 2798 4976 καθ’ήμέραν
2824 4907 2920 4960 καὶ
2951 4907 3017 4958 τὰ
3048 4906 3304 4978 νύκτερα.
3336 4910 3402 4961 Αἱ
3438 4910 3536 4978 μὲν
3571 4912 3717 4980 ὴμέ-

2143 5018 2234 5070 ραι
2265 5000 2395 5068 ἡμῖν
2425 4998 2709 5067 ἐψεύδοντο
2737 4999 2798 5049 τὸ
2824 4997 3030 5068 ἥμερον
3063 4997 3149 5050 διὰ
3175 5000 3276 5067 τὴν
3305 5001 3361 5052 έν
3397 5001 3508 5062 τοῖς
3543 5001 3721 5053 Λατί-

2142 5108 2252 5154 νοις
2282 5091 2605 5160 ἁγριότητα,
2639 5088 2737 5157 τὴν
2768 5089 3026 5158 ἀμυδρῶς
3062 5089 3520 5159 ὑπολαληθεῖσανο
3549 5092 3599 5144 οἳ
3633 5093 3716 5162 μὴ

2142 5184 2390 5253 χωρητὸν
2417 5184 2596 5244 αὐτοῖς
2630 5183 2724 5235 καὶ
2747 5183 2880 5249 ἡμῖν
2903 5182 2992 5232 τὸν
3021 5181 3222 5250 κόσμον
3257 5177 3396 5234 εἶναι
3430 5183 3711 5252 κρίνουσι,

2139 5275 2505 5330 συναντῶντες
2528 5273 2658 5341 γοῦν
2682 5274 3008 5334 κατέπτυον,
3027 5271 3220 5334 ὤθουν,
3241 5275 3546 5338 ὲσκέλιζον,
3572 5293 3718 5327 κατ-

2137 5368 2364 5436 έδρεχον
2412 5367 2621 5436 ὕϐρεις.
2654 5366 2854 5436 Συχνὺν
2908 5363 2973 5434 ἦν
3025 5368 3207 5430 αὐτοῖς
3255 5367 3329 5429 ὡς
3364 5369 3446 5430 είς
3500 5370 3719 5438 ἐπῳδὸν

2137 5460 2218 5511 τό⁸
2256 5458 2428 5520 mat,
2460 5457 2869 5528 Καλοῖωάννης.
2889 5457 3119 5527 Μυκτὴρ
3150 5454 3324 5523 οὗτος,
3358 5459 3431 5520 ὡς
3458 5459 3617 5526 ἡμῶν
3652 5461 3722 5511 ὲν

2137 5547 2203 5624 τῇ
2237 5552 2522 5620 πολιορκίᾳ
2554 5550 2962 5620 γαυρουμένων,
2990 5549 3184 5619 μικρὸν
3211 5551 3332 5602 ὅσον
3365 5549 3716 5620 τὺνζβασιλέα

2156 5641 2414 5708 Ἰωάννην
2447 5638 2621 5691 ἐλθεῖν
2656 5640 2787 5708 ἡμῖν
2817 5640 3123 5708 ἐπίκουρον.
3161 5639 3220 5689 El
3254 5638 3309 5690 δέ
3335 5655 3415 5700 τις
3446 5639 3554 5690 τῶν
3585 5655 3722 5690 συν-

2143 5731 2502 5804 αιχμαλώτων
2553 5731 2692 5799 πεζῆ
2726 5732 2826 5801 τὴν
2859 5729 3132 5798 λεωφόρον
3164 5730 3338 5799 τρίϐοι
3373 5730 3475 5799 (τίς
3537 5730 3594 5783 δὲ
3643 5730 3718 5786 οὐ
