4012 6226
330 331 428 399 117

1132 337 1232 401 DE
1271 338 1845 400 THESSALONICA
1871 335 2077 396 URBE
2116 335 2160 392 Α
2198 332 2504 393 LATlNlS
2539 333 2796 395 CAPTA.

3403 284 3412 293 ’
3471 331 3571 396 us

324 453 569 516 τοιοῦτος
603 454 766 519 τότε;
807 454 895 507 ὅτε
931 455 1030 508 καὶ
1063 457 1220 525 ἡμεῖς
1253 456 1570 527 ἐπάσχομεν
1607 457 1768 520 οὓτω,
1801 472 1898 509 και

2011 452 2132 523 quis
2193 466 2320 507 vero
2374 453 2820 520 concaptivorum
2877 448 2962 503 via
3004 449 3216 517 publica
3254 449 3418 518 pedes
3451 466 3571 504 atn-

323 545 587 607 τάκοποι,
621 548 717 597 καὶ
763 545 832 597 τὰ
873 545 1040 612 σκέλη
1077 549 1406 617 παράφοροι,
1440 551 1534 603 καὶ
1562 547 1904 617 τεταραγμέο

325 653 435 699 τοι,
485 639 582 691 καὶ
618 636 1012 706 σεσαλευμένοι
1051 638 1189 690 κατὰ
1229 638 1582 706 μεθύοντας),
1637 641 1685 691 εἰ
1724 639 1905 692 τοίνυν

325 727 476 779 οὕτω
503 745 587 790 τις
627 728 758 796 περὶ
801 728 1079 780 στενωπὸν
1110 729 1306 792 δδεύοι,
1349 732 1444 782 καὶ
1485 729 1641 799 τύχοι
1677 732 1904 782 Λατῖνον

330 820 680 888 παρέχεσθαι
721 820 988 886 ἔφιππον,
1045 821 1144 872 οὐκ
1194 820 1258 873 ἂν
1295 823 1500 884 ἐκεῖνος
1529 822 1776 889 φείσαιτο
1811 839 1906 875 κα-

323 909 651 972 ταπατῆσαι
693 909 790 961 καὶ
822 908 1112 977 συντρῖψαι
1141 908 1230 960 τὸν
1257 909 1560 978 ἄνθρωπον,
1609 911 1904 979 κεντρίζων

323 1003 424 1052 τὸν
461 999 630 1051 ἵππον
673 1001 756 1062 είς
789 1000 1236 1068 κατασκίρτημα.
1269 1000 1455 1062 Οὕτως
1506 1001 1724 1068 ἐφίλουν
1756 1002 1904 1070 ἡμᾶς

320 1092 372 1142 et
405 1091 711 1160 ἄνθρωποι,
759 1092 932 1161 συχνὰ
993 1091 1131 1160 πρὸς
1192 1093 1371 1145 πάντα
1420 1093 1578 1160 λόγον
1619 1093 1714 1146 καὶ
1768 1095 1904 1164 πρὸς

323 1184 438 1236 πᾶν
482 1184 652 1252 ἔργον
687 1184 1074 1253 προϊσχόμενοι
1106 1185 1183 1245 είς
1207 1184 1488 1237 δικαίωσιν
1520 1185 1611 1237 τοῦ
1667 1203 1904 1252 κακουρ-

321 1277 446 1340 γεῖν
496 1275 560 1325 τδ
610 1274 722 1326 ἀπὸ
759 1275 976 1342 σπάθης
1027 1276 1174 1344 ἡμᾶς
1227 1274 1391 1326 ἑλεῖν·
1444 1276 1545 1327 οὐκ
1580 1276 1902 1345 ἀνθρώπινα

322 1362 642 1424 λαλοῦντες,
674 1364 791 1415 ἀλλ’
835 1363 970 1415 ὡσεὶ
1003 1366 1092 1415 καὶ
1143 1364 1280 1416 λέων
1327 1365 1504 1434 ἄγραν
1549 1364 1684 1417 ἑλὼν
1733 1365 1906 1417 ἐθέλει

319 1453 567 1523 διασπᾷν
598 1452 795 1522 αὐτὴν,
829 1453 928 1520 ούχ
969 1454 1051 1503 ὅτι
1075 1452 1282 1520 πεινῴη
1320 1453 1415 1504 καὶ
1443 1451 1637 1520 ποθοίη
1673 1453 1904 1522 σάρκας,

320 1544 460 1596 ἀλλὰ
491 1543 690 1611 δικαίῳ
743 1541 839 1594 τοῦ
878 1544 1101 1610 συσχεῖν
1149 1541 1316 1610 αὐτὴν
1346 1541 1548 1605 ὄνυξιν.
1581 1543 1694 1594 Ούκ
1719 1537 1788 1612 ἦν
1817 1544 1910 1596 ἐπὶ

320 1635 542 1696 τούτοις
589 1634 712 1686 οὐδὲ
772 1634 1094 1687 ὑποστένειν
1133 1633 1316 1702 ἡμᾶς,
1368 1631 1567 1684 οὖκουν
1621 1632 1742 1686 οὐδὲ
1786 1634 1906 1686 κατ’

322 1726 453 1794 ῡῷιν
489 1725 928 1794 σκυθρωπάζειν,
956 1723 994 1777 ἃ
1025 1725 1089 1794 δὴ
1121 1726 1236 1785 τοῖς
1259 1725 1314 1776 ὲν
1340 1723 1570 1777 κλύδωνι
1605 1727 1903 1794 συμφορῶν

2006 545 2221 600 bnlaret
2251 545 2398 615 (quis
2450 551 2581 597 tunc
2625 558 2732 597 non
2784 541 2863 595 ita
2911 540 3261 595 ambulabat?
3292 555 3416 594 cum
3473 554 3574 596 nos

2007 638 2112 704 ipsi
2155 639 2258 692 hoc
2315 637 2738 712 sustineremug
2797 635 2955 700 fessi,
3008 634 3268 688 cruribus
3319 633 3568 699 incertis,

2009 730 2214 783 turbati
2287 730 2704 796 titubantesque
2761 727 2909 781 sicut
2983 725 3166 794 ebrii),
3223 726 3267 779 si
3324 738 3457 793 ergo
3496 725 3576 776 sic

2007 821 2202 889 aliquis
2232 820 2316 872 'via
2346 828 2497 873 arcta
2538 819 2642 872 iter
2671 818 2877 872 laceret
2907 824 3332 885 occurreretque
3377 814 3575 867 Latino

2007 914 2061 963 in
2133 926 2278 980 equo
2333 911 2566 975 sedenti,
2615 910 2701 963 hie
2769 923 2874 962 non
2913 909 3201 963 dubitabat
3252 906 3577 961 conculcare

2008 1003 2278 1070 illumque
2319 1001 2547 1066 elidere,
2586 1016 2784 1070 equum
2819 1000 3153 1055 stimulando
3185 1007 3244 1052 ιιι
3273 999 3574 1054 subsiliret.

2008 1093 2275 1146 Homines
2325 1093 2640 1147 istiusmodi
2698 1092 2770 1145 ita
2831 1107 2932 1146 nos
2963 1091 3355 1159 diligebant.ut
3381 1092 3432 1144 in
3458 1105 3577 1143 ver-

2007 1179 2094 1250 bis
2128 1188 2222 1232 aut
2255 1178 2412 1233 factis
2447 1195 2543 1248 pro
2577 1180 2934 1234 excusatione
2961 1179 3143 1233 delicti
3175 1179 3431 1232 dicebant
3473 1193 3574 1232 nos

2008 1274 2121 1325 sica
2174 1271 2414 1334 feriisse,
2453 1287 2560 1326 non
2606 1273 2718 1340 jam
2751 1287 2900 1326 more
2944 1271 3224 1326 hominum
3264 1270 3572 1339 loquentes,

2008 1363 2102 1418 scd
2129 1364 2396 1429 sicutleo,
2436 1365 2553 1434 qui,
2579 1374 2738 1433 capta
2762 1365 2965 1432 prteda,
2998 1379 3116 1419 eam
3145 1363 3410 1417 dilaniare
3437 1362 3572 1424 vult.

2008 1469 2116 1508 non
2155 1471 2220 1509 eo
2259 1457 2407 1525 quod
2439 1458 2648 1509 esuriat
2700 1459 2784 1510 vel
2824 1467 3043 1524 appetat
3076 1471 3325 1519 carnem,
3358 1454 3454 1511 sed
3515 1466 3574 1510 ut

2006 1553 2129 1592 eam
2164 1541 2444 1608 unguibus
2481 1543 2730 1595 retineat.
2761 1543 2820 1595 ln
2854 1544 2936 1596 his
2967 1559 3068 1596 nec
3098 1545 3267 1598 ullum
3307 1545 3572 1613 gemitum

2007 1630 2172 1684 edcre
2197 1640 2537 1700 poteramus,
2563 1647 2662 1685 nec
2689 1632 2857 1687 videri
2883 1641 3197 1698 maerentes,
3225 1633 3370 1701 quod
3393 1635 3578 1702 utique

2008 1721 2062 1775 in
2099 1725 2392 1777 tormentis
2431 1734 2726 1778 eventuum
2770 1724 2838 1778 ad
2879 1725 3074 1778 anima:
3109 1740 3386 1794 oppressa:
3436 1725 3578 1779 leva-

325 1818 543 1867 ἀνεῖται
585 1813 720 1886 πρὸς
755 1813 984 1882 ἐκϐολὴν
999 1812 1092 1864 τοῦ
1118 1815 1256 1865 κατὰ
1287 1811 1466 1882 ψυχὴν
1501 1813 1719 1882 ἄχθους.
1759 1815 1898 1867 Πολὺ

2011 1829 2150 1866 men.
2181 1810 2334 1866 Tunc
2367 1814 2512 1867 enim
2547 1814 2900 1883 repetebant:
2959 1833 2977 1865 t
3037 1817 3287 1877 Diabole.
3325 1832 3421 1869 cur
3482 1832 3578 1884 ge-

323 1905 436 1973 γὰρ
491 1904 681 1965 αὐτοῖς
739 1902 976 1956 ἐνταῦθα
1018 1903 1079 1955 τὸ
1125 1919 1144 1952 ι
1195 1901 1444 1965 Διάϐολε,
1475 1902 1528 1955 τί
1577 1902 1898 1967 στενάζεις;

332 1994 658 2048 Ἐϐούλοντο
687 1993 796 2063 γὰρ
823 1993 1172 2063 ἀναισθητεῖν
1197 1993 1342 2062 ἡμᾶς
1375 1993 1468 2046 καὶ
1491 1992 1902 2062 φρενοϐλαϐεῖν,

323 2087 400 2149 ὼς
433 2087 532 2140 καὶ
567 2086 807 2157 χαίρειν,
842 2085 930 2154 ἐφ’
977 2081 1058 2147 οἷς
1116 2085 1301 2147 κακῶς
1353 2085 1690 2154 ἐπάσχομεν.
1749 2086 1811 2140 Εἰ
1847 2086 1904 2138 δέ

325 2197 401 2246 πη
433 2177 718 2248 ξυμπεσὺν
753 2173 855 2231 ὦδε
884 2178 1050 2247 γελᾷν
1099 2177 1210 2230 εἴτε
1248 2177 1460 2247 μειδιᾷν
1509 2177 1726 2230 ἐπέλθοι
1770 2178 1900 2241 τινὶ,

325 2270 456 2341 χολὴ
491 2271 588 2322 καὶ
628 2269 790 2322 τοῦτο
829 2269 1053 2338 δριμεῖα
1083 2268 1160 2335 τῷ
1191 2269 1462 2321 κατιδόντι
1486 2267 1720 2336 Λατίνῳ,
1761 2268 1906 2320 Ἐνό-

332 2363 456 2431 μιζε
477 2361 611 2430 γὰρ,
645 2361 721 2424 ὡς
751 2360 951 2423 ἔοικεν,
977 2361 1010 2426 ἦ
1041 2359 1349 2428 καταγελᾷν
1381 2361 1526 2428 ἡμᾶς
1548 2359 1657 2412 τῶν
1689 2359 1906 2411 Λατινι-

335 2454 447 2503 κῶν
472 2452 755 2522 πράξεων,
779 2451 813 2521 ἦ
837 2450 1019 2518 ἀγαθὰ
1047 2448 1484 2519 καραδοκοῦντας
1517 2450 1543 2500 ὁ
1574 2447 1907 2516 χαιρέκακος

332 2547 439 2596 εἴτε
481 2544 578 2596 καὶ
634 2543 977 2602 πεπονθότας
1033 2540 1395 2608 ἀγαλλιᾶσθαι
1424 2580 1438 2602 ,
1475 2539 1502 2592 δ
1546 2542 1656 2601 τοῖς
1691 2539 1906 2609 ἐχθροῖς

328 2635 693 2701 ἁπενέφαινε.
733 2631 845 2684 Kal
874 2631 1055 2684 τοίνυν
1087 2629 1384 2692 δακτύλους
1429 2631 1506 2692 είς
1545 2630 1769 2697 γρὸνθον
1812 2627 1909 2680 ἑπ-

329 2741 554 2785 τυσσον,
603 2723 702 2776 xal.
749 2723 848 2792 τὴν
896 2725 1054 2792 χεῖρα
1105 2720 1545 2788 γογγυλίζοντες,
1577 2717 1906 2790 ἐρρύθμιζον

332 2816 438 2878 πὺξ
476 2816 765 2884 πλήττειν,
795 2831 812 2863 ι
861 2814 927 2864 Τί
966 2813 1164 2883 γελᾷς,
1208 2805 1252 2864 ὦ
1287 2811 1499 2863 διὰϐολε
1527 2848 1544 2872 ,
1597 2829 1615 2862 ι
1654 2808 1908 2879 βατταρί-

329 2907 540 2969 ζοντες.
578 2907 695 2958 Καὶ
737 2903 880 2956 οὕτω
917 2903 1016 2972 τὴν
1052 2904 1266 2973 αἰθρίαν
1293 2902 1385 2954 τοῦ
1438 2899 1792 2969 μειδιάματος
1828 2899 1908 2962 είς

334 3003 495 3066 νέᾳος
528 2999 805 3070 δακρυόεν
835 2999 1222 3067 μετέστρεφον,
1259 2996 1291 3066 ἢ
1327 2995 1421 3048 καὶ
1467 2995 1668 3064 ἑτέρως
1711 2994 1904 3057 εἰπεῖν,

329 3090 417 3141 τὶν
471 3090 726 3157 γελῶντα
792 3088 1138 3158 Δημόκριτον
1199 3089 1277 3151 είς
1326 3086 1680 3157 Ἠράκλειτον
1740 3101 1902 3153 μετε-

334 3181 521 3233 ποίουν
546 3180 882 3248 δακρύοντα.

402 3279 533 3343 ριτί.
585 3270 1050 3340 ’Λνεψηλαφῶντο
1085 3271 1214 3340 παρ’
1246 3270 1424 3324 αὐτῶν
1454 3271 1543 3322 καὶ
1576 3270 1643 3321 τὰ
1663 3269 1770 3321 τῶν
1800 3285 1909 3320 πα-

337 3363 665 3433 ροδευόντων
715 3361 1049 3432 προκόλπια,
1087 3364 1184 3414 καὶ
1228 3361 1594 3430 ἐξεκενοῦντο,
1635 3358 1689 3412 εί
1717 3361 1770 3411 τί
1805 3376 1905 3413 που

334 3455 433 3510 »εὶ
469 3455 665 3523 ἔφερον
697 3452 1114 3524 χρηματισμοῦ,
1143 3453 1192 3504 εί
1225 3453 1321 3504 καὶ
1353 3450 1526 3522 βραχύ
1553 3467 1604 3502 τι
1626 3452 1800 3503 ἐκεῖνο
1818 3446 1906 3519 ἦν.

336 3544 804 3616 Περιειργάζοντο
852 3546 948 3599 καὶ
1006 3543 1214 3615 μηροὺς
1255 3583 1271 3608 ,
1335 3545 1410 3612 μή
1472 3559 1574 3594 που
1636 3543 1908 3612 μαχαίρας

326 3636 741 3704 παρήρτηνται.
799 3634 911 3688 Καὶ
971 3634 1024 3686 εί
1088 3651 1192 3686 που
1263 3631 1516 3701 εὑρεθείη
1578 3631 1908 3700 ἐγχειρίδιον

327 3725 642 3790 ὁποιονοῦν,
671 3724 730 3776 αί
767 3724 865 3793 μὲν
916 3724 1113 3793 κόρσαι
1162 3723 1254 3776 τοῦ
1309 3723 1566 3792 φέροντος
1594 3717 1738 3791 εἶχον
1771 3722 1908 3792 πλη-

334 3834 451 3884 τλς,
475 3819 506 3870 ὁ
537 3817 597 3869 δὲ
625 3817 858 3878 Λατῖνος
893 3816 992 3887 τὴν
1019 3815 1318 3885 μάχαιραν.
1347 3814 1494 3866 Ἔδει
1525 3813 1617 3866 καὶ
1656 3813 1911 3883 διερρηγ-

331 3912 471 3976 μένα
500 3909 718 3971 πάντας
761 3911 907 3978 ἡμᾶς
950 3905 1353 3977 περιδεδύσθαι.
1383 3907 1446 3958 Et
1489 3905 1596 3974 γάρ
1619 3922 1700 3968 τις
1729 3905 1911 3971 ἱματί-

328 3998 455 4061 ζετο
490 4000 574 4058 είς
609 3999 895 4068 ἀκέραιον,
930 3995 1354 4066 ἁνεθεματίξετο
1403 3993 1531 4064 παρ’
1566 3993 1744 4055 αὐτοῖς
1777 3996 1804 4045 ὁ
1835 3994 1910 4063 μὴ

329 4090 731 4160 λωποδυτῆσας
758 4090 851 4142 τὸν
884 4089 1207 4158 ¹ἄνθρωπον.

402 4183 533 4253 ptO’.
563 4183 700 4235 Ὀτε
725 4181 788 4234 δὲ
829 4181 993 4234 τᾶλλα
1015 4183 1381 4251 παρήσουσιγ,
1414 4175 1768 4231 ἐπεϐούλευον
1795 4178 1911 4239 ταῖς

329 4277 583 4328 ἑκάστων
611 4274 900 4342 κεφαλαῖς,
936 4272 1128 4342 ἐπίσης
1171 4271 1456 4342 μισοῦντες
1486 4269 1608 4331 τούς
1655 4287 1713 4322 τε
1756 4271 1912 4322 ἀκει-

333 4365 604 4434 ρειόμις,
635 4363 764 4425 τούς
792 4379 852 4415 τε
889 4361 1328 4431 βαθυπώγωνας.
1363 4361 1473 4414 Καὶ
1521 4361 1619 4413 οὐκ
1777 4360 1909 4412 ἰδεῖν

331 4459 502 4525 ἄιδρα
539 4455 654 4508 εἴτε
691 4456 785 4507 καὶ
817 4454 981 4506 παῖδα
1009 4453 1178 4522 τύχης
1206 4455 1301 4522 τῆς
1325 4452 1544 4506 οἱασοῦν
1578 4451 1653 4522 μὴ
1680 4450 1907 4522 κουρίαν
1941 4491 1988 4550 υ

339 4550 483 4599 κατὰ
514 4547 736 4610 κύκλον,
763 4546 924 4597 ὁποῖά
952 4562 1033 4606 τις
1057 4542 1214 4613 οἶμαι
1242 4541 1335 4596 καὶ
1363 4546 1395 4613 ἡ
1429 4544 1906 4613 παροιμιαζομένη

345 4637 661 4706 ’Βιτὸρειος
701 4637 896 4705 κουρὰ,
940 4636 1040 4688 εἴτ’
1069 4635 1159 4688 οὖν
1189 4636 1222 4704 ἡ
1255 4635 1612 4703 κατὰ,Θησέα
1639 4634 1707 4686 τὰ
1740 4634 1910 4704 πρόσ-

338 4729 452 4780 θ.α’
485 4728 560 4792 ὡς
594 4728 714 4780 τότε
760 4727 1040 4779 ἀντίθετον
1081 4725 1294 4796 βαθεῖαι
1327 4722 1466 4795 ἦσαν
1515 4728 1570 4780 αἱ
1629 4724 1794 4779 πάλαι
1824 4726 1912 4778 κό-

342 4836 444 4887 μαι
471 4819 613 4872 κατὰ
650 4821 776 4880 τοὺς
812 4818 1109 4881 Ἀϐαντας,
1162 4817 1256 4870 καὶ
1308 4817 1367 4869 οὐ
1404 4819 1545 4869 κατὰ
1581 4818 1708 4879 τοὺς
1749 4817 1910 4870 Λατί-

337 4927 464 4971 νους
515 4909 776 4973 τούτους,
837 4909 1076 4962 κύκλωθι
1129 4908 1389 4978 τροχαλαὶ
1417 4948 1432 4974 ,
1473 4909 1568 4961 καὶ
1616 4908 1690 4972 ὡς
1736 4910 1910 4962 εἰπεῖν

334 4999 662 5067 ἀκρόκομοι.
697 5000 809 5061 Καὶ
840 4997 1108 5068 ύπούργει
1139 4999 1275 5067 πρὸς
1316 4997 1484 5050 ταῦτα
1521 5001 1634 5060 τοῖς
1663 4999 1772 5051 τῶν
1797 5017 1911 5068 τρι·-

334 5092 452 5158 χὼν
497 5092 854 5159 ἐπιστρὸφοις
906 5090 1152 5152 Λατίνοις
1194 5091 1272 5158 πῆ
1327 5092 1426 5158 μὲν
1473 5089 1654 5160 ξυρξ,ςν
1720 5092 1795 5159 τῇ,
1854 5091 1910 5144 δὲ

339 5185 626 5251 μάχαιρα·
661 5184 769 5243 τοῖς
808 5181 861 5232 δὲ
914 5179 1266 5250 θερμοτέροις
1324 5182 1418 5233 καὶ
1459 5181 1628 5250 ξίφος.
1668 5182 1779 5235 Καὶ
1812 5182 1905 5232 αύ-

333 5275 467 5323 “rixa
508 5274 604 5323 καὶ
645 5273 673 5323 δ
721 5271 920 5338 πώγων
956 5270 1294 5339 ὴλαφρύνετο
1329 5271 1406 5340 τῷ
1432 5272 1572 5323 οὕτω
1597 5272 1909 5341 κειραμένῳ

336 5361 518 5429 ἀνδρί.
551 5363 662 5414 Καὶ
699 5359 766 5432 ἦν
794 5361 974 5431 πάντη
1002 5363 1224 5414 σπάνιον
1258 5363 1383 5415 ἰδεῖν
1415 5363 1583 5432 ἄνδρα
1635 5363 1908 5430 Ῥωμαῖον

336 5454 528 5521 ἄρτιον
565 5453 663 5524 τὴν
696 5454 956 5520 κεφαλήν.
990 5449 1146 5521 Εἶχον
1173 5453 1277 5522 γὰρ
1314 5454 1582 5506 ἀνάπαλιν
1613 5454 1707 5522 τῷ·
1738 5474 1754 5504 ι
1777 5455 1909 5522 Θρὶξ

330 5546 401 5594 ἐκ
428 5545 520 5612 τῆς
547 5548 786 5615 κεφαλῆς
808 5546 964 5614 ἡμῶν
985 5546 1044 5597 οὐ
1075 5546 1148 5613 μὴ
1171 5546 1464 5599 ἀπόλλυται
1486 5545 1870 5618 [ἅπολεῖταιξ)].
1889 5567 1906 5598 ι

340 5636 417 5686 'll
457 5635 564 5704 γὰρ
618 5636 800 5710 πολλῇ
833 5634 1100 5705 ἁμαρτία,
1131 5636 1198 5687 δι’
1245 5637 1310 5706 ἢν
1345 5639 1436 5689 καὶ
1469 5636 1612 5708 πρωῒ
1658 5654 1912 5705 πεποινη-

331 5727 640 5798 λατῄμεθα,
680 5729 816 5798 κατᾲ
848 5730 940 5781 τὸν
987 5729 1318 5800 αὒχήσανῖα,
1354 5731 1417 5782 τὰ
1462 5734 1534 5792 εἰς
1577 5732 1665 5790 τὰς
1701 5731 1909 5798 κριοῖς

2010 1903 2154 1956 tuis?
2177 1922 2196 1955 ι
2231 1902 2504 1958 Volebant
2537 1907 2684 1960 enim
2721 1919 2823 1960 nos
2858 1919 2966 1959 non
3001 1907 3207 1968 sentire
3232 1917 3281 1961 et
3314 1907 3576 1970 insanire,

2009 2011 2071 2049 ac
2108 1996 2263 2064 quasi
2300 1998 2531 2066 gaudere
2568 1996 2730 2050 malis
2764 2012 2885 2065 quae
2912 1997 3282 2066 patiebamur.
3320 1995 3376 2050 Si
3433 1999 3581 2052 acci-

2006 2088 2160 2142 deret
2193 2088 2434 2152 cuidam,
2494 2089 2614 2142 viso
2650 2087 2888 2151 labente,
2925 2096 2982 2141 ut
3038 2087 3241 2142 rideret
3275 2089 3361 2143 vel
3397 2088 3582 2142 subri-

2006 2179 2179 2246 deret,
2229 2179 2459 2234 Latinus
2511 2180 2856 2234 irascebatur
2887 2179 3050 2234 etiam
3113 2181 3464 2234 vehementer
3496 2179 3579 2234 illi

2007 2271 2096 2335 qui
2155 2269 2390 2324 viderat.
2439 2269 2802 2325 Existimabat
2853 2271 3024 2334 enim,
3083 2279 3142 2325 ut
3188 2271 3429 2336 videtur,
3465 2270 3581 2326 sive

2008 2373 2110 2412 nos
2173 2370 2326 2413 actus
2364 2359 2682 2415 Latinorum
2732 2356 3003 2426 deridere,
3065 2361 3181 2416 sive
3229 2363 3433 2416 bonum
3485 2376 3580 2416 ex-

2010 2457 2321 2515 Spectantes
2347 2459 2405 2503 ut
2455 2451 2593 2504 malo
2623 2453 2948 2521 gaudentes,
2994 2452 3112 2507 sive
3167 2453 3385 2508 tandem
3413 2454 3477 2508 de
3513 2470 3580 2509 eo

2009 2538 2248 2608 gaudere
2314 2541 2458 2607 quod
2511 2541 2696 2597 hostes
2741 2543 2963 2598 latebat.
3013 2543 3218 2611 Digitos
3273 2547 3437 2614 igitur
3486 2545 3581 2601 lle-

2013 2633 2237 2684 ctebant
2258 2631 2313 2685 in
2333 2633 2552 2686 modum
2582 2634 2840 2698 tibicinis,
2864 2651 3194 2704 manumque
3219 2641 3576 2694 rotundantes

2010 2723 2066 2776 itt
2130 2739 2418 2777 numerum
2451 2727 2730 2795 agitabant
2755 2727 2823 2780 ad
2857 2743 3097 2796 pugnum
3129 2730 3571 2800 impingendutn:

2019 2832 2037 2864 ι
2107 2813 2217 2868 Cur
2252 2815 2416 2878 rides,
2462 2830 2495 2870 0
2534 2816 2788 2871 diabole?
2839 2835 2858 2870 ι
2919 2817 3316 2874 balbutiebant.
3378 2820 3576 2890 Sicque.

2012 2909 2364 2961 serenitatem
2418 2907 2564 2962 risus
2613 2908 2748 2963 lenis
2801 2909 2853 2962 in
2897 2909 3149 2964 nebulam
3205 2909 3574 2981 lacrymarutn

2012 3000 2429 3064 convertebant,
2470 3002 2610 3064 sive,
2683 3010 2746 3054 ut
2790 3002 2952 3056 aliter
3007 3003 3241 3067 dicatur,
3311 3005 3579 3058 ridentem

2017 3088 2387 3144 Democritum
2441 3094 2491 3146 in
2536 3090 2870 3148 Heraclitum
2895 3093 3110 3149 ﬂentem
3143 3096 3449 3150 mutabant.

2084 3273 2205 3325 H8.
2253 3270 2710 3328 Vestimentorutn
2760 3275 2917 3328 sinus
2969 3274 3235 3328 viatorum
3285 3275 3582 3343 tangebam

2009 3364 2488 3432 evacuabantque,
2533 3365 2578 3418 si
2631 3365 2761 3435 quid
2839 3365 2968 3420 utile
3043 3375 3192 3420 esset
3246 3367 3368 3420 licet
3431 3365 3584 3436 parvi

2014 3457 2295 3509 momenti.
2343 3455 2571 3514 Curiose
2597 3457 2990 3510 scrutabantur
3025 3471 3186 3509 crura
3244 3472 3311 3510 ne
3359 3457 3581 3526 quando

2013 3546 2269 3612 penderet
2297 3546 2528 3613 gladius.
2559 3544 2614 3600 Si
2640 3548 2854 3615 quando
2885 3547 3048 3616 pugio
3075 3547 3584 3616 quantuluscnnqttt.

2011 3635 2366 3701 inveniretur,
2405 3653 2558 3706 gena:
2575 3639 2794 3707 quidem
2816 3639 3042 3692 ferentis
3069 3638 3213 3693 ictus
3245 3639 3573 3701 sentiebant,

2011 3725 2237 3781 Latinus
2287 3742 2414 3781 vero
2441 3730 2722 3798 pugionem
2761 3731 3023 3800 rapiebat.
3066 3729 3223 3797 Quod
3270 3746 3398 3785 vero
3449 3731 3585 3785 dila-

2011 3827 2254 3870 ceratum
2297 3818 2475 3871 fuerat
2502 3837 2528 3870 a
2556 3820 2714 3874 nobis
2745 3822 3004 3876 omnibus
3055 3821 3389 3876 induendum
3442 3831 3582 3876 erat.

2015 3906 2071 3960 Si
2088 3917 2268 3960 autem
2292 3908 2486 3976 aliquis
2510 3909 2770 3962 induebat
2793 3911 3047 3977 puritatis
3070 3913 3262 3980 gratia,
3289 3913 3356 3965 ab
3372 3912 3477 3966 illis
3491 3912 3586 3965 da-

2013 3999 2298 4051 mnabatur
2317 3999 2406 4066 qui
2430 4014 2538 4052 non
2559 4000 2706 4053 hunc
2744 4001 3015 4054 hominem
3055 4001 3476 4070 despoliaverat.

2085 4175 2206 4231 H9.
2228 4176 2397 4230 Athis
2421 4192 2528 4230 non
2553 4177 2818 4242 contenti,
2841 4177 3271 4247 uniuscujusque
3297 4193 3360 4232 ex
3383 4179 3586 4234 nostris

2014 4267 2174 4337 capiti
2204 4267 2380 4322 dicam
2412 4272 2720 4332 movebant,
2748 4270 2938 4337 aequali
2973 4285 3196 4339 prorsus
3225 4270 3352 4324 odio
3380 4270 3586 4324 haben-

2015 4368 2089 4412 tet
2117 4368 2169 4412 et
2190 4374 2282 4414 eos
2330 4359 2419 4428 qui
2455 4360 2627 4429 longis
2659 4362 2872 4430 capillis
2905 4370 2958 4415 et
2997 4375 3092 4416 eos
3115 4360 3208 4431 qui
3261 4361 3428 4416 densa
3455 4361 3584 4416 bar-

2015 4450 2082 4503 ba
2118 4451 2429 4505 utebantur.
2464 4451 2579 4505 Non
2626 4451 2812 4506 videre
2856 4461 2972 4504 erat
3003 4453 3176 4506 virum
3205 4459 3300 4508 aut
3358 4467 3586 4522 puerum

2017 4555 2400 4610 quemcunque
2432 4558 2542 4597 non
2604 4543 2889 4596 habentem
2928 4551 3206 4598 tonsuram
3271 4544 3584 4608 rotundam,

2015 4632 2193 4700 qualis
2239 4644 2374 4698 erat,
2431 4643 2581 4702 puto,
2624 4642 2847 4688 tonsura
2901 4649 3020 4703 quae
3055 4639 3106 4687 in
3156 4634 3438 4702 proverbio
3481 4633 3589 4688 Hc-

2016 4735 2223 4791 ctorea,
2261 4737 2485 4781 tonsura
2517 4729 2695 4784 antica
2725 4728 2919 4784 Thesei
2957 4745 2971 4783 :
3006 4738 3132 4783 tunc
3164 4729 3320 4797 quasi
3365 4744 3432 4784 ex
3488 4745 3590 4782 au-

2017 4815 2200 4868 tithesi
2253 4815 2433 4869 dens:e
2485 4825 2642 4869 erant
2690 4832 2756 4870 ex
2802 4817 2960 4885 longo
3015 4830 3180 4871 comae
3229 4815 3584 4880 Abantarum,

2016 4922 2123 4960 non
2157 4921 2282 4959 vero
2315 4921 2484 4960 coma:
2521 4906 2838 4962 Latinorum
2876 4908 3069 4961 horum
3126 4923 3248 4977 quae
3307 4918 3478 4962 tonsa:
3526 4907 3581 4960 in

2015 5004 2131 5049 toto
2191 4995 2425 5061 circuitu
2471 4998 2738 5066 quoddam
2796 5014 2969 5068 genus
2999 4999 3171 5068 apicis
3200 4998 3579 5053 ell‘ormabant.

2015 5087 2096 5139 Ad
2150 5088 2265 5143 haec
2303 5088 2499 5158 Latini.
2531 5090 2599 5144 de
2641 5091 2851 5158 capillis
2891 5093 3006 5146 suis
3052 5091 3294 5155 solliciti,
3337 5101 3582 5153 utuntur,

2018 5178 2107 5229 alii
2158 5183 2443 5244 novacula,
2503 5181 2593 5234 alii
2648 5183 2860 5250 gladio,
2917 5182 3006 5234 alii
3066 5183 3422 5236 lerventiores
3471 5179 3584 5230 aci-

2016 5284 2182 5329 nace;
2213 5273 2507 5338 statimque
2542 5283 2699 5324 tonso
2732 5272 2812 5325 sic
2843 5272 2958 5326 viro
3001 5271 3165 5324 barba
3205 5270 3586 5325 alteviabalur.

2018 5360 2148 5412 Erat
2185 5377 2311 5430 ergo
2347 5377 2525 5414 rarum
2554 5363 2782 5415 omnino
2827 5363 3008 5416 videre
3048 5362 3354 5417 Romanum
3386 5360 3585 5425 virum,

2019 5453 2191 5517 tapitc
2213 5454 2438 5518 integro.
2469 5452 2818 5506 l‘rtn'et'biutu
2843 5455 3113 5521 quoddam
3131 5462 3244 5504 erat
3262 5453 3344 5502 eis
3366 5460 3589 5503 contras

2016 5546 2154 5596 rgum
2181 5561 2194 5596 :
2230 5562 2246 5592 t
2277 5544 2513 5611 Capillus
2539 5544 2601 5597 de
2621 5546 2796 5613 capite
2814 5555 3004 5599 nostro
3027 5560 3131 5598 non
3163 5542 3378 5607 peribit.
3404 5560 3421 5592 ι
3448 5543 3588 5607 Quia

2020 5636 2185 5688 multa
2209 5644 2365 5688 crant
2387 5646 2626 5704 peccata,
2647 5636 2766 5690 ideo
2783 5655 2812 5692 e
2837 5651 2990 5689 tuane
3016 5650 3202 5701 poenas
3223 5635 3470 5689 dedimus
3496 5653 3589 5704 per

2021 5750 2140 5785 cum
2175 5735 2261 5801 qui
2302 5735 2630 5802 gloriabatur
2654 5752 2681 5786 e
2715 5748 2867 5785 mane
2897 5740 3206 5798 ιιοςιίιίυιοε
3235 5743 3388 5784 terra:
3420 5730 3591 5784 inter-
