4036 6224
435 325 542 390 H9

1182 324 1597 386 EUS’I‘ATHII
1639 323 2393 386 THESSALONICENSIS
2434 326 2988 390 ΜΕΤΒΟΡΟΜΤΛΞ

3565 331 3672 398 120

433 441 597 490 licere
625 449 688 489 ac
716 432 898 489 delere
929 448 960 488 e
984 433 1204 488 etvitate
1234 435 1447 488 Domini
1479 444 1768 504 cperantes
1803 434 1995 503 iniqui-

2115 437 2458 492 ἀποκτείνειν
2502 441 2628 500 τοὺς
2671 440 3029 510 ἁμαρτωλούς
3079 441 3176 512 τῆς,
3210 443 3334 512 γῆς,
3364 445 3461 500 καὶ
3495 445 3674 512 ἐξολο-

430 535 620 591 tatem,
648 540 820 595 usque
850 524 917 578 ad
944 525 1092 593 ipsos
1120 525 1348 592 capillus
1377 525 1575 578 malum
1605 524 1764 579 nobis
1794 523 2000 577 exalta-

428 619 528 680 vit,
561 625 620 672 ut
665 627 776 672 toto
811 615 1134 684 frigeremus
1164 628 1419 697 corpore,
1450 613 1636 669 nudati
1669 613 1899 682 capillis.
1941 611 2000 673 Si

426 723 560 764 vero
623 707 791 762 alicui
825 705 992 760 barba
1029 705 1180 760 salva
1238 704 1424 770 fuerit,
1461 705 1667 760 decens
1694 713 1815 757 erat
1848 704 1995 757 velut

427 815 492 857 ex
523 807 746 862 natura,
783 799 913 852 mali
948 807 1203 853 tonsores
1231 813 1357 853 eum
1399 807 1679 866 tangentes
1735 810 1842 849 una
1889 808 2002 847 ma-

428 908 526 958 nu,
579 891 749 945 altera
779 905 908 944 vero
940 890 1138 958 capitis
1169 890 1418 958 capillos,
1471 889 1585 943 haec
1611 888 1828 957 quidem
1859 886 2002 941 bona

427 999 552 1040 esse
581 984 862 1048 dicebant,
893 983 985 1038 illa
1011 997 1138 1037 vero
1160 983 1328 1048 mala,
1355 981 1537 1038 barbae
1555 979 1793 1042 scilicet,
1813 977 2009 1047 iocan-

429 1093 510 1138 tes
538 1083 591 1138 in
615 1098 728 1140 non
754 1082 984 1152 iocosis.

502 1358 626 1413 l20.
658 1355 918 1414 Volentes
948 1373 1078 1413 vero
1105 1358 1186 1412 sic
1223 1358 1274 1410 in
1305 1355 1615 1412 istiusmodi
1643 1369 1742 1410 nos
1769 1354 1902 1424 ipsis
1923 1352 2002 1407 si-

428 1453 588 1506 miles
621 1465 768 1516 esse,
806 1451 1038 1505 oderant
1071 1458 1249 1504 tamen
1281 1463 1626 1502 communem
1661 1447 1823 1502 vitam
1874 1460 1996 1498 cum

427 1543 575 1603 illis;
625 1543 748 1595 ideo
778 1541 1060 1595 nobiscum
1094 1539 1275 1592 vivere
1303 1554 1411 1594 non
1451 1538 1836 1607 dignabantur.
1893 1535 1998 1589 Sed

428 1647 552 1686 cum
612 1631 838 1700 quidam
877 1631 1246 1692 dominorum,
1283 1629 1388 1682 huc
1416 1638 1471 1682 et
1506 1629 1632 1682 illuc
1655 1641 1871 1690 errans,
1903 1627 1998 1681 do-

429 1739 580 1779 mum
629 1723 686 1777 in
747 1723 1063 1776 memoriam
1097 1729 1406 1784 revocaret,
1454 1735 1551 1774 sua
1585 1720 2000 1788 imaginaretur,

2109 526 2328 595 θρεύειν
2387 532 2452 584 ἐκ
2505 532 2712 595 πόλεως
2747 534 2954 602 Κυρίου
3005 534 3129 599 τοὺς
3161 535 3565 606 ἐργαζομένους
3609 541 3672 594 τὸ

2106 617 2308 688 ἄνομον
2340 621 2501 691 μέχρι
2539 624 2630 674 καὶ
2675 627 2755 686 είς
2803 626 2976 688 αὑτὰς
2997 626 3189 694 τρίχας
3229 627 3289 679 τὸ
3331 628 3502 682 κακὸν
3537 628 3672 700 ἡμῖν

2107 707 2486 776 ὲκορύφωσεν,
2520 714 2608 766 ἵνα
2656 715 2735 774 είς
2781 715 2841 765 τὸ
2875 708 2988 768 πᾶν
3041 717 3287 786 ριγῶμεν
3337 717 3668 788 ἑψιλωμένοι

2107 801 2203 852 καὶ
2235 800 2332 864 τὰς
2369 803 2629 869 κεφαλάς.
2668 803 2783 857 Κᾶν
2802 807 2855 858 εί
2883 823 2984 859 που
3013 807 3378 876 διεκπέφευγέ
3418 826 3526 862 τινι
3557 810 3670 862 πώ-

2113 906 2250 954 γων,
2282 893 2382 945 καὶ
2414 888 2481 962 ἦν
2527 894 2851 964 καθιέμενος
2883 899 3143 966 κοσμίως,
3174 899 3249 961 ὡς
3281 895 3392 970 εἶχε
3432 901 3670 968 φύσεως,

2113 975 2413 1048 ἁπτόμενοι
2450 980 2646 1034 τούτου
2665 985 2714 1035 οι
2747 983 2938 1051 φαῦλοι
2968 989 3182 1058 κουρεῖς
3207 990 3272 1058 τῇ
3306 989 3468 1060 ἑτέρᾳ
3500 991 3668 1059 χειρὶ,

2111 1071 2315 1145 θατέρᾳ
2350 1076 2406 1128 δὲ
2439 1077 2548 1131 τῶν
2598 1080 2740 1133 κατὰ
2789 1082 3030 1152 κεφαλὴν
3085 1085 3288 1154 τριχῶν
3313 1125 3327 1148 ,
3359 1085 3532 1138 ταῦτα
3570 1086 3671 1156 μὲν

2099 1160 2246 1219 εἶναι
2275 1168 2416 1221 καλὰ
2445 1171 2654 1239 ελεγον,
2683 1175 2867 1228 ἐκεῖνα
2897 1177 2952 1228 δὲ
2976 1179 3144 1244 κακὰ,
3172 1177 3240 1231 τὰ
3261 1177 3355 1231 τοῦ
3382 1178 3668 1247 πώγωνος,

2092 1257 2474 1329 ἁστεῖζὸμενοι
2501 1264 2558 1315 ιν
2586 1265 2647 1316 ού
2685 1270 2956 1330 παικτοῖς.
3227 1266 3236 1274 ’

2179 1359 2284 1423 ρκ’.
2316 1356 2642 1426 Στέργοντες
2690 1361 2746 1413 δὲ
2784 1361 2926 1414 οὕτω
2965 1362 3064 1433 τὴν
3095 1362 3187 1415 ἐπὶ
3221 1363 3483 1428 τοιούτοις
3529 1365 3670 1433 πρὸς

2103 1444 2301 1509 αὐτοὺς
2322 1449 2600 1519 ἡμετέραν
2637 1452 2976 1522 ἐξομοίωσιν,
3007 1455 3067 1507 τδ
3104 1455 3271 1524 συζῇν
3306 1457 3488 1519 αὑτοῖς
3518 1456 3670 1526 ὅμως

2108 1533 2470 1608 ἀπέστεργονο
2503 1541 2692 1610 διόπερ
2729 1543 2851 1596 οὐδὲ
2889 1543 3272 1613 συμϐιοτεύειν
3311 1547 3445 1616 ἡμῖν
3467 1547 3668 1618 ᾑροῦιξ

2104 1641 2187 1678 το.
2230 1629 2366 1680 Ἀλλ’
2413 1631 2501 1683 ὅτε
2559 1650 2642 1696 τις
2696 1633 2804 1687 τῶν
2851 1636 3394 1702 οἰκοδεσποτούντων,
3439 1632 3541 1693 ὦδε
3571 1640 3668 1695 καὶ

2101 1719 2220 1772 ἐκεῖ
2249 1721 2590 1790 πλαζόμενος
2641 1724 2974 1796 ἁναπολήσει
3031 1728 3130 1797 τὴν
3181 1730 3360 1782 οίκίαν
3398 1733 3478 1794 είς
3515 1732 3666 1797 νοῦν,

427 1817 560 1870 illuc
585 1816 741 1868 adire
767 1813 1133 1875 desideraret,
1160 1811 1468 1876 accederet,
1525 1811 1814 1879 respiceret
1833 1811 1995 1873 intus,

2107 1813 2197 1864 καὶ
2228 1814 2561 1880 φαντάσεται
2611 1817 2677 1868 τὰ
2732 1817 2947 1882 ἑαυτοῦ,
2980 1820 3076 1872 καὶ
3109 1821 3436 1892 ἐπιθυμήσει
3463 1825 3670 1895 παρελ-

434 1902 916 1968 interregatusqne
949 1897 1075 1966 quis
1105 1907 1248 1951 esset
1279 1906 1340 1950 ut
1362 1899 1436 1951 ita
1467 1907 1671 1967 ageret,
1702 1897 2000 1966 responde-

427 2001 512 2046 ret
547 1991 725 2058 ipsum
757 2003 878 2043 esse
908 1987 1232 2057 jamdudum
1269 1988 1466 2043 domus
1519 1988 1825 2056 dominum,
1881 1989 2001 2045 laete

427 2082 820 2153 recipiebatur,
851 2082 1101 2136 abnuens
1131 2096 1239 2151 prze
1264 2081 1596 2148 reverentia,
1621 2083 1816 2138 deinde
1847 2085 1998 2140 intus

426 2174 825 2243 circumspecte
909 2172 1242 2236 ambulabat,
1299 2171 1677 2242 dabanturque
1728 2175 1878 2229 salus
1946 2185 2000 2229 et

427 2267 606 2329 sedes,
638 2265 798 2319 cibus
859 2271 914 2318 et
961 2273 1162 2333 potius;
1201 2263 1511 2329 huiusmodi
1561 2278 1689 2317 vero
1739 2265 2000 2318 observa-

428 2358 609 2410 tiones
652 2365 714 2410 ιιι
768 2356 838 2409 ab
906 2354 1128 2408 homine
1201 2354 1437 2408 barbaro
1503 2353 1768 2414 lethil‘era:
1819 2363 1994 2407 erant.

427 2450 640 2503 Etenim
707 2461 808 2518 pro
873 2447 1142 2502 bonorqu
1207 2448 1524 2501 ostensione
1577 2461 1640 2500 ac
1705 2445 1999 2500 donatione

427 2543 698 2606 ciborum,
758 2538 1008 2609 iniuriae,
1073 2553 1103 2594 e
1151 2538 1324 2608 paleis
1382 2538 1566 2593 fumus
1621 2548 1676 2592 et
1739 2539 1846 2592 alia
1896 2553 1998 2593 no-

425 2632 480 2686 vi
516 2631 739 2701 generis
775 2633 940 2696 mala;
975 2644 1095 2700 quae
1128 2630 1298 2683 semel
1328 2629 1454 2684 data
1501 2629 1749 2684 ordinate
1780 2643 1996 2683 rursum

427 2725 722 2780 dabantur;
758 2719 935 2774 adhuc
960 2729 1016 2774 et
1047 2719 1353 2774 anxietates
1379 2719 1590 2784 miseri,
1628 2720 1998 2775 intolerabiles

425 2816 630 2868 ictuum
685 2815 1137 2878 sustentationes,
1212 2813 1515 2880 usquedum
1563 2811 1850 2866 carnifices
1910 2811 1996 2866 vel

426 2906 735 2960 crudelitati
809 2905 1244 2966 satisl'eCissent,
1304 2903 1389 2956 vel
1465 2901 1698 2956 fuissent
1764 2903 1994 2957 miserti.

423 2995 560 3049 Nam
623 2996 728 3048 hoc
777 2994 1073 3062 aliquando
1135 2993 1338 3057 evenit,
1387 2991 1843 3061 quemadmodum
1913 2995 1997 3047 leo

425 3088 844 3149 csuriens,cum
877 3086 1111 3155 praedam
1151 3084 1556 3150 dilaceraverit,
1593 3083 1787 3138 deinde
1833 3084 1996 3139 mise-

2102 1900 2213 1953 θεῖν
2260 1903 2397 1966 ἐκεῖ,
2449 1906 2541 1957 καὶ
2596 1907 2831 1972 ἐγγίσει,
2883 1909 2979 1961 καὶ
3033 1911 3348 1980 παρακύψει
3375 1915 3543 1982 ἐντὸς,
3570 1916 3668 1968 καὶ

2102 1994 2429 2065 ὲρωτηθείη,
2466 1996 2548 2058 τίς
2569 1996 2644 2049 ὢν
2667 1997 2810 2052 οὕτω
2838 2003 2998 2065 ποιεῖ,
3030 2005 3124 2057 καὶ
3149 2003 3340 2076 ἐξείπῃ
3373 2007 3536 2070 αὐτὸς
3567 2007 3666 2062 τοῦ

2097 2084 2248 2138 οἴκου
2285 2086 2477 2157 κύριός
2518 2107 2645 2142 ποτε
2677 2088 2840 2155 εἶναι,
2865 2095 3319 2164 παρελαμϐἁνετο
3348 2099 3444 2166 μὲν
3470 2100 3667 2168 ἡδέως,

2099 2177 2192 2230 καὶ
2219 2179 2643 2249 ὑπανεχὸμενος,
2677 2181 2754 2247 ὠς
2786 2185 2878 2237 ἐπὶ
2907 2189 3062 2256 τιμῇ,
3089 2187 3304 2241 ἔϐαινεν
3335 2191 3502 2258 ἁδρὸς
3531 2191 3665 2258 ἔσω,

2099 2273 2191 2323 καὶ
2225 2266 2369 2340 εἶχεν
2411 2274 2704 2345 ἀσπασμὸν
2733 2278 2829 2331 καὶ
2863 2280 3154 2347 προεδρίαν
3186 2283 3280 2336 καὶ
3330 2283 3535 2354 βρῶσιν
3571 2289 3666 2342 καὶ

2097 2360 2156 2412 τδ
2195 2365 2358 2414 πιεῖν*
2387 2365 2454 2417 τὰ
2491 2365 2538 2417 δ’
2562 2367 2654 2418 ἐπὶ
2681 2368 2892 2431 τούτοις
2931 2370 3006 2438 τῷ
3037 2373 3189 2442 ἀνδρὶ
3221 2376 3285 2428 ὲκ
3307 2377 3415 2427 τῶν
3441 2367 3656 2448 βάρόἀο

2100 2469 2208 2520 ρων
2259 2453 2570 2523 δεξιώματα
2627 2457 2933 2530 Θανατηρά.
2983 2463 3309 2535 Κρεμάθραι
3373 2468 3519 2539 γὰρ,
3571 2473 3667 2522 καὶ

2097 2545 2364 2612 αἰκισμοὶ,
2402 2548 2495 2598 καὶ
2533 2548 2591 2612 ἐξ
2623 2548 2846 2618 ἀχύρων
2881 2553 3102 2618 καπνοὶ,
3140 2555 3235 2606 καὶ
3272 2556 3437 2623 ἕτερα
3469 2559 3663 2611 καινό-

2096 2650 2273 2703 τροπα
2309 2635 2475 2700 κακὰ,
2509 2637 2602 2690 ἐπὶ
2645 2641 2944 2709 χρημάτων
2976 2643 3242 2711 ἑκφάνσει
3268 2647 3364 2698 καὶ
3393 2647 3555 2700 δόσει·
3586 2643 3664 2703 ὧν

2096 2723 2403 2794 διδομένων,
2432 2727 2591 2781 πάλιν
2613 2731 2811 2794 κύκλος
2835 2733 2892 2784 ὲν
2919 2735 3032 2796 τοῖς
3057 2736 3260 2799 αὐτοῖς.
3308 2739 3666 2810 Ἀναρτήσξις

2096 2814 2206 2884 γὰρ
2231 2815 2324 2868 τοῦ
2353 2817 2537 2871 ἀθλίου
2569 2821 2663 2873 καὶ
2697 2825 3003 2893 καταφοραὶ
3035 2825 3249 2896 βαρεῖαι
3283 2829 3525 2897 πληγῶν,
3556 2832 3666 2893 ἓως

2096 2903 2233 2976 ἄνῆ
2289 2907 2650 2979 ὲμπλησθῶσι
2703 2913 2811 2965 τῶν
2860 2915 3206 2985 ποθουμὲνων
3264 2921 3314 2971 οἱ
3357 2921 3563 2990 δήμιοι,
3627 2923 3663 2994 ἢ

2097 2997 2412 3067 ὲλεὴσωσιν.
2465 3001 2714 3069 Ἐγένετο
2749 3004 2856 3073 γάρ
2891 3022 3021 3058 ποτε
3053 3007 3147 3059 καὶ
3178 3010 3377 3062 τοιόνδε
3425 3028 3496 3075 τι,
3525 3010 3665 3066 ὡσεὶ

2099 3089 2192 3140 καὶ
2217 3088 2354 3142 λέων
2377 3091 2576 3144 πεινῶν
2611 3096 2704 3147 καὶ
2730 3095 2991 3160 ἐνδακὼν,
3027 3096 3144 3151 εἶτα
3176 3101 3414 3170 ἐλεήσει,
3451 3104 3485 3173 ἢ
3516 3107 3662 3175 ἁφή-

425 3187 581 3231 ratur
629 3185 725 3230 aut
773 3177 880 3230 vita
935 3184 1178 3229 vexatam
1239 3176 1588 3245 derelinquit.
1621 3174 1892 3241 Quosdam
1928 3192 1993 3230 ex

2100 3197 2180 3234 σει
2212 3181 2303 3234 τὸν
2331 3183 2675 3250 αἰκιζόμενον
2710 3187 2735 3256 ἡ
2764 3186 2896 3255 ζωή.
2936 3189 3056 3243 Τῶν
3091 3209 3243 3255 τινας
3279 3165 3336 3246 δὲ
3373 3165 3514 3248 οὕτω

425 3271 512 3323 his
533 3271 624 3336 qni
659 3271 740 3323 sic
772 3276 827 3321 et
851 3267 1010 3322 aliter
1036 3267 1384 3336 patiebantur
1409 3266 1799 3322 transtulerunt
1827 3283 1858 3323 e
1885 3279 1994 3323 vna

425 3367 830 3428 persecutores,
885 3361 1141 3414 timentes
1228 3374 1318 3423 ne,
1382 3369 1663 3428 postquam
1737 3375 1992 3430 magnum

425 3452 744 3500 thesaurum
782 3447 920 3514 apud
959 3446 1205 3501 victimas
1251 3447 1606 3512 invenissent,
1651 3449 1782 3518 ipsis
1830 3465 1857 3502 a
1897 3464 1993 3505 co-

423 3536 655 3589 mitibus
737 3545 1190 3604 extorqueretur,
1260 3537 1403 3590 sicut
1475 3547 1802 3590 conventum
1874 3537 1994 3592 fue-

421 3633 529 3679 rat.
597 3624 826 3689 Quidam
887 3624 1277 3680 Constantinus
1357 3627 1614 3696 (nomine
1675 3628 1852 3695 solo),
1911 3631 1995 3681 vir

423 3718 623 3782 bonus,
676 3717 881 3772 divitiis
939 3718 1274 3782 cumulatus,
1329 3718 1469 3773 bona
1503 3720 1720 3788 propria
1751 3721 1990 3788 iactans,

422 3814 624 3880 quibus
649 3827 744 3866 tor
767 3828 925 3868 suum
962 3813 1307 3877 devinxerat,
1341 3814 1530 3882 sicque
1559 3814 1826 3869 desiderio
1848 3814 1992 3869 domi

421 3915 636 3975 captus,
655 3921 780 3958 cmn
809 3904 1000 3959 fuisset
1021 3919 1341 3974 suspensus,
1360 3906 1610 3975 milleque
1635 3907 1819 3976 plagas
1841 3922 1994 3962 acce-

418 3999 608 4067 pisset,
629 3998 695 4052 ad
717 4014 1152 4070 unamquamque
1173 4004 1587 4069 suspensionem
1627 4002 1767 4056 bona
1814 4002 1991 4072 proje-

420 4095 606 4151 cisset,
650 4090 838 4157 sicque
884 4091 936 4142 in
990 4097 1200 4142 tantum
1241 4099 1300 4143 ut
1347 4102 1526 4146 mente
1589 4103 1784 4161 captus
1835 4095 1991 4148 vide-

419 4185 608 4240 retur;
651 4189 774 4230 cum
809 4177 1096 4244 inquirens
1127 4189 1297 4230 novas
1325 4189 1472 4232 artes
1501 4180 1588 4237 ab.
1619 4183 1700 4236 eis
1727 4180 1988 4250 depulsus

419 4264 636 4330 fuisset,
669 4279 732 4319 ac
769 4266 963 4319 fuisset
986 4266 1226 4320 minatus
1255 4279 1316 4320 se
1334 4283 1445 4321 rem
1465 4271 1757 4326 comitibus
1787 4273 1989 4326 denun-

420 4359 708 4420 tiaturum,
764 4371 870 4411 non
909 4357 1018 4426 iam
1067 4365 1228 4425 caput
1261 4357 1485 4426 habuit;
1516 4361 1610 4416 sed
1653 4372 1988 4433 amputatum

420 4461 487 4501 ac
528 4448 797 4516 sepultum
823 4457 909 4502 est
949 4449 1002 4502 in
1051 4457 1234 4512 terra;
1281 4449 1522 4517 reliquus
1552 4468 1678 4509 vero
1720 4455 1990 4511 Constan-

421 4538 569 4590 tinus
600 4537 847 4606 abiectus
877 4547 963 4592 est
989 4539 1222 4593 cadaver
1248 4541 1452 4595 auxilio
1480 4544 1795 4600 destitutus.

479 4716 616 4770 421.
656 4717 831 4772 Aliam
864 4719 1376 4780 immoderationem
1410 4725 1647 4781 habebat
1675 4729 1851 4783 adhuc
1884 4729 1988 4788 hoc

417 4805 644 4859 malum.
697 4807 891 4862 Allecti
926 4811 1071 4864 enim
1126 4813 1280 4868 lucro
1326 4814 1672 4870 dominorum
1737 4818 1985 4888 Barbari,

313 4976 318 4981 .
415 4898 560 4950 intra
606 4909 792 4967 portas
827 4902 1055 4956 insidias
1095 4915 1379 4972 pararunt.
1409 4909 1487 4962 Ac
1511 4909 1558 4962 si
1599 4924 1760 4979 quem
1808 4921 1988 4969 trans-

414 4995 630 5042 euntem
655 4987 927 5056 viderent,
982 4996 1216 5063 speciem
1257 5007 1464 5053 certam
1503 4999 1604 5054 viri
1629 5001 1818 5058 divitis
1851 5019 1986 5073 pra:-

411 5079 654 5145 bcutem,
675 5084 1151 5151 apprehendebant
1199 5103 1319 5142 eum
1348 5091 1516 5160 intus,
1547 5094 1693 5148 velut
1716 5096 1986 5167 p‘ermqne
2040 5105 2047 5111 ‘

413 5171 684 5227 terribiles
737 5170 863 5227 ferae
897 5190 964 5228 ex
1019 5185 1179 5232 antro
1235 5179 1565 5249 irruentes;
1635 5194 1987 5256 tenentesque

409 5277 534 5317 eum
583 5264 912 5333 turquebant
975 5268 1280 5337 usquedum
1316 5287 1539 5341 scopum
1573 5277 1903 5347 attigissent.
1929 5278 1984 5333 Si

411 5371 540 5412 vero
569 5358 792 5426 quidam
837 5358 1019 5415 virere
1071 5377 1193 5415 cum
1234 5366 1460 5432 captivis
1495 5369 1988 5436 vulebant,deinde

410 5448 642 5502 habebat
691 5466 910 5519 quoque
971 5454 1074 5506 huc
1138 5454 1567 5521 incommodum,
1608 5463 1822 5516 scilicet
1883 5464 1987 5519 hoc

409 5539 878 5598 libentersull‘erre
907 5545 1261 5612 dicebantur;
1295 5549 1439 5618 qund
1464 5563 1580 5605 erat
1601 5554 1770 5622 [magis
1789 5555 1987 5610 frater-

411 5646 541 5682 num
575 5643 630 5686 et
655 5633 971 5693 humanius.
990 5638 1144 5694 Tunc
1179 5658 1282 5694 non
1322 5650 1440 5695 erat
1473 5646 1726 5710 possibile
1767 5646 1818 5699 in
1851 5657 1988 5701 tem-

411 5721 518 5790 plis
545 5723 718 5780 sacris
756 5737 946 5795 sponte
983 5732 1213 5800 hymnos
1259 5749 1496 5802 canere;
1540 5736 1633 5792 sed
1680 5737 1806 5793 huic
1841 5739 1984 5795 bono

2098 3271 2333 3340 σχόντων
2366 3274 2463 3326 καὶ
2507 3273 2679 3336 ἄλλως
2722 3277 2813 3329 τοῦ
2847 3276 2947 3345 ζῇν
2995 3281 3336 3352 μετέστησαν
3373 3284 3425 3337 οἱ
3453 3285 3667 3350 αἰκιζό-

2099 3376 2272 3430 μενοι,
2313 3361 2614 3426 δείσαντες,
2653 3365 2726 3433 μὴ
2758 3365 2927 3418 πολὺν
2962 3367 3238 3438 θησαυρὸν
3271 3373 3333 3424 ὲκ
3367 3372 3458 3424 τοῦ
3495 3374 3666 3427 κολα-

2095 3451 2328 3520 ζομένου
2363 3453 2742 3524 ὲξευρηκότες,
2775 3458 3112 3528 ἀφαιρεθῶσι
3148 3463 3285 3531 πρὸς
3329 3463 3441 3516 τῶν
3486 3469 3668 3537 stupri;-

2093 3560 2200 3594 των
2251 3545 2312 3595 τὸ
2356 3545 2680 3615 εὑρημένον,
2735 3549 2878 3602 καθὰ
2926 3553 3222 3607 συνέκειτο.
3260 3556 3668 3623 Κωνσταντῐνος

2093 3637 2226 3704 γοῦν
2261 3655 2343 3700 τις
2395 3639 2442 3710 (ὁ
2487 3641 2722 3710 ἐπίκλην
2780 3645 3235 3715 κεκαὶεσμένος),
3283 3651 3423 3720 ἀνὴρ
3457 3652 3667 3720 ἀγαθὸς

2095 3732 2187 3782 καὶ
2223 3730 2446 3801 πλήθων
2484 3733 2582 3795 τὰς
2616 3735 2802 3803 χεῖρας
2828 3773 2842 3798 ,
2892 3738 3301 3808 φαντασάμενος
3341 3743 3406 3795 τὰ
3453 3745 3662 3807 οἰκεῖα,

2093 3817 2174 3886 οἷς
2222 3822 2320 3893 τὴν
2375 3825 2602 3894 καρδίαν
2658 3826 2990 3897 κεκόλλητο,
3039 3831 3133 3884 καὶ
3182 3830 3323 3885 οὕτω
3376 3835 3524 3903 πόθῳ
3562 3835 3661 3889 τοῦ

2092 3914 2242 3966 οῐκου
2297 3915 2632 3984 ἀγρευθεὶς,
2698 3920 2793 3972 καὶ
2849 3920 3247 3995 ἀπαιωρηθεὶς,
3301 3925 3399 3977 καὶ
3457 3929 3665 3997 μυρίας

2093 4004 2310 4073 πληγὰς
2362 4005 2652 4076 ὲντριϐεὶς,
2695 4009 2792 4061 καὶ
2845 4010 2985 4062 κατὰ
3022 4011 3262 4084 ἑκάστην
3297 4013 3654 4085 ἀπαιώρησιν

2095 4097 2362 4165 ὲξεράσας
2389 4100 2670 4168 χρήματα,
2708 4102 2797 4151 καὶ
2823 4102 2904 4163 είς
2936 4102 3108 4155 πολλὰ
3138 4105 3462 4174 κορυφώσας
3496 4109 3658 4173 αὐτὰ,

2093 4183 2208 4239 εἶτα
2235 4190 2330 4240 καὶ
2359 4190 2624 4259 ἐλαφρίαν
2653 4189 2841 4244 παθὼν
2864 4191 3149 4261 λογισμοῦ,
3181 4198 3274 4249 καὶ
3302 4199 3360 4249 ὲν
3387 4197 3464 4266 τῷ
3492 4197 3662 4266 ζητῆ-

2095 4294 2186 4331 σαι
2217 4279 2408 4333 λαϐεῖν
2447 4298 2500 4333 τι
2549 4281 2760 4334 ἐκεῖθεν
2794 4286 3257 4354 παρακρουσθεὶς,
3293 4289 3386 4340 καὶ
3433 4291 3663 4359 ἀπειλη-

2093 4370 2365 4440 σάμενος,
2414 4373 2802 4442 καταμηνύσαι
2852 4375 2910 4427 τὸ
2971 4378 3202 4446 πρᾶγμα
3246 4382 3358 4442 τοῖς
3400 4380 3660 4449 κόμησιν,

2093 4462 2192 4516 οὐκ
2231 4464 2390 4532 ἔσχεν
2449 4463 2528 4518 ἔτι
2574 4465 2838 4535 κεφαλὴν,
2869 4467 2987 4520 ἀλλ’
3015 4469 3155 4539 αὐτὴ
3193 4470 3290 4539 μὲν
3332 4471 3662 4544 κατεχώσθη

2093 4573 2198 4608 που
2225 4557 2540 4610 ἐκκοπεῖσα·
2574 4559 2602 4610 ὀ
2629 4559 2684 4611 δὲ
2732 4559 2918 4624 λοιπὸς
2964 4562 3370 4628 Κωνσταντῐνος
3397 4565 3659 4637 ἐξερρίφη

2092 4647 2284 4718 νεκρὸς
2314 4650 2640 4718 ἀϐοήθητος.

2161 4739 2303 4810 ρκα’.
2339 4741 2502 4811 Ἐσχε
2533 4741 2590 4794 δὲ
2637 4742 2732 4796 καὶ
2777 4742 2934 4796 τοῦτο
2962 4743 3024 4797 τδ
3061 4746 3228 4800 κακδν
3256 4747 3496 4818 ἑτεροίαν
3536 4750 3663 4801 ιπε-

2089 4845 2264 4884 τασιν.
2298 4831 2695 4896 Γλυκανθέντες
2730 4834 2839 4902 γὰρ
2869 4836 3010 4889 οὓτω
3049 4836 3126 4901 τῷ
3171 4839 3349 4909 κέρδει
3383 4839 3489 4893 τῶν
3515 4841 3665 4894 οἰκο-

2089 4921 2493 4977 δεσποτούντων
2524 4925 2574 4977 οι
2625 4924 2915 4996 βάρϐαροι,
2972 4926 3236 4998 ὲνελόχων
3279 4929 3390 4984 ἔσω
3447 4930 3660 4986 πυλῶν.

2089 5010 2201 5067 Kal
2241 5014 2296 5066 εῐ
2339 5031 2460 5068 τινα
2519 5016 2890 5087 παροδεύοντα
2947 5018 3142 5084 ῐδοιεν,
3192 5021 3415 5091 δόκησιν
3461 5023 3661 5092 ἀνδρὸς

2088 5107 2377 5173 πέμποντα
2429 5105 2787 5169 πλουτοῦντός
2837 5125 2988 5174 ποτε,
3037 5110 3283 5181 ἥρπαζον
3330 5113 3493 5167 αὑτὸν
3526 5114 3659 5180 ἔσω,

2088 5191 2176 5248 οἷά
2197 5213 2341 5260 τινες
2389 5197 2554 5251 δεινοὶ
2595 5198 2760 5268 θῆρες
2797 5200 2859 5254 lx
2907 5203 3116 5270 φωλεοῦ
3141 5220 3155 5235 ·
3193 5205 3289 5258 κα)⁸
3345 5205 3659 5276 βιαζόμενοι

2089 5287 2436 5356 ὲτυράννουν,
2468 5289 2572 5352 ἕως
2610 5306 2661 5344 τι
2696 5289 2803 5343 τῶν
2847 5293 2987 5346 κατὰ
3036 5295 3240 5347 σκοπὸν
3283 5295 3561 5350 ἀνύσαιεν.
3595 5299 3662 5352 Εἰ

2089 5380 2146 5433 δέ
2175 5398 2321 5444 τινες
2350 5382 2443 5434 καὶ
2481 5383 2859 5452 συμϐιοτεύειν
2892 5386 3258 5456 αἰχμαλώτοις
3303 5389 3513 5460 ἤθελον.
3541 5387 3659 5460 εἶχε

2093 5472 2192 5540 μέν
2219 5489 2271 5523 τι
2300 5475 2390 5524 καὶ
2422 5472 2580 5525 τοῦτο
2614 5473 2777 5544 βάρος
2804 5475 2880 5535 ὡς
2908 5478 2956 5530 οί
2997 5477 3058 5531 εὖ
3099 5479 3329 5549 πάσχειν
3371 5480 3662 5545 δοκοῦντες

2091 5566 2487 5634 περιηγοῦντο⁶
2515 5562 2582 5636 ἦν
2607 5567 2664 5618 δέ
2691 5585 2807 5632 πως
2830 5569 3154 5640 φιλάλληλον
3177 5573 3308 5624 αὐτὸ
3331 5572 3424 5624 καὶ
3449 5573 3664 5639 ἀνθρω-

2090 5653 2412 5722 πικώτερον.
2445 5655 2556 5707 Οὐκ
2602 5649 2670 5726 ἦν
2721 5658 2842 5710 οὐδὲ
2873 5658 3000 5722 τοὺς
3051 5658 3231 5722 θείους
3260 5660 3423 5722 ναοὺς
3465 5657 3661 5726 ὕμνοις

2092 5743 2376 5810 ἁσκύλτως
2411 5745 2761 5818 περιᾴδεσθαι
2793 5749 2913 5803 τότε
2934 5766 2947 5781 ·
2981 5749 3094 5805 ἀλλ’
3127 5748 3240 5822 εἶχε
3281 5755 3372 5805 καὶ
3402 5751 3463 5805 τὸ
3493 5751 3661 5808 καλὸν
