4012 6226
401 287 505 351 123

1162 282 1584 344 EUSTATHII
1616 281 2367 347 THESSALONICENSIS
2399 280 2964 346 METRUPOLlT/E

3540 284 3643 348 124

397 405 657 471 libusque
687 421 702 460 :
733 399 870 468 Quid
908 400 1018 472 agit
1062 399 1314 454 dominus
1344 399 1488 468 quod
1537 412 1646 451 non
1677 411 1736 452 se
1781 411 1975 452 somno

2081 401 2281 470 κηνῶν,
2311 400 2405 454 καὶ
2435 387 2498 452 εἷ’
2513 416 2656 462 τινες
2683 398 2739 452 δὲ
2767 397 2916 452 ἄλλοι
2953 395 3072 450 κατ’
3110 395 3305 460 αὐτοὺς
3341 398 3644 470 κακοῦργοι

399 494 645 549 tradat?
703 492 1002 560 fractisque
1075 491 1291 560 portis,
1349 490 1495 544 intus
1557 497 1840 558 penetrant
1892 487 1973 540 fa-

399 589 662 655 ciuntque
695 585 836 653 quod
889 584 1022 653 ipsis
1053 583 1306 637 lubuerit.
1327 579 1625 634 Dicendum
1657 595 1785 634 vero
1816 581 1973 635 nobis

399 687 484 733 est
504 693 610 732 non
630 678 762 731 istos
787 676 933 731 solos
955 689 1073 729 esse
1099 676 1188 743 qui
1213 675 1350 728 male
1379 681 1772 737 tractarentur,
1795 673 1974 742 splen-

403 772 536 826 dore
580 771 723 837 ignis
771 778 864 822 aut
899 767 1123 821 luminis
1161 765 1408 830 favente;
1446 765 1538 820 sed
1569 775 1726 820 erant
1755 781 1974 834 quoque

402 865 521 918 sine
555 863 679 930 igne
726 868 781 914 et
817 860 944 914 sine
987 859 1216 913 lumine.
1246 857 1472 912 Nemine
1525 866 1664 912 teste
1720 859 1866 912 enim
1919 859 1972 912 lii

403 954 595 1010 nefarii
647 961 1033 1023 penetrantes,
1099 959 1258 1005 nocte
1291 953 1446 1020 quasi
1506 950 1701 1005 inferni
1740 951 1972 1018 favente,

401 1044 694 1114 galeroque
733 1041 1057 1096 obvolvente
1088 1040 1340 1110 protecti,
1417 1041 1681 1094 mulieres
1734 1040 1974 1096 abduce-

401 1137 534 1191 bant
594 1150 624 1188 a
680 1135 847 1188 latere
911 1133 1271 1196 maritorum,
1335 1132 1569 1201 ligamen
1639 1131 1972 1187 matrimonii

399 1225 640 1279 violento
696 1232 852 1293 raptu
912 1223 1053 1278 foede
1108 1221 1498 1292 profanantes;
1541 1238 1706 1292 quam
1761 1223 1975 1278 lucente

399 1317 518 1371 sole
575 1315 1102 1378 considerat/erant,
1163 1315 1448 1383 rapiebant
1512 1323 1709 1379 nocte,
1769 1316 1975 1385 puellas

397 1423 618 1477 quoque
673 1423 701 1460 a
757 1407 1057 1470 matribus,
1113 1406 1356 1459 nondum
1411 1410 1620 1468 factas.
1666 1415 1725 1460 ut
1777 1407 1972 1472 aiunt,

395 1499 822 1568 Supplicationes
876 1505 1107 1550 matrum
1170 1511 1265 1565 pro
1322 1497 1494 1550 nihilo
1569 1497 1851 1554 habentes.
1916 1499 1972 1552 Si

401 1592 544 1645 bona
575 1597 848 1657 raperent,
880 1589 1036 1655 quasi
1073 1591 1449 1657 eleemosynas
1476 1587 1767 1656 quasdam,
1791 1589 1975 1658 quasi-

398 1697 505 1750 que
554 1680 754 1734 malum
811 1678 1003 1732 divites
1051 1693 1215 1746 opum
1255 1680 1572 1733 censebant.
1632 1678 1793 1732 Erant
1844 1694 1972 1733 vero

397 1747 491 1842 qui
538 1772 591 1825 in
611 1757 887 1824 ﬁomibus
946 1769 1060 1823 suis
1101 1768 1504 1838 jugularentur,
1538 1768 1740 1820 malum
1794 1772 1961 1838 impu-
2003 1747 2046 1806 Β

399 1865 577 1918 nitum
639 1863 864 1916 absente
927 1860 1043 1914 sole
1098 1860 1393 1930 patientes.
1459 1857 1620 1913 Ratio
1673 1868 1788 1913 erat
1818 1859 1970 1913 furor

399 1966 797 2011 nocturnorum
857 1951 1124 2006 furtorum
1188 1966 1252 2006 ac
1314 1951 1548 2021 gemitus
1619 1951 1968 2003 miserorum.

401 2046 505 2112 Qui
533 2061 598 2100 ex
643 2043 898 2100 Barbaris
945 2044 1266 2098 urbaniores
1302 2053 1459 2098 erant
1491 2057 1556 2098 ac
1604 2043 1784 2108 faceti,
1817 2055 1973 2094 aina-

403 2139 537 2192 bant
585 2141 640 2191 in
691 2145 879 2206 portas
930 2137 1165 2202 irruere,
1199 2135 1364 2206 virgis
1411 2133 1684 2203 frangere,
1733 2133 1970 2186 avellere

406 2228 737 2297 auferreque
795 2226 850 2281 in
889 2225 1154 2292 derisum,
1200 2226 1288 2280 vel
1338 2224 1518 2279 adhuc
1560 2223 1813 2278 dominos
1853 2220 1960 2275 loci

403 2336 596 2377 somno
620 2320 854 2390 privare.

2076 493 2284 561 (πολλοὶ
2321 493 2378 546 δέ
2408 493 2458 545 οἱ
2491 492 2766 561 τοιοῦτοι),
2799 493 2895 546 καὶ
2933 491 3355 562 ἀνακρινὸντων.
3386 492 3440 544 τί
3467 493 3644 547 ποιῶν

2073 587 2100 639 ὁ
2131 585 2517 655 οἰκοδεσπότης
2543 587 2622 647 εἰς
2668 583 2836 637 ῦπνον
2860 583 2922 636 οὐ
2953 583 3376 648 κατακέκλιταις
3413 583 3508 637 καὶ
3540 602 3645 639 κα-

2072 675 2393 729 τακλὼντων
2441 676 2541 736 τὰς
2585 675 2777 744 θύρας,
2809 674 2904 727 καὶ
2939 673 3324 744 είσπηδώντων
3369 673 3498 739 ἔσω,
3548 662 3646 728 καὶ

2071 766 2343 837 δρώντων,
2379 767 2476 818 ὅσα
2507 766 2572 819 ἂν
2602 765 2697 818 καὶ
2721 761 2830 818 εἷεν
2859 765 3203 834 βουλομένοις
3243 765 3448 826 αὐτοῖς.
3475 767 3643 835 Ἔχο-

2076 873 2178 923 μεν
2205 856 2248 908 δ’
2282 856 2454 910 εἰπεῖν
2491 856 2587 909 καὶ
2613 855 2690 919 ὼς
2721 857 2818 926 οὑχ
2846 851 2992 911 οὗτοι
3026 857 3177 926 μόνοι
3218 856 3516 910 ἐκακοῦντο
3551 859 3642 911 διὰ

2074 946 2368 1014 πρόφασιν,
2404 945 2465 998 τὸ
2495 945 2606 1015 πῦρ
2637 947 2734 999 καὶ
2760 945 2820 998 τὸ
2843 947 2978 1014 φῶς,
3003 946 3139 999 ἀλλὰ
3175 948 3271 1000 καὶ
3309 948 3360 999 oi
3396 947 3645 1016 ἀνεμπύ-

2077 1051 2257 1103 ρευτοι
2314 1035 2407 1088 καὶ
2460 1033 2778 1103 ἀφώτιστοι.
2849 1033 3237 1104 Ἀνεξέλεγκτα
3295 1036 3408 1106 γὰρ
3455 1037 3646 1089 ἐπεισο

2075 1126 2336 1196 φροῦντες
2383 1128 2430 1180 οἱ
2476 1128 2654 1191 κακοὶ,
2714 1128 2807 1182 καὶ
2839 1126 2935 1198 τὴν
2985 1129 3154 1182 νύκτα
3189 1129 3322 1182 ὡσεὶ
3374 1129 3465 1182 καὶ
3510 1129 3644 1201 ᾅδου

2075 1217 2274 1287 κυνέην
2309 1218 2388 1282 είς
2421 1218 2713 1289 ἐπίκρυψιν
2757 1219 3229 1289 ἀμφιϐεϐλημένοι
3279 1221 3547 1287 γυναῖκάς
3578 1238 3642 1273 τε

2075 1309 2287 1378 ἀπῆγον
2318 1310 2426 1363 τῶν
2466 1311 2754 1378 συνεύνων,
2799 1311 3052 1382 ἀφιέντες
3088 1313 3180 1365 τὸν
3204 1312 3298 1365 τοῦ
3336 1312 3515 1382 γάμου
3546 1313 3644 1376 ζυ-

2074 1402 2170 1469 γὸν
2201 1403 2516 1473 ἐτεροκλινῆ
2548 1408 2615 1474 τῇ
2649 1405 2870 1475 ἁρπαγῇ
2903 1403 3004 1473 τῆς
3048 1405 3332 1474 δυνάμεως
3356 1421 3370 1436 ·
3416 1405 3484 1475 ἠν
3535 1405 3643 1458 ὑπὸ

2075 1493 2208 1562 ἡλίῳ
2238 1493 2625 1562 διευκρινοῦντι
2663 1495 3188 1562 κατασκεπτόμενοι,
3223 1494 3417 1556 νυκτὸς
3462 1495 3645 1563 ἀφήρ-

2075 1585 2277 1648 παζον
2310 1586 2405 1638 καὶ
2425 1587 2665 1648 νεάνιδας
2699 1586 2807 1638 τῶν
2837 1587 3195 1656 γειναμένων,
3231 1585 3464 1648 ἀτελεῖς,
3495 1585 3644 1639 καθά

2075 1693 2157 1738 τις
2180 1676 2306 1744 ἔφη,
2337 1676 2434 1738 τὰς
2467 1679 2576 1730 τῶν
2603 1677 2870 1731 τεκόντων
2902 1679 2988 1730 ἐπ’
3019 1680 3209 1741 αὐταῖς
3231 1679 3396 1748 εὐχὰς
3418 1677 3645 1748 τιθέμε-

2075 1785 2177 1823 νοι.
2210 1767 2270 1820 El
2297 1767 2354 1820 δὲ
2387 1768 2480 1822 καὶ
2503 1769 2764 1839 χρήματα
2792 1770 3123 1840 συναπῆγον,
3152 1771 3252 1822 ὅσα.
3282 1770 3375 1822 καὶ
3405 1769 3641 1838 προῖκάς

2075 1876 2248 1922 τινας,
2298 1861 2362 1912 ἐκ
2406 1861 2724 1928 περιουσίας
2752 1862 2904 1914 τουτὶ
2953 1862 3013 1913 τὸ
3066 1861 3254 1914 κακόν.
3297 1856 3476 1914 Ἦσαν
3503 1861 3558 1913 δὲ
3589 1859 3644 1913 οι

2076 1950 2170 2002 καὶ
2219 1949 2548 2017 ἐσφάττοντο
2598 1951 2690 2004 ἐπὶ
2740 1951 2848 2007 τῶν
2899 1952 3086 2005 οίκιῶν
3131 1950 3466 2020 τηνικαῦτα,
3506 1951 3644 2022 ἡλίῳ

2076 2043 2393 2112 ἀμάρτυρον
2425 2043 2592 2095 κακὸν
2617 2043 2938 2113 πάσχοντες.
2970 2045 3079 2099 Καὶ
3109 2044 3166 2097 τὸ
3196 2046 3370 2096 αἴτιον
3396 2043 3428 2113 ἢ
3456 2061 3647 2096 νυκτι-

2075 2132 2228 2202 λόχος
2262 2132 2448 2203 μανία,
2472 2134 2503 2203 ἢ
2537 2133 2618 2187 ὅτι
2643 2135 2873 2198 ἐξεϐόων
2900 2137 2948 2188 ol.
2974 2137 3463 2206 κακουργούμενοι.
3490 2135 3649 2188 Ὅσοι

2081 2223 2138 2276 δὲ
2174 2224 2282 2277 τῶν
2337 2224 2628 2296 βαρϐάρων
2677 2226 3072 2296 ἐπιεικέστεροι
3107 2229 3201 2280 καὶ
3252 2227 3646 2296 παιγνήμονες,

2083 2310 2229 2368 οῦτοι
2286 2317 2342 2369 δὲ
2397 2317 2509 2370 ἀλλ’
2569 2318 2801 2387 ἠγάπων
2869 2317 3063 2388 θύραις
3123 2319 3496 2388 ἐναλλόμενοι,
3547 2333 3647 2388 και

405 2417 705 2477 κόπτοντες
743 2413 960 2484 ῥάϐδοις
999 2410 1192 2476 αὐτὰς,
1229 2411 1324 2464 καὶ
1353 2409 1386 2480 ἦ
1418 2409 1737 2480 ῥιπτοῦντες
1771 2409 1865 2461 καὶ
1897 2408 1975 2470 είς
2014 2409 2213 2480 φόρτον
2239 2411 2484 2479 ἄγοντες,
2516 2412 2550 2482 ἢ
2579 2411 2712 2465 ἀλλά
2741 2411 2870 2480 γοῦν
2897 2414 3022 2476 τοὺς
3044 2413 3266 2482 κυρίους
3322 2410 3416 2464 τοῦ
3478 2409 3645 2463 τόπου

405 2508 841 2578 ἀποστεροῦντες
871 2506 964 2559 τοῦ
996 2505 1219 2560 ὑπνοῦν.

477 2603 606 2658 1⁸24.
638 2603 765 2656 Haec
799 2601 1052 2671 equidem
1077 2610 1132 2654 et
1160 2600 1266 2653 alia
1301 2600 1454 2670 plura
1492 2600 1582 2655 bis
1614 2615 1680 2655 ac
1709 2599 1978 2670 imprimis

410 2695 655 2759 auditas,
688 2693 860 2747 fames
892 2692 1094 2746 multos
1117 2691 1456 2760 captivorum
1503 2691 1788 2746 turbantes
1831 2706 1978 2744 corn-

411 2797 806 2856 nioventesque
839 2787 1052 2841 animas
1083 2800 1255 2854 usque
1290 2786 1358 2840 ad
1391 2796 1658 2846 mortem,
1690 2800 1758 2839 ex
1787 2798 1978 2838 neces—

407 2881 568 2937 sitate
600 2893 694 2934 eas
728 2877 1062 2946 impulerunt
1093 2876 1244 2944 (quid
1271 2877 1416 2930 enim
1445 2877 1592 2930 aliud
1614 2877 1793 2930 adhuc
1817 2890 1980 2929 exco-

407 2974 676 3042 gitassent
691 2970 734 3037 τ)
765 2970 831 3021 ad
861 2967 964 3021 sibi
993 2968 1249 3021 omnibus
1268 2967 1574 3020 rationibus
1598 2965 1824 3021 Latinos
1849 2980 1980 3020 con-

2156 2597 2289 2668 ρκδ’.
2323 2597 2507 2650 Ταῦτα
2533 2598 2596 2668 δὴ
2629 2600 2722 2653 καὶ
2759 2597 2964 2652 τούτων
2993 2600 3155 2670 ἕτερα
3185 2599 3376 2665 πλείω,
3411 2602 3506 2655 καὶ
3537 2603 3646 2670 μά-

2077 2695 2236 2748 λιστα
2269 2693 2330 2746 τὸ
2349 2691 2716 2761 γυμνιτεύειν,
2756 2695 2848 2745 καὶ
2874 2693 2901 2744 ὁ
2939 2693 3093 2762 λιμὸς
3132 2694 3260 2757 τοὺς
3288 2694 3514 2758 πολλοὺς
3531 2697 3645 2750 τῶν

2078 2785 2461 2856 αἰχμαλώτων,
2502 2784 2764 2856 θροοῦντα
2811 2786 2906 2838 καλ¹
2953 2786 3376 2855 διαταράττοντα
3412 2789 3516 2850 ἕως
3547 2787 3646 2841 καὶ

2078 2880 2158 2941 είς
2193 2877 2421 2932 θάνατον
2450 2879 2549 2938 τὰς
2595 2877 2769 2946 ψυχὰς
2800 2877 3060 2946 ἠρέθισαν
3094 2879 3214 2930 κατ’
3244 2879 3494 2949 ἀνάγκην
3526 2879 3648 2947 (καὶ

2076 2971 2129 3022 τί
2154 2971 2262 3038 γὰρ
2301 2968 2431 3022 ἄλλο
2461 2969 2881 3037 ἐμηχανήσαντο
2936 2968 3064 3036 ἄνς)
3121 2970 3474 3023 ὑπαικάλλειν
3517 2969 3648 3031 τοὺς

412 3064 707 3126 ciliandos,
738 3059 1144 3129 prazveniendo,
1169 3059 1468 3122 adulando,
1493 3058 1847 3122 blandiendo,
1882 3058 1976 3112 ob-

2081 3061 2361 3124 Δατίνους,
2390 3059 2731 3127 ὑποτρέχειν,
2761 3057 3099 3122 κολακεύειν,
3125 3057 3383 3123 θώπτειν,
3417 3057 3644 3124 σαίνειν,

412 3153 730 3225 sequendo,
780 3150 1100 3216 serviendo,
1153 3149 1336 3203 omnia
1383 3150 1614 3218 denique
1661 3150 1870 3219 agendo
1920 3159 1979 3202 ut

409 3242 595 3298 virere
615 3246 838 3310 possent
867 3253 932 3292 ac
959 3238 1170 3307 absque
1195 3238 1392 3293 timore
1419 3248 1624 3293 essent.
1655 3238 1761 3292 Sed
1784 3239 1980 3294 deinde

408 3343 536 3390 sunt
557 3334 650 3403 qui
684 3332 840 3386 inviti
864 3333 917 3385 in
943 3345 1041 3385 sua
1075 3338 1222 3385 recte
1246 3330 1595 3386 festinatione
1616 3331 1978 3388 offenderunt.

410 3425 597 3482 Insani
621 3422 765 3478 enim
786 3420 1165 3491 intempestive
1189 3421 1354 3475 locuti
1382 3429 1506 3474 sunt
1524 3459 1540 3484 ,
1564 3421 1743 3474 abdita
1765 3420 1984 3497 thesaue

325 3511 340 3526 ⁸
409 3532 597 3573 rorutn
637 3512 1041 3586 patefecerunt,
1075 3523 1374 3583 rapuerunt
1407 3528 1474 3567 ac
1511 3513 1981 3581 despoliaverunt.

408 3606 688 3664 Persecuti
719 3615 852 3660 sunt
899 3605 1195 3674 fugientes,
1231 3603 1438 3659 multos
1477 3603 1726 3672 ejusdem
1760 3603 1983 3673 sangui-

410 3699 522 3762 nis,
571 3695 874 3765 capiendos
907 3694 1267 3748 venatoribus
1305 3694 1468 3748 malis
1514 3695 1880 3761 tradiderunt,
1925 3695 1982 3750 in

413 3788 714 3857 multisque
757 3787 882 3840 aliis
932 3795 1321 3854 peccaverunt,
1374 3801 1484 3840 non
1539 3796 1737 3856 sponte
1777 3803 1876 3842 sua
1927 3789 1981 3842 in

410 3879 669 3934 omnibus
696 3887 940 3947 agentes,
975 3879 1070 3932 sed
1100 3887 1159 3930 ut
1190 3893 1315 3932 cum
1351 3879 1513 3948 vulgo
1545 3878 1852 3948 loquamur,
1876 3879 1984 3934 vel-

408 3975 522 4031 lem
548 3975 774 4030 nollent.

489 4067 611 4123 125.
640 4066 764 4120 llaec
798 4076 931 4120 sunt
958 4066 1144 4135 gravia
1171 4065 1391 4134 quidem
1427 4071 1589 4134 atque
1620 4064 1686 4117 ad
1713 4063 1981 4133 pudorém

415 4168 664 4212 nostrum
695 4158 1001 4224 spectantia
1038 4170 1161 4224 quae
1182 4156 1476 4209 commissa
1516 4165 1648 4208 sunt
1673 4157 1728 4208 in
1761 4155 1983 4224 propria

415 4257 578 4317 gente
612 4247 856 4317 (quidam
885 4247 1030 4300 enim
1061 4261 1126 4300 eo
1146 4245 1496 4300 descendisse
1523 4245 1977 4314 convincuntur),

416 4354 486 4392 ne
525 4353 621 4406 per
655 4337 799 4390 labia
833 4352 930 4391 sua
965 4336 1273 4390 meminerit
1305 4337 1466 4390 Deus.
1522 4335 1652 4389 Inde
1703 4336 1984 4390 matrimo-

2035 3153 2052 3173 ‘
2081 3150 2372 3212 δουλεύειν,
2411 3149 2585 3202 πάντα
2613 3150 2806 3212 ποιεῖν,
2835 3148 2892 3214 ἐξ
2921 3141 2995 3206 ὧν
3025 3148 3092 3202 ἂν
3138 3149 3230 3202 καὶ
3261 3147 3513 3218 ζήσαιεν,
3551 3151 3651 3203 καὶ

2084 3241 2220 3314 μηδέ
2259 3242 2420 3310 φόϐον
2455 3241 2649 3310 ἔχοιεν.
2688 3240 2996 3294 Κάντεῦθεν
3040 3242 3177 3294 είσὶν
3205 3241 3255 3293 οἶ
3301 3241 3650 3311 προσέκοψαν

2083 3337 2164 3397 είς
2205 3337 2297 3389 τὸν
2322 3333 2480 3403 ὀρθὸν
2511 3335 2713 3404 δρόμον
2743 3333 2989 3395 ἄκοντες.
3028 3335 3090 3387 Ol
3130 3337 3240 3403 γὰρ
3271 3333 3346 3404 μὴ
3376 3334 3653 3403 ἔμφρονες

2084 3427 2176 3480 καὶ
2205 3426 2605 3494 κατελάλησαν,
2634 3427 2728 3479 καὶ
2767 3425 3060 3496 θησαυρῶν
3097 3427 3482 3497 κατεμήνυσαν
3510 3430 3651 3496 κρύ-

2081 3518 2224 3588 ψεις,
2258 3521 2353 3573 καὶ
2389 3519 2666 3587 ἥρπασαν,
2706 3519 2800 3572 καὶ
2823 3518 3116 3588 ἐσύλησαν.
3167 3518 3554 3591 ’ἰχνηλάτησαν
3591 3519 3653 3576 δὲ

2082 3611 2176 3660 καὶ
2205 3607 2471 3676 φυγάδας,
2499 3606 2594 3660 τοῦ
2629 3606 2794 3661 αὐτοῦ
2842 3608 3072 3677 αἵματος
3111 3609 3237 3671 τοὺς
3268 3608 3514 3676 πολλοὺς,
3549 3609 3652 3664 καὶ

2082 3699 2354 3768 ἀγρεῦσαι
2384 3701 2497 3761 τοῖς
2529 3701 2718 3761 κακοῖς
2748 3697 3012 3770 θηραταῖς
3043 3701 3327 3767 δεδώκασι,
3353 3702 3446 3756 καὶ
3472 3702 3650 3755 πολλὰ

2083 3790 2246 3860 ἓτερα
2285 3789 2617 3860 ἐξήμαρτον,
2652 3789 2770 3844 οὔτι
2821 3791 3035 3854 ἑκόντες
3064 3791 3122 3855 ἐς
3164 3809 3227 3860 γε
3255 3794 3316 3846 τὸ
3344 3794 3472 3859 πᾶν,
3523 3791 3650 3847 ἀλλ’

2084 3883 2259 3936 είπεῖν
2291 3881 2781 3952 καθωμιλημένως,
2810 3882 3266 3940 ἐκουσιακούσιοι.

2158 4071 2290 4135 ρκε⁹.
2333 4065 2456 4118 Τῶν
2483 4063 2540 4118 δέ
2569 4080 2633 4132 γε
2682 4063 2776 4116 καὶ⁵
2812 4061 3024 4134 μεγάλα
3064 4062 3160 4115 καὶ
3206 4061 3342 4133 πρὸς
3371 4061 3651 4116 ἀναίδειαν

2083 4158 2524 4229 κατενεχθέντων
2560 4156 2653 4209 τοῦ
2705 4153 2992 4225 φυλετικοῦ
3031 4159 3222 4221 γένους
3262 4153 3656 4224 (κατηγοροῦν-

2083 4266 2174 4302 ται
2220 4249 2328 4318 γὰρ
2379 4248 2472 4300 καὶ
2519 4245 2753 4298 τοιοῦτοι
2801 4244 3025 4314 ἐκϐῆναί
3060 4243 3226 4312 τινες)
3261 4245 3468 4313 μήποτε
3517 4259 3661 4313 μνη-

2088 4336 2242 4404 σθείη
2272 4336 2358 4388 διὰ
2390 4335 2613 4404 χειλέων
2643 4333 2806 4386 αὐτοῦ
2833 4336 2860 4386 ὁ
2891 4333 3110 4402 Κύριος.
3161 4333 3440 4387 Ἐντεῦθεν
3469 4334 3517 4384 οἱ
3549 4334 3656 4384 αὑ-

415 4431 506 4483 nia
552 4443 662 4482 non
701 4427 968 4497 legitima,
1005 4427 1130 4482 inde
1179 4427 1436 4483 mulieres
1483 4439 1806 4485 recusantes
1845 4444 1979 4498 quos

2087 4431 2302 4498 τόνομοι
2365 4429 2568 4498 γάμοιο
2637 4427 2886 4480 ἐντεῦθεν
2947 4426 3226 4493 γυναικῶν
3311 4425 3660 4496 ἀπαρνήσεις

415 4520 565 4573 viros
599 4519 686 4572 lex
733 4518 908 4581 novit,
966 4527 1080 4571 tum
1137 4518 1410 4587 virginum
1459 4518 1864 4586 deﬂorationes,
1916 4521 1984 4577 de

418 4610 618 4678 quibus
637 4610 804 4664 duces
826 4613 1020 4679 partim
1046 4623 1156 4663 non
1191 4608 1415 4664 fuerunt
1446 4611 1623 4675 liberi,
1647 4613 1841 4680 partim
1866 4613 1984 4670 illas

417 4701 782 4767 dimiserunt;
836 4711 948 4756 tum
980 4702 1121 4768 ,loca
1173 4700 1623 4768 fornicationum,
1677 4704 1742 4758 de
1786 4706 1984 4774 quibus

419 4794 587 4847 multa
641 4795 906 4848 audenter
949 4793 1186 4858 locutus,
1227 4793 1438 4846 nullum
1468 4793 1701 4846 fructum
1746 4795 1981 4864 percepi,

423 4901 532 4938 non
564 4886 750 4940 valens
780 4895 1025 4940 avertere
1055 4901 1178 4954 qua:
1209 4894 1490 4953 peccatum
1527 4885 1883 4951 admiserant,
1922 4901 1986 4940 eo

424 4976 567 5043 quod
621 4976 779 5030 dulce
811 4992 1057 5030 amarum
1107 4977 1216 5046 jam
1253 4979 1644 5046 gustavissent,
1693 4978 1986 5046 aliquando

425 5069 714 5123 adversum
748 5083 852 5127 me.
884 5077 942 5120 ut
965 5083 1180 5137 gravem
1207 5068 1274 5121 ad
1308 5069 1622 5135 videndum,
1650 5070 1987 5124 succlaman-

426 5170 508 5216 tes
542 5178 561 5211 ι
601 5173 792 5213 canem
823 5159 1124 5214 abortivum
1151 5169 1419 5226 gustasse.
1467 5179 1485 5212 ι

496 5339 622 5394 126.
673 5336 915 5404 Denique
949 5335 1048 5391 soli
1083 5344 1261 5391 motus
1304 5348 1357 5392 ct
1401 5339 1610 5392 ﬁssurae
1657 5339 1852 5408 quibus
1895 5339 1990 5393 do-

427 5447 547 5485 nius
569 5447 762 5486 omnes
783 5430 998 5484 effossa:
1021 5429 1256 5497 fuerant,
1288 5432 1706 5485 sull'odientibns
1737 5432 1989 5486 Barbaris

425 5524 578 5588 quasi
609 5522 846 5581 cuniculi
889 5524 970 5577 vel
1007 5523 1187 5591 talp:c,
1226 5526 1309 5576 vel
1357 5524 1525 5592 porci,
1574 5525 1654 5578 vel
1701 5525 1844 5579 aliud
1874 5525 1991 5577 ani-

423 5611 532 5664 mal
564 5614 776 5672 radices
817 5621 985 5671 edens
1016 5616 1119 5670 sub
1157 5616 1321 5669 liutno
1356 5619 1559 5680 vivens,
1593 5627 1651 5668 ut
1681 5633 1806 5671 vero
1835 5617 1992 5670 aliter

424 5701 733 5772 loquamur,
770 5709 924 5775 quasi
959 5719 1222 5766 aratores.
1253 5704 1476 5764 Videtur
1506 5709 1650 5764 enim
1688 5709 1831 5765 velut
1867 5719 1990 5764 cum

2086 4521 2544 4591 ἀπανηναμένων,
2593 4519 2685 4581 οὓς
2737 4520 2898 4588 νόμος
2931 4514 3068 4570 οῐδεν
3097 4517 3318 4587 ἄνδρας.
3374 4515 3659 4569 Ἐντεῦθεν

2088 4613 2372 4683 παρθένων
2407 4610 2626 4680 φθοραὶ,
2673 4611 2784 4663 τῶν
2821 4611 2918 4680 μὲν
2947 4609 3065 4663 οῦτι
3095 4609 3216 4661 καθ’
3260 4608 3501 4661 ἑκούσιον
3540 4608 3659 4660 τῶν

2089 4709 2406 4778 ἀρχηγετῶν
2458 4707 2647 4768 αὑταῖς
2677 4705 2771 4758 τοῦ
2819 4702 2977 4772 εἶναι,
3016 4707 3125 4760 τῶν
3174 4706 3229 4759 δὲ
3292 4707 3387 4761 καὶ
3429 4705 3660 4758 ἐκείνων

2087 4797 2407 4869 προεμένων
2437 4797 2629 4859 αὐτάς.
2664 4795 2942 4850 Ἐντεῦθεν
2968 4798 3191 4865 σεμνεῖα
3218 4797 3657 4866 πεπορνευμένα·

2089 4892 2173 4959 ἐφ’
2208 4885 2286 4950 οἷς
2315 4888 2425 4957 ἐγὼ
2461 4887 2629 4941 πολλά
2678 4888 2774 4941 καὶ⁹
2804 4889 3257 4958 παρακλητεύτας
3289 4889 3383 4940 καὶ
3432 4889 3661 4957 παρρης

2090 4982 2420 5050 σιασάμενος
2453 4982 2731 5050 ἄπρακτος
2777 4980 2987 5047 ἔμεινα,
3035 4979 3170 5048 μηδὲ
3211 4978 3308 5042 τὰς
3339 4978 3664 5046 πασχούσας

2088 5073 2149 5124 τὸ
2183 5073 2500 5141 ἐφάμαρτον
2542 5070 2866 5138 ἐπιστρέψαι
2901 5069 3218 5137 δυνάμενος,
3263 5063 3348 5120 οἷα
3381 5067 3661 5135 γεγευμέ-

2089 5177 2184 5223 νας
2233 5160 2334 5230 ἥδη
2373 5160 2467 5212 τοῦ
2508 5159 2904 5229 γλυκυπίκρου,
2946 5163 3040 5214 καί
3092 5159 3210 5222 πως
3262 5158 3661 5227 ὑποφωνούσας

2093 5267 2205 5320 μοι,
2239 5251 2318 5313 ὡς
2353 5251 2605 5319 χαλεπὸν,
2635 5250 2819 5320 χορίου
2845 5251 2978 5304 κύνα
3018 5252 3236 5320 γεῦσαι.

2165 5348 2314 5412 ρκς’.
2345 5341 2625 5395 Ἐντεῦθεν
2653 5345 2896 5396 δαπέδων
2931 5347 3081 5398 σάλοι
3104 5347 3195 5397 καὶ
3225 5345 3555 5414 ἀνασχίσεις,
3585 5344 3665 5397 δι’

2093 5426 2168 5484 ὧν
2199 5428 2338 5485 οἶκοι
2368 5434 2564 5495 πάντες
2607 5434 3025 5504 ἐξωρωρύχατο,
3075 5437 3518 5505 ὑπονομευόντων
3547 5436 3666 5489 τῶν

2094 5523 2384 5592 βαρϐάρων
2418 5525 2557 5576 κατὰ
2591 5526 2847 5593 λαγιδεῖς,
2885 5528 2916 5596 ἢ
2950 5529 3294 5589 ἀσπάλακας,
3331 5527 3361 5595 ἢ
3403 5529 3492 5578 καὶ
3524 5529 3668 5596 χοί-

2095 5631 2243 5682 ρους,
2275 5614 2306 5682 ἢ
2337 5614 2465 5668 ἄλλο
2489 5633 2540 5669 τι
2575 5617 2713 5680 ζῶον
2737 5620 3028 5688 ῥιζοιράγον
3062 5623 3357 5689 γεωχαρές,
3392 5621 3566 5671 εἰπεῖν
3598 5619 3668 5673 δὲ

2094 5706 2185 5758 καὶ
2221 5705 2415 5774 ἄλλως,
2469 5711 2608 5763 κατὰ
2651 5712 2928 5782 ἀροτρέπς,
2964 5713 3211 5764 φαίνεται
3249 5714 3353 5781 γὰρ
3381 5753 3393 5776 ,
3442 5709 3516 5772 ὡς
3561 5713 3663 5763 καὶ
