4036 6224
364 291 460 355 125

1134 290 1232 350 DE
1272 289 1838 350 THESSALONICA
1873 288 2077 352 URBE
2120 290 2163 346 Α
2209 289 2509 349 LATIle
2547 288 2822 350 CAPTA.‘

3500 293 3600 355 126

354 408 605 477 ἀρότροις
637 407 919 475 ἀνέσχιζον
957 407 1020 458 ἂν
1056 408 1122 458 τὰ
1144 407 1252 457 τῶν
1287 408 1496 472 οἰκιῶν,
1535 408 1692 478 εἴπερ
1735 409 1929 478 ἐχώρει

2035 394 2246 462 Matris
2295 410 2436 463 enim
2468 408 2758 464 doznorum
2814 407 3167 464 fundamenta
3204 411 3476 467 excidisse
3519 416 3600 467 vi-

354 506 414 559 τὸ
446 505 569 555 κατ’
597 504 768 564 αὐτὰς
800 502 1050 572 sps-35w.
1089 501 1357 568 Ἔναγχος
1403 502 1512 569 γάρ
1542 518 1624 553 τοι
1671 501 1929 567 ἄσπαρτα

355 595 451 648 καὶ
478 595 727 666 ἀνήροτα
755 593 1085 662 δρεψάμενοι
1127 592 1270 645 κατὰ
1305 610 1355 645 τι
1383 594 1929 662 πεπαροιμιασμένον

357 687 514 756 θέρος
543 685 796 755 χρύσεον,
832 681 949 736 εἶτα
975 685 1066 735 καὶ
1098 684 1290 754 ἄροτον
1314 677 1423 737 οἷον
1456 684 1640 736 τοῦτον
1669 683 1931 751 διεχειρί-

358 779 536 840 ζοντο.
574 777 632 840 ἐξ
677 769 740 828 οὗ
791 776 1036 844 αὐτοφυῆ
1067 776 1131 828 τὰ
1165 777 1306 828 καλὰ
1353 776 1661 848 ἐκέρδαινον
1703 775 1926 843 ἓρμαια.

357 871 472 922 Kal
501 872 612 931 τοῖς
643 869 787 936 ἀμφὶ
817 868 907 921 τδν
930 868 1079 937 ἥλιον
1109 869 1183 937 μὴ
1205 869 1527 933 ἀγαπῶντες
1558 869 1926 935 πλουτισμοῖς,

353 958 719 1011 ἐπεϐούλευον
749 959 843 1011 καὶ
873 961 982 1020 τοῖς
1015 957 1154 1010 κατά
1184 959 1309 1026 γῆς.
1353 959 1542 1010 Δοτὲον
1571 975 1661 1027 μοι
1689 958 1815 1020 τοὺς
1835 957 1932 1009 αὖ·

351 1051 487 1111 τοὺς
520 1049 746 1101 καλέσαι
783 1049 878 1100 καὶ
925 1049 1318 1118 χρυσωρῦχους
1345 1049 1444 1118 τὴν
1479 1048 1758 1116 ἐπιϐολὴν,
1792 1048 1932 1100 κατά

350 1158 417 1208 γε
451 1141 577 1202 τοὺς
606 1139 818 1192 ἔνδοθεν
841 1137 1138 1209 μύρμηκας
1164 1138 1441 1208 (τοιαύτης
1470 1139 1578 1209 γὰρ
1611 1139 1744 1209 ὕλης
1766 1139 1930 1210 ἔρωτι

354 1231 756 1302 παρηνώχλουν
781 1234 846 1300 τῇ
879 1232 974 1299 γῇ)
996 1247 1011 1263 ο
1051 1232 1180 1293 τοὺς
1211 1230 1255 1283 δ’
1283 1231 1478 1294 αὐτοὺς
1518 1232 1612 1284 καὶ
1639 1231 1933 1301 τυμϐωρύ-

354 1342 488 1394 χους
523 1321 819 1393 μυριαχοῦ.
848 1322 981 1375 οὐδὲ
1023 1321 1134 1392 γὰρ
1166 1321 1287 1374 οὐδὲ
1325 1324 1450 1384 τοὺς
1489 1325 1717 1390 νεκροὺς
1744 1321 1930 1376 ἀνεπι-

351 1415 686 1477 δουλεύτους
714 1415 1054 1485 παρέτρεχον
1073 1430 1088 1445 ο
1120 1414 1195 1476 ὡς
1223 1414 1278 1466 δὲ
1310 1415 1931 1486 θησαυροφυλακοῦντας

351 1507 620 1570 ἐλύπουν,
661 1505 1111 1566 διασκαλεύοντες
1145 1505 1377 1559 πλούτου
1416 1507 1607 1577 χάριν,
1648 1509 1746 1560 καὶ
1789 1506 1932 1562 οὕτω

353 1600 453 1654 τὸν
478 1599 613 1670 ᾅδην
645 1597 937 1652 Πλούτωνα
969 1599 1065 1650 καὶ
1088 1597 1241 1650 αὐτοὶ
1270 1600 1409 1650 νοεῖν
1438 1597 1894 1669 ὕπεμφαίνοντες.
1947 1649 1960 1658 ,

430 1689 571 1762 ρκξ.
608 1679 675 1742 Τί
723 1706 812 1758 μοι
853 1689 1028 1741 πλείω
1080 1689 1346 1757 γράφειν,
1406 1687 1534 1741 ἔνθα
1592 1689 1710 1742 οὐδὲ
1761 1688 1930 1760 βίϐλοι

2029 497 2250 560 dentur,
2294 502 2340 553 si
2385 501 2519 554 nihil
2559 502 2829 556 obstabat.
2878 504 3112 558 Auream
3161 505 3303 558 enim
3338 520 3592 564 messem.

2042 597 2100 640 nt
2135 597 2304 657 poetae
2329 589 2541 654 dicunt,
2575 607 2637 644 ex
2673 594 2814 659 agris
2853 609 2959 646 non
2997 593 3246 653 consitis.
3274 610 3381 646 non
3415 603 3596 647 aratro

2031 680 2270 734 siibactis
2302 680 2518 734 eosdem
2554 683 2758 735 arando
2783 683 3058 749 tulerunt,
3076 693 3129 738 et
3146 685 3394 750 pulchras
3418 684 3595 752 fruges

2033 781 2388 838 spontaneas,
2425 773 2476 824 in
2521 774 2666 827 areis
2700 773 3092 842 deposuerunt.
3114 775 3204 829 Sic
3236 790 3342 829 non
3359 775 3596 830 Contenti

2031 858 2227 929 opibus
2274 862 2590 916 subsolanis
2654 865 3044 920 subterraneas
3106 882 3325 935 quoque
3379 867 3600 933 indaga-

2033 960 2182 1005 runt.
2245 950 2435 1006 Liceat
2493 955 2626 1008 mihi
2677 970 2773 1011 eos
2829 958 3198 1014 aurifossorcs
3245 961 3504 1023 vocitare,
3537 969 3596 1012 ut

2033 1041 2293 1097 formicas
2345 1043 2705 1113 appellamus,
2765 1061 2885 1116 quae
2939 1047 3102 1102 istius
3154 1049 3354 1102 metalli
3408 1065 3594 1102 amore

2029 1132 2205 1188 ductae
2235 1135 2412 1189 solum
2447 1144 2700 1203 vertunt;
2743 1139 2839 1192 sed
2893 1148 2945 1193 et
2999 1142 3378 1209 sepulcrorum
3432 1139 3598 1193 etres-

2030 1238 2186 1278 sores
2219 1224 2530 1279 sexcenties
2563 1225 2821 1280 audiunt.
2856 1226 2992 1281 Nam
3026 1244 3124 1283 nec
3161 1230 3310 1296 ipsos
3351 1237 3596 1282 mortuos

2032 1312 2272 1368 intactos
2301 1315 2676 1384 przeteribant,
2727 1319 2823 1372 sed
2862 1328 2922 1372 ut
2969 1333 3117 1389 gaza:
3147 1320 3404 1374 custodes
3437 1321 3599 1374 hede-

2034 1404 2186 1467 bant,
2224 1406 2344 1459 auri
2396 1408 2570 1476 gratia
2623 1409 2928 1478 Spoliantes
2971 1420 3026 1466 et
3075 1410 3348 1466 infernum
3381 1420 3435 1466 et
3467 1413 3596 1466 Plu-

2033 1502 2236 1560 tonem,
2271 1496 2321 1550 id
2349 1506 2436 1552 est
2460 1497 2772 1553 divitiarum
2801 1500 2983 1567 deum,
3015 1502 3264 1556 eumdem
3295 1518 3416 1558 esse
3446 1517 3599 1558 asse-

2032 1595 2242 1639 rentes.

2106 1675 2231 1728 127.
2269 1676 2366 1730 Cui
2402 1677 2545 1733 bono
2576 1679 2729 1748 plura
2767 1679 3026 1748 scribam,
3057 1682 3324 1752 siquidem
3355 1684 3478 1748 libri
3513 1684 3596 1738 in-

354 1781 480 1834 δλαι
514 1781 728 1850 μακραὶ
759 1778 1086 1831 ίκανώσαιεν
1117 1777 1181 1830 ἄν
1232 1794 1319 1846 με,
1357 1779 1436 1839 είς
1485 1777 1756 1848 αὗταρκες
1808 1780 1927 1832 δια-

2035 1769 2171 1836 tegri
2215 1775 2268 1821 et
2299 1769 2535 1837 grandes
2570 1747 2673 1823 non
2705 1747 3019 1825 sumcerent
3043 1772 3108 1826 ad
3123 1747 3591 1828 vconsct'ibendum

351 1874 647 1942 γράφοντα
677 1873 785 1933 τοῖς
815 1869 1117 1940 φιληκόοις,
1163 1869 1326 1922 όποῖα
1355 1870 1485 1938 ἡμῖν
1518 1869 1817 1936 συνέπεσε;
1850 1871 1928 1924 Δι’

349 1959 433 2019 ὧν
461 1964 560 2033 ὀψέ
593 1979 725 2016 ποτε
767 1963 864 2016 σὺν
897 1960 1052 2029 κακῷ
1102 1961 1305 2030 ἔμαθον
1344 1961 1391 2013 οἱ
1438 1963 1495 2014 ἐν
1544 1963 1677 2032 ἡμῖν
1727 1963 1928 2033 κομψοὶ

349 2057 458 2126 τὴν
490 2057 700 2123 νόησιν,
737 2054 938 2123 χρῆναι
980 2053 1049 2105 τὰ
1089 2050 1274 2105 θεόθεν
1307 2054 1509 2122 σημεῖα
1554 2053 1924 2122 λεπτολογεῖν,

349 2147 456 2202 καὶ
478 2147 620 2215 πρὸς
642 2145 824 2207 αὐτοῖς
853 2144 1349 2214 διευκρινουμένοις
1375 2143 1519 2212 ἔχειν
1546 2144 1636 2196 τὸν
1663 2145 1806 2210 νοῦν,
1833 2147 1928 2200 καὶ

348 2239 539 2288 ποιεῖν
571 2236 639 2287 τὰ
667 2223 997 2304 δηλούμενα.
1032 2233 1093 2284 Εί
1127 2233 1181 2284 δέ
1215 2249 1297 2295 τις
1327 2233 1559 2286 ἐνταῦθα
1591 2234 1774 2287 ποθῶν
1801 2236 1929 2302 φαί-

353 2343 516 2379 νεται
540 2323 1059 2394 προσιστορηθῆναι,
1093 2323 1186 2376 καὶ
1210 2315 1297 2375 οἷα
1327 2323 1547 2392 σήματα
1575 2323 1682 2375 τῶν
1708 2323 1929 2392 μελλόν-

355 2433 479 2468 των
513 2415 819 2483 προύφάνη,
867 2411 1112 2465 ἀκουέτω
1165 2410 1599 2480 βραχυλογικῶς,
1637 2413 1730 2463 καὶ
1775 2410 1928 2464 ταῦθ’

354 2507 528 2578 ἡμῶν
557 2507 634 2566 εἰς
673 2504 915 2574 ἱστορίαν
950 2502 1332 2571 ἐκτιθεμένων.

432 2603 582 2669 ρκηθ.
630 2596 718 2649 Ἐν
748 2597 986 2665 πρώτοις
1020 2593 1118 2662 μὲν
1157 2591 1375 2660 ἀγαθῶν
1406 2591 1615 2662 ἀνδρῶν
1647 2591 1924 2663 ὀνείρατα,

351 2691 521 2744 ὁποῖα
563 2690 657 2740 καὶ
689 2689 722 2756 ἡ
769 2685 888 2754 ιερὰ
922 2681 1031 2738 οἶδε
1081 2684 1120 2735 Γ
1125 2683 1272 2753 ραφὴ
1306 2683 1578 2753 μηνυτικὰ
1629 2685 1928 2753 μελλόντων

351 2775 526 2844 εἶναι,
557 2775 913 2848 προελάλουν,
942 2771 1032 2828 οἷα
1063 2772 1383 2840 πεισόμεθα.
1413 2773 1520 2826 Καὶ
1541 2776 1700 2844 ἡμεῖς
1727 2774 1928 2842 ὲγελῶ-

353 2885 483 2940 μεν,
510 2863 920 2932 ὲξουθενοῦντες
949 2865 1047 2925 τὰς
1093 2861 1216 2916 καθ’
1262 2861 1466 2925 ὕπνους
1516 2863 1799 2932 δηλώσεις,
1834 2861 1928 2915 xal

348 2956 650 3027 διαστολὴν
707 2957 808 3008 οὐκ
857 2953 1129 3017 ἐθέλοντες
1186 2954 1522 3024 ἐξευρίσκειν
1565 2955 1841 3024 ὁράματός
1867 2972 1927 3008 τε

350 3051 456 3102 καὶ
474 3048 586 3101 τῶν
607 3047 828 3110 λοιπῶν,
861 3047 1004 3116 ἅπερ
1031 3045 1196 3108 ὕπνος
1227 3045 1423 3114 φαίνει.
1470 3047 1578 3098 Kal
1621 3048 1840 3099 ἀπεῖναι
1867 3047 1922 3100 δὲ
1948 3083 1993 3147 C
2030 3068 2308 3122 nolumus.

349 3141 453 3194 τὸν
506 3138 851 3209 μυροδλΰτην
900 3138 1000 3207 τῆς
1044 3137 1168 3190 καθ’
1223 3139 1369 3208 ἡμᾶς
1401 3136 1632 3200 πόλεως,
1680 3138 1776 3191 καλ⁸
1805 3141 1923 3192 κατ’

350 3231 536 3297 αὐτὴν
557 3231 656 3298 τὴν
685 3230 887 3282 ἅλωσιν
908 3227 1328 3293 εἰσελεύσεσθαι,
1356 3230 1404 3280 οἱ
1431 3228 1584 3280 αὐτοὶ
1610 3229 1884 3297 ἑωράκασι
1908 3268 1925 3295 ,

351 3320 460 3372 καὶ
499 3322 658 3389 ἡμεῖς
686 3320 746 3372 οὗ
783 3319 1249 3387 πεπιστεύκαμεν.
1292 3319 1380 3380 Ὣς
1407 3318 1516 3388 γὰρ
1551 3318 1836 3389 ὀχλοῦντες
1875 3321 1926 3373 οἱ

351 3415 546 3467 πιστοὶ
568 3414 703 3482 πρὸς
729 3411 1054 3481 ἐπικουρίαν
1083 3410 1374 3475 ἐνέκειντο,
1399 3411 1738 3480 ἀνεκάλυψεν
1766 3413 1928 3478 αὐτὸς

351 3505 749 3577 προορατικῶς
794 3505 874 3566 είς
927 3503 1101 3572 μάτην
1133 3502 1368 3573 τύραννα
1415 3501 1802 3556 δυσωπεῖσθαι.
1850 3504 1926 3557 Οὐ

351 3597 471 3663 γὰρ
498 3596 646 3664 ἄρτι,
678 3592 794 3646 ἀλλ’
825 3591 858 3661 ἢ
886 3593 1023 3660 μετὰ
1048 3593 1196 3660 τρεῖς
1218 3591 1432 3661 ἡμέρας
1458 3589 1795 3644 ἐλεύσεσθαι.
1820 3586 1928 3644 Ἦν

350 3689 411 3741 δὲ
458 3687 698 3755 τετάρτη
733 3684 872 3752 μετὰ
923 3682 1019 3744 τὰς
1048 3685 1196 3752 τρεῖς
1227 3683 1261 3751 ἡ
1293 3681 1394 3750 τῆς
1435 3681 1776 3751 πορθήσεως.
1817 3682 1927 3737 Καὶ

353 3777 531 3845 συχνὰ
562 3777 665 3846 μὲν
687 3772 1060 3842 ὲποτνιώμεθα
1079 3788 1092 3802 ·
1133 3791 1152 3824 ι
1199 3771 1349 3823 Ἐλθὲ
1373 3773 1452 3835 είς
1479 3771 1540 3824 τὸ
1561 3773 1729 3824 σῶσαι
1757 3773 1924 3842 ἡμᾶς,

355 3870 439 3937 μή
476 3882 604 3919 ποτε
633 3865 833 3917 εῐπωσι
864 3864 931 3915 τὰ
958 3861 1110 3930 ἔθνη,
1143 3861 1252 3913 Ποῦ
1282 3861 1434 3912 ἐστιν
1464 3860 1492 3912 ὁ
1523 3859 1804 3929 πολιοῦχος
1834 3862 1930 3915 αὑ-

347 3960 504 4021 τῶνς
531 3977 551 4009 ι
575 3957 636 4009 '0
659 3955 706 4006 δ’
733 3955 833 4022 οὐχ
858 3941 1166 4014 ὑπακούων,
1189 3950 1499 4014 ὲξετόπιζεν
1529 3949 1684 4020 ἡμῶν
1711 3951 1926 4004 ἑαυτόν.

430 4049 572 4122 ρκθ’.
619 4048 915 4116 Ἐδόικρυον
948 4045 1095 4112 ἅγιοι
1129 4047 1184 4096 ἐν
1229 4044 1572 4111 είκονίσμασι
1595 4060 1608 4073 ο
1646 4044 1741 4096 καὶ
1778 4043 1930 4112 ἔχαι-

350 4163 457 4214 ρον
482 4145 532 4195 οἱ
566 4139 898 4203 κενέλπιδες,
924 4137 1172 4204 λέγοντες
1208 4135 1480 4188 δυσωπεῖν
1515 4134 1754 4196 ἐκείνους
1787 4136 1926 4206 ὑπὲρ

348 4236 541 4306 ἡμῶν.
595 4232 892 4298 Ἐλέγομεν
924 4229 1117 4297 ἡμεῖς’
1162 4227 1292 4288 Ναὶ,
1331 4226 1445 4278 ἀλλ’
1478 4227 1578 4278 οὐκ
1623 4227 1929 4280 είσακούονυ

347 4345 473 4389 ται,
509 4324 589 4378 διδ
642 4322 738 4374 καὶ
789 4319 1109 4386 ἐπιμένουσι
1163 4317 1459 4378 κλαίοντες.
1513 4317 1624 4370 Kal
1663 4318 1927 4386 ἠπίστουν

2031 1872 2095 1912 ea
2128 1872 2248 1927 qua:
2281 1858 2442 1912 nobis
2472 1859 2840 1914 acciderunt?
2883 1861 3134 1915 Attamen
3170 1864 3264 1932 qui
3308 1863 3451 1931 apud
3498 1878 3594 1917 no-

2032 1958 2236 2004 strates
2285 1950 2559 2018 eiusmodi
2609 1951 2774 2005 rebus
2818 1953 3060 2019 student,
3097 1954 3260 2008 simul
3289 1953 3594 2010 didicerunt

2035 2038 2129 2092 Dei
2163 2040 2321 2110 signa
2363 2041 2706 2097 observanda
2737 2058 2880 2108 esse,
2917 2053 2971 2098 et
3008 2044 3261 2098 mandata
3307 2044 3424 2112 ejus
3470 2060 3597 2114 per-

2033 2131 2286 2185 ﬁcienda.
2325 2131 2380 2186 Si
2411 2134 2537 2202 quis
2574 2134 2740 2204 igitur
2791 2136 3079 2190 historiam
3138 2136 3386 2191 ediscere
3433 2145 3489 2190 et
3525 2151 3593 2191 ex

2031 2221 2206 2283 signis
2238 2221 2422 2274 futura
2455 2225 2713 2292 augurari
2744 2225 2999 2293 voluerit,
3025 2241 3145 2296 qua:
3177 2227 3451 2282 memoria:
3476 2235 3594 2283 tra-

2031 2311 2269 2367 didimus
2304 2323 2510 2368 attenta
2543 2326 2720 2371 mente
2753 2317 2939 2388 legito.

2101 2610 2224 2666 128.
2287 2610 2404 2666 Jam
2488 2613 2558 2668 ab
2645 2615 2798 2672 initio
2869 2619 2938 2673 de
2992 2622 3222 2677 somniis
3266 2639 3388 2692 quae
3437 2641 3591 2681 sacra

2035 2700 2317 2772 Scriptura
2367 2706 2518 2759 novit
2557 2717 2615 2761 ut
2654 2723 2833 2763 rerum
2870 2711 3177 2767 futurarum
3211 2715 3434 2784 indicia,
3471 2735 3592 2786 quae

2032 2796 2305 2850 svntimus
2333 2796 2443 2865 jam
2475 2799 2734 2854 diximus.
2768 2799 2939 2871 igitur
2985 2818 3085 2857 nos
3116 2804 3362 2870 risimus,
3413 2809 3594 2864 ﬂocci-

2040 2884 2305 2942 l‘acientes
2365 2894 2700 2946 somniorum
2767 2894 2964 2949 indicia
3019 2912 3140 2963 qua:
3190 2899 3590 2956 intersomnum

2035 2987 2088 3031 et
2119 2981 2355 3046 somnia,
2391 2997 2508 3050 quae
2542 2998 2640 3052 per
2683 3000 2934 3040 somnum
2978 2988 3226 3044 videmus
3256 2992 3592 3062 distinguere

2343 3070 2508 3124 iidem
2548 3073 2692 3126 enim
2751 3075 3075 3144 interpretes
3147 3078 3275 3133 dum
3341 3082 3592 3136 viderunt

2033 3157 2385 3230 Myroblylam
2417 3178 2445 3215 a
2481 3164 2700 3219 civitate
2739 3176 2925 3220 nostra
2967 3169 3246 3224 absentem
3289 3173 3590 3228 obsidionis

2029 3263 2274 3324 tempore
2299 3269 2643 3310 reversurum
2670 3272 2812 3321 esse,
2848 3274 2948 3314 nos
2975 3261 3133 3316 [idem
3165 3265 3366 3318 nullam
3399 3265 3587 3322 habui-

2035 3361 2178 3400 mus.
2226 3345 2363 3400 Cum
2401 3347 2544 3400 enim
2582 3348 2788 3402 creduli
2817 3349 3162 3419 impatienter
3194 3358 3456 3410 auxilium
3495 3374 3588 3414 ex-

2036 3446 2368 3506 spectarent,
2412 3437 2530 3506 ipse
2563 3440 2878 3508 prephetice
2907 3442 3204 3499 declaravit
3244 3445 3312 3500 de
3359 3457 3588 3517 tyranno

2029 3528 2411 3598 trepidandum
2443 3544 2586 3591 esse,
2620 3530 2714 3599 qui
2743 3539 2869 3600 post
2912 3539 3023 3588 tres
3060 3542 3270 3591 tantum
3306 3537 3423 3593 dies
3465 3554 3592 3594 ven-

2030 3627 2188 3673 turus
2208 3627 2374 3674 esset.
2409 3619 2536 3674 Erat
2564 3632 2740 3676 autem
2767 3634 2959 3692 quarta
2980 3626 3097 3680 dies
3119 3628 3187 3681 ab
3213 3632 3346 3684 urbe
3372 3634 3587 3696 excisa;

2029 3717 2082 3763 et
2111 3723 2253 3778 saepe
2281 3710 2552 3780 supplices
2589 3714 2788 3780 precati
2827 3729 3058 3769 smnus:
3098 3707 3230 3771 Veni
3268 3721 3334 3773 ad
3376 3721 3592 3778 salvan-

2029 3801 2268 3863 dosnos,
2303 3802 2590 3869 nequando
2627 3802 2810 3856 dicant
2841 3813 3048 3872 gentes,
3084 3804 3186 3861 Ubi
3216 3817 3298 3863 est
3323 3819 3587 3879 patronus

2030 3894 2270 3957 eorum}
2322 3893 2417 3946 ille
2456 3901 2635 3946 autem
2669 3908 2775 3948 non
2807 3895 3036 3949 audiens
3066 3910 3292 3966 peregre
3323 3900 3478 3954 abiit.

2099 4059 2224 4114 129.
2270 4056 2455 4112 Sancti
2497 4057 2942 4128 lacrymabantur
2981 4059 3036 4114 in
3084 4061 3201 4117 suis
3234 4064 3586 4137 imaginibus,

2031 4159 2084 4206 et
2122 4149 2430 4220 gaudebant
2471 4149 2565 4218 qui
2606 4163 2744 4202 vana
2789 4163 2886 4218 spe
2931 4151 3294 4217 ducebantur,
3343 4158 3586 4216 dicentes

2030 4244 2154 4298 illos
2205 4241 2374 4295 nostri
2411 4254 2573 4293 causa
2605 4238 2802 4308 amigi;
2852 4254 2952 4292 nos
2997 4252 3176 4296 autem
3235 4245 3584 4306 dicebamus:

2035 4334 2186 4395 Esto,
2211 4333 2306 4387 sed
2331 4347 2435 4386 non
2458 4347 2520 4384 ex
2533 4331 2847 4395 audiuntur,
2882 4330 3002 4386 ideo
3025 4333 3309 4403 lacrymari
3334 4351 3588 4408 pergunt.

350 4422 516 4492 ἡμῖν,
546 4416 658 4469 Καὶ
707 4412 863 4467 αὐτοὶ
905 4411 1004 4482 μὲν
1044 4405 1184 4479 ἦσαν
1214 4412 1270 4460 ὲν
1299 4409 1544 4462 ὲλπίσινυ
1589 4410 1748 4478 ἡμεῖς
1777 4411 1832 4462 δὲ
1865 4406 1923 4464 εὖ

2033 4425 2097 4478 Ει
2127 4425 2328 4478 nullum
2361 4423 2517 4477 nobis
2549 4422 2702 4476 ﬁdem
2727 4421 3137 4488 habebant,etsi
3169 4425 3266 4493 ipsi
3287 4405 3587 4494 sperarent.

355 4511 566 4571 εἰδότες
591 4508 684 4560 τὸν
705 4505 944 4572 ὀλεθρον,
972 4501 1031 4565 ἐξ
1063 4495 1138 4555 ὧν
1166 4503 1259 4552 καὶ
1287 4499 1547 4568 ἑωρῶμεν
1576 4501 1669 4551 καὶ
1699 4500 1931 4568 ὲλλόγως

360 4606 702 4670 συνήγομεν,
734 4597 830 4647 οὐκ
853 4595 1072 4662 εἴχομεν
1095 4592 1122 4643 ὅ
1151 4609 1198 4642 τι
1223 4594 1316 4643 καὶ
1344 4590 1614 4659 δράσομεν
1639 4605 1652 4618 ·
1682 4589 1932 4657 λέγοντες

357 4693 460 4746 καὶ
484 4691 644 4744 αὐτοὶ
679 4687 752 4757 μή
789 4703 844 4738 τι
891 4684 1027 4752 πρὸς
1071 4681 1260 4752 ἀγαθῷ
1307 4677 1446 4734 εἷναί
1491 4697 1598 4732 τινι
1629 4681 1688 4734 τὸ
1739 4680 1930 4750 μέλλον

359 4783 586 4844 εἰδέναι,
623 4779 750 4831 ἔνθα
779 4776 858 4845 τῷ
893 4771 1180 4844 φρονοῦντι
1224 4771 1388 4840 μηδὲν
1422 4772 1454 4839 ἡ
1487 4771 1688 4838 γνῶσις
1719 4772 1931 4824 λυσιτε-

357 4875 484 4925 λεῖ·
528 4870 789 4924 καὶκατὰ
831 4864 930 4933 τὴν
961 4865 1060 4932 τῆς
1110 4863 1351 4932 ἱστορίας
1382 4861 1705 4930 Κασάνδραν
1753 4861 1931 4930 (ὀκνῶ

358 4968 474 5031 γαρ
503 4965 703 5024 εἰπεῖν,
737 4959 806 5011 τὰ
847 4958 1018 5026 μείζω
1055 4955 1538 5024 παρεισκυκλήσας
1583 4955 1675 5005 καὶ
1723 4970 1934 5024 προφη-

359 5061 516 5126 τικὰ)
569 5055 953 5124 ἀληθιζόμενοι
1004 5050 1124 5120 μὲν,
1173 5051 1460 5119 ἀφιέμενοι
1511 5047 1568 5099 δὲ
1621 5047 1802 5102 λαλεῖν
1849 5051 1930 5111 είς

361 5154 467 5218 avt,
474 5166 618 5202 κοον.

438 5244 536 5310 ρλν.
573 5236 787 5301 Ἐδειξέ
819 5253 872 5288 τι
903 5233 1064 5304 τέρας
1097 5233 1217 5284 τότε
1251 5231 1351 5282 οὐκ
1388 5231 1562 5285 αῐσιον
1596 5231 1688 5284 καὶ
1721 5232 1754 5301 ἡ
1790 5232 1930 5285 πάν-

357 5349 526 5398 αγνος
569 5321 899 5396 Θεομήτωρ,
939 5326 972 5394 ἡ
1012 5323 1140 5392 παρ’
1169 5323 1303 5390 ἡμῖν
1341 5319 1432 5372 τοῦ
1471 5321 1682 5388 ὁδηγεῖν
1721 5321 1930 5374 ἐπώνυ-

362 5441 489 5492 μος,
514 5419 794 5480 δεικνῦσα,
822 5418 896 5478 ὡς
925 5415 1252 5483 ἀποστέργει
1276 5413 1343 5463 τὰ
1371 5411 1492 5463 καθ’
1519 5414 1684 5482 ἡμᾶς,
1714 5413 1807 5465 καὶ
1832 5413 1931 5464 οὐκ

360 5515 540 5568 ἐθέλει
577 5510 694 5581 μεθ’
723 5509 879 5578 ἡμῶν
908 5503 1070 5561 εἶναι.
1103 5503 1472 5575 Προοδεύουσα
1505 5504 1612 5571 γάρ
1647 5519 1778 5554 ποτε
1811 5505 1931 5556 τότε

361 5605 489 5658 καθ’
517 5603 766 5674 ἡμέραν,
803 5603 836 5669 ἢ
870 5599 931 5650 τὸ
972 5597 1135 5665 κῦρος
1174 5597 1286 5664 ἔχει
1321 5595 1413 5646 τοῦ
1448 5593 1686 5648 τοιούτου
1727 5595 1892 5646 καλοῦ
1914 5635 1930 5660 ,

362 5699 464 5750 καὶ
488 5691 868 5765 περιελθοῦσα,
887 5691 1015 5743 ἔνθα
1031 5691 1127 5759 τῆς
1148 5689 1354 5750 πόλεως
1375 5689 1408 5756 ἡ
1432 5687 1724 5754 ἀδελφότης
1748 5685 1928 5754 ἠθελε,

2029 4516 2141 4570 Nos
2181 4527 2362 4568 autem
2407 4515 2497 4582 qui
2561 4515 2774 4566 ruinam
2831 4516 2998 4582 probe
3049 4516 3476 4582 praevidebamus
3526 4534 3588 4574 ac

2039 4604 2505 4660 ratiocinabamur
2534 4617 2597 4656 ex
2630 4603 2698 4655 iis
2729 4618 2848 4670 qua:
2881 4615 3005 4656 ante
3036 4605 3222 4657 oculos
3255 4605 3588 4664 habebamus

2032 4694 2182 4748 dubii
2217 4695 2560 4748 haerebamus
2596 4693 2723 4761 quid
2763 4691 3069 4746 faciendum
3101 4703 3274 4758 esset,
3308 4706 3362 4748 et
3417 4696 3587 4752 futuri

2033 4785 2321 4841 scientiam
2359 4783 2491 4852 nihil
2535 4784 2790 4852 prodesse
2818 4782 3173 4844 afﬁrmantes,
3212 4785 3300 4838 tibi
3330 4785 3428 4853 ipsi
3456 4802 3589 4856 pru-

2033 4878 2180 4933 denti
2242 4874 2378 4928 nihil
2436 4873 2705 4928 commodi
2751 4873 2941 4939 all‘ert;
2997 4883 3051 4927 et
3092 4875 3236 4928 sicut
3279 4875 3588 4932 Cassandra

2033 4970 2174 5038 (non
2206 4968 2350 5022 enim
2384 4967 2449 5020 de
2483 4966 2599 5034 ejus
2632 4964 2931 5033 prophetiis
2973 4967 3128 5033 plura
3171 4967 3439 5036 all'eram),
3493 4983 3588 5023 ve-

2033 5074 2154 5113 rum
2195 5059 2454 5122 diximus,
2501 5055 2595 5110 sed
2625 5055 2689 5107 ad
2723 5055 2920 5110 surdas
2950 5070 3134 5110 aures.

2103 5232 2224 5287 150.
2253 5229 2389 5282 Tum
2434 5226 2755 5280 miraculum
2785 5225 3010 5280 minime
3035 5227 3268 5280 faustum
3301 5226 3588 5296 purissima

2033 5324 2202 5378 Mater
2232 5319 2348 5384 Dei,
2402 5333 2521 5388 qua:
2551 5321 2691 5387 apud
2748 5333 2847 5371 nos
2888 5317 3232 5388 llodegetria,
3289 5320 3388 5372 viae
3443 5318 3589 5386 dux,

2035 5414 2205 5477 audit,
2242 5413 2504 5475 exhibuit,
2532 5411 2781 5464 indicans
2815 5409 2962 5478 quod
2996 5427 3081 5463 res
3117 5420 3332 5463 nostras
3362 5409 3588 5479 odisset,

2033 5515 2087 5559 et
2117 5506 2397 5558 nobiscum
2434 5515 2579 5556 Slnl'e
2607 5503 2792 5556 nollet.
2837 5502 2934 5556 D.e
2977 5503 3212 5570 quodam
3269 5500 3410 5555 festo
3441 5517 3588 5571 cum,

2036 5595 2300 5647 fratribus
2353 5594 2751 5660 pra-euntibus,
2800 5605 2894 5658 per
2939 5599 3106 5643 totam
3159 5587 3434 5645 civitatem
3472 5607 3592 5646 am-

2038 5683 2274 5736 bulnssel
2307 5682 2364 5736 S.
2395 5680 2585 5744 Mater,
2613 5689 2665 5734 et
2697 5679 2749 5733 in
2789 5696 2852 5732 eo
2887 5689 3028 5731 esset
3058 5691 3116 5732 ut
3155 5680 3205 5733 in
3235 5683 3402 5736 mdein
3427 5699 3579 5738 suam
