4012 6226
1467 179 1498 194 Ι

491 309 588 374 ΙΞΊ
1234 300 1650 365 EUSTATHII
1697 291 2452 359 TIIESSALONICENSIS
2491 286 3046 352 METROPOLIT/E
3628 287 3740 356 λος

487 423 892 494 ingrederetur,
941 434 1037 490 per
1084 427 1296 488 portam
1386 417 1592 470 intrare
1633 426 1892 467 recusans
1938 425 2056 465 eum

2168 407 2260 458 καὶ
2289 402 2770 472 ἀποκαθισταμένη
2800 400 2954 461 αὖθις
2985 400 3066 462 εἰς
3095 396 3188 453 τὸν
3219 391 3367 452 οἶκον
3397 397 3570 469 αὐτῆς
3589 439 3604 464 ,
3637 397 3740 456 καὶ

487 489 579 584 (ιιῆ
630 518 800 582 ipsam
838 489 1079 566 immeris
1113 508 1383 578 portabat,
1415 507 1604 576 pedem
1629 503 1832 558 referre
1856 503 2056 569 coegit,

2159 498 2277 559 ταῖς
2308 495 2534 557 εἰσόδοις
2565 493 2852 560 ἐγγίσασα,
2883 490 3055 553 οὕτως
3088 489 3252 542 ῶκνει
3282 489 3377 560 τὴν
3405 489 3626 556 εῐσοδον,
3656 492 3737 558 ὠς

490 579 619 660 dum
652 579 914 673 ipoudcre
978 600 1194 654 insolito
1242 596 1445 652 sensim
1502 595 1908 665 ingravescente
1965 609 2056 662 op-

2159 587 2262 640 άνὰ
2295 585 2430 638 πόδα
2463 586 2659 655 χωρεῖν
2692 581 2970 651 κραταιῶς
3003 579 3284 650 βιάζεσθαι
3315 580 3406 632 τὸν
3435 581 3600 646 αὑτὴν
3632 584 3735 651 et-

488 709 713 765 pressus
761 707 910 761 paene
956 691 1102 743 humi
1153 687 1393 752 caderet,
1437 700 1536 740 nec
1589 687 1708 754 ipse
1739 685 1911 748 solus,
1960 683 2056 738 sed

490 793 759 856 quotquot
781 797 998 836 manum
1024 782 1307 849 imponere
1331 785 1685 833 conarentur.
1719 776 1904 828 Primo
1935 774 2056 844 qui-

489 877 610 932 dem
646 875 734 946 qui
768 877 1020 944 portabat
1046 876 1098 926 in
1122 872 1487 942 suspicionem
1518 871 1664 924 venit
1721 868 1874 937 quasi
1908 865 2056 921 domi

491 969 610 1022 haec
639 967 986 1021 machinatus
1019 972 1183 1029 esset,
1231 975 1286 1018 ut
1317 977 1460 1032 sape
1493 963 1573 1017 fit.
1609 959 1711 1016 Ubi
1739 971 1924 1015 autem
1954 957 2054 1012 viri

489 1059 659 1122 sacri,
699 1057 927 1125 integris
969 1056 1216 1110 moribus
1267 1062 1322 1108 et
1370 1054 1462 1123 qui
1520 1051 1676 1107 nefas
1713 1051 2056 1106 committere

493 1152 641 1206 haud
675 1160 920 1220 possent,
940 1163 1155 1202 manum
1181 1147 1404 1217 imagini
1433 1143 1813 1216 promovenda:
1853 1143 2053 1198 frustra

497 1245 901 1312 apposuisseut,
961 1255 1025 1294 ac
1078 1239 1248 1292 nihilo
1307 1237 1485 1298 minus
1536 1244 1614 1290 tot
1663 1245 1794 1306 quot
1854 1243 2051 1299 erant,

493 1349 711 1389 movere
741 1333 856 1386 loco
896 1333 1169 1397 valebant,
1214 1337 1389 1384 melus
1419 1329 1611 1398 ingens
1635 1341 1825 1381 omnes
1851 1325 2056 1380 invadit

490 1427 577 1481 vel
608 1426 1038 1486 cordatissimos,
1069 1424 1243 1477 donec
1286 1422 1474 1476 effusis
1505 1421 1762 1491 lacrymis
1805 1427 1858 1472 et
1887 1419 2054 1488 gemi-

493 1519 636 1572 tibus
675 1532 863 1570 vocem
905 1516 1172 1568 elevarint
1229 1515 1295 1566 ad
1339 1512 1536 1566 Filium
1578 1522 1781 1566 sanch
1825 1511 2051 1573 Matris.

494 1623 671 1676 neque
693 1609 819 1660 inde
851 1607 1182 1658 destiterunt
1208 1605 1382 1658 donec
1412 1605 1771 1673 comprobato
1804 1601 2052 1672 prodigio

491 1715 633 1753 unus
675 1699 785 1766 jam
828 1697 1117 1766 expeditus
1159 1696 1276 1750 sine
1327 1709 1522 1764 magno
1571 1695 1757 1748 labore
1805 1702 2048 1748 sanctam

2159 695 2342 750 ροντα,
2362 680 2453 730 καὶ
2478 674 2826 744 ἐνιστάμενον
2849 673 3174 743 βαρύνεσθαι
3197 671 3450 741 ότιμάλα,
3473 674 3568 726 καὶ
3592 675 3732 744 πρὸς

2155 770 2233 839 τῷ
2257 768 2620 822 καταπίπτειν
2644 767 2924 834 γίνεσθαι·
2952 764 3045 816 καὶ
3069 765 3126 816 οὑ
3158 763 3316 834 μόνον
3340 763 3566 830 ἐκεῖνον,
3592 766 3732 820 ἀλλὰ

2157 863 2249 916 καὶ
2295 860 2508 924 ἄλλους,
2549 861 2661 912 ὃσοι
2712 856 3172 910 συνεπιλάὸοιντο.
3217 854 3331 908 Καὶ
3374 849 3442 924 ἦν
3487 856 3585 925 μὲν
3627 859 3730 928 τὴν

2155 952 2327 1023 ἀρχὴν
2351 952 2379 1005 ὁ
2404 951 2618 1019 ἐκείνην
2645 948 2850 1018 ἀνέχων
2879 947 3138 1012 ὕποπτος,
3164 945 3239 1008 ὼς
3267 946 3477 999 οἴκοθεν
3501 947 3728 1001 τοιαῦτα

2154 1043 2491 1114 τεχνώμενος
2513 1081 2528 1106 ,
2564 1041 2723 1094 όποῖα
2756 1038 2941 1092 πολλοὶ
2974 1037 3355 1107 τερθρεύονται
3381 1053 3395 1067 ’
3432 1035 3507 1099 ὡς
3541 1036 3600 1089 δέ
3634 1040 3730 1092 καὶ

2158 1135 2293 1206 ἱεροὶ
2326 1134 2549 1204 ἄνδρες,
2585 1132 2778 1199 ἀγαθοὶ
2809 1132 2867 1185 τὸ
2899 1126 3029 1202 ἦθος
3049 1169 3064 1196 ,
3100 1128 3190 1182 καὶ
3222 1123 3323 1180 οἷοι
3363 1126 3438 1198 μὴ
3475 1128 3732 1198 παλαμᾶο

2158 1226 2281 1278 σθαι
2308 1225 2376 1279 τά
2405 1225 2477 1294 μὴ
2507 1224 2714 1288 δέοντα,
2743 1223 3041 1294 συνήραντο
3067 1219 3370 1289 ἐγκρατῶς,
3401 1220 3494 1272 καὶ
3526 1219 3732 1282 πάντες

2155 1318 2405 1380 ἐλάττους
2438 1312 2578 1386 ἦσαν
2607 1316 2706 1384 τῆς
2735 1315 2827 1368 τοῦ
2863 1312 3008 1382 ἱεροῦ
3046 1313 3229 1381 σίγνου
3269 1311 3469 1382 ἰσχύος,
3503 1313 3596 1366 καὶ
3626 1311 3732 1364 οὑκ

2156 1409 2403 1464 ἐπείθετο
2451 1408 2730 1469 εἰσελθεῖν,
2776 1406 2892 1459 ἀλλ’
2924 1402 3012 1475 ἦν,
3061 1404 3136 1466 ὡς
3185 1404 3382 1466 εἰπεῖν,
3433 1403 3728 1474 ἀφόρητον,

2155 1501 2456 1572 ὑπέρχεται
2489 1499 2650 1568 φόῦος
2684 1498 2926 1557 ἅπαντας
2947 1534 2962 1561 ,
2995 1497 3117 1549 ὅσον
3147 1495 3311 1564 ἐχρῆν
3344 1492 3535 1546 παθεῖν
3557 1533 3572 1554 ,
3607 1495 3729 1564 ἐχέ-

2155 1610 2356 1663 φρονας
2381 1609 2394 1623 ·
2437 1593 2529 1644 καὶ
2571 1591 2984 1658 ἀναπρήσαντες
3025 1588 3258 1656 δάκρυα,
3299 1585 3523 1659 ὕψωσαν
3563 1585 3733 1640 κλαυ-

2155 1684 2290 1754 θμὸν
2311 1724 2324 1746 ,
2359 1685 2452 1736 καὶ
2486 1683 2668 1749 φωνὰς
2704 1681 2913 1750 ἐπῆραν
2943 1680 3076 1748 πρὸς
3105 1679 3197 1731 τὸν
3229 1677 3450 1746 ὕψιστον
3474 1677 3598 1730 Υἰὸν
3630 1678 3731 1747 τῆς

493 1789 784 1856 imagitem
831 1788 895 1840 ad
951 1785 1134 1840 sedem
1178 1799 1334 1839 suam
1409 1783 1657 1852 portarit.
1715 1783 1871 1848 Quod
1924 1783 2056 1837 viris

2165 1777 2439 1841 πανάγνου
2473 1773 2712 1843 Μητρός.
2753 1772 2858 1825 Καὶ
2892 1772 2989 1824 οὑκ
3023 1770 3292 1823 ἐνέδωκαν
3313 1809 3330 1835 ,
3364 1771 3465 1832 ἕως
3498 1769 3592 1823 τοῦ
3629 1788 3730 1840 σηο

491 1880 744 1949 gravibus
783 1877 936 1932 futile
975 1885 1057 1932 est
1109 1877 1320 1942 visum;
1370 1892 1473 1930 nos
1506 1885 1690 1928 autem
1736 1875 1925 1927 miseri
1966 1872 2058 1941 qui

491 1987 654 2028 euere
697 1971 803 2025 isto
837 1969 1042 2037 gravati
1076 1968 1301 2036 fuimus,
1371 1970 1543 2040 probe
1595 1965 1874 2032 novimus,
1928 1963 2058 2036 quid

491 2079 582 2118 res
615 2063 719 2116 sibi
760 2061 908 2116 velit.

574 2390 696 2445 151.
741 2389 910 2441 Sacra
945 2387 1166 2441 oracula
1204 2385 1541 2456 interrogata
1572 2393 1798 2440 eventus
1831 2383 2057 2453 futuros,

501 2481 644 2535 diem
684 2480 834 2534 urbis
874 2487 1226 2548 expugnatae,
1276 2477 1782 2533 exterminationcm
1819 2487 2062 2532 nostram

494 2571 887 2640 prardixerunt.
919 2569 962 2624 Ο
993 2579 1196 2622 certam
1245 2569 1584 2638 prophetiam
1611 2570 1623 2621 l
1661 2566 1703 2622 Ο
1736 2567 1813 2622 rei
1843 2567 2064 2622 indubi-

493 2669 618 2714 latae
642 2669 698 2714 et
732 2659 952 2714 minime
985 2660 1276 2730 tequivocat
1308 2659 1689 2714 revelatiouem
1718 2660 1731 2712 ι
1761 2657 2064 2714 Osurdita-

495 2756 602 2802 tein
637 2754 876 2804 nostram
899 2747 915 2800 l

567 2964 692 3018 159..
728 2963 857 3017 Erat
889 2973 1022 3017 tunc
1050 2971 1285 3033 tempus,
1337 2964 1764 3034 expugnationis
1797 2965 2017 3034 inquam
2042 3003 2059 3030 ,

2165 1869 2316 1936 μείου
2344 1868 2443 1938 ἤδη
2469 1865 2874 1934 διαδειχθέντος,
2903 1859 3021 1916 εἶτα
3048 1864 3207 1932 μόνος
3231 1865 3259 1916 ὁ
3288 1863 3570 1931 βαστάζων
3595 1864 3730 1918 ἀϐά-

2167 1976 2354 2027 ρυντος
2383 1959 2479 2011 καὶ
2505 1956 2942 2026 ἁπαραπόδιστος
2970 1956 3142 2026 ἤγαγε
3167 1955 3225 2006 τὸ
3253 1955 3405 2022 ἅγιον
3432 1955 3728 2024 μόρφωμα,

2162 2048 2290 2100 ἐνθα
2317 2048 2543 2118 ἵδρυται.
2573 2048 2680 2099 Καὶ
2707 2047 2879 2100 ἐδόκει
2911 2047 3008 2116 μὲν
3031 2046 3126 2098 καὶ
3148 2044 3303 2099 τοῦτο
3327 2048 3437 2108 τοῖς
3460 2047 3733 2113 γενναίοις

2164 2141 2377 2210 φρονεῖν
2400 2139 2631 2208 ἐλαφρόν
2655 2156 2670 2172 ο
2702 2140 2861 2210 ἡμεῖς
2889 2139 2945 2192 δέ
2973 2141 3020 2192 oi
3049 2139 3298 2204 ἀσθενεῖς
3326 2138 3729 2209 ἐδαρυνόμεθα,

2165 2230 2535 2298 ὑπονοοῦντες,
2562 2232 2697 2286 ὅπου
2729 2232 2871 2286 νεύει
2899 2234 2976 2284 τὰ
2998 2229 3092 2286 τοῦ
3126 2231 3466 2304 πράγματος.

2239 2368 2374 2438 ρλα’.
2408 2366 2796 2437 Ἀπεκρίναντο
2835 2366 2928 2419 καὶ
2961 2366 3030 2419 τά
3070 2366 3188 2437 ἱερὰ
3227 2365 3384 2433 λόγια
3424 2365 3482 2433 ἐξ
3524 2365 3733 2436 ἐρωτή-

2165 2477 2304 2523 σεως
2330 2459 2426 2523 τὰς
2451 2459 2744 2521 ἀποϐάσεις
2770 2459 2880 2510 τῶν
2903 2461 2962 2511 ἐν
2985 2457 3063 2527 τῷ
3093 2457 3358 2527 μέλλοντι,
3383 2458 3479 2528 τὴν
3505 2458 3729 2525 ἅλωσιν,

2163 2551 2262 2620 τὴν
2285 2551 2494 2620 ἡμέραν
2519 2551 2708 2616 αὐτῆς,
2732 2549 2789 2602 τδ
2815 2550 3290 2617 κατακοπήσεσθαι
3319 2550 3486 2619 ἡμᾶς.
3508 2551 3571 2603 Ὠ
3599 2567 3734 2620 προ-

2165 2639 2400 2710 φητικῆς
2437 2639 2744 2707 εύκρινείας
2783 2640 3025 2708 ἐκείνηςι
3071 2638 3117 2692 ὢ
3157 2640 3562 2709 ἀνεπικρύπτου
3599 2642 3734 2695 ἀπο-

2166 2733 2419 2800 φάσεως,
2455 2731 2547 2784 καὶ
2585 2732 2658 2800 μὴ
2694 2731 3092 2801 ἐπισυρομένης
3127 2731 3388 2796 λόξωσινι
3426 2732 3536 2785 Καὶ
3563 2733 3733 2804 ἡμεῖς

2164 2825 2532 2896 ἐκωφεύομεν.

2237 2965 2372 3036 ρλβ’.
2396 2959 2504 3018 Ἦν
2545 2965 2847 3035 τηνικαῦτα
2893 2967 3100 3036 καιρὸς,
3143 2969 3295 3040 παρὰ
3334 2969 3402 3026 τὰ
3441 2972 3734 3026 τελευταῖα

500 3069 610 3123 quo
632 3056 792 3108 verba
821 3053 1132 3122 evangelica
1163 3055 1358 3123 quibus
1388 3057 1729 3109 calamitates
1763 3054 1895 3110 Sion
1923 3071 2056 3125 prte-

2162 3061 2259 3130 τῆς
2286 3059 2559 3126 ἁλώσεως,
2588 3059 2682 3112 καὶ
2709 3060 3014 3145 περικοπὰς
3038 3061 3398 3129 εὐαγγελικὰς
3424 3065 3511 3117 ἐπ’
3532 3063 3734 3135 ἐκκλη-

497 3147 742 3215 figurata:
765 3145 1004 3210 fuerant,
1027 3147 1078 3199 in
1110 3147 1338 3202 ecclesia
1371 3148 1587 3203 recitari
1622 3149 1912 3203 debebant.
1945 3149 2056 3204 Viri

2161 3151 2282 3214 σίας
2309 3149 2689 3217 ἐκφωνεῖσθαι,
2713 3149 2779 3202 δι’
2804 3143 2880 3204 ὧν
2905 3151 2974 3202 τὰ
2999 3151 3098 3220 τῆς
3127 3151 3267 3205 Σιὼν
3296 3153 3730 3224 στηλογραφοῦν-

491 3240 637 3292 enim
673 3251 867 3306 graves
906 3237 972 3292 de
1006 3238 1228 3293 civitate
1264 3253 1326 3292 ea
1364 3239 1884 3308 interpretabantur.
1906 3239 2057 3297 Tunc

492 3327 616 3383 duci
658 3330 750 3397 qui
783 3327 848 3382 de
879 3337 1076 3384 eventu
1110 3329 1462 3399 desperabat,
1498 3345 1586 3384 res
1609 3340 1830 3386 nostras
1867 3333 2056 3402 dispo-

493 3432 644 3482 nere,
666 3433 875 3489 nosque
910 3419 1218 3475 indolentes
1256 3422 1493 3476 excitare
1519 3426 1703 3491 coepit,
1753 3432 1810 3477 ut
1854 3423 2055 3477 etrdem

492 3507 543 3562 ei
567 3508 717 3563 cordi
747 3525 865 3564 esse
895 3509 1209 3565 viderentur
1251 3511 1317 3564 iis
1347 3511 1438 3580 qui
1458 3527 1640 3566 earum
1670 3527 1852 3566 rerum
1882 3514 2054 3584 ignari

493 3607 676 3654 erant.
755 3599 884 3653 Nam
932 3603 1086 3670 qttasi
1122 3601 1356 3656 ludendo
1415 3602 1560 3656 circa
1613 3599 1821 3674 magna’
1855 3606 2055 3674 templa

493 3689 756 3744 excubias
786 3705 946 3765 agere
971 3692 1128 3745 nobis
1159 3694 1438 3762 praecepit.
1470 3691 1578 3746 Cur
1617 3695 1763 3748 enim
1799 3711 1895 3764 pro
1921 3696 2057 3751 civi-

490 3785 628 3836 tatis
680 3783 857 3837 salute
896 3799 1089 3854 preces
1143 3783 1366 3840 facere?
1422 3785 1477 3839 In
1520 3797 1704 3842 mente
1749 3797 1928 3843 autem
1962 3791 2059 3844 ha-

493 3873 661 3928 bebat
719 3874 1046 3943 religionem
1101 3875 1304 3939 colere,
1346 3876 1494 3946 quod
1550 3893 1658 3932 non
1713 3879 1833 3936 sine
1871 3881 2056 3952 aliquo

492 3961 789 4016 simulacro
847 3963 1098 4028 faciebat,
1135 3974 1193 4016 ut
1243 3967 1534 4017 maximam
1593 3965 1829 4020 civitatis
1865 3982 2054 4022 curam

495 4067 687 4116 gerere
737 4053 1042 4115 videretur,
1085 4068 1275 4121 preces
1334 4070 1433 4123 pro
1461 4070 1523 4108 ea
1577 4055 1760 4113 facere
1790 4059 2052 4128 jubendo.

494 4135 761 4205 Equidem
797 4149 925 4204 puto
957 4140 1193 4193 civitatis
1225 4150 1430 4195 statum
1481 4158 1604 4198 cum
1632 4145 1802 4201 fuisse
1821 4156 1879 4201 ut
1908 4160 2056 4204 certe

496 4228 991 4296 supplicationibus
1045 4230 1094 4284 ei
1145 4241 1273 4285 ante
1320 4234 1506 4286 omnia
1560 4250 1698 4303 opus
1758 4250 1926 4293 esset.
1978 4240 2054 4294 Ita

493 4321 738 4372 medicus
787 4320 878 4388 qui
920 4320 1195 4386 imperitia
1233 4337 1330 4377 sua
1366 4323 1608 4380 hominis
1633 4327 1764 4397 aegri
1794 4328 1959 4383 vitam
1996 4330 2051 4384 in

2158 3259 2248 3296 ται
2289 3241 2455 3294 κακά.
2493 3242 2602 3295 Kai
2639 3241 2689 3294 οί
2729 3241 2836 3294 ἐσω
2875 3243 3087 3311 φρενῶν
3122 3244 3420 3314 ῖερολογίαν
3452 3247 3594 3300 κατὰ
3627 3247 3727 3316 τῆς

2158 3334 2363 3397 πόλεως
2390 3334 2647 3388 ὑπενόουν
2671 3335 2826 3390 αὑτά.
2845 3335 3030 3402 Ἔδοξε
3052 3337 3130 3407 τῷ
3154 3338 3382 3410 ἀρχηγῷ
3403 3339 3725 3410 τηνικαῦτα,

2157 3418 2245 3477 οἷα
2278 3425 2386 3477 τῶν
2425 3423 2805 3496 στρατηγικῶν
2839 3427 3207 3495 ἀπεγνωκότι,
3241 3429 3624 3485 διατάττεσθαι
3657 3432 3729 3486 τὰ

2158 3513 2281 3566 καθ’
2310 3516 2457 3585 ἡμᾶς
2476 3557 2491 3583 ,
2525 3519 2619 3570 καὶ
2651 3517 2939 3589 διεγείρειν
2967 3519 3040 3582 ὡς
3072 3515 3183 3574 οἷον
3212 3521 3689 3586 άπονυστάζοντας
3707 3565 3726 3591 ,

2160 3603 2246 3658 ῐνα
2281 3608 2525 3674 φαίνοιτο
2555 3611 2668 3675 τοῖς
2705 3611 2780 3682 μὴ
2817 3613 3040 3666 συνιεῖσι
3073 3611 3162 3666 διὰ
3195 3616 3409 3668 πάντων
3441 3614 3597 3684 ἡμῶν
3633 3617 3728 3669 καὶ

2157 3699 2623 3770 προμηθέστατος.
2684 3704 2961 3774 Μηνύεται
3017 3706 3145 3774 γοῦν
3201 3708 3336 3777 ἡμῖν
3392 3708 3730 3778 παννυχίδας

2157 3791 2512 3864 ἀγρυπνητὰς
2560 3795 2810 3861 ἐπιτάξαι
2857 3796 2986 3868 περὶ
3031 3800 3158 3862 τοὺς
3209 3799 3476 3868 μεγάλους
3525 3802 3724 3868 ναοῦς.

2157 3882 2367 3947 παίζων
2399 3883 2604 3948 ἐκεῖνος
2640 3885 2938 3939 κάνταῦθα.
2974 3887 3038 3940 Τί
3072 3888 3180 3959 γὰρ
3215 3888 3310 3943 καὶ
3341 3889 3448 3943 ἔδει
3483 3892 3725 3961 προτρέ-

2155 3991 2277 4028 πειν
2303 3974 2576 4045 εὔχεσθαι,
2605 3976 2740 4048 ὅπερ
2771 3970 2974 4042 ἐκεῖνος
2997 3979 3295 4049 ἀπηύχετο,
3320 3981 3420 4052 τὴν
3445 3982 3726 4052 σωτηρίαν

2154 4068 2252 4137 τῆς
2281 4064 2645 4135 πόλιως;⁹Ην
2669 4069 2727 4124 δέ
2753 4070 2804 4123 οἱ
2831 4071 3042 4124 ἐπίνοια
3065 4073 3339 4127 όσιοῦσθαι
3364 4074 3425 4127 τὸ
3451 4074 3722 4143 εὐσεϐεῖν,

2154 4162 2248 4212 καὶ
2279 4160 2634 4230 ἐπικρύπτειν
2661 4160 2760 4232 τὴν
2786 4161 2986 4232 ὄρεξιν,
3020 4161 3103 4216 ἵνα
3133 4163 3261 4234 δοκῇ
3292 4165 3434 4220 πάνυ
3462 4183 3722 4237 περιποι-

2155 4251 2331 4304 εῖσθαι
2364 4252 2463 4320 τὴν
2495 4252 2649 4306 πόλιν
2683 4255 2766 4323 ἐφ’
2794 4253 3033 4322 ἅπασιν,
3068 4256 3122 4309 εῐ
3151 4273 3214 4324 γε
3249 4258 3391 4311 θέλει
3425 4259 3519 4311 καὶ
3553 4259 3723 4329 εὐχὰς

2153 4341 2253 4404 τὰς
2284 4341 2423 4411 ὑπὲρ
2453 4344 2659 4413 αύτῆς”
2691 4342 2844 4416 οἶμαι
2869 4347 2948 4414 δὲ,
2982 4350 3077 4402 καὶ
3105 4349 3541 4420 ἐνδεικνύμενος,
3575 4353 3722 4407 οὕτω

491 4409 814 4464 discrimine
845 4412 1052 4478 posuit,
1093 4413 1433 4470 sacerdotem
1467 4417 1693 4471 advocat
1744 4429 1804 4473 ut
1847 4421 2048 4477 viatico

2159 4407 2502 4502 καταστῆσαι
2527 4407 2596 4488 τά
2619 4436 2718 4505 τῆς
2747 4407 2975 4505 πόλεως,
3000 4438 3076 4503 ὡς
3102 4441 3274 4512 εὐχῶν
3300 4407 3394 4495 mit
3423 4407 3601 4511 μόνων
3625 4445 3724 4499 αὐ-

492 4501 782 4555 morientis
813 4501 1042 4557 salutem
1077 4503 1278 4560 ﬁrmet.
1307 4505 1537 4560 Gravior
1565 4509 1708 4563 enim
1741 4520 1858 4565 erat
1887 4529 2049 4582 quam

489 4591 580 4660 qui
613 4591 924 4660 jocaretur,
969 4609 1090 4664 quae
1131 4608 1214 4649 est
1261 4597 1466 4652 indoles
1505 4614 1694 4655 eorum
1733 4605 1826 4672 qui
1877 4604 2055 4660 homi-

2154 4523 2254 4594 τὴν
2285 4523 2531 4579 δέεσθαι·
2564 4527 2745 4596 ὅμοιον
2775 4528 2849 4591 ὡς
2881 4531 2931 4581 εί
2965 4532 3060 4584 καὶ
3095 4532 3274 4602 ίατρδς
3306 4536 3726 4605 κατεργασάμε-

2150 4632 2238 4678 νος
2265 4615 2328 4669 ἐκ
2354 4634 2498 4681 τινος
2527 4618 2856 4687 φαυλότητος
2889 4621 2983 4673 ἐπὶ
3011 4622 3226 4692 θανάτῳ
3253 4625 3564 4695 ἄνθρωπον,
3597 4625 3722 4685 εἶτα

493 4697 622 4735 num
670 4699 851 4740 mores
884 4700 950 4739 ex
1003 4703 1103 4742 usu
1139 4690 1381 4755 cognitos
1422 4692 1642 4748 habent.
1683 4695 1890 4751 Idcirco
1938 4715 2052 4753 rem

2157 4709 2439 4761 ἐπιτάσσει
2469 4710 2856 4778 προκαλεῖσθαι
2886 4713 3056 4782 ίερέα,
3085 4690 3434 4783 ἐφοδιάσοντα
3459 4690 3559 4788 ἧδή
3590 4719 3724 4790 θνή-

493 4773 870 4843 religiositatis
897 4782 1077 4846 specie
1104 4780 1380 4848 probatam
1398 4782 1548 4838 fecit.
1568 4783 2051 4857 Utcunquefuerit,

495 4862 574 4918 illi
639 4866 850 4934 jubenti
902 4870 1256 4926 ecclesiastici
1304 4875 1648 4930 obediorunt.
1704 4878 1768 4933 Et
1805 4895 1929 4934 cum
1961 4898 2058 4936 ne-

495 4968 648 5008 cesse
688 4967 836 5012 esset
866 4966 925 5012 ut
954 4963 1198 5016 carmina
1233 4962 1412 5017 dulcia
1457 4964 1674 5021 Davidis
1704 4982 2053 5036 canerentur.

496 5048 699 5103 accidit
748 5049 1174 5118 inopportunum
1225 5055 1430 5124 aliquid
1464 5057 1606 5124 (crat
1637 5069 1815 5114 autem
1846 5063 2060 5116 dilucu-

495 5142 632 5206 lum,
663 5150 786 5209 post
816 5141 1110 5209 quod'sole
1162 5146 1373 5200 oriente
1414 5149 1552 5216 capti
1588 5149 1794 5219 sumus)
1830 5161 1887 5204 ut
1913 5155 2059 5221 psal-

496 5247 644 5286 mum
697 5231 965 5300 eligerent
1025 5235 1184 5302 cujus
1245 5236 1486 5304 initium,
1547 5239 1728 5304 Deus,
1789 5251 2059 5296 venerunt

495 5333 690 5394 gentes
729 5323 785 5378 in
833 5325 1202 5380 hereditatem
1240 5335 1432 5394 tuam;
1479 5342 1532 5385 et
1583 5331 1801 5398 deinde,
1851 5334 2061 5389 Pollue-

497 5426 624 5470 runt
653 5415 912 5487 templum
942 5430 1190 5472 sanctum
1221 5428 1408 5483 tuum;
1437 5434 1738 5490 posuerunt
1771 5427 2057 5478 morticina

500 5520 788 5563 servorum
823 5516 1070 5572 tuorum,
1120 5517 1176 5564 et
1222 5512 1451 5580 reliqua.
1485 5511 1759 5580 Propheta
1789 5515 1934 5568 enim
1977 5517 2059 5569 di-

499 5595 658 5651 vinus
700 5615 768 5653 cx
799 5601 1130 5657 rcveiatioue
1157 5615 1347 5655 eorum
1382 5602 1473 5670 qui
1521 5618 1745 5672 precum
1778 5604 2055 5660 facienda-
2091 5643 2108 5657 .

501 5699 620 5743 tum
670 5691 845 5758 gratia
894 5702 1272 5750 convenerant
1305 5693 1607 5764 inspiratus
1642 5705 1782 5764 erat,
1820 5697 2048 5755 dicens:

2155 4814 2352 4850 σκοντα
2382 4800 2633 4870 σωστικῷ
2655 4801 2979 4871 ἀγιάσματι.
3003 4805 3137 4857 Οὑδέ
3163 4807 3272 4877 γὰρ
3293 4803 3360 4878 ἦν
3381 4809 3720 4879 ἐπιπόλαιος,

2154 4891 2291 4944 ἀλλὰ
2318 4891 2412 4944 καὶ
2436 4890 2554 4945 λίαν
2581 4892 2748 4960 βαθὺς
2774 4895 3288 4967 εύτραπελεύεσθαι,
3313 4901 3411 4953 ὅσα
3440 4918 3501 4968 γε
3531 4907 3725 4974 πειρά-

2158 4981 2354 5034 σασθαι
2398 4980 2492 5033 τοῦ
2541 4981 2732 5052 ἀνδρὸς
2775 4985 2898 5046 τοὺς
2945 4985 3153 5049 δεινοὺς
3197 4993 3572 5060 γνωματεύειν
3614 4995 3723 5064 ἤθη

2156 5070 2287 5136 τῶν,
2311 5064 2391 5132 οἷς
2414 5071 2478 5123 ἂν
2504 5072 2858 5142 περιτύχωσι.
2885 5077 2976 5129 Διὸ
3003 5077 3095 5130 καὶ
3118 5079 3322 5150 ταύτην
3345 5087 3724 5152 προσεποιεῖτο

2156 5159 2256 5228 τὴν
2290 5158 2658 5230 θεοκλύτησιν,
2696 5162 2769 5224 ὡς
2810 5164 2909 5216 οὑκ
2952 5167 3017 5218 ἂν
3050 5167 3111 5220 τὸ
3152 5168 3307 5221 Θεῖον
3343 5173 3723 5241 θεραπεύοιτο.

2159 5249 2350 5312 Ὅπως
2380 5250 2423 5302 δ’
2448 5250 2514 5304 ἃν
2543 5248 2653 5322 εἶχε
2683 5253 2744 5305 τὸ
2775 5257 3037 5325 πρᾶγμα,
3070 5261 3098 5311 ό
3131 5259 3232 5328 μὲν
3258 5258 3430 5330 εἶπεν,
3477 5265 3528 5316 οἱ
3557 5265 3604 5319 δ’
3631 5268 3725 5320 ἐκ·-

2160 5341 2537 5410 κλησιαστικοὶ
2578 5345 2866 5413 ἐπήκουον.
2906 5349 3017 5400 Καὶ
3058 5349 3122 5420 δὴ
3163 5352 3337 5422 χρεὼν
3378 5355 3727 5423 προλάμπειν

2157 5429 2249 5482 τοῦ
2280 5431 2501 5498 ψάλλειν
2527 5435 2615 5485 τὸν
2644 5434 2846 5501 γλυκὺν
2875 5439 3111 5508 μελῳδὸν
3138 5443 3319 5509 Δαυῖδ,
3346 5445 3581 5514 ἐπῆλθεν
3607 5448 3725 5501 οὔτι

2159 5523 2300 5574 κατὰ
2341 5523 2514 5576 αἴσιον
2556 5528 2664 5589 τοῖς
2701 5528 3048 5600 δεησομένοις
3091 5527 3182 5604 (ἦν
3223 5537 3280 5588 δέ
3320 5537 3489 5605 βαθὺς
3531 5538 3727 5608 ὄρθρος

2158 5613 2301 5678 τότε,
2345 5609 2406 5668 οὗ
2452 5615 2790 5686 λαμφθέντος
2841 5624 2976 5691 ἡλίῳ
3027 5624 3322 5695 ἑάλωμεν),
3371 5628 3727 5694 ἐπιλέξασθαι

2161 5702 2375 5773 ψαλμὸν
2407 5707 2632 5776 ἐκεῖνον,
2663 5707 2721 5766 οὗ
2751 5718 3010 5785 κατάρχει
3043 5715 3140 5784 μὲν
3168 5721 3227 5771 τό
3250 5735 3264 5750 ·
3307 5737 3326 5771 t
3361 5719 3421 5774 Ὁ
3451 5721 3606 5788 Θεὸς,
3635 5721 3726 5791 ἦλα
