4012 6226
299 339 405 402 129

1082 345 1178 405 DE
1217 347 1784 408 THES’SALONICA
1831 347 2034 406 URBE
2077 347 2120 403 Α
2166 347 2469 406 ΙΑἹῚΝΙΒ
2509 347 2767 406 (ἋΡΤΛ.

3458 337 3559 403 130

296 459 462 510 θοσαν
497 457 626 526 ἔθνη
659 457 741 519 είς
768 456 870 526 τὴν
901 457 1264 526 κληρονομίαν
1300 477 1394 512 σου
1425 478 1438 491 ο
1479 480 1496 510 ι
1535 461 1795 529 ιφὲπεται
1826 459 1872 512 δὲ

1990 459 2067 511 Ad
2104 460 2235 528 quid
2291 461 2544 527 precibus
2603 463 2667 511 ad
2723 457 2888 512 Deum
2941 469 3078 520 opus
3127 453 3414 518 habemus,
3464 455 3558 525 qui

288 550 387 602 τό·
432 568 450 599 ι
490 549 754 616 Ἐμίαναν
791 549 884 602 τὸν
923 549 1051 602 ναὸν
1086 550 1178 602 τὸν
1219 549 1374 618 ἅγιόν
1416 567 1546 603 σου*
1589 550 1776 604 ἔθεντο
1814 549 1872 603 τὰ

1996 567 2084 604 res
2116 559 2336 606 nostras
2374 552 2536 620 plane
2569 550 2820 618 cognitas
2856 547 3060 603 habet?

300 642 612 710 θνησιμαῑα
659 639 768 692 τῶν
801 640 1004 693 δούλων
1037 658 1154 709 σου,
1196 660 1216 695 ι
1249 645 1343 696 καὶ
1404 644 1466 696 τδ
1519 643 1644 713 ἑξῆς
1677 659 1693 675 ⁸
1732 645 1955 714 μονονοὺ
2008 643 2458 714 χρησμῳδοῦντος
2501 643 2594 695 τοῦ
2639 643 2921 712 Προφήτου
2977 643 3067 694 καὶ
3118 641 3446 710 θεοπάτορος
3491 641 3558 695 δι’

296 732 646 801 ὖποφητείας
702 731 812 784 τῶν
841 733 1221 804 ἠθροισμένων
1271 735 1350 798 είς
1377 735 1590 806 δέησιν,
1647 737 1742 790 καὶ
1791 735 2073 804 λέγοντος·
2110 734 2175 786 Τί
2221 735 2285 788 ἂν
2330 735 2410 788 ἔτι
2450 734 2702 805 δεοίμεθα
2771 732 3076 803 πρεσϐειῶν
3130 735 3207 795 είς
3243 731 3396 797 Θεὸν,
3432 731 3558 785 ἔνθα

290 826 490 894 ἐκείνῳ
521 823 592 876 τὰ
624 823 748 877 καθ’
773 825 931 893 ἡμῶν
959 825 1374 894 ἀποπέφανται;

361 915 505 986 ρλγ’.
530 913 687 986 Εἷχεν
708 917 851 968 οὕτω
877 917 1069 984 ταῦτα,
1097 917 1338 972 πλείοσιν
1363 921 1573 990 ἑτέροις
1599 939 1878 993 παρασπι-

291 1008 499 1077 ζόμενα
531 1004 948 1084 συγκροτήμασι
977 1008 1078 1077 τῆς
1101 1009 1196 1062 τοῦ
1226 1010 1398 1064 κακοῦ
1429 1012 1734 1081 δηλώσεως.
1766 1013 1879 1066 Kal

289 1102 472 1153 τοῑνυν
525 1100 604 1169 τῷ
661 1102 840 1169 συχνῷ
891 1100 1095 1154 τούτων
1143 1103 1384 1167 ἅπαντες
1435 1106 1874 1176 ἀνειρρονοῦμεν,

289 1191 490 1262 ὄψιμον
526 1193 854 1258 συνάγοντες
884 1193 1032 1261 νοῦν,
1068 1197 1160 1248 καὶ¹
1191 1196 1250 1249 τὸ
1284 1194 1476 1267 πρώην
1506 1197 1706 1267 θράσος
1736 1199 1875 1251 ἀπο-

291 1286 636 1354 ποιούμενοι.
670 1287 743 1338 Οὐ
776 1287 885 1355 γὰρ
918 1286 985 1339 ἃν
1015 1289 1188 1340 ἐκεῖνο
1218 1288 1435 1360 Θάρσος,
1467 1289 1695 1359 εἴποιμι,
1729 1290 1874 1343 ἐλλό-

291 1392 399 1442 γως
430 1377 678 1446 εἴχομεν,
731 1377 825 1431 καὶ
853 1379 1110 1446 ὲνοοῦμεν
1139 1381 1318 1434 οὐκέθ’
1340 1383 1472 1452 ἡμῖν
1498 1377 1638 1436 εἶναι
1669 1384 1869 1451 φυκτά.

291 1466 502 1520 Οὔκουν
530 1468 772 1538 ἔφθησαν
797 1472 1133 1539 καταντῆσαι
1161 1474 1239 1536 είς
1267 1475 1442 1545 πέρας
1466 1477 1520 1528 al
1543 1475 1652 1529 τῶν
1675 1475 1875 1545 ἔκκλη-

2069 921 2189 976 155.
2237 919 2359 975 llaec
2403 929 2457 975 et
2509 921 2664 990 plura
2723 920 2826 972 alia
2886 917 2950 970 ad
3007 931 3281 971 aerumnas
3335 924 3555 972 nostras

1985 1015 2409 1085 conspirabant,
2463 1028 2697 1082 quarum
2748 1011 3052 1080 frequentia
3089 1009 3216 1063 fecit
3253 1016 3312 1062 ut
3357 1009 3557 1077 resipi-

1984 1122 2290 1172 sceremus,
2312 1117 2363 1160 et
2388 1106 2696 1160 temeritate
2725 1103 2970 1172 deposita
3002 1117 3134 1156 sana
3167 1110 3344 1156 mente
3370 1101 3554 1156 omnia

1983 1200 2449 1254 examinaremus.
2497 1197 2590 1250 illa
2627 1195 2770 1249 enim
2809 1195 3039 1248 audacia
3078 1193 3348 1247 rationein
3385 1192 3558 1248 comi-

1984 1297 2088 1343 tem
2145 1304 2253 1343 non
2306 1287 2565 1349 habebat,
2613 1294 2667 1341 et
2703 1286 2838 1339 nihil
2874 1284 3034 1338 nobis
3081 1281 3398 1350 fugiendum
3431 1295 3556 1337 esse

1976 1380 2387 1450 iudicabamus.
2426 1378 2518 1433 Sic
2550 1380 2712 1448 igitur
2741 1378 2865 1431 dum
2902 1379 2954 1430 in
2987 1376 3346 1430 concionibus
3379 1374 3557 1430 eccle-

1980 1471 2224 1526 siasticis
2272 1471 2520 1525 solamen
2565 1470 2902 1538 qumrebant,
2940 1468 3164 1529 bellum,
3201 1482 3325 1521 cum
3358 1465 3552 1536 psalmi

291 1560 418 1610 σιῶν
461 1560 746 1630 δεητήριοι
791 1563 1081 1632 ἁρμονίαι,
1121 1564 1217 1618 καὶ
1261 1567 1289 1618 δ
1333 1568 1594 1637 πόλεμος,
1638 1567 1720 1622 ἔτι
1764 1569 1871 1621 τῶν

1981 1573 2009 1612 a
2041 1559 2484 1628 supplicantibus
2528 1565 2882 1620 canerentur,
2945 1556 3370 1611 lamentationes
3421 1571 3554 1626 sug-

290 1650 523 1719 ψαλμῶν
557 1653 889 1721 εἰλουμένων
923 1657 980 1708 ὲν
1014 1659 1125 1720 τοῖς
1157 1657 1267 1709 τῶν
1303 1658 1570 1728 δεομένων
1607 1660 1872 1729 στόμασι,

1977 1652 2164 1721 gessit,
2207 1651 2262 1704 In
2295 1651 2532 1720 gemitus
2566 1657 2620 1704 et
2647 1649 2936 1703 infernalia
2981 1648 3218 1716 suspiria
3244 1648 3548 1709 convertit,

294 1741 528 1810 θρήνους
559 1741 838 1812 πσρέόυσε
860 1785 875 1809 ,
908 1745 1002 1796 καὶ
1032 1746 1112 1808 είς
1143 1745 1304 1812 γόους
1336 1746 1586 1816 οίκτροὺς
1619 1747 1710 1798 καὶ
1741 1746 1872 1799 ἀλα-

290 1830 534 1900 λαγμοὺς
562 1832 692 1903 sequ
721 1835 1172 1904 ἀντιπεριέστησε
1195 1877 1209 1900 ,
1236 1836 1330 1888 καὶ
1364 1838 1444 1898 είς
1474 1835 1652 1906 φυγὴν
1675 1836 1872 1899 αὐτοὺς

289 1922 680 1991 ἀθροισθέντας
729 1925 965 1996 ἔπτυρε,
1010 1927 1104 1980 καὶ
1146 1927 1368 1981 τοιαῦτα
1411 1929 1643 1995 διέθετο,
1687 1921 1872 1999 ὧνπερ

289 2015 382 2069 ὀΐω
412 2016 801 2086 μεμνήσεσθαι
826 2018 952 2080 τοὺς
979 2017 1187 2082 ζῶντας
1212 2017 1271 2070 εν
1298 2035 1400 2088 περ
1425 2019 1655 2089 ὀνείροις
1675 2036 1688 2051 ·
1715 2021 1871 2090 εῐπερ

289 2109 344 2161 οὐ
377 2108 448 2161 τὰ
483 2108 622 2179 ἡδέα
660 2110 820 2178 μόνον
851 2109 1224 2178 προπίπτουσι
1253 2110 1354 2178 τῆς
1387 2113 1507 2164 καθ’
1536 2113 1702 2167 ὕπνον
1733 2131 1869 2183 φαν-

289 2200 487 2262 τασίας
507 2237 523 2263 ,
557 2199 676 2252 ἀλλ’
702 2199 857 2254 οὐδὲν
886 2195 1050 2270 ἦττον
1079 2201 1174 2254 καὶ
1203 2203 1271 2254 τὰ
1301 2205 1464 2269 φόϐον
1496 2205 1870 2276 ἐνδειξάμενα.

361 2327 494 2397 ρλδ⁸.
538 2329 652 2382 Kal
682 2329 855 2393 οὕτως
888 2330 948 2396 ἐξ
979 2331 1115 2394 ίδίας
1143 2331 1362 2402 ἔχθρας,
1395 2334 1494 2402 τῆς
1523 2351 1582 2388 τε
1613 2335 1752 2389 κατά
1779 2335 1872 2390 τὸν

297 2418 523 2488 βασιλέα
557 2419 921 2488 ⁹Δνδρὸνικον,
952 2421 1047 2473 καὶ
1074 2421 1174 2488 τῆς
1202 2422 1345 2474 κατὰ
1372 2421 1461 2476 τὸν
1489 2423 1657 2476 δοῦκα
1685 2425 1870 2489 Δαυῖδ,

293 2510 476 2563 κοινὸν
504 2511 678 2563 κακδν
709 2511 1052 2580 κατέσκηψεν
1078 2512 1347 2566 ἀνάπαλιν
1376 2514 1455 2583 τῷ
1481 2531 1874 2582 γνωματευσα-

292 2602 437 2672 μένῳ
453 2602 634 2655 πολλὰ
662 2601 772 2654 τῶν
791 2602 985 2656 κοινῶν
1012 2604 1154 2658 κατά
1179 2622 1328 2668 τινας
1355 2605 1489 2668 ιδίας
1518 2605 1718 2677 ἔχθρας
1743 2607 1872 2676 λαγ-

289 2694 472 2761 χάνειν
528 2691 923 2762 ἐπανόρθωσιν.
962 2693 1071 2746 Kal
1114 2695 1215 2748 οὐκ
1254 2696 1524 2767 εὐφραδὴς
1564 2697 1780 2767 ἡμέρα,
1837 2698 1871 2766 ἡ

286 2786 382 2855 τῆς
421 2783 810 2854 πανωλεθρίας
833 2825 848 2848 ,
883 2787 1199 2858 κατερράγη
1234 2789 1365 2857 ἡμῖν
1390 2805 1405 2821 ο
1441 2789 1509 2861 ἣν
1543 2778 1735 2860 ἤθελον
1774 2789 1874 2859 μὲν

286 2877 350 2931 ὲκ
379 2877 497 2929 τῶν
533 2875 632 2929 τοῦ
671 2875 833 2930 καλοῦ
869 2877 1115 2930 ἐνιαυτοῦ
1150 2879 1640 2951 ἀναπληρωμάτων
1673 2881 1872 2935 αὐτίκα

285 2966 617 3036 ἐκκοπῆναι,
651 2969 832 3019 ὁποῖόν
863 2984 914 3020 τι
949 2967 1320 3039 λελυπημένος
1359 2970 1452 3023 καὶ
1484 2971 1512 3022 ὁ
1545 2970 1867 3040 καρτερικὸς
1896 2959 1938 3018 C

296 3058 416 3112 Ἰὼὸ
433 3057 657 3122 εὔξατο.
691 3058 832 3112 Ἀλλ’
857 3059 885 3110 ὁ
913 3059 1174 3124 ἐπιτάξας
1191 3060 1267 3130 τῷ
1295 3059 1428 3132 ἡλίῳ
1452 3061 1655 3133 ὁρίζειν
1680 3061 1747 3115 τὰ
1772 3061 1865 3115 τοῦ

285 3149 539 3204 ἐνιαυτοῦ
587 3151 710 3204 καθ’
740 3151 933 3222 εἱρμὸν
971 3150 1061 3203 τὸν
1107 3151 1201 3204 ἀπ’
1234 3153 1482 3218 αίὼνων,
1523 3152 1867 3218 ἑξουδενὼσει

284 3244 610 3310 Mximas
648 3242 752 3311 τῆς
796 3242 962 3311 εὐχῆς
1003 3243 1228 3312 ταύτης,
1269 3243 1647 3307 πεπαιδευκὼς
1693 3244 1868 3308 ἄλλως

282 3331 582 3401 εὔχεσθαι,
608 3331 1124 3404 ἀνθρωπικώτερον.
1153 3332 1226 3385 Τὸ
1252 3332 1362 3401 γὰρ
1387 3333 1528 3386 οὕτω
1555 3335 1870 3400 γονυπετεῖν

282 3422 342 3474 ἀν
367 3421 625 3491 δεήσεσιν
649 3421 752 3475 οὐκ
777 3422 840 3475 ἂν
863 3423 950 3492 εἴη
973 3422 1152 3493 ψυχῆς
1181 3421 1256 3492 μὴ
1284 3423 1761 3494 παραφερομένης,
1788 3419 1870 3488 οἷς

285 3514 619 3569 παθαίνεται
639 3530 654 3545 ·
681 3514 802 3567 ὅθεν
826 3519 921 3571 καὶ
948 3516 1294 3584 συγγνωστὰ,
1319 3518 1368 3569 εἰ
1393 3517 1490 3570 καὶ
1513 3515 1655 3570 οὕτω
1678 3517 1870 3572 λαλοῦ-

287 3622 407 3675 μεν.
434 3607 599 3660 Alﬁo:
620 3606 730 3676 γὰρ
751 3606 986 3660 ἐνταῦθα
1009 3608 1108 3660 οὐκ
1129 3607 1195 3662 ἂν
1218 3609 1574 3678 παθήναιντο,
1596 3609 1690 3661 καὶ
1710 3609 1870 3673 ὅσους

282 3699 403 3752 κατ’
429 3696 661 3760 αὐτούς.
693 3697 813 3760 [Ιῶς
836 3697 947 3767 γὰρ
971 3699 1278 3769 ἄνθρωπος,
1307 3699 1435 3755 ἔνθα
1459 3700 1554 3755 καὶ
1579 3699 1687 3753 τῶν
1713 3699 1870 3753 πολε-

287 3789 428 3858 μίων
453 3791 504 3841 ot
538 3789 861 3859 (ραινόμενοι
888 3788 1022 3841 Θεὸν
1048 3788 1268 3852 ειδέναι,
1293 3791 1389 3842 καί
1412 3806 1466 3843 τι
1491 3790 1636 3859 ἔχειν
1660 3790 1869 3852 οἴκτου.

284 3884 376 3934 καὶ
409 3881 740 3951 ἀθηρίωτοι,
771 3879 1032 3949 ἐδάκρυον
1064 3879 1158 3932 καὶ
1192 3879 1608 3946 κατεστέναζον,
1642 3879 1870 3950 βλέπον-

282 3993 374 4039 τες
410 3976 576 4030 πόλιν
602 3973 861 4045 τοιαύτην
888 3973 1032 4027 οὕτω
1063 3975 1473 4045 κατῃκισμένην
1503 3975 1600 4027 καὶ
1630 3975 1872 4044 ἐζημιω-

287 4071 463 4138 μένην
489 4068 717 4130 κακοῖς,
749 4065 925 4134 ἅπερ,
956 4067 1004 4118 εί
1033 4065 1362 4136 διενεμήθη,
1394 4065 1651 4135 πλείστην
1679 4064 1745 4118 ἂν
1773 4065 1870 4134 τῆς

285 4160 624 4229 οίκουμένης
666 4160 747 4222 είς
788 4157 1209 4227 εὐδαιμονισμὸν
1248 4156 1589 4226 ὲξήρτυσαν;
1639 4155 1714 4208 Οὐ
1762 4155 1870 4226 γὰρ

1975 1755 2029 1798 et
2060 1743 2325 1797 concione
2353 1742 2624 1810 dissipata
2655 1741 2872 1795 animos
2902 1741 2970 1794 ita
3003 1738 3190 1794 affecit
3223 1747 3278 1791 ut
3313 1737 3403 1806 qui
3435 1737 3550 1792 vita

1974 1833 2301 1901 superstites
2334 1841 2521 1895 erant,
2552 1831 2843 1902 lugubrem
2876 1831 3040 1885 istius
3073 1829 3403 1884 calamitatis
3439 1843 3553 1883 me-

1973 1926 2203 1980 moriam
2238 1925 2518 1979 servaturi
2554 1922 2687 1986 siut,
2721 1922 2994 1992 siquidem
3029 1937 3134 1976 non
3155 1921 3409 1990 jucunda:
3437 1931 3553 1974 tan-

1975 2030 2086 2073 tum
2121 2032 2228 2082 res,
2263 2015 2360 2071 sed
2402 2014 2768 2070 formidolosa:
2791 2014 2959 2068 etiam
2994 2012 3379 2068 dormientium
3413 2011 3552 2067 ima-

1971 2110 2308 2180 ginationem
2349 2115 2603 2179 tangunt.

2044 2333 2166 2388 154.
2205 2333 2297 2388 Sic
2326 2347 2390 2388 ex
2421 2331 2550 2386 odio
2583 2331 2798 2400 privato
2828 2330 2884 2385 in
2917 2329 3294 2385 Andronicum
3335 2335 3389 2384 et
3419 2313 3540 2381 Da-

1977 2425 2156 2479 videm
2197 2423 2392 2477 ducem
2429 2423 2634 2477 niuium
2659 2436 2952 2476 commune
2988 2434 3182 2477 rursus
3234 2420 3444 2489 ingruit
3483 2421 3540 2474 in
3612 2493 3615 2496 _

1972 2515 2186 2569 animos
2213 2528 2430 2578 eorum,
2469 2513 2562 2582 qui
2619 2512 2863 2566 sentiunt
2896 2512 3157 2582 pleraque
3206 2511 3347 2564 mala
3395 2525 3551 2564 com-

1973 2606 2163 2662 munia
2225 2605 2292 2658 ab
2341 2605 2469 2658 odio
2529 2605 2745 2673 privato
2797 2605 3080 2658 emendari
3136 2617 3318 2672 posse.
3375 2601 3550 2656 Nobis

1973 2709 2155 2754 autem
2191 2713 2300 2751 non
2343 2695 2575 2766 pulchra
2609 2696 2762 2759 dies,
2807 2696 2920 2750 imo
2973 2710 3095 2763 quae
3151 2695 3317 2749 nobis
3369 2694 3550 2749 omni-

1974 2793 2076 2847 bus
2127 2791 2359 2846 exitiosa
2409 2788 2553 2854 fuit,
2628 2788 2849 2852 illuxit,
2915 2796 2972 2844 et
3043 2801 3208 2857 quam
3275 2800 3344 2840 ex
3413 2785 3546 2838 anni

1975 2882 2148 2952 spatio
2171 2882 2354 2937 statim
2387 2880 2614 2936 recisam
2667 2880 2882 2944 vellem,
2948 2879 3095 2935 sicut
3146 2876 3249 2932 Joh
3317 2875 3374 2930 in
3409 2874 3546 2930 allii-

1973 2975 2158 3031 ctione
2207 2989 2273 3030 ac
2325 2989 2562 3031 mmrore
2616 2988 2718 3030 suo
2765 2973 3094 3043 deprecatus
3131 2980 3239 3027 est.
3295 2969 3402 3026 Sed
3449 2969 3545 3039 qui

1973 3067 2075 3123 soli
2140 3066 2210 3122 ab
2268 3064 2426 3120 initio
2485 3065 2813 3121 saeculorum
2864 3078 3086 3118 cursum
3161 3061 3546 3132 pmscripsit,

1973 3154 2114 3210 istas
2155 3167 2349 3224 preces
2387 3155 2618 3222 respuit,
2672 3162 2860 3221 utpote
2915 3153 3172 3208 humanas
3208 3165 3418 3207 natura:
3462 3153 3548 3206 in-

1972 3259 2264 3314 cougruas.
2292 3243 2535 3299 Geuibus
2561 3244 2706 3298 enim
2733 3243 2890 3297 ﬂexis
2914 3259 3074 3298 orare
3099 3259 3206 3297 non
3237 3253 3325 3300 est
3350 3245 3548 3300 anime

1972 3351 2094 3406 quae
2129 3335 2273 3390 mala
2307 3335 2576 3406 patienter
2611 3333 2758 3397 fert;
2794 3335 3030 3406 ideoque
3081 3337 3320 3392 sermoni
3355 3347 3548 3392 nostro

1974 3427 2370 3498 ignoscendum
2411 3427 2538 3482 erit.
2577 3425 2712 3480 Nam
2749 3427 2958 3497 lapides
3007 3427 3114 3496 ipsi
3148 3443 3255 3481 non
3300 3435 3547 3484 tacerent

1974 3517 2030 3571 iu
2093 3516 2202 3571 isto
2257 3521 2402 3569 statu
2467 3514 2654 3583 positi.
2695 3512 2985 3580 Quomodo
3028 3514 3172 3568 enim
3215 3513 3380 3570 homo
3433 3531 3545 3571 non

1973 3615 2287 3660 moveretur
2315 3646 2329 3670 ,
2367 3603 2459 3659 ubi
2500 3603 2582 3659 vel
2627 3603 2773 3658 inter
2806 3604 2994 3660 hostes
3029 3603 3068 3658 ii
3114 3605 3204 3675 qui
3239 3603 3334 3660 Dei
3366 3606 3547 3660 notio-

1969 3714 2098 3753 nem
2147 3698 2369 3762 habere,
2411 3711 2476 3753 ac
2523 3695 2906 3752 misericordia
2959 3696 3164 3753 moveri
3221 3704 3544 3764 censentur,

1973 3788 2385 3860 lacrymabundi
2457 3790 2785 3856 gemebant,
2853 3789 3044 3842 urbem
3099 3790 3306 3855 talem,
3381 3793 3548 3846 tantis

1971 3881 2229 3935 aerumnis
2265 3881 2538 3943 obrutam,
2580 3886 2634 3932 et
2683 3887 2763 3932 tot
2795 3878 2952 3932 bonis
2976 3878 3218 3931 orbatam
3264 3879 3544 3945 videntes,

1971 3985 2094 4042 quae
2142 3972 2190 4025 si
2242 3970 2503 4038 repartita
2547 3968 2805 4034 fuissent,
2841 3982 3092 4039 magnam
3129 3975 3292 4022 terra:
3335 3981 3543 4038 partem

1975 4062 2281 4117 beasseut?
2318 4059 2434 4114 Non
2469 4061 2615 4113 enim
2659 4060 2790 4114 urbs
2831 4059 3074 4129 vulgaris
3106 4071 3245 4126 erat,
3284 4060 3379 4115 sed
3427 4060 3542 4115 for-

1973 4161 2284 4207 tunatorum
2329 4147 2508 4214 sedes,
2531 4162 2693 4217 quam
2729 4146 2822 4215 qui
2867 4155 3121 4209 noverat,
3148 4144 3399 4200 oblivisci
3434 4162 3546 4202 non

283 4253 448 4316 πόλις
471 4248 542 4322 ἦν
566 4252 600 4319 ἡ
625 4249 834 4314 ἁπλῶς,
857 4248 993 4302 ἀλλά
1019 4247 1282 4316 μακάρων
1304 4247 1397 4317 γῆ,
1418 4245 1606 4300 ὁποίαν
1627 4247 1655 4300 ὁ
1683 4245 1869 4315 μαθὼν

1974 4250 2218 4314 poterat;
2253 4256 2374 4311 quae
2407 4239 2565 4294 bonis
2615 4238 2968 4294 terrestribus
2997 4251 3214 4307 semper
3247 4239 3540 4298 abundans

283 4346 387 4398 οὐκ
418 4345 487 4398 ἀν
516 4344 632 4412 Ξχοι
665 4338 928 4395 λαθέσθαι
960 4338 1134 4406 αὐτῆς
1160 4354 1175 4369 ο
1208 4339 1242 4409 ἡ
1278 4337 1544 4391 θάλλουσα
1577 4337 1728 4390 ἐσαεὶ
1757 4338 1868 4402 τοῖς

1977 4345 2109 4390 tunc
2152 4332 2511 4388 cadaveribus
2559 4330 2830 4396 scatebat,
2875 4346 2998 4401 qua:
3029 4346 3184 4386 nunc
3233 4347 3454 4403 quoque
3487 4333 3545 4389 in

285 4438 433 4494 κατά
464 4437 674 4505 κόσμον
703 4434 913 4505 καλοῖς,
946 4429 1208 4499 ἐξήνθησε
1236 4430 1356 4482 τότε
1388 4429 1750 4500 ἀτημελήτοις
1783 4446 1870 4482 νε-

289 4530 478 4599 κροῖς,
514 4503 590 4580 ὧν
622 4525 717 4578 καὶ
751 4503 923 4578 είσέτί
958 4522 1185 4594 σώματα
1222 4521 1428 4590 ἀκηδέα
1460 4523 1637 4575 κεῖται
1674 4523 1732 4574 ἐν
1767 4537 1873 4575 πα-

289 4621 613 4692 ρασύστοις,
638 4616 868 4688 ἀνδρῶν,
897 4615 1194 4684 γυναικῶν,
1218 4611 1447 4682 νηπίων,
1473 4611 1746 4680 ἀκμαίων,
1776 4629 1872 4682 με·

289 4712 592 4768 σαιπολίων
616 4749 634 4776 ,
698 4710 972 4781 γερόντων
1002 4723 1017 4739 ο
1085 4707 1260 4760 εἰπεῖν
1317 4707 1381 4758 τὸ
1440 4705 1826 4774 ἀνηλεέστερον
1851 4746 1868 4772 ,

285 4803 663 4876 παρειμένων,
693 4801 728 4873 ἢ
760 4800 855 4854 καὶ
883 4800 1013 4854 ἀλλο
1035 4817 1088 4853 τι
1119 4798 1263 4861 σίνος
1292 4797 1576 4852 παθόντων
1601 4797 1872 4870 ἀποτυχίᾳ

286 4895 507 4962 φύσεως
528 4908 542 4922 ·
571 4893 670 4946 καὶ
695 4891 878 4946 αὐτῶν
900 4890 965 4960 δὴ
991 4889 1100 4942 τῶν
1127 4890 1300 4959 ὁπηδή
1310 4905 1439 4943 ποτε
1464 4888 1871 4960 νοσοκομουμέ-

282 5002 430 5049 νων,
463 4982 561 5047 οὒς
599 4981 723 5036 οὔτε
757 4985 935 5054 τεῖχος
969 4978 1145 5047 εἶδεν,
1181 4980 1296 5034 οὔθ’
1322 4982 1486 5036 ὅπλον
1521 4981 1731 5052 έτριψε.
1767 4982 1871 5036 Τὸν

283 5073 422 5142 γοῦν
449 5072 910 5144 ἐκκλησιαστικὸν
938 5071 1145 5139 ξενῶνα
1176 5071 1559 5143 εἰσδραμόντες
1588 5073 1638 5124 ot
1666 5072 1867 5139 δεινοὶ,

285 5166 386 5219 καὶ
413 5166 556 5221 κατά
587 5164 760 5219 σκιῶν
786 5162 1152 5233 ἀνδρίζεσθαι,
1185 5163 1400 5234 πρῶτον
1429 5164 1511 5226 είς
1540 5164 1738 5227 αὐτοὺς
1765 5165 1871 5220 ἀπ-

284 5257 606 5327 ησχόλησαν
635 5256 703 5311 τὰ
736 5255 864 5324 ξίφη
886 5272 902 5288 ·
939 5254 1080 5326 μετά
1109 5255 1166 5309 δὲ
1200 5253 1358 5309 κενὸν
1385 5255 1446 5308 τὸ
1477 5256 1588 5309 πᾶν
1616 5257 1868 5326 ἀφῆκαν,

284 5343 366 5403 ὧν
399 5350 553 5412 ἐντὸς
589 5347 781 5416 ιστεγε
803 5387 817 5410 ,
850 5346 961 5400 τῶν
996 5363 1057 5399 τε
1091 5345 1229 5417 πρὸς
1267 5347 1512 5416 ίατρείαν
1532 5389 1548 5414 ,
1584 5349 1677 5401 καὶ
1707 5341 1788 5410 οἷς
1821 5348 1870 5401 οί

285 5442 592 5511 τληπαθεῑς
619 5441 930 5494 ὲσκέποντο.
962 5440 1070 5493 Kal
1102 5437 1198 5491 νῦν
1223 5439 1286 5492 τδ
1311 5440 1552 5494 τοιοῦτον
1579 5440 1742 5494 καλὸν
1770 5441 1872 5495 οὐκ

285 5531 409 5601 ἔχει
435 5532 560 5586 τινὰ
592 5531 939 5601 ξεναγωγείν.
975 5530 1118 5584 Ἀλλ’
1138 5531 1190 5584 οἱ
1219 5531 1355 5600 πρὸς
1383 5532 1710 5602 νοσοκομίαν
1737 5532 1871 5585 ἀπο-

286 5619 545 5683 νεύοντες
579 5621 897 5690 ἐρχόμενοι,
933 5620 1028 5672 καὶ
1057 5621 1122 5674 τὸ
1153 5621 1377 5690 κένωμα
1414 5621 1742 5692 βλέποντες,
1775 5624 1872 5676 καὶ

287 5710 356 5764 τὸ
384 5711 520 5783 πρὸς
547 5711 760 5780 ὑγίειαν
785 5711 1055 5784 βοήθημα,
1079 5713 1213 5766 ὡσεὶ
1239 5713 1335 5768 καὶ
1361 5711 1591 5769 θανάτου
1619 5713 1870 5782 καταγώ-

1975 4425 2112 4482 locis
2168 4426 2422 4480 obscuris
2477 4423 2687 4494 jacent,
2742 4423 3009 4487 virorum,
3068 4424 3380 4490 mulierum,
3411 4441 3545 4496 pue-

1974 4532 2183 4582 rorum,
2217 4515 2532 4577 infantium,
2560 4513 2897 4578 adultorum,
2930 4511 3121 4567 mediae
3139 4517 3545 4580 atatis,senum

1973 4607 2284 4662 miserrime
2315 4605 2731 4667 derelictorum,
2768 4610 2863 4658 aut
2903 4601 2949 4657 si
2971 4602 3090 4666 ,alia
3119 4616 3150 4656 a
3179 4611 3376 4656 natura
3407 4603 3538 4658 labe

1974 4700 2157 4754 amicti
2179 4707 2510 4768 erant,quos
2527 4707 2708 4753 tamen
2737 4711 2835 4752 nec
2855 4710 3046 4753 murus
3067 4693 3279 4749 viderat
3310 4707 3408 4750 nec
3439 4695 3547 4750 tela

1973 4792 2282 4862 tetigerant.
2299 4790 2432 4846 Cum
2452 4791 2506 4843 in
2525 4787 3019 4845 ecclesiasticorum
3035 4785 3325 4856 hospitimn
3345 4784 3548 4840 intras~

1971 4892 2114 4950 seut,
2170 4897 2331 4937 manu
2380 4882 2568 4947 fortes,
2615 4895 2739 4934 cum
2794 4878 3004 4933 umbris
3044 4891 3286 4948 pugnare
3319 4879 3542 4943 assueti,

1973 4973 2367 5048 primogladios
2400 4976 2450 5029 in
2469 4975 2615 5043 ipsos
2631 4980 2942 5035 verterunt;
2961 4979 3149 5041 postea
3173 4983 3302 5024 vero
3324 4983 3540 5025 omnem

1970 5066 2151 5124 locum
2167 5065 2521 5120 habitandum
2551 5063 2778 5118 medicis
2799 5071 2853 5117 et
2873 5071 3204 5132 aegrotorum
3222 5059 3543 5117 custodibus

1974 5158 2345 5229 reliquerunt.
2374 5157 2632 5211 Attamen
2660 5155 2774 5209 haec
2820 5153 3114 5224 magniﬁca
3141 5154 3338 5208 domus
3368 5150 3542 5205 nemi-

1972 5267 2096 5307 nem
2130 5251 2310 5305 adhuc
2338 5248 2577 5319 hospitio
2603 5245 2840 5316 excepit.
2871 5245 2973 5313 Qui
3001 5253 3185 5300 autem
3215 5244 3283 5300 ad
3309 5249 3542 5311 aegroto-

1974 5358 2097 5399 rum
2144 5341 2482 5396 curationem
2523 5347 2812 5403 venerunt,
2851 5337 2968 5394 loco
2992 5352 3166 5392 vacuo
3215 5339 3536 5401 conspecto,

1975 5437 2027 5492 id
2056 5450 2228 5506 genus
2257 5432 2444 5488 auxilii
2469 5430 2536 5485 ad
2570 5439 2801 5485 mortem
2823 5427 3077 5483 ducentis
3102 5425 3532 5494 perhorrescen-

1976 5539 2079 5595 tes,
2109 5528 2285 5593 capita
2317 5524 2610 5580 tundentes
2636 5531 2691 5578 et
2712 5521 2871 5591 quasi
2891 5521 2946 5575 in
2969 5514 3232 5573 extremis
3261 5520 3540 5584 gementes

1976 5619 2198 5676 domum
2229 5616 2483 5682 redeunt,
2517 5615 2681 5669 morti
2710 5629 2770 5669 se
2811 5605 3270 5668 commendaturi.
3313 5605 3392 5661 ibi
3435 5618 3540 5661 nec

1974 5721 2206 5786 guttam,
2237 5722 2341 5766 nec
2368 5715 2676 5765 ramentum
2697 5702 3039 5762 salutiferum
3065 5708 3161 5756 aut
3190 5698 3338 5757 aliud
3363 5699 3543 5758 simila
