4012 6226
478 262 578 327 131

1230 275 1644 337 EUSTATHII
1685 280 2432 345 THESSMDNICENSIS
2469 283 3030 345 METROPOLITRE

3603 279 3705 345 I32

467 374 619 430 ullibi
661 374 713 430 in
746 377 967 434 deserta
997 379 1130 435 urbe
1164 381 1484 447 invenisses,
1516 386 1644 454 quia
1686 387 1902 442 barbari
1960 387 2036 443 l'e-

2139 410 2274 460 γιον,
2308 392 2851 463 ἀποτροπιαζόμενοι.
2885 392 3174 454 τύπτοντες
3203 389 3301 455 τὰς
3330 391 3511 444 αὐτῶν
3541 408 3713 460 κεφασ

465 479 624 521 roces
666 477 719 521 et
754 469 1032 525 inhumani
1056 473 1234 526 omnia
1271 475 1631 543 abstulerant,
1662 479 1907 534 homines
1950 481 2035 533 in-

467 554 598 608 culti
637 567 689 610 et
713 557 907 628 ignari,
938 561 1055 615 sine
1077 577 1288 615 morum
1318 566 1515 618 nedum
1551 568 1752 621 artium
1796 570 2033 635 cultura,

466 661 694 712 quarunt
735 663 799 701 ne
828 651 1131 704 rudimenta
1185 654 1401 723 quidem
1459 668 1756 723 n0‘erattt;
1792 659 2040 715 homines

468 737 773 804 eloquentia
828 754 983 807 aeque
1028 735 1414 798 at'venuxtatis
1469 746 1743 803 industriae
1768 749 2038 818 vulgaris-

470 827 621 880 sinuu
649 832 1028 900 expertes,qni
1061 845 1299 888 nostram
1339 838 1525 892 urbem
1571 839 1827 895 omnibus
1880 840 2033 895 hisce

467 914 626 971 b'mis
668 919 970 987 privarunt.
1027 924 1098 977 ita
1158 934 1215 979 ut
1257 927 1452 980 mirum
1499 943 1604 982 non
1650 930 1719 983 sit
1768 932 1910 999 quod
1955 940 2035 986 tot

468 1008 643 1065 caules
684 1009 859 1064 locum
903 1013 1210 1082 habuerint,
1262 1018 1529 1086 siquidem
1574 1020 1657 1074 vel
1703 1022 2033 1078 animalibus

470 1112 576 1152 non
614 1114 975 1169 pepercerunt
1008 1105 1061 1159 in
1097 1104 1279 1162 furore
1305 1123 1405 1164 suo
1440 1112 1570 1164 etin
1598 1126 1747 1176 vasa,
1789 1121 1848 1167 ut
1893 1113 2037 1184 lery-n

2132 485 2249 547 λάς,
2273 486 2367 539 καὶ
2385 482 2711 550 οἰμώζοντες
2730 482 2802 543 ὼς
2824 481 3183 545 ἑπιτελεύτια,
3205 484 3711 551 ὲπαναστρέφουσιν

2132 577 2313 631 οἶκαδε
2336 613 2350 635 ,
2386 576 2479 627 καὶ
2514 575 2755 636 κεῖνται,
2788 573 3000 641 θανάτῳ
3034 572 3426 642 ἐπιτρέψαντες
3459 571 3707 634 ἑαυτούς.

2135 663 2267 716 Οὐδὲ
2307 661 2416 729 γὰρ
2453 661 2573 712 οὐδὲ
2615 659 2728 711 ἔστι
2773 659 2960 729 ρανίδα
3001 661 3033 731 ἢ
3076 661 3275 729 ψῆγμά
3312 678 3366 712 τι
3409 661 3709 730 νοσήλειον,

2136 750 2244 805 οὐδ’
2274 750 2455 804 ἄλλοθί
2499 768 2599 803 που
2642 749 2740 817 τῆς
2783 750 2906 802 καθ’
2934 750 3081 819 ημᾶς
3122 749 3510 819 ὲρημοπόλεως
3551 749 3711 815 εὗρέ-

2140 842 2295 908 σθαι,
2328 841 2544 893 πάντων
2577 838 2681 892 ὑπὸ
2708 839 2815 891 τῶν
2845 840 2937 891 καὶ
2967 840 3238 907 ἀγροίκων
3269 841 3365 891 καὶ
3396 840 3712 904 ἁπηνεστά-

2139 952 2246 988 των
2285 932 2730 1003 ὲξηφανισμένων
2756 948 2770 962 ·
2811 929 2859 983 οἳ
2904 931 3160 1000 οὐδεμίαν
3197 930 3361 999 χάριν
3402 932 3478 1000 μὴ
3521 932 3604 984 ὅτι
3646 949 3710 999 γε

2141 1022 2663 1086 καταπλουτοῠντες.
2690 1020 2805 1074 ἀλλ’
2828 1021 2947 1073 οὐδὲ
2976 1015 3129 1091 οἶμαι
3171 1022 3372 1084 ειδότες
3392 1037 3408 1053 ο
3432 1021 3714 1090 ἄνθρωποι

2141 1118 2494 1188 ἀχαρίστεροι
2516 1118 2758 1179 πάντων,
2783 1109 2858 1168 ὧν
2881 1114 2946 1167 ἂν
2968 1113 3110 1165 εἴποι
3130 1131 3233 1178 τις,
3255 1117 3349 1166 καὶ
3373 1112 3528 1181 λόγον
3551 1114 3715 1167 ἀλλον

364 1342 367 1347 γ
470 1282 606 1337 adeo
653 1288 909 1343 vecordes
940 1287 1161 1344 fuerunt
1190 1302 1245 1346 ut
1278 1306 1378 1348 nec
1408 1308 1595 1350 verum
1647 1304 1850 1353 statum
1885 1297 2038 1354 vide-

469 1190 597 1244 thos
627 1200 681 1245 et
708 1193 811 1247 alia
851 1196 1041 1251 viliora
1074 1197 1448 1257 inszevierunt.
1497 1203 1649 1258 Adde
1682 1206 1825 1274 quod
1884 1207 2036 1262 multi

2139 1209 2513 1279 ἀπειρόκαλοι,
2544 1208 2732 1261 καθότι
2757 1206 2834 1275 τῷ
2862 1204 3064 1276 χυδαίῳ
3089 1206 3187 1272 τῆς
3218 1204 3579 1267 πολιτεύσεως
3608 1224 3713 1258 κα-

2141 1300 2233 1354 λοῦ
2265 1298 2460 1360 παντὸς
2491 1294 2630 1369 ἦσαν
2658 1298 2964 1366 ἀπείρατοι,
2998 1296 3092 1348 καὶ
3122 1296 3227 1347 τῶν
3258 1294 3511 1348 τοιούτων
3540 1296 3716 1349 ἁπάν-

2142 1405 2249 1441 των
2286 1386 2506 1455 ἀγαθῶν
2539 1386 2636 1453 τὴν
2669 1385 2791 1439 καθ’
2809 1385 2965 1455 ,ἡμᾶς
3000 1383 3152 1437 πόλιν
3186 1383 3598 1454 ἀπωρφάισαν,
3635 1383 3714 1446 ὡς

471 1468 667 1535 μηκέτι
694 1469 1087 1543 θαυμάζεσθαι.
1111 1479 1164 1530 τί
1188 1477 1384 1549 δήποτε
1433 1479 1588 1534 αὐτοὶ
1642 1483 1760 1535 κατ’
1782 1482 2082 1553 ἀνθρώπιον
2142 1483 2363 1537 θάνατοι
2397 1480 2714 1553 αὐτόχρημα
2749 1478 3044 1548 ἐξέϐησαν,
3082 1478 3129 1528 εί
3162 1476 3283 1545 δίχα
3315 1478 3422 1530 τῶν
3454 1479 3714 1551 τοιούτων

469 1564 562 1614 καὶ
610 1564 819 1633 ἀλόγων
863 1570 1102 1637 ἀφειδεῖς
1146 1568 1284 1643 ἦσαν
1327 1572 1467 1628 κατὰ
1517 1574 1715 1644 μανίαν
1758 1577 1857 1648 τὴν
1907 1577 2031 1632 καθ’
2062 1579 2355 1649 ήμῶν.κα“ι
2407 1577 2652 1646 ἀγγείοις
2707 1571 2988 1642 ὲνύὸριζον
3011 1573 3089 1633 είς
3129 1571 3514 1638 κατάκλασμα,
3543 1571 3713 1640 μέχρι

467 1655 563 1706 καὶ
592 1656 769 1710 αὐτῶν
799 1658 1044 1727 λαγύνων
1070 1665 1161 1716 καὶ
1190 1665 1458 1735 ληκύθων,
1488 1666 1581 1719 καὶ
1645 1667 1701 1720 ετ
1744 1685 1796 1720 τι
1854 1670 2206 1741 φαυλότερον.
2237 1671 2300 1723 Οἱ
2353 1669 2410 1722 δὲ
2470 1667 2564 1721 καὶ
2593 1665 2765 1727 ἄλλως
2794 1665 2872 1726 εἰς
2900 1660 3056 1715 τόσον
3083 1663 3412 1732 ἀγροιηκῶς
3441 1660 3606 1734 εἶχον,
3634 1664 3714 1727 ὡς

472 1748 608 1818 μηδὲ
646 1748 943 1821 ὀφθαλμοῖς
983 1771 1112 1807 ποτε
1152 1756 1499 1812 διαλαϐέσθαι
1538 1759 1714 1811 δοκεῖν
1749 1760 1817 1814 τὰ
1858 1763 2268 1837 σπουδαιότερα.

554 1840 678 1895 155.
705 1840 876 1911 igitur
900 1846 1098 1901 multas
1126 1862 1216 1903 res
1238 1851 1508 1916 pretiosas
1535 1854 1590 1908 in
1613 1854 1790 1910 saccis
1821 1870 1885 1910 ac
1907 1870 2036 1923 pan-

2216 1862 2343 1932 p).e'.
2385 1864 2595 1929 Λινέοις
2641 1864 2770 1935 γοῦν
2811 1857 3150 1930 σπειράμασι
3194 1853 3287 1909 καὶ
3330 1853 3573 1913 σακκίοις
3616 1855 3715 1909 καὶ

486 1932 572 1986 nis
603 1932 768 1989 lineis
799 1938 1048 1992 certatim
1072 1940 1428 2010 collegerunt,
1467 1945 1574 2000 alia
1609 1949 1759 2002 intus
1791 1961 2036 2016 compre-

2146 1962 2365 2032 ῥάκεσιν
2396 1958 2578 2025 ἀγαθά
2608 1932 2703 2011 καὶ
2735 1955 2905 2008 πολλὰ
2939 1954 3032 2006 καὶ
3060 1950 3215 2017 τίμια
3248 1948 3539 2016 ἑγκείμενα
3576 1950 3713 2019 πρὸς

473 2022 806 2090 benderunt,
846 2042 1103 2085 vasorum
1139 2047 1236 2087 ora
1288 2035 1637 2103 rceludendo,
1684 2040 1810 2094 vilia
1860 2048 2036 2095 autem

2144 2022 2259 2118 ξριν
2288 2022 2710 2116 ἀναλεγόμενοι,
2740 2043 2809 2098 τὰ
2842 2044 2937 2115 μὲν
2963 2042 3112 2096 ἔνδον
3141 2039 3530 2109 ἐξερρίπτουν,
3560 2038 3715 2093 ἀνοί-

472 2131 604 2171 vasa
659 2116 714 2171 iu
763 2117 922 2175 fenus
966 2121 1314 2179 destinat-unt
1341 2165 1358 2193 ,
1386 2131 1684 2197 praesertim
1720 2131 1792 2185 iis
1843 2132 2036 2188 diebus

2145 2116 2331 2204 γοντες
2356 2134 2555 2190 τὰ’τῶν
2581 2134 2812 2203 ἀγγείων
2839 2132 3100 2200 στόματα,
3125 2131 3217 2183 καὶ
3247 2131 3580 2184 συνεπάτουν
3601 2146 3617 2162 ο
3641 2130 3714 2183 τά

475 2207 568 2262 ubi
608 2204 816 2280 rapinze
854 2215 1095 2268 omnium
1112 2217 1462 2285 cupiditatem
1494 2221 1887 2277 exercitabant.
1922 2223 2024 2289 Qui

2144 2229 2200 2281 δὲ
2230 2229 2422 2297 ἀχρεῖα
2449 2228 2632 2297 δοχεῖα
2659 2229 2737 2290 είς
2764 2224 2995 2286 κόλπους
3029 2222 3331 2292 παρέὸυον,
3364 2220 3607 2275 όόολιαῖα
3634 2220 3714 2284 ὡς

477 2306 660 2353 autem
704 2301 797 2356 alii
832 2314 953 2373 post
985 2308 1123 2362 alios
1171 2319 1628 2378 supervenerunt,
1678 2327 2036 2382 quascunque

2140 2318 2209 2371 τά
2235 2316 2401 2370 πολλά
2429 2317 2577 2370 ὄντα.
2604 2315 2712 2368 Καὶ
2733 2313 2965 2367 τοιοῦτοι
2991 2312 3090 2381 μὲν
3111 2313 3158 2365 οῖ
3188 2311 3403 2374 πλείους
3424 2310 3492 2363 τά
3515 2310 3712 2381 πρῶτα

471 1383 613 1426 Tetti.

474 2402 565 2443 res
604 2390 856 2447 volebant
879 2394 1172 2464 abstulere,
1200 2413 1264 2453 ac
1303 2398 1498 2456 divites
1528 2411 1841 2457 evaserunt.
1872 2405 2040 2459 Erant

476 2486 660 2534 autem
697 2482 982 2540 rudissinti
1033 2489 1234 2559 ingenii
1274 2498 1329 2545 et
1364 2493 1599 2547 maxime
1631 2503 1884 2564 agrestis.
1920 2496 2026 2561 Qui

475 2587 644 2641 porro
673 2585 1001 2632 mercatura:
1032 2577 1295 2634 faciendae
1338 2582 1511 2651 gratia
1546 2584 1836 2651 prodibant
1857 2595 1911 2638 et
1941 2600 2038 2653 pro

474 2663 823 2751 facultatibus
845 2683 1100 2738 maguum
1134 2683 1220 2724 aut
1245 2687 1470 2741 parvum
1493 2673 1582 2728 ubi
1604 2674 1731 2745 quid
1751 2676 2036 2745 acquirere

475 2767 756 2827 poterant,
793 2775 962 2830 parvo
994 2764 1237 2818 contenti
1274 2780 1361 2819 res
1393 2766 1458 2818 ad
1493 2767 1658 2819 vitam
1697 2769 2038 2823 necessarias

473 2861 748 2908 emerunt.
810 2852 870 2906 In
903 2869 1014 2922 quo
1053 2855 1336 2908 sciendum
1366 2864 1449 2909 est
1485 2856 1631 2923 quod
1660 2869 1853 2908 aurum
1884 2856 2037 2924 dupli

475 2944 636 3010 pretii
667 2954 807 3007 erat,
847 2956 1131 3012 argentum
1163 2944 1483 3013 multiplicis
1535 2947 1790 3014 ponderis
1825 2961 1886 3000 ac
1911 2961 2036 3016 pre-

477 3034 540 3088 tii
571 3035 901 3089 aestimatum
939 3048 1063 3088 cum
1103 3036 1342 3089 nummis
1378 3039 1536 3091 aereis
1572 3037 2036 3094 contniutabatur.

475 3125 588 3179 Nec
622 3125 767 3187 libri,
797 3141 1030 3199 quorum
1062 3126 1279 3195 jactura
1310 3129 1606 3183 litteratum
1638 3131 1912 3186 hominem
1944 3146 2041 3201 pe-

475 3218 624 3270 nitus
673 3217 911 3285 ailligere
968 3229 1172 3287 posset,
1240 3235 1337 3275 nec
1401 3230 1576 3276 vestes
1630 3222 1830 3291 quibus
1881 3221 2042 3277 Seres

475 3321 585 3376 pra:
613 3308 873 3363 omnibus
913 3310 1174 3378 gaudent,
1218 3325 1320 3366 nec
1350 3326 1517 3381 opera
1568 3314 1777 3367 textilia
1810 3328 2042 3368 aranea-

477 3413 596 3450 rqu
629 3399 753 3451 telis
791 3401 1184 3469 comparanda,
1223 3409 1276 3455 et
1303 3409 1400 3455 aut
1428 3416 1549 3470 qua:
1585 3416 1614 3454 a
1650 3418 1833 3456 verme
1864 3405 2040 3456 artill-

475 3502 538 3542 ce
567 3502 598 3542 e
645 3489 793 3544 tenui
831 3490 920 3544 illo
961 3490 1329 3546 coniiciuntur
1365 3492 1624 3548 homines
1669 3495 1937 3549 barbaros
1981 3505 2035 3551 et

478 3581 721 3634 omnium
762 3582 1145 3638 delicatiorum
1191 3586 1408 3654 ignaros
1480 3601 1698 3642 movere
1743 3597 2033 3658 poterant;

477 3684 654 3740 quare
676 3673 785 3729 ista
815 3674 1004 3730 omnia
1032 3674 1127 3731 vili
1155 3676 1337 3748 pretio
1363 3676 1659 3739 vanibant.

2143 2413 2201 2463 ὲν
2242 2411 2392 2479 ἀκμῇ
2435 2408 2536 2477 τῆς
2580 2405 2854 2477 ἁρπαγῆς.
2892 2404 3237 2466 Ἐπελθόντες
3278 2401 3334 2457 δὲ
3375 2403 3423 2456 oi
3467 2402 3585 2471 μετ’
3615 2404 3717 2456 αὐ-

2142 2503 2298 2566 τοὺς,
2335 2501 2427 2554 καὶ
2456 2500 2505 2552 οἱ
2538 2500 2657 2568 μετ’
2680 2497 2921 2558 ἐκείνους
2950 2495 3050 2557 ἔτι,
3081 2493 3426 2564 ὲφορτίξοντο
3450 2494 3518 2546 τὰ
3549 2494 3712 2561 ἔγκε-

2143 2592 2353 2663 χυμένα
2386 2589 2560 2656 καλὰ,
2595 2589 2688 2641 καὶ
2727 2586 2953 2639 πλοῦτον
2991 2584 3293 2651 συνέλεγον.
3313 2579 3496 2638 Ἦσαν
3525 2582 3581 2637 δὲ
3613 2586 3713 2638 καὶ

2145 2682 2299 2737 αὐτοὶ
2338 2679 2583 2748 ἀγεννεῖς
2625 2677 2896 2746 ἄγροικοι,
2932 2674 3026 2728 καὶ
3065 2672 3217 2726 οὐδὲν
3253 2674 3471 2727 ἀστεῖον
3504 2691 3711 2727 πεπαιο

2136 2771 2406 2842 δευμένοι,
2437 2771 2560 2833 Τοῖς
2594 2767 2723 2837 γοῦν
2754 2767 2873 2820 κατ’
2901 2763 3168 2833 ιμπορίαν
3198 2764 3669 2832 παρατετυχηκόσι
3689 2804 3709 2829 ,

2139 2862 2233 2915 καὶ
2268 2861 2380 2914 εῖτι
2415 2859 2737 2930 ἰσχνότερον,
2768 2855 2802 2925 ἢ
2840 2854 2976 2923 πρὸς
3014 2852 3186 2921 πάχος
3219 2852 3535 2918 δυναμένοις
3570 2853 3704 2904 κτὼ

2143 2949 2265 3003 σθαι
2288 2949 2359 3001 τά
2387 2945 2771 3017 ὲμπολώμενα,
2804 2941 2975 3012 βραχύ
3002 2957 3055 2994 τι
3083 2939 3472 3010 λαμϐάνοντες,
3504 2942 3707 3010 κατήλ-

2141 3043 2333 3095 λαττον
2357 3038 2426 3091 τά
2450 3037 2529 3108 τῷ
2556 3036 2654 3107 βίῳ
2677 3034 2857 3103 τίμια.
2881 3033 2988 3085 Καὶ
3014 3031 3128 3084 ἔστι
3157 3030 3367 3101 μαθεῖν,
3388 3030 3463 3093 ὡς
3485 3030 3709 3095 διπλοῦς

2147 3134 2243 3205 μὲν
2269 3133 2298 3186 6
2325 3132 2545 3203 χρυσὸς,
2569 3128 2666 3182 όδὲ
2687 3129 2925 3198 ἄργυρος
2952 3126 3045 3179 καὶ⁵
3071 3127 3152 3188 είς
3184 3125 3521 3179 πολλαπλοῦν
3542 3141 3710 3193 πονηο

2146 3226 2259 3292 ροῖς
2305 3225 2385 3286 είς
2437 3221 2691 3290 ἄλλαγμα
2736 3217 3009 3289 χαλκείοις
3044 3216 3280 3285 προῖετο.
3316 3216 3495 3268 Βίϐλοι
3528 3215 3609 3281 δὲ,
3642 3213 3712 3278 ἀς

2145 3313 2503 3377 ἀπολωλεκώς
2528 3330 2611 3377 τις
2639 3312 2885 3366 δάκνοιτο
2914 3309 2980 3363 ἂν
3002 3309 3102 3379 τὴν
3127 3308 3303 3377 ψυχὴν
3326 3305 3414 3359 διὰ
3443 3306 3580 3375 βίου,
3614 3306 3713 3358 καὶ

2145 3407 2345 3477 φάρεα,
2377 3401 2459 3469 οἷς
2491 3405 2595 3475 πρὸ
2624 3404 2728 3457 τῶν
2757 3403 2931 3458 ἀλλων
2963 3401 3274 3472 φιληδοῦσιν
3302 3400 3351 3451 οἱ
3386 3399 3580 3474 Σῆρες,
3615 3399 3713 3451 καὶ

2145 3497 2308 3550 λοιπά
2348 3496 2486 3566 ἔργα
2525 3495 2695 3559 ἱστοῦ,
2731 3488 2813 3556 οἷς
2854 3491 3107 3563 ἀραχνῶν
3150 3490 3304 3558 μίτος
3344 3488 3576 3558 ἀρίστιεν
3616 3480 3712 3552 ἂν,

2144 3589 2240 3643 καὶ
2266 3588 2367 3641 ὅσα
2394 3586 2450 3640 δὲ
2483 3586 2637 3657 ῥίζαν
2666 3585 2934 3654 γενέσεως
2962 3583 3189 3653 φέρουσι
3220 3579 3507 3650 σκώληκα,
3540 3579 3717 3648 ἔργά-

2041 3697 2065 3764 π.
2142 3694 2243 3749 την
2286 3676 2555 3748 τρυφεροῦ
2608 3673 2949 3746 μηρύματος,
2994 3672 3101 3724 οὐδ’
3131 3671 3268 3723 αὐτὰ
3312 3669 3519 3737 ἔφολκά
3565 3664 3717 3738 ἦσαν

2137 3772 2248 3833 τοῖς
2295 3768 2462 3841 μηδὲν
2499 3767 2664 3821 εἰδόσι
2709 3764 2890 3830 καλὸν,
2934 3760 3070 3817 ἀλλά
3113 3758 3584 3831 ⁸ιιικρερῤιπτοῖίντο
3622 3759 3716 3811 ει-

2138 3863 2293 3917 καίου
2324 3863 2656 3934 τιμήματος.

548 3954 671 4011 156.
713 3953 954 4010 Fuerunt
1004 3954 1098 4026 qui
1144 3954 1328 4009 viuum
1374 3962 1744 4026 pervetustum
1794 3967 1860 4009 eo
1890 3952 2036 4022 quod

2218 3955 2357 4024 ρλς¹.
2395 3955 2529 4024 Παρ’
2554 3948 2637 4017 οἷς
2665 3954 2757 4007 καὶ
2782 3957 2810 4008 ό
2836 3954 3105 4026 τριγέρων
3133 3949 3273 4019 οῐνος
3302 3953 3388 4007 διὰ
3418 3952 3477 4006 τὸ
3508 3950 3679 4018 ἀγλευ

474 4046 658 4101 minus
699 4044 858 4100 dulce
926 4052 1046 4100 erat
1106 4054 1162 4099 et
1223 4045 1445 4099 odorem
1501 4045 1823 4099 medicatum
1888 4059 2033 4099 ania-

476 4149 667 4190 rumve
713 4133 1009 4195 indicabat,
1057 4143 1379 4202 respuerent
1420 4148 1529 4187 non
1579 4135 1834 4189 obstante
1896 4137 2043 4190 saluo

474 4228 676 4282 britate
706 4240 869 4293 quam
901 4224 1214 4279 hominibus
1239 4226 1542 4295 praesertim
1575 4226 1878 4282 vulneratis
1906 4229 2040 4284 aﬂ'e-

474 4319 649 4372 rebat.
686 4316 859 4385 Igitur
880 4316 969 4370 hic
993 4317 1236 4386 optimus
1257 4318 1434 4386 liquor
1453 4319 1849 4373 contumeliose
1865 4319 2040 4375 effutt-

475 4410 727 4472 dabatur,
756 4425 856 4466 nec
888 4410 1056 4466 ullius
1078 4427 1209 4467 usus
1240 4413 1306 4468 ad
1340 4414 1562 4489 morbos
1584 4415 1859 4470 sanandos
1889 4423 2031 4471 erat.

476 4498 629 4555 lianc
658 4502 730 4557 ob
775 4516 1000 4557 causam
1057 4501 1113 4556 in
1169 4517 1455 4557 murorum
1501 4504 1742 4559 circuitu
1796 4504 2041 4574 sepultor

476 4609 583 4648 non
599 4593 974 4649 inveniebatur
994 4609 1011 4659 ;
1031 4593 1138 4649 huc
1159 4593 1294 4649 adde
1311 4595 1453 4664 quod
1479 4595 1745 4650 vulnerati
1761 4594 2034 4651 innumeri

476 4697 708 4743 mortem
736 4687 1128 4758 promittebant
1161 4698 1214 4743 et
1246 4688 1628 4759 sepelientium
1650 4689 1873 4745 brachia
1898 4690 2041 4744 mul-

477 4788 592 4834 tum
635 4780 1009 4850 requirebant.
1058 4779 1200 4845 Quot
1234 4781 1427 4835 domos
1476 4781 1552 4836 illi
1600 4781 1868 4837 vulnerati
1907 4797 2038 4837 eva-

478 4871 819 4925 cuaverunt!
863 4871 954 4927 Sic
1002 4881 1056 4926 et
1092 4872 1277 4926 viuum
1315 4880 1589 4928 vetustum
1640 4872 1930 4933 funeralia.
1979 4882 2040 4929 ut

475 4962 553 5019 ita
584 4961 787 5028 dicam,
815 4963 1003 5029 subiit,
1031 4971 1218 5035 utpote
1249 4965 1394 5035 quod
1422 4975 1476 5020 et
1504 4965 1680 5037 ipsum
1706 4981 1829 5020 cum
1858 4967 1924 5021 iis
1944 4966 2037 5037 qui

475 5053 547 5109 ob
574 5052 695 5123 ejus
742 5055 1042 5108 carentiam
1084 5056 1425 5125 aegrotabant
1471 5065 1873 5111 commortuum
1927 5064 2035 5112 est.

474 5145 685 5201 Recens
710 5159 840 5199 vero
872 5153 1034 5200 natus
1054 5145 1395 5211 subsiliebat,
1429 5147 1665 5217 agitatus
1688 5154 1743 5200 et
1783 5144 2031 5214 bulliens,

475 5246 531 5295 et
555 5240 669 5292 haec
689 5235 940 5291 ebullitio
974 5235 1029 5289 in
1057 5236 1369 5293 bibentibus
1409 5237 1562 5306 quasi
1596 5236 1756 5291 mina:
1784 5236 1837 5291 in
1869 5237 2035 5291 vitam

472 5329 891 5383 condemnatam
937 5335 1120 5382 erant.
1173 5326 1277 5391 Qui
1335 5327 1481 5380 enim
1533 5324 1626 5378 illo
1679 5325 1805 5379 vino
1844 5323 2033 5393 repleti

474 5427 657 5487 postea
696 5418 894 5474 Lethes
925 5417 1202 5488 potionem
1235 5431 1266 5470 a
1308 5415 1480 5471 Morte
1510 5416 1743 5470 oblatam
1778 5416 2037 5471 bibebant

477 5522 586 5562 non
616 5510 956 5566 nostratibus
1004 5519 1214 5564 tantum
1250 5507 1434 5580 (quod
1466 5510 1646 5564 dicere
1677 5509 1827 5578 juvat
1851 5507 1897 5578 ),
1935 5507 2028 5563 sed

475 5602 744 5669 prfeciptte
802 5604 1031 5671 Latinis,
1071 5603 1288 5674 quando
1339 5618 1471 5658 uvas
1532 5602 1777 5659 manibus
1822 5615 2034 5670 preme-

472 5689 607 5764 bant
660 5698 714 5746 et
769 5705 1005 5751 mustum
1067 5694 1385 5762 sorbebant,
1423 5707 1489 5749 ne
1536 5693 1788 5763 primitize
1838 5694 2038 5749 inam-

2140 4046 2232 4109 κὲς
2266 4045 2595 4111 ὲξουθενεῖτο
2619 4039 2754 4109 ,ὋῘα
2788 4046 2879 4098 καί
2914 4061 2965 4097 τι
3001 4046 3293 4115 φάρμακον
3325 4044 3425 4097 οὐκ
3458 4041 3665 4110 ἀγαθόν
3689 4055 3708 4070 ·

2137 4141 2249 4193 οἴου
2279 4140 2341 4211 δὴ
2371 4141 2515 4193 οἴνου
2548 4139 2702 4210 χρεία
2733 4140 2823 4193 καὶ
2855 4139 3091 4208 μάλιστα
3119 4135 3187 4211 ἦν
3213 4142 3285 4194 τά
3311 4152 3370 4191 τε
3401 4138 3538 4192 ἀλλα
3558 4177 3575 4201 ,
3611 4138 3710 4190 καὶ

2137 4231 2227 4286 διὰ
2259 4233 2382 4295 τοὺς
2418 4233 2475 4284 ὲν
2508 4234 2764 4302 πληγαῖς.
2799 4231 3066 4301 Ἐξεχεῖτο
3099 4231 3205 4303 γὰρ
3237 4230 3297 4284 τὸ
3330 4229 3494 4283 καλὸν
3526 4231 3710 4282 ἐκεῖνο

2140 4323 2335 4394 ὑγρὸν,
2369 4323 2443 4386 ὡς
2476 4325 2553 4386 εἰς
2590 4322 2867 4392 ποταμούς
2893 4339 2907 4355 ·
2940 4323 3063 4376 ὅθεν
3094 4322 3216 4377 οὔτε
3251 4322 3413 4385 αὐτὸς
3443 4317 3511 4391 ἧν
3532 4360 3546 4384 ,
3579 4321 3710 4374 οὔτε

2136 4430 2191 4466 τι
2223 4413 2518 4467 ἀκόλουθον
2553 4413 2850 4482 μάλαγμα,
2885 4411 3007 4465 οὔτε
3040 4414 3069 4466 6
3102 4412 3224 4467 καθ’
3249 4413 3438 4483 είρμδν
3470 4412 3712 4466 κατάδε-

2141 4520 2295 4573 σμος.
2318 4504 2519 4573 Διόπερ
2542 4504 2603 4556 οὐ
2632 4504 2789 4574 μόνον
2812 4504 2994 4574 κύκλῳ
3019 4504 3110 4557 τοῦ
3135 4503 3347 4574 τείχους
3367 4503 3474 4556 τῶν
3496 4504 3712 4573 νεκρῶν

2138 4596 2404 4667 κειμένων
2424 4639 2437 4657 ,
2469 4595 2563 4649 καὶ
2598 4597 2724 4665 περὶ
2759 4595 2980 4666 σύμπαν
3014 4595 3069 4648 δὲ
3102 4596 3161 4648 τὸ
3195 4595 3290 4647 τοῦ
3323 4592 3563 4647 τοιούτου
3601 4593 3671 4646 κύ

2136 4690 2264 4742 κλου
2294 4686 2546 4758 ἐμϐαδὸν,
2573 4688 2671 4739 οὐκ
2695 4682 2764 4757 ἦν
2784 4688 2810 4739 6
2832 4687 3053 4740 θάπτων
3070 4705 3086 4718 ·
3112 4686 3246 4739 ἀλλά
3262 4686 3356 4740 καὶ⁵
3379 4688 3427 4738 oi
3458 4684 3714 4753 πεπληγο

2140 4780 2290 4850 μένοι
2349 4778 2666 4847 προσθήκην
2709 4778 2926 4830 ἐποίουν
2973 4777 3050 4847 τῷ
3090 4776 3221 4849 ᾄδῃ.
3265 4779 3360 4830 καὶ
3403 4777 3709 4845 πράγματα

2137 4868 2464 4938 προύξένουν
2487 4871 2599 4934 τοῖς
2625 4869 2940 4922 θάπτουσιν.
2967 4870 3031 4921 Ὤ
3056 4869 3186 4937 γοῦν
3212 4869 3341 4929 ὅσας
3368 4867 3709 4931 ἐξεκένωσαν

2135 4954 2310 5025 οἰκίας
2340 4966 2433 5015 καὶ
2462 4963 2510 5015 οῖ
2542 4961 2872 5031 τραυματίαι
2894 5000 2908 5025 ,
2941 4961 3080 5014 κατά
3110 4958 3395 5029 πολυμερῆ
3428 4959 3709 5028 ποσότητα

2135 5054 2510 5116 ἑκλείποντεςί
2546 5054 2656 5109 Καὶ
2693 5053 2833 5106 οὕτω
2879 5051 2976 5123 μὲν
3010 5053 3038 5104 6
3072 5053 3250 5121 γέρων
3282 5047 3423 5113 οἶνος
3462 5052 3709 5118 ἐκφοράν

2135 5143 2326 5209 ἔπαθε,
2353 5143 2726 5213 συντεθνηκὼς
2749 5138 2859 5195 οἷον
2882 5144 2975 5195 καὶ
2999 5142 3160 5203 αὐτὸς
3184 5144 3295 5203 τοῖς
3322 5140 3707 5193 κινδυνεύσασι

2136 5238 2257 5290 κατ’
2285 5238 2491 5291 ἔνδειαν
2522 5235 2711 5291 αὐτοῦ.
2745 5233 2808 5288 Ὀ
2845 5234 2900 5287 δὲ
2934 5234 3147 5301 νεογνὸς
3182 5230 3486 5301 ὑπεσκίρτα
3510 5270 3523 5290 .
3559 5230 3707 5291 ζέων

2138 5329 2230 5382 καὶ
2265 5329 2627 5399 βραττόμενος
2652 5343 2668 5359 ·
2698 5329 2793 5380 καὶ⁵
2820 5326 2881 5379 τ’)
2916 5326 3134 5396 βράσμα
3163 5320 3232 5393 ἦν
3259 5324 3372 5384 τοῖς
3403 5321 3707 5391 προσιεμέ-

2137 5436 2246 5480 νοις
2271 5420 2409 5473 καθά
2434 5419 2526 5472 καί
2548 5436 2599 5471 τι
2624 5416 2899 5488 ἔμὸόημα,
2927 5418 3018 5469 καὶ
3044 5415 3239 5485 ἀπειλὴ
3266 5413 3379 5483 βίου
3407 5413 3707 5476 ύπεξαγω-

2135 5513 2258 5580 γῆς.
2297 5512 2359 5563 Oi
2395 5512 2501 5581 γὰρ
2534 5510 2723 5563 τούτου
2765 5493 3276 5577 ὑποπιμπλάμενοι,
3312 5501 3430 5557 εἶτα
3467 5504 3562 5555 τοῦ
3600 5503 3706 5568 τῆς

2136 5599 2307 5670 λήθης
2346 5598 2526 5651 ἔπινον
2554 5600 2832 5668 πόματος,
2868 5598 2897 5650 ὃ
2935 5596 3163 5658 θάνατος
3203 5595 3456 5663 οἰνοχοεῖ,
3486 5592 3552 5644 ού
3586 5594 3711 5656 τοῖς

2146 5690 2428 5761 ἡμετέροις
2460 5691 2660 5760 μόνοις,
2687 5688 2802 5743 ἀλλ’
2833 5688 2895 5759 (δ
2928 5690 3018 5741 καὶ
3049 5686 3336 5754 προτέρων
3361 5682 3439 5752 τῷ
3466 5682 3704 5749 στόματι
