4036 6224
350 307 461 372 133

1111 310 1208 370 DE
1234 312 1800 379 THESSAIDNICA
1842 321 2048 383 URBE
2088 327 2136 384 Α
2176 325 2485 388 LATINIS
2522 327 2778 391 CAPTA.

3505 323 3605 389 134

350 427 567 500 χαίρω)
596 427 693 483 καὶ
729 428 965 497 μάλιστα
996 430 1106 492 τοϊς
1137 429 1389 494 Λατίνοις
1412 449 1426 464 ι
1455 429 1537 496 οἷς
1575 436 1718 504 μέγα
1748 455 1800 490 τι
1839 457 1930 491 γα.

2048 439 2238 508 pboris
2265 442 2671 497 delitescerent.
2697 442 2805 496 Nos
2848 441 3068 512 quidem
3093 439 3218 494 buic
3238 442 3365 493 vino
3399 440 3606 495 fervido

349 528 442 579 λδν
469 526 634 589 αὐτὸς
663 527 932 596 ἐκρίνετο,
961 526 1076 594 ἃμα
1105 526 1418 590 ἐκπιέζουσι
1447 529 1599 596 χερσὶ
1629 529 1923 596 σταφυλὰς,

350 617 450 669 καὶ
483 615 709 685 ροφοῦσι
739 615 930 684 χανδὸν
955 614 1016 666 τὸ
1044 615 1381 675 νεόθλιπτον,
1413 616 1498 668 ἵνα
1530 618 1664 684 μηδέ
1692 621 1810 680 ταῖς
1840 619 1932 672 λα-

354 705 544 772 γύνοις
577 704 848 774 πρωτείου
882 703 1148 773 ὑποδοχῆς
1182 706 1557 774 ἐκχωρήσωσι.
1591 708 1696 760 Καὶ
1722 709 1931 776 ὀφείλο-

357 814 461 863 μεν
492 797 654 864 ἡμεῖς
683 793 760 862 τῷ
791 795 1016 863 τοιούτῳ
1051 794 1363 865 βρασματίᾳ
1395 796 1522 865 οἴνῳ
1553 798 1811 868 χάριτας,
1842 794 1929 852 οἶα

355 884 913 954 προσεταιρισαμένῳ
956 886 1098 936 κατὰ
1136 885 1380 937 Λατίνων
1425 887 1516 938 τὸν
1561 887 1825 942 θάνατον⁹
1871 889 1929 942 ὃν

355 974 680 1043 ἐπώτρυνεν
708 974 890 1034 αὐτοῖς
917 973 1014 1025 καὶ
1041 974 1109 1025 τὰ
1142 972 1264 1026 ὕεια
1295 975 1431 1044 κρέα
1450 1017 1464 1040 ,
1496 972 1576 1040 οἷς
1607 980 1704 1040 τὰς
1733 980 1934 1044 γαστέ-

357 1084 466 1136 ρας
499 1065 792 1134 πλησμίως
819 1063 1074 1116 ἔσαττον
1109 1064 1251 1118 οὓτω
1280 1067 1334 1118 δὲ
1364 1070 1458 1122 καὶ
1485 1061 1551 1121 τὰ
1583 1069 1643 1121 ἐκ
1676 1069 1814 1138 βοῶν
1844 1072 1936 1123 καὶ

355 1161 426 1210 τὰ
470 1157 615 1210 καλὰ
657 1156 907 1226 σκόροδα,
948 1156 1015 1207 δι’
1042 1151 1116 1208 ὦν
1157 1157 1186 1208 ὁ
1230 1158 1352 1212 καθ’
1380 1160 1521 1228 ἡμᾶς
1563 1161 1762 1229 κλῆρος
1804 1161 1938 1214 ἐσώ-

357 1249 510 1311 ζετο,
537 1245 898 1314 καταψάλλων
926 1247 1016 1298 καὶ
1045 1246 1442 1315 καρπιζόμενος
1468 1249 1535 1302 τὰ
1561 1249 1616 1308 ἐς
1645 1249 1812 1319 ζωὴν,
1843 1252 1935 1302 καὶ

2038 532 2239 598 gratias
2266 533 2334 587 ob
2355 535 2408 587 id
2440 534 2721 599 debemus,
2755 537 2897 603 quod
2922 534 3134 590 Latinis
3161 541 3389 586 mortem
3425 534 3599 599 dedit,

2037 622 2197 675 simul
2233 637 2357 676 cum
2390 639 2553 678 carne
2600 627 2843 692 porcina,
2869 627 3068 694 quibus
3099 635 3338 677 ventrem
3380 623 3606 679 inferse-

2037 717 2190 774 runt,
2225 722 2284 765 ut
2329 722 2384 767 et
2415 713 2633 769 bubulis
2672 726 2725 768 et
2761 717 2924 779 alliis,
2953 715 3153 784 quibus
3202 715 3381 768 clerus
3416 723 3605 768 noster

2037 803 2183 858 inter
2212 805 2552 873 psallendum
2598 817 2652 861 et
2690 808 2891 861 victum
2929 807 3220 877 quterendo
3253 807 3602 862 sustentaba-

2040 901 2149 959 tur,
2177 905 2229 949 et
2259 896 2338 949 sic
2369 897 2662 951 homicidia
2693 900 2945 967 puniens,
2967 900 3166 969 quibus
3196 901 3286 954 isti
3313 901 3366 952 in
3392 907 3606 952 nostra-

2037 991 2122 1038 tes
2153 986 2466 1049 szevierunt,
2493 988 2682 1041 beatos
2707 989 2951 1044 dicentes
2981 1005 3085 1044 non
3115 989 3286 1059 ipsos,
3322 989 3416 1043 scd
3454 1001 3602 1040 mor-

2034 1074 2152 1141 bos,
2182 1075 2288 1129 imo
2316 1087 2543 1132 mortem
2571 1079 2810 1134 Gadibus
2841 1081 3132 1147 invectam,
3169 1082 3310 1150 apud
3336 1095 3474 1150 quos
3507 1080 3594 1133 in-

2035 1161 2224 1217 fernus
2258 1165 2652 1233 honorabatur,
2697 1169 2819 1224 licet
2850 1171 2906 1224 in
2934 1173 3199 1240 tragmdia
3230 1185 3377 1227 mors
3413 1179 3598 1241 grates

2035 1266 2270 1322 ignoret.

359 1337 508 1390 οὕτω
578 1337 894 1404 τιννύμενος
952 1337 1075 1399 τοὺς
1134 1338 1351 1406 φόνους,
1385 1335 1467 1402 οἷς
1505 1341 1700 1392 ἐκεῖνοι
1761 1340 1886 1402 τοὺς
1919 1341 2227 1415 ἡμετέρους
2279 1349 2593 1422 ἐνέρῤιψαν,
2641 1351 2735 1404 καὶ
2790 1352 3178 1423 μακαρίζοντες
3230 1352 3329 1406 οὐκ
3379 1353 3596 1418 αὐτοὺς,

360 1429 637 1498 artam
673 1429 858 1491 νόσον,
895 1429 993 1498 ήδη
1020 1430 1093 1517 Δδέ
1137 1447 1239 1481 που
1281 1432 1375 1483 καὶ
1408 1431 1499 1483 τὸν
1532 1431 1759 1485 θάνατον
1795 1432 1938 1485 κατὰ
1997 1437 2123 1500 τοὺς
2158 1439 2266 1492 άπὸ
2300 1443 2595 1512 Γαδείρων,
2629 1443 2759 1513 παρ’
2790 1438 2870 1506 οἷς
2916 1447 2944 1497 ὁ
2993 1443 3129 1515 ᾅδης
3183 1446 3528 1517 ἐκτετίμητο,
3550 1446 3600 1497 εί

360 1524 461 1574 καὶ
488 1518 766 1587 μηδεμίαν
799 1520 958 1587 χάριν
991 1513 1100 1572 οἶδε
1125 1519 1355 1583 θάνατος
1381 1521 1524 1574 κατὰ
1555 1523 1646 1574 τὸν
1676 1521 1975 1590 τραγῳδόν.

435 1615 571 1680 ρλζ⁸.
610 1615 718 1666 Τὸν
771 1614 828 1665 δὲ
877 1614 1070 1682 συχνὸν
1118 1613 1311 1668 τοῦτον
1358 1617 1646 1670 Λατινικδν
1686 1617 1936 1672 ’θάνατον

356 1707 524 1767 αὐτὸς
582 1706 611 1756 ό
652 1705 953 1766 ’Λκλδουῖνος
1005 1707 1302 1774 ἐτράνωσε,
1343 1708 1648 1775 περίλυπος
1694 1708 1935 1778 φάμενος

2109 1625 2235 1679 157.
2296 1625 2630 1686 Numerosas
2696 1631 3018 1686 Latinorum
3070 1641 3276 1687 mortes
3325 1632 3599 1688 Alduinus

2035 1715 2236 1770 diserte
2272 1719 2534 1784 narravit,
2565 1731 2760 1776 mmsto
2806 1725 2987 1777 animo
3015 1723 3261 1779 referens
3285 1724 3407 1793 plus
3434 1737 3599 1792 quam

359 1800 506 1865 ὑπὲρ
554 1795 801 1864 χιλιάδας
833 1799 986 1865 τρεῖς
1022 1797 1274 1864 μεγάλων
1305 1799 1488 1861 αὐτοῖς
1535 1799 1840 1871 ἀνθρώπων
1871 1804 1934 1856 ἐκ

2038 1808 2142 1860 tria
2176 1808 2341 1863 millia
2369 1810 2609 1864 virorum
2637 1815 3035 1881 praecipuorum
3064 1829 3129 1869 eo
3167 1816 3356 1869 morbo
3387 1813 3603 1868 exstin-

355 1890 520 1942 νόσου
551 1891 766 1942 πεσεῖν.
787 1889 966 1958 Σωρδς
991 1881 1145 1950 οὗτος
1173 1888 1303 1957 ἡδὺς
1323 1891 1479 1958 ἡμῖν,
1507 1891 1556 1942 εί
1583 1892 1676 1944 καὶ
1705 1892 1778 1961 μὴ
1810 1894 1936 1945 ἀντ-

355 1983 566 2051 εσήκου
613 1980 753 2049 πρὸς
789 1979 886 2050 τὴν
921 1980 980 2043 ἐξ
1009 1980 1164 2047 ἡμῶν
1215 1980 1456 2050 στοιϐήν.
1488 1983 1933 2054 Συναριθμουμέ-

354 2092 467 2128 νων
498 2074 556 2125 δέ
591 2090 655 2140 γε
694 2073 789 2125 καὶ
815 2071 928 2124 τῶν
959 2073 1016 2124 ἐν
1058 2070 1280 2140 πολέμῳ
1300 2074 1688 2137 πεπτωκότων,
1712 2073 1930 2143 εἴχομεν

356 2162 724 2234 παραμυθίαν
751 2162 849 2214 πλε
860 2162 996 2217 ίονα.
1034 2165 1096 2217 '0
1119 2163 1282 2226 αὐτὸς
1305 2165 1417 2233 γὰρ
1453 2164 1778 2234 αίτιώμενος
1798 2167 1930 2221 ἄλο·

352 2274 458 2324 γον
481 2255 839 2308 άντιστασίαν
869 2253 1047 2323 ἡμῶν,
1075 2256 1168 2307 καὶ
1193 2253 1398 2326 ζημίαν
1428 2257 1680 2311 ἐντεῦθεν
1703 2257 1797 2311 τοῦ
1829 2261 1932 2328 ρη-

353 2350 480 2417 τὸς,
519 2345 967 2417 ἐξετραγῴδησεν
1008 2347 1146 2416 ὑπὲρ
1195 2347 1529 2418 τρισχιλίους
1581 2352 1769 2402 πεσεῖν
1824 2351 1930 2403 ὑπὸ

353 2441 476 2492 τῶν
502 2441 567 2491 ἐκ
591 2438 683 2491 τοῦ
710 2438 923 2507 τείχους
945 2437 1050 2503 ἔξω
1073 2440 1581 2510 καταπεμπομὲνων
1611 2442 1778 2510 βελῶν
1808 2443 1932 2512 δίχα

354 2549 425 2600 γε
453 2533 561 2586 τῶν
586 2533 645 2584 ἐν
680 2532 989 2603 προνομαῖς
1021 2533 1351 2596 πιπτόντων,
1383 2532 1415 2603 ἢ
1449 2533 1543 2585 καλ⁸
1572 2533 1768 2597 ἄλλως,
1800 2533 1874 2596 ὡς
1902 2535 1930 2586 ὁ

350 2624 454 2678 τοῦ
484 2601 737 2693 πολέμου
760 2601 927 2685 κύϐδς
953 2625 1205 2694 ἐρῤιπτε,
1241 2623 1338 2676 καὶ
1370 2601 1524 2694 ὁτῆς
1550 2624 1708 2694 δίκης
1735 2625 1930 2695 τροχὸς

352 2715 708 2778 κατεκύλιεν,
757 2713 1033 2783 εὖστροφα
1080 2715 1534 2786 περιφερόμενος.
1592 2716 1825 2779 Πολλοὺς
1872 2716 1928 2769 δὲ

352 2809 456 2864 καλ.
496 2807 660 2877 λιμὸς
700 2806 939 2875 ἀπῆγεν.
987 2805 1436 2876 Ἐστενοχωρεῖτο
1483 2807 1593 2876 γὰρ
1640 2807 1735 2861 καὶ
1777 2807 1928 2876 σφίσι

348 2902 421 2953 τὰ
463 2900 769 2966 ἀναγκαῖα.

427 2990 565 3062 ρλη’.
607 2991 721 3044 Καὶ
753 2990 925 3052 οὕτως
954 2991 1086 3060 ἡμῖν
1125 2990 1556 3043 ἐπεσταλάττετο
1598 2991 1798 3061 νέκταρ
1827 3008 1931 3044 πα-

355 3081 636 3150 ραμυθίας
667 3083 736 3151 τῇ
768 3081 1179 3134 ύποκαταϐάσει
1211 3083 1311 3151 τῆς
1348 3081 1609 3150 πολεμίου
1641 3083 1924 3158 στρατιᾶς,

2037 1908 2156 1955 ctos
2184 1916 2347 1963 esse;
2399 1904 2492 1972 qui
2530 1919 2794 1959 numerus
2833 1905 2988 1960 nobis
3018 1890 3124 1958 non
3158 1905 3431 1973 displicet,
3471 1905 3601 1958 licet

2039 1991 2106 2046 de
2140 1993 2342 2047 nostris
2370 2008 2479 2047 non
2518 1995 2696 2050 minus
2727 1996 2880 2050 multi
2917 1996 3217 2066 perierunt.
3248 1994 3402 2060 Quod
3430 1995 3475 2049 si
3502 2009 3597 2048 eo-

2039 2099 2160 2137 rum
2190 2087 2282 2154 qui
2309 2087 2363 2140 in
2388 2087 2588 2156 praeliis
2625 2089 2942 2143 ceciderunt
2974 2097 3288 2154 computum
3325 2087 3559 2141 facimus
3580 2126 3597 2151 ,

2037 2191 2148 2230 non
2181 2192 2373 2246 parum
2399 2179 2798 2235 consolationis
2847 2180 3032 2235 datur.
3070 2179 3174 2245 Qui
3222 2179 3366 2233 cnim
3418 2179 3601 2232 insur-

2034 2269 2335 2323 rectionem
2370 2279 2620 2326 nostram
2663 2272 2718 2325 in
2751 2272 3105 2327 absurditatis
3137 2271 3258 2325 loco
3289 2270 3491 2339 posuit,
3515 2283 3603 2323 ro-

2032 2359 2116 2428 gis
2156 2359 2452 2414 vindictam
2487 2363 2716 2417 invocan
2738 2377 2764 2417 s
2805 2365 2906 2418 tria
2935 2364 3104 2417 millia
3129 2364 3350 2430 etquod
3384 2361 3598 2416 excedit

2034 2451 2158 2504 telis
2191 2467 2220 2505 e
2271 2467 2433 2506 muro
2479 2453 2744 2522 conjectis
2793 2455 3154 2510 succubuisse
3189 2469 3338 2508 more
3387 2456 3596 2522 tragici)

2036 2541 2490 2613 refefl,exceptis
2516 2545 2584 2599 iis
2612 2545 2703 2614 qui
2732 2547 2872 2599 inter
2898 2544 3341 2600 frumentandum
3373 2554 3466 2598 aut
3499 2543 3598 2596 ali-

2036 2645 2118 2690 ter
2151 2635 2495 2700 interierunt,
2546 2645 2708 2705 prout
2746 2637 2871 2692 belli
2907 2637 3018 2691 alea
3053 2638 3240 2703 voluit,
3269 2645 3323 2691 et
3356 2635 3597 2690 fortuna:

2040 2739 2156 2780 rota
2187 2728 2387 2797 jugiter
2430 2727 2652 2781 volvens
2682 2727 2975 2793 disposuit.
3016 2728 3212 2782 Multos
3233 2727 3394 2781 etiam
3423 2725 3599 2780 fames

2034 2820 2270 2883 necavit,
2295 2819 2542 2874 ciborum
2577 2819 2759 2888 inapia
2806 2829 3109 2888 grassante.

2103 3001 2229 3056 158.
2259 3001 2351 3055 Sic
2378 3001 2539 3056 nobis
2569 3009 2757 3056 nectar
2782 2999 3171 3053 consolationis
3201 3011 3266 3050 ex
3284 2994 3595 3067 humilitate

2033 3091 2308 3147 exercitus
2366 3092 2615 3158 hostilis,
2669 3107 2831 3160 quam
2877 3089 3056 3144 Latini
3114 3089 3276 3142 nobis
3331 3087 3594 3140 associati

351 3176 423 3246 ῆν
458 3177 507 3228 οἱ
539 3173 733 3238 δεξιῶς
765 3172 1117 3241 φιλιωθὲντες
1144 3174 1276 3242 ἡμῖν
1297 3175 1512 3226 Λατῖνοι
1543 3174 1792 3245 (πολλοὺς
1818 3175 1926 3244 γὰρ

2033 3183 2050 3253 (
2075 3184 2274 3238 multos
2299 3183 2442 3237 enim
2469 3191 2691 3237 nostros
2721 3182 2971 3252 fecimus,
2990 3179 3118 3234 dum
3144 3177 3255 3233 Deo
3281 3185 3431 3247 grata
3460 3191 3594 3245 ope-

353 3265 711 3333 ύπηγόμεθα,
762 3261 1280 3333 πραγματευόμενοι
1328 3262 1399 3316 τὰ
1435 3263 1500 3315 ἐκ
1537 3261 1694 3330 Θεοῦ)
1741 3261 1929 3326 ἐξεκά-

351 3355 585 3418 λυπτον,
625 3353 770 3424 ὑπὲρ
814 3353 1146 3422 ὀγδοήκοντα
1174 3353 1421 3422 χιλιάδας
1468 3353 1605 3423 πεζῆ
1640 3351 1921 3406 ἐπελθεῖνο

349 3440 436 3500 ὧν
482 3447 644 3516 χίλιοι
698 3443 801 3513 μὲν
848 3445 1107 3507 πεντάκις
1167 3444 1465 3514 φερέγγυοι
1516 3445 1922 3514 ἐμαρτυροῦντο

351 3539 581 3592 ἱππόται
609 3531 774 3599 εἶναι,
805 3535 1140 3605 πεντήκοντα
1163 3535 1370 3605 χιλιάσι
1403 3536 1740 3604 Ῥωμαϊκαῖς
1769 3536 1924 3588 ἐναν-

347 3629 466 3682 τίαι
499 3627 644 3680 κατὰ
696 3627 797 3696 τὴν
827 3625 1053 3679 ἐκείνων
1094 3624 1250 3689 δόξαν
1291 3626 1662 3696 ἀντιδραμεῖν.
1701 3625 1824 3678 Τῶν
1859 3625 1919 3677 δὲ

347 3721 559 3774 λοιπῶν
589 3719 642 3771 οί
681 3718 779 3788 μὲν
805 3717 1150 3782 ἱπποτοξόται
1187 3713 1349 3788 ἦσαν,
1377 3717 1427 3769 οί
1463 3716 1520 3768 δὲ
1541 3717 1785 3785 φιλῆται,
1824 3717 1920 3768 καὶ

347 3812 532 3874 ἁλλως
559 3809 618 3861 δὲ
656 3807 774 3878 μεθ’
805 3807 988 3860 ὅπλων
1037 3808 1318 3877 χρήσιμοι.
1350 3807 1589 3877 Συνεπλή
1601 3824 1724 3877 ρουν
1750 3806 1806 3860 δὲ
1827 3806 1919 3859 τὸν

353 3905 530 3958 πολὺν
578 3905 638 3957 ἐν
690 3903 874 3964 αὐτοῖς
930 3901 1167 3970 ἀριθμὸν
1219 3901 1314 3954 καὶ
1354 3901 1569 3969 ἄνδρες,
1617 3900 1773 3969 φασὶ,
1822 3899 1918 3953 τοῦ

359 3996 629 4060 Ῥιζίκου,
668 3993 810 4064 μήτε
855 3991 1041 4061 διάρια
1072 3991 1327 4062 λαχόντες
1359 3991 1556 4044 ἐκεῖνοι
1591 3992 1655 4044 ἐκ
1690 3991 1785 4043 τοῦ
1815 3994 1916 4060 ῥη-

345 4087 474 4156 γὸς,
505 4084 628 4156 μήθ’
656 4084 950 4154 ὑπόσχεσιν
971 4099 986 4116 ο
1011 4080 1545 4148 ἐπακολουθήσαντες
1564 4079 1621 4133 δὲ
1646 4080 1723 4150 τῷ
1744 4078 1918 4149 λοιπῷ

346 4175 595 4247 στρατῷ,
630 4175 682 4227 εί
714 4190 832 4236 πως
864 4173 972 4226 τῶν
1001 4171 1179 4243 ἔργων
1212 4172 1614 4241 συναιρόμενοι,
1640 4171 1708 4224 τὰ
1735 4172 1800 4224 ἐκ
1824 4171 1918 4224 τύ-

340 4285 460 4338 χης
494 4268 704 4336 εὕροιεν
735 4265 937 4334 ἀγαθά.
969 4266 1080 4318 Καὶ
1120 4264 1366 4318 τοσοῦτοι
1407 4265 1506 4332 μὲν
1538 4264 1598 4317 τὸ
1627 4262 1812 4327 πεζόν.
1841 4264 1916 4316 Τὸ

338 4362 410 4413 δέ
442 4360 716 4421 ναυτικὸν,
753 4357 868 4410 ἀλλ’
900 4357 1053 4410 αὐτοὶ
1080 4356 1228 4425 δῆλοι
1251 4357 1372 4410 κατ’
1395 4355 1632 4426 ἀριθμὸν
1661 4357 1752 4410 τὸν
1772 4355 1915 4427 ὑπὲρ

339 4451 632 4512 διακοσίας
658 4449 816 4515 νεῶν,
850 4448 945 4500 σύν
967 4465 1031 4516 γε
1061 4450 1176 4510 τοῖς
1210 4451 1528 4517 πειραταῖς*
1556 4448 1604 4500 οἳ
1631 4450 1723 4500 καὶ
1760 4448 1914 4504 αὐτοὶ

2040 3273 2666 3344 rabamur)detexerant,
2685 3273 2806 3342 plus
2830 3287 2991 3340 quam
3013 3273 3289 3340 octoginta
3314 3268 3481 3321 millia
3505 3283 3597 3320 ar-

2038 3377 2334 3433 matorum,
2362 3381 2392 3422 e
2417 3367 2614 3434 quibus
2635 3366 2876 3435 quinque
2901 3365 3072 3419 millia
3104 3364 3350 3433 equitum
3384 3368 3599 3429 specta-

2035 3471 2105 3516 tae
2133 3460 2354 3516 virtutis
2395 3460 2448 3512 in
2475 3458 2646 3513 aciem
2674 3463 3062 3526 processerunt
3087 3462 3280 3508 contra
3312 3453 3587 3521 quinqua-

2034 3555 2180 3625 ginta
2204 3552 2368 3606 millia
2391 3550 2783 3614 Romanorum,
2802 3555 2964 3618 prout
2989 3547 3094 3615 ipsi
3117 3543 3597 3600 referunt.Cacteri

2035 3651 2213 3696 autem
2261 3641 2460 3711 partim
2521 3640 2814 3710 sagittarii,
2867 3639 3067 3708 partim
3117 3636 3250 3692 levis
3303 3643 3597 3688 armaturae

2032 3740 2208 3800 erant,
2240 3747 2430 3787 omnes
2454 3731 3057 3787 utilitatisindubitatze.
3084 3726 3284 3782 Horum
3305 3739 3595 3780 numerum

2033 3824 2442 3895 compleverunt
2489 3826 2658 3894 c0pi:e
2703 3839 2732 3877 a
2783 3822 3014 3878 thizico
3052 3821 3254 3886 missae,
3284 3819 3376 3887 qui
3416 3832 3595 3886 neque

2041 3915 2311 3984 stipendia
2342 3930 2443 3968 nec
2480 3915 2646 3968 ullum
2679 3912 2997 3966 donativum
3027 3927 3056 3965 ε
3084 3925 3210 3979 rege
3251 3898 3590 3972 obtinebant,

2036 4003 2334 4058 exercitum
2363 4011 2544 4056 autem
2573 4003 2965 4071 sequebantur,
3002 4001 3092 4056 ubi
3127 4014 3350 4070 cperam
3380 4014 3590 4053 navanc

2029 4103 2116 4149 tes
2135 4092 2612 4162 fortunajuvabat.
2655 4091 2752 4146 Hic
2789 4091 2954 4159 igitur
2987 4091 3088 4145 fuit
3120 4091 3400 4159 copiarum
3425 4098 3592 4144 terre-

2038 4184 2229 4239 strium
2260 4197 2535 4236 numerus.
2561 4181 2714 4236 Vires
2745 4183 2967 4236 navales
2989 4182 3108 4250 plus
3131 4197 3290 4251 quam
3323 4181 3590 4235 ducenta-

2026 4291 2148 4330 rum
2175 4275 2390 4328 navium
2411 4282 2705 4329 erantcum
2730 4274 2944 4341 piratis,
2963 4274 3053 4343 qui
3073 4282 3122 4326 et
3145 4273 3247 4342 ipsi
3268 4272 3399 4326 nihil
3419 4287 3447 4326 a
3470 4287 3592 4341 rege

2035 4369 2371 4437 accipientes
2420 4365 2649 4421 fortuna:
2689 4366 3163 4420 vicissitudinibus
3209 4380 3265 4420 se
3305 4367 3588 4434 permitte-

2029 4460 2199 4526 bant;
2245 4475 2274 4512 a
2308 4459 2507 4529 quibus
2546 4467 2691 4516 terra
2732 4457 2980 4524 marique
3018 4457 3191 4526 pressi
3232 4457 3286 4511 in
3327 4456 3451 4510 vita:
3478 4455 3590 4510 dis-

349 4537 530 4608 μηδέν
585 4537 812 4605 ρηγικδν
871 4537 1108 4607 ἔχοντες,
1138 4535 1308 4607 τύχης
1359 4537 1552 4607 δώροις
1607 4536 1916 4606 ἐπέτρεψαν

2033 4553 2250 4608 crimine
2277 4552 2511 4615 fuimus;
2545 4549 2632 4603 alii
2669 4557 2841 4603 morte
2890 4548 3062 4602 functi
3096 4549 3264 4618 erepti
3290 4556 3448 4613 sunt;
3487 4563 3586 4602 nos

350 4629 591 4691 ἑαυτούς
612 4646 627 4661 ’
658 4630 746 4698 ὑφ’
774 4623 869 4695 ὧν,
905 4629 1047 4682 κατὰ
1073 4630 1174 4700 γῆν
1194 4646 1252 4681 τε
1275 4633 1368 4683 καὶ
1392 4629 1665 4683 θάλασσαν
1696 4629 1923 4682 πιεσάν-

345 4738 464 4774 των
502 4723 672 4792 ἡμᾶς,
693 4720 938 4790 ἐξεθλίϐη
949 4738 1047 4790 μεν
1066 4721 1165 4789 τῆς
1194 4721 1364 4789 ζωῆς.
1383 4722 1493 4774 Καὶ
1518 4723 1566 4775 οἱ
1594 4723 1690 4791 μὲν
1708 4721 1923 4789 θανάτῳ

342 4814 841 4884 κατεσπάσθημεν,
885 4814 934 4864 οί
965 4812 1045 4874 δὲ,
1072 4813 1166 4865 τοῦ
1205 4812 1332 4884 ᾅδου
1377 4812 1436 4865 τὸ
1467 4813 1640 4882 στόμα
1671 4811 1924 4880 συγκλεί-

345 4921 567 4965 σαντος,
596 4898 697 4968 οἷς,
733 4901 910 4973 οἶμαι,
946 4903 1254 4973 κεκόρεστο,
1278 4901 1570 4972 ἡμιθνῆτες
1603 4902 1918 4971 ἐμείναμεν.

423 4993 557 5062 ρλθ¹.
595 4993 738 5045 Ἀλλ’
770 4993 1003 5046 ἐνταῦθα
1025 4991 1506 5062 παραϐεϐηκότες
1530 4993 1654 5046 καθ’
1683 4993 1922 5064 ἱστορίας

344 5085 623 5155 ἀνάγκην,
660 5084 1129 5154 ἀναδραμούμεθα
1158 5084 1294 5154 πρὸς
1323 5085 1517 5156 μικρὸν
1549 5081 1727 5148 αὖθιίν
1756 5085 1924 5154 ἐκφῆ·

347 5194 441 5228 ναι
495 5177 558 5229 τὸ
588 5177 994 5245 καὶ“πτωχικὸν
1029 5176 1124 5228 καὶ
1163 5177 1419 5247 ὑπόπαχυ
1481 5176 1588 5229 τῶν
1641 5177 1922 5230 κατακλυ-

350 5266 496 5337 σμοῦ
524 5268 686 5337 δίκην
718 5268 1154 5337 παρασυράντων
1193 5271 1258 5318 τὰ
1307 5269 1557 5320 πολιτικά
1584 5283 1597 5297 ·
1640 5267 1692 5318 οἳ
1722 5267 1790 5318 τὰ
1821 5267 1920 5336 μὲν

344 5359 511 5425 τίμια
545 5356 762 5425 εὐήθως
813 5357 907 5409 καὶ
944 5357 1018 5416 ὡς
1050 5353 1136 5409 οἷα
1174 5358 1451 5426 βρεφικῶς
1492 5357 1825 5421 ἀπεδίδοντο,
1861 5349 1922 5410 οὗ

345 5451 419 5506 ἄν
437 5467 521 5513 τις
543 5450 733 5512 αὐτοῖς
752 5442 1043 5522 χειρίσειέο
1073 5451 1180 5504 τῶν
1211 5451 1266 5503 δὲ
1293 5451 1493 5504 λοιπῶν
1511 5451 1664 5504 οὐδὲν
1688 5451 1719 5521 ἢ
1749 5449 1920 5520 βραχύ

343 5557 404 5594 τι
454 5542 739 5605 παντελῶς
792 5544 1058 5597 άνθίστων
1093 5539 1331 5612 τίμημα,
1380 5546 1471 5596 καὶ
1527 5543 1760 5612 μάλιστα
1790 5545 1921 5609 τῶν,

343 5637 450 5688 ὅσα
479 5634 754 5697 ἐξοπλίζει
797 5636 1127 5706 χειρομάχον
1160 5636 1392 5704 πληθύν.
1435 5635 1578 5688 Ἀλλ’
1606 5631 1752 5705 εἶχον
1785 5637 1923 5690 αὐτὰ

337 5728 429 5788 τίς
453 5724 608 5797 χύμα
626 5726 962 5797 προκείμενα
989 5729 1046 5781 al
1068 5728 1351 5798 λεωφόροι,
1375 5729 1444 5783 τὰ
1471 5727 1703 5798 ἐλαιώδη
1725 5728 1918 5798 εὐώδη,

2025 4647 2124 4716 ipsi
2155 4647 2277 4715 quia
2305 4645 2572 4709 infernus,
2603 4644 2712 4713 jam
2744 4644 3003 4710 repletus,
3037 4655 3100 4697 os
3155 4642 3368 4708 clausit,
3421 4642 3587 4696 semi-

2025 4739 2222 4792 mortui
2239 4739 2531 4807 jacuimus.

2000 4971 2008 4988 2
2097 4994 2222 5049 159.
2264 4991 2379 5048 Hoc
2412 4992 2634 5059 inloco,
2680 5007 2865 5048 rerum
2914 4998 3192 5063 gestarum
3225 4991 3367 5046 serie
3406 4989 3574 5043 recla-

2033 5092 2233 5147 mante.
2267 5085 2675 5152 retrospicitnus
2702 5095 2760 5140 ut
2789 5085 3006 5139 exilitas
3035 5092 3089 5137 et
3119 5084 3359 5153 paruitas
3391 5096 3582 5136 eorum

2035 5176 2313 5231 manifesta
2354 5177 2608 5232 reddatur
2656 5179 2745 5244 qui
2795 5192 2906 5231 rem
2963 5177 3231 5245 publicam
3291 5176 3345 5228 in
3392 5175 3584 5228 ultimo

2029 5269 2347 5323 discrimine
2400 5270 2850 5336 capessiverunt;
2887 5272 2978 5337 qui
3017 5284 3102 5322 res
3130 5269 3400 5337 pretiosas
3426 5265 3588 5320 stulte

2025 5369 2076 5413 et
2113 5375 2408 5428 puerorum
2440 5375 2588 5413 more
2613 5360 2791 5428 primo
2819 5363 3107 5427 occupanti
3143 5357 3440 5416 tradidere,
3473 5367 3578 5406 cte-

2025 5461 2169 5506 teras
2196 5462 2374 5506 autem
2411 5452 2569 5506 ﬂocci
2604 5451 2866 5515 fecerunt,
2903 5451 3208 5520 praesertim
3245 5461 3366 5515 qua:
3395 5445 3576 5498 multi-

2027 5545 2196 5598 tudini
2247 5545 2511 5600 bettatrici
2543 5559 2692 5598 arma
2725 5544 3095 5613 suppeditant.
3134 5542 3190 5592 In
3217 5539 3320 5592 viis
3346 5537 3584 5608 publicis

2027 5645 2208 5688 autem
2255 5635 2567 5703 promiscue
2601 5634 2858 5704 jaccbant
2888 5634 3004 5686 olea
3041 5627 3364 5699 fragrantia,
3395 5626 3584 5681 lixivia

2025 5730 2222 5795 dulcis,
2261 5729 2516 5785 materies
2553 5728 2698 5785 sicca
2732 5742 2830 5782 seu
2875 5735 3066 5780 contra
3098 5723 3344 5787 morbos,
3393 5735 3489 5775 seu
3525 5721 3578 5774 in
