4012 6226
491 306 594 370 135

1203 313 1624 375 EUSTATHII
1656 317 1944 377 TIIESSA
1959 317 2409 412 LONICENSIS
2453 321 3008 381 METROPOLITJE

3620 316 3726 381 136

485 435 644 474 usum
693 421 949 487 lnxuriei,
995 424 1061 478 ad
1117 435 1290 482 artem
1347 431 1660 488 tinctoriam
1713 448 2042 504 ceteraque,

2156 437 2218 488 τὰ
2265 436 2475 490 στακτά
2528 436 2748 501 εὖοδμα,
2786 439 2854 489 τά
2904 434 3067 504 ξηρὰ,
3106 433 3174 486 τὰ
3226 431 3368 486 κατά
3415 432 3611 497 νόσων,
3665 434 3736 488 τὰ

484 513 686 582 quibus
704 515 810 592 vita
836 517 1052 584 elegans
1073 520 1265 574 utitur.
1294 521 1477 592 Itaque
1497 525 1700 590 lignmn
1727 529 2048 584 suaveoleus

484 606 626 674 quod
655 607 778 675 quis
803 608 1080 677 obtingere
1103 612 1335 673 volebat,
1365 614 1727 671 dedolamlum
1773 619 1903 685 fuit;
1946 637 2048 675 nva

480 711 642 764 passa
679 698 934 751 carbonis
959 701 1230 754 combusti
1265 713 1512 756 naturam
1545 707 1839 770 induebat;
1869 711 2047 779 liquor

485 801 552 840 ex
588 787 729 840 rosis
779 797 1062 844 extractus
1095 805 1234 858 aqua
1291 793 1503 850 inutilis
1542 800 1938 868 reputabatur;
1993 811 2047 857 et

481 878 559 932 sic
604 878 655 931 in
699 881 914 934 cmteris
965 881 1330 947 insaniebant,
1372 897 1425 942 ct
1464 891 1553 957 qui
1599 907 1688 947 res
1732 895 2045 951 accuratius

481 964 797 1021 examinare
835 969 992 1024 vellet
1022 971 1261 1030 hominis
1292 985 1541 1033 naturam
1574 995 1698 1033 cum
1743 983 2044 1039 bestiarum

483 1055 776 1112 confusam
809 1060 1099 1119 inveniret.
1137 1065 1330 1122 Mirum
1355 1082 1535 1124 autem
1568 1071 1670 1126 fuit
1697 1075 1838 1142 quod
1872 1091 2050 1132 annu-

485 1145 660 1199 lorum
731 1148 1055 1215 ferreorum,
1117 1158 1443 1226 pugionum,
1515 1162 1924 1218 thuribulorum
1991 1173 2046 1219 et

484 1249 676 1288 acuum
733 1248 993 1310 tanquam
1027 1259 1208 1298 rerum
1248 1249 1627 1314 spectabilium
1662 1267 1911 1320 magnam
1943 1269 2046 1308 cu-

488 1340 602 1379 ram
627 1343 897 1394 gerentes,
931 1333 1132 1399 majora
1168 1337 1398 1403 pedibus
1446 1342 1857 1407 proculcarunt.
1891 1343 2048 1411 Igno-

485 1418 717 1471 rantiam
771 1432 951 1476 autem
991 1434 1044 1478 et
1087 1428 1371 1482 mollitiem
1404 1433 1552 1486 circa
1583 1435 1749 1488 vitam
1794 1443 1848 1490 et
1885 1437 2050 1492 insti-

486 1518 599 1561 tuta
634 1512 846 1578 publica
879 1516 1294 1574 considerantes
1320 1523 1506 1575 mirari
1531 1526 1872 1583 desinemus.

2155 528 2289 596 πρὸς
2319 529 2554 596 τρυφὴν,
2589 528 2655 580 τὰ
2704 527 2841 596 πρὸς
2874 525 3074 596 βαφὴν,
3111 525 3303 588 τᾶλλα,
3333 518 3417 587 οἷς
3467 525 3729 578 διοικονο-

2157 623 2339 688 μεῖται
2377 619 2490 688 βίος
2532 620 2847 688 καθάρειος.
2881 618 3048 671 Ξὺλον
3081 617 3214 685 γοῦν
3261 615 3488 682 εὔοδμον
3519 616 3725 684 εὑρεῖν,

2151 711 2508 779 ἐκπελέκημά
2542 728 2595 762 τι
2623 711 2809 771 αὐτοῖς
2838 706 2905 780 ἦν
2940 709 3074 762 ἰδείν
3097 725 3110 738 ο
3146 709 3179 778 ἡ
3216 707 3446 775 εὐγενὴς
3488 706 3726 773 ἀσταφὶς

2150 803 2416 871 ἄνθρακος
2447 801 2780 872 ἐσϐεσμένου
2807 801 3002 869 τμῆμα
3034 797 3340 865 ἐφάνταζεν
3367 798 3601 859 ἐκείνοις
3625 813 3640 828 ο
3667 799 3728 850 τὸ

2153 894 2334 964 ῥόδεον
2368 893 2585 963 στάγμα
2617 893 2696 956 είς
2735 891 2879 960 ὕδωρ
2914 893 3132 960 ἀχρεῖον
3182 889 3452 942 ἐτάσσετο
3476 906 3492 923 ο
3532 889 3629 942 καὶ
3653 891 3724 941 τὰ

2151 985 2288 1037 ἄλλα
2321 978 2419 1038 ὧδέ
2452 1001 2526 1052 πη
2566 982 2953 1052 παρενοοῦντο,
2983 982 3071 1034 ἵνα
3109 981 3182 1052 μὴ
3213 981 3591 1044 διασκευάζων
3642 982 3724 1041 είς

2153 1076 2336 1141 πλέον,
2395 1074 2638 1145 θηριώδη
2682 1074 2973 1145 ἀγροικίαν
3033 1074 3251 1143 δοκοίην
3297 1071 3725 1139 ἀπανθρωπίζεε-

2153 1168 2299 1221 σθαι.
2340 1167 2448 1220 Καὶ
2477 1163 2544 1236 ἦν
2585 1165 2907 1234 θαυμάζειν,
2947 1163 3023 1227 ὡς
3053 1163 3265 1233 κρίκων
3300 1163 3398 1232 μὲν
3428 1161 3725 1230 σιδηρέων,

2151 1261 2248 1312 καὶ
2299 1259 2562 1329 ήλαρίων,
2614 1259 2710 1311 καὶ
2747 1257 3129 1327 μαχαιριδίων,
3178 1257 3274 1308 καὶ
3323 1255 3589 1324 πυρείων,
3626 1257 3728 1309 xal.

2155 1349 2410 1420 βελονίων
2452 1349 2728 1418 ἐπιμελῶς
2761 1347 2931 1419 εἶχον,
2960 1349 3093 1402 ὡσεὶ
3117 1351 3211 1402 καὶ
3243 1349 3497 1417 μεγάλων
3525 1350 3689 1402 τινῶν
3709 1368 3724 1382 ο

2150 1443 2219 1495 τὰ
2248 1441 2304 1494 δὲ
2341 1441 2514 1502 ἄλλως
2543 1441 2679 1509 ἁδρά
2714 1442 2872 1494 ποσὶν
2894 1441 3097 1494 ἐδίδουν
3129 1439 3440 1494 πατεῖσθαι.
3475 1440 3638 1492 Ἐλυε
3665 1440 3723 1492 δὲ

2149 1531 2212 1583 τὸ
2241 1530 2427 1598 θαῦμα
2457 1533 2489 1600 ἠ
2519 1532 2638 1583 κατ’
2675 1531 2876 1594 αὐτοὺς
2923 1529 3172 1598 ἀπειρία,
3205 1530 3297 1582 καὶ
3339 1530 3398 1582 τὸ
3438 1532 3576 1600 πρὸς
3609 1530 3727 1600 βίον

2148 1622 2360 1692 ἥμερον
2389 1623 2483 1674 καὶ
2512 1621 2785 1675 πολιτικδν
2811 1621 3122 1674 ἀνέθιστον.

563 1704 688 1759 ΗΟ.
735 1705 873 1762 lline
907 1711 1290 1781 concludimus
1325 1715 1379 1768 in
1432 1727 1618 1772 nostra
1663 1737 1883 1787 quoque
1915 1727 2048 1782 urbe

2228 1716 2340 1778 ρμ.’.
2383 1706 2660 1762 Ἐντεῦθεν
2699 1710 2790 1762 οὖν
2837 1710 2978 1762 κατά
3018 1709 3116 1779 τὴν
3143 1710 3498 1778 ’Κερκυραίων
3526 1725 3727 1776 παροι-

2208 1796 2566 1815 .υ...
2770 1799 3655 1815 ..........-.,

491 1795 688 1864 Cuique
722 1798 972 1856 libertate
1009 1803 1264 1858 indecora
1297 1821 1403 1874 qua
1437 1810 1550 1862 vult
1587 1812 1660 1863 uti
1688 1813 1873 1878 licere,
1903 1825 1960 1868 ut
1993 1819 2049 1870 in

2160 1800 2289 1866 μίαν
2319 1796 2388 1870 ἦν
2417 1801 2690 1868 ἐπιλέγειν
2729 1800 2968 1870 αἰσχρῶς
2999 1804 3092 1854 καὶ
3126 1802 3194 1870 τῇ
3233 1799 3357 1852 καθ’
3390 1801 3537 1871 ἡμᾶς
3564 1800 3722 1852 πόλει

486 1883 753 1952 Corcyra,
798 1889 1069 1958 siquidem
1122 1894 1359 1962 quisque
1405 1913 1515 1966 quo
1551 1901 1663 1954 vult
1711 1903 1816 1957 alvi
1851 1921 2052 1961 exone-

492 1977 648 2029 randi
680 1992 848 2032 causa
899 1983 1159 2038 secedere
1221 1997 1416 2053 potest.
1478 1988 1597 2044 Non
1634 2004 1812 2047 autem
1870 1997 2051 2068 inepte

492 2067 616 2132 quis
646 2066 846 2122 dixerit
892 2071 1252 2144 MegaIOpolin
1301 2095 1558 2151 magnum
1611 2100 1735 2142 esse
1763 2066 2044 2146 desertum

488 2169 861 2229 expugnatum
907 2179 1017 2220 non
1067 2182 1097 2220 a
1154 2167 1397 2240 Scythis,
1427 2189 1533 2228 non
1569 2190 1600 2229 a
1629 2175 1862 2244 Latinis,
1897 2183 1991 2236 sed
2020 2197 2049 2235 a

491 2248 906 2321 nobismetipsis
937 2271 952 2320 ;
985 2259 1137 2326 gravi
1164 2261 1308 2315 enim
1345 2277 1690 2333 peccatorum
1728 2281 2054 2340 tempestate

486 2341 747 2396 exsiccati
781 2345 968 2400 urbem
1016 2361 1256 2405 nostram
1296 2354 1572 2410 desertam
1619 2358 1874 2426 fecimus,
1905 2370 1962 2416 et
1995 2364 2048 2419 in

492 2429 723 2523 scyllam
761 2435 1002 2492 Siculam
1038 2440 1352 2509 incidimus,
1385 2456 1440 2501 et
1467 2449 1675 2504 utinam
1705 2453 1760 2505 in
1792 2451 2049 2523 Scyllam,

487 2517 677 2590 paucis
701 2541 802 2583 nos
831 2531 1106 2599 capitibus
1126 2535 1486 2602 privaturam.
1518 2539 1670 2596 Nunc
1687 2517 2053 2600 autemvﬂha-V-

492 2614 682 2682 rybdis
715 2618 932 2676 turbiue
955 2635 1208 2694 arreptos
1235 2627 1303 2682 ad
1345 2643 1404 2684 se
1436 2630 1625 2686 traxit.

563 2870 685 2924 Ml.
722 2871 841 2926 Jam
882 2891 1010 2931 vero
1061 2891 1426 2949 opportunum
1477 2886 1581 2939 erit
1628 2887 2048 2948 lamentationes

493 2959 751 3018 inclmare
775 2975 828 3019 et
854 2966 921 3020 de
961 2969 1361 3026 calamitatibus
1406 2975 1610 3032 nostris
1631 2993 1869 3046 gemere.
1899 2983 2052 3038 Talia

2155 1894 2216 1946 τὸ
2243 1894 2572 1948 ἀπευκταϊον
2602 1893 2907 1963 ἐλεύθερον,
2939 1895 3014 1956 ὡς
3054 1893 3174 1958 ἐξὸν
3202 1891 3282 1954 δν,
3312 1897 3406 1948 καὶ
3447 1897 3503 1946 ἐν
3551 1896 3727 1964 ταύτῃ

2155 1985 2480 2048 ἀποπατεῖν,
2513 1985 2637 2038 ὁποι
2667 1985 2862 2049 ἐθέλει,
2891 1984 2984 2036 τὸν
3035 1983 3383 2054 βουλόμενον.
3415 1987 3531 2038 Οὐκ
3573 1985 3638 2036 ἂν
3664 1985 3725 2038 δέ

2155 2091 2242 2136 τις
2269 2074 2358 2127 ἐπ’
2414 2069 2582 2143 αὐτῆς
2617 2075 2807 2142 ἀφυῶς
2849 2074 2992 2128 εἴποι
3045 2077 3138 2126 καὶ
3184 2076 3422 2143 ἐρημίαν
3476 2075 3729 2143 μεγάλην

2157 2163 2429 2236 εἶναιτὴν
2486 2167 2884 2234 Μεγαλόπολιν,
2928 2168 3024 2220 καὶ
3073 2168 3324 2235 ἐρημίαν,
3357 2168 3419 2219 οὐ
3474 2166 3725 2228 Σκυθῶν,

2156 2258 2219 2312 οὐ
2252 2257 2358 2327 μὴν
2383 2257 2504 2310 οὐδὲ
2554 2257 2800 2311 Λατίνων
2847 2258 2956 2310 τῶν
3005 2259 3254 2322 ἑλόντων,
3289 2257 3405 2310 ἀλλ’
3447 2257 3603 2326 ⁴ἡμῶν
3628 2258 3733 2310 αὺ-

2157 2349 2297 2402 τῶνο
2327 2351 2377 2402 οἳ
2409 2349 2673 2418 ψυγέντες
2695 2349 2983 2418 ἁμαρτιῶν
3017 2349 3306 2418 βαρυτάτῳ
3340 2349 3568 2417 χειμῶνι
3597 2347 3730 2416 ἔρη-

2163 2455 2263 2507 μον
2313 2439 2646 2509 τηλικαύτην
2694 2441 2847 2494 πόλιν
2901 2441 3133 2509 ἀφέντες
3189 2439 3442 2508 ἐθέμεθα,
3492 2439 3586 2491 καὶ
3626 2439 3728 2508 τὴν

2159 2530 2445 2601 Σικελικὴν
2467 2531 2706 2584 Σκύλλαν
2731 2532 3144 2600 ἐπηγαγόμεθα,
3173 2530 3280 2582 είτε
3310 2530 3411 2599 μὲν
3435 2526 3530 2584 οὖν
3556 2530 3730 2582 Σκύλ-

2158 2621 2278 2680 λαν,
2311 2621 2518 2686 ὀλίγαις
2553 2621 2697 2689 ἡμᾶς
2727 2621 2989 2688 κεφαλαῖς
3035 2619 3440 2687 ζημιώσουσαν.
3468 2621 3627 2687 Ἀρτι
3665 2620 3729 2672 δὲ

2159 2709 2431 2778 Χάρυϐδις
2498 2712 2531 2775 ὴ
2582 2708 2790 2762 ἐκεῖθεν
2845 2708 3195 2763 κατίσπακεν
3244 2707 3415 2778 ἡμᾶς,
3479 2707 3729 2778 ὀλέθριον

2159 2796 2489 2867 ἀναρῤοιὸδή
2499 2814 2658 2852 σασα.

2234 2885 2378 2958 ρμα’.
2409 2891 2518 2941 Καὶ
2546 2885 2613 2958 ἦν
2643 2889 2739 2956 μὲν
2769 2887 3004 2941 ἐνταῦθά
3041 2903 3132 2956 μοι
3165 2887 3331 2948 τόπος
3360 2885 3574 2955 θρήνων
3599 2903 3735 2938 κατ.

2155 2980 2345 3049 ἀρξαι,
2381 2980 2473 3033 καὶ
2526 2979 2942 3048 ἀποιμώξασθαι
2970 2978 3040 3030 τὰ
3064 2978 3148 3046 ἐφ’
3192 2979 3340 3047 ἡμᾶς
3388 2981 3551 3032 κακά.
3586 2975 3734 3030 Οὔτε

492 3063 671 3108 autem
694 3070 794 3109 nec
812 3058 929 3111 seni
955 3059 1193 3126 proﬁcua
1211 3074 1336 3120 sunt
1359 3080 1456 3120 nec
1482 3065 1573 3120 Dei
1595 3070 1850 3139 episcopo
1871 3074 2051 3144 digna,

2160 3070 2217 3124 δὲ
2249 3070 2463 3139 γέροντι
2491 3071 2558 3122 τά
2579 3068 2802 3122 τοιαῦτα
2832 3069 3308 3138 προσευπορεὴαι,
3329 3067 3422 3118 καὶ
3447 3066 3564 3119 οὐδὲ
3585 3065 3732 3117 Θεοῦ

493 3145 588 3199 sed
622 3148 1110 3216 supplicationibus
1151 3165 1204 3209 et
1249 3155 1432 3225 gloria:
1475 3160 1740 3218 Altissimi
1773 3178 2050 3236 congrua,

497 3249 564 3289 ex
597 3250 706 3305 quo
733 3247 786 3293 et
812 3254 907 3308 per
933 3256 1094 3312 quem
1130 3253 1320 3300 nostra
1350 3251 1530 3303 omnia
1567 3261 1882 3322 suppetunt.
1913 3256 2055 3323 Quid

495 3343 629 3383 vero
667 3331 894 3402 impedit
925 3336 1058 3404 quin
1082 3378 1097 3402 ,
1131 3338 1234 3393 hoc
1281 3342 1399 3396 solo
1432 3347 1596 3400 verbo
1629 3348 1844 3417 prolato
1899 3351 2054 3418 quie-

498 3436 672 3486 scam,
703 3437 791 3490 ne,
824 3434 882 3480 ut
925 3426 1121 3481 dixerit
1155 3431 1353 3499 aliquis
1389 3436 1600 3502 merito,
1636 3438 1807 3492 solent
1853 3440 2052 3495 alicubi

499 3513 734 3582 majores
753 3531 1025 3574 aerumnas
1055 3519 1290 3577 vidisse?
1324 3524 1527 3590 Quodsi
1559 3528 1930 3584 adversarium
1962 3533 2060 3586 ob-

499 3604 646 3659 vium
677 3605 907 3672 habebo,
936 3626 1037 3667 nec
1073 3623 1371 3669 extremam
1413 3629 1768 3686 senectutem,
1803 3637 1903 3676 nec
1946 3625 2060 3693 epi-

497 3696 769 3764 scopalem
827 3699 1147 3768 dignitatem
1209 3704 1459 3771 verebor,
1510 3707 1604 3760 sed
1659 3710 1936 3774 resistam,
1999 3719 2054 3764 et

498 3789 791 3845 commisso
840 3793 1025 3861 praelia
1072 3794 1174 3848 tela
1207 3797 1447 3851 oratoria
1495 3813 1599 3853 non
1643 3799 1799 3869 longe
1829 3815 1858 3854 a
1893 3813 2060 3870 scopo

493 3877 796 3948 jaculabor.

575 4064 696 4119 142.
718 4066 833 4121 Tali
864 4069 1023 4124 modo
1053 4085 1139 4125 res
1160 4081 1308 4140 gesta
1329 4082 1434 4139 est,
1454 4073 1498 4127 si
1528 4075 1891 4142 tragtedorum
1914 4089 2064 4134 more

499 4170 684 4210 sermo
719 4160 1097 4214 tcrminandus
1128 4171 1209 4213 est
1241 4165 1421 4229 potius
1463 4180 1625 4231 quam
1659 4165 1858 4218 rationi
1887 4167 2065 4234 operi-

2157 3162 2457 3224 ἐπίσκοπος
2506 3161 2765 3224 τοιούτοις
2810 3160 2994 3228 λόγοις
3045 3160 3274 3230 πρέπων
3321 3157 3491 3221 ἐστὶν,
3543 3156 3658 3209 ἀλλ’
3693 3157 3731 3226 ἢ

2161 3254 2352 3322 μόναις
2383 3253 2774 3321 εὐχαριστίαις,
2809 3254 2903 3308 καὶ
2932 3250 3058 3320 δόξῃ
3097 3253 3162 3321 τῇ
3199 3251 3279 3312 είς
3315 3249 3405 3301 τὸν
3433 3249 3733 3316 ’Υψιστοη

2158 3345 2217 3410 ἐξ
2243 3339 2304 3400 οὗ
2338 3348 2432 3400 καὶ
2478 3346 2544 3398 δι’
2583 3338 2644 3398 οὗ
2679 3347 2745 3397 τὰ
2791 3345 3055 3414 ἡμέτερα.
3091 3344 3156 3397 Τί
3189 3343 3244 3395 δὲ
3278 3343 3342 3412 δὴ
3395 3341 3616 3403 κωλύει,
3668 3339 3736 3393 ἓν

2159 3437 2290 3506 γοῦν
2321 3437 2479 3491 τοῦτο
2524 3437 2685 3506 μόνον
2737 3435 2961 3488 εἰπόντα
3005 3452 3071 3505 με
3112 3432 3516 3495 πεπαύσεσθαι,
3547 3432 3645 3494 ὡς,
3677 3434 3740 3484 εἰ

2159 3544 2240 3590 τις
2271 3530 2391 3594 ἐρεῖ
2423 3527 2494 3596 μὴ
2526 3530 2590 3580 ἂν
2639 3528 2840 3582 ἰδέσθαι
2889 3544 2976 3580 πω
3020 3526 3110 3579 τὸν
3140 3526 3290 3596 ἥλιον
3330 3524 3515 3580 ἄλλοθι
3553 3523 3735 3592 μείζω

2161 3619 2329 3689 πάθη,
2351 3620 2451 3673 οὐκ
2481 3617 2548 3672 ἂν
2579 3619 2684 3684 ἐξω
2730 3618 2890 3678 λόγου
2919 3618 3374 3686 ἀπισχυρίσαιτο;
3413 3615 3521 3672 Καὶ
3563 3617 3735 3683 είπερ

2162 3709 2382 3778 εὑρήσω
2425 3707 2517 3760 τὸν
2561 3706 3041 3780 ἀντιπεσούμενον,
3077 3705 3192 3760 ἀλλ’
3237 3704 3613 3763 ἐνταῦθαλοὺκ
3642 3706 3740 3757 αἱ·

2161 3800 2386 3868 δέσομαι
2419 3799 2499 3862 είς
2540 3799 2727 3852 λαλιὰν
2779 3798 2905 3852 οὔτε
2931 3799 2993 3850 τὸ
3042 3797 3178 3865 βαθὺ
3215 3799 3410 3867 γῆρας.
3462 3793 3586 3847 οὔτε
3633 3793 3742 3863 τὴν

2162 3890 2490 3960 ἐπισκοπὴν,
2534 3889 2649 3943 ἀλλ’
2699 3893 3048 3956 ἑνστήσομαι,
3100 3889 3193 3940 καὶ
3227 3886 3740 3954 ἐπαγωνισὲῳενος,

2162 3981 2260 4034 οὐκ
2282 3980 2348 4034 ἂν
2366 3981 2554 4051 πόρρω
2582 3978 2786 4032 σκοποῦ
2806 3977 2865 4030 τὸ
2885 3979 2980 4046 τῆς
3005 3976 3290 4046 ῥητορείας
3309 3975 3463 4044 βέλος
3484 3973 3738 4044 ῥίψαιμι.

2237 4073 2384 4144 ρμβ’.
2424 4093 2442 4125 ι
2479 4071 2681 4127 Τοιόνδ’
2730 4069 2910 4138 ἀπέϐη
2940 4069 3056 4120 τόδε
3089 4070 3342 4137 πρᾶγμα,
3385 4084 3404 4117 ι
3449 4065 3502 4118 εἴ
3539 4082 3592 4117 τι
3623 4065 3737 4134 χρὴ

2163 4166 2516 4238 τραγῳδικῶς
2570 4165 2880 4218 συντελέσαι
2914 4164 3003 4215 τὸν
3055 4161 3232 4228 λόγον,
3282 4159 3412 4213 ἔνθα
3449 4158 3510 4211 τὸ
3557 4157 3737 4220 πάθος

500 4259 607 4312 que
637 4245 1027 4302 insistendum.
1065 4248 1128 4300 Et
1158 4266 1284 4304 vere
1333 4267 1476 4306 nunc
1523 4256 1852 4309 cessandum
1903 4265 2051 4322 erat,

2164 4258 2473 4327 τραγῳδίας
2511 4255 2690 4322 ἀξιον·
2721 4255 2820 4308 καὶ
2865 4253 2992 4306 οὔτε
3036 4253 3178 4319 λόγῳ
3223 4251 3346 4306 καθ’
3377 4251 3498 4304 ὅλον
3531 4245 3645 4304 οἷόν
3676 4267 3742 4302 τε

501 4335 607 4390 nisi
643 4337 1042 4393 audivissemus
1071 4340 1163 4394 Dei
1200 4342 1333 4395 iram
1361 4343 1600 4397 nondum
1631 4360 1660 4397 a
1692 4346 1851 4400 nobis
1885 4361 2051 4400 reces-

2168 4348 2538 4416 παραστῆναι,
2565 4345 2689 4398 οὔτε
2717 4346 2856 4400 κατά
2876 4345 3037 4414 ἔργον
3061 4342 3342 4413 φέρεσθαι.
3369 4340 3468 4410 Είη
3492 4341 3548 4393 δὲ
3572 4341 3746 4410 μέχρι

500 4428 664 4492 sisse,
699 4426 794 4481 sed
837 4443 1058 4483 manum
1092 4431 1210 4499 ejus
1242 4434 1419 4487 adhuc
1449 4449 1571 4490 esse
1594 4445 1869 4491 extentam
1900 4453 2051 4506 para-

2166 4409 2318 4488 tofiﬁe
2348 4409 2598 4505 λωφῆσαι
2621 4436 2682 4488 τὸ
2714 4437 2844 4496 πᾶν,
2880 4409 3074 4504 μὴῗκαὶ
3097 4409 3416 4502 ἀκούσωμεν
3439 4409 3530 4484 καὶ
3557 4409 3745 4496 αὐτοὶ,

501 4522 728 4586 tamque
775 4519 842 4570 ad
875 4520 1073 4575 vulnus
1119 4521 1320 4577 letbale
1361 4521 1710 4590 inlligendum
1734 4563 1750 4589 ,
1786 4525 2051 4595 Deumque

2167 4529 2241 4589 ὠς
2271 4529 2454 4582 οὐκέτι
2483 4531 2510 4582 ό
2539 4529 2632 4582 τοῦ
2663 4528 2798 4582 Θεοῦ
2835 4527 2954 4580 καθ’
2982 4527 3142 4597 ἡμῶν
3179 4526 3351 4595 θυμὸς
3381 4525 3748 4593 ἀπεστράφη,

502 4605 790 4662 nobiscum
811 4623 915 4662 non
937 4623 1250 4665 mansurum
1276 4611 1378 4668 nisi
1400 4613 1757 4684 corrigantur.
1787 4613 2051 4670 Correctic

2163 4618 2279 4674 ἀλλ’
2302 4619 2382 4672 ἔτι
2410 4621 2584 4688 ήχεὶρ
2614 4620 2778 4672 αὐτοῦ
2804 4617 3002 4688 ὑψηλὴ,
3031 4620 3122 4670 καὶ
3154 4617 3240 4669 οἷα
3262 4633 3321 4668 τε
3352 4616 3754 4682 κατενεχθεῖσα

499 4707 686 4754 autem
713 4703 819 4755 erit
845 4703 888 4756 si
916 4703 1080 4757 vitam
1113 4719 1417 4773 perversam
1447 4707 1918 4760 emendaverimus
1943 4722 2051 4775 pro-

2166 4712 2407 4775 πατάξαι
2428 4714 2506 4774 είς
2521 4711 2754 4764 θάνατον
2777 4727 2791 4743 ο
2821 4711 2922 4764 οὐκ
2946 4707 3289 4776 ἀκουσόμεθα
3315 4708 3374 4759 δέ
3397 4707 3578 4776 μένειν
3599 4704 3749 4758 Θεοῦ

459 4839 471 4846 ,
502 4798 622 4858 pter
643 4808 804 4858 quam
837 4805 1034 4847 cuncta
1068 4795 1180 4848 lucc
1215 4797 1354 4850 mala
1383 4796 1434 4851 in
1463 4811 1562 4852 nos
1590 4799 2051 4855 irruerunt.Vald(

2169 4803 2294 4856 καθ’
2331 4804 2510 4872 ἡμῶν,
2545 4803 2704 4871 εἴπερ
2739 4801 3166 4870 διορθωσόμεθα.
3200 4798 3496 4868 Διόρθωσις
3524 4796 3580 4850 δὲ
3608 4799 3752 4865 ἡμῖν

499 4881 647 4933 enim
681 4891 829 4936 errat
855 4885 947 4952 qui
979 4901 1078 4942 nos
1103 4887 1348 4942 insontes
1369 4889 1474 4957 pati
1506 4889 1817 4945 crediderit.

2165 4895 2344 4960 ἔσται,
2375 4896 2423 4947 εί
2457 4894 2893 4962 μεταδαλώμεθα
2945 4892 3040 4946 τοῦ
3077 4893 3452 4961 περιπονήρου
3498 4889 3639 4958 βίον,
3675 4887 3752 4939 δι’

2167 4986 2227 5039 ὃν
2255 4987 2387 5055 ἡμῖν
2420 4985 2611 5038 ταῦτα.
2637 4984 2859 5051 Μηδένα
2885 4985 2993 5053 γάρ
3018 4982 3140 5044 νοῦς
3181 4981 3440 5035 πλανάτω
3454 4979 3750 5048 φίλαυτος,

2164 5076 2244 5137 ὼς
2276 5075 2376 5128 οὐκ
2403 5074 2623 5135 ἐνδίκως
2649 5071 3208 5143 πεποινηλατήμεθα.ε

584 5160 711 5215 143.
748 5163 888 5214 Ante
923 5161 1107 5215 omnia
1141 5163 1307 5231 igitur
1353 5173 1571 5230 peccata
1623 5180 1738 5220 mea
1777 5167 1850 5221 ob
1877 5169 2051 5224 oculos

2241 5165 2390 5233 ρμγ’.
2430 5165 2648 5232 Πρῶτος
2679 5159 2772 5218 οὖν
2806 5163 2916 5230 ἐγὼ
2947 5164 3052 5232 πρὸ
3087 5161 3383 5232 ὀφθαλμῶν
3418 5158 3754 5262 ἱσταμένους

507 5265 678 5323 pono.
710 5251 1147 5306 misericordiam
1181 5254 1420 5307 divinam
1457 5255 1735 5320 invocans,
1782 5273 1812 5309 a
1854 5257 2051 5324 justiti:

2171 5256 2295 5316 τοὺς
2333 5255 2440 5306 τῶν
2491 5255 2638 5324 ἐμῶν
2688 5255 2896 5308 κακιῶν
2950 5255 3206 5322 ἐλέγχους
3263 5251 3593 5318 ἀναθεωρῶ,
3648 5251 3757 5301 καὶ

503 5350 574 5398 al
616 5343 938 5398 «haritatem
977 5344 1272 5412 appellans,
1303 5346 1394 5411 qui
1433 5346 1732 5401 subsistere
1765 5349 1909 5417 petis
1963 5366 2051 5404 non

2173 5347 2481 5414 ποτνιῶμαι
2509 5345 2815 5397 θεοκλυτῶν
2848 5345 2977 5412 περὶ
3004 5345 3186 5405 ἐλέους
3225 5342 3382 5406 Θεοῦ,
3413 5342 3505 5394 καί
3536 5357 3653 5403 πως
3678 5342 3758 5392 ἐκ

505 5450 652 5502 sum,
685 5435 733 5490 si
767 5435 908 5491 Deus
936 5447 1152 5501 peccata
1189 5451 1304 5490 mea
1341 5437 1530 5506 punire
1562 5438 1804 5493 voluerit.
1834 5439 2051 5495 Conver'

2169 5435 2266 5487 τοῦ
2297 5435 2504 5488 δικαίου
2536 5435 2719 5503 ἔφεσιν
2743 5434 2876 5505 πρὸς
2899 5435 2958 5488 τὸ
2985 5434 3364 5504 φιλάνθρωπον
3395 5431 3640 5533 τίθεμαι,
3663 5431 3757 5501 μὴ

507 5526 659 5578 sione
685 5525 850 5594 igitur
881 5525 1282 5595 promptissima
1312 5540 1447 5594 opus
1479 5534 1583 5580 est.
1603 5525 1776 5592 Nam,
1808 5537 1865 5580 ut
1891 5531 2048 5584 video

2175 5525 2314 5595 ἔχων
2347 5526 2698 5594 ὑφίστασθαι,
2727 5525 2886 5596 εἴπερ
2916 5525 3145 5595 ἀνομίας
3172 5523 3481 5594 παρατηρεῖ
3511 5521 3756 5626 ίξύριος.

508 5612 893 5687 plerarumque
947 5617 1236 5672 conversio
1282 5617 1495 5671 sincera
1546 5631 1655 5671 non
1688 5626 1791 5671 est.
1823 5617 2051 5674 Fortasst

2175 5617 2554 5686 Μεταϐλητέον
2577 5615 2690 5684 οὖν,
2721 5619 2844 5671 ὅσον
2869 5617 3054 5687 τάχος.
3081 5617 3278 5670 Οὐκέτι
3296 5616 3405 5684 γὰρ
3428 5613 3477 5664 οἱ
3499 5610 3758 5671 πλείους.

494 5707 569 5772 ,οι
599 5716 702 5759 nos
737 5713 936 5764 temere
963 5709 1208 5766 ausimus
1237 5705 1543 5764 exclamare
1577 5722 1592 5760 :
1624 5704 1756 5772 Quis
1783 5715 1866 5761 est
1894 5705 2051 5762 domi-

2177 5709 2252 5773 ὡς
2299 5710 2501 5780 βλέπω,
2533 5710 2837 5782 μεταϐολὴν
2875 5709 2971 5784 τὴν
2999 5709 3370 5780 χρηστοτέραν
3401 5700 3757 5776 mamma.
