4012 6226
228 356 320 421 237
989 350 1090 410 DE
1129 350 1699 413 THESSALONICA
1739 352 1943 415 URBE
1981 353 2028 413 Δ
2070 351 2374 412 LATINIS
2406 352 2666 412 CAPTA.
3367 360 3466 423 133

222 470 483 537 Μενοῦνγε
512 464 957 537 φιλοτιμούμεθα
1001 469 1097 522 καὶ
1144 467 1302 520 αὐτοὶ
1334 467 1513 536 λέγειν
1551 468 1660 522 ίδοὺ
1695 468 1775 522 κα*

1893 484 1996 523 nus
2015 468 2243 524 noster?
2267 466 2432 538 idque
2462 468 2717 537 quoniam
2739 461 2899 522 nemo
2914 462 3139 525 verbum
3168 471 3222 525 in
3255 488 3358 529 nos
3381 491 3469 532 re-

222 565 374 619 πάλιν
400 561 606 630 ἡμεῖς⁹
637 558 737 623 Τίς
781 558 938 629 ἡμῶν
982 558 1173 629 κύριός
1220 561 1392 625 ἐστιν,
1445 560 1521 623 ὡς
1567 559 1794 632 μηδενὸς

222 657 341 724 ἡμῖν
366 652 577 722 φαῦλον
600 651 1087 722 ἐπιψηφισαμένου
1121 650 1291 722 μηδέν
1316 668 1332 718 ;
1369 653 1434 706 Ὃ
1464 652 1563 722 τῆς
1585 652 1643 705 ἐν
1663 652 1775 723 ἠμῖς

1905 650 2295 707 hebetudinem
2336 665 2613 713 accusem,
2664 652 2769 706 nisi
2818 662 3039 723 peccata
3094 653 3366 726 inquiram
3412 666 3470 713 et

219 741 602 811 δυσαισθησίας
631 743 645 796 l
679 742 758 812 μή
794 759 886 813 μοι
928 742 985 796 δὲ
1013 743 1250 812 γένοιτο,
1300 743 1394 797 καὶ
1435 742 1775 813 ἀναισθησίας

1897 742 2162 815 rejiciam,
2199 753 2424 813 propter
2458 757 2580 814 quae
2612 742 2842 797 fulmina
2886 745 3006 801 dira
3037 747 3091 801 in
3126 762 3227 804 nos
3255 748 3468 805 cecide-

223 836 405 900 είπεῐν,
448 836 507 887 ἐν
538 833 615 902 τῷ
651 832 729 904 μὴ
762 834 832 886 τὰ
870 834 1020 887 αἴτια
1054 835 1148 888 καὶ
1193 834 1665 904 κατασκέψασθαι,
1700 835 1775 889 καὶ

1896 845 2039 900 runt,
2082 838 2283 906 quibus
2333 841 2669 895 concremati
2705 856 2936 905 sumus,
2975 856 3004 896 a
3035 843 3238 912 quibus
3274 844 3459 914 plagas

1900 568 2137 629 torquet.
2167 559 2212 615 0
2258 559 2642 616 hebetudinem
2676 562 2957 615 nostram!
3002 558 3161 616 Absit
3191 570 3370 618 autem
3410 576 3469 619 ut
3565 604 3574 620 τ

221 925 447 981 ἐκποδὼν
474 925 833 995 ποιήσασθαι,
864 925 958 995 ἀφ’
985 919 1060 981 ὧν
1085 928 1216 998 ἡμῖν
1235 926 1575 998 κατεϐρέχθη
1594 925 1793 997 κεραύ-

220 1038 291 1073 νια
308 1020 457 1072 κακά
477 1035 494 1050 ο
516 1017 587 1070 δι’
605 1011 681 1072 ὧν
697 1017 1160 1087 ὲκτεφρωθέντες,
1182 1018 1393 1090 πληγὰς
1413 1019 1786 1090 ἐνετρίϐημεν,

221 1110 342 1163 ἆσπε
348 1125 381 1178 ρ
396 1107 503 1159 οὐκ
516 1106 584 1161 ἂν
597 1106 774 1170 οὐδεὶς
793 1107 1039 1178 μακροὺς
1050 1109 1325 1172 ἐνιαυτοὺς
1340 1106 1788 1179 άπαλθησόμεθα.

283 1200 413 1272 ρμδ¹.
448 1200 578 1252 Εἰσὶ
622 1197 680 1252 δὲ
708 1198 886 1252 ταῦτα
930 1196 1013 1269 (ού
1047 1198 1157 1269 γὰρ
1202 1198 1439 1269 ὀκνήσω,
1477 1200 1574 1253 καὶ
1624 1201 1789 1256 πάλιν

221 1292 273 1343 τὸ
291 1291 379 1344 τοῦ
408 1290 578 1357 λόγου
609 1289 999 1360 χειρισάμενος
1028 1288 1282 1359 ἄροτρον,
1316 1290 1659 1360 ἀναπολῆσαι
1688 1290 1786 1361 τὴν

223 1384 326 1438 κατ’
370 1383 477 1452 ἐμὲ
525 1380 910 1452 πνευματικὴν
966 1381 1174 1450 ταύτην
1201 1380 1326 1449 γῆν,
1377 1381 1473 1434 καὶ
1509 1381 1599 1434 τὸν
1642 1380 1785 1435 θεῖον

226 1475 427 1545 σπόρον,
445 1473 523 1537 ὡς
548 1473 803 1537 εἰθισται,
825 1470 1173 1540 καταϐαλεῖν)
1195 1486 1210 1501 ’
1241 1470 1293 1524 οί
1315 1471 1520 1541 φθόνοι,
1535 1473 1597 1525 τὸ
1620 1489 1786 1543 πρεσ-

224 1567 432 1621 ϐύτατον
464 1565 661 1630 κακὸν,
689 1564 749 1616 τὸ
780 1563 878 1617 τοῦ
903 1562 1194 1617 καλλίστου
1226 1562 1366 1627 ζώου
1395 1564 1539 1634 μέγα
1567 1560 1776 1636 αἶσχος,

224 1658 274 1711 τὸ
292 1657 459 1712 δεινὸν
489 1654 588 1710 τοῦ
623 1654 1026 1717 καταπεσόντος
1049 1654 1328 1724 ἑωσφόρον
1369 1654 1563 1721 θέεῖον,
1593 1654 1623 1708 ὃ
1655 1672 1782 1708 συν-

224 1750 458 1818 εφήτξιατο
510 1745 617 1816 τῆς
659 1747 720 1800 ὲν
760 1746 893 1816 ἡμῖν
922 1743 1220 1798 κακοποιοῦ
1271 1743 1697 1815 κεραυνώσεωςο
1728 1745 1780 1799 οί

226 1840 571 1909 συγγέροντες
606 1837 685 1908 τῷ
736 1837 917 1907 φθόνῳ
949 1835 1129 1905 τῦφοι,
1156 1836 1238 1899 είς
1266 1834 1361 1899 οὓς
1387 1837 1433 1901 6,
1464 1833 1539 1899 ὡς
1579 1837 1777 1901 εἰπεῖν,

222 1930 527 2002 τυφογέρων
560 1929 774 1999 δαίμων
822 1927 1161 1992 ἀναϐιϐάσας
1188 1928 1360 1999 ἡμᾶς,
1394 1926 1492 1981 καὶ
1540 1943 1782 1999 προσκυ-

224 2020 411 2090 νηθεὶς,
465 2020 544 2085 ὡς
594 2020 686 2074 ἐπὶ
739 2018 1044 2091 βασιλείαις
1093 2020 1261 2084 τισὶν,
1311 2013 1431 2072 εἶτα
1479 2019 1779 2094 κατέρριψε

224 2113 350 2165 κάτω
379 2109 565 2183 βαλὼν
600 2111 728 2174 τοὺς
755 2109 983 2174 πολλοὺς
1005 2110 1098 2164 καὶ
1120 2111 1204 2175 είς
1241 2109 1512 2181 τάρταρον
1531 2126 1547 2142 ³
1583 2113 1638 2166 αἱ
1663 2112 1777 2167 δια·

226 2203 380 2270 ϐολαὶ,
414 2202 475 2256 αἳ
510 2202 610 2265 τὰς
641 2202 975 2272 θανασίμους
1007 2200 1128 2255 καθ’
1165 2200 1321 2272 ἡμῶν
1354 2201 1661 2257 ἀπεύθυναν
1695 2202 1782 2273 βο-

222 2293 300 2358 λάς
321 2308 336 2324 ’
360 2293 422 2347 τὸ
456 2294 599 2363 βαθὺ
627 2292 845 2362 ψεῦδος,
877 2286 937 2347 οὗ
972 2293 1157 2346 ἕνεκεν
1189 2293 1217 2345 6
1240 2292 1336 2360 τῆς
1367 2292 1624 2363 ἀληθείας
1650 2293 1779 2357 Θεὸς

220 2386 385 2455 ἀπῆρε
419 2386 544 2448 τοὺς
577 2384 893 2454 ὀφθαλμοὺς
923 2383 984 2449 ἐξ
1022 2384 1214 2454 ἡμῶν·
1247 2384 1308 2438 τὸ
1349 2384 1777 2455 φιλοχρήματον,

219 2467 271 2525 οὗ
304 2473 426 2526 κατ’
456 2473 636 2527 αίτίαν
669 2471 728 2525 εὖ
759 2472 1192 2542 δεδικαιωμένοι,
1227 2472 1448 2526 πάντων
1480 2472 1780 2542 χρημάτων

221 2562 705 2635 ἀπεγυμνώθημεν,
736 2564 863 2634 δίχα
895 2581 960 2632 γε
1011 2562 1118 2618 τῶν
1165 2564 1261 2619 καὶ
1307 2565 1475 2618 είσέτι
1502 2565 1580 2637 τῷ
1606 2566 1779 2641 φολεῷ

222 2654 377 2724 τούτῳ
428 2654 822 2717 ὶπωαζόντων,
874 2653 1125 2707 κάκεῖθεν
1186 2653 1775 2726 καταθρασυνομένων,

217 2749 311 2801 τῶν
337 2748 414 2820 μὴ
456 2748 706 2818 φωλεοὺς
742 2748 998 2821 ἐχόντων,
1032 2747 1161 2803 ἔνθα
1193 2748 1432 2801 κλινοῦσι
1479 2749 1579 2814 τὰς
1611 2768 1780 2821 κεφασι

218 2840 301 2905 id;
336 2841 409 2912 (οἶ
465 2839 840 2911 βλεπέτωσαν,
903 2838 1148 2910 μήποθεν
1199 2839 1345 2909 ὄφις,
1402 2841 1621 2906 ὁποίους
1672 2841 1779 2916 χρὴ

213 2933 450 2999 δεδιέναι,
508 2930 833 3002 ύφερπύσας
873 2930 1151 3005 ἀχρειὼσῃ
1194 2933 1374 2997 αὐτοῖς
1419 2935 1487 2987 τὰ
1529 2935 1628 3004 τῆς
1662 2953 1778 3004 φω-

215 3024 368 3090 λείας,
414 3026 495 3089 ὡς
544 3024 622 3095 μὴ
665 3022 1136 3095 τελεσφορηθῆναι
1182 3025 1262 3090 είς
1308 3023 1673 3099 νεόττευσιν)’
1715 3027 1772 3083 al

1892 929 2227 997 accepimus,
2259 946 2398 1000 quas
2435 932 2587 988 multi
2618 933 2744 988 anni
2775 949 2880 988 non
2916 933 3212 990 sanabunt.

1962 1207 2084 1261 LM.
2121 1206 2261 1260 Sunt
2298 1213 2478 1260 autem
2511 1222 2656 1262 nunc
2684 1206 2797 1261 hate
2837 1208 2967 1277 (non
2997 1207 3142 1262 enim
3190 1222 3275 1261 me
3312 1209 3461 1277 piget

1890 1304 1946 1352 ut
1978 1298 2171 1351 iterum
2204 1294 2269 1350 ad
2305 1305 2548 1350 aratrum
2579 1295 2726 1350 verbi
2756 1297 2965 1351 mittam
3017 1311 3237 1352 manum
3263 1336 3278 1362 ,
3314 1297 3459 1353 hanc

1891 1403 2063 1445 meam
2103 1404 2357 1444 renovem
2389 1390 2728 1459 spiritualcm
2766 1397 2967 1444 terram
2996 1438 3013 1464 ,
3054 1404 3351 1461 semenque
3379 1388 3460 1444 di-

1886 1478 2071 1533 vinum
2104 1494 2258 1534 more
2295 1479 2458 1535 solito
2490 1478 2761 1549 spargam)
2787 1495 2802 1535 :
2832 1477 3058 1544 invidia,
3085 1480 3287 1534 malum
3318 1479 3459 1534 anti-

1883 1570 2230 1641 quissimum,
2267 1569 2517 1625 animalis
2542 1569 2913 1625 venustissimi
2937 1584 3129 1639 magna
3154 1570 3454 1639 turpitudo,

1883 1658 2123 1712 Luciferi
2169 1657 2389 1712 coalitus
2439 1658 2764 1730 praecipitati
2807 1659 2989 1714 dirum
3042 1658 3274 1728 sulphur
3309 1659 3453 1728 quod

1884 1746 2090 1802 fulmen
2119 1745 2391 1802 funestum
2417 1748 2470 1800 in
2501 1748 2661 1803 nobis
2689 1748 2963 1815 accendit;
2992 1749 3218 1803 comites
3239 1748 3455 1805 invidia:

1883 1838 1977 1893 alti
2012 1838 2260 1914 spiritus,
2296 1837 2350 1891 in
2380 1853 2521 1907 quos
2551 1839 2763 1893 dannon
2792 1838 3072 1894 fastuosus
3099 1855 3201 1895 nos
3233 1849 3453 1910 protru-

1883 1931 1988 1999 sit;
2029 1930 2152 1987 dein
2182 1930 2445 1988 adoratus
2474 1948 2504 1986 a
2538 1931 2701 1989 nobis
2728 1946 2881 1987 more
2921 1932 3072 2002 regio
3104 1932 3369 2001 plurimos
3397 1932 3454 1987 in

1883 2022 2161 2080 infernum
2202 2024 2512 2094 praecipites
2540 2023 2683 2094 egit;
2711 2023 3024 2090 calumniae,
3057 2023 3152 2093 qui
3196 2024 3455 2081 mortales

1883 2114 2041 2170 nobis
2071 2114 2256 2185 plagas
2281 2114 2624 2179 inflixerunt;
2656 2114 3002 2171 mendacium
3026 2114 3212 2182 fallax,
3234 2126 3456 2188 propter

1884 2203 2024 2273 quod
2078 2203 2223 2259 Deus
2270 2204 2461 2259 oculos
2510 2218 2540 2256 a
2587 2204 2742 2258 nobis
2789 2205 3019 2271 avertit;
3055 2205 3310 2271 avaritia,
3358 2220 3456 2275 per

1882 2308 2046 2362 quam
2097 2307 2206 2347 non
2250 2292 2562 2363 justificati,
2605 2294 2698 2349 sed
2745 2295 2946 2351 merito
2978 2297 3234 2351 omnibus
3287 2297 3451 2353 bonis

1881 2384 2027 2439 exuti
2065 2398 2279 2449 sumus,
2316 2386 2559 2453 exceptis
2592 2385 2660 2439 iis
2699 2386 2789 2456 qui
2823 2391 2876 2440 in
2909 2387 3150 2442 latibulis
3184 2387 3451 2455 resident,

1881 2482 1935 2529 et
1970 2474 2095 2530 inde
2127 2483 2332 2531 temere
2352 2483 2522 2545 agunt
2546 2476 2601 2531 in
2627 2491 2721 2532 eos
2746 2478 2839 2546 qui
2872 2492 3068 2535 caveas
3091 2494 3196 2534 non
3223 2480 3455 2544 habent;

1880 2564 1974 2618 ubi
2013 2572 2179 2635 caput
2216 2563 2489 2619 reclinent
2518 2564 2761 2633 (videant
2793 2565 2848 2619 hi
2882 2581 2949 2621 ne
2981 2580 3209 2636 serpens
3256 2566 3453 2622 for-mi-

1881 2656 2096 2712 dandus
2124 2671 2420 2726 erumpens
2448 2670 2643 2711 caveas
2679 2670 2873 2711 eorum
2912 2668 3122 2712 evertat
3147 2657 3222 2711 ita
3271 2666 3331 2713 ut
3361 2660 3459 2730 nicv

1886 2748 2101 2804 dificari
2151 2748 2351 2804 ibidem
2388 2763 2496 2804 non
2532 2748 2807 2817 possint);
2855 2748 3006 2803 falsae
3041 2749 3448 2815 accusationes,

1879 2855 2020 2912 quas
2057 2848 2375 2896 exsecratus
2406 2854 2633 2911 magnus
2658 2837 2832 2895 Judex
2860 2854 2962 2895 nos
2982 2837 3282 2909 judicavit;
3312 2854 3445 2895 nsu-

1880 2948 1952 2987 τω
1974 2933 2275 2989 immodice
2290 2932 2643 3002 pecuniarum
2664 2939 2857 2987 mutuo
2868 2930 3448 3002 sump!arum,quibus

1881 3023 2136 3078 homines
2164 3022 2439 3092 simplices
2465 3029 2521 3077 et
2545 3036 2723 3077 rerum
2754 3022 3024 3092 angustiis
3054 3022 3232 3076 vexati
3256 3022 3444 3094 oppri-

213 3116 297 3169 ἐπὶ
317 3115 441 3188 δίκῃ
500 3114 879 3183 συκοφαντίαι,
916 3114 985 3178 ἃς
1033 3113 1420 3187 ὑπερμισήσας
1463 3116 1492 3169 6
1542 3116 1769 3184 δίκαιος,

1879 3113 2193 3181 mebantur,
2229 3128 2462 3184 quorum
2499 3114 2645 3169 Deus
2695 3113 2996 3182 sospitator
3047 3113 3331 3178 misertus,
3364 3114 3446 3168 la-

215 3205 518 3259 ὲδικαίωσῑν
554 3206 725 3275 ἡμᾶς,
760 3201 844 3269 οἷς
889 3205 992 3258 οὐκ
1024 3202 1091 3259 ἃν
1123 3205 1485 3276 συκοφαντίαν
1528 3224 1775 3280 προηγη-

215 3297 446 3368 σαμένην
494 3297 923 3368 ὲπικαλέσαιμεν
947 3313 963 3330 ο
994 3297 1043 3350 οί
1065 3297 1158 3351 ἐπὶ
1180 3296 1505 3368 δανείσμασι
1531 3297 1775 3370 μετρίοις

214 3386 547 3458 ἀσύμμετροι
566 3390 661 3441 καὶ
689 3387 880 3460 βαρεῖς
907 3388 1080 3452 τόκοι,
1115 3385 1198 3452 οἷς
1222 3389 1271 3442 οί
1305 3388 1615 3460 ἀπάλαμνοι
1647 3405 1775 3443 κατ-

213 3478 492 3534 επονοῦντο
538 3481 634 3533 καὶ
675 3481 960 3552 ἀπέριττοι
1006 3480 1100 3534 καὶ
1145 3480 1615 3551 ἀπεριουσίαστοι,
1675 3480 1769 3545 οὓς

212 3569 430 3640 ἐλεήσας
474 3574 503 3627 ὁ
535 3572 609 3625 τὰ
654 3571 865 3645 ἐλαφρά
891 3572 1160 3646 φορτίζων
1208 3574 1360 3640 Θεὸς,
1396 3575 1491 3629 καὶ
1524 3576 1650 3639 τοὺς
1678 3591 1768 3628 κο-

1878 3209 2138 3262 borantes
2165 3218 2218 3263 et
2246 3210 2503 3261 oneratos
2533 3204 2599 3259 ad
2634 3203 2870 3274 quietem
2914 3203 3150 3270 invitat,
3202 3204 3443 3276 gladium

1875 3297 2136 3370 utrinque
2186 3311 2459 3353 exacuens
2508 3304 2572 3351 ut
2611 3297 2735 3352 talis
2778 3296 2947 3368 prolis
2992 3307 3202 3369 patrem
3250 3300 3441 3365 orbet;

1872 3389 1964 3459 qui
1994 3404 2024 3444 a
2054 3387 2326 3459 principio
2357 3402 2387 3441 a
2415 3396 2571 3459 patre
2609 3388 2759 3460 gigni
2805 3404 2919 3444 non
2949 3388 3218 3444 debebant
3244 3405 3260 3455 ;
3292 3391 3441 3460 quod

1876 3491 2056 3535 autem
2089 3479 2156 3535 de
2187 3492 2248 3536 re
2279 3477 2541 3549 penuaria
2577 3485 2863 3546 metuant,
2907 3478 3050 3535 inter
3088 3494 3279 3536 omnes
3309 3494 3443 3535 con-

1874 3578 2002 3626 stat.

214 3664 440 3728 πιῶντας
504 3667 603 3719 καὶ
662 3667 1125 3740 πεφορτισμένους
1183 3665 1627 3738 προκαλούμενος
1688 3669 1769 3731 είς
1807 3654 2140 3729 ἀνάπαυσιν,
2189 3663 2466 3734 μάχαιραν
2519 3663 2895 3734 κατηκόνησεν
2943 3662 3140 3728 ἔξωθέν
3209 3682 3269 3719 τε
3346 3667 3442 3719 καὶ

215 3752 434 3823 ἔσωθεν,
474 3753 812 3810 ἀτεκνοῦσαν
861 3757 989 3821 τοὺς
1049 3756 1143 3809 τοῦ
1208 3757 1451 3810 τοιούτου
1492 3759 1653 3812 τόκου
1723 3757 1997 3829 πατέρας·
2027 3756 2077 3810 οἳ
2129 3754 2264 3826 μηδὲ
2311 3753 2410 3825 τὴν
2457 3753 2633 3825 ἀρχὴν
2683 3755 2957 3824 σπαρῆναι
3007 3756 3142 3826 πρὸς
3192 3755 3442 3828 πατέριον

215 3845 426 3915 ὤφειλον
452 3863 469 3878 ⁶
495 3850 551 3902 εί
581 3849 637 3903 δὲ
669 3852 763 3904 καὶ
789 3852 853 3904 ὲκ
876 3850 984 3903 τῶν
1012 3849 1276 3921 ταμιείων
1300 3851 1463 3922 φόϐος
1533 3853 1660 3916 τοὺς
1708 3853 1986 3914 τοιούτους
2016 3852 2163 3921 ἔσχε,
2194 3852 2288 3904 καὶ
2317 3850 2540 3919 οἴδαμεν
2572 3851 2667 3903 καὶ
2696 3850 2891 3902 οἴδασι.

279 3951 411 4014 ρμεκ
458 3943 889 4015 Προσλογιστέον
919 3945 1029 4008 τοῖς
1064 3943 1287 4016 φαύλοις
1326 3945 1386 3998 ὲν
1414 3946 1547 4015 ἡμῖν
1574 3945 1768 4007 αἰτίοις

216 4038 371 4091 καὶτὸ
392 4037 496 4107 τῆς
518 4036 703 4107 φιλίας
730 4036 1215 4109 εὐπεριφρόνητον,
1238 4037 1335 4090 καὶ
1356 4036 1417 4090 οὐ
1447 4035 1768 4110 μακρόϐιον,

216 4127 315 4179 ἀλλ’
342 4128 654 4200 ἐφήμερον·
688 4127 814 4183 ὅθεν
848 4128 1196 4211 κεκινημένοι
1234 4129 1295 4182 τὸ
1331 4127 1523 4197 ἄγριον
1559 4126 1767 4197 βάρϐα-

216 4231 296 4284 ρον
320 4217 560 4272 διέθεντο
586 4218 669 4280 εἰς
713 4219 861 4290 ἡμᾶς
903 4216 973 4273 τὰ
1009 4217 1098 4273 διὰ
1118 4218 1243 4289 βίου
1284 4217 1764 4293 θρηνηθησόμενα.

216 4307 542 4363 Συντακτέον
592 4310 806 4373 τούτοις
835 4312 929 4365 καὶ
972 4310 1034 4362 τὸ
1071 4310 1390 4382 ἀχάριστον,
1430 4311 1524 4365 καὶ
1549 4312 1767 4380 ἁπάσης

214 4400 422 4472 χάριτος
471 4402 849 4470 εὐεπίληστον,
888 4403 984 4455 καὶ
1024 4396 1137 4456 οἷον
1185 4402 1438 4474 θνήσκειν
1485 4403 1648 4474 ταχὺ,
1696 4402 1771 4464 ὡς

1947 3944 2071 4000 H5.
2098 3941 2245 3997 Inter
2267 3948 2483 4010 peccata
2506 3947 2692 3996 nostra
2724 3941 3092 3997 recensendus
3112 3945 3256 3998 venit
3276 3946 3440 4001 etiam

1875 4035 2131 4092 amicitia:
2165 4039 2515 4103 contemptus
2542 4041 2599 4087 et
2648 4031 2771 4088 vitae
2817 4032 3082 4101 brevitas,
3127 4036 3328 4106 quibus
3362 4041 3444 4103 in-

1877 4127 2187 4184 humanitas
2213 4125 2416 4197 jugiter
2433 4124 2760 4194 deplorando
2794 4126 2951 4182 nobis
2981 4126 3144 4183 insita
3164 4136 3268 4184 est.
3291 4131 3444 4188 Adde

1878 4219 1983 4274 huc
2014 4217 2182 4273 animi
2213 4215 2656 4286 ingratitudinem
2684 4223 2738 4271 et
2762 4212 2966 4274 omnis
3005 4221 3195 4288 gratiae
3241 4222 3441 4281 absen-

1880 4312 2040 4375 tiam,
2061 4309 2132 4363 ita
2157 4316 2216 4363 ut
2240 4307 2403 4363 citius
2435 4307 2697 4362 moriatur
2715 4308 2912 4379 aliquis
2932 4326 3092 4380 quam
3121 4321 3180 4367 ut
3210 4314 3440 4383 proximi

1882 4401 1964 4456 sui
1997 4415 2121 4455 cum
2155 4399 2429 4463 misereat,
2458 4397 2608 4467 quia,
2647 4408 2707 4453 ut
2742 4406 2824 4455 est
2855 4398 2907 4453 in
2939 4402 3241 4470 proverbio,
3267 4407 3440 4475 gratia

212 4490 325 4559 ἅμα
356 4492 619 4562 ὴὶεῆσθαί
667 4510 810 4558 τινα,
851 4492 946 4546 καὶ
971 4493 1227 4548 τεθνάναι
1268 4495 1367 4563 τὴν
1416 4494 1596 4567 χάριν,
1629 4493 1772 4549 κατὰ

1879 4502 2120 4548 emortua
2156 4500 2260 4548 est.
2288 4490 2458 4562 igitur
2487 4491 2632 4546 Dens
2678 4492 2971 4561 gratiarum
3012 4493 3239 4549 chorum
3280 4497 3441 4555 nobis

210 4581 305 4653 τὴν
351 4584 670 4656 παροιμίαν.
705 4585 796 4639 Διὸ
847 4586 1097 4656 ἥρπασεν
1125 4586 1154 4638 6
1185 4585 1316 4649 Θεὸς
1346 4585 1440 4654 ἀφ’
1486 4585 1644 4657 ἡμῶν
1671 4586 1773 4649 τὰς

210 4675 455 4743 χάριτας,
483 4670 573 4740 αἷς
594 4678 658 4729 ὲκ
689 4666 904 4747 μακρού
926 4677 987 4729 τὸ
1005 4676 1131 4731 καθ’
1156 4678 1300 4748 ἡμᾶς
1326 4677 1484 4748 λάχος
1505 4676 1766 4747 ὼράϊστο.

211 4766 626 4836 Προστραπτέον
651 4766 745 4821 καὶ
762 4769 822 4823 τὸ
842 4768 1065 4840 ἀνηλεὲς
1082 4769 1173 4821 ἐπὶ
1193 4769 1317 4832 τοὺς
1335 4766 1504 4839 βραχύ
1527 4785 1579 4820 τι
1598 4782 1768 4837 προσ-

206 4859 521 4927 κρούοντας,
548 4861 607 4927 ἐξ
631 4852 692 4913 οὗ
724 4860 785 4913 τὸ
821 4846 1165 4933 καταρρίψαν
1199 4861 1347 4930 ἡμᾶς
1386 4859 1512 4929 ἄρτι
1542 4857 1770 4929 άνηλεὲς

204 4952 265 5001 τὸ
314 4952 685 5007 δικαιότατον·
716 4954 874 5024 εἴπερ
921 4956 983 5006 ού
1021 4954 1195 5022 μικρά
1235 4970 1357 5006 τινα
1401 4954 1587 5021 ἡμεῖς,
1628 4950 1765 5004 ἀλλὰ

205 5043 377 5113 μυρία
408 5045 933 5116 προσκεκρουκότες,
959 5042 1019 5096 οὐ
1048 5042 1284 5097 τοσαῦτα
1312 5043 1550 5112 τίνομεν.
1590 5043 1767 5113 Προσ-

204 5135 533 5207 ενθυμητέον
580 5138 680 5205 οὐχ
707 5135 906 5204 ἥκιστα
944 5134 1038 5186 καὶ
1064 5132 1160 5202 τὴν
1181 5132 1290 5185 τῶν
1319 5132 1477 5185 θείων
1509 5132 1768 5202 περιφρό-

203 5242 386 5293 νησιν,
412 5226 469 5278 τὸ
496 5227 791 5298 χείριστον,
824 5223 1028 5278 καὶτὸν
1060 5224 1146 5276 ἐπ’
1178 5224 1360 5285 αὐτοῖς
1383 5223 1579 5290 γέλων,
1612 5222 1670 5285 ἐξ
1694 5216 1767 5274 ὧν

202 5319 745 5389 παριπεφρονήμεθα,
791 5319 854 5373 ού
885 5317 1021 5388 πρὸς
1059 5316 1400 5385 κατάγελων,
1449 5314 1583 5368 ἀλλὰ
1628 5312 1765 5382 πρὸς

198 5408 447 5480 ὀλεθρον.
480 5406 556 5464 Ἦ
590 5412 702 5480 γάρ
734 5410 835 5463 οὐκ
865 5409 1086 5478 οἴδαμεν
1127 5408 1256 5471 τοὺς
1286 5410 1344 5461 ὲν
1385 5408 1516 5478 ἡμῖν
1545 5406 1769 5477 ὁρογλυ-

202 5499 441 5567 φοῦντας
470 5502 537 5556 τὰ
573 5502 683 5555 τῶν
705 5502 898 5570 ἁγίων,
927 5501 1022 5554 καὶ
1054 5500 1482 5571 ὑποσπωμένους
1520 5498 1657 5553 αὐτὰ
1686 5499 1767 5564 είς

1874 4582 2074 4649 eripuit
2103 4599 2224 4652 qua:
2266 4583 2401 4638 sorti
2432 4588 2636 4637 nostra:
2674 4582 2957 4641 associata:
2986 4585 3225 4642 fuerant.
3258 4589 3442 4644 Annu-

1888 4672 2128 4728 merabis
2179 4688 2343 4743 porro
2374 4674 2555 4728 cordis
2585 4672 2842 4729 duritiem
2883 4675 2938 4729 in
2979 4691 3074 4733 eos
3116 4678 3209 4749 qui
3250 4679 3442 4737 leviter

1877 4777 1978 4818 nos
2014 4761 2381 4827 offenderunt,
2433 4761 2525 4817 ubi
2571 4762 3025 4820 immisericordia
3080 4781 3178 4837 pro
3225 4768 3441 4835 iustitia

1876 4851 2143 4919 habetur;
2179 4868 2287 4907 non
2313 4853 2457 4906 enim
2492 4862 2701 4909 tantum
2749 4854 3036 4925 plectimur
3067 4859 3160 4929 qui
3191 4874 3299 4915 non
3341 4876 3437 4932 pa-

1874 4959 2016 5009 rum,
2073 4944 2166 5000 sed
2223 4944 2461 5014 graviter
2512 4944 2778 5002 laesimus.
2832 4947 3126 5005 Addendns
3170 4954 3441 5023 pracipue

1874 5052 2055 5091 rerum
2085 5037 2394 5094 divinarum
2426 5047 2771 5107 contemptus
2798 5048 2853 5095 et
2880 5040 3047 5107 risus,
3084 5045 3323 5112 pessima
3354 5061 3442 5101 res

1875 5131 2154 5198 omnium;
2187 5144 2288 5186 nos
2315 5130 2458 5185 enim
2504 5142 2556 5186 et
2600 5132 2701 5202 ipsi
2739 5141 3110 5205 contemptum
3148 5137 3437 5205 patiemur,

1875 5223 1969 5278 sed
2005 5236 2113 5276 non
2159 5223 2294 5287 risu,
2336 5229 2391 5275 at
2449 5222 2617 5277 exitio
2660 5225 3085 5281 terminandum.
3128 5226 3246 5284 Non
3294 5228 3436 5283 enim

1873 5313 2128 5367 novimus
2161 5327 2258 5369 eos
2290 5314 2385 5383 qui
2433 5328 2521 5369 res
2565 5328 2757 5371 sacras
2798 5314 3072 5374 definiunt
3116 5334 3320 5389 easque
3370 5318 3437 5370 ad

1871 5420 2024 5462 suam
2054 5405 2429 5461 haereditatem
2465 5407 2763 5474 trahentes,
2804 5417 2860 5463 et
2892 5410 3200 5481 gloriantur
3241 5408 3438 5478 jejttni't

1870 5498 2153 5570 privilegio
2176 5513 2205 5553 a
2236 5496 2348 5554 Deo
2370 5498 2520 5555 dato.

202 5596 595 5669 κληρονομίαν,
655 5599 749 5651 καὶ
797 5598 1212 5669 καυχωμένους,
1255 5597 1353 5664 ὡς,
1402 5596 1486 5666 ὶφ’
1553 5592 1630 5661 οἷς
1682 5596 1816 5661 Θεὸς
1874 5595 2078 5652 ὑπνοῦν
2118 5596 2519 5666 προσποιεῖται,
2558 5598 2758 5663 αὐτοὺς
2808 5598 3100 5669 νηφαλίους
3151 5595 3311 5661 ὄντας
3341 5596 3437 5650 καὶ

204 5707 322 5764 τερα
334 5694 574 5754 κτικούς.

481 5791 748 5852 ΡΑῑῐιοι..
799 5788 914 5853 Gn.
959 5784 1275 5850 CXXXVI.

3004 5782 3039 5844 5
