4036 6224
458 352 555 411 139

457 563 642 607 nostro
670 551 971 621 myroblyta
1003 551 1297 616 disserere,
1325 552 1463 605 etde
1487 549 1679 605 audaci
1701 552 2024 618 temeritate,

456 647 618 715 idque
653 647 705 698 in
746 644 976 714 negotiis
1013 658 1134 713 qua:
1167 644 1334 696 latere
1358 643 1654 711 debebant,
1683 659 1916 713 quorum
1952 657 2030 700 te-

460 747 572 790 stes
603 751 711 791 non
747 735 1023 804 inscripti,
1058 746 1226 806 portm
1251 750 1474 805 apertzr,
1506 736 1789 790 securibus
1813 737 1920 791 alte
1946 737 2031 791 in-

457 830 655 892 fossae,
709 828 1002 880 maximam
1043 829 1325 882 audaciam
1368 827 2028 892 indicantes;addecon-

456 919 798 973 currentium
838 929 892 973 et
920 919 1317 974 recurrentium
1348 926 1660 981 catervam,
1699 919 1913 988 qualem
1956 935 2030 973 a3-

458 1023 568 1064 stas
599 1011 843 1080 proxime
873 1011 1054 1080 elapsa
1087 1012 1217 1066 vidit
1253 1012 1402 1065 nullo
1435 1025 1558 1065 cum
1598 1011 1799 1064 fructu.

527 1291 649 1344 M7.
687 1288 822 1344 llinc
855 1304 960 1342 non
1000 1288 1156 1342 facile
1192 1288 1449 1359 probabis
1490 1289 1664 1342 virum
1703 1289 1912 1358 justum
1947 1290 2029 1344 in-

464 1382 647 1435 utilem
685 1381 942 1444 morosis,
987 1381 1124 1435 adeo
1157 1391 1216 1434 ut
1242 1393 1386 1435 terra
1417 1379 1678 1436 abscondi
1717 1382 1870 1448 velit,
1904 1397 2030 1451 gra-

458 1475 750 1530 vissimum
792 1475 902 1527 reis
935 1473 1316 1541 imputandum
1353 1482 1472 1537 est;
1504 1473 1640 1526 adde
1676 1471 1842 1528 falsas
1871 1475 2034 1528 incri-

458 1566 786 1618 minationes
815 1565 1114 1618 clamorum
1161 1563 1477 1617 bellicorum
1503 1562 1802 1632 originem;
1838 1579 1904 1618 ex
1944 1565 2034 1620 de-

457 1658 651 1728 positis
685 1655 972 1711 commoda
1019 1656 1358 1726 pecuniaria,
1397 1655 1540 1709 unde
1575 1655 1894 1726 locupletati
1943 1672 2034 1712 su-

457 1765 598 1815 mus,
634 1750 759 1803 licet
796 1763 989 1803 omnes
1042 1747 1330 1817 pecuniosi
1378 1746 1634 1812 rideant;
1687 1748 2028 1814 litterarum,

456 1857 686 1910 quarmu
719 1841 841 1895 loco
871 1854 1004 1893 crux
1040 1853 1197 1893 sacra
1229 1839 1530 1905 ponebatur
1567 1838 1868 1893 absentiam
1894 1878 1910 1904 ,
1938 1839 2028 1894 ubi

457 1942 659 1988 sanctte
692 1930 978 1986 Trinitatis
1013 1930 1214 1983 mentio
1268 1930 1359 1994 tit,
1403 1927 1567 1982 unius
1614 1941 1668 1983 et
1709 1929 1888 1997 magni
1932 1927 2026 1983 Dei

455 2024 615 2079 titulo
647 2023 699 2077 in
729 2035 1056 2091 unoquoque
1089 2020 1264 2074 foedus
1291 2017 1602 2073 ferientium
1631 2031 1684 2073 ct
1722 2018 2026 2089 jnrantium

457 2117 670 2174 indito;
725 2113 851 2168 falsi
894 2114 1036 2167 enim
1076 2111 1368 2179 juran'tenti
1412 2120 1597 2164 reatus
1631 2111 1797 2165 Deum
1847 2112 2025 2164 mani-

456 2206 594 2260 feste
620 2217 806 2259 contra
851 2219 949 2258 nos
979 2203 1227 2256 armavit.

1171 346 1583 406 EUS’I‘ATIIII
1623 347 2367 410 THESSALUNICENSIS
2407 348 2966 412 liIEI‘ROPOLITzE

539 460 662 514 ηδ.
728 458 921 512 Distuli
987 459 1268 526 Lucusque
1319 459 1633 527 singillatim
1681 462 1746 514 de
1800 471 2101 530 patrono};

3600 349 3705 412 HJ

2203 468 2358 532 ρμς¹.
2390 463 2788 532 Ἀναϐἀλλομαι
2815 460 3255 532 περιηγὴσααθαι
3281 462 3376 514 νῦν
3405 467 3526 516 κατ’
3553 468 3705 532 eget-

2133 573 2287 624 ρετον
2317 557 2412 611 καὶ
2441 559 2512 610 τὰ
2538 557 2680 610 κατὰ
2711 555 2805 610 τοῦ
2834 556 3122 624 πολιούχου
3149 556 3307 626 ἡμῶν
3329 559 3700 628 μυροϐλύτου,

2129 650 2221 701 καὶ
2247 650 2346 713 τὰς
2373 649 2636 719 θρασείας
2686 650 2958 711 ἀναιδείας
2993 649 3227 713 ὲκείνας,
3267 652 3362 702 καὶ
3404 652 3576 706 ταῦτα
3606 654 3703 707 ἐπὶ

2131 741 2476 811 πράγμασιν,
2510 741 2546 794 ὃ.
2591 741 2952 809 προύκαλεῖτο
3000 741 3093 793 καὶ
3132 742 3596 808 ἐγκαλύπτεσϐαε,
3623 739 3704 798 ὧν

2132 833 2413 902 μάρτυρες
2450 833 2874 902 ἁπαράγραπτοι
2918 835 3012 884 καὶ
3056 832 3219 885 πύλαι
3262 834 3567 901 περίοπιοι,
3600 854 3698 888 κο-

2129 923 2421 993 λαφθείσαι
2456 922 2668 986 ἀξίναις
2713 925 2791 983 είς
2823 922 2958 992 βαθύ
3001 939 3154 983 ποτε,
3187 923 3284 975 καὶ
3313 923 3701 990 προτιτλοῦσαι

2131 1016 2330 1085 θράσος
2363 1013 2586 1083 ὕψιστον
2609 1031 2624 1046 ο
2658 1015 2736 1066 ἔτι
2774 1014 2828 1066 δὲ
2862 1017 2955 1068 καὶ
2989 1013 3084 1077 τὰς
3125 1015 3453 1083 περιέργους
3485 1015 3703 1082 συνδρο-

2134 1108 2242 1178 μὰς
2267 1108 2361 1161 καὶ
2395 1107 2765 1178 καταδρομὰς,
2805 1107 2870 1168 ἃς
2901 1109 2961 1160 τὸ
2995 1108 3219 1176 ἔναγχος
3249 1102 3356 1160 οἶδε
3405 1108 3582 1178 Θέρος,
3622 1111 3705 1170 εἱς

2131 1200 2282 1254 οὐδὲν
2320 1200 2458 1253 δέον.

2205 1290 2352 1362 ρμζ’.
2398 1291 2538 1345 Ἀλλ’
2562 1291 2704 1345 ὥστε
2737 1294 2797 1345 ού
2828 1291 2984 1345 τοῦτο
3020 1293 3082 1356 δὴ
3108 1292 3164 1343 τὸ
3207 1292 3440 1360 ἐλαφρὸν
3472 1291 3704 1363 δη[λῶ]ο

2137 1395 2226 1434 σαι
2257 1381 2464 1434 δίκαιον
2493 1381 2679 1450 ἄνδρα,
2711 1375 2800 1436 οἷα
2826 1381 3162 1450 δύσχρηστον
3186 1385 3293 1442 τοῖς
3320 1380 3704 1449 δυσαρέστοις,

2135 1473 2272 1525 ἀλλὰ
2302 1472 2396 1526 καὶ
2427 1472 2634 1542 κρύψαι
2661 1474 2743 1536 εἰς
2769 1473 2872 1541 γῆν
2893 1489 2906 1502 ·
2948 1472 3010 1524 τὸ
3039 1471 3342 1540 βαρύτατον
3380 1471 3708 1540 προσεπιλε-

2134 1564 2296 1616 κτὲον
2324 1566 2434 1625 τοῖς
2463 1563 2755 1623 αἰτιατέοις
2778 1579 2792 1594 ·
2827 1563 2920 1614 καὶ
2953 1561 3074 1623 τοὺς
3115 1560 3235 1612 κατ’
3271 1559 3514 1630 ἀλλήλων
3539 1561 3707 1629 ψιθυ-

2137 1657 2387 1725 ρισμοὺς.
2417 1655 2504 1722 ἐφ’
2532 1633 2618 1717 οἷς
2654 1655 2752 1708 ούκ
2793 1655 2978 1723 ἐχρῆν,
3009 1653 3059 1706 οἳ
3092 1652 3220 1722 βοὰς
3255 1653 3433 1723 μάχης
3459 1653 3707 1722 ἀφύκτου

2135 1748 2269 1815 ἡμῖν
2293 1747 2607 1816 ἐπέῥρηξαν
2633 1761 2644 1774 ·
2665 1745 2762 1807 τὰς
2789 1746 2879 1796 ἐπὶ
2905 1745 3247 1814 παραθήκαις
3279 1747 3706 1814 ἀποστερήσειε,

2138 1832 2212 1891 ὦν
2242 1837 2426 1889 ἕνεκεν
2450 1835 2971 1904 ἐπεπλουτίσοημεν,
3005 1837 3056 1889 εί
3079 1836 3171 1888 καὶ
3193 1837 3390 1905 γελῶσι
3423 1835 3705 1889 κάνταῦθα

2143 1928 2343 1990 πάντες
2377 1928 2426 1980 οἱ
2456 1928 2535 1980 ἔτι
2566 1927 2758 1997 ἄνδρες
2806 1926 2899 1979 τοῦ
2934 1927 3163 1979 πλούτου
3187 1944 3200 1957 ·
3236 1927 3334 1990 τὰς
3378 1927 3484 1980 τῶι
3517 1944 3700 1996 γραμ-

2145 2020 2351 2087 ματίων
2374 2019 2897 2089 ἀποπροσποιήσεις,
2926 2011 3001 2071 ὧν
3041 2019 3278 2088 σταυροῦ
3314 2020 3494 2088 τιμίου
3531 2019 3706 2072 τύπος

2141 2111 2501 2180 προλάμπων,
2563 2107 2681 2164 εἶτα
2725 2113 2819 2166 καὶ
2853 2111 3072 2180 μνήμην
3124 2111 3222 2176 τῆς
3269 2111 3429 2178 ἁγίας
3474 2109 3712 2178 Τριάδος

2139 2203 2233 2254 τοῦ
2267 2205 2384 2267 ἐνὸς
2417 2205 2511 2256 καὶ
2539 2203 2777 2272 μεγάλου
2800 2202 2935 2255 Θεοῦ
2965 2203 3249 2269 ἐπεισάγει
3279 2203 3716 2271 προγεγραμμέ-

459 2317 558 2368 νην
595 2304 728 2371 πρὸς
759 2299 991 2352 ἑκάστου
1042 2297 1148 2348 τῶν
1209 2297 1349 2350 οὓτω
1403 2298 1888 2359 συναλλαττόντων,
1937 2297 2070 2349 ὡσεὶ
2110 2302 2206 2350 καὶ
2263 2298 2498 2367 ῶμνυονο
2532 2298 2668 2368 ὅπερ
2702 2296 2822 2350 κατ’
2859 2297 3144 2367 ἐπιορκίας
3183 2297 3434 2364 ἔγκλημα
3459 2293 3714 2359 ἐξεπολέ.

452 2415 648 2468 ’μωσεν
676 2399 808 2466 ἡμῖν
832 2394 1082 2464 φανερῶς
1116 2395 1206 2446 τδν
1233 2393 1386 2446 Θεόν.

529 2491 656 2545 M8.
685 2488 920 2556 Tempus
953 2502 1034 2540 tne
1079 2485 1333 2539 deﬁceret
1353 2485 1396 2538 si
1422 2486 1604 2539 omnia
1631 2486 1857 2540 crimina
1903 2502 2038 2540 enu-

463 2594 674 2636 merare
703 2575 983 2630 vellem.ld
1017 2590 1182 2629 unum
1225 2573 1451 2629 sulliciat
1478 2573 1702 2638 dixisse,
1731 2575 1892 2627 Deum
1919 2575 2035 2644 jus-

467 2684 575 2724 tum
612 2683 730 2722 esse
755 2677 808 2720 et
837 2664 1256 2735 justiﬁcationes
1289 2677 1493 2716 amare.
1545 2662 1672 2718 Ideo
1723 2663 1856 2715 nihil
1882 2678 2034 2716 eom-

473 2773 640 2813 mune
670 2756 718 2810 ei
761 2771 882 2808 cum
915 2753 981 2806 iis
1011 2753 1103 2823 qui
1144 2753 1281 2806 tales
1315 2767 1424 2805 non
1474 2761 1636 2815 sunt,
1681 2749 1792 2802 imo
1836 2750 2038 2819 jngiter

464 2859 520 2906 et
573 2846 942 2904 diversimode
992 2852 1346 2913 persequetur
1379 2857 1475 2897 eos
1505 2842 1597 2912 qui
1630 2857 1754 2896 cum
1821 2842 2036 2910 injustis

473 2947 961 2994 connttmcrantur.

537 3051 662 3106 M9.
695 3049 823 3104 Mihi
883 3049 1088 3112 videor,
1121 3045 1376 3102 concives
1420 3054 1473 3100 ct
1528 3045 1581 3099 in
1615 3045 1868 3100 omnibus
1906 3059 2038 3099 con-

470 3155 645 3199 sortes
681 3142 955 3206 laborum,
995 3154 1091 3194 vos
1139 3152 1378 3206 quoque,
1419 3151 1450 3190 ο
1482 3135 1728 3201 advenae,
1771 3143 2028 3188 accurate

471 3233 884 3303 methodiceque
930 3247 990 3286 ea
1027 3231 1384 3299 descripsisse
1443 3245 1560 3298 qua:
1598 3230 1664 3282 ad
1713 3241 1811 3282 nos
1865 3227 2038 3297 perti-

468 3335 626 3391 nent,
665 3324 1070 3394 imaginemun
1123 3321 1191 3374 ad
1245 3319 1553 3376 docendum
1606 3328 1786 3388 aptam
1841 3333 2034 3374 eorum

471 3431 592 3488 qua:
620 3430 811 3471 sumus
837 3415 982 3485 passi
1030 3414 1084 3468 in
1119 3413 1274 3469 nobis
1301 3412 1680 3468 constituisse.
1715 3413 1875 3466 Nunc
1906 3425 2038 3482 ergo

473 3509 882 3564 transeundum
921 3514 1008 3560 est
1037 3505 1103 3559 ad
1135 3505 1285 3558 illum
1310 3504 1404 3574 qui
1435 3503 1650 3574 pictura
1688 3517 1789 3558 sua
1827 3502 2038 3558 clarius

471 3605 964 3670 repratsentaturus
984 3605 1088 3661 est,
1109 3595 1272 3666 idque
1299 3596 1530 3650 libenter
1555 3593 1798 3649 facturus
1822 3611 1836 3661 ;
1857 3609 2041 3664 quem-

477 3689 771 3744 admodum
804 3687 898 3758 qui
959 3696 1267 3740 accuratam
1305 3686 1568 3755 picturam
1621 3685 1756 3750 odit,
1777 3699 1884 3740 non
1938 3685 2042 3738 nti-

479 3798 602 3846 nus,
634 3781 908 3850 inquiunt,
930 3780 1214 3834 veritatem
1231 3779 1364 3834 odit.
1392 3777 1581 3846 Itaque
1601 3786 1751 3847 puto,
1773 3778 1920 3847 quod
1951 3793 2045 3833 ca-

473 3872 706 3926 vendum
767 3879 895 3934 est,
929 3884 996 3926 ne
1055 3879 1361 3938 contemptu
1430 3878 1742 3923 nostrarum
1805 3867 2044 3937 pictura-

477 3975 598 4014 rum
647 3961 726 4015 sic
781 3959 1041 4028 deinceps
1091 3958 1373 4014 deleantur
1427 3959 1688 4030 imagines
1718 3973 2045 4028 eorumquze

473 4053 620 4124 passi
649 4067 857 4117 sumus,
875 4066 939 4105 ac
964 4066 1184 4106 necesse
1209 4053 1281 4106 sit
1305 4060 1362 4104 ut
1383 4053 1437 4104 in
1464 4052 1640 4106 locum
1664 4051 1890 4106 alterius
1909 4061 2044 4106 tem-

483 4142 692 4212 poralis
736 4139 1002 4210 principis
1048 4140 1342 4208 pictorum,
1374 4144 1645 4208 picturam
1701 4140 1928 4195 alteram
1957 4155 2046 4195 eo-

486 4232 734 4288 rumdem
771 4246 890 4300 qua:
916 4231 1059 4300 passi
1097 4244 1288 4284 sumus
1330 4231 1380 4282 in
1431 4231 1588 4285 nobis
1627 4231 2042 4287 substituamus.

492 4322 662 4378 Scitis
712 4323 854 4376 enim
907 4318 1359 4390 perfecte,quod
1419 4335 1528 4373 non
1600 4335 1764 4374 unam
1834 4322 2044 4391 plagam

485 4416 629 4468 Deus
662 4412 716 4466 in
758 4426 1047 4482 perversos
1098 4411 1528 4466 inemendabiles
1574 4413 1864 4466 immittere
1889 4413 2047 4477 solet,

483 4515 537 4561 et
561 4505 706 4574 quod
733 4504 897 4558 multa
924 4504 1030 4558 tela
1062 4503 1290 4557 includit
1323 4503 1604 4557 tremenda
1633 4503 1884 4572 pharetra
1907 4504 2048 4572 eius,

479 4611 615 4668 ηοω
634 4611 849 4666 semper
865 4595 934 4650 ab
949 4611 1015 4649 eo
1036 4606 1388 4651 asscrvantur
1413 4595 1715 4664 deindeque
1739 4597 2044 4661 mittuntur,

484 4691 538 4744 in
562 4691 669 4745 isto
685 4691 986 4745 certamine
1003 4689 1420 4758 cooperautibus
1441 4686 1752 4759 Myroblytze
1772 4688 2046 4757 precibus.

487 4783 590 4835 Sed
642 4797 749 4836 non
782 4780 1228 4846 nobis,l)omine,
1259 4795 1364 4835 non
1384 4779 1558 4844 nobis,
1592 4781 1684 4834 sed
1727 4779 1932 4833 nomini
1959 4788 2050 4833 tuo

487 4873 554 4925 da
611 4872 857 4942 gloriam.
890 4873 1113 4928 Redime
1160 4887 1287 4926 vero
1321 4887 1421 4927 nos
1449 4872 1540 4941 qui
1567 4870 1810 4941 oppressi
1836 4886 2048 4938 sumus,

489 4964 680 5032 sicque
711 4961 806 5018 tibi
833 4962 1003 5032 gloria
1033 4970 1138 5027 est,
1165 4961 1318 5032 juxta
1345 4962 1474 5016 illud
1504 4980 1517 5015 :
1543 4979 1560 5012 ι
1595 4962 1657 5015 Et
1687 4961 1740 5014 in
1768 4961 1856 5016 dic
1886 4961 2055 5015 tribu-

491 5052 714 5107 lationis
761 5061 869 5106 tua:
901 5053 1184 5110 invocabis
1219 5067 1328 5119 me,
1371 5061 1426 5107 ct
1457 5067 1644 5118 eruam
1687 5061 1760 5115 te,
1793 5059 1847 5104 et
1893 5051 2056 5121 glori-

491 5144 678 5200 iirabis
744 5159 827 5198 me
882 5162 901 5196 ι
971 5145 1066 5215 qui
1129 5159 1254 5200 rere
1316 5145 1752 5214 superexaltatus
1827 5157 1946 5196 sum
1998 5143 2049 5194 in

495 5237 678 5292 omnia
708 5234 927 5290 sarcula.

2218 2495 2366 2559 ρμη’.
2403 2490 2467 2542 Τί
2496 2506 2585 2558 μοι
2617 2489 2946 2558 ἁναμετρεῖν
2976 2488 3042 2540 τὰ
3073 2486 3240 2538 πλείω
3266 2486 3438 2550 αἴτια,
3467 2484 3592 2538 ἔνθα
3624 2491 3708 2556 μὴ

2153 2582 2293 2635 πάνυ
2325 2583 2552 2650 καιρόςς
2601 2581 2851 2649 ’Δρκέσει
2904 2580 3064 2648 μόνον
3091 2579 3287 2640 εἰπεῖν,
3328 2578 3405 2640 ὡς
3448 2577 3653 2640 δίκαιος
3679 2582 3711 2630 ὁ

2139 2672 2294 2737 Θεὸς,
2329 2676 2423 2727 καὶ
2455 2672 2800 2734 δικαιοσύνας
2833 2665 3040 2740 ἀγαπᾷ.
3069 2669 3160 2722 Διὸ
3192 2668 3315 2722 οὔτε
3367 2669 3524 2738 μερὶς
3551 2669 3708 2736 αὐτῴ

2141 2764 2278 2834 πρὸς
2310 2765 2434 2825 τοὺς
2487 2764 2564 2832 μὴ
2603 2764 2896 2826 τοιούτους,
2938 2761 3034 2816 καὶ
3089 2762 3202 2814 οὐδ’
3235 2762 3300 2814 ἂν
3333 2761 3527 2830 ἁνήσοι
3575 2763 3716 2813 ποτὲ

2143 2858 2365 2926 συχναῖς
2400 2857 2644 2925 μεθόδοις
2687 2856 3084 2927 μετερχόμενος
3133 2855 3259 2916 τοὺς
3302 2855 3418 2906 ὅσοι
3446 2856 3558 2916 τοῖς
3589 2853 3712 2906 ἀδι-

2141 2947 2298 3000 κοῦσι
2329 2945 2792 3009 συνεξεταζονται.

2216 3037 2361 3110 ρμθ’.
2388 3038 2539 3091 Δοκῶ
2563 3055 2675 3109 μοι,
2698 3032 2742 3092 ὦ
2773 3037 2983 3090 πολῖται
3013 3040 3104 3091 καὶ
3133 3036 3197 3088 δι’
3220 3038 3354 3089 ὅλων
3386 3033 3715 3088 συναεθλευ-

2141 3131 2257 3194 ταὶ,
2289 3131 2385 3183 καὶ
2419 3129 2578 3198 ὑμεῖς
2615 3128 2694 3192 δὲ,
2744 3122 2789 3181 ὦ
2827 3126 3099 3197 νεήλυδες,
3150 3125 3546 3196 ὴκριϐωσάμην
3585 3123 3710 3177 δια-

2146 3221 2363 3294 γράψας
2390 3219 2459 3272 τὰ
2487 3218 2610 3273 καθ’
2639 3220 2786 3289 ἡμᾶς
2827 3217 3116 3288 τεχνικῶς,
3146 3219 3240 3269 καὶ
3277 3215 3463 3268 εἰκόνα
3501 3215 3716 3281 ταύτην

2145 3313 2203 3365 ἐν
2251 3312 2382 3382 ἡμῖν
2431 3310 2785 3379 ἁνεστήλωσα
2831 3307 3236 3378 διδασκαλικὴν,
3287 3299 3363 3360 ὧν
3408 3307 3712 3372 ἐπάθομεν.

2147 3403 2256 3456 Καὶ
2287 3403 2433 3455 ἔστιν
2464 3401 2572 3455 ἀπὸ
2600 3400 2699 3470 τῆς
2730 3401 2854 3470 ἄρτι
2878 3399 3072 3468 ὄφελος
3092 3398 3385 3452 διαϐαίνειν
3411 3399 3491 3459 εἰς
3521 3397 3613 3448 τὸν
3641 3399 3714 3464 τῇ

2147 3491 2438 3564 ζωγραφία
2463 3490 2638 3562 ταύτῃ
2693 3491 3170 3560 ἐπεντρανίζοντα,
3204 3489 3296 3540 καὶ
3333 3487 3438 3556 μὴν
3461 3487 3552 3539 καὶ
3575 3487 3721 3552 ἁγα-

2147 3583 2336 3638 πῶντα
2358 3599 2372 3614 ·
2407 3583 2482 3646 ὡς
2514 3583 2542 3636 ὅ
2570 3599 2632 3650 γε
2683 3583 2781 3651 τὴν
2814 3581 3013 3650 ἀκριϐῆ
3053 3577 3501 3649 διαζωγρὰφησιν
3547 3593 3722 3646 μεμι-

2150 3674 2358 3745 σηκὼς,
2383 3673 2533 3726 οὐδὲν
2563 3667 2747 3744 ἦττον,
2773 3670 2928 3740 φασὶ,
2961 3673 3054 3724 καὶ
3079 3669 3174 3740 τὴν
3204 3669 3460 3738 ἀλήθειαν
3493 3666 3722 3735 συνεμί-

2151 3786 2338 3837 σησεν.
2371 3764 2540 3837 Οἶμαι
2570 3767 2625 3820 δέ
2655 3767 2747 3821 καὶ
2774 3767 2848 3828 ὡς
2880 3764 3227 3832 εὐλαϐητέον,
3258 3762 3334 3832 μὴ
3364 3765 3426 3832 τῇ
3447 3779 3719 3832 περιφροο

2150 3859 2306 3927 νήσει
2339 3855 2450 3909 τῶν
2484 3856 2731 3909 ἐνταυθοῖ
2774 3853 3331 3924 διεζωγραφημένων,
3383 3851 3476 3903 καὶ
3529 3852 3595 3920 τῇ
3629 3851 3722 3902 ἐνι-

2150 3948 2343 4011 τεῦοεν
2382 3947 2658 4017 ἁπαλειφῇ
2696 3945 2790 3999 τοῦ
2836 3944 3188 4013 τυπὼματος,
3225 3935 3301 3996 ὧν
3337 3942 3717 4010 πεπόνθαμεν,

2152 4041 2366 4109 ἀνάγκη
2400 4039 2517 4091 ἐστὶ
2556 4039 2650 4092 καὶ
2702 4035 2872 4107 ἑτέρῳ
2925 4032 3262 4103 μεταχρονίῳ
3304 4030 3720 4100 ἀρχιζωγράφῳ

2149 4130 2258 4183 τῶν
2309 4136 2571 4182 τοιούτων
2629 4126 3096 4196 πινακογράφημα
3137 4123 3323 4192 ἕτερον
3370 4119 3454 4189 ἐφ’
3504 4120 3723 4187 ὁμοίοις

2149 4222 2468 4292 παθήμασιν
2498 4222 2554 4274 ἐν
2584 4219 2712 4288 ὑμῖν
2745 4217 3065 4286 στήσασθαι.
3092 4214 3165 4268 Εὖ
3195 4216 3300 4284 γὰρ
3331 4214 3444 4266 ἴστε
3471 4211 3721 4275 παντως,

2149 4313 2223 4376 ῶς
2252 4313 2314 4366 ού
2363 4311 2491 4382 μίαν
2531 4309 2747 4380 πληγὴν
2777 4308 2906 4370 Θεὸς
2953 4307 3202 4376 ἐντήκειν
3231 4301 3334 4357 οἶδε
3380 4306 3492 4367 τοῖς
3527 4303 3664 4357 dvas:
3686 4328 3720 4346 ι-

2152 4403 2397 4474 στρόρως
2454 4401 2836 4471 κακοτρόποις,
2872 4398 3001 4452 ὀὐδὲ
3051 4396 3303 4461 είσάπαξ.
3345 4395 3480 4450 ἀλλὰ
3544 4394 3723 4450 πολλὰ

2154 4494 2280 4564 βέλη
2328 4491 2460 4563 παρ’
2495 4490 2642 4560 αὐτῷ
2671 4491 2706 4559 ἡ
2739 4488 2938 4559 μυνικὴ
2974 4488 3218 4558 φαρέτρα
3261 4486 3514 4556 κρύπτει,
3552 4485 3612 4549 ἐξ
3642 4479 3723 4538 ὧν

2153 4586 2240 4640 ἀεὶ
2268 4583 2771 4638 κατασκοπεύονται
2802 4580 2954 4651 αύτῷ
2992 4583 3087 4635 καὶ
3117 4579 3421 4649 βάλλονται,
3453 4595 3729 4630 συνεκπο-

2153 4675 2422 4745 λεμούσης
2471 4672 2621 4742 αὐτῷ
2677 4673 2772 4724 καὶ
2821 4671 2918 4739 τῆς
2970 4672 3107 4744 ἀρᾶς
3156 4669 3272 4741 [τοῦ
3315 4667 3724 4740 Μυροϐλύτου],

2167 4766 2326 4819 ’Λλλὰ
2352 4765 2430 4834 μὴ
2468 4766 2618 4834 ἡμῖν,
2653 4763 2848 4833 Κύριε,
2880 4762 2953 4831 μὴ
2983 4763 3132 4831 ἡμῖν,
3164 4761 3278 4814 ἀλλ’
3315 4762 3348 4830 ἢ
3385 4759 3460 4828 τῷ
3490 4758 3728 4829 ὀνόματι

2157 4875 2248 4911 σου
2276 4857 2363 4922 δὸς
2399 4856 2580 4921 δόξαν.
2628 4853 2842 4919 Ἐξελοῦ
2887 4852 2991 4924 ιδὲ]
3045 4853 3395 4921 θλιϐομένους
3426 4851 3592 4920 ἡμᾶς,
3623 4852 3723 4901 καί

2159 4949 2300 5004 οὕτω
2325 4947 2680 5016 δοξαζόμενος
2705 4945 2846 4998 κατὰ
2878 4944 2934 4996 τό
2957 4961 2969 4974 ο
3009 4963 3026 4994 ι
3064 4942 3172 4995 Kal
3201 4943 3257 4994 ἐν
3287 4941 3469 5010 ἡμέρᾳ
3492 4938 3726 5006 θλίψεὼς

2157 5059 2252 5096 σου
2286 5038 2633 5101 ἐπικαλέσεις
2675 5053 2766 5106 με,
2805 5035 2922 5107 [καὶ
2957 5035 3246 5104 ἐξελοῦμαί
3285 5029 3394 5103 σε,]
3441 5034 3532 5084 καὶ
3563 5030 3730 5095 δοξα-

2161 5151 2270 5197 σεις
2307 5151 2392 5202 με,
2435 5152 2451 5184 ι
2492 5133 2582 5185 τὸν
2610 5131 2777 5193 εντως
2820 5125 3348 5198 ύπερδεδοξασμένον
3389 5124 3467 5186 εἰς
3513 5124 3731 5182 πάντας

2159 5229 2283 5288 τους
2318 5225 2536 5287 αίώνας.
