4036 6224
348 301 452 366 ιιι

1280 294 1669 358 LAUDATIO
1712 296 1776 355 S.
1812 293 2235 354 PHILOTHEI
2264 290 2677 354 OPSICIANI.
2755 358 2759 367 ε

345 440 3590 484 W

1660 637 1805 750 EJ
1821 634 2285 751 USDEM

830 903 1451 997 LAUDATIO
1524 904 1618 994 S.
1712 903 2389 996 PHILOTHEI
2488 902 3141 995 OPSICIANI.

351 1270 469 1345 τοῦ
487 1270 639 1323 αὐτο
644 1267 685 1345 ᾗ
710 1267 893 1345 {ch-oc
913 1263 1349 1345 ἐπελευστικὸς
1362 1264 1634 1345 ,βίου’τοῦ
1657 1268 1808 1345 aratri
1828 1268 1937 1321 τὸν

2042 1268 2294 1345 Ejusdem
2317 1283 2486 1345 sermo
2510 1268 2829 1345 memorialis
2860 1270 3182 1345 vitmsancti
3214 1269 3479 1345 Philotith
3501 1274 3610 1345 0p-

414 1343 593 1409 ἅγιον
624 1341 920 1391 Φιλόθεον
946 1337 1055 1388 τόν
1099 1336 1472 1402 Ὀψικιανὸγ.
1505 1337 1576 1389 ἐκ
1602 1338 1932 1404 προσώπου

417 1407 711 1464 spumosa)
746 1405 1045 1473 μοναχοῦ,
1093 1405 1316 1471 ἀνδρὸς
1357 1404 1533 1468 ἀξίου
1574 1407 1785 1473 λόγου,
1826 1408 1932 1461 τοῦ

417 1425 711 1464 φι.ιουεου
746 1425 1045 1474 por-axon,
1093 1425 1316 1471 aropoc
1357 1425 1533 1468 αςιου
1574 1425 1785 1475 λογον,
1826 1425 1930 1461 του

414 1480 513 1533 καί
561 1475 1105 1545 προκαλεσαμένου
1144 1476 1233 1540 εὶς
1271 1476 1499 1541 ταύτην
1531 1475 1647 1542 τὴν
1673 1477 1930 1547 γραφήν.

417 1599 492 1646 α’.
543 1594 611 1645 Δί
654 1590 793 1660 πρὸς
830 1588 1085 1659 αἴσθησιν
1131 1588 1420 1659 μέλισσαι,
1456 1591 1543 1643 ὅτε
1590 1590 1817 1646 λύουσαι
1867 1594 1935 1646 τὰ

345 1686 529 1755 πτερὰ
566 1682 831 1753 φοιτῶσιν
872 1683 951 1744 εἰς
984 1681 1288 1750 λειμῶνας,
1320 1678 1445 1735 οὔτε
1482 1683 1658 1737 πᾶσαι
1691 1687 1804 1748 τοῖς
1836 1685 1934 1739 ἄν·

344 1780 498 1833 θεσιν
549 1776 697 1838 ὅλοις
745 1772 1195 1844 ὲνασχολοῦνται’,
1250 1774 1372 1828 οὐδὲ
1423 1775 1530 1846 μὴν
1585 1774 1725 1841 εἶδος
1772 1778 1831 1832 ἓν
1880 1796 1935 1832 τι

340 1865 787 1935 ἁπολεξάμεναι,
828 1861 928 1933 τὴν
972 1862 1280 1931 σκευωρίαν
1318 1864 1529 1917 ἐκεῖθεν
1577 1865 1671 1919 τοῦ
1719 1866 1936 1936 μέλιτος

343 1957 697 2027 ἐρανὶζονται
718 1995 734 2020 ,
769 1953 907 2007 ἀλλὰ
959 1955 1053 2007 καὶ
1092 1955 1257 2007 πᾶσιν
1290 1954 1507 2008 ἄνθεσιν
1551 1956 1895 2027 ὲμμελετῶσι
1916 1974 1933 1989 “

340 2054 443 2106 καὶ
470 2054 528 2105 al.
564 2053 666 2119 μὲν
699 2046 973 2114 ἐντεῦθεν,
1012 2048 1068 2101 al
1096 2047 1140 2101 δ’
1176 2047 1391 2101 ἐκεῖθεν
1421 2048 1482 2101 τὸ
1511 2049 1783 2119 χρήσιμον
1816 2050 1939 2105 ἐπι-

339 2144 641 2210 λέγονται,
689 2137 1014 2210 φιληδοῦσαι
1051 2138 1153 2209 μὲν
1188 2141 1257 2210 τῇ
1294 2138 1562 2193 πάντοθεν
1606 2139 1935 2212 ἀνθολογίᾳ,

343 2233 688 2300 συνάγουσαι
717 2231 774 2284 δὲ
795 2231 927 2302 ἄλλη
960 2230 1109 2295 ἄλλο,
1139 2230 1236 2283 καὶ
1267 2230 1411 2284 οὕτω
1444 2230 1703 2295 ποικίλως
1736 2232 1938 2286 πονού-

348 2341 545 2395 μεναι.
603 2324 709 2377 Τὸν
761 2323 925 2377 αὐτὸν
974 2320 1038 2391 δὴ
1085 2320 1245 2389 λόγον
1299 2322 1396 2376 καὶ
1449 2323 1506 2376 αἱ
1561 2324 1699 2393 πρὸς
1754 2323 1938 2393 νόησιν

348 2416 615 2486 μέλισσαι
634 2454 652 2477 ,
689 2414 745 2466 αί
776 2413 869 2466 τὸν
900 2411 1119 2481 ἀληθῶς
1144 2411 1361 2482 ελλογον
1394 2414 1636 2484 ἐργάτην
1675 2414 1771 2468 τοῦ
1800 2414 1937 2469 Θεοῦ

346 2508 431 2579 μὴ
476 2507 845 2577 ψευδόμενοι,
879 2504 1365 2575 σιμὸλοποιοῦνται
1410 2505 1510 2577 τὴν
1538 2506 1684 2561 κατὰ
1717 2505 1939 2578 πνεῦμα

345 2600 680 2669 γλυκύτητα
711 2599 925 2661 ἑαυτοῖς
961 2595 1328 2667 πανταχόθεν,
1358 2596 1486 2659 τοὺς
1524 2596 1702 2667 ἱεροὺς
1734 2596 1939 2667 λειμῶ-

344 2711 452 2757 νας
481 2692 942 2761 περιπετόμεναι,
972 2688 1068 2743 καὶ
1095 2688 1158 2743 τὸ
1189 2689 1354 2743 καλὸν
1383 2689 1806 2755 ἀπανθίζουσιν,
1842 2690 1939 2759 οὐχ

341 2785 457 2853 ὅπη
484 2786 652 2852 τύχῃ,
681 2781 826 2851 λόγῳ
855 2781 1062 2849 ζωῖκῆς
1095 2780 1399 2848 φαντασίας
1427 2780 1777 2852 ρεμσόμενοι,
1803 2780 1942 2836 ἀλλὰ

342 2874 495 2928 κατὰ
525 2872 724 2942 σκέψιν
757 2871 1029 2941 σταθερὰν
1062 2873 1156 2925 καὶ
1180 2871 1514 2942 διάρθρωσιν
1534 2872 1761 2927 δέουσαν
1780 2873 1940 2944 ἀκρι-

341 2964 578 3027 ϐοῦντες
624 2963 688 3016 τὸ
728 2962 1101 3033 ἁνθολόγημα.
1149 2963 1263 3015 Καὶ
1313 2961 1459 3016 οὕτω
1502 2964 1940 3034 κατεργάζονται

346 3054 669 3126 μελίσσειον
722 3054 951 3125 κηρίον,
1006 3053 1034 3107 ὃ
1082 3053 1230 3122 φιλεί
1277 3053 1376 3123 μὲν
1426 3055 1522 3108 καὶ
1554 3054 1697 3122 ,Θεὸς
1755 3055 1939 3122 αὐτὸς,

342 3149 737 3211 ἀποστολικῶς
784 3146 937 3217 αὐτῷ
980 3146 1451 3217 παρατιθέμενον,
1493 3146 1710 3215 φιλοῦσι
1750 3147 1809 3201 δὲ
1845 3148 1943 3202 καὶ

342 3239 641 3308 ἄνθρωποι
672 3236 968 3307 θεοφιλεῖς,
996 3238 1075 3299 είς
1106 3237 1323 3306 ὑγίειαν
1356 3238 1813 3308 προσφερόμενοι,
1839 3238 1939 3308 βα-

345 3331 526 3394 σιλεῖς
552 3348 612 3384 τε
644 3331 741 3384 καὶ
765 3329 1260 3398 ἂλλωςᾶρχοντες,
1283 3329 1381 3382 καὶ
1408 3328 1516 3400 μὴν
1543 3329 1639 3382 καὶ
1664 3330 1900 3400 πένητες
1922 3346 1937 3362 ο

343 3417 509 3477 οὗτοι
562 3424 692 3492 μὲν,
739 3423 857 3476 ὅσοι
903 3421 1374 3490 ἀπεριουσιάστως
1419 3419 1603 3490 ἔχουσι
1644 3419 1739 3474 τοῦ
1783 3420 1942 3486 θείως

344 3512 725 3580 γλυκάζεσθαι
750 3512 838 3567 διὰ
861 3511 920 3564 τὸ
945 3512 1088 3565 κατὰ
1108 3511 1232 3564 νοῦν
1256 3512 1577 3579 ἀπέριττον,
1604 3511 1940 3583 ἀρκούμενοι

343 3604 673 3675 ἁκῳθιγῶς
709 3603 865 3657 αὐτοὶ
907 3602 1123 3673 μέλιτος
1161 3600 1391 3656 τοιοῦτοι
1425 3602 1702 3670 γεύεσθαι,
1734 3603 1765 3656 ὃ
1804 3604 1940 3674 πρό-

344 3712 546 3766 χειρον
581 3695 684 3764 μὲν
718 3696 810 3747 καὶ
842 3692 1067 3759 εὔωνον,
1100 3692 1275 3756 ἄλλως
1305 3693 1364 3746 δὲ
1395 3692 1767 3765 πολυτίμητον
1787 3710 1802 3725 ⁸
1838 3696 1941 3765 ἄρ-

344 3804 545 3858 χοντες
575 3786 637 3839 δέ
665 3802 732 3855 γε
765 3786 854 3838 καὶ
878 3784 1144 3855 βασιλεῖς,
1176 3779 1256 3847 οἷς
1273 3783 1367 3838 καὶ
1398 3782 1533 3838 ἄλλα
1558 3783 1659 3854 μὲν
1683 3785 1940 3852 πρόσεστι

345 3881 725 3949 γλυκάσματα
761 3877 850 3931 διὰ
887 3876 1264 3947 πολυμάθειαν
1309 3876 1402 3929 καὶ
1443 3876 1763 3945 περιουσίαν
1801 3875 1943 3943 γνώ-

1974 2623 2014 2679 Β

2104 1338 2313 1401 aiciani,
2345 1339 2517 1392 dictus
2552 1339 2604 1391 in
2629 1355 2854 1406 persona
2877 1339 3143 1394 Philotimi
3181 1342 3443 1407 monachi,
3506 1338 3608 1400 viri

2108 1408 2353 1475 spectati,
2415 1409 2524 1483 qui.
2561 1417 2612 1461 et
2664 1411 2860 1463 huncce
2930 1420 3215 1465 tractatum
3265 1418 3611 1483 componendi

2105 1494 2292 1532 ansam
2326 1478 2574 1545 prmbuit.

2107 1589 2157 1641 l.
2197 1586 2499 1643 Sensibiles
2524 1603 2675 1657 apes,
2710 1604 2860 1654 cum,
2893 1592 3178 1661 explicatis
3211 1597 3331 1664 alis,
3369 1601 3422 1652 in
3452 1610 3611 1671 prata

2037 1675 2311 1742 feruntur,
2349 1691 2458 1730 non
2492 1691 2682 1732 omnes
2713 1678 2970 1734 omnibus
2999 1695 3332 1752 occupantur
3363 1688 3608 1753 llo'ribus,

2038 1780 2235 1834 neque,
2271 1766 2476 1823 selecto
2522 1768 2756 1834 quodam
2803 1769 2935 1824 ﬂore
2962 1775 3202 1843 egregio,
3241 1776 3291 1829 in
3346 1778 3447 1834 hoc
3494 1782 3613 1835 solo

2045 1856 2412 1923 delectantur,
2438 1868 2493 1913 et
2519 1862 2771 1914 certatim
2798 1862 2900 1915 nth
2934 1864 3212 1933 hauriunt,
3245 1870 3416 1924 sedet
3443 1887 3611 1929 cunc-

2038 1949 2107 2004 tis
2130 1950 2407 2018 indulgent
2432 1949 2677 2016 ﬂoribus,
2694 1962 2748 2006 et
2770 1953 2884 2008 lucc
2907 1956 3121 2026 quidem
3147 1957 3295 2022 hinc,
3322 1960 3409 2015 illa
3430 1972 3611 2018 autem

2039 2040 2212 2107 illinc,
2232 2041 2376 2111 quod
2408 2042 2539 2097 utile
2566 2052 2647 2098 est
2670 2045 2899 2115 eligunt,
2922 2048 3325 2117 universorum,
3352 2068 3470 2123 qua:
3487 2071 3614 2125 pas-

2038 2132 2140 2187 sim
2165 2141 2318 2198 sunt,
2349 2130 2540 2189 ﬂorum
2580 2144 2752 2205 captae
2805 2136 3108 2207 voluptate,
3157 2143 3253 2196 sed
3302 2144 3448 2199 aliud
3496 2146 3615 2202 alim

2039 2224 2375 2292 colligentes,
2403 2234 2565 2295 atque
2590 2225 2664 2280 ita
2691 2227 2841 2283 varie
2869 2228 3198 2286 laborantes.
3226 2232 3423 2289 Eadem
3448 2237 3615 2292 etiam

2039 2317 2268 2381 ratione,
2313 2317 2705 2374 intellectuales
2739 2334 2891 2389 apes,
2942 2337 3061 2391 quae
3094 2338 3222 2379 vere
3272 2328 3614 2395 spiritualem

2040 2407 2350 2476 Operarium
2383 2407 2474 2462 Dei
2507 2422 2614 2461 non
2642 2406 3003 2477 frustrantur,
3033 2412 3332 2482 Spiritualis
3365 2419 3468 2474 mel
3494 2421 3616 2476 dul-

2041 2498 2248 2554 cedinis
2285 2498 2386 2553 sibi
2420 2499 2659 2569 undique
2686 2501 2971 2572 colligunt,
3010 2519 3168 2561 sacra
3202 2519 3354 2576 prata
3383 2511 3617 2568 circum-

2042 2588 2307 2654 volantes,
2334 2597 2388 2644 et
2413 2591 2555 2659 quod
2585 2591 2874 2660 pulchrum
2910 2603 2996 2648 est
3025 2597 3345 2667 decerpunt,
3369 2616 3477 2657 non
3503 2604 3619 2658 for-

2044 2681 2201 2746 tuito,
2235 2682 2525 2737 vivacitate
2579 2682 2987 2752 imaginationis
3018 2686 3123 2743 huc
3174 2691 3260 2744 vel
3302 2689 3428 2747 illuc
3454 2708 3612 2762 aetat,

2043 2774 2136 2827 sed
2159 2774 2317 2845 juxta
2347 2774 2557 2829 ﬁrmam
2590 2775 3131 2845 circuntspectionem
3165 2788 3221 2834 et
3272 2785 3616 2851 explanatio-

2045 2880 2168 2920 nem
2199 2866 2538 2923 commodam
2568 2866 2892 2937 ﬂorilegium
2924 2871 3299 2940 exquirentes.
3331 2875 3399 2929 Et
3431 2876 3506 2930 ita
3536 2877 3617 2933 ef-

2046 2956 2233 3013 ﬁciunt
2286 2958 2541 3014 melleum
2591 2960 2772 3014 favum
2806 3001 2823 3030 ,
2871 2977 3034 3031 quem
3091 2963 3231 3018 Deus
3274 2966 3387 3035 ipse
3440 2979 3609 3033 amat.

2045 3052 2344 3121 apostolice
2399 3054 2448 3107 ei
2489 3052 2821 3122 appositum,
2855 3070 3016 3123 quem
3071 3068 3255 3111 amant
3299 3059 3464 3113 etiam
3510 3061 3618 3116 ho»

2044 3146 2214 3201 mines
2238 3144 2333 3215 pii.
2360 3147 2429 3200 ad
2461 3147 2750 3202 sanitatem
2784 3149 3211 3219 recuperandam
3243 3162 3616 3218 occurrentes.

2044 3250 2305 3306 regesque
2366 3245 2420 3292 et
2458 3238 2733 3309 principes
2765 3279 2781 3304 ,
2823 3241 2930 3295 imo
2959 3252 3012 3295 et
3042 3257 3343 3313 pauperes;
3385 3247 3440 3301 hi
3496 3248 3616 3318 qui-

2043 3326 2186 3393 dem,
2230 3328 2541 3399 quicunque
2569 3330 2639 3385 ob
2670 3330 3040 3402 intelligentiae
3079 3337 3508 3394 mediocritatem
3534 3340 3616 3396 di-

2043 3418 2227 3474 vinam
2257 3420 2595 3478 dulcedinem
2632 3438 2797 3493 parce
2826 3424 3175 3480 hauriendam
3208 3428 3432 3496 habent,
3485 3447 3617 3487 eon-

2054 3512 2189 3568 tcnti
2217 3512 2264 3567 si
2294 3513 2487 3568 leviter
2545 3525 2753 3571 tantum
2802 3500 2906 3571 mel
2940 3529 3159 3587 gustent
3201 3520 3357 3587 illud,
3385 3525 3530 3593 quod
3560 3524 3615 3581 in

2044 3612 2303 3673 promptu
2336 3613 2422 3660 est
2463 3613 2520 3662 et
2551 3605 2673 3661 vilis
2705 3608 2889 3678 pretii,
2916 3609 3043 3665 licet
3085 3612 3136 3666 in
3175 3626 3236 3666 se
3284 3616 3613 3681 pretiosum:

2047 3694 2320 3763 principes
2365 3705 2545 3753 autem
2578 3707 2633 3753 et
2664 3714 2840 3769 reges,
2877 3702 3079 3768 quibus
3107 3711 3161 3757 et
3187 3703 3305 3759 alia
3331 3720 3461 3760 sunt
3490 3706 3618 3764 dul-

2046 3785 2268 3840 cedines
2290 3787 2360 3842 ob
2389 3788 2681 3843 multarum
2709 3804 2889 3844 rerum
2924 3791 3230 3847 doctrinam
3254 3805 3310 3849 ct
3335 3796 3618 3852 abundan-

2044 3875 2172 3931 tiam
2195 3878 2501 3948 sapientiae,
2526 3880 2741 3947 qualem
2767 3881 2996 3936 scientia
3028 3883 3273 3951 locuples
3293 3886 3375 3940 eis
3392 3890 3615 3957 copioso

350 3992 523 4039 σεως,
556 3974 758 4028 ὁποίαν
786 3974 820 4044 ἡ
851 3972 1020 4043 συχνὴ
1051 3971 1293 4041 μάθησις
1324 3971 1505 4033 αὐτοῖς
1531 3970 1852 4043 θησαυρίζει
1878 3970 1938 4035 ὲς

2045 3969 2397 4024 thesaurizat.
2451 3970 2736 4038 Expetitur
2791 3980 2974 4027 tamen
3016 3974 3172 4030 valde
3225 3977 3450 4033 nimium
3504 3982 3617 4035 mel

344 4066 604 4135 δαψιλές.
641 4062 895 4117 Ποθεῖται
923 4062 982 4115 δὲ
1012 4062 1163 4131 ὅμως
1195 4060 1576 4130 ὑπερμάλιστα
1606 4059 1667 4113 τὸ
1698 4060 1935 4127 εὐαγγε-

345 4159 508 4212 λικον
548 4156 693 4227 μέλι,
730 4155 791 4207 τὸ
825 4156 917 4207 καλ
947 4153 1277 4222 ἀξιέραστον
1298 4192 1315 4215 ,
1347 4150 1446 4204 καὶ
1476 4149 1754 4222 βασιλείας
1786 4149 1936 4215 ἀξιον

344 4251 456 4319 τῆς
481 4249 674 4315 ὅντως,
704 4247 828 4299 ἐπεὶ
859 4248 954 4299 καὶ
984 4246 1018 4316 η
1049 4243 1171 4299 κατ’
1195 4244 1328 4297 αὐτὸ
1348 4242 1527 4311 ὑγίεια
1554 4244 1647 4297 καὶ
1672 4243 1937 4299 εὐπάθεια

348 4343 440 4403 είς
463 4340 743 4410 βασιλείαν
771 4336 1021 4407 οὐράνιον
1047 4335 1305 4406 ῥώννυσι.

429 4431 496 4504 β’.
525 4433 668 4499 Πρὸς
691 4430 985 4501 ὁμοιότητα
1005 4428 1135 4497 γοῦν
1161 4426 1423 4497 μελίσσης
1448 4425 1664 4496 ἐκείνης
1686 4426 1778 4480 καὶ
1803 4425 1936 4493 ἐγὼ,

346 4528 457 4597 τῆς
480 4526 646 4579 τοῦτο
666 4525 762 4577 καὶ
786 4524 965 4577 ἐκεῖνο
996 4520 1339 4590 συναγούσης
1366 4518 1551 4588 ἄνθος,
1576 4518 1669 4572 καὶ
1698 4518 1939 4587 ἁπασχο-

351 4619 559 4689 λούσης
599 4617 797 4686 ἑαυτὴν
832 4617 912 4679 είς
960 4613 1150 4668 ἄλλοτε
1189 4612 1342 4677 ἄλλο,
1375 4612 1470 4664 καὶ⁸
1521 4610 1664 4663 οὕτω
1712 4609 1939 4680 σιμδλο-

356 4710 701 4780 ποιουμένης
727 4709 897 4780 ἑαυτῇ
927 4723 987 4760 τε
1008 4705 1102 4759 καὶ
1131 4705 1339 4774 ἑτέροις
1372 4702 1516 4772 μέλι,
1546 4695 1606 4755 οὗ
1631 4700 1940 4770 κεφαλαιω-

357 4803 615 4855 δέστατον
647 4800 780 4853 ἴδιον
808 4799 868 4850 τὸ
902 4799 994 4852 καὶ
1025 4796 1270 4866 ὑγιάζειν
1302 4795 1396 4848 καὶ
1424 4792 1541 4861 φῶς
1572 4791 1941 4864 παρίσχεσθαι

355 4896 588 4955 ἄλυπον,
635 4891 733 4945 καὶ
781 4889 1003 4962 τρέφειν
1036 4889 1171 4960 πρός
1216 4904 1274 4940 τε
1314 4887 1504 4957 ἡδονὴν
1537 4885 1631 4939 καὶ
1668 4883 1937 4949 ἁδλαὸῶς,

359 4988 555 5059 ἔκρινα
591 4988 653 5039 ἐκ
686 4984 783 5037 τοῦ
817 4983 959 5039 κατὰ
997 4980 1217 5052 πνεῦμα
1253 4980 1520 5049 λειμῶνος
1563 4979 1654 5031 καὶ
1684 4976 1791 5030 τῶν
1829 4978 1944 5029 ἐκεῖ

363 5082 575 5149 μυρίων
622 5078 852 5140 ἀνθέων,
872 5072 974 5140 οἷς,
1006 5073 1146 5127 καθὰ
1179 5072 1331 5142 φίλον
1360 5069 1495 5139 Θεῷ,
1525 5069 1872 5138 ὲνεαρίζομεν
1893 5067 1943 5121 oi

358 5170 553 5237 ἀγαθοὶ
580 5167 925 5239 Χριστιανοὶ,
958 5166 1125 5234 φυτὸν
1153 5161 1506 5226 ἐπιλέξασθαι
1541 5160 1705 5231 βρύον
1735 5160 1938 5225 καλοῖς,

361 5263 414 5313 εί
426 5263 477 5315 τί
506 5278 611 5314 που
636 5261 729 5313 καὶ
755 5258 1021 5328 δυναίμην
1045 5273 1057 5286 ·
1088 5256 1183 5310 καὶ
1215 5255 1338 5325 μέλι
1364 5253 1656 5315 σκευάσας,
1688 5250 1940 5320 παραθή-

362 5371 477 5407 σειν
515 5355 630 5415 τοῖς
672 5349 990 5420 φιλοκάλοις
1031 5350 1167 5420 πρὸς
1211 5347 1429 5417 ἥδυσμα
1457 5345 1519 5398 τὸ
1565 5343 1704 5396 κατὰ
1750 5342 1935 5412 ἰσχύν·

2040 4059 2404 4129 evangelicum
2430 4069 2486 4116 et
2513 4060 2744 4117 amabile
2784 4071 2840 4118 et
2879 4064 2992 4120 veri
3027 4066 3172 4138 regni
3199 4068 3444 4138 dignum,
3474 4086 3615 4143 quo-

2042 4151 2182 4203 niam
2210 4165 2297 4214 ea,
2327 4165 2485 4221 quam
2514 4154 2734 4222 praebet,
2763 4156 2969 4212 sanitas
3000 4166 3055 4213 et
3109 4159 3358 4231 voluptas
3408 4164 3477 4219 ad
3527 4181 3615 4221 re-

2040 4253 2204 4308 gnum
2238 4240 2463 4297 caeleste
2490 4239 2843 4299 obtinendum
2874 4246 3213 4305 corroborat.

2112 4419 2168 4473 2.
2201 4419 2321 4489 Ipse
2358 4419 2544 4489 igitur,
2582 4421 2646 4473 ad
2680 4421 3095 4481 similitudinem
3127 4427 3243 4496 apis
3271 4427 3441 4496 illius,
3475 4430 3620 4486 hunc

2044 4520 2099 4566 et
2129 4511 2281 4566 illum
2322 4510 2509 4567 liorem
2547 4512 2877 4581 colligentis,
2910 4524 2965 4570 et
2986 4530 3107 4571 sese
3132 4515 3221 4570 hic
3244 4527 3298 4571 et
3330 4518 3436 4572 illic
3460 4535 3620 4575 exer-

1990 4619 1999 4628 '
2048 4604 2244 4670 centis,
2280 4613 2335 4659 et
2360 4606 2434 4658 ita
2464 4580 2570 4659 sib)
2586 4613 2641 4660 et
2666 4580 2788 4660 aliis
2818 4607 2924 4660 mel
2951 4608 3261 4670 condentis.
3298 4608 3457 4678 cujus
3484 4626 3620 4678 prte—

2043 4697 2199 4767 cipue
2224 4699 2501 4769 proprium
2531 4709 2615 4755 est
2658 4715 2873 4765 sanare,
2911 4700 3199 4770 Ianumque
3254 4702 3432 4756 lumen
3479 4719 3619 4773 pra:-

2046 4787 2194 4851 bere,
2233 4786 2583 4857 nutriereque
2622 4805 2742 4844 cum
2784 4790 3060 4857 voluptate
3088 4801 3144 4845 et
3176 4790 3417 4857 innoxie,
3452 4796 3618 4850 statui

2046 4894 2109 4932 ex
2134 4878 2401 4947 spirituali
2430 4890 2583 4950 prato
2604 4891 2659 4936 et
2682 4882 2982 4936 innumeris
3003 4882 3096 4952 qui
3123 4883 3195 4936 ibi
3226 4894 3353 4938 sunt
3371 4883 3618 4952 ﬂoribus,

2049 4970 2193 5023 inter
2226 4985 2383 5039 quos,
2424 4980 2480 5024 ut
2540 4973 2649 5027 Deo
2697 4972 2894 5042 placet,
2950 4989 3045 5029 ver
3079 4976 3433 5045 transigimus
3491 4979 3618 5034 boni

2048 5059 2376 5128 Christiani,
2416 5061 2653 5130 plantam
2684 5063 2920 5138 aliquam
2938 5064 3137 5135 eligere
3180 5070 3395 5124 abunde
3424 5069 3619 5142 germi-

2050 5159 2273 5206 nantem
2322 5153 2481 5216 bona,
2535 5154 2578 5208 si
2634 5154 2877 5211 invenire
2933 5171 3168 5225 possem,
3230 5160 3617 5230 conditumque

2052 5244 2155 5299 tnel
2183 5260 2248 5298 ex
2286 5243 2371 5297 illa
2404 5244 2827 5313 pulchritudinis
2861 5250 3175 5306 amantibus
3200 5265 3492 5322 apponere,
3545 5251 3614 5304 ad

2047 5353 2188 5402 eam,
2221 5351 2338 5407 qtne
2374 5336 2537 5392 robur
2563 5344 2803 5406 generat,
2832 5341 3194 5399 suavitatem:
3226 5356 3435 5413 aequum
3482 5356 3615 5397 cen—

359 5441 598 5506 ἁξιώσας
646 5438 885 5509 ἐμαυτὸν
920 5436 1105 5491 θέσθαι
1138 5437 1216 5499 είς
1250 5434 1508 5504 τοιαύτην
1556 5432 1816 5503 μέλισσαν
1848 5429 1937 5483 διὰ

2049 5444 2199 5496 sens,
2220 5429 2263 5483 si
2284 5444 2383 5501 ego
2403 5430 2517 5498 ipse
2544 5429 2663 5485 talis
2678 5429 2795 5499 apis
2817 5441 2998 5501 partes
3012 5447 3281 5488 sumerem
3301 5433 3369 5486 ob
3391 5433 3610 5487 unicum

365 5535 532 5603 μόνην
556 5532 816 5602 πρόθεσιν
837 5528 1018 5584 ἔνθεον
1036 5527 1316 5599 φιλεργὸν,
1337 5527 1396 5579 οὐ
1433 5528 1538 5596 μὴν
1560 5524 1692 5594 πρὸς
1713 5520 1936 5593 αὔχημα

2046 5520 2385 5590 prepositum
2410 5519 2686 5576 laborandi
2707 5522 2774 5577 ad
2794 5523 2883 5577 Dei
2907 5524 3500 5593 gloriam,nequaquam
3522 5538 3616 5578 ve—
3646 5564 3649 5569 ι

361 5624 452 5677 καὶ
483 5620 868 5692 φιλενδειξίαν,
901 5614 969 5692 ἦς
1000 5619 1100 5672 οὐκ
1129 5619 1236 5688 ἔχω
1268 5616 1579 5685 ἐφικέσθαι.

429 5710 499 5783 γ’.
527 5715 690 5771 ’Ἐστι
715 5712 771 5764 δέ
801 5727 890 5781 μοι
909 5710 970 5764 τὸ
994 5710 1186 5781 φυτὸν,
1207 5707 1266 5772 ἐξ
1287 5703 1346 5762 οὗ
1378 5706 1758 5776 σιμῦλοποιῖαν
1784 5704 1934 5761 θείαν

2046 5624 2109 5664 ro
2126 5610 2191 5662 ad
2216 5610 2486 5680 propriam
2506 5610 2881 5680 gloriationem
2899 5628 3060 5681 quam
3079 5613 3415 5680 assequi‘non
3434 5611 3609 5666 valeo.

2118 5701 2172 5757 5.
2210 5702 2303 5758 Est
2355 5710 2535 5757 autem
2589 5701 2718 5757 mihi
2745 5701 2925 5771 planta
2956 5703 3022 5759 de
3052 5717 3157 5772 qua
3205 5703 3447 5761 divinum
3502 5702 3610 5759 mel
