4036 6224
441 281 542 345 ίί3

1188 286 1540 351 EUSTATH
1554 286 1610 345 II
1642 285 2398 348 THESSALONECENSIS
2429 289 3000 354 MET‘RUPOLITAE

3593 306 3699 372 ιιι

431 384 712 469 colligam,
730 411 955 467 magnus
969 395 1311 460 Pbilotbeus,
1341 396 1500 465 cujus
1530 412 1723 489 nomen
1748 411 1848 467 ego
1875 411 1983 468 gen

2107 397 2521 468 ἀποδρέψομαι,
2568 403 2596 454 6
2649 404 2824 470 μέγας
2876 405 3164 470 Φιλόθεος,
3222 400 3284 462 οὗ
3335 411 3438 483 τὴν
3494 420 3697 489 κλῆσιν

436 500 501 546 ει
535 490 638 544 ltoc
672 489 890 559 quidem
920 487 1258 542 solummodo
1316 487 1555 555 glorians
1600 487 1800 559 (factis
1861 489 2007 543 enim

441 581 570 650 quis
596 579 672 634 illi
707 581 779 635 sit
809 578 1264 647 comparandus?)
1312 578 1379 632 ad
1433 581 1633 633 hancce
1663 579 1858 634 deveni
1887 595 2008 634 ora-

439 675 685 727 tionem:
720 672 1053 734 Philetlieus,
1088 686 1387 741 cognomen
1439 672 1595 726 factis
1635 673 2006 741 confirmans;

435 763 772 829 Pliiiotlieus,
793 765 882 833 qui
913 765 1150 832 seipsum
1187 764 1462 833 inscripsit
1489 765 1756 821 inﬁdelem
1788 780 2005 821 servum

437 857 529 910 Dei
569 866 623 912 et
655 858 854 910 bonum
896 857 1244 923 ministrum,
1274 860 1367 914 cui
1407 860 1631 930 contigit
1682 859 1774 917 Dei
1826 860 2007 915 amico

434 949 616 1003 vocari
650 950 718 1003 ad
767 950 1104 1004 consortium
1152 951 1532 1019 apostolicum,
1569 952 1664 1022 qui
1711 951 1921 1006 audivit
1951 960 2006 1006 et

433 1042 547 1107 ipse
574 1041 719 1095 illinc
742 1041 885 1095 istud
913 1058 928 1094 :
955 1041 1075 1096 Non
1099 1042 1210 1109 jam
1239 1057 1455 1097 servum
1483 1052 1534 1098 te
1560 1059 1711 1110 voco,
1739 1046 1832 1099 sed
1864 1045 2006 1098 ami-

433 1151 581 1201 cum,
609 1144 795 1205 utpote
827 1136 922 1205 qui
978 1137 1124 1193 scias
1176 1138 1539 1209 quodcunque
1585 1153 1686 1209 ego
1744 1139 1905 1207 facio,
1951 1150 2006 1196 et

430 1227 567 1281 alios
597 1226 664 1281 ad
698 1226 804 1280 mei
836 1242 1159 1296 promoveas
1215 1228 1596 1293 imitationem,
1641 1239 1698 1285 et
1733 1245 1853 1285 mea
1886 1246 2003 1284 ma-

416 1320 585 1389 .gistri
613 1319 784 1373 instar
811 1319 1032 1375 obveles
1074 1321 1329 1391 mysteria
1359 1338 1375 1388 ;
1417 1322 1615 1392 quippe
1638 1321 1783 1375 nulla
1815 1338 2003 1391 repre-

430 1410 687 1465 hensione
720 1410 878 1477 digna
911 1425 998 1465 res
1030 1421 1134 1477 est,
1162 1421 1394 1466 mentem
1437 1413 1646 1468 meliori
1679 1413 2003 1470 submittere

406 1502 522 1569 qui
577 1501 958 1570 interpretetur
994 1512 1049 1557 et
1077 1503 1357 1572 adaperiat
1409 1504 1759 1572 Scripturas:
1814 1503 2003 1561 Philo-

426 1594 608 1657 tltcus,
637 1592 927 1647 admiratio
956 1600 1012 1646 et
1050 1608 1179 1647 cura
1208 1608 1350 1659 mea,
1394 1593 1506 1648 imo
1533 1598 1799 1650 omnium.
1830 1595 2000 1651 Nemo

2113 489 2400 558 βαστάζων
2428 494 2541 562 ἐγὼ
2593 497 2862 550 aratro-316
2895 515 2957 566 γε
2979 502 3072 554 καὶ
3100 502 3264 572 μόνον
3286 511 3697 580 σεμνυνόμενος

2112 580 2320 654 (ἔργοις
2358 586 2466 656 γὰρ
2497 587 2581 649 τίς
2624 588 2690 641 ἂν
2739 591 2826 658 είη
2877 593 3053 664 τούτῳ
3082 596 3430 671 ὲνάμιλλοςς)
3475 605 3557 667 είς
3596 606 3695 658 τὸν

2109 672 2267 744 λόγον
2299 677 2482 733 τοῦτον
2510 682 2747 750 ἐμαυτὸν
2770 684 2988 754 καθῆκα
3010 703 3025 717 ·
3060 689 3332 756 Φιλόθεος,
3365 693 3394 744 6
3415 694 3518 765 τὴν
3547 697 3695 753 ἐπω-

2109 768 2306 837 νυμίαν
2334 769 2412 838 τῷ
2437 770 2551 824 ὄντι
2601 774 2953 846 ἐπαληθεύων
2973 797 2987 810 ·
3018 779 3302 846 Φιλόθεος,
3346 784 3375 837 6
3403 786 3695 859 ἐγγράψας

2110 858 2211 927 μὲν
2251 861 2443 914 ἑαυτὸν
2473 864 2556 926 είς
2592 868 2782 921 πιστὸν
2821 866 3006 924 δοῦλον
3048 874 3183 928 Θεοῦ
3231 877 3326 929 καὶ
3353 858 3560 947 ἀγαθὸν
3598 858 3691 936 θε-

2112 949 2376 1019 ράποντα,
2399 955 2815 1029 κληρονομήσας
2838 961 2915 1021 δὲ,
2940 966 3097 1033 φίλος
3119 966 3240 1037 Θεῷ
3257 970 3525 1041 κληθῆναι
3551 978 3692 1044 πρ’.ς

2109 1043 2429 1116 ἱσοκληρίαν
2479 1049 2880 1121 ἁποστολικὴν,
2942 1055 3037 1107 καὶ
3080 1058 3324 1122 ἀκούσας
3372 1064 3467 1117 καὶ
3518 1065 3693 1131 αὐτὸς

2105 1135 2317 1189 ἐκεῖθεν
2339 1136 2401 1189 τό
2423 1154 2438 1171 ο
2478 1138 2677 1192 Οὐκέτι
2699 1140 2888 1197 δοῦλόν
2918 1161 2976 1197 σε
3012 1146 3163 1199 καλῶ
3185 1187 3201 1211 ,
3233 1150 3369 1204 ἀλλὰ
3392 1150 3549 1221 φίλον
3568 1195 3583 1219 ,
3612 1156 3695 1220 ὡς

2108 1228 2198 1281 καὶ
2232 1228 2414 1281 είδότα
2446 1232 2578 1297 πᾶν,
2609 1233 2747 1303 ὅπερ
2772 1234 2885 1302 ἐγὼ
2918 1237 3076 1305 ποιῶ,
3106 1241 3204 1295 καὶ
3221 1241 3417 1308 ἄλλους
3439 1246 3521 1311 είς
3543 1246 3694 1319 ιμήν

2104 1318 2496 1385 καταρτίζοντα
2525 1320 2778 1392 μίμησιν,
2802 1326 2897 1378 καὶ
2927 1327 2993 1380 τα
3026 1328 3138 1397 ὲμὰ
3164 1329 3567 1402 διδασκαλικῶς
3582 1318 3691 1407 ἑγ-

2104 1407 2446 1465 καλύπτοντα
2486 1416 2803 1484 μυστήρια·
2856 1417 2939 1470 ὅτι
2991 1420 3126 1490 μηδὲ
3176 1422 3293 1477 ἔστι
3342 1426 3561 1496 φθόνος,
3604 1432 3690 1503 τῷ

2103 1498 2372 1567 κρείττονι
2400 1500 2493 1554 τὸν
2523 1503 2688 1557 αὐτοῦ
2720 1506 2847 1560 νοῦν
2879 1509 3147 1579 προάγειν
3178 1514 3595 1590 ἐκφαντορικῶς
3628 1526 3689 1576 ἓν

2101 1588 2180 1658 τῷ
2204 1589 2495 1660 διανοίγειν
2534 1594 2775 1665 Γρᾶ-φάς.
2806 1597 3057 1664 Φιλόθεος
3097 1604 3159 1656 τδ
3201 1605 3335 1675 ἐμὸν
3366 1588 3554 1681 θαῦμα
3585 1616 3688 1668 καὶ

423 1684 592 1750 enim,
631 1697 794 1738 nemo
834 1698 1079 1753 prorsus,
1116 1684 1318 1739 auditis
1375 1684 1534 1740 factis
1560 1685 1698 1755 ejus,
1745 1697 1983 1743 sanctuu'

2105 1678 2347 1751 μέλημα,
2380 1684 2583 1752 μᾶλλον
2629 1686 2731 1757 μὲν
2762 1687 2856 1742 οὖν
2890 1691 2951 1743 τὸ
2986 1696 3184 1750 κοινόν.
3229 1698 3309 1751 Ού
3342 1701 3452 1772 γὰρ
3477 1678 3565 1758 τᾶν
3597 1724 3687 1771 τις

422 1776 576 1832 illum
609 1791 714 1831 non
750 1777 1005 1831 admirari
1033 1777 1249 1847 poterit,
1271 1776 1316 1832 si
1348 1786 1530 1833 tamen
1565 1792 1633 1834 ex
1664 1781 1898 1837 terrenis
1917 1779 1983 1835 fa:

2099 1773 2201 1825 οὐκ
2226 1772 2316 1838 ἂν,
2341 1773 2559 1840 πάντως
2580 1779 2778 1844 οὐδεὶς,
2812 1782 3002 1852 μαθὼν
3022 1786 3091 1839 τὰ
3120 1760 3367 1857 ἐκείνου,
3386 1760 3688 1868 ἀπόσχοιτο

414 1879 510 1926 cst
533 1869 829 1943 depingere
858 1868 1033 1924 virum
1061 1870 1353 1927 virtutibus
1382 1870 1680 1927 cmlestem.

495 2137 549 2192 4.
586 2132 736 2189 Tulit
762 2133 1001 2189 Asiatica
1041 2132 1209 2202 regio,
1254 2133 1332 2188 uti
1369 2134 1616 2203 posteris
1640 2148 1758 2190 eam
1805 2149 1998 2195 vocare

424 2227 652 2297 placuit,
684 2226 954 2294 optimum
986 2223 1359 2295 Opsicianutn,
1410 2237 1553 2281 terra
1595 2228 1882 2295 immensa,
1916 2231 1996 2286 di-

417 2334 515 2376 ves
544 2328 597 2375 et
630 2318 809 2381 beata,
838 2317 965 2372 olim
997 2317 1216 2388 quidem
1248 2315 1390 2373 fama
1434 2319 1786 2390 percelcbris,
1811 2320 1994 2379 ferens

422 2427 571 2466 nunc
615 2410 779 2466 etiam
817 2410 1063 2476 pristinae
1090 2408 1233 2463 illius
1264 2409 1594 2465 excellentia:
1642 2413 1794 2482 signa
1823 2415 1990 2467 multa

419 2512 476 2559 el
502 2515 791 2572 generosa,
829 2501 1127 2570 praesertim
1176 2501 1303 2555 belli
1361 2501 1611 2569 peritiam
1667 2502 1988 2562 incolarum.

424 2594 611 2664 Itaque
642 2630 659 2657 ,
720 2602 777 2647 ut
817 2591 1010 2647 leviter
1036 2592 1354 2656 ostendam,
1410 2595 1749 2664 maiestatem
1799 2611 1989 2661 quam-

416 2687 539 2739 dam
568 2693 793 2740 sanctus
813 2685 1048 2739 desumit
1068 2698 1099 2738 ο
1118 2686 1454 2755 popularium
1485 2687 1706 2754 virtute,
1735 2703 1838 2759 qua
1872 2690 1988 2745 leo-

418 2780 578 2835 uibus
608 2778 815 2834 similes
838 2777 1113 2843 videntur,
1143 2777 1359 2847 quando
1403 2793 1589 2845 canes,
1623 2781 1819 2850 Agaris
1865 2782 1984 2847 filii,

417 2871 513 2929 Dei
539 2887 737 2943 greges
761 2871 979 2942 aggredi
1007 2881 1295 2927 conantur.
1333 2872 1522 2927 Vicqu
1555 2883 1755 2939 autem,
1787 2878 1880 2947 qui
1922 2878 1979 2932 il-

414 2965 525 3020 lum
576 2964 822 3034 protulit,
851 2963 1120 3032 quoddam
1161 2980 1190 3015 ιι
1229 2962 1452 3033 reliquis
1484 2967 1758 3021 diversum
1792 2980 1983 3025 osten-

412 3058 561 3119 dere,
597 3055 793 3124 quippe
816 3054 906 3122 qui
927 3053 1172 3109 Formica
1202 3055 1488 3126 (Μύρμηξ)
1518 3066 1759 3125 vocetur,
1793 3070 1847 3115 et
1876 3060 1983 3118 isto

413 3147 630 3200 nomine
673 3147 739 3198 ad
797 3144 1286 3215 myrmeeoleoutes
1337 3147 1620 3216 indigenas
1666 3151 1836 3207 alludi
1868 3152 1981 3209 for-

412 3248 559 3291 tasse
590 3235 713 3306 quis
735 3235 955 3290 dixerit.
977 3235 1103 3290 Mihi
1133 3246 1314 3292 autem
1347 3241 1497 3296 vicus
1519 3241 1779 3312 Myrmox,
1802 3248 1977 3303 sancti

404 3327 605 3397 patria,
632 3327 935 3397 symbolum
963 3329 1181 3383 exhibet
1207 3329 1432 3387 omnino
1460 3337 1849 3392 venerandum.
1881 3336 1974 3393 Vi-

411 3419 545 3472 deor
569 3419 717 3473 enim
751 3418 838 3473 bi‘c
869 3418 1249 3497 iuclamangem
1276 3425 1462 3478 audire
1489 3425 1621 3480 mibi
1654 3442 1870 3501 quoque
1890 3446 1979 3486 sa-

406 3510 642 3579 pientem
672 3508 1020 3566 Salomouem
1050 3527 1065 3566 :
1107 3531 1125 3564 ι
1161 3514 1308 3569 Vade
1337 3517 1402 3569 ad
1432 3518 1592 3571 talem
1616 3517 1918 3588 formicam,
1942 3538 1976 3579 ο

407 3602 556 3670 piger
582 3602 599 3634 ⁸
624 3618 641 3667 ;
670 3621 688 3655 ι
715 3612 771 3658 et
800 3603 1085 3659 Pbilotheo
1109 3605 1220 3660 lllic
1247 3606 1509 3676 inquisito
1540 3620 1593 3665 et
1620 3610 1972 3669 formicarum

405 3704 562 3749 antro
586 3696 673 3749 ubi
696 3695 970 3750 invenitur
987 3710 1200 3755 aurum.
1221 3708 1466 3754 scrutare
1488 3701 1701 3759 divitias
1727 3705 1834 3761 Deo
1853 3722 1977 3776 gra-

408 3801 514 3849 tas,
545 3797 600 3841 et
627 3796 745 3841 esto
779 3788 970 3843 beatus
1004 3802 1296 3857 mercator,
1342 3806 1777 3868 cougregataque
1821 3798 1974 3857 illinc

404 3886 710 3950 quaestuosa
738 3881 876 3935 bona
907 3880 1090 3936 divide
1120 3885 1425 3954 egentibus,
1462 3902 1592 3953 nou,
1624 3891 1970 3949 formicarum

403 3974 593 4038 instar,
622 3974 879 4043 colligens
911 3990 1029 4044 quae
1056 3976 1107 4030 in
1147 3980 1229 4032 via
1271 3990 1419 4045 sunt,
1449 3980 1542 4037 sed
1568 3984 1818 4042 celeriter
1845 4002 1972 4044 cur-

401 4081 526 4120 rens
577 4069 643 4120 ad
691 4067 981 4136 optabilem
1012 4068 1302 4125 circuitum
1352 4073 1442 4127 ubi
1496 4072 1848 4134 inveniuntur
1878 4082 1968 4152 qui

403 4156 642 4210 maxime
678 4159 978 4226 expetenda
1009 4157 1187 4215 studio
1236 4162 1631 4231 nundinantur,
1667 4178 1727 4221 ut
1771 4170 1970 4240 etipsc

401 4246 638 4309 divitias,
700 4260 836 4314 quas
870 4247 1044 4302 bonus
1096 4249 1483 4315 paterfamilias
1538 4255 1679 4312 lleus
1725 4273 1753 4312 a
1816 4264 1970 4320 nobis

404 4336 761 4389 iliesaurizari
808 4347 982 4404 optat,
1031 4338 1362 4408 iucrifaeias,
1412 4352 1468 4398 et
1497 4349 1873 4407 convenientia
1903 4355 1969 4411 iis

398 4425 488 4492 qui
518 4435 703 4479 emunt
733 4425 954 4482 vendas.

472 4692 523 4747 5.
561 4694 631 4747 Ea
665 4695 829 4766 igitur
891 4696 992 4752 fuit
1047 4698 1338 4768 l’biiotliei,
1369 4703 1476 4760 Deo
1504 4708 1794 4777 carissimi,
1828 4721 1968 4770 terra

397 4785 595 4853 patria,
611 4800 708 4840 suo
727 4787 901 4858 ipsius
922 4792 1138 4847 nomine
1158 4800 1471 4851 memoriam
1501 4815 1767 4859 revocans
1789 4804 1887 4860 zeli
1914 4816 1969 4862 et

396 4876 560 4930 studii
592 4877 733 4932 illius
765 4880 819 4934 in
844 4883 1143 4952 Spirit‘ualia
1168 4901 1329 4955 opera
1356 4905 1372 4957 ;
1406 4902 1612 4958 patrem
1645 4904 1824 4951 autem
1850 4899 1968 4967 eius

397 4980 557 5023 nemo
577 4969 720 5024 dicet
754 4986 908 5027 suam
935 4976 1249 5034 dedccuisse
1286 4983 1620 5052 progeniem.
1654 4986 1805 5043 Licet
1824 4992 1963 5045 enim

393 5060 559 5115 etiam
598 5074 664 5114 ex
693 5077 800 5116 non
841 5065 997 5121 bouis
1031 5083 1415 5141 nonnunquam
1466 5074 1592 5130 boni
1643 5079 1961 5151 gignuntur,

394 5153 481 5208 .‘iic
504 5162 686 5209 tamen
718 5170 826 5209 non
859 5158 1208 5226 perlatuissct
1233 5178 1545 5222 accuratam
1579 5170 1821 5229 historia:
1844 5175 1965 5229 dili-

394 5242 669 5314 iigentiam
706 5255 860 5314 pater
886 5250 1108 5304 omnino
1135 5250 1411 5312 dissimilis
1434 5258 1638 5327 optimo
1677 5262 1825 5332 filio,
1866 5264 1962 5320 sed

392 5335 445 5388 in
476 5339 784 5407 exemplum
826 5336 1025 5393 factum
1058 5353 1201 5398 esset
1247 5344 1358 5414 ille,
1392 5357 1446 5402 et
1476 5350 1530 5404 in
1573 5354 1959 5411 contumeliam

392 5426 677 5498 insignitus
706 5441 855 5486 esset
882 5432 1061 5502 qualis
1085 5436 1297 5504 qualem
1331 5442 1622 5510 genuisset,
1668 5448 1822 5516 spina
1854 5449 1963 5504 sci-

391 5516 516 5574 licet
578 5537 779 5591 rosam,
814 5526 1175 5599 hyoscyamus
1224 5547 1561 5605 artemonem,
1621 5539 1790 5596 bestia
1845 5541 1957 5597 fera

466 5697 483 5727 '
509 5696 666 5755 Prov.
691 5719 770 5770 τι,
801 5706 858 5763 ϐ.

2101 1864 2169 1918 ἂν
2199 1863 2296 1919 τοῦ
2330 1866 2634 1939 θαυμάζειν
2657 1871 2749 1925 τὸν
2782 1876 2937 1943 ἅγιον
2958 1877 3170 1947 τοῦτον,
3202 1884 3257 1937 εί
3287 1900 3340 1938 τι
3366 1886 3472 1957 χρὴ
3498 1863 3591 1942 κᾶι
3618 1893 3682 1942 ἐν

2099 1956 2209 2010 τῶν
2245 1958 2375 2029 περὶ
2416 1963 2522 2032 γῆν
2557 1968 2965 2037 χαρακτηρίσαι
2990 1970 3085 2025 τὸν
3113 1977 3232 2040 ταῖς
3256 1956 3483 2047 ἀρεταῖς
3511 1982 3683 2053 οὖρὰ-

2098 2064 2233 2104 νιον.

2165 2143 2231 2197 δ’.
2259 2142 2498 2212 ’Ἦνεγκε
2525 2146 2628 2217 μὲν
2654 2148 2877 2222 ’Δσιανὴ
2900 2151 3073 2224 χώρα,
3099 2155 3167 2226 ἦν
3200 2158 3365 2229 ἧρεσι
3386 2164 3498 2226 τοῖς
3519 2163 3683 2220 ὕπε-

2099 2248 2192 2303 ρον
2228 2234 2556 2305 ὀνομάζουσι
2578 2278 2595 2304 ,
2630 2241 2797 2295 καλὸν
2846 2245 3119 2314 ἶοψίκιον,
3155 2247 3224 2317 γῆ
3260 2253 3559 2327 πολυτενὴς
3594 2261 3677 2324 είς

2098 2325 2427 2395 μιλιασμοὺς
2455 2331 2550 2384 καὶ
2576 2330 2881 2401 πολυτελὴς
2909 2340 3005 2391 καὶ
3053 2339 3351 2412 εὐδαίμων,
3386 2325 3553 2403 πάλαι
3570 2353 3676 2422 μὲν

2094 2414 2190 2467 καὶ
2216 2414 2341 2469 λίαν
2372 2420 2731 2488 περίπυστος,
2763 2424 3007 2494 φέρουσα
3037 2429 3092 2481 δὲ
3127 2433 3222 2484 καὶ
3254 2435 3423 2491 είσὲτι
3451 2435 3550 2491 νῦν
3570 2414 3675 2492 τοῦ

2094 2509 2435 2575 πρωτοθέτου
2459 2511 2669 2565 ἐκείνου
2697 2515 2866 2569 καλοῦ
2893 2522 3257 2592 χαρακτῆρας
3290 2528 3542 2595 πολλοὺς,
3572 2536 3673 2585 καὶ

2090 2598 2212 2650 οὐδὲ
2241 2600 2508 2667 ἀγεννεῖς,
2538 2605 2632 2657 καὶ
2660 2606 2899 2675 μάλιστα
2924 2611 2986 2663 τὺ
3018 2612 3126 2667 τῶν
3156 2616 3440 2687 ἐγχωρίων
3470 2622 3675 2689 ἐμπει-

2094 2691 2414 2761 ροπόλεμον.
2455 2696 2567 2749 Καὶ⁸
2605 2697 2750 2752 οὕτω
2809 2700 2930 2771 μὲν,
2977 2702 3054 2766 ὡς
3084 2705 3143 2758 ἐν
3196 2709 3368 2778 στινῷ
3399 2710 3674 2780 δηλῶσαι.

2091 2781 2397 2852 σεμνότητα
2427 2785 2456 2835 6
2490 2784 2647 2852 ἅγιος
2679 2789 3005 2859 ἑπισύρεταί
3027 2809 3148 2846 τινα
3182 2796 3276 2848 καὶ
3302 2797 3391 2851 διὰ
3416 2800 3513 2868 τὴν
3542 2805 3675 2855 κατ’

2088 2871 2239 2936 ἔθνος
2265 2875 2487 2946 ἀρετὴν,
2520 2878 2590 2931 δι’
2621 2881 2687 2950 ἢν
2714 2881 2765 2932 οἱ
2799 2882 2915 2934 ἐκεῖ
2942 2884 3427 2944 ἁπολεοντιοῦσθαι
3453 2892 3674 2958 δόξαιεν

2086 2961 2174 3025 ἂν,
2208 2963 2296 3016 ὅτε
2323 2965 2374 3016 οί
2402 2964 2505 3036 τῆς
2537 2969 2720 3039 Ἀγαρ
2748 2973 2909 3036 κύνες
2941 2975 3255 3047 ἐπιτρέχειν
3280 2981 3393 3044 τοῖς
3413 2982 3507 3035 τοῦ
3529 2984 3672 3038 Θεοῦ

2086 3053 2359 3122 ποιμνίοις
2387 3058 2758 3125 προτίθενται.
2798 3064 2924 3118 Ἐὰν
2951 3066 3009 3119 δὲ
3045 3070 3079 3139 ή
3108 3074 3518 3141 προεπγκοῦσα
3541 3078 3672 3131 τοῦ-

2088 3156 2183 3195 τον
2225 3141 2387 3216 κώμη
2422 3147 2658 3219 ἑτεροῖόν
2688 3168 2740 3206 τι
2793 3158 3063 3232 φαντάζῃ,
3097 3161 3342 3235 Μύρμηξ
3376 3168 3673 3225 ἐπικαλου-

2092 3234 2251 3304 μένη,
2275 3240 2372 3291 καὶ
2398 3240 2486 3294 διὰ
2510 3242 2572 3295 τὸ
2597 3244 2839 3300 τοιοῦτον
2869 3248 3042 3319 ὄνομα
3069 3234 3347 3329 ὑποϐάλλει
3375 3262 3519 3313 κατὰ
3553 3263 3671 3315 τῶν

2041 3404 2049 3411 ,
2085 3328 2415 3398 πατριωτῶν
2444 3335 2925 3404 μυρμηκολέοντος
2955 3341 3132 3412 νόημα
3153 3385 3167 3407 ,
3197 3328 3334 3401 ἀλλα
3364 3350 3528 3406 τοῦτο
3561 3356 3668 3423 μὲν

2086 3417 2203 3485 ἐρεῖ
2218 3434 2300 3481 τις
2326 3419 2512 3491 ἔτερος
2534 3425 2677 3479 κατὰ
2693 3428 2754 3480 τὸ
2773 3434 3088 3504 παρατυχόν
3108 3450 3124 3466 ο
3148 3438 3271 3506 ἐμοὶ
3289 3439 3345 3492 δὲ
3366 3442 3394 3493 6
3417 3417 3670 3516 Μύρμηξ

2085 3507 2248 3579 κώμη
2277 3510 2340 3563 τδ
2364 3511 2459 3564 τοῦ
2491 3514 2650 3582 ἁγίου
2686 3519 2917 3591 πάτριον
2940 3523 3137 3593 ἔδαφος
3164 3530 3246 3592 είς
3280 3507 3672 3603 σύμϐολον-τέ

2087 3599 2260 3655 θειται
2300 3606 2443 3658 πάνυ
2476 3610 2691 3677 σεμνόν.
2718 3614 2871 3667 Δοκῶ
2903 3618 3009 3687 γὰρ
3044 3619 3284 3676 ἐνταῦθα
3305 3599 3669 3695 ύίιοφωνοῦν-

2083 3708 2174 3756 τος
2200 3695 2421 3750 ἀκούειν
2442 3700 2615 3770 κάμοὶ
2648 3702 2742 3756 τοῦ
2769 3709 3047 3778 πανσόφου
3085 3712 3461 3782 Σολομῶντος·
3491 3736 3513 3771 r
3553 3721 3667 3776 Ἴοι

2084 3785 2221 3857 πρὸς
2238 3787 2581 3858 τὸν,τοιοῦτον
2595 3796 2881 3868 μύρμηκα,
2902 3793 2948 3854 ὦ
2964 3802 3182 3874 ὀκνηρδ,
3211 3826 3230 3859 ι
3253 3810 3345 3862 καὶ
3368 3811 3459 3863 τὸν
3477 3815 3666 3868 Excisa

2083 3880 2335 3937 Φιλόθεον
2361 3884 2653 3958 ἱστορήσας
2683 3892 2778 3945 καὶ
2804 3891 2903 3962 τὴν
2928 3895 2988 3949 ἐν
3012 3896 3204 3971 ἐκείνῳ
3237 3907 3487 3973 χρυσῖτιν
3515 3924 3665 3979 μυρ-

2085 3973 2314 4044 μηκιὰν,
2361 3977 2658 4046 μετάλλευε
2700 3984 2934 4039 πλοῦτον
2969 3987 3088 4059 Θεῷ
3132 3991 3310 4060 φίλον,
3354 3995 3450 4049 καὶ
3499 3973 3660 4067 γίνου
3724 4000 3741 4009 ”“

2083 4067 2419 4136 μακαριστὸς
2447 4068 2688 4142 ἔμπορος
2710 4089 2726 4105 ο
2754 4076 2851 4131 καὶ
2878 4078 3136 4145 συλλέξας
3162 4084 3377 4139 ἐκεῖθεν
3415 4096 3658 4145 πλουτο-

2080 4158 2233 4210 ποιόν
2264 4176 2318 4211 τι
2347 4161 2528 4228 καλὸν,
2569 4165 2803 4220 διαδίδου
2836 4171 2946 4234 τοῖς
2980 4172 3295 4244 χρῄζουσιν,
3328 4179 3389 4232 ού
3426 4198 3654 4254 μυρμηο

2079 4248 2246 4313 κίζων
2266 4250 2335 4304 τὰ
2358 4253 2439 4316 εἰς
2465 4254 2604 4321 ὁδὸν,
2631 4257 2765 4312 ἀλλὰ
2779 4261 2949 4333 ταχὺς
2974 4265 3180 4335 τρέχων
3202 4268 3286 4332 είς
3312 4269 3375 4322 τὸ
3397 4248 3654 4331 εὐκταῖον

2078 4343 2407 4414 κατάντημα
2443 4349 2556 4411 τοῖς
2597 4352 3061 4424 ἐμπορευομένοις
3099 4360 3167 4414 τὰ
3211 4363 3615 4420 σπουδαιότατα
3637 4385 3653 4399 ·

1998 4461 2052 4519 D
2078 4433 2225 4498 ὅπως
2263 4437 2359 4490 καὶ
2386 4439 2551 4503 αὐτὸς
2582 4443 2815 4499 πλοῦτον
2847 4449 3142 4523 κερδήσῃς,
3178 4453 3239 4509 δν
3268 4456 3299 4509 6
3325 4457 3533 4524 ἀγαθὸς
3568 4463 3652 4514 οἱ·

2077 4528 2409 4602 κοδεσπότης
2428 4532 2561 4597 Θαὶς
2593 4536 3019 4610 θησαυρίζεσθαι
3052 4545 3219 4613 φιλεῖ,
3244 4548 3338 4602 καὶ
3368 4550 3482 4615 τοῖς
3514 4551 3651 4620 ἀγο-

2075 4618 2298 4688 ράζουσι
2324 4625 2476 4696 πωλή
2488 4642 2586 4698 an;
2614 4629 2679 4682 τὰ
2705 4633 3007 4706 πραεσφορα.

2142 4718 2202 4767 ε’.
2238 4715 2347 4769 Καὶ
2378 4718 2606 4789 τοιαύτη
2641 4720 2742 4791 μὲν
2789 4724 2867 4795 τῷ
2910 4725 3246 4801 θεοφιλτάτῳ
3287 4732 3520 4805 Φιλοθέῳ
3549 4744 3653 4790 καὶ

2062 4807 2103 4885 ,ἡ
2130 4807 2433 4877 πατριῶτις
2457 4809 2553 4879 γῆ,
2580 4813 2811 4884 μνήμων
2839 4816 2989 4888 αὐτῷ
3010 4824 3271 4893 γινομένη
3300 4823 3395 4878 τοῦ
3422 4823 3653 4893 φιλοπό-

2069 4915 2176 4962 νως
2204 4901 2402 4969 ἐργάζε
2413 4902 2532 4956 σθαι
2555 4904 2623 4957 τὰ
2646 4908 3020 4976 πνευματικά²
3054 4914 3331 4986 γεννήτωρ
3352 4915 3434 4981 δὲ,
3457 4919 3561 4973 οὐκ
3580 4919 3651 4974 ἄν

2067 4993 2213 5045 είποι
2248 5010 2355 5059 τις,
2385 4994 2461 5058 ὡς
2485 4996 2585 5050 οὐκ
2614 4994 2679 5067 ἦν
2713 4998 2861 5070 αὐτῷ
2893 5002 3035 5057 κατὰ
3059 5004 3217 5074 λόγον
3244 5007 3489 5063 τοιούτου
3517 5028 3649 5079 γεν-

2064 5085 2325 5155 νήματος.
2371 5087 2431 5140 Ei
2476 5089 2583 5157 γάρ
2632 5106 2764 5143 ποτε
2800 5093 2894 5146 καὶ
2940 5094 2998 5160 ἐξ
3029 5097 3131 5150 οὐκ
3171 5099 3398 5167 ἀγαθῶν
3445 5103 3647 5171 ἁγαθοὶ

2063 5178 2327 5246 φύονται,
2385 5181 2500 5233 ἀλλ’
2568 5182 2805 5238 ἐνταῦθα
2856 5185 2955 5241 οὒκ
3011 5188 3078 5242 ἂν
3126 5189 3336 5244 διέλαθε
3392 5192 3494 5264 τὴν
3546 5196 3646 5264 τῆς

2064 5273 2306 5341 ἱστορίας
2366 5272 2653 5344 ἀκρίϐειαν
2721 5276 2902 5348 πατὴρ
2950 5280 3202 5351 ἀνόμοιος
3268 5288 3630 5356 προαπεκϐας

2067 5363 2170 5432 υἱῷ
2218 5361 2361 5418 οὕτω
2408 5366 2598 5438 καλῷ·
2643 5367 2778 5423 ἀλλὰ
2823 5357 3017 5428 ἔπεσεν
3057 5372 3124 5429 ἃν
3171 5377 3250 5439 είς
3294 5379 3647 5449 παράδειγμα

2066 5457 2162 5507 καὶ
2212 5455 2441 5524 ἐκεῖνος,
2497 5461 2593 5513 καὶ
2639 5464 3063 5536 παρεσημάνθη,
3106 5470 3288 5531 ὁποῖος
3333 5471 3501 5533 αὐτὸς
3544 5472 3645 5536 ὢν,

2066 5549 2248 5601 ὁποῖον
2289 5549 2574 5619 ἀπέτεκεν,
2612 5551 2820 5606 ἄκανθα
2856 5555 3055 5629 δηλαδὴ
3097 5560 3288 5629 ριὖδον,
3327 5560 3640 5634 ὑοσκύαμος
