4036 6224
365 434 465 494 Μ’)

1282 432 1675 493 LAUDATIO
1718 430 2233 492 S.PHILOTI]EI
2274 433 2685 494 OPSlCIANI.

3498 434 3623 497 I16-

355 547 668 615 ἐνεμὼνην,
698 546 805 616 θὴρ
831 547 1020 617 ἄγριος
1046 547 1330 617 ἄνθρωπον
1356 546 1558 617 ίλαρὸν,
1578 545 1673 611 νὺξ
1697 548 1929 618 ήμέραν,

2036 549 2306 603 hominem
2338 551 2546 615 mitem,
2578 564 2685 603 nox
2710 548 2945 613 diem,et
2966 549 3011 604 si
3042 562 3147 619 qua
3185 563 3270 605 res
3304 550 3405 603 alia
3435 566 3594 620 prava

356 640 451 689 καὶ
476 637 531 688 εἴ
556 654 608 688 τι
639 638 880 691 τοιοῦτον
913 640 1110 706 σεμνὸν
1135 640 1433 692 ἀντίθετον.

430 735 505 790 ς’.
550 728 665 783 Νῦν
698 729 758 781 δὲ
792 730 824 799 ή
871 730 968 798 τῆς
1004 730 1240 792 παλαιᾶς
1294 731 1535 801 ἱστορίας
1566 730 1931 801 ὲπιδρομάδην

353 819 649 883 ὲπέλευοις
691 823 1128 891 ἀποσιωπήσασα
1176 823 1269 876 τὸν
1314 824 1551 893 πατέρα,
1604 826 1743 876 νοεῖν
1798 824 1931 891 ἡμῖν

355 914 575 983 ἀφῆκεν
607 915 669 965 ἐκ
699 914 798 980 τῆς
830 913 1238 982 γεννησαμένης
1271 912 1475 983 μητρὸς
1503 912 1596 964 καὶ
1624 912 1714 964 τὸν
1742 911 1930 981 ἀνδρα.

354 1005 521 1073 Καλὴ
562 1004 665 1072 γὰρ
699 1006 754 1055 ἐν
785 1003 1032 1070 γυναιξὶν
1066 1003 1246 1072 ἐκείνη
1270 1044 1284 1063 .
1330 1004 1424 1056 καὶ
1458 1004 1647 1057 ὁποίαν
1683 1003 1933 1056 διατυποί

355 1090 633 1158 Σολομῶν,
670 1092 728 1141 ὲν
752 1086 833 1151 οἷς
866 1090 964 1159 τήν
991 1090 1244 1158 ἀνδρείαν
1277 1094 1509 1159 γυναῖκα
1531 1091 1927 1162 διαζωγραφεῖ.

360 1181 574 1242 καλλος
611 1181 709 1248 μὲν
749 1178 841 1234 οὖν
870 1182 1041 1250 αὐτῆς
1067 1182 1355 1252 ἱστορῆσαι
1390 1185 1485 1235 καὶ
1518 1183 1803 1253 δεξιότητα
1832 1183 1929 1253 τήν

356 1273 438 1330 εἰς
487 1271 649 1338 ἔργα,
688 1272 1068 1339 οίκωφέλειαν,
1121 1275 1218 1326 καὶ
1263 1275 1324 1326 τὸ
1374 1274 1678 1346 φίλανδρον,
1725 1276 1819 1328 καὶ⁹
1868 1275 1930 1327 τὸ

355 1360 653 1413 ἀκόλουθον
688 1363 930 1431 σῶιρρον,
966 1365 1059 1416 καὶ
1085 1366 1186 1418 ὅσα
1224 1366 1387 1435 ἔτερα
1416 1370 1654 1434 γυναῖκα
1693 1368 1928 1435 κοσμίαν

351 1454 676 1523 ἀπαρτίζει,
705 1455 911 1510 πλατὺν
939 1459 1005 1511 ἀν
1027 1458 1346 1513 διαπετάσοι
1370 1460 1547 1529 λόγον,
1564 1460 1929 1513 ἀποκναίοντα

352 1548 454 1615 τὴν
493 1547 795 1615 ἀκρόασιν
838 1550 1000 1618 ἀρκεῖ
1037 1550 1093 1603 δέ
1142 1569 1253 1619 μοι,
1284 1552 1353 1604 τά
1402 1551 1579 1606 πάντα
1619 1552 1929 1621 κεφαλαιώ-

357 1636 580 1703 σασθαι,
606 1638 814 1691 εἰπόντι
845 1641 1323 1709 συνεπτυγμένως,
1341 1641 1422 1693 δτι
1450 1641 1651 1702 πάντα,
1682 1642 1783 1693 ὅσα
1808 1640 1926 1711 Θεῷ

354 1729 489 1795 φίλα
510 1768 525 1792 ,
560 1730 1008 1798 προεχειρίζετοο
1044 1733 1137 1783 καὶ
1168 1727 1235 1801 ἦν
1269 1732 1455 1801 τρόπῳ
1488 1732 1715 1803 τοιούτῳ
1744 1733 1927 1803 φιλερ-

356 1820 474 1886 γὸς,
497 1820 699 1872 ταύτὸν
720 1820 775 1872 δὲ
801 1820 988 1890 φάναι,
1011 1821 1372 1892 ἀγαθουργός.
1412 1824 1651 1892 ’Δμέλει,
1674 1828 1768 1877 καὶ
1788 1828 1927 1879 κατά

2039 636 2116 691 rei
2155 637 2392 691 honesta:
2425 637 2624 706 opponi
2660 647 2855 703 potest.

2105 726 2158 781 6.
2178 726 2333 790 Nune
2354 742 2479 783 vero
2503 728 2739 797 antiqua:
2764 728 3008 782 his-terim
3033 731 3310 784 succincta
3335 733 3596 791 narratio.

2037 829 2157 882 quae
2180 817 2247 868 de
2279 824 2431 884 patre
2457 815 2705 879 obticuit,
2744 816 2901 871 nobis
2933 832 2999 870 ex
3024 830 3192 872 matre
3215 821 3387 873 virum
3420 821 3593 889 ipsum

2037 906 2459 972 dignoscendum
2492 906 2729 974 reliquit.
2761 906 2988 971 Pulchra
3013 908 3157 962 enim
3187 909 3274 962 illa
3304 910 3446 963 inter
3479 926 3599 964 mn-

2038 997 2219 1060 lieres,
2253 1007 2304 1051 et
2325 996 2534 1065 qualem
2576 996 2814 1065 depingit
2864 996 3138 1063 Salomon,
3171 1000 3450 1053 mulierem
3491 1002 3600 1056 for-

2039 1097 2144 1141 tem
2177 1088 2513 1142 describens.
2545 1088 3008 1142 Pulchritttdinem
3052 1098 3229 1144 autem
3280 1091 3419 1145 illius
3469 1110 3597 1145 nar-

2036 1177 2199 1240 ranti,
2236 1185 2290 1231 et
2335 1178 2610 1231 solertiam
2660 1179 2714 1230 in
2747 1178 3026 1246 operibus,
3087 1176 3447 1246 frugalitatem
3501 1183 3596 1235 toti

2036 1271 2253 1324 familia:
2289 1272 2497 1335 utilem,
2539 1286 2777 1325 amorem
2809 1286 2933 1340 erga
2965 1272 3140 1323 virum
3171 1283 3227 1326 et
3254 1289 3595 1343 consequen-

2044 1373 2148 1416 tem
2212 1365 2625 1430 temperatttiam
2691 1364 2810 1417 fuse
2862 1365 3073 1432 lateque
3112 1373 3259 1419 esset
3302 1368 3599 1433 promenda

2033 1453 2228 1518 oratio,
2262 1454 2528 1522 taedioque
2583 1453 2847 1509 alliciendi
2898 1454 3197 1508 audientes.
3242 1454 3386 1509 Satis
3418 1467 3594 1510 autem

2030 1542 2163 1595 mihi
2201 1552 2283 1597 est
2313 1544 2359 1595 si
2405 1553 2596 1595 cuncta
2630 1542 2938 1595 summatim
2972 1553 3214 1609 repetam
3252 1554 3305 1599 et
3362 1546 3598 1599 breviter

2034 1634 2208 1687 dicam
2241 1647 2575 1701 quacunque
2602 1634 2710 1687 Deo
2738 1645 2888 1703 grata
2921 1644 3046 1688 sunt
3072 1636 3217 1688 illam
3260 1638 3593 1692 exhibuisse.

2034 1722 2161 1776 Erat
2202 1724 2363 1794 igitur
2400 1738 2588 1780 amans
2610 1726 2809 1793 operis,
2845 1735 2937 1779 aut
2958 1739 3014 1779 ut
3049 1727 3188 1779 idem
3224 1728 3418 1790 dicam,
3458 1730 3593 1781 bona

2032 1830 2281 1883 operans.
2317 1813 2457 1868 Sane
2485 1817 2641 1884 quasi
2704 1816 2962 1870 divinitus
3016 1822 3119 1869 tale
3151 1817 3458 1871 obtinuerat
3498 1835 3598 1872 no-

352 1929 409 1961 τι
442 1911 587 1963 θεῖον
617 1912 875 1982 τοιαύτην
905 1912 1062 1981 ἔλαχε
1095 1915 1305 1983 κλῆσιν.
1332 1915 1596 1984 Θεοφιλαν
1621 1917 1729 1985 γὰρ
1766 1918 1815 1969 oi
1843 1935 1931 1970 τεο

2036 1920 2175 1959 tnen.
2207 1904 2561 1973 Theophilam
2595 1906 2739 1960 enim
2783 1915 3038 1976 parentes
3068 1908 3188 1975 ejus
3236 1909 3408 1976 ipsam
3434 1924 3596 1965 voca-

356 2003 549 2063 κόντες
573 2003 748 2073 αὐτὴν
770 2004 1083 2073 ὠνόμασαν,
1110 2006 1427 2075 μεταδόντες
1447 2009 1511 2076 τῇ
1539 2007 1771 2079 θυγατρὶ⁸
1793 2008 1928 2072 τέως

359 2094 456 2160 μιν
490 2094 755 2163 ὀνόματος
790 2095 1105 2166 προσφυοῦς
1137 2098 1346 2160 αὐτοῖς,
1378 2100 1434 2162 ἐξ
1473 2092 1547 2151 ὧν
1578 2101 1925 2169 εἰργάζοντο·

356 2187 588 2256 ὔστερον
624 2188 681 2240 δὲ
724 2189 818 2240 καὶ
853 2189 1136 2257 πράγματι
1169 2190 1246 2258 τῷ
1281 2191 1339 2253 ἐξ
1377 2192 1549 2260 αὐτῆς
1591 2192 1651 2244 τὸ
1685 2193 1929 2247 τοιοῦτον

358 2276 863 2345 ἐπισφραγίσαντες
911 2278 1115 2344 ὄνομα,
1156 2275 1237 2341 οἷς
1283 2279 1381 2346 τὴν
1431 2281 1595 2333 παῖδα
1642 2284 1931 2352 τρέφοντες

360 2369 630 2434 θεοφιλῶς
676 2368 1043 2433 ἑξεπαίδευον.
1104 2369 1345 2442 Τοιαύτη
1403 2372 1465 2426 δή
1519 2374 1850 2443 ἐκτραφεῖσα
1895 2377 1930 2445 ή

364 2465 571 2531 μήτηρ,
594 2464 689 2515 καὶ
702 2464 779 2525 ὡς
793 2464 913 2532 Θεῷ
931 2464 1079 2530 φίλον
1096 2465 1527 2537 διεσκευασμένη
1550 2471 1667 2530 ταῖς
1689 2470 1926 2539 ἀρεταῖς,

360 2555 454 2603 καὶ
495 2556 587 2604 τὸν
620 2553 716 2605 τοῦ
748 2555 882 2607 Θεοῦ
918 2557 1082 2623 φόϐον
1117 2558 1175 2609 ὲν
1213 2560 1409 2626 γαστρὶ
1441 2558 1700 2622 λαϐοῦσα,
1734 2560 1932 2628 πρότε-

358 2656 453 2705 ρον
504 2641 569 2691 ἐκ
601 2641 987 2695 διδασκαλικοῦ
1038 2645 1264 2713 σπόρου,
1293 2642 1411 2698 εἶτα
1459 2647 1551 2698 καὶ
1594 2647 1928 2718 ὼδινήτασα,

354 2724 434 2791 οἷς
494 2730 742 2782 ἐπονεῖτο
802 2732 940 2784 κατὰ
998 2734 1362 2801 ὲγκρὰτειαν,
1420 2734 1509 2784 καὶ
1575 2735 1669 2786 ἐπὶ
1715 2734 1931 2795 τούτοις

356 2818 594 2872 τεκοῦσα
645 2818 860 2887 πνεῦμα
888 2821 1189 2889 σωτηρίας,
1236 2822 1331 2872 καὶ
1377 2821 1554 2885 ἄλλως
1602 2823 1658 2875 δὲ
1716 2823 1932 2891 φύσεως

356 2910 653 2981 ἀκολουθίᾳ
677 2911 838 2963 παῖδα
869 2910 1244 2982 συλλαϐομὲνη
1280 2914 1338 2965 ὲν
1367 2919 1568 2982 γαστρὶ
1603 2915 1791 2984 εκείνη
1828 2933 1930 2969 κα-

356 3001 697 3069 θηγνισμένη
723 3003 1127 3068 πνευματικῶς,
1161 3004 1478 3073 προήγαγεν
1503 3006 1811 3069 ἀκολούθως
1840 3008 1933 3059 καὶ

358 3092 592 3155 παιδίον,
632 3092 909 3162 Πνεύματι
942 3095 1083 3164 ἁγίῳ
1117 3096 1325 3165 πρέπον
1367 3097 1445 3158 είς
1494 3098 1788 3166 ἐνοίκησιν.
1842 3100 1933 3151 Διὸ

358 3183 655 3250 προσφυῶς
679 3184 771 3235 καὶ
789 3184 917 3237 αὐτὸ
933 3186 1180 3240 Φιλόθεον
1205 3189 1604 3257 παρωνόμασεν
1622 3190 1681 3253 ἐξ
1702 3190 1928 3259 ἑαυτῆς,

358 3273 615 3325 ἐντεῦθεν
640 3274 923 3345 ἀρξαμένη
957 3277 1051 3330 τὸν
1091 3280 1401 3347 καθήκοντα
1436 3281 1701 3350 μητρόθεν
1732 3282 1930 3351 κλῆρον

361 3365 665 3419 ἀποδιδόναι
691 3368 770 3433 τῷ
806 3368 927 3437 υἱῷ,
957 3369 1042 3422 ἴνα
1062 3371 1158 3423 τοῦ
1185 3370 1326 3423 κατά
1350 3371 1451 3439 γῆς
1480 3372 1667 3441 ¹έρπειν
1688 3373 1936 3444 ἀνασφή-

362 3457 476 3518 λας,
496 3460 586 3509 καὶ
613 3459 711 3527 τὴν
738 3461 1084 3531 ἀνθρωπίνην
1112 3462 1389 3515 διάλεκτον
1424 3464 1799 3533 κατορθώσας,
1832 3468 1929 3519 καὶ

362 3550 540 3613 γνοὺς,
583 3550 698 3602 οἴου
745 3552 1062 3621 μετείληχεν
1110 3553 1354 3606 ἐκποδῶν
1407 3554 1688 3623 ὀνόματος,
1726 3557 1930 3630 ἁποξέῃ

363 3641 575 3707 φερωνύ
586 3659 701 3709 μως
721 3643 813 3693 τὸν
836 3644 1063 3711 φυσικὸν
1085 3644 1374 3713 ἀνδριάντα
1403 3646 1537 3715 πρὶς
1561 3646 1620 3697 τὸ
1636 3646 1932 3718 θειότερον,

362 3732 678 3799 αἰδούμενος
722 3733 892 3802 ὄνομα
937 3734 1083 3788 οὕτω
1129 3736 1291 3788 καλὸν
1337 3738 1433 3790 καὶ
1491 3737 1634 3789 θεῖον
1680 3739 1933 3809 ἀχρειοῦν

365 3826 665 3892 φαυλότητι
690 3826 960 3893 πράξεων,

449 3916 515 3977 ζ’.
555 3916 667 3967 Καὶ
693 3917 872 3969 τοίνυν
901 3919 1003 3970 οὐκ
1038 3919 1319 3971 ἐνέλειπεν
1357 3919 1618 3989 δξομοιιῖιν
1649 3924 1713 3992 τῇ
1746 3922 1933 3993 κλήσει

362 4006 457 4074 τὴν
488 4008 715 4075 πρᾶξιν,
742 4010 833 4060 καὶ
850 4009 1104 4062 σπεύδων
1127 4010 1404 4080 θειότητος
1439 4009 1577 4066 εἶναι
1606 4015 1726 4066 κατ’
1745 4014 1930 4083 ἄμφω,

362 4098 453 4149 καὶ
478 4098 669 4167 ὥσπερ
701 4099 957 4169 ὀνόματι,
990 4100 1133 4154 οὔτω
1175 4104 1269 4156 καὶ
1304 4102 1593 4173 πράγματι
1634 4103 1935 4172 φιλοσοφῶν

363 4187 459 4252 τὴν
505 4189 781 4255 θειότητα.
825 4192 918 4243 καὶ
963 4192 1405 4262 ἐπιγραφόμενος
1452 4192 1625 4257 οὕτως
1670 4195 1747 4256 είς
1782 4195 1932 4250 θείαν

363 4279 568 4343 εἰκόνα,
621 4281 717 4332 καὶ
753 4282 871 4349 Θεῷ
900 4282 978 4344 εἰς
1022 4283 1082 4335 τὸ
1116 4285 1226 4336 πᾶν
1278 4284 1665 4353 ἀνακείμενος·
1703 4278 1764 4338 οὗ
1798 4286 1933 4354 πρὸς

366 4372 600 4439 μίμησιν
633 4373 1037 4443 ἀνωφορεῖσθαι
1071 4375 1262 4439 θέλων,
1296 4378 1390 4429 καὶ
1422 4375 1513 4427 τδν
1539 4378 1689 4430 κάτω
1721 4378 1935 4446 ὑπερα-

362 4463 641 4514 ναεαίνειν
686 4464 1007 4532 ἄνθρωπον,
1058 4466 1152 4517 καὶ
1194 4464 1443 4535 οὐράνιος
1488 4462 1628 4521 εἶναι
1674 4463 1786 4536 εἶχε
1836 4468 1937 4538 μὲν

2032 2008 2246 2062 verunt,
2281 1998 2401 2052 ﬁlia:
2437 2001 2666 2065 primum
2700 2014 2896 2052 nomen
2932 2001 3273 2068 itnponentes
3296 2016 3592 2069 congruum

2030 2088 2285 2158 operibus
2313 2090 2509 2159 quibus
2539 2089 2639 2157 ipsi
2691 2089 2860 2143 dediti
2893 2100 3070 2163 erant,
3111 2091 3307 2144 deinde
3339 2107 3469 2144 vero
3501 2108 3595 2146 eo-

2032 2182 2151 2235 dem
2189 2182 2539 2250 insignientes
2574 2184 2809 2248 nomine,
2837 2185 2905 2237 ob
2938 2185 3157 2253 propria
3192 2185 3360 2251 ipsius
3397 2200 3588 2255 opera,

2033 2272 2176 2326 illam
2210 2290 2238 2326 a
2272 2290 2330 2327 se
2369 2276 2451 2341 pie
2474 2275 2777 2329 educatam.
2808 2273 2981 2329 Porro
3017 2276 3094 2329 sic
3130 2276 3373 2330 instituta
3402 2289 3593 2342 mater,

2033 2371 2216 2431 atque,
2246 2373 2301 2415 ut
2330 2365 2441 2417 Deo
2480 2366 2681 2433 placet,
2726 2366 2986 2418 adornata
3024 2366 3331 2431 virtutibus,
3364 2369 3595 2436 primum

2033 2462 2294 2521 concepto
2316 2454 2403 2507 Dei
2428 2455 2619 2509 timore
2643 2472 2707 2510 ex
2727 2457 2985 2511 doctrinae
3006 2459 3231 2519 semine,
3256 2459 3448 2513 deinde
3473 2475 3596 2513 cum

2035 2545 2378 2597 continentia:
2415 2545 2599 2600 labore
2632 2549 2885 2615 parturiit
2917 2561 2967 2601 et
3003 2550 3081 2601 sic
3110 2549 3361 2616 spiritum
3407 2551 3601 2604 salutis

2036 2635 2264 2702 peperit.
2346 2636 2609 2690 Pt'a'lcrca
2647 2648 2855 2691 natura:
2912 2639 3117 2705 legibus
3151 2641 3314 2692 filium
3351 2644 3601 2707 concepit.

2036 2726 2087 2778 in
2146 2735 2323 2792 utero,
2354 2726 2708 2795 spiritualitcr
2759 2728 3061 2794 puriticata,
3110 2730 3338 2797 ideoque
3391 2733 3598 2799 peperit

2036 2815 2317 2883 infantem,
2350 2818 2400 2872 in
2430 2833 2537 2888 quo
2569 2818 2808 2887 Spiritus
2845 2829 3066 2874 sanctus
3090 2823 3475 2877 convenienter
3508 2823 3600 2877 in-

2037 2908 2330 2963 habitaret.
2361 2909 2568 2964 Idcirco
2596 2919 2649 2963 et
2686 2910 2863 2978 ipsum
2897 2924 2994 2964 suo
3022 2910 3193 2979 ipsius
3227 2912 3440 2966 nomine
3470 2913 3600 2968 Phi-

2036 3000 2276 3055 lotheum
2319 3010 2443 3070 apte
2476 3002 2708 3067 vocavit,
2747 3002 2877 3057 hinc
2918 3001 3182 3072 incipiens
3226 3005 3503 3059 decentem
3530 3019 3594 3061 ex

2035 3103 2208 3145 matre
2238 3093 2599 3147 hagreditatem
2628 3094 2758 3148 dare
2813 3094 2945 3159 filio,
2982 3104 3039 3148 ιιι
3067 3110 3186 3148 cum
3210 3095 3319 3163 jam
3345 3096 3491 3149 humi
3516 3111 3598 3151 re-

2035 3199 2162 3253 pere
2224 3185 2508 3249 desiisset,
2567 3187 2940 3255 humanasque
2987 3201 3145 3241 voces
3184 3188 3409 3242 reddere
3450 3189 3597 3243 incc-

2035 3276 2219 3344 pissct,
2233 3287 2284 3330 et
2306 3278 2644 3345 cognovisset
2665 3278 2821 3345 quale
2839 3279 3062 3332 sortitus
3078 3288 3222 3333 esset
3246 3279 3355 3348 jam
3380 3295 3597 3345 nomen,

2031 3367 2374 3435 exspoliaret,
2412 3378 2467 3421 ut
2501 3383 2693 3421 nomen
2718 3368 2961 3431 decebat,
2994 3370 3289 3423 naturalem
3313 3371 3595 3439 imaginem

2034 3460 2469 3530 divinioremque
2512 3460 2781 3523 indueret,
2810 3461 3015 3516 veritus
3066 3477 3134 3516 ne
3174 3469 3281 3515 tam
3312 3463 3595 3532 pulchrum

2032 3562 2087 3603 et
2144 3551 2381 3604 divinum
2455 3564 2651 3605 nomen
2731 3561 3105 3618 corrumperet
3171 3550 3409 3618 nequitia
3470 3565 3600 3615 ope-

2035 3659 2094 3696 l'll
2102 3658 2175 3697 ut.

2106 3907 2158 3958 7.
2201 3904 2316 3958 Non
2350 3907 2580 3959 cessavit
2604 3910 2766 3971 igitur
2798 3904 3001 3958 nomini
3028 3903 3167 3956 facta
3205 3904 3518 3974 adtrqnare,
3543 3914 3601 3959 et

2034 3999 2167 4053 eniti
2215 4008 2272 4051 ut
2318 4012 2415 4067 per
2441 4006 2673 4066 utraque
2710 3997 2801 4049 Dei
2848 4004 3011 4058 esset,
3062 4005 3115 4047 et
3140 3998 3594 4063 quemadmodum

2038 4090 2278 4155 nomine,
2315 4090 2387 4144 ita
2418 4089 2579 4143 etiam
2607 4103 2771 4158 opere
2801 4087 2966 4141 Deum
3000 4098 3228 4152 amaret,
3263 4086 3501 4142 divinam
3546 4089 3599 4143 in

2039 4197 2096 4237 se
2124 4180 2417 4236 eﬂormans
2466 4180 2753 4248 imaginem
2805 4189 2860 4233 ct
2911 4179 3135 4233 omnino
3182 4176 3289 4232 Deo
3332 4178 3599 4243 devotus;

2038 4275 2195 4343 cujus
2222 4273 2290 4328 ad
2321 4271 2679 4326 imitationem
2713 4285 2771 4324 se
2802 4270 3034 4341 erigere,
3064 4279 3119 4323 et
3158 4269 3469 4325 inferiorem
3508 4272 3601 4324 lio-

2039 4365 2238 4418 minem
2264 4376 2543 4430 superare,
2572 4360 2915 4429 cmlestisqttc
2946 4359 3086 4420 tieri,
3118 4359 3344 4429 cupiens
3389 4360 3489 4415 hoc
3522 4376 3604 4415 re—

2038 4471 2167 4511 vera
2203 4464 2491 4509 assecutus
2530 4461 2632 4516 esl,
2668 4460 2722 4505 et
2752 4451 3213 4520 contemplatione
3252 4450 3460 4518 privata
3487 4467 3604 4504 om-

362 4555 517 4616 αὐτὸ,
559 4557 654 4607 xui.
681 4554 768 4608 διὰ
798 4558 1032 4626 θεωρίας
1061 4557 1168 4628 ἰδία
1191 4575 1268 4622 τε,
1303 4560 1483 4611 πᾶσαν
1514 4559 1829 4629 ἀγαθότητα
1852 4578 1931 4611 τι·

2039 4563 2159 4607 nem
2192 4546 2508 4606 bonitatem,
2538 4551 2791 4611 tanquam
2850 4542 2974 4607 mel,
3024 4542 3142 4609 apis
3188 4541 3381 4605 instar,
3436 4542 3604 4596 conli-

362 4646 689 4698 θαιὸώσσων
732 4646 890 4717 δίκην
948 4649 1230 4719 μελίσσης,
1289 4649 1383 4702 καὶ
1432 4649 1519 4701 διά
1574 4650 1832 4719 συνεχοῦς
1878 4650 1933 4702 δὲ

369 4738 662 4807 μαθήσεως
696 4739 793 4790 καὶ
824 4738 1183 4806 ἀναγνώσεως
1228 4741 1683 4809 κειμηλιούμενος
1732 4740 1933 4809 ἀρετὴν

365 4829 606 4882 ἅπασαν.
638 4830 755 4881 Οὐκ
786 4829 946 4900 ἔφερε
979 4832 1108 4899 γὰρ,
1147 4831 1221 4900 μὴ
1256 4832 1428 4899 συχνὰ
1455 4835 1576 4893 ταῖς
1603 4832 1773 4899 ἱεραῖς
1797 4831 1935 4899 Γρα-

364 4921 493 4985 φαῖς
529 4919 895 4986 ἐντρίϐεσθαι,
931 4922 1024 4972 καὶ
1066 4921 1377 4990 ἀδολεσχεῖν
1412 4924 1470 4973 ὲν
1509 4925 1618 4984 τοῖς
1659 4922 1751 4974 τοῦ
1799 4922 1933 4975 Θεοῦ

360 5008 718 5079 δικαιώμασι,
748 5010 819 5061 τά
841 5010 1011 5063 πολλὰ
1032 5010 1124 5061 καὶ
1152 5011 1231 5072 είς
1257 5013 1315 5062 τὸ
1355 5011 1532 5064 κοινὸν
1560 5011 1809 5080 θαμίζων
1838 5013 1935 5081 τῆς

359 5100 567 5172 ἀρετῆς
602 5101 994 5167 διδασκαλεῖον,
1031 5105 1124 5155 καὶ
1154 5105 1269 5165 ταῖς
1307 5103 1517 5171 ὲθίμοις
1544 5103 1652 5154 τῶν
1690 5104 1935 5172 πανηγύ-

368 5210 505 5262 ρεων
537 5195 949 5261 συγγινόμενος,
977 5198 1069 5247 καὶ
1089 5199 1208 5257 ταῖς
1239 5196 1355 5247 ἐκεῖ
1379 5195 1727 5257 πανδαισίαις
1752 5199 1937 5265 ἐντρυ-

364 5286 475 5352 φῶν
502 5286 645 5337 xm.
671 5285 885 5355 πνεῦμα
914 5289 993 5347 εἰς
1020 5288 1201 5355 κόρον,
1236 5289 1330 5339 καὶ
1370 5287 1436 5339 τὰ
1473 5288 1571 5355 μὲν
1594 5287 1935 5355 σιτιζόμενος

363 5377 551 5441 αύτδς,
576 5377 645 5429 τὰ
671 5376 727 5428 δὲ
755 5378 847 5428 καὶ
874 5378 1083 5445 ἑτέροις
1112 5377 1550 5445 ἀποφερόμενος,
1585 5377 1726 5429 καθά
1756 5379 1849 5430 καὶ
1879 5378 1937 5430 ἐν

364 5467 694 5538 εὐαγγελικῇ
714 5469 926 5536 σπυρίδι
959 5470 1433 5537 περισσευμάτων,
1467 5467 1613 5537 ἅπερ
1640 5469 1667 5519 ὁ
1692 5468 1822 5528 Θεὸς
1854 5468 1940 5519 εύ-

363 5552 1075 5621 λογεῖ.’Συνεπελαμ6ἀνετο
1101 5558 1157 5608 δὲ
1193 5558 1270 5617 είς
1302 5557 1462 5608 πλέον
1491 5556 1642 5625 αύτῴ
1670 5555 1762 5608 τοῦ
1789 5556 1930 5607 κατὰ

366 5644 620 5711 θεωρίαν,
640 5643 713 5705 ὡς
736 5646 957 5712 ὲρρέθτμ
978 5646 1286 5712 φιλοσοφεῖν
1311 5646 1405 5697 καὶ
1429 5646 1726 5713 ἀνάγεσθαι
1748 5646 1825 5705 είς
1846 5645 1936 5696 τὸν

368 5732 656 5800 ἰ’ψιστον,
688 5734 777 5786 καὶ
814 5733 874 5786 τὸ
916 5735 1248 5804 εὐεπήϐολον
1293 5736 1627 5804 ἔμπρακτον,
1666 5731 1725 5788 οὗ
1778 5736 1939 5803 μέρος

366 5825 592 5894 εὐεργὸν
618 5829 708 5882 καὶ
731 5828 789 5879 τὸ
810 5828 905 5895 τῆς
939 5828 1173 5896 γαστρὸς
1204 5828 1491 5885 ὑπόκενον.
1518 5827 1816 5893 Ἑξαντλῶν
1834 5828 1937 5894 γὰρ

2036 4642 2210 4706 ciens,
2243 4648 2520 4692 ettomnes
2551 4636 2779 4688 virtutes
2824 4635 3037 4688 assidua
3070 4633 3300 4687 lectione
3328 4642 3383 4687 et
3410 4634 3593 4688 studio

2036 4730 2138 4787 sibi
2190 4740 2534 4796 comparans.
2586 4724 2700 4777 Non
2742 4727 2915 4794 potuit
2962 4723 3089 4793 quin
3124 4724 3346 4778 assidue
3403 4726 3468 4777 ad
3517 4739 3603 4781 sa-

2036 4840 2159 4879 cras
2190 4822 2525 4876 incumberet
2561 4818 2870 4885 Seripturas
2901 4826 2954 4869 et
2978 4816 3333 4870 meditaretur
3367 4817 3419 4871 in
3440 4817 3602 4885 justi—

2038 4914 2385 4969 ﬁcationibns
2448 4909 2678 4963 Domini.
2737 4906 3068 4975 Frequenter
3122 4908 3188 4961 ad
3258 4923 3599 4962 communem

2038 5006 2255 5059 virtutis
2307 5000 2662 5057 conveniebat
2701 4999 2940 5053 scholam
2983 5000 3367 5069 consuetisqne
3414 5001 3607 5055 aderat.

2040 5098 2293 5159 coetibus,
2322 5105 2376 5149 et
2408 5096 2460 5148 in
2503 5092 2667 5145 lautis
2693 5090 2799 5143 illis
2828 5090 3095 5145 conviviis
3124 5091 3480 5159 spiritualitcr
3504 5092 3601 5144 ob-

2040 5188 2270 5242 lectabat
2327 5200 2384 5240 se
2426 5185 2491 5236 ad
2536 5185 2875 5246 satietatem,
2904 5183 3286 5251 saginatnsque
3328 5184 3438 5251 ipse
3474 5180 3599 5233 hinc

2040 5281 2105 5334 ad
2139 5279 2275 5332 alios
2295 5276 2591 5339 deferebat,
2619 5274 2772 5343 quasi
2801 5274 2855 5328 in
2898 5274 3201 5344 evangelica
3225 5284 3405 5342 sporta
3431 5271 3601 5324 abun-

2040 5372 2375 5435 dantiarutn,
2406 5384 2529 5438 qua:
2558 5366 2698 5420 Dens
2739 5365 3031 5421 benedieit.
3056 5366 3293 5434 Contigit
3320 5371 3495 5416 autem
3527 5362 3598 5421 ei.

2042 5475 2096 5518 ut
2122 5465 2173 5518 in
2203 5463 2319 5517 dies
2344 5463 2407 5514 ad
2434 5462 2726 5527 theoriam,
2767 5463 2842 5516 uti
2873 5459 3127 5520 diximus,
3162 5454 3329 5521 magis
3358 5452 3599 5521 philoso-

2042 5554 2319 5621 pharetur,
2354 5561 2409 5605 et
2441 5566 2558 5604 sese
2589 5552 2822 5619 erigeret
2863 5551 2929 5603 ad
2959 5548 3292 5601 Altissimum
3326 5554 3380 5596 et
3418 5544 3482 5596 ad
3537 5544 3601 5597 il-

2043 5646 2147 5697 lam
2191 5643 2401 5697 felicem
2432 5645 2789 5706 activitatem,
2829 5659 2973 5709 quu',
3018 5648 3202 5690 ventre
3235 5637 3498 5705 neglecto,
3536 5638 3601 5687 ad

2043 5736 2294 5787 virtutem
2335 5736 2521 5788 tendit.
2552 5734 2890 5787 Exliauricns
2919 5730 3063 5782 enim
3109 5742 3323 5796 semper
3359 5742 3451 5781 vas
3483 5744 3601 5780 cor-

2046 5828 2188 5895 poris
2221 5828 2473 5881 omnibus
2520 5824 2805 5894 snperlluis
2843 5820 3187 5887 humoribus,
3232 5830 3285 5874 et
3323 5822 3394 5875 ita
3430 5830 3598 5872 terre-
