4012 6226
471 419 569 480 l-l'l

1213 413 1622 474 EUS‘fATIIll
1665 365 2418 470 TIIESSALONlCENSIS
2459 402 3015 467 METROPOLiT/E

3599 402 3698 472 148

473 550 600 588 num
652 530 861 600 pondus
920 529 1158 582 alteraus
1210 524 1452 594 jejuuiis,
1499 523 1799 576 enitebatur
1837 530 2034 574 terram

2154 518 2222 570 isi.
2253 518 2347 571 τοῦ
2380 517 2516 570 κατὰ
2539 517 2696 586 σῶμα
2731 516 3025 586 κεραμείου
3045 515 3172 577 πᾶν,
3201 513 3324 565 ὅσον
3355 513 3576 582 ἕνικμον
3606 521 3700 568 καὶ

477 641 625 680 more
657 622 831 688 angeli
873 630 928 673 et
951 619 1102 688 juxta
1128 614 1401 678 Evangelii
1438 614 1750 681 prmscripta
1783 622 2030 665 transvo-

473 723 610 779 lare,
639 717 914 781 indignum
947 711 1123 778 seipso
1150 708 1404 776 judicans
1427 705 1647 760 inscribi
1679 704 1895 780 quidem
1926 701 2034 755 Deo

472 812 720 871 charum,
753 804 1016 859 altissimo
1049 799 1196 853 Patri
1249 799 1537 860 luminum,
1585 776 1864 849 adhaerere
1909 806 2036 846 vero

473 918 632 958 terra:
686 900 841 953 matri
906 907 959 950 et
1008 894 1316 953 (mlestilms
1363 890 1618 960 prmferre
1656 885 1933 942 terrestria
1983 894 2038 938 et

475 993 714 1049 humilia.

540 1259 602 1322 f8.
624 1256 758 1311 Cum
791 1254 870 1308 sic
895 1262 1092 1306 terram
1121 1252 1492 1302 contemneret
1515 1251 1572 1299 et
1595 1243 1662 1297 ad
1698 1241 1900 1296 nullam
1929 1252 2040 1293 rem

477 1362 750 1404 terrenam
803 1358 1008 1414 pronus
1057 1349 1222 1405 esset,
1263 1337 1534 1408 quomodo
1581 1349 1687 1389 non
1732 1332 1895 1388 etiam
1949 1343 2044 1398 per

476 1441 754 1495 orationes
790 1438 857 1489 ad
880 1431 1056 1488 simile
1077 1443 1335 1500 prospere
1359 1425 1774 1498 progrederetur
1811 1418 2046 1476 bonum?

477 1530 868 1588 Perseverabat
901 1525 1064 1594 igitur
1087 1523 1176 1576 diu
1208 1529 1382 1583 stans.
1413 1517 1773 1582 manibusque
1802 1509 2044 1567 extensis

477 1625 545 1678 ad
580 1622 730 1675 illum
766 1617 858 1687 qui
890 1627 1108 1670 sursum
1143 1611 1315 1680 ipsum
1352 1609 1571 1663 trahere
1604 1613 1842 1676 poterat,
1888 1611 2044 1672 post-

478 1729 640 1786 quam
697 1720 844 1765 recte
875 1705 1228 1768 ambulasset,
1279 1701 1504 1755 ﬁrmiter
1558 1698 1820 1760 stetisset,
1873 1703 1928 1749 et
1978 1693 2046 1745 ad

477 1784 604 1862 eum
638 1817 828 1858 manus
876 1797 1038 1854 simul
1069 1805 1123 1851 et
1168 1801 1335 1849 totam
1385 1791 1620 1845 animam
1662 1787 1944 1842 elevasset.
1981 1784 2045 1838 Et

481 1902 556 1954 ita
589 1897 806 1966 quidem
842 1889 1062 1947 omnino
1097 1887 1149 1940 iu
1176 1884 1412 1940 excelsis
1457 1881 1775 1936 versabatur
1806 1878 1886 1932 :si
1920 1889 2048 1930 vero
2083 1869 2121 1923 Β

485 1987 777 2059 aliquando
829 1995 994 2050 super
1041 1989 1263 2041 terram,
1320 1983 1540 2044 propter
1571 1969 1908 2032 aﬂinitatem,
1943 1982 2047 2022 non

485 2057 725 2149 neglexit
769 2081 1005 2130 erectam
1061 2066 1296 2147 hominis
1357 2072 1644 2125 staturam,
1711 2060 1805 2113 sed
1870 2057 2050 2126 potius

486 2145 834 2224 conservavit
873 2169 926 2217 et
953 2145 1114 2214 terrai
1159 2153 1404 2226 genitrici
1438 2166 1560 2206 sese
1598 2145 2049 2204 accommodavit.

488 2261 656 2315 Porro
690 2257 792 2311 hoc
825 2250 1163 2322 perficiebat,
1201 2259 1377 2315 genua
1417 2243 1640 2296 ﬂectens
1687 2237 2048 2300 continenter,

483 2361 541 2408 ct
571 2352 681 2406 cito
709 2347 926 2416 erigens
965 2358 1047 2406 se,
1077 2341 1206 2394 illud
1236 2339 1452 2408 quidem
1487 2344 1544 2388 ut
1582 2331 1858 2386 terrestris
1901 2337 1955 2382 et
1984 2329 2050 2380 ad

481 2454 687 2499 terram
712 2439 984 2492 rediturus
1037 2435 1139 2486 hoc
1162 2445 1314 2493 vero,
1343 2438 1399 2480 ut
1425 2424 1574 2494 quasi
1606 2423 1786 2491 planta
1814 2418 2052 2473 caelestis

482 2547 607 2589 esse
634 2531 911 2585 videretur
936 2524 1373 2589 Accidebautque
1399 2519 1446 2572 ei
1469 2516 1580 2569 fere
1618 2513 1735 2568 sine
1777 2509 2047 2570 molestia,

484 2621 736 2694 quamvis
775 2619 1108 2686 frequentes,
1139 2625 1303 2665 casus
1348 2609 1423 2662 illi
1459 2617 1512 2660 et
1555 2605 1860 2659 crectiones
1911 2599 2050 2652 inter

483 2711 785 2786 orandum;
849 2722 976 2763 nam
1033 2719 1142 2772 pra:
1203 2701 1366 2754 nimia
1424 2697 1607 2752 carnis
1639 2695 1832 2756 macie,
1889 2704 2049 2762 quam

487 2802 847 2874 temperantia
903 2804 1210 2868 pepererat,
1259 2793 1368 2845 ritu
1415 2798 1638 2845 sanctus
1678 2785 1922 2855 erigebat
1969 2795 2048 2843 se,

485 2899 557 2952 ita
595 2906 654 2950 ut
689 2891 902 2948 facilius
938 2895 1229 2954 exurgeret
1278 2898 1338 2936 se
1365 2896 1524 2949 quam
1568 2891 1741 2947 genua
1790 2876 2048 2936 ﬂecteret,

485 2982 944 3059 quemadmodum
996 2977 1219 3046 pulcher
1268 2985 1450 3026 ramus
1485 2967 1759 3038 paululum
1811 2964 1939 3019 ﬂatu
1969 2965 2051 3018 in-

489 3087 768 3140 curvatus,
795 3074 904 3126 cito
928 3071 1178 3138 erigitur.

559 3171 612 3224 9.
655 3167 794 3234 Quid
835 3161 1034 3232 igitur?
1065 3157 1332 3226 Numquid
1377 3168 1595 3208 carnem
1630 3149 1961 3205 exhauriens
1999 3155 2050 3200 et

487 3273 794 3318 evacuans,
839 3264 1091 3307 caeterum
1144 3251 1268 3303 inde
1311 3253 1576 3317 quaestum
1637 3241 1866 3295 faciebat
1913 3239 2053 3290 sicut

488 3351 664 3414 avari,
717 3359 774 3402 et
825 3347 1081 3400 horreum
1139 3339 1431 3410 genuinum
1487 3348 1714 3388 vacuum
1747 3330 2050 3383 dimittens.

485 3442 794 3510 cutnplebat
833 3435 1076 3491 exterius
1119 3440 1172 3484 et
1202 3427 1568 3491 addictitium,
1603 3433 1658 3478 et
1701 3422 1881 3474 forsan
1922 3417 2052 3471 illud

485 3509 732 3588 evertere
771 3528 1152 3587 meditabatur,
1194 3521 1478 3588 majusque
1508 3512 1808 3571 suscitare?
1836 3509 2054 3577 Nequa-

489 3638 676 3694 quam.
703 3621 769 3676 At
801 3628 945 3673 terra
983 3627 1038 3671 et
1063 3614 1262 3669 divitiae
1294 3626 1412 3682 qua:
1453 3623 1517 3663 ex
1555 3607 1642 3660 illa
1687 3612 1814 3658 sunt
1845 3613 1897 3655 et
1931 3599 2057 3654 reli-

489 3732 595 3784 qua
625 3715 749 3768 vita:
769 3708 1086 3779 compendia
1125 3722 1153 3758 a
1185 3705 1292 3758 Deo
1318 3701 1624 3764 benedicta,
1655 3696 1869 3766 plenum
1908 3694 2053 3746 illum

488 3809 761 3866 iaciebant
808 3801 1060 3858 omnibus
1087 3813 1207 3868 quae
1241 3794 1593 3851 terrestribus
1625 3787 1930 3858 exoptanda
1973 3785 2056 3837 vi-

489 3905 714 3967 dentur;
745 3893 1098 3953 beneficentia
1125 3899 1305 3945 autem
1329 3897 1382 3942 et
1409 3885 1719 3941 humanitas
1741 3871 2057 3947 evangelica

490 3991 835 4064 superaddita
872 3987 1146 4048 mandato,
1184 3998 1280 4052 per
1320 3980 1465 4049 quod
1502 3977 1761 4032 invitatur
1801 3972 2059 4025 cordatus

490 4063 654 4141 homo
686 4082 752 4134 ad
793 4077 1170 4148 deponendum
1221 4070 1552 4136 superﬂuum
1593 4068 1644 4120 iu
1677 4066 1786 4119 vita
1819 4063 2056 4131 pondus,

486 4185 542 4230 et
573 4169 916 4229 dividendum
948 4165 1294 4234 pauperibus,
1329 4170 1386 4214 ut
1412 4163 1483 4214 ita
1513 4159 1795 4226 expeditus
1828 4158 1879 4210 in
1918 4157 2058 4208 viam

488 4264 726 4318 divinam
766 4268 822 4312 et
857 4271 979 4310 vere
1009 4265 1238 4315 rectam,
1273 4252 1397 4303 licet
1424 4250 1605 4318 aliquo
1629 4249 1788 4301 modo
1811 4259 2056 4313 asperam

488 4351 646 4406 initio
702 4343 1152 4413 ingredientibus,
1186 4339 1389 4393 serviat
1435 4336 1546 4391 Deo
1578 4338 1642 4390 ad
1691 4335 1911 4388 meliora
1957 4335 2057 4387 du-

487 4442 654 4504 centi,
695 4445 886 4492 sancto
930 4440 1216 4487 suaserunt
1245 4439 1303 4482 ut
1333 4445 1429 4482 sua
1474 4431 1609 4480 bona
1649 4425 1955 4478 eﬂ‘underet
2001 4425 2054 4478 iu

2142 611 2327 680 ὑγρὸν,
2359 609 2426 662 δι’
2451 603 2511 662 οῦ
2546 607 2914 676 πλαδαροῦται
2944 606 3255 676 ἄνθρωπος,
3285 604 3378 658 καὶ
3406 603 3550 658 οῦτω
3577 623 3704 658 κου.

2142 702 2314 771 φίζων
2333 700 2393 754 τὸ
2416 701 2570 770 γὴῖον
2599 696 2780 767 βρῖθος
2804 696 3098 764 νηστείαις,
3130 694 3452 764 ἐφιλονείκει
3479 694 3577 764 τῆς
3601 695 3705 763 γῆς

2141 793 2444 862 ἀγγελικῶς
2485 789 2912 860 ύπερίπτασθαι,
2965 787 3180 852 ἀνάξιον
3231 786 3424 840 ἑαυτοῦ
3477 786 3704 857 κρίνων,

2145 883 2515 954 ἐγγράφεσθαι
2547 882 2644 952 μὲν
2691 881 2770 942 είς
2827 879 2978 946 φίλον
3013 877 3170 942 Θεοῦ,
3221 877 3316 931 τοῦ
3367 877 3470 929 τῶν
3512 877 3707 944 φώτων

2144 977 2369 1044 ὑψίστου
2400 973 2632 1043 Πατρὸς,
2660 970 3090 1041 προστετηκέναι
3110 969 3165 1022 δὲ
3191 973 3256 1040 τῇ
3290 973 3459 1042 μητρὶ
3489 973 3585 1042 γῇ,
3614 972 3710 1024 καὶ

2144 1069 2238 1122 τοῦ
2294 1065 2535 1136 αἰθερίου
2575 1061 2954 1133 ἀνθαιρεῖσθαι
3000 1064 3060 1114 τὸ
3110 1063 3324 1116 πεδινόν
3371 1080 3428 1117 τε
3476 1066 3570 1116 καὶ
3617 1080 3711 1116 τα-

2148 1158 2350 1212 πεινόν.

2215 1248 2286 1319 η’.
2327 1251 2387 1303 ⁸0
2416 1249 2470 1302 δέ
2499 1250 2640 1305 οὕτω
2663 1250 2760 1321 τὴν
2788 1252 2895 1321 γῆν
2923 1248 3292 1322 περιφρονῶν,
3319 1247 3413 1299 καὶ
3446 1246 3578 1318 πρὸς
3606 1265 3715 1317 μηο

2147 1342 2234 1394 δέν
2255 1359 2308 1395 τι
2342 1342 2450 1395 τῶν
2474 1343 2594 1396 κατ’
2624 1344 2793 1413 αὐτὴν
2821 1343 3075 1411 κεκυφὼς
3097 1382 3112 1406 ,
3145 1341 3260 1402 πῶς
3295 1341 3392 1392 οὐκ
3424 1339 3491 1394 ἂν
3523 1341 3617 1394 καὶ
3645 1340 3715 1391 δι’

2148 1433 2321 1502 εὐχῶν
2348 1435 2427 1496 είς
2455 1434 2512 1486 τὸ
2529 1435 2715 1503 ὅμοιον
2735 1434 2968 1488 εύοδοῖτο
2992 1432 3158 1486 καλόν
3179 1449 3194 1496 ;
3217 1430 3506 1499 Ἐσχόλαζε
3533 1430 3716 1483 τοίνυν

2151 1528 2247 1580 καὶ
2273 1525 2448 1580 ποδῶν
2478 1526 2635 1596 ὀρθία
2667 1526 2856 1580 στάσει
2884 1526 2968 1593 ἐφ’
3001 1527 3202 1589 ἱκανὸν,
3233 1525 3330 1577 καὶ
3357 1523 3556 1594 χειρῶν
3583 1526 3717 1576 ἀνα-

2147 1619 2306 1670 τάσει
2340 1617 2475 1688 πρδς
2505 1617 2594 1670 τὸν
2629 1617 2743 1671 ἀνω
2771 1618 3071 1688 δυνάμενον
3090 1619 3270 1670 ἕλκειν
3305 1617 3395 1669 τὸν
3421 1617 3514 1668 καὶ
3545 1617 3718 1683 ἀσφαο

2150 1709 2257 1770 λώς
2288 1706 2579 1777 βεϐηκότα.
2613 1710 2706 1761 καὶ
2737 1709 2972 1777 στερεῶς
2999 1707 3232 1768 ἑστῶτα,
3264 1708 3356 1759 καὶ
3386 1708 3576 1776 χεῖρας
3595 1705 3717 1774 ἃμα

2151 1802 2245 1852 καὶ
2290 1799 2470 1868 ψυχὴν
2499 1798 2628 1868 ὅλην
2673 1802 2808 1867 πρὸς
2836 1799 3000 1852 αὑτὸν
3030 1797 3398 1851 ἀνατείνοντα.
3435 1798 3542 1849 Καὶ
3572 1795 3720 1849 οὕτω

2155 1887 2254 1956 μὲν
2297 1888 2416 1950 ὅλος
2449 1881 2516 1956 ἦν
2555 1887 2654 1956 τῆς
2683 1888 2944 1939 ἀνωτάτω
2971 1884 3230 1954 ύψώσεως
3256 1902 3270 1917 ο
3301 1885 3350 1937 εί
3387 1885 3443 1937 δέ
3485 1901 3586 1937 που
3623 1887 3720 1936 καὶ

2151 1979 2248 2047 τῆς
2280 1979 2379 2047 γῆς
2404 1977 2493 2031 διὰ
2519 1977 2580 2030 τὸ
2607 1976 2894 2044 φυλετικδν
2935 1975 3232 2043 συγγενὲς,
3271 1973 3446 2028 ἐποίει
3481 1975 3582 2044 μὲν
3626 1974 3722 2028 καὶ

2153 2071 2304 2136 αὐτὸ,
2344 2069 2441 2140 ούχ
2478 2069 2617 2122 ὥστε
2658 2067 2764 2138 μὴν
2799 2069 2891 2120 καὶ
2933 2068 3230 2137 ἀχρειῶσαι
3270 2069 3328 2120 τ’»
3371 2065 3721 2137 ἀνθρωπικ“ν

2129 2155 2353 2226 ⁴ὄρθιον,
2376 2159 2511 2212 ἀλλά
2536 2160 2627 2212 καὶ
2659 2157 2790 2212 αὐτὸ
2818 2158 3073 2224 φυλάξαι,
3105 2160 3198 2212 καὶ
3222 2161 3286 2228 τῇ
3322 2158 3491 2227 μητρὶ
3522 2161 3591 2228 γῇ
3626 2174 3724 2226 χα-

2154 2253 2425 2324 ρίσασθαι.
2474 2253 2642 2306 Ἤνυε
2687 2251 2742 2304 δὲ
2779 2249 2932 2312 αὐτὸ,
2978 2251 3180 2318 γόνατα
3207 2250 3406 2301 κλίνων
3455 2249 3722 2316 συνεχῶς,

2152 2344 2248 2396 καὶ
2268 2345 2402 2412 ταχῦ
2433 2342 2871 2411 ἐξανιστάμενος,
2901 2343 3076 2393 ἐκεῖνο
3106 2341 3203 2410 μὲν
3231 2339 3334 2408 γῆς
3363 2339 3456 2391 καὶ
3482 2339 3561 2398 είς
3589 2337 3720 2406 γῆν,

2152 2436 2310 2488 τοῦτο
2345 2435 2400 2488 δὲ
2431 2429 2518 2487 οἷα
2555 2436 2648 2488 καὶ
2685 2433 2851 2501 φυτὸν
2893 2433 3397 2501 πεφιλοσοφημένος
3441 2431 3720 2500 οὐράνιον.

2153 2525 2261 2578 Καὶ
2285 2522 2428 2592 εἶχον
2457 2524 2618 2577 αὑτὸν
2642 2524 2674 2592 ἡ
2704 2523 2926 2592 τοιαύτη
2954 2521 3133 2590 πυκνὴ
3161 2521 3389 2574 εὐκταία
3418 2521 3629 2582 πτώσίς
3662 2536 3722 2572 τε

2155 2618 2248 2668 καὶ
2272 2616 2564 2677 ἀνάστασις
2595 2617 2689 2667 καὶ
2721 2615 2906 2683 σχεδόν
2931 2631 2985 2666 τι
3024 2615 3118 2667 καὶ
3147 2612 3268 2684 δίχα
3299 2615 3460 2666 πόνου
3478 2629 3492 2642 ο
3521 2612 3580 2663 τὸ
3611 2613 3725 2680 γὰρ

2153 2707 2212 2770 ἐξ
2232 2707 2556 2776 ἐγρκατείας
2585 2707 2913 2777 ύπέρισχνον
2947 2706 3048 2775 τῆς
3085 2707 3285 2775 σαρκὸς
3317 2705 3454 2774 ταχὺ
3492 2706 3588 2772 τῆς
3619 2705 3725 2773 γῆς

2153 2795 2423 2849 άπανίστα
2454 2797 2543 2850 τὸν
2580 2795 2756 2863 ἅγιον,
2788 2796 2863 2858 ὡς
2902 2795 3294 2864 εὐπετέστερον
3323 2793 3461 2848 εἶναι
3491 2794 3587 2846 τοῦ
3618 2813 3726 2848 κα-

2153 2888 2470 2956 τακλιθῆναι
2498 2887 2558 2940 τὸ
2580 2887 2892 2952 ἀνανεῦσαι,
2925 2887 3066 2940 καθά
3094 2904 3194 2940 που
3214 2886 3308 2940 καὶ
3337 2886 3499 2949 θάλος
3523 2886 3729 2954 εύφυές

2156 2979 2330 3052 βραχύ
2352 2998 2402 3033 τι
2428 2980 2605 3050 κύψαν
2631 2982 2694 3032 ἐκ
2721 2979 3054 3047 καταπνοῆς,
3078 2976 3196 3032 εἶτα
3219 2978 3411 3032 θᾶττον
3433 2979 3728 3048 ἀνατρέχει

2156 3075 2290 3139 πρῖις
2317 3072 2374 3125 τὸ
2404 3072 2555 3124 εὐθύ.

2229 3162 2292 3216 θ’.
2328 3162 2392 3212 Τί
2418 3160 2473 3213 δὲ
2501 3160 2636 3212 ἀλλά
2659 3161 2757 3225 τὴν
2791 3160 2967 3228 σάρκα
2997 3157 3296 3221 ὑποκενῶν,
3329 3157 3424 3211 καὶ
3449 3159 3530 3220 εἰς
3552 3157 3732 3226 λαγα-

2162 3255 2262 3323 ρὰν
2283 3251 2685 3314 ἀποκαθιστῶν,
2707 3251 3102 3321 ἐχρηματίζετο
3121 3251 3293 3311 ἄλλως
3314 3249 3562 3301 ἐντεῦθεν
3583 3251 3730 3303 κατά

2156 3346 2283 3406 τοὺς
2315 3343 2606 3412 κίμϐικας,
2645 3343 2741 3395 καὶ
2772 3342 2870 3412 τὴν
2907 3342 3187 3410 σύμφυτον
3222 3341 3507 3410 ἀποθήκην
3540 3341 3730 3395 διάκε-

2157 3454 2247 3490 νον
2277 3435 2486 3503 ἀφιεὶς,
2525 3435 2836 3498 ἀνεπλήρου
2871 3435 2970 3502 τὴν
3003 3432 3107 3496 ἔξω
3136 3433 3231 3485 καὶ
3266 3431 3562 3501 πρόσθετον
3587 3471 3604 3495 ,
3640 3433 3734 3484 καί

2160 3545 2262 3582 που
2302 3530 2397 3582 καὶ
2427 3527 2675 3580 καθελεῖν
2705 3526 2875 3596 αὐτὴν
2910 3525 3141 3595 ἐμελέτα
3173 3526 3264 3578 καὶ
3295 3527 3568 3594 ἀνεγεῖραι
3609 3526 3735 3593 μεί-

2159 3622 2318 3687 ζονα;
2361 3621 2661 3690 υῦμενουν.
2709 3619 2848 3671 Ἀλλ’
2881 3619 2915 3687 ἡ
2970 3619 3066 3686 μὲν
3112 3619 3184 3686 γῆ
3236 3617 3332 3670 καὶ
3380 3619 3408 3668 6
3453 3616 3512 3680 ἐξ
3552 3617 3734 3685 αὐτῆς

2160 3714 2386 3775 πλοῦτος
2414 3711 2558 3780 καὶὴ
2587 3711 2743 3779 λοιπὴ
2769 3709 2914 3762 κατά
2941 3709 3056 3777 βίον
3087 3707 3329 3778 μέθοδος,
3355 3707 3736 3777 εύλογουμένη

2160 3807 2310 3878 παρά
2339 3805 2496 3868 Θεοῦ,
2529 3805 2720 3874 μεστὸν
2747 3804 2904 3856 αὐτον
2935 3803 3110 3855 ἐποίει
3144 3803 3386 3867 πάντων,
3416 3801 3514 3854 ὅσα
3543 3819 3736 3870 μακα-

2163 3900 2321 3970 ριστά
2351 3901 2463 3960 τοῖς
2494 3897 2625 3966 περὶ
2654 3900 2756 3965 γῆν
2781 3912 2794 3926 ·
2825 3895 2886 3947 τὸ
2910 3895 2968 3947 δὲ
2999 3894 3315 3947 κοινωνικὸν
3343 3895 3438 3946 καὶ
3461 3893 3736 3962 φιλάλλη-

2161 3993 2250 4044 λον
2297 3993 2392 4045 κα“ι
2438 3989 2842 4058 φιλάνθρωπον,
2894 3989 2959 4056 τῇ
3000 3984 3330 4054 εὐαγγελικῇ
3383 3986 3736 4055 παραγγελία

2162 4081 2601 4155 προσαυξόμενον
2626 4080 2692 4132 δι’
2721 4075 2788 4149 ἧς
2809 4078 3164 4150 προκαλεῖται
3193 4078 3221 4129 6
3243 4077 3489 4145 ἐχέφρων
3515 4075 3735 4143 ἀνθρω-

2163 4192 2262 4238 πος
2285 4213 2298 4236 ,
2330 4171 2678 4226 ἀποτίθεσθαι
2706 4171 2794 4222 τὸν
2839 4168 3094 4236 περιττὸν
3130 4168 3186 4218 ἐν
3223 4165 3326 4234 βίῳ
3368 4167 3599 4236 φόρτον,
3642 4166 3735 4218 καὶ

2161 4263 2473 4318 ἀνατιθέναι
2501 4263 2758 4330 πτωχοῖς,
2780 4261 2873 4311 καὶ
2897 4257 3038 4310 οὕτω
3067 4257 3352 4326 γινόμενον
3377 4256 3622 4319 εὔζωνον
3653 4262 3736 4320 εἰς

2158 4356 2277 4408 ὁδὸν
2308 4355 2475 4416 θείαν,
2511 4350 2606 4405 καὶ
2637 4349 2854 4417 ἀληθῶς
2881 4349 3116 4411 εὐθεῖαν,
3148 4351 3196 4401 εί
3229 4350 3320 4401 καὶ
3341 4349 3500 4402 ἀλλον
3528 4351 3737 4417 τρόπον

2159 4447 2418 4516 τραχεῖαν
2450 4444 2518 4498 τά
2570 4441 2689 4495 κατ’
2717 4440 2888 4510 ἀρχὴν
2920 4442 3032 4502 τοῖς
3081 4440 3359 4508 ἑλομένοις
3409 4438 3738 4491 ἀκολουθεῖν

486 4545 736 4596 caeteros,
771 4539 825 4583 et
858 4543 918 4583 ea
955 4540 1074 4596 qua:
1107 4539 1173 4577 ex
1211 4522 1304 4576 Dei
1337 4521 1560 4576 sortitus
1588 4529 1706 4574 erat
1741 4517 2052 4570 muuiﬂceu-

2163 4537 2554 4606 προηγουμένῳ
2583 4533 2661 4604 τῷ
2682 4534 2799 4602 Θεῷ
2827 4535 2906 4596 εἰς
2934 4535 3003 4586 τὰ
3037 4532 3320 4602 κρείττονα
3340 4570 3355 4595 ,
3388 4531 3608 4584 ἔπειθον
3641 4533 3736 4585 τὸν

486 4631 562 4684 tia
606 4625 929 4681 transferret
977 4620 1029 4671 iu
1080 4615 1428 4677 consimiles,
1481 4623 1535 4666 et
1591 4611 1785 4665 talibus
1849 4610 2058 4664 horreis

488 4723 757 4789 (ventrem
821 4715 944 4768 dico
1009 4704 1342 4780 pauperum)
1402 4706 1647 4758 crederet
1720 4715 2059 4770 quzecuuque

488 4810 634 4863 Deus
665 4807 886 4874 largiter
920 4799 1320 4869 suppeditabat.
1353 4795 1417 4846 Et
1461 4799 1562 4847 hoc
1588 4803 1708 4848 erat
1746 4794 1901 4860 quasi
1938 4790 2057 4841 fuas

487 4900 744 4973 perennis
771 4909 821 4951 et
847 4898 1047 4966 jugitcr
1078 4892 1321 4944 elllut-ns.
1354 4886 1730 4940 Scaturiebant
1761 4884 1903 4936 enim
1932 4896 2057 4935 san-

488 5001 580 5048 cto
615 5005 680 5044 ex
713 4987 939 5041 infinitis
976 4984 1066 5036 Dei
1111 4979 1377 5034 thesauris
1409 4975 1592 5039 utilia;
1633 4975 1720 5028 ille
1753 4989 1880 5026 Vero
1921 4987 2053 5041 puu-

489 5086 570 5140 cis
611 5083 665 5137 in
706 5093 905 5134 terram
943 5089 1118 5135 suum,
1142 5085 1385 5135 carnem,
1419 5068 1639 5131 infusis,
1669 5077 1928 5134 qmtutum
1969 5081 2055 5118 sa-

486 5179 560 5233 tis
592 5183 710 5232 erat
739 5181 796 5224 ut
827 5169 1228 5221 hutncctaretur
1259 5171 1312 5216 et
1344 5163 1507 5216 herba
1542 5161 1722 5213 virens
1765 5159 2058 5226 repullula-

485 5281 591 5336 ret,
645 5264 858 5337 qualem
909 5271 1124 5326 quoque
1179 5257 1368 5310 beatus
1419 5254 1584 5306 David
1622 5253 1818 5319 diligit,
1859 5252 1908 5303 iu
1965 5250 2053 5303 la“

491 5363 746 5416 nimirum
790 5367 933 5410 terra
969 5348 1160 5403 ﬂorida
1199 5363 1228 5399 a
1270 5347 1380 5401 Deo
1407 5345 1757 5409 constitutus,
1791 5344 2053 5410 reliquum

487 5453 686 5504 tontem
719 5446 925 5502 dimisit
957 5447 1014 5493 ut
1045 5436 1450 5507 piuguefacerct
1486 5436 1589 5487 alia
1620 5435 1759 5496 loca,
1793 5443 1845 5486 «ιι
1879 5434 2053 5485 solve-

488 5551 572 5594 ret
597 5543 892 5594 siccitatem
924 5551 1084 5606 quam
1121 5533 1345 5602 penuria
1391 5530 1722 5599 pauperibus
1767 5526 1956 5596 gignit.
1990 5528 2055 5578 Et

488 5632 603 5684 lucc
633 5632 770 5684 doua
813 5647 908 5685 uec
937 5628 1190 5684 simulate
1228 5626 1295 5678 ab
1321 5623 1410 5676 illo
1439 5622 1636 5673 fiebant
1666 5620 1788 5688 (uisi
1822 5620 1943 5685 quis
1969 5621 2052 5671 di-

487 5732 574 5776 cat
611 5735 731 5774 eum
763 5726 850 5789 qui
877 5725 1006 5776 exiit
1027 5723 1300 5776 scminarc
1331 5732 1514 5772 scmcn
1545 5729 1701 5768 suum
1735 5712 1934 5781 palam,
1960 5727 2053 5780 spe

487 5813 708 5886 majoris
755 5829 783 5864 a
817 5812 926 5866 Deo
955 5813 1311 5880 colica-tionis,
1348 5808 1597 5865 simulate
1635 5804 1920 5874 seminare)
1960 5819 2051 5858 nc-

2161 4630 2314 4694 ἂγιον
2339 4667 2352 4685 .
2382 4628 2442 4690 ἐξ
2477 4627 2638 4680 αὑτοῦ
2677 4626 2877 4677 κλίνειν
2906 4627 2986 4686 είς
3023 4626 3245 4693 ἐτέρους
3272 4623 3333 4675 τὸ
3364 4622 3564 4688 ἀγαθὸν
3586 4661 3602 4684 ,
3635 4627 3737 4675 καὶ

2161 4720 2221 4770 τὸ
2268 4720 2329 4770 ἐκ
2361 4716 2496 4769 Θεοῦ
2535 4717 2880 4784 φιλοτίμημα
2909 4715 3169 4783 μετάγειν
3210 4716 3289 4774 εἰς
3333 4714 3391 4764 τὸ
3429 4710 3736 4780 ὁμόφυλον,

2163 4811 2256 4861 καὶ
2281 4809 2555 4870 τοιαύταις
2573 4807 2878 4875 ἀποθήκαις
2894 4805 3184 4874 (γαστέρες
3198 4805 3252 4856 δὲ
3272 4799 3434 4857 αὗται
3457 4804 3737 4870 πενήτων)

2161 4901 2453 4966 πιστεύειν,
2477 4902 2576 4952 ὅσα
2616 4903 2643 4950 6
2691 4899 2824 4958 Θεὸς
2872 4897 3296 4964 ἐνεδαψιλεύετο.
3327 4894 3434 4948 Καὶ
3474 4889 3542 4962 ἦν
3572 4892 3740 4945 τοῦτο

2161 4991 2343 5060 πηγῆς
2385 4990 2604 5042 ἀεννάου
2646 4990 2741 5040 καὶ
2789 4987 3099 5057 ἀπορρύτου
3138 4985 3383 5054 μίμημα.
3440 4981 3739 5046 Ἀνέδλυζε

2164 5081 2260 5149 μὲν
2290 5080 2398 5147 γὰρ
2421 5077 2496 5148 τῷ
2512 5077 2649 5144 ἁγίῳ
2676 5079 2736 5128 ὲκ
2765 5076 2873 5127 τῶν
2901 5075 3154 5126 ἀϐύσσων
3203 5074 3295 5125 τοῦ
3325 5071 3460 5124 Θεοῦ
3491 5073 3741 5139 ταμείων

2159 5170 2227 5222 τά
2275 5167 2479 5238 λῲοναο
2512 5171 2539 5220 6
2563 5168 2619 5220 δὲ
2665 5167 2821 5234 ὀλίγα
2861 5167 2926 5234 τῇ
2958 5166 3087 5233 περὶ
3125 5164 3286 5217 αὑτὸν
3318 5166 3412 5232 γῇ.
3440 5163 3505 5230 τῇ
3539 5161 3740 5230 σαρκὶ,

2162 5265 2406 5329 ἐπιχέας,
2446 5261 2524 5320 εἰς
2554 5259 2675 5311 ὅσον
2706 5257 3045 5326 ὑγράνασθαι
3074 5258 3134 5308 τὸ
3178 5257 3386 5316 ίκανὸν,
3425 5254 3522 5306 καὶ
3564 5254 3742 5322 χλόην

2158 5352 2446 5419 ἀναθῆλαι,
2473 5351 2662 5402 ὁποίαν
2691 5351 2785 5402 καὶ
2812 5351 2840 5400 6
2873 5350 3141 5418 μακάριος
3168 5347 3328 5401 Δαυῖδ
3356 5348 3573 5416 ἀγαπᾷ,
3601 5363 3741 5415 σκη-

2158 5445 2373 5504 νοῦντος
2408 5442 2570 5493 αὑτὸν
2607 5441 2700 5492 τοῦ
2731 5439 2864 5492 Θεοῦ
2898 5442 2978 5502 είς
2999 5441 3164 5492 τόπον
3193 5439 3433 5492 τοιοῦτον
3467 5437 3697 5506 χλοερὸν
3721 5477 3736 5498 ,

2156 5535 2216 5585 τὸ
2258 5533 2441 5584 λοιπὸν
2468 5534 2564 5599 τῆς
2601 5531 2781 5598 πηγῆς
2809 5530 3110 5598 ἐξέπεμπε,
3144 5532 3375 5582 πιαίνειν
3403 5527 3470 5579 τά
3504 5526 3737 5594 ἐφεξῆς,

2157 5624 2255 5675 καὶ
2282 5623 2428 5672 λύειν
2457 5623 2688 5690 αὐχμδν,
2725 5623 2910 5672 ὁποῖον
2941 5625 2972 5688 ἡ
3015 5622 3174 5672 πενία
3202 5625 3310 5679 τοῖς
3343 5618 3574 5670 ενὸεέσιν
3604 5632 3734 5666 επι-

2153 5717 2468 5784 ψηφὶςετιι.
2514 5719 2619 5768 Καὶ
2657 5718 2689 5784 ἡ
2722 5715 2945 5782 τοιαύτη
2975 5715 3118 5776 δόσις
3167 5713 3318 5782 αὐτῷ
3347 5713 3554 5779 ἐγίνετο
3599 5709 3659 5759 οῦ
3679 5727 3736 5760 τε

2156 5808 2522 5878 ὑποκριτικῶς
2553 5809 2616 5877 με
2648 5813 2814 5878 μήτις
2846 5807 2936 5858 καὶ
2967 5806 3056 5858 τὸν
3083 5805 3361 5869 ἐξελθόντα
3393 5809 3611 5870 animi.
3636 5813 3739 5852 τον
