4012 6226
313 300 415 363 149

1236 304 1630 367 LAUDATIO
1660 305 1719 367 S.
1765 303 2193 365 PHILOTHEI
2234 303 2639 367 OPSICIANI.

3448 296 3585 362 150'

298 416 499 481 σπόρον
532 414 702 469 αὐτοῦ
733 415 815 480 είς
845 415 1070 487 ἐπόψιον
1107 418 1283 472 ἑλπίδι
1313 402 1653 492 συγκομιδῆς
1682 419 1864 474 πλείο·
1895 427 1911 477 Α

2014 430 2073 502 tte
2125 435 2285 489 parca
2341 438 2525 476 manu.
2584 420 2663 478 Ne
2705 417 2956 474 venulam
3010 416 3225 487 quidem
3260 422 3421 470 terra:
3458 430 3557 468 aut.

297 524 384 570 νος
413 509 514 579 τῆς
538 508 627 562 διὰ
643 509 807 575 Θεοῦ,
837 510 1109 580 προφάσει
1138 511 1281 576 λέξει
1308 515 1735 585 σπείρειν),ούὸὲ
1768 516 1876 587 μὴν

298 603 642 673 πεφιισμένῃ
676 604 841 673 χειρί.
873 605 988 658 Ούκ
1011 605 1187 670 ὶφίλει
1216 606 1328 677 γάρ
1356 608 1480 661 οὐδὲ
1527 608 1746 677 φλέϐιον
1775 611 1877 679 γῆς

298 693 332 761 ἢ
386 694 596 764 πέτρας
637 696 843 765 ἰσχνὸν,
887 698 967 759 τις
994 698 1119 750 ὅσον
1165 699 1240 770 μὴ
1277 700 1540 772 προρρἑι
1581 702 1879 774 θεραπείαν

297 785 507 854 δίψους.
550 786 725 855 ’Δπῆν
753 787 812 840 δὲ
853 789 1064 843 ἐκείνου
1114 792 1213 845 καὶ
1263 792 1326 846 τὸ
1357 793 1418 846 ἐν
1459 796 1575 857 τοῖς
1616 794 1879 858 τοιούτοις

296 877 520 946 ἄγριον.
544 876 831 931 Μετεδίδου
859 880 969 950 γὰρ
991 881 1131 951 μετὰ
1154 883 1494 954 ἱλαρότητος,
1514 885 1707 939 ὁποίαν
1737 887 1883 956 φιλεῖ

309 968 478 1031 Θεὸς,
513 970 541 1021 6
578 969 671 1022 καὶ
702 968 1080 1043 ἐλεημοσύνην
1111 974 1341 1042 ἀγαπῶν
1386 978 1482 1030 καὶ
1508 977 1666 1047 δότην
1701 978 1766 1031 οὐ
1792 979 1882 1032 τὸν

295 1059 516 1122 ἁπλῶς,
546 1061 684 1114 ἀλλὰ
710 1062 804 1115 τδν
829 1062 1040 1135 ἱλαρόν.
1068 1067 1184 1120 Kal:
1208 1061 1279 1139 ἦν
1307 1068 1402 1122 καὶ
1427 1069 1590 1132 αὐτὸς
1610 1067 1882 1149 abstulita-

297 1153 470 1223 ταμδς
499 1154 899 1225 ιλεημοσύνης,
931 1157 1142 1226 κροτῶν
1168 1159 1315 1231 χειρὶ⁸
1344 1161 1486 1213 κατὰ
1514 1160 1608 1214 τὸν
1638 1160 1885 1232 Ψαλμῳ-

300 1247 404 1300 δὸν.
443 1246 678 1316 Ἐχαιρι
708 1247 819 1316 γάρ
851 1247 1042 1313 mam,
1074 1248 1171 1302 καὶ
1197 1248 1275 1311 ὡς
1299 1243 1413 1304 οἷον
1436 1252 1649 1321 ἐκρότει
1679 1253 1886 1324 χαρμό-

304 1354 484 1398 συνον,
535 1338 601 1389 ού
625 1337 877 1409 δαπανᾷν
907 1339 1105 1405 δοκῶν,
1157 1344 1250 1395 καὶ
1282 1344 1345 1395 τὸ
1386 1346 1635 1414 ταμιεῖον
1662 1347 1886 1415 ἀφιέναι

302 1431 479 1491 κενὸν,
531 1429 672 1483 ἀλλὰ
724 1431 1139 1499 πλουτίζεσθαι,
1191 1434 1285 1489 καὶ
1334 1436 1535 1505 μεστὸς
1583 1432 1749 1504 εῖναι,
1801 1431 1891 1491 οἷα

301 1519 619 1590 ἀναπληροῖ
669 1521 800 1585 τοὺς
852 1523 1186 1599 χρῄζοντας,
1238 1526 1299 1579 τὺ
1345 1526 1405 1580 δὲ
1454 1526 1641 1598 μεῖζον
1689 1530 1889 1592 εἰπεῖν,

303 1611 435 1673 Θεὸς
471 1613 753 1680 γίνεσθαι,
768 1616 933 1687 ειπερ
962 1616 992 1670 ὁ
1024 1617 1336 1688 εὐεργετῶν
1362 1619 1495 1673 Θεὸν
1530 1622 1786 1691 μιμεῖται
1814 1624 1893 1685 είς

303 1701 557 1771 δύναμιν.
597 1702 816 1770 Μᾶλλον
853 1707 958 1775 μὲν
1001 1707 1096 1762 οὖν
1134 1711 1301 1773 αὐτὸς
1340 1712 1644 1780 ὴγαλλιᾶτο
1676 1715 1889 1778 διδοὺς,

1983 520 2149 579 petrae
2179 524 2392 568 tenuem
2424 512 2665 579 amabat,
2701 510 2805 567 nisi
2847 510 2899 564 in
2933 507 3055 564 sitis
3093 505 3391 561 remedium
3423 519 3556 573 pro-

1983 603 2195 660 ﬂueret.
2231 601 2421 673 Neque
2439 605 2492 658 in
2526 605 2610 658 his
2646 601 3050 674 asperitas’ulla
3081 597 3397 668 apparebat.
3440 594 3557 649 Da-

1982 699 2075 752 bat
2109 700 2252 752 enim
2285 713 2405 752 cum
2438 697 2736 763 hilaritate,
2765 695 2981 765 qualem
3017 693 3160 748 Deus
3216 687 3417 757 diligit,
3462 686 3555 757 qui

1984 790 2383 861 eleemosynam
2438 796 2587 844 amat
2644 797 2701 844 et
2752 786 3022 852 datorem,
3078 798 3186 837 non
3235 778 3558 850 simpliciter

1984 883 2227 954 quidem,
2259 884 2352 939 sed
2382 881 2635 937 hilarem.
2667 880 2856 949 Itaque
2886 879 3003 947 ipse
3036 885 3154 931 erat
3181 876 3381 929 numen
3419 872 3559 928 elee-

1987 988 2247 1046 mosynte,
2278 974 2542 1043 plaudens
2566 986 2752 1036 mauu,
2772 969 2933 1042 juxta
2964 966 3308 1023 Psalmistam
3334 966 3381 1020 ⁸.
3404 962 3555 1019 Gau-

1987 1067 2147 1123 debat
2194 1067 2338 1123 enim
2387 1067 2677 1129 miserans,
2731 1073 2787 1118 et
2844 1061 2961 1117 fere
3015 1074 3138 1115 eum
3194 1054 3561 1113 exsultatione

1988 1159 2305 1233 plaudebat,
2346 1173 2451 1213 non
2475 1156 2775 1227 dilapidare
2804 1153 3021 1211 divitias
3050 1152 3152 1207 sibi
3180 1150 3327 1205 visus
3372 1157 3429 1205 et
3457 1161 3557 1201 va-

1988 1266 2148 1307 cuum
2205 1250 2480 1305 dimittere
2533 1249 2871 1311 thesaurum,
2932 1243 3027 1301 sed
3062 1243 3217 1299 dives
3272 1249 3330 1297 et
3368 1239 3579 1310 plenus-

1989 1358 2132 1409 esse,
2171 1344 2300 1398 dum
2359 1350 2585 1412 egentes
2636 1339 2910 1409 impleret,
2943 1344 2999 1390 et
3037 1343 3095 1389 ut
3142 1333 3317 1402 majus
3359 1329 3583 1390 dicam..

1991 1436 2137 1491 Deus
2176 1435 2318 1497 ﬁeri,
2357 1435 2403 1488 si
2433 1432 2653 1503 quidem
2682 1431 2775 1501 qui
2813 1428 3093 1484 beneficus
3123 1435 3209 1481 est
3237 1424 3402 1478 Deum
3438 1420 3564 1475 imi-

1995 1538 2141 1583 tatur
2192 1536 2459 1596 quautum
2508 1526 2561 1579 in
2599 1539 2659 1578 se
2689 1531 2793 1578 est.
2826 1514 2998 1591 Magis
3053 1518 3219 1589 igitur
3255 1513 3572 1571 exsultabat

1994 1620 2111 1691 ipse
2139 1621 2297 1684 dans,
2329 1631 2490 1687 quam
2515 1614 2698 1686 quivis
2726 1613 2866 1667 alius
2894 1610 3206 1679 accipiens;
3234 1618 3288 1661 et
3327 1606 3421 1671 hic
3445 1603 3573 1657 linis

1998 1713 2307 1768 divitiarum
2332 1719 2454 1766 erat
2479 1710 2552 1776 ci,
2578 1708 2686 1763 Deo
2713 1706 3004 1768 faenerare,
3027 1700 3119 1771 qni
3144 1699 3336 1754 millies
3362 1695 3566 1750 [tenera

307 1795 453 1864 ἢπερ
472 1795 639 1861 ἄλλος
662 1814 750 1860 τις
766 1798 1063 1870 λαμϐάνων
1080 1817 1099 1834 ⁸
1122 1804 1218 1857 καὶ
1246 1799 1315 1875 ἦν
1342 1805 1468 1876 ὅρος
1486 1805 1637 1877 αύτῷ
1659 1806 1895 1861 πλούτου
1925 1782 1970 1841 Β
2000 1807 2196 1862 reddit.

306 1888 372 1937 τὸ
398 1885 678 1949 δανείζειν
704 1889 849 1959 Θεῷ,
871 1883 934 1943 οὗ
971 1894 1293 1964 μυριότοκος
1321 1898 1353 1967 ἠ
1378 1898 1757 1963 άνταπόδοσις.

379 1976 459 2046 ι’.,
473 1980 589 2032 Καὶ
618 1978 766 2035 οὕτω
791 1983 895 2052 μὲν
915 1983 1078 2048 αὐτὸς
1110 1985 1230 2056 βίου
1261 1989 1531 2059 πορισμὸν
1549 1989 1611 2043 τδ
1630 1990 1899 2046 άποϐιοῦν

2074 1988 2165 2045 10.
2202 1986 2280 2043 ita
2317 1986 2437 2056 ipse
2470 1986 2591 2040 vitm
2622 1984 2829 2039 lucrum
2871 1977 3148 2051 judicabat
3174 1971 3349 2031 emori
3383 1969 3571 2025 fratri-

310 2072 416 2134 τοῖς
450 2071 706 2141 ἀδελφοῖς
736 2076 975 2146 ικρινεν,
1014 2079 1095 2140 εἰς
1120 2079 1259 2132 Θεοῦ
1295 2081 1481 2152 κρίνον
1512 2083 1897 2155 άποκοιθιστᾷν

2014 2087 2126 2146 bus,
2158 2082 2391 2152 epinans
2434 2079 2671 2147 seipsum
2718 2082 2977 2134 statuere,
3017 2068 3110 2123 Dei
3160 2066 3353 2128 lilium,
3386 2063 3431 2116 si
3473 2075 3573 2116 co-

311 2162 505 2217 ιαυτδν
532 2167 928 2234 γνωματεύων,
961 2169 1123 2240 εἴπερ
1152 2172 1332 2225 ὲνδύει
1361 2174 1629 2241 γυμνοὺς,
1666 2175 1764 2227 καὶ
1802 2175 1902 2228 πό-

2014 2176 2240 2246 operiret
2292 2170 2486 2234 nudos,
2537 2169 2702 2238 pedes
2767 2166 2834 2219 ad
2888 2158 3165 2229 Evangelii
3197 2156 3340 2210 viam
3389 2162 3577 2223 aptare

313 2255 405 2317 δας
423 2256 727 2320 εύθετίζειν
744 2260 824 2322 είς
842 2261 1181 2330 Εύαγγελίου
1211 2264 1332 2318 ὀδδν
1356 2265 1684 2334 μεθοδεύων,
1707 2269 1755 2320 εἰ
1776 2268 1902 2329 τοὺς

2014 2266 2296 2331 ιιιειιίιοιιε,
2327 2263 2373 2319 si
2408 2261 2863 2318 discalceatorum
2903 2254 3067 2324 pedes
3112 2255 3356 2314 ornaret,
3390 2259 3573 2301 escam

317 2347 689 2411 ἀνυποδὲτους
713 2352 1084 2422 περιστέλλει,
1118 2358 1212 2409 καὶ
1232 2332 1431 2428 βρῶμα
1456 2357 1812 2427 λογιζόμενος
1830 2362 1906 2413 ol-

2014 2355 2113 2411 sibi
2152 2355 2467 2409 ministrare
2513 2364 2571 2404 se
2598 2357 2819 2417 putans,
2852 2345 2897 2400 si
2930 2342 3083 2396 utilia
3122 2339 3387 2411 praeberet
3431 2332 3577 2388 indi-

323 2441 491 2503 κεῖον,
537 2441 588 2494 εί
633 2448 867 2511 χορηγεῖ
906 2447 1021 2509 τοῖς
1061 2425 1458 2517 δεομένοιςγτά
1509 2425 1782 2521 χρήσιμα,
1815 2452 1907 2504 καὶ

2014 2448 2286 2519 gentibus,
2318 2453 2372 2499 et
2414 2441 2773 2512 apostolicum
2805 2436 2886 2491 sic
2925 2431 3228 2501 aditnplens
3263 2425 3577 2483 tuandatnm

321 2529 500 2595 οὕτως
530 2534 826 2603 ικπληρῶν
857 2537 953 2589 καὶ
981 2537 1143 2601 αὐτὸς
1172 2518 1559 2607 άποστολικῶς
1681 2518 1809 2598 πᾶσι
1839 2546 1907 2598 τὰ

2014 2518 2070 2595 ut
2108 2538 2289 2595 omnia
2321 2534 2580 2591 omnibus
2630 2531 2843 2585 ﬁamus.
2870 2525 3137 2594 Quoniam
3180 2531 3359 2576 autem
3398 2518 3581 2572 multa:

324 2621 509 2675 tina.
537 2623 816 2691 γίνεσθαι.
861 2626 1018 2680 Ἐπεὶ
1049 2630 1107 2682 δὲ
1143 2630 1336 2685 πολλαὶ
1364 2634 1474 2686 ὁδοὶ
1506 2636 1645 2703 πρὸς
1679 2638 1779 2705 τὴν
1810 2637 1908 2707 τῆς

2014 2641 2139 2686 sunt
2184 2629 2285 2684 vim
2335 2627 2401 2681 ad
2434 2623 2653 2678 virtutis
2683 2635 2891 2683 arcem,
2941 2631 3107 2687 quam
3138 2626 3365 2681 magnus
3396 2607 3582 2664 Philo—

325 2712 535 2782 ἀρετῆς
568 2714 892 2785 ἀκρόπολιν,
922 2719 1000 2781 είς
1033 2718 1102 2790 ἢν
1128 2722 1287 2775 ὁποῖα
1314 2724 1409 2775 καὶ
1427 2702 1565 2777 Θεού
1595 2702 1778 2794 ὅρος-ὁ
1809 2702 1911 2796 μέ-

2015 2724 2172 2781 theus
2204 2717 2511 2783 all‘ectabat,
2544 2714 2610 2768 ad
2637 2711 2779 2767 illam
2810 2719 3067 2778 tanquam
3109 2705 3177 2757 ad
3213 2702 3308 2755 Dei
3341 2709 3577 2754 montem

324 2819 429 2869 γας
464 2803 723 2867 Φιλόθεος
767 2788 1068 2863 ἀνατείνων
1112 2812 1239 2877 τοὺς
1286 2788 1641 2885 ὀφθαλμοὺς,
1676 2818 1771 2870 καὶ
1809 2788 1911 2889 τὴν

2016 2830 2208 2872 manus
2235 2810 2533 2869 extendens
2562 2817 2618 2863 et
2647 2804 2771 2860 inde
2816 2803 3079 2856 invocans
3111 2794 3395 2858 auxilium,
3416 2801 3471 2846 et
3515 2788 3581 2843 ad

325 2894 544 2948 ἐκεῖθεν
590 2895 850 2966 βοήθειαν
902 2902 1371 2973 προκαλούμενος,
1415 2907 1591 2976 αὐτῆς
1640 2885 1911 2980 ἐγλίχετο,

2016 2925 2134 2967 eam
2228 2904 2522 2962 ascendere
2565 2896 2875 2955 omnimodo
2917 2900 3168 2960 satagens
3218 2885 3455 2959 (videtur
3485 2897 3580 2936 au-

327 2986 424 3037 καὶ
468 2986 577 3056 τὴν
600 2989 725 3041 ἐκεῖ
758 2991 1026 3047 ἀνάϐασιν
1064 2995 1152 3049 διὰ
1193 2997 1412 3053 πάντων
1456 3001 1911 3073 ἐπραγματεύετο

2019 3012 2129 3059 tem
2180 2998 2450 3070 plerisque
2496 3005 2754 3062 superare
2801 2986 2938 3041 alias
2997 2980 3296 3037 mouastica
3359 2986 3417 3032 ει
3445 2989 3584 3044 pau—

330 3077 504 3145 (δοκεῖ
530 3078 591 3178 se
613 3084 729 3178 τοῖς
758 3085 1007 3140 πλείοσιν
1027 3086 1324 3159 ὑπερέχειν
1353 3092 1461 3145 τῶν
1686 3097 1714 3149 ὁ
1749 3098 1911 3165 μονή-

2019 3111 2116 3168 per
2165 3065 2300 3157 vita,
2333 3104 2440 3161 qua
2494 3084 2631 3140 nihil
2682 3077 2919 3152 possidet
2959 3077 3144 3139 homo,
3190 3072 3285 3127 sed
3336 3065 3586 3140 quemvis

334 3186 434 3239 ρης
477 3172 576 3224 καὶ
621 3173 916 3246 ἀπέριττος
961 3178 1096 3248 βίος,
1132 3182 1227 3235 καὶ
1275 3183 1336 3236 τὸ
1383 3184 1553 3255 μηδὲν
1593 3163 1761 3258 ἔχειν,
1800 3163 1911 3244 ἀλλ’

2021 3163 2188 3243 alium
2220 3192 2475 3251 tanquam
2506 3176 2745 3246 seipsum
2775 3169 3119 3231 considerat;
3147 3163 3378 3231 ideoque
3406 3171 3587 3214 reces-

331 3259 570 3314 ἕκαστον
594 3263 889 3336 ἄνθρωπον
920 3270 1084 3339 μόνον
1107 3272 1301 3326 ἑαυτὸν
1329 3253 1757 3334 ἐπισκέπτεσθαι
1780 3298 1792 3311 ⁸
1822 3284 1911 3337 καὶ

2023 3295 2119 3337 sus
2144 3286 2209 3333 ‘et
2258 3270 2489 3329 solitarii
2539 3273 2852 3335 quwruntur
2886 3260 3012 3324 loci,
3066 3256 3325 3325 inultiqne
3374 3253 3427 3308 in
3462 3265 3585 3320 spe-

336 3350 431 3403 sta
466 3353 627 3408 τοῦτο
669 3358 716 3408 οὶ
761 3359 1253 3432 ἀνακεχωρηκότες
1304 3365 1460 3420 τόποι
1501 3371 1789 3439 ζιιτοῦνται
1822 3375 1911 3426 καὶ

2020 3368 2194 3428 lancis
2224 3363 2420 3421 nemini
2474 3360 2621 3415 umis
2656 3358 2724 3411 ob
2759 3356 2899 3409 hanc
2945 3364 3165 3407 causam
3201 3348 3409 3415 seipsos
3442 3345 3578 3397 abs-

339 3442 735 3511 ὲρημάζονται,
769 3448 953 3503 πολλοὶ
976 3452 1033 3505 δὲ
1063 3456 1167 3507 καὶ
1188 3457 1473 3527 σπηλαίοις
1609 3463 1765 3517 τοῦτο
1788 3464 1911 3518 ἑαυ-

2030 3460 2290 3520 condunt,
2355 3458 2410 3507 et
2453 3450 2508 3506 in
2556 3444 2819 3501 foramina
2859 3453 3014 3499 terra:
3067 3440 3338 3507 irrepnnt,
3384 3443 3438 3489 ct
3487 3433 3592 3486 alia

337 3535 467 3597 τοὺς
500 3537 890 3604 παραϐύουσι,
930 3546 1310 3617 κρυπτόμενοι
1349 3550 1444 3604 τὸν
1477 3552 1786 3621 ἄνθρωπον,
1826 3559 1911 3611 καὶ

2029 3562 2219 3624 agunt,
2244 3556 2303 3603 ut
2332 3547 2449 3602 l'ora
2480 3540 2745 3603 devitem,
2779 3551 2881 3591 nec
2925 3536 2976 3589 iu
3004 3535 3110 3587 vita
3142 3536 3462 3601 appareant,
3497 3542 3597 3580 nec

340 3626 424 3688 είς
451 3628 557 3697 τῆς
580 3629 725 3693 ὀπὰς
757 3633 1151 3703 παραδύονται,
1194 3641 1288 3692 καὶ⁵
1318 3640 1454 3695 ἄλλα
1478 3618 1713 3711 ποιοῦσι,
1745 3618 1815 3699 δι’
1843 3641 1911 3700 ὧν

2033 3618 2093 3701 iri
2118 3636 2533 3699 conturbatione
2565 3632 2787 3693 vivant,
2845 3624 3125 3683 societatis
3196 3631 3252 3676 et
3318 3618 3617 3673 convictus.

341 3717 739 3785 ἐκφευξοῦνται
774 3725 871 3788 τάς
899 3726 1126 3799 ἀγορὰς,
1164 3731 1259 3783 καὶ
1287 3731 1379 3785 τὸν
1408 3734 1466 3786 ἐν
1500 3734 1602 3806 βίῳ
1658 3706 1911 3808 φανητιαι

2032 3749 2273 3791 amorem
2309 3728 2751 3786 reformidantes,
2777 3718 2973 3790 quippe
3019 3715 3110 3784 qui
3145 3728 3252 3767 non
3285 3710 3459 3780 possit
3503 3706 3601 3760 ad»

344 3810 511 3913 σμδνζ
558 3811 656 3863 καὶ
692 3815 791 3913 τὴν
827 3817 1113 3886 σύγχυσιν,
1153 3822 1215 3874 τὸ
1258 3801 1537 3878 πολιτικὸν
1569 3801 1911 3896 καὶ-σύμϐιον

2034 3833 2230 3886 ducere
2285 3825 2352 3879 ad
2404 3819 2619 3890 Deum),
2656 3819 2772 3886 ipse
2812 3828 2935 3868 enm
2969 3807 3072 3862 alia
3105 3805 3270 3859 multa
3294 3801 3601 3856 ualuimus.-

2616 3911 2624 3913 μ
2718 3908 2729 3913 μ
2923 3910 2931 3913 -
3102 3897 3139 3913 .,
3412 3892 3599 3913 HL,“

344 3899 647 3967 ὀκνοῦντες
676 3906 872 3973 φιλεῖν,
904 3910 979 3974 ὼς
1013 3912 1086 3981 μὴ
1109 3912 1411 3985 δυνάμενον
1440 3919 1742 3986 προσάγειν
1758 3892 1911 3990 Θεῷ).

2034 3932 2136 3987 εει,
2168 3920 2307 3973 hanc
2338 3911 2654 3982 approbavit
2680 3908 2849 3962 vitam
2884 3910 2940 3957 et
2975 3897 3256 3964 amplexus
3281 3904 3388 3957 est,
3412 3892 3602 3945 videns

346 3995 515 4059 αὐτὸς
566 4000 661 4051 καὶ
700 4000 871 4055 τᾶλλα
915 4004 1014 4072 μὲν
1060 4004 1230 4059 πολλὰ
1268 4008 1633 4077 σκεψάμενος,
1673 4012 1911 4082 ὲπέκρινς

2039 4009 2389 4069 ascensiones
2444 4004 2498 4058 in
2550 3999 2714 4057 corde
2763 4010 2862 4053 suo
2911 3990 3202 4062 dispositas
3233 4000 3354 4042 esse
3401 3993 3463 4037 et
3509 3996 3604 4036 eas

350 4086 451 4177 καὶ
478 4087 807 4177 ἀπϐἐξατο,
838 4094 931 4145 καὶ
961 4096 1260 4158 ἀναϐάσεις
1284 4099 1343 4150 ὲν
1369 4100 1435 4169 τῇ
1455 4076 1669 4171 καρδίᾳ
1694 4076 1911 4155 διατιοει

2040 4106 2259 4177 quidem
2297 4100 2364 4153 ad
2416 4094 2737 4151 altissimam
2787 4089 3080 4150 virtutem;
3127 4095 3226 4136 nec
3272 4076 3599 4147 primitivam

356 4174 531 4270 μενας
576 4174 743 4244 εἶναι,
800 4184 893 4235 καὶ
942 4185 1081 4241 αὐτὰ
1126 4187 1264 4257 πρὸς
1311 4168 1433 4254 τὴν
1465 4168 1689 4256 ὕψιστον
1729 4193 1911 4264 ἀρετὴε

2041 4168 2259 4270 quidem
2300 4192 2462 4246 vitam
2494 4184 2733 4256 despexit
2763 4184 2917 4254 juxta
2964 4190 3130 4246 quam
3181 4184 3366 4244 patres
3412 4168 3605 4223 habui-

356 4265 702 4340 ἐθεώρησεν
739 4276 841 4328 οὐκ
869 4275 1192 4340 ὲξουδένωσε
1222 4280 1281 4334 δὲ
1319 4280 1437 4334 οὐδὲ
1465 4283 1566 4349 τὴν
1599 4261 1911 4356 προγονικῆε

2046 4261 2165 4343 mus
2194 4283 2448 4353 antiquos
2487 4277 2876 4350 progenitores.
2912 4264 3183 4338 Cogitavit
3219 4261 3364 4319 enim
3395 4269 3608 4329 specta-

360 4357 531 4432 ζωὴν,
575 4364 703 4417 καθ’
751 4365 818 4437 ἢν
851 4370 1097 4439 πατέρας
1150 4371 1386 4442 ἔσχομεν
1435 4374 1562 4438 τοὺς
1606 4377 1911 4446 ἀρχεγόνου.

2044 4380 2223 4435 culum
2269 4390 2392 4430 esse
2431 4367 2833 4442 quodammodo
2864 4365 3029 4418 vitam
3070 4368 3339 4424 nostram,
3371 4355 3608 4423 huicque

362 4456 687 4527 προπάτορα
698 4474 740 4517 ς.
772 4459 1170 4529 Συνελογίσατο
1191 4467 1322 4535 γὰρ,
1352 4465 1583 4536 Θέατρον
1604 4463 1745 4520 εἶναι
1769 4485 1819 4520 τι
1842 4485 1911 4522 κα

2042 4467 2351 4540 spectaculo
2390 4471 2724 4535 Spectatores
2761 4454 3105 4525 complodere
3151 4450 3463 4521 quicunque
3513 4460 3608 4501 so.-

363 4546 453 4597 τὺν
473 4549 600 4601 καθ’
631 4549 775 4618 ἡμᾶς
804 4550 937 4621 βίον,
971 4555 1191 4617 Οεαταίς
1214 4556 1311 4626 μὲν
1336 4559 1807 4630 συγκροτούμενον
1829 4562 1941 4623 τοῖς

370 4640 489 4695 καθ’
507 4644 743 4697 ἕκαστον
771 4647 881 4700 τῶν
907 4648 1167 4719 βιούντων
1193 4650 1516 4723 ἀνθρώπων,
1550 4653 1865 4726 ἀγωνοοέτῃ
1887 4654 1943 4707 δὲ

373 4732 645 4807 βραϐευτῇ
661 4736 770 4791 τῶν
788 4738 968 4794 άολων
981 4743 1284 4813 πρυτανευό
1291 4760 1451 4813 μενον
1475 4744 1550 4815 τῷ
1568 4745 1789 4815 μεγάλῳ
1805 4744 1942 4816 Θεῷ,

373 4825 686 4893 ἀεθλευτατς
720 4830 778 4884 δὲ
817 4833 1155 4901 πονούμενον
1192 4837 1304 4899 τοῖς
1343 4836 1458 4889 ὅσοι
1492 4836 1627 4901 ζῶσι
1659 4836 1784 4890 κατ’
1813 4839 1945 4907 ἀρε-

373 4922 487 4989 τὴν,
516 4918 601 4985 οἷς
622 4924 651 4975 ὁ
681 4922 834 4992 ἀγὼν
858 4925 920 4978 ού
945 4926 1082 4997 πρὸς
1108 4926 1337 4997 σάρκας,
1364 4925 1499 4979 ἀλλὰ
1528 4928 1667 4997 πρδς
1693 4928 1762 4979 τά
1783 4942 1946 4979 πνευ-

377 5015 584 5080 ματικὰ
618 5015 725 5085 τῆς
757 5016 1048 5087 πονηρίας,
1090 5010 1165 5070 ὧν
1196 5017 1545 5087 σπούδασμα,
1581 5016 1946 5087 προσϐάλλειν

376 5107 708 5176 ἀνθρώποις,
731 5110 825 5162 καὶ
843 5110 1225 5177 καταϐάλλειν,
1244 5110 1335 5162 καὶ
1350 5109 1521 5171 οὕτως
1539 5110 1726 5173 αὐτοῖς
1742 5111 1830 5165 ἀεὶ
1847 5126 1949 5163 κα-

381 5198 664 5253 θίστασθαι
694 5203 772 5263 εἰς
805 5201 1125 5256 ἀντίπαλον.
1157 5201 1248 5254 Διδ
1268 5200 1433 5255 καλὸν
1457 5197 1747 5272 μὲνςεῖναι,
1781 5203 1872 5253 καὶ
1900 5201 1948 5254 εί

382 5290 696 5357 καταμόνας
740 5290 1150 5361 ἀποδυσάμενός
1203 5309 1287 5354 τις
1341 5294 1628 5361 πυγμαχεῖ
1674 5291 1771 5343 καὶ
1820 5291 1947 5358 νικᾷ

384 5378 523 5432 κατὰ
548 5381 640 5431 τοῦ
671 5381 947 5449 δαιμονίου
978 5383 1170 5453 φύλου,
1220 5384 1383 5454 μόνου
1430 5382 1526 5436 τοῦ
1558 5383 1947 5452 παμϐασιλέως

387 5472 693 5541 ἐφορῶντος
722 5476 880 5539 Θεοῦ,
915 5478 996 5539 είς
1024 5476 1083 5529 ὃν
1109 5477 1254 5540 ἅπας
1285 5476 1523 5547 ἀθλητὴς
1550 5477 1822 5529 ἀνατείνει
1856 5474 1949 5527 τὸν

391 5561 532 5628 νοῦν,
582 5564 642 5614 τί)

2042 4562 2274 4618 litariam
2300 4559 2465 4613 vitam
2491 4563 2680 4622 agunt,
2712 4548 2951 4618 illudque
2986 4557 3201 4601 summo
3231 4556 3268 4594 α
3296 4538 3405 4593 Deo
3435 4535 3608 4590 admi-

2042 4651 2266 4710 nistrari
2302 4660 2555 4718 tauquam
2581 4661 2611 4699 a
2639 4643 2985 4712 designatore
3016 4646 3071 4692 et
3111 4639 3441 4689 instructore
3488 4643 3608 4684 cer—

2045 4742 2263 4800 taminis
2306 4738 2766 4809 praemiorumque
2797 4729 3025 4788 arbitro,
3063 4725 3161 4778 hos
3194 4735 3324 4776 vero
3368 4720 3607 4773 athletas

2044 4840 2322 4892 decertare
2356 4830 2670 4900 quicunque
2696 4826 2849 4894 juxta
2878 4834 3128 4876 normam
3155 4814 3370 4869 virtutis
3397 4812 3607 4873 vivunt,

2045 4926 2243 4996 quibus
2264 4932 2538 4976 certamen
2574 4931 2681 4971 non
2718 4915 2980 4969 adversus
3010 4923 3254 4973 carnem,
3297 4904 3391 4959 sed
3419 4903 3612 4956 adver-

2048 5032 2142 5071 sus
2173 5012 2402 5083 spiritus
2431 5008 2706 5078 nequitiae,
2731 5018 2962 5076 quorum
3008 5000 3248 5056 studium
3281 5006 3367 5053 est
3401 4999 3611 5051 irruere

2048 5107 2101 5162 in
2148 5104 2397 5160 homines
2426 5109 2478 5156 et
2516 5107 2783 5161 evertere,
2809 5104 2864 5149 et
2910 5092 2992 5147 sic
3024 5091 3284 5146 adversus
3318 5087 3434 5142 illos
3465 5098 3611 5140 sem-

2050 5212 2147 5266 per
2179 5192 2489 5249 consistere
2549 5185 2839 5242 hostiliter.
2903 5183 3105 5237 ldcirco
3151 5178 3435 5249 pulchrum
3491 5181 3613 5222 esse

2050 5264 2331 5348 censebat,
2355 5281 2400 5338 si
2432 5280 2553 5351 quis
2574 5276 2824 5347 privatim
2851 5275 3016 5330 etiam
3053 5281 3352 5337 exutusque
3377 5264 3610 5317 luctatur

2052 5378 2309 5432 adversus
2338 5369 2725 5429 dtemoniorum
2757 5380 2950 5436 genus,
2976 5373 3031 5419 et
3053 5362 3237 5421 vincit,
3259 5359 3368 5410 Deo
3401 5366 3616 5408 summo

2054 5485 2179 5539 rege
2227 5463 2629 5535 contemplante
2678 5460 2815 5525 solo,
2856 5458 2922 5513 ad
2973 5468 3132 5525 quem
3182 5447 3358 5504 omnis
3409 5445 3614 5500 athleta

683 5566 950 5634 πάντιμον
990 5567 1184 5635 στέφος
1243 5566 1449 5620 ἐκείὓεν
1502 5567 1876 5636 ἐκδεχόμενος,

2063 5570 2294 5617 mentem
2329 5558 2530 5628 dirigit,
2567 5555 2687 5610 inde
2714 5550 2987 5619 excipiens
3024 5538 3494 5613 houoratissimam
3529 5556 3619 5591 ct.“-

475 5744 492 5771 ³
536 5741 680 5795 l’sal.
717 5758 878 5807 xcvn,
923 5744 975 5796 8.
