4012 6226
454 246 551 310 151

1168 259 1589 322 ΕῐτετΑΤΗιι
1616 261 2006 324 THESSALO

2108 264 2374 329 CENSlS
2413 267 2976 335 METROPOLIT.E

3585 274 3687 341 152

452 372 664 423 rnuam,
697 374 817 430 qua:
873 360 1179 432 huiusmodi
1229 378 1463 425 Victores
1506 380 1712 437 ornat;
1759 380 2006 441 oportere

2109 378 2239 442 τοὺς
2258 380 2540 445 τοιούτους
2567 384 2901 454 νικηφόρους
2918 385 3143 453 κοσμεῖο
3167 384 3365 454 χρῆναι
3397 383 3453 437 δὲ
3483 385 3684 453 ἄλλως,

448 458 629 505 autem
683 462 944 520 praeterea
995 469 1178 511 coram
1227 459 1526 517 innumeris
1579 464 1805 518 testibus
1862 457 2007 518 omni

444 543 743 596 certamine
787 559 1071 614 superare,
1106 558 1442 622 exterasque
1487 554 1749 624 perficere
1804 568 2010 624 pugnas

444 632 776 701 spirituales.
796 636 871 690 ita
902 639 1043 693 enim
1068 639 1159 695 ille
1180 640 1270 712 qui
1293 656 1478 707 coram
1511 644 1806 702 innumeris
1834 644 2010 703 oculis

445 726 739 793 prosternit
784 728 1087 797 inimicum,
1126 747 1235 790 non
1270 734 1631 793 confundetur
1659 752 1842 793 coram
1882 736 2012 793 soli-

447 819 637 873 tariam
668 820 833 875 vitam
875 833 1089 894 agente,
1132 829 1409 896 superabit
1452 842 1658 898 autem,
1715 831 2009 903 utopinor.

442 909 703 979 praeclaro
736 910 1002 970 facinore.
1033 916 1321 976 Solitarius
1368 920 1512 976 enim
1548 922 1703 991 quasi
1756 937 1854 992 per
1890 922 2009 992 pla-

445 1014 572 1053 num
606 1000 964 1066 curriculum,
998 1005 1144 1060 nullo
1179 1006 1496 1079 interposito
1530 1007 1932 1078 impedimento,
1955 1018 2011 1065 et

338 1144 351 1155 ί
444 1089 699 1155 luctatur,
739 1102 795 1147 et
819 1095 1013 1159 currit,
1046 1105 1102 1150 et
1129 1107 1349 1166 pugnat,
1382 1108 1437 1153 et
1470 1107 1664 1153 caetera
1694 1099 2010 1156 certaminis

448 1178 616 1245 facit;
645 1194 835 1237 servus
863 1194 1043 1237 autem
1076 1182 1169 1240 Dei
1206 1185 1298 1255 qui
1332 1186 1539 1243 medias
1562 1202 1659 1257 per
1685 1189 1870 1243 mundi
1898 1188 2011 1245 vias

443 1278 635 1339 certat,
666 1272 958 1328 substratis
990 1275 1223 1340 tribulis,
1252 1290 1388 1346 quos
1416 1286 1471 1332 et
1503 1291 1719 1349 semper
1765 1278 1933 1349 gignit
1957 1290 2012 1335 et

442 1362 587 1416 acuit
617 1360 973 1429 incomposita
1008 1366 1153 1431 vita,
1204 1368 1720 1438 subjaccntibusque
1762 1370 2010 1427 innume-

443 1449 523 1504 ris
561 1453 732 1518 petris
762 1452 1099 1519 oﬂendiculi,
1136 1465 1346 1523 certat;
1401 1458 1638 1526 ideoque
1686 1466 1809 1526 post
1843 1458 2012 1515 victo-

443 1538 582 1592 riam
635 1541 795 1596 Itabct
847 1545 1020 1615 majus
1075 1556 1475 1614 ornamentum,
1526 1558 1902 1619 praetereaque
1957 1558 2013 1605 et

443 1629 580 1687 alios
608 1631 677 1686 ad
700 1634 948 1689 eumdem
977 1634 1153 1695 zelum
1194 1648 1470 1706 provocat,
1499 1647 1553 1693 et
1583 1640 1656 1695 ita
1690 1639 2011 1709 multiplicat

2111 473 2207 525 καὶ
2240 471 2333 524 ἐπὶ
2364 472 2574 526 θεατῶν
2604 477 2745 530 πάνυ
2775 476 2986 529 πολλῶν
3011 477 3446 547 παγκρατιάζειν
3471 493 3553 540 τε,
3591 479 3685 530 καὶ

2108 563 2235 626 τοὺς
2270 564 2492 627 λοιποὺς
2535 565 2780 632 ἐξανύειν
2808 567 3030 636 ἀγῶνας
3068 569 3208 620 κατά
3241 567 3481 637 πνεῦμα.
3525 565 3687 622 Οὕτω

2110 654 2217 726 γὰρ
2239 656 2270 709 6
2301 656 2386 709 ἐπ’
2409 655 2565 727 ὄψεσι
2590 657 2812 728 μυρίαις
2827 657 3214 729 καταρριπτῶν
3239 658 3332 711 τὸν
3378 657 3682 727 ἀντίμαχον

2110 746 2209 801 οὐκ
2238 747 2306 801 ἂν
2334 748 2647 817 ἐντρέποιτο
2683 750 2775 803 τὸν
2809 750 3131 819 μονάζοντα,
3167 749 3592 820 ύπεραναόαίνοι
3622 751 3685 804 δέ

2111 839 2177 893 ἀν
2214 835 2366 910 οἶμαι
2392 840 2472 912 τῷ
2512 841 2924 912 κατορθώματι.
2967 842 3027 895 '0
3063 842 3162 912 μὲν
3192 842 3300 911 γὰρ
3332 841 3579 909 μονάζων
3605 843 3686 905 ὥς

2111 929 2204 985 ἐπὶ
2237 930 2452 984 σταδίου
2483 930 2627 984 λείου
2656 934 2754 985 καὶ
2783 930 2952 1002 μηδὲν
2989 930 3052 985 τὸ
3085 929 3417 999 συμποδίζον
3444 929 3681 999 ἔχοντος,

2112 1022 2207 1075 καὶ
2257 1021 2499 1086 παλαίει,
2530 1022 2624 1075 καὶ
2654 1022 2787 1084 θέει,
2823 1020 2932 1075 καὶ*
2956 1021 3065 1085 πὺξ
3084 1023 3350 1084 πονετται,
3379 1022 3473 1074 καὶ
3511 1021 3685 1075 τᾶλλα

2110 1112 2205 1166 τοῦ
2250 1113 2460 1181 ἀγῶνος
2496 1115 2674 1165 ποιεῖ·
2707 1115 2736 1166 6
2783 1113 2840 1167 δέ
2872 1112 3003 1181 περὶ
3037 1111 3207 1181 μέσας
3248 1111 3444 1178 ἀγυιὰς
3473 1112 3695 1180 κόσμου

2112 1203 2254 1268 θεῖος
2295 1204 2632 1273 ἀγωνιστὴς,
2664 1203 2929 1274 τριὸόλων
2972 1203 3432 1272 ὑπεστρωμένων,
3474 1201 3539 1263 ἃς
3586 1202 3688 1254 καὶ

2111 1296 2343 1364 ἀναφύει
2392 1297 2486 1350 καὶ
2531 1295 2709 1362 όξύνιι
2760 1293 3112 1366 συρφετώδης
3160 1294 3296 1365 βίος,
3344 1293 3425 1346 ἔτι
3484 1294 3542 1346 δὲ
3584 1295 3686 1345 καὶ

2109 1386 2271 1443 λίθων
2292 1388 2670 1455 ὑποκειμένων
2693 1384 2902 1456 μυρίων
2921 1384 3372 1455 προσκόμματος,
3394 1382 3645 1437 ἀεθλεύει
3663 1401 3683 1417 ·

2108 1477 2190 1530 διδ
2232 1476 2328 1532 καὶ
2356 1479 2585 1547 νικήσας
2623 1476 2741 1547 ἔχει
2775 1493 2829 1530 τι
2868 1478 2962 1529 καὶ
2991 1475 3156 1531 πλέον
3193 1474 3575 1543 ἐπικόσμημα,
3609 1475 3684 1529 τά

2109 1583 2169 1620 τε
2202 1568 2355 1630 ἄλλα,
2389 1569 2483 1625 καὶ
2506 1569 2588 1623 ὃτι
2609 1569 2704 1623 καὶ
2731 1568 2924 1630 ἄλλους
2948 1569 3029 1628 εἰς
3058 1566 3150 1620 τὸν
3178 1566 3363 1636 ὅμοιον
3389 1569 3680 1637 προκαλεῖ-

2111 1674 2202 1711 ται
2258 1657 2438 1727 ζῆλον,
2498 1660 2595 1712 καὶ
2649 1659 2792 1711 οὕτω
2851 1657 3113 1728 πληθύναι
3168 1657 3296 1719 τοὺς
3348 1657 3487 1710 κατά
3543 1655 3682 1709 Θεὸν

438 1724 735 1778 secundum
773 1725 937 1780 Deum
982 1729 1279 1797 principes.
1316 1727 1373 1783 Si
1403 1745 1531 1785 vero
1558 1730 1650 1799 qui
1699 1722 2003 1786 solitarium

2110 1719 2377 1817 ἀριστείας.
2418 1719 2480 1801 lii
2514 1750 2571 1802 δὲ
2600 1750 2629 1801 6
2661 1750 2753 1805 τὸν
2782 1719 3085 1819 μονάέοντα
3114 1746 3354 1819 ἀθλητὴν
3378 1747 3595 1817 βλέπων
3620 1749 3682 1800 ἐν

439 1815 698 1871 athletam
723 1818 865 1871 videt
903 1819 954 1872 in
1006 1820 1346 1886 abscondito,
1393 1824 1644 1878 retribuit
1697 1824 2005 1887 manifeste,

437 1920 620 1961 nonne
653 1907 699 1959 ei
732 1908 825 1977 qui
858 1909 1146 1968 manifeste
1173 1921 1367 1975 certat,
1404 1923 1459 1969 et
1485 1913 1569 1969 sic
1602 1914 1831 1985 effugit:
1865 1934 1884 1968 ι
1917 1916 2007 1971 ναι

439 1996 541 2051 soli
565 1997 607 2062 ³,
648 2017 666 2048 ι
704 2009 757 2052 et
806 1999 1014 2069 lapsum
1069 2002 1475 2073 irreparabilem
1509 2006 1771 2077 justitiam
1822 2008 2007 2064 reddet

439 2099 639 2157 praeter
671 2095 1205 2151 remunerationem?
1260 2096 1352 2152 Sic
1400 2099 1479 2153 sol
1532 2099 1756 2168 pulcher
1786 2111 1868 2156 est
1904 2101 2007 2171 (sol

439 2185 523 2233 est
568 2181 758 2248 enim),
809 2184 1021 2250 quando
1058 2186 1158 2241 sub
1215 2196 1413 2242 terram
1474 2190 1577 2245 iter
1638 2189 1795 2255 facit,
1833 2207 2006 2262 neque

438 2271 729 2340 quisquam
775 2273 825 2327 in
856 2289 977 2329 eum
1020 2276 1206 2333 oculos
1247 2277 1473 2349 injicere
1509 2291 1715 2349 potest;
1766 2283 1861 2337 sed
1892 2298 2009 2338 om-

438 2361 569 2413 nino
600 2361 879 2430 pulchrior
923 2376 1006 2421 est
1055 2382 1177 2422 cum
1233 2379 1357 2439 post
1407 2382 1585 2427 ortum
1619 2371 1840 2441 pulchra
1873 2372 2004 2427 facit

437 2465 779 2523 qumcnnque
840 2455 1104 2523 intuetur,
1129 2461 1324 2529 quibus
1357 2477 1480 2518 eum
1511 2463 1653 2518 Deus
1685 2468 1865 2519 lucere
1885 2465 2004 2534 jus-

436 2543 510 2598 sit
538 2560 712 2614 usque
740 2546 807 2601 ad
838 2562 1115 2606 occasum.
1154 2551 1292 2607 Sunt
1321 2563 1500 2609 autem
1542 2554 1636 2609 Dei
1667 2569 1881 2626 quoque
1922 2556 2004 2609 in-

437 2633 709 2703 visibilia;
742 2638 896 2693 nobis
944 2654 1074 2695 vero
1110 2640 1686 2712 incomprehensibilia
1735 2654 1791 2699 et
1835 2644 2005 2698 admi-

435 2728 625 2789 randa.
649 2728 881 2784 visibilia
906 2728 1042 2797 eius,
1069 2746 1162 2791 seu
1194 2735 1507 2790 manifeua.

505 2815 597 2871 ‘ll.
633 2815 764 2872 Cum
798 2818 910 2873 hznc
938 2828 992 2872 et
1022 2818 1127 2874 alia
1171 2821 1320 2892 (sunt
1375 2821 1518 2876 enim
1558 2837 1680 2877 vere
1713 2822 1877 2876 multa
1927 2833 2004 2875 ta-

2108 1840 2183 1910 τῷ
2223 1840 2471 1911 κρυπτῷ,
2505 1841 2830 1894 ἀποδίδωσιν
2861 1841 2921 1894 ἐν
2959 1839 3036 1910 τῷ
3074 1839 3318 1910 φανερῷ,
3356 1840 3456 1892 οὐκ
3487 1840 3555 1893 ἀν
3583 1840 3679 1893 τὸν

2108 1933 2165 1985 ἐν
2197 1932 2275 2002 τῷ
2307 1931 2525 2001 φανερῷ
2572 1932 2862 1995 ἀθλοῦντα,
2903 1932 2999 1986 καὶ
3028 1932 3172 1986 οὕτω
3198 1931 3557 2001 διεκφυγόντα
3592 1932 3678 1993 τὸ,

2116 2040 2134 2074 ι
2166 2025 2303 2078 Οὐαὶ
2331 2023 2408 2093 τῷ
2438 2022 2541 2088 ἐνὶ,
2566 2042 2587 2074 ι
2611 2023 2704 2077 καὶ
2733 2024 2794 2077 τὸ
2815 2023 3106 2095 ἀνέγερτον
3131 2026 3189 2077 ἐν
3205 2024 3283 2094 τῷ
3302 2026 3637 2077 καταπεσεῖν
3659 2063 3678 2086 ,

2109 2115 2312 2183 ἀφήσει
2342 2114 2557 2179 δικαίας
2590 2114 2695 2179 ἔξω
2725 2115 3140 2177 ἀνταποδόσεως
3166 2133 3181 2181 ;
3212 2114 3371 2170 Οῦτω
3402 2116 3498 2170 καὶ
3527 2115 3682 2186 ἥλιος

2106 2202 2267 2268 καλὸς
2303 2205 2399 2275 μὲν
2421 2205 2568 2275 (ἐπεὶ
2594 2205 2690 2258 καὶ
2719 2204 2923 2274 ἥλιος),
2953 2205 3042 2257 ὅτε
3074 2205 3183 2258 ὑπὸ
3206 2208 3309 2276 γῆν
3340 2205 3537 2268 ὁδεύει,
3580 2205 3681 2257 καὶ

2102 2297 2278 2361 οὐδεὶς
2308 2296 2456 2366 αύτῷ
2495 2296 2809 2350 ἐπιϐάλλειν
2842 2295 2954 2365 εχει
2987 2294 3087 2363 τὴν
3118 2296 3241 2365 ὄψιν
3264 2313 3280 2328 η
3310 2297 3387 2367 τῷ
3426 2297 3586 2350 παντὶ
3619 2296 3682 2349 δὲ

2105 2390 2361 2454 καλλίων,
2390 2391 2477 2443 ὅτε
2508 2388 2798 2450 ἀνατείλας
2815 2390 2959 2441 ποιεῖ
2982 2387 3050 2441 τά
3074 2388 3196 2441 κατ’
3225 2387 3386 2441 αὐτὴν
3408 2388 3567 2451 καλὰ,
3596 2383 3682 2451 οἷς

2103 2482 2310 2536 αὖτὸνό
2335 2482 2467 2544 Θεὸς
2496 2480 2767 2551 ἐνέλαμψε
2786 2481 2949 2550 μέχρι
2980 2481 3073 2533 καὶ
3098 2480 3328 2542 δύσεως.
3358 2479 3476 2532 Εἰσὶ
3503 2480 3558 2533 δέ
3584 2481 3681 2532 καὶ

2102 2573 2236 2626 Θεοῦ
2276 2573 2482 2641 ἀόρατα
2501 2587 2514 2600 ·
2548 2573 2677 2640 ἡμῖν
2706 2569 2764 2623 δέ
2797 2569 2913 2623 ἀλλ’
2955 2570 3313 2638 ἀκατάληπτα
3342 2569 3439 2623 καὶ
3469 2570 3685 2640 θαυμα-

2102 2664 2304 2735 ζόμενα
2344 2665 2412 2716 τα
2437 2664 2613 2734 ὁρατὰ
2645 2662 2862 2728 τούτου,
2900 2662 3000 2716 εἰτ’
3032 2661 3125 2716 οῦν
3159 2662 3436 2735 θεωρητά.

2176 2824 2266 2873 ια’.
2303 2816 2491 2871 Ταῦτα
2534 2816 2630 2872 καὶ
2655 2815 2821 2886 ἕτερα
2853 2816 2997 2889 (εἰσὶ
3028 2816 3085 2871 δὲ
3112 2816 3328 2887 ἀληθῶς
3364 2816 3539 2871 πολλά
3564 2835 3686 2873 τοι-

436 2907 531 2979 lia)
568 2910 751 2963 animo
788 2911 1167 2980 perpendisset
1190 2911 1528 2979 Philmbens,
1552 2927 1580 2965 a
1622 2929 1789 2984 puero
1819 2914 2000 2968 divina

2108 2909 2263 2979 αῦτα)
2308 2908 2432 2963 καθ’
2466 2909 2661 2965 ἑαυτὸν
2700 2908 3147 2980 διαλογιζόμενος
3193 2912 3221 2964 6
3260 2912 3326 2964 ἐκ
3364 2910 3573 2964 παίδων
3614 2913 3684 2964 τὰ

436 3000 685 3059 edoctus,
723 2998 1068 3053 desiderabat
1102 3001 1319 3071 quidem
1378 3018 1653 3059 secessum
1688 3013 1743 3058 et
1801 3004 2002 3058 asceti-

2108 3003 2223 3058 θεῖα
2270 3003 2659 3073 σεσοφισμένος
2704 3002 2993 3069 Φιλόθεος,
3045 3002 3233 3056 ἐπόθει
3289 3003 3390 3071 μὲν
3434 3009 3531 3057 καὶ
3580 3003 3685 3072 τὴν

435 3103 554 3143 cam
588 3089 775 3151 vitam,
811 3089 953 3158 plebi
1006 3088 1288 3160 ignotam;
1326 3100 1563 3145 attamen
1610 3107 1765 3164 aequa
1798 3102 1998 3149 statera

2108 3093 2473 3164 ἀναχώρησιν,
2499 3092 2591 3145 καὶ
2616 3093 2715 3162 τὴν
2737 3092 2864 3156 τοὺς
2883 3091 3088 3162 πηλοὺς
3112 3091 3481 3146 λανθάνουσαν
3502 3091 3685 3163 ἄσκηη

434 3178 597 3234 simul
629 3180 884 3246 expensis
934 3180 1234 3235 monastica
1267 3192 1320 3235 et
1359 3182 1633 3238 mundana
1688 3184 1818 3248 vita,
1853 3194 2002 3239 utra-

2108 3201 2222 3239 σιν·
2273 3181 2640 3245 ταλαντεύσας
2669 3181 2726 3235 δὲ
2774 3182 2926 3252 ὅμως
2975 3183 3033 3234 ἐν
3069 3182 3285 3253 ἀκριϐεῖ
3314 3180 3684 3252 σταθμὼματι

434 3283 539 3337 que
573 3270 869 3324 secundum
924 3270 1112 3338 Deum,
1154 3273 1294 3328 sicut
1339 3275 1454 3343 ipse
1495 3272 1764 3341 distinxit,
1796 3286 1849 3331 et
1880 3285 2002 3346 post

435 3358 845 3415 distinctionem
884 3362 1226 3431 approbavit,
1264 3363 1427 3435 elegit
1459 3365 1583 3422 vita:
1614 3382 1782 3436 genus
1828 3367 2000 3422 virtu-

435 3451 581 3505 tibus
610 3462 863 3506 ornaturn
899 3454 1041 3524 quod
1076 3453 1428 3511 beatissimus
1477 3455 1580 3511 Job
1611 3467 1664 3511 et
1709 3459 1823 3527 ipse
1867 3473 2001 3525 prae-

435 3555 716 3615 optaverat
750 3556 804 3600 et
833 3550 886 3600 in
913 3563 1019 3618 quo
1052 3558 1112 3603 ut
1145 3548 1233 3603 vix
1267 3550 1407 3604 ullus
1436 3551 1528 3620 qui
1578 3564 1820 3621 unquam
1856 3550 2003 3607 vixe-

440 3643 565 3689 runt
594 3634 772 3689 clarus
805 3634 930 3693 fuit.
973 3636 1108 3694 Cum
1140 3651 1319 3694 autem
1356 3639 1654 3697 innumeris
1690 3640 1999 3711 conjugium

436 3726 751 3783 nominibus
782 3731 1149 3786 commendari
1184 3732 1413 3797 videret,
1453 3742 1505 3787 et
1546 3733 1684 3789 sicut
1726 3741 1999 3804 parentes,

436 3820 511 3874 ita
544 3829 597 3875 et
645 3819 760 3891 ipse
795 3822 845 3875 in
880 3825 1080 3879 nmmlo
1124 3824 1326 3880 bonum
1368 3824 1569 3891 simile,
1602 3826 2000 3882 successionem

437 3908 742 3974 honestam,
766 3912 1139 3979 posteritatem
1165 3914 1402 3982 beatam,
1427 3912 1769 3971 benedictum
1793 3929 2000 3980 semen,

437 4000 596 4055 vellet
629 4001 959 4072 relinquere,
989 4006 1201 4076 copiam
1232 4008 1447 4062 consilii
1488 4007 1802 4078 parentibus
1848 4008 2000 4071 facit,

435 4098 492 4143 et
519 4090 620 4161 ipsi
651 4093 879 4147 libenter
908 4096 1150 4149 sermoni
1195 4097 1288 4150 filii
1335 4100 1726 4165 assentiuntur,
1772 4111 1830 4153 se
1860 4099 2003 4169 ipsos

437 4185 749 4238 incusantes
795 4188 938 4253 quod
988 4200 1093 4240 non
1155 4199 1629 4257 praeoccupassth
1682 4192 1995 4255 consilium,

439 4278 741 4346 gaudentes
773 4283 951 4327 autem
978 4276 1122 4344 quod
1156 4287 1208 4330 et
1250 4277 1302 4330 in
1337 4278 1438 4331 hoc
1476 4289 1728 4347 parentes
1760 4281 2004 4335 imitare-

2100 3275 2193 3328 τὸν
2226 3273 2414 3345 μονίαν
2446 3273 2562 3343 βίον
2592 3271 2688 3327 καὶ
2722 3272 2811 3325 τὸν
2846 3272 3143 3337 πολιτικὸν,
3184 3272 3310 3335 τοὺς
3338 3273 3480 3326 κατά
3509 3274 3669 3333 Θεὸν,

2101 3368 2177 3431 ὡς
2209 3366 2373 3430 αὐτὸς
2410 3365 2598 3429 διεῖλε,
2636 3366 2730 3418 καὶ
2765 3362 2957 3417 διελὼν
2991 3365 3299 3433 ἐπέκρινεν,
3333 3361 3552 3432 ἐγένετο
3581 3360 3681 3416 τοῦ

2102 3458 2242 3517 κατά
2265 3457 2378 3527 βίον
2407 3456 2665 3527 ἐναρέτου
2697 3454 3094 3521 πολιτεύματος
3122 3472 3135 3485 ·
3163 3454 3190 3507 ὃ
3215 3452 3311 3507 καὶ
3336 3455 3364 3508 6
3392 3451 3685 3523 μακαριώ-

2100 3567 2261 3613 τατος
2304 3548 2426 3602 ’1ὼό
2455 3546 2822 3616 προελόμενος
2851 3547 3234 3616 εὐδοκίμησεν,
3261 3545 3337 3607 ὡς
3368 3545 3471 3599 οὐκ
3500 3540 3601 3598 οἶδ’
3631 3544 3689 3598 ετ

2102 3659 2184 3705 τις
2210 3639 2318 3693 τῶν
2350 3640 2592 3695 πώποτε.
2630 3639 2739 3692 Καὶ
2763 3638 2827 3709 δὴ
2857 3637 3187 3709 μεθοδεύσας
3216 3636 3470 3705 ἐγκώμια
3492 3636 3681 3705 γάμου

2105 3732 2275 3803 μυρία
2303 3732 2425 3795 ὅσα,
2460 3730 2552 3783 καὶ
2580 3729 2862 3795 ἐθελήσας,
2896 3729 3086 3797 ὥσπερ
3109 3728 3269 3782 αὐτὸν
3298 3728 3346 3779 οί
3376 3726 3681 3795 γεννήσαν-

2101 3842 2217 3889 τες,
2266 3823 2408 3877 οὕτω
2450 3821 2545 3875 καὶ
2591 3820 2752 3885 αὐτὸς
2798 3820 3013 3890 ἀφεῖναι
3065 3818 3227 3873 καλὸν
3277 3819 3461 3887 ὅμοιον
3494 3817 3551 3871 ἐν
3590 3816 3674 3887 τῷ

2104 3915 2313 3986 κόσμῳ,
2355 3910 2605 3983 διαδοχὴν
2639 3910 2826 3981 τιμίαν
2851 3950 2866 3975 ,
2893 3909 3149 3978 ἐπιγονὴν
3182 3906 3479 3978 μακαρίαν,
3518 3907 3685 3960 εὐλοο

2102 4004 2267 4077 γητδν
2315 4006 2558 4075 σπέρμα,
2592 3999 2868 4055 κοινοῦται
2903 4001 2964 4052 τὸ
2997 3998 3219 4068 σκέμμα
3254 3999 3365 4060 τοῖς
3416 3996 3685 4067 γειναμέ-

2103 4115 2244 4162 νοις·
2275 4096 2368 4152 καὶ
2402 4093 2557 4150 αὐτοὶ
2597 4095 2822 4164 ἄσμενοι
2849 4092 2939 4145 τὸν
2968 4089 3063 4144 τοῦ
3094 4089 3398 4158 υίοῦλόγον
3427 4088 3685 4160 προσίεν-

2102 4207 2213 4255 ται,
2247 4188 2587 4259 μεμφόμενοι
2623 4183 2725 4255 μὲν
2770 4182 3035 4248 ἑαυτοὺς,
3068 4182 3151 4235 ὅτι
3198 4180 3275 4252 μὴ
3311 4181 3678 4253 προήρπασαν

2102 4281 2200 4351 τὴν
2227 4277 2437 4349 βουλὴν,
2466 4278 2751 4348 χαίροντες
2779 4273 2858 4338 δὲ,
2886 4274 2968 4326 ὅτι
2996 4275 3088 4326 καὶ
3126 4269 3361 4324 ἐνταῦθα
3402 4269 3685 4339 πατρὼζει

442 4380 528 4420 tur
554 4365 720 4420 ﬁlius.
769 4365 1068 4420 Confestim
1119 4368 1185 4420 de
1214 4368 1576 4437 prmnuntiato
1605 4368 1818 4425 solliciti
1872 4381 1999 4427 sunt

2108 4372 2312 4433 ὀπαῖς.
2347 4370 2457 4423 Καὶ
2508 4367 2705 4420 αὐτίκα
2738 4365 3008 4437 μελετῶσι
3058 4362 3156 4433 τὴν
3206 4359 3684 4431 ἐκπεφωνημένην

441 4456 714 4526 coniugio,
774 4457 1107 4528 vitulumque
1162 4472 1284 4512 cum
1335 4459 1434 4528 ipsi
1489 4460 1727 4516 habeant
1782 4464 1870 4531 qui
1903 4468 2005 4520 sub

442 4548 728 4603 benedicta
755 4546 971 4604 futurus
1015 4558 1099 4604 est
1146 4548 1294 4620 iugo,
1339 4549 2002 4621 requirebantjuvencam

446 4636 716 4708 (sociam),
740 4654 843 4708 qua
869 4639 980 4693 cito
1012 4639 1228 4693 inventa
1260 4641 1716 4696 consociaverant
1765 4643 1908 4698 hunc
1951 4654 2006 4699 et

442 4727 615 4793 illam,
658 4732 849 4799 dignos
905 4731 1136 4786 invicem
1189 4731 1415 4787 alterum
1460 4733 1650 4795 altero.
1708 4735 2006 4806 iugumque

449 4818 541 4872 Dei
580 4832 673 4873 eos
730 4822 1082 4877 reddiderunt
1126 4830 1312 4891 aptum
1365 4827 1431 4877 ad
1467 4828 1730 4880 arandum
1758 4838 1812 4881 et
1839 4819 2034 4883 senti?

447 4911 681 4963 nandum
731 4923 785 4966 et
839 4914 1200 4984 colligendum
1266 4916 1574 4970 necessaria
1632 4918 1700 4972 ad
1754 4919 2004 4973 salutem.

446 5000 590 5055 Deus
618 5010 796 5055 autem
828 5003 920 5071 qui
952 5004 1097 5072 ipsos
1128 5005 1366 5074 elegerat
1395 5014 1450 5059 et
1480 5007 1569 5076 qui
1610 5006 1818 5076 plantas
1850 5026 2007 5078 para.

443 5092 563 5150 diso
585 5107 849 5163 congruas
882 5104 1135 5162 posuerat
1176 5097 1228 5150 in
1255 5104 1403 5151 terra
1431 5095 1864 5166 Opsiclanorum,
1903 5117 2006 5154 non

442 5201 636 5254 passus
668 5197 752 5241 est
779 5185 902 5243 illos
933 5202 1030 5242 sua
1077 5190 1392 5245 maturitate
1438 5205 1543 5246 non
1593 5191 1737 5246 ferre
1769 5207 1808 5245 r.
1830 5191 2004 5247 dicem

444 5277 695 5343 tirmam,
763 5278 985 5348 stirpem
1050 5281 1483 5349 increscentem,
1553 5284 2004 5353 germinationem

444 5368 830 5434 abundantem,
871 5380 924 5425 et
979 5369 1186 5428 fruetus
1235 5382 1473 5443 tempore
1530 5389 1629 5429 suo
1676 5390 2004 5445 generosos;

447 5460 540 5513 sed
571 5463 901 5518 voluntatem
941 5463 1247 5519 timentium
1306 5480 1362 5519 se
1420 5465 1472 5519 in
1525 5466 1626 5522 hoc
1657 5481 1873 5537 quoque
1928 5466 2005 5520 fa-

517 5630 731 5691 ‘Eccle.
787 5656 859 5707 tv,
897 5638 982 5698 10.

2106 4461 2390 4527 σύζευξιν
2417 4459 2513 4512 καὶ
2549 4458 2641 4511 τὸν
2674 4456 2874 4527 μόσχον
2905 4455 3062 4508 αὐτοὶ
3094 4452 3329 4524 ἔχοντες,
3358 4451 3413 4515 ὃς
3446 4451 3551 4503 ὑπὸ
3588 4451 3686 4504 eo-

2104 4551 2401 4622 λογημένον
2429 4549 2583 4601 ἔσται
2608 4547 2794 4614 ζυγὸν,
2830 4544 3131 4613 ἐπεζήτουν
3159 4543 3258 4614 τὴν
3285 4542 3518 4612 δάμαλιν
3538 4556 3552 4570 ·
3586 4540 3683 4592 καὶ⁵

2102 4641 2238 4708 ταχὺ
2277 4636 2593 4708 εὑρηκότες,
2640 4635 2951 4704 συνήγαγον
2993 4630 3182 4685 τοῦτόν
3226 4647 3286 4682 τε
3323 4630 3415 4683 καὶ
3458 4628 3681 4696 ἐκείνην

2106 4731 2349 4801 ἀλλήλων
2388 4727 2570 4793 ἀξίους
2592 4742 2606 4757 ·
2643 4726 2737 4779 καὶ
2785 4724 2976 4793 ζεῦγος
3004 4721 3139 4776 Θεοῦ
3172 4720 3239 4774 δι’
3262 4719 3441 4775 αὐτῶν
3478 4720 3682 4796 ἀπετέ-

2106 4822 2291 4883 λεσαν,
2322 4819 2495 4885 δεξιὸν
2518 4816 2613 4871 καὶ⁵
2644 4814 2814 4886 ἀροῦν
2853 4815 2946 4867 καὶ
2978 4814 3223 4882 σπείρειν
3254 4812 3350 4864 καὶ
3382 4810 3685 4880 φορτηγεῖν

2106 4912 2172 4964 τά
2216 4910 2477 4982 σωτήρια.
2519 4908 2647 4968 Θεὸς
2689 4907 2744 4960 δὲ
2779 4909 2807 4958 6
2844 4904 3067 4966 τούτους
3116 4901 3538 4971 ἐπιλεξάμενος,
3585 4900 3685 4952 καὶ

2109 5000 2253 5069 φυτὰ
2289 4997 2601 5071 παραδείσῳ
2633 4996 2916 5066 πρέποντα
2947 4992 3234 5062 ἐνθέμενος
3269 4993 3334 5062 τῇ
3372 4991 3480 5043 τῶν
3524 4990 3684 5058 Ὀφι-

2110 5092 2312 5147 κιανῶν
2343 5094 2444 5163 γῇ,
2494 5091 2595 5143 οὐκ
2639 5090 2817 5160 ἀφῆκε
2864 5086 2939 5158 μὴ
2976 5084 3371 5154 τελεσφορῆσαι
3406 5082 3548 5135 αὐτὰ
3589 5081 3685 5135 καὶ¹

2114 5187 2327 5259 ρίζωμα
2377 5186 2713 5255 στερέμνιον,
2757 5181 2852 5233 καὶ
2902 5180 3146 5251 πρέμνου
3198 5173 3535 5245 ἀναδρομὴν,
3588 5174 3685 5225 καὶ

2117 5279 2351 5350 βλάστην
2387 5277 2591 5345 ἁδρὰν,
2635 5276 2727 5327 καὶ
2771 5273 3019 5344 καρποὺς
3069 5271 3127 5324 ἐν
3168 5265 3345 5337 καιρῷ
3401 5264 3683 5332 εὐγενεῖς·

2116 5371 2251 5426 ἀλλὰ
2268 5370 2479 5440 θέλημα
2495 5366 2599 5420 τῶν
2625 5365 2791 5435 φόϐου
2802 5367 2980 5435 μένων
2999 5363 3161 5418 αὑτὸν
3185 5359 3459 5413 κάνταῦθα
3482 5358 3678 5422 ποιῶν,

2115 5461 2383 5532 ἐπλήθυνε
2430 5460 2520 5513 τὸν
2571 5453 2716 5512 οἷκον
2767 5458 2843 5527 τῷ
2889 5455 3125 5525 Φιλοθέῳ
3171 5456 3286 5517 ταῖς
3338 5451 3424 5504 διὰ
3471 5448 3683 5503 τέκνων
