  <div class='ocr_page' id='page_1' title='image "/cluster/home/n/w/nwhite01/storage/ocr_20150623/136/hvd.32044054100201/084.png"; bbox 0 0 4012 6226; ppageno 0'>
   <div class='ocr_carea' id='block_1_1' title="bbox 332 305 426 372">
    <p class='ocr_par' dir='ltr' id='par_1_1' title="bbox 332 305 426 372">
     <span class='ocr_line' id='line_1_1' title="bbox 332 305 426 372; baseline -0.043 -1"><span class='ocrx_word' id='word_1_1' title='bbox 332 305 426 372; x_wconf 80' lang='grc'><strong>153</strong></span> 
     </span>
    </p>
   </div>
   <div class='ocr_carea' id='block_1_2' title="bbox 1245 287 2662 356">
    <p class='ocr_par' dir='ltr' id='par_1_2' title="bbox 1245 287 2662 356">
     <span class='ocr_line' id='line_1_2' title="bbox 1245 287 2662 356; baseline -0.005 0"><span class='ocrx_word' id='word_1_2' title='bbox 1245 289 1640 356; x_wconf 80' lang='lat' dir='ltr'><strong>LAUDATIO</strong></span> <span class='ocrx_word' id='word_1_3' title='bbox 1679 291 1739 351; x_wconf 88' lang='lat' dir='ltr'><strong>S.</strong></span> <span class='ocrx_word' id='word_1_4' title='bbox 1783 287 2208 350; x_wconf 75' lang='lat' dir='ltr'><strong>PHILOTHEI</strong></span> <span class='ocrx_word' id='word_1_5' title='bbox 2252 287 2662 350; x_wconf 84' lang='lat' dir='ltr'><strong>OPSICIANI.</strong></span> 
     </span>
    </p>
   </div>
   <div class='ocr_carea' id='block_1_3' title="bbox 3442 287 3542 350">
    <p class='ocr_par' dir='ltr' id='par_1_3' title="bbox 3442 287 3542 350">
     <span class='ocr_line' id='line_1_3' title="bbox 3442 287 3542 350; baseline 0.01 -1"><span class='ocrx_word' id='word_1_6' title='bbox 3442 287 3542 350; x_wconf 77' lang='grc'><strong>154</strong></span> 
     </span>
    </p>
   </div>
   <div class='ocr_carea' id='block_1_4' title="bbox 322 398 1903 487">
    <p class='ocr_par' dir='ltr' id='par_1_4' title="bbox 322 403 1878 487">
     <span class='ocr_line' id='line_1_4' title="bbox 322 403 1878 487; baseline -0.012 -14"><span class='ocrx_word' id='word_1_7' title='bbox 322 418 622 487; x_wconf 70' lang='grc' dir='ltr'>ἱπιγοναῖς,</span> <span class='ocrx_word' id='word_1_8' title='bbox 669 414 763 468; x_wconf 76' lang='grc' dir='ltr'>καὶ</span> <span class='ocrx_word' id='word_1_9' title='bbox 798 412 978 467; x_wconf 78' lang='grc' dir='ltr'>αὐτῶν</span> <span class='ocrx_word' id='word_1_10' title='bbox 1015 412 1143 465; x_wconf 77' lang='grc' dir='ltr'>οἴων</span> <span class='ocrx_word' id='word_1_11' title='bbox 1181 408 1519 463; x_wconf 76' lang='grc' dir='ltr'><strong>ἐπισπᾶσθαι</strong></span> <span class='ocrx_word' id='word_1_12' title='bbox 1565 403 1768 473; x_wconf 71' lang='grc' dir='ltr'>πατρὸς</span> <span class='ocrx_word' id='word_1_13' title='bbox 1817 419 1878 454; x_wconf 88' lang='grc' dir='ltr'><strong>τε</strong></span> 
     </span>
    </p>
   </div>
   <div class='ocr_carea' id='block_1_5' title="bbox 2004 398 3546 487">
    <p class='ocr_par' dir='ltr' id='par_1_5' title="bbox 2004 398 3546 470">
     <span class='ocr_line' id='line_1_5' title="bbox 2004 398 3546 470; baseline 0 -15"><span class='ocrx_word' id='word_1_14' title='bbox 2004 402 2152 463; x_wconf 70' lang='lat' dir='ltr'><strong>tiens.</strong></span> <span class='ocrx_word' id='word_1_15' title='bbox 2194 400 2568 470; x_wconf 84' lang='lat' dir='ltr'><strong>mnltiplicavit</strong></span> <span class='ocrx_word' id='word_1_16' title='bbox 2610 401 2829 454; x_wconf 89' lang='lat' dir='ltr'><strong>domum</strong></span> <span class='ocrx_word' id='word_1_17' title='bbox 2866 398 3132 454; x_wconf 84' lang='lat' dir='ltr'><strong>Philotltei</strong></span> <span class='ocrx_word' id='word_1_18' title='bbox 3187 399 3418 454; x_wconf 83' lang='lat' dir='ltr'><strong>filiorum</strong></span> <span class='ocrx_word' id='word_1_19' title='bbox 3451 414 3546 470; x_wconf 86' lang='lat' dir='ltr'><strong>ge-</strong></span> 
     </span>
    </p>
   </div>
   <div class='ocr_carea' id='block_1_6' title="bbox 322 497 1882 578">
    <p class='ocr_par' dir='ltr' id='par_1_6' title="bbox 322 497 1882 578">
     <span class='ocr_line' id='line_1_6' title="bbox 322 497 1882 578; baseline -0.01 -14"><span class='ocrx_word' id='word_1_20' title='bbox 322 507 523 578; x_wconf 81' lang='grc' dir='ltr'>ἀγαθοῦ</span> <span class='ocrx_word' id='word_1_21' title='bbox 567 507 819 575; x_wconf 78' lang='grc' dir='ltr'><strong>εὐλογίαν</strong></span> <span class='ocrx_word' id='word_1_22' title='bbox 853 507 947 558; x_wconf 72' lang='grc' dir='ltr'>καὶ</span> <span class='ocrx_word' id='word_1_23' title='bbox 988 503 1193 575; x_wconf 69' lang='grc' dir='ltr'>μητρὸς</span> <span class='ocrx_word' id='word_1_24' title='bbox 1224 501 1316 555; x_wconf 74' lang='grc' dir='ltr'>ἐπὶ</span> <span class='ocrx_word' id='word_1_25' title='bbox 1343 500 1554 560; x_wconf 85' lang='grc' dir='ltr'>τέκνοις</span> <span class='ocrx_word' id='word_1_26' title='bbox 1592 497 1882 567; x_wconf 82' lang='grc' dir='ltr'>εὐφραινο-</span> 
     </span>
    </p>
   </div>
   <div class='ocr_carea' id='block_1_7' title="bbox 324 601 510 669">
    <p class='ocr_par' dir='ltr' id='par_1_7' title="bbox 324 601 510 669">
     <span class='ocr_line' id='line_1_7' title="bbox 324 601 510 669; baseline -0.032 1"><span class='ocrx_word' id='word_1_27' title='bbox 324 601 510 669; x_wconf 74' lang='grc' dir='ltr'><strong>μένης·</strong></span> 
     </span>
    </p>
   </div>
   <div class='ocr_carea' id='block_1_8' title="bbox 385 793 1887 873">
    <p class='ocr_par' dir='ltr' id='par_1_8' title="bbox 385 793 1887 873">
     <span class='ocr_line' id='line_1_8' title="bbox 385 793 1887 873; baseline -0.005 -17"><span class='ocrx_word' id='word_1_28' title='bbox 385 803 477 873; x_wconf 76' lang='grc' dir='ltr'><strong>ιβ’.</strong></span> <span class='ocrx_word' id='word_1_29' title='bbox 507 802 582 854; x_wconf 71' lang='lat' dir='ltr'><strong>To</strong></span> <span class='ocrx_word' id='word_1_30' title='bbox 608 801 665 853; x_wconf 69' lang='lat' dir='ltr'><strong>es</strong></span> <span class='ocrx_word' id='word_1_31' title='bbox 712 798 1005 866; x_wconf 81' lang='grc' dir='ltr'>ἐντεῦθεν(</span> <span class='ocrx_word' id='word_1_32' title='bbox 1031 797 1118 852; x_wconf 80' lang='grc' dir='ltr'>ἴνα</span> <span class='ocrx_word' id='word_1_33' title='bbox 1154 797 1229 870; x_wconf 78' lang='grc' dir='ltr'>μὴ</span> <span class='ocrx_word' id='word_1_34' title='bbox 1280 795 1356 866; x_wconf 83' lang='grc' dir='ltr'>τῷ</span> <span class='ocrx_word' id='word_1_35' title='bbox 1394 793 1543 865; x_wconf 88' lang='grc' dir='ltr'><strong>καλῷ</strong></span> <span class='ocrx_word' id='word_1_36' title='bbox 1572 795 1671 865; x_wconf 81' lang='grc' dir='ltr'>τῆς</span> <span class='ocrx_word' id='word_1_37' title='bbox 1695 795 1887 866; x_wconf 82' lang='grc' dir='ltr'>πρώην</span> 
     </span>
    </p>
   </div>
   <div class='ocr_carea' id='block_1_9' title="bbox 320 884 1889 965">
    <p class='ocr_par' dir='ltr' id='par_1_9' title="bbox 320 884 1889 965">
     <span class='ocr_line' id='line_1_9' title="bbox 320 884 1889 965; baseline -0.008 -16"><span class='ocrx_word' id='word_1_38' title='bbox 320 895 520 965; x_wconf 79' lang='grc' dir='ltr'>ἀρετῆς</span> <span class='ocrx_word' id='word_1_39' title='bbox 545 889 921 962; x_wconf 86' lang='grc' dir='ltr'>παραμιχθείη</span> <span class='ocrx_word' id='word_1_40' title='bbox 950 906 1002 943; x_wconf 88' lang='grc' dir='ltr'><strong>τι</strong></span> <span class='ocrx_word' id='word_1_41' title='bbox 1025 889 1126 959; x_wconf 80' lang='grc' dir='ltr'>τῆς</span> <span class='ocrx_word' id='word_1_42' title='bbox 1149 890 1206 941; x_wconf 91' lang='grc' dir='ltr'><strong>ἐν</strong></span> <span class='ocrx_word' id='word_1_43' title='bbox 1239 887 1338 958; x_wconf 83' lang='grc' dir='ltr'>βίῳ</span> <span class='ocrx_word' id='word_1_44' title='bbox 1370 885 1727 956; x_wconf 85' lang='grc' dir='ltr'>φαυλότητος,</span> <span class='ocrx_word' id='word_1_45' title='bbox 1753 884 1889 954; x_wconf 82' lang='grc' dir='ltr'>μηδὲ</span> 
     </span>
    </p>
   </div>
   <div class='ocr_carea' id='block_1_10' title="bbox 319 966 1889 1054">
    <p class='ocr_par' dir='ltr' id='par_1_10' title="bbox 319 966 1889 1054">
     <span class='ocr_line' id='line_1_10' title="bbox 319 966 1889 1054; baseline -0.007 -14"><span class='ocrx_word' id='word_1_46' title='bbox 319 989 508 1040; x_wconf 77' lang='grc' dir='ltr'>ὁκατά</span> <span class='ocrx_word' id='word_1_47' title='bbox 545 987 750 1053; x_wconf 79' lang='grc' dir='ltr'>κόσμον</span> <span class='ocrx_word' id='word_1_48' title='bbox 806 985 1052 1054; x_wconf 82' lang='grc' dir='ltr'>κάματος</span> <span class='ocrx_word' id='word_1_49' title='bbox 1087 981 1182 1034; x_wconf 74' lang='grc' dir='ltr'><strong>τοῦ</strong></span> <span class='ocrx_word' id='word_1_50' title='bbox 1236 978 1402 1035; x_wconf 79' lang='grc' dir='ltr'>καλοῦ</span> <span class='ocrx_word' id='word_1_51' title='bbox 1433 979 1627 1033; x_wconf 84' lang='grc' dir='ltr'>τούτου</span> <span class='ocrx_word' id='word_1_52' title='bbox 1658 966 1889 1045; x_wconf 75' lang='grc' dir='ltr'>ζεύγούς</span> 
     </span>
    </p>
   </div>
   <div class='ocr_carea' id='block_1_11' title="bbox 319 1069 1887 1147">
    <p class='ocr_par' dir='ltr' id='par_1_11' title="bbox 319 1069 1887 1147">
     <span class='ocr_line' id='line_1_11' title="bbox 319 1069 1887 1147; baseline -0.005 -17"><span class='ocrx_word' id='word_1_53' title='bbox 319 1081 405 1131; x_wconf 74' lang='grc' dir='ltr'>τὸν</span> <span class='ocrx_word' id='word_1_54' title='bbox 457 1077 652 1147; x_wconf 68' lang='grc' dir='ltr'>πρῶην</span> <span class='ocrx_word' id='word_1_55' title='bbox 703 1079 850 1127; x_wconf 81' lang='grc' dir='ltr'>σῖτον</span> <span class='ocrx_word' id='word_1_56' title='bbox 896 1073 1174 1144; x_wconf 81' lang='grc' dir='ltr'>ἀχρειὼσῃ</span> <span class='ocrx_word' id='word_1_57' title='bbox 1220 1073 1462 1138; x_wconf 78' lang='grc' dir='ltr'>ζιζανίου</span> <span class='ocrx_word' id='word_1_58' title='bbox 1499 1069 1887 1142; x_wconf 81' lang='grc' dir='ltr'>παραφυάδι),</span> 
     </span>
    </p>
   </div>
   <div class='ocr_carea' id='block_1_12' title="bbox 319 1160 1887 1238">
    <p class='ocr_par' dir='ltr' id='par_1_12' title="bbox 319 1160 1887 1238">
     <span class='ocr_line' id='line_1_12' title="bbox 319 1160 1887 1238; baseline -0.005 -17"><span class='ocrx_word' id='word_1_59' title='bbox 319 1169 452 1238; x_wconf 76' lang='grc' dir='ltr'>ἀλλη</span> <span class='ocrx_word' id='word_1_60' title='bbox 489 1166 714 1234; x_wconf 81' lang='grc' dir='ltr'>μέθοδος</span> <span class='ocrx_word' id='word_1_61' title='bbox 762 1166 968 1235; x_wconf 81' lang='grc' dir='ltr'>ἀρετῆς</span> <span class='ocrx_word' id='word_1_62' title='bbox 1011 1164 1087 1233; x_wconf 86' lang='grc' dir='ltr'><strong>τῷ</strong></span> <span class='ocrx_word' id='word_1_63' title='bbox 1122 1163 1263 1232; x_wconf 82' lang='grc' dir='ltr'>ἁγίῳ</span> <span class='ocrx_word' id='word_1_64' title='bbox 1302 1160 1370 1234; x_wconf 71' lang='grc' dir='ltr'>ἦν</span> <span class='ocrx_word' id='word_1_65' title='bbox 1397 1161 1887 1231; x_wconf 80' lang='grc' dir='ltr'><strong>περισπούδαστος.</strong></span> 
     </span>
    </p>
   </div>
   <div class='ocr_carea' id='block_1_13' title="bbox 329 1246 1888 1326">
    <p class='ocr_par' dir='ltr' id='par_1_13' title="bbox 329 1246 1888 1326">
     <span class='ocr_line' id='line_1_13' title="bbox 329 1246 1888 1326; baseline -0.006 -14"><span class='ocrx_word' id='word_1_66' title='bbox 329 1257 557 1313; x_wconf 80' lang='grc' dir='ltr'>Ἑαυτόν</span> <span class='ocrx_word' id='word_1_67' title='bbox 589 1246 653 1308; x_wconf 80' lang='grc' dir='ltr'><strong>τέ</strong></span> <span class='ocrx_word' id='word_1_68' title='bbox 684 1253 793 1326; x_wconf 75' lang='grc' dir='ltr'>γὰρ</span> <span class='ocrx_word' id='word_1_69' title='bbox 822 1254 916 1306; x_wconf 69' lang='grc' dir='ltr'>ἐπὶ</span> <span class='ocrx_word' id='word_1_70' title='bbox 939 1256 1050 1317; x_wconf 81' lang='grc' dir='ltr'>τοῖς</span> <span class='ocrx_word' id='word_1_71' title='bbox 1091 1253 1378 1324; x_wconf 82' lang='grc' dir='ltr'><strong>προτέροις</strong></span> <span class='ocrx_word' id='word_1_72' title='bbox 1423 1251 1648 1318; x_wconf 77' lang='grc' dir='ltr'><strong>ἀγαθοῖς</strong></span> <span class='ocrx_word' id='word_1_73' title='bbox 1681 1251 1888 1320; x_wconf 75' lang='grc' dir='ltr'>ἐτήρει,</span> 
     </span>
    </p>
   </div>
   <div class='ocr_carea' id='block_1_14' title="bbox 319 1340 1894 1414">
    <p class='ocr_par' dir='ltr' id='par_1_14' title="bbox 319 1340 1894 1414">
     <span class='ocr_line' id='line_1_14' title="bbox 319 1340 1894 1414; baseline -0.007 -13"><span class='ocrx_word' id='word_1_74' title='bbox 319 1352 344 1401; x_wconf 80' lang='grc' dir='ltr'><strong>ό</strong></span> <span class='ocrx_word' id='word_1_75' title='bbox 367 1348 536 1410; x_wconf 72' lang='grc' dir='ltr'>αὐτὸς</span> <span class='ocrx_word' id='word_1_76' title='bbox 565 1343 640 1399; x_wconf 78' lang='grc' dir='ltr'>ὢν</span> <span class='ocrx_word' id='word_1_77' title='bbox 667 1346 734 1398; x_wconf 78' lang='grc' dir='ltr'><strong>τά</strong></span> <span class='ocrx_word' id='word_1_78' title='bbox 759 1346 841 1407; x_wconf 82' lang='grc' dir='ltr'><strong>εἱς</strong></span> <span class='ocrx_word' id='word_1_79' title='bbox 868 1345 1092 1414; x_wconf 80' lang='grc' dir='ltr'>ἀρετὴν,</span> <span class='ocrx_word' id='word_1_80' title='bbox 1132 1343 1226 1396; x_wconf 84' lang='grc' dir='ltr'>καὶ</span> <span class='ocrx_word' id='word_1_81' title='bbox 1257 1345 1330 1412; x_wconf 83' lang='grc' dir='ltr'>μή</span> <span class='ocrx_word' id='word_1_82' title='bbox 1358 1341 1760 1411; x_wconf 83' lang='grc' dir='ltr'>ἀλλοιούμενος,</span> <span class='ocrx_word' id='word_1_83' title='bbox 1797 1340 1894 1391; x_wconf 67' lang='grc' dir='ltr'><strong>καὶ</strong></span> 
     </span>
    </p>
   </div>
   <div class='ocr_carea' id='block_1_15' title="bbox 321 1427 1894 1508">
    <p class='ocr_par' dir='ltr' id='par_1_15' title="bbox 321 1427 1894 1508">
     <span class='ocr_line' id='line_1_15' title="bbox 321 1427 1894 1508; baseline -0.008 -16"><span class='ocrx_word' id='word_1_84' title='bbox 321 1441 414 1508; x_wconf 73' lang='grc' dir='ltr'>τὴν</span> <span class='ocrx_word' id='word_1_85' title='bbox 446 1439 694 1506; x_wconf 78' lang='grc' dir='ltr'><strong>ὁμόζυγα</strong></span> <span class='ocrx_word' id='word_1_86' title='bbox 723 1437 802 1498; x_wconf 82' lang='grc' dir='ltr'><strong>εἱς</strong></span> <span class='ocrx_word' id='word_1_87' title='bbox 831 1435 994 1503; x_wconf 83' lang='grc' dir='ltr'>ὃμοια</span> <span class='ocrx_word' id='word_1_88' title='bbox 1023 1432 1214 1486; x_wconf 80' lang='grc' dir='ltr'>εῠθυνε</span> <span class='ocrx_word' id='word_1_89' title='bbox 1238 1449 1254 1466; x_wconf 64' lang='grc'>⁸</span> <span class='ocrx_word' id='word_1_90' title='bbox 1286 1433 1380 1485; x_wconf 82' lang='grc' dir='ltr'>καὶ</span> <span class='ocrx_word' id='word_1_91' title='bbox 1417 1429 1735 1500; x_wconf 73' lang='grc' dir='ltr'>κατώρθουν</span> <span class='ocrx_word' id='word_1_92' title='bbox 1767 1427 1894 1481; x_wconf 78' lang='grc' dir='ltr'>ἐπί-</span> 
     </span>
    </p>
   </div>
   <div class='ocr_carea' id='block_1_16' title="bbox 323 1515 1896 1599">
    <p class='ocr_par' dir='ltr' id='par_1_16' title="bbox 323 1515 1896 1599">
     <span class='ocr_line' id='line_1_16' title="bbox 323 1515 1896 1599; baseline -0.006 -19"><span class='ocrx_word' id='word_1_93' title='bbox 323 1545 418 1599; x_wconf 88' lang='grc' dir='ltr'><strong>σης</strong></span> <span class='ocrx_word' id='word_1_94' title='bbox 444 1527 509 1580; x_wconf 81' lang='grc' dir='ltr'>τὸ</span> <span class='ocrx_word' id='word_1_95' title='bbox 538 1525 633 1580; x_wconf 82' lang='grc' dir='ltr'>τοῦ</span> <span class='ocrx_word' id='word_1_96' title='bbox 662 1524 802 1578; x_wconf 80' lang='grc' dir='ltr'>Θεοῦ</span> <span class='ocrx_word' id='word_1_97' title='bbox 848 1525 1010 1595; x_wconf 75' lang='grc' dir='ltr'>ἔργον</span> <span class='ocrx_word' id='word_1_98' title='bbox 1066 1525 1392 1592; x_wconf 81' lang='grc' dir='ltr'>ἀμφότεροι.</span> <span class='ocrx_word' id='word_1_99' title='bbox 1435 1522 1544 1576; x_wconf 74' lang='grc' dir='ltr'><strong>Καὶ</strong></span> <span class='ocrx_word' id='word_1_100' title='bbox 1579 1522 1678 1574; x_wconf 74' lang='grc' dir='ltr'>οὐκ</span> <span class='ocrx_word' id='word_1_101' title='bbox 1704 1515 1771 1589; x_wconf 81' lang='grc' dir='ltr'>ἦν</span> <span class='ocrx_word' id='word_1_102' title='bbox 1805 1519 1896 1583; x_wconf 84' lang='grc' dir='ltr'><strong>ζυ-</strong></span> 
     </span>
    </p>
   </div>
   <div class='ocr_carea' id='block_1_17' title="bbox 321 1612 1891 1686">
    <p class='ocr_par' dir='ltr' id='par_1_17' title="bbox 321 1612 1891 1686">
     <span class='ocr_line' id='line_1_17' title="bbox 321 1612 1891 1686; baseline -0.004 -16"><span class='ocrx_word' id='word_1_103' title='bbox 321 1619 587 1686; x_wconf 82' lang='grc' dir='ltr'>γομαχεῖν</span> <span class='ocrx_word' id='word_1_104' title='bbox 614 1616 833 1680; x_wconf 76' lang='grc' dir='ltr'>αὐτοὺς,</span> <span class='ocrx_word' id='word_1_105' title='bbox 865 1613 1046 1683; x_wconf 87' lang='grc' dir='ltr'>πολλῴ</span> <span class='ocrx_word' id='word_1_106' title='bbox 1072 1613 1128 1668; x_wconf 83' lang='grc' dir='ltr'><strong>δέ</strong></span> <span class='ocrx_word' id='word_1_107' title='bbox 1161 1614 1324 1667; x_wconf 83' lang='grc' dir='ltr'>πλέον</span> <span class='ocrx_word' id='word_1_108' title='bbox 1355 1612 1478 1666; x_wconf 80' lang='grc' dir='ltr'><strong>οὐδὲ</strong></span> <span class='ocrx_word' id='word_1_109' title='bbox 1517 1612 1891 1681; x_wconf 86' lang='grc' dir='ltr'>παροιστρεῖν.</span> 
     </span>
    </p>
   </div>
   <div class='ocr_carea' id='block_1_18' title="bbox 1990 491 3543 563">
    <p class='ocr_par' dir='ltr' id='par_1_18' title="bbox 1990 491 3543 563">
     <span class='ocr_line' id='line_1_18' title="bbox 1990 491 3543 563; baseline -0.001 -16"><span class='ocrx_word' id='word_1_110' title='bbox 1990 494 2293 557; x_wconf 88' lang='lat' dir='ltr'><strong>neratione,</strong></span> <span class='ocrx_word' id='word_1_111' title='bbox 2339 507 2638 562; x_wconf 90' lang='lat' dir='ltr'><strong>eorumque</strong></span> <span class='ocrx_word' id='word_1_112' title='bbox 2668 495 2758 562; x_wconf 86' lang='lat' dir='ltr'><strong>qui</strong></span> <span class='ocrx_word' id='word_1_113' title='bbox 2803 499 3024 563; x_wconf 75' lang='lat' dir='ltr'><strong>possent</strong></span> <span class='ocrx_word' id='word_1_114' title='bbox 3078 491 3358 547; x_wconf 84' lang='lat' dir='ltr'><strong>attrahere</strong></span> <span class='ocrx_word' id='word_1_115' title='bbox 3402 493 3543 561; x_wconf 89' lang='lat' dir='ltr'><strong>opti-</strong></span> 
     </span>
    </p>
   </div>
   <div class='ocr_carea' id='block_1_19' title="bbox 1987 590 3545 660">
    <p class='ocr_par' dir='ltr' id='par_1_19' title="bbox 1987 590 3545 660">
     <span class='ocr_line' id='line_1_19' title="bbox 1987 590 3545 660; baseline 0.003 -18"><span class='ocrx_word' id='word_1_116' title='bbox 1987 591 2057 644; x_wconf 91' lang='lat' dir='ltr'><strong>mi</strong></span> <span class='ocrx_word' id='word_1_117' title='bbox 2114 590 2285 660; x_wconf 80' lang='lat' dir='ltr'><strong>patris</strong></span> <span class='ocrx_word' id='word_1_118' title='bbox 2334 590 2767 647; x_wconf 75' lang='lat' dir='ltr'><strong>benedictionem</strong></span> <span class='ocrx_word' id='word_1_119' title='bbox 2822 600 2876 646; x_wconf 89' lang='lat' dir='ltr'><strong>et</strong></span> <span class='ocrx_word' id='word_1_120' title='bbox 2930 591 3124 646; x_wconf 90' lang='lat' dir='ltr'><strong>matris</strong></span> <span class='ocrx_word' id='word_1_121' title='bbox 3177 592 3245 647; x_wconf 89' lang='lat' dir='ltr'><strong>de</strong></span> <span class='ocrx_word' id='word_1_122' title='bbox 3286 591 3412 645; x_wconf 84' lang='lat' dir='ltr'><strong>filiis</strong></span> <span class='ocrx_word' id='word_1_123' title='bbox 3453 591 3545 646; x_wconf 75' lang='lat' dir='ltr'><strong>la:-</strong></span> 
     </span>
    </p>
   </div>
   <div class='ocr_carea' id='block_1_20' title="bbox 1988 682 2172 738">
    <p class='ocr_par' dir='ltr' id='par_1_20' title="bbox 1988 682 2172 738">
     <span class='ocr_line' id='line_1_20' title="bbox 1988 682 2172 738; baseline 0.016 -3"><span class='ocrx_word' id='word_1_124' title='bbox 1988 682 2172 738; x_wconf 90' lang='lat' dir='ltr'><strong>tantis.</strong></span> 
     </span>
    </p>
   </div>
   <div class='ocr_carea' id='block_1_21' title="bbox 2058 795 3549 867">
    <p class='ocr_par' dir='ltr' id='par_1_21' title="bbox 2058 795 3549 867">
     <span class='ocr_line' id='line_1_21' title="bbox 2058 795 3549 867; baseline 0 -19"><span class='ocrx_word' id='word_1_125' title='bbox 2058 795 2146 849; x_wconf 68' lang='grc'><strong>12.</strong></span> <span class='ocrx_word' id='word_1_126' title='bbox 2188 795 2312 850; x_wconf 89' lang='lat' dir='ltr'><strong>Inde</strong></span> <span class='ocrx_word' id='word_1_127' title='bbox 2343 795 2433 866; x_wconf 91' lang='lat' dir='ltr'><strong>(ne</strong></span> <span class='ocrx_word' id='word_1_128' title='bbox 2463 797 2658 866; x_wconf 82' lang='lat' dir='ltr'><strong>prioris</strong></span> <span class='ocrx_word' id='word_1_129' title='bbox 2686 798 2901 852; x_wconf 87' lang='lat' dir='ltr'><strong>virtutis</strong></span> <span class='ocrx_word' id='word_1_130' title='bbox 2950 798 3152 867; x_wconf 81' lang='lat' dir='ltr'><strong>speciei</strong></span> <span class='ocrx_word' id='word_1_131' title='bbox 3208 796 3549 850; x_wconf 83' lang='lat' dir='ltr'><strong>immiscere-</strong></span> 
     </span>
    </p>
   </div>
   <div class='ocr_carea' id='block_1_22' title="bbox 1991 885 3551 956">
    <p class='ocr_par' dir='ltr' id='par_1_22' title="bbox 1991 885 3551 956">
     <span class='ocr_line' id='line_1_22' title="bbox 1991 885 3551 956; baseline -0.001 -16"><span class='ocrx_word' id='word_1_132' title='bbox 1991 895 2076 940; x_wconf 89' lang='lat' dir='ltr'><strong>tur</strong></span> <span class='ocrx_word' id='word_1_133' title='bbox 2101 887 2302 956; x_wconf 86' lang='lat' dir='ltr'><strong>aliquid</strong></span> <span class='ocrx_word' id='word_1_134' title='bbox 2345 896 2576 943; x_wconf 71' lang='lat' dir='ltr'><strong>terreare</strong></span> <span class='ocrx_word' id='word_1_135' title='bbox 2624 890 2902 956; x_wconf 65' lang='lat' dir='ltr'><strong>nequitiae,</strong></span> <span class='ocrx_word' id='word_1_136' title='bbox 2935 905 3033 944; x_wconf 90' lang='lat' dir='ltr'><strong>nec</strong></span> <span class='ocrx_word' id='word_1_137' title='bbox 3062 888 3366 943; x_wconf 85' lang='lat' dir='ltr'><strong>mundanus</strong></span> <span class='ocrx_word' id='word_1_138' title='bbox 3400 885 3551 938; x_wconf 84' lang='lat' dir='ltr'><strong>labor</strong></span> 
     </span>
    </p>
   </div>
   <div class='ocr_carea' id='block_1_23' title="bbox 1991 976 3543 1047">
    <p class='ocr_par' dir='ltr' id='par_1_23' title="bbox 1991 976 3543 1047">
     <span class='ocr_line' id='line_1_23' title="bbox 1991 976 3543 1047; baseline 0.001 -18"><span class='ocrx_word' id='word_1_139' title='bbox 1991 976 2148 1045; x_wconf 85' lang='lat' dir='ltr'><strong>hujus</strong></span> <span class='ocrx_word' id='word_1_140' title='bbox 2177 977 2414 1045; x_wconf 69' lang='lat' dir='ltr'><strong>praeclari</strong></span> <span class='ocrx_word' id='word_1_141' title='bbox 2441 977 2555 1047; x_wconf 81' lang='lat' dir='ltr'><strong>jugi</strong></span> <span class='ocrx_word' id='word_1_142' title='bbox 2585 978 2734 1045; x_wconf 89' lang='lat' dir='ltr'><strong>prius</strong></span> <span class='ocrx_word' id='word_1_143' title='bbox 2762 978 3090 1034; x_wconf 79' lang='lat' dir='ltr'><strong>frumentum</strong></span> <span class='ocrx_word' id='word_1_144' title='bbox 3134 979 3323 1034; x_wconf 88' lang='lat' dir='ltr'><strong>inutile</strong></span> <span class='ocrx_word' id='word_1_145' title='bbox 3357 979 3543 1032; x_wconf 89' lang='lat' dir='ltr'><strong>redde-</strong></span> 
     </span>
    </p>
   </div>
   <div class='ocr_carea' id='block_1_24' title="bbox 1991 1069 3552 1140">
    <p class='ocr_par' dir='ltr' id='par_1_24' title="bbox 1991 1069 3552 1140">
     <span class='ocr_line' id='line_1_24' title="bbox 1991 1069 3552 1140; baseline 0.001 -18"><span class='ocrx_word' id='word_1_146' title='bbox 1991 1078 2069 1123; x_wconf 89' lang='lat' dir='ltr'><strong>ret</strong></span> <span class='ocrx_word' id='word_1_147' title='bbox 2124 1069 2347 1124; x_wconf 71' lang='lat' dir='ltr'><strong>zizaniae</strong></span> <span class='ocrx_word' id='word_1_148' title='bbox 2401 1072 2710 1140; x_wconf 79' lang='lat' dir='ltr'><strong>propagine)</strong></span> <span class='ocrx_word' id='word_1_149' title='bbox 2765 1071 2868 1126; x_wconf 86' lang='lat' dir='ltr'><strong>alia</strong></span> <span class='ocrx_word' id='word_1_150' title='bbox 2911 1071 3128 1126; x_wconf 87' lang='lat' dir='ltr'><strong>virtutis</strong></span> <span class='ocrx_word' id='word_1_151' title='bbox 3155 1072 3239 1125; x_wconf 80' lang='lat' dir='ltr'><strong>via</strong></span> <span class='ocrx_word' id='word_1_152' title='bbox 3288 1087 3316 1125; x_wconf 93' lang='lat' dir='ltr'><strong>a</strong></span> <span class='ocrx_word' id='word_1_153' title='bbox 3361 1080 3552 1125; x_wconf 88' lang='lat' dir='ltr'><strong>sancto</strong></span> 
     </span>
    </p>
   </div>
   <div class='ocr_carea' id='block_1_25' title="bbox 1990 1160 3550 1232">
    <p class='ocr_par' dir='ltr' id='par_1_25' title="bbox 1990 1160 3550 1232">
     <span class='ocr_line' id='line_1_25' title="bbox 1990 1160 3550 1232; baseline 0.001 -19"><span class='ocrx_word' id='word_1_154' title='bbox 1990 1168 2107 1213; x_wconf 88' lang='lat' dir='ltr'><strong>erat</strong></span> <span class='ocrx_word' id='word_1_155' title='bbox 2141 1160 2424 1230; x_wconf 84' lang='lat' dir='ltr'><strong>diligenter</strong></span> <span class='ocrx_word' id='word_1_156' title='bbox 2458 1171 2684 1216; x_wconf 85' lang='lat' dir='ltr'><strong>sectata.</strong></span> <span class='ocrx_word' id='word_1_157' title='bbox 2718 1162 2964 1232; x_wconf 76' lang='lat' dir='ltr'><strong>Seipsum</strong></span> <span class='ocrx_word' id='word_1_158' title='bbox 2999 1163 3144 1217; x_wconf 92' lang='lat' dir='ltr'><strong>enim</strong></span> <span class='ocrx_word' id='word_1_159' title='bbox 3180 1163 3232 1216; x_wconf 88' lang='lat' dir='ltr'><strong>in</strong></span> <span class='ocrx_word' id='word_1_160' title='bbox 3274 1163 3550 1232; x_wconf 83' lang='lat' dir='ltr'><strong>prioribus</strong></span> 
     </span>
    </p>
   </div>
   <div class='ocr_carea' id='block_1_26' title="bbox 1989 1252 3554 1323">
    <p class='ocr_par' dir='ltr' id='par_1_26' title="bbox 1989 1252 3554 1323">
     <span class='ocr_line' id='line_1_26' title="bbox 1989 1252 3554 1323; baseline 0 -18"><span class='ocrx_word' id='word_1_161' title='bbox 1989 1252 2350 1306; x_wconf 76' lang='lat' dir='ltr'><strong>conservabat</strong></span> <span class='ocrx_word' id='word_1_162' title='bbox 2401 1253 2577 1316; x_wconf 88' lang='lat' dir='ltr'><strong>bonis,</strong></span> <span class='ocrx_word' id='word_1_163' title='bbox 2611 1254 2864 1323; x_wconf 84' lang='lat' dir='ltr'><strong>circaque</strong></span> <span class='ocrx_word' id='word_1_164' title='bbox 2911 1255 3164 1309; x_wconf 82' lang='lat' dir='ltr'><strong>virtutem</strong></span> <span class='ocrx_word' id='word_1_165' title='bbox 3209 1269 3316 1308; x_wconf 87' lang='lat' dir='ltr'><strong>non</strong></span> <span class='ocrx_word' id='word_1_166' title='bbox 3359 1254 3554 1307; x_wconf 91' lang='lat' dir='ltr'><strong>immu-</strong></span> 
     </span>
    </p>
   </div>
   <div class='ocr_carea' id='block_1_27' title="bbox 1995 1345 3552 1417">
    <p class='ocr_par' dir='ltr' id='par_1_27' title="bbox 1995 1345 3552 1417">
     <span class='ocr_line' id='line_1_27' title="bbox 1995 1345 3552 1417; baseline 0 -21"><span class='ocrx_word' id='word_1_167' title='bbox 1995 1353 2160 1409; x_wconf 76' lang='lat' dir='ltr'><strong>tatus,</strong></span> <span class='ocrx_word' id='word_1_168' title='bbox 2191 1346 2284 1399; x_wconf 83' lang='lat' dir='ltr'><strong>sed</strong></span> <span class='ocrx_word' id='word_1_169' title='bbox 2337 1346 2700 1414; x_wconf 84' lang='lat' dir='ltr'><strong>semperidem</strong></span> <span class='ocrx_word' id='word_1_170' title='bbox 2733 1354 2872 1410; x_wconf 90' lang='lat' dir='ltr'><strong>erat,</strong></span> <span class='ocrx_word' id='word_1_171' title='bbox 2910 1347 3016 1401; x_wconf 90' lang='lat' dir='ltr'><strong>imo</strong></span> <span class='ocrx_word' id='word_1_172' title='bbox 3055 1349 3338 1417; x_wconf 71' lang='lat' dir='ltr'><strong>coniugem</strong></span> <span class='ocrx_word' id='word_1_173' title='bbox 3373 1345 3438 1400; x_wconf 89' lang='lat' dir='ltr'><strong>ad</strong></span> <span class='ocrx_word' id='word_1_174' title='bbox 3474 1345 3552 1399; x_wconf 89' lang='lat' dir='ltr'><strong>si-</strong></span> 
     </span>
    </p>
   </div>
   <div class='ocr_carea' id='block_1_28' title="bbox 1995 1437 3553 1509">
    <p class='ocr_par' dir='ltr' id='par_1_28' title="bbox 1995 1437 3553 1509">
     <span class='ocr_line' id='line_1_28' title="bbox 1995 1437 3553 1509; baseline 0.001 -19"><span class='ocrx_word' id='word_1_175' title='bbox 1995 1437 2138 1490; x_wconf 85' lang='lat' dir='ltr'><strong>milia</strong></span> <span class='ocrx_word' id='word_1_176' title='bbox 2200 1438 2496 1507; x_wconf 78' lang='lat' dir='ltr'><strong>dirigebat;</strong></span> <span class='ocrx_word' id='word_1_177' title='bbox 2562 1449 2614 1493; x_wconf 92' lang='lat' dir='ltr'><strong>et</strong></span> <span class='ocrx_word' id='word_1_178' title='bbox 2673 1439 2764 1494; x_wconf 86' lang='lat' dir='ltr'><strong>Dei</strong></span> <span class='ocrx_word' id='word_1_179' title='bbox 2810 1455 2942 1509; x_wconf 85' lang='lat' dir='ltr'><strong>opus</strong></span> <span class='ocrx_word' id='word_1_180' title='bbox 2995 1455 3145 1508; x_wconf 78' lang='lat' dir='ltr'><strong>:rque</strong></span> <span class='ocrx_word' id='word_1_181' title='bbox 3198 1439 3553 1508; x_wconf 85' lang='lat' dir='ltr'><strong>perficiebant</strong></span> 
     </span>
    </p>
   </div>
   <div class='ocr_carea' id='block_1_29' title="bbox 1995 1529 3559 1594">
    <p class='ocr_par' dir='ltr' id='par_1_29' title="bbox 1995 1529 3559 1594">
     <span class='ocr_line' id='line_1_29' title="bbox 1995 1529 3559 1594; baseline 0 -12"><span class='ocrx_word' id='word_1_182' title='bbox 1995 1529 2176 1583; x_wconf 88' lang='lat' dir='ltr'><strong>ambo.</strong></span> <span class='ocrx_word' id='word_1_183' title='bbox 2221 1529 2329 1584; x_wconf 86' lang='lat' dir='ltr'><strong>Nec</strong></span> <span class='ocrx_word' id='word_1_184' title='bbox 2358 1531 2501 1585; x_wconf 88' lang='lat' dir='ltr'><strong>inter</strong></span> <span class='ocrx_word' id='word_1_185' title='bbox 2524 1546 2583 1585; x_wconf 91' lang='lat' dir='ltr'><strong>se</strong></span> <span class='ocrx_word' id='word_1_186' title='bbox 2612 1532 2967 1594; x_wconf 84' lang='lat' dir='ltr'><strong>dissidebant,</strong></span> <span class='ocrx_word' id='word_1_187' title='bbox 3001 1533 3196 1585; x_wconf 86' lang='lat' dir='ltr'><strong>nedum</strong></span> <span class='ocrx_word' id='word_1_188' title='bbox 3244 1534 3309 1583; x_wconf 89' lang='lat' dir='ltr'><strong>ad</strong></span> <span class='ocrx_word' id='word_1_189' title='bbox 3345 1532 3559 1583; x_wconf 88' lang='lat' dir='ltr'><strong>iracun-</strong></span> 
     </span>
    </p>
   </div>
   <div class='ocr_carea' id='block_1_30' title="bbox 1993 1620 3553 1688">
    <p class='ocr_par' dir='ltr' id='par_1_30' title="bbox 1993 1620 3553 1688">
     <span class='ocr_line' id='line_1_30' title="bbox 1993 1620 3553 1688; baseline -0.001 -16"><span class='ocrx_word' id='word_1_190' title='bbox 1993 1620 2139 1672; x_wconf 85' lang='lat' dir='ltr'><strong>diam</strong></span> <span class='ocrx_word' id='word_1_191' title='bbox 2201 1620 2432 1674; x_wconf 87' lang='lat' dir='ltr'><strong>invicem</strong></span> <span class='ocrx_word' id='word_1_192' title='bbox 2491 1632 2866 1688; x_wconf 79' lang='lat' dir='ltr'><strong>provocarent.</strong></span> <span class='ocrx_word' id='word_1_193' title='bbox 2922 1621 3350 1676; x_wconf 80' lang='lat' dir='ltr'><strong>Considerabaut</strong></span> <span class='ocrx_word' id='word_1_194' title='bbox 3411 1623 3553 1673; x_wconf 90' lang='lat' dir='ltr'><strong>enim</strong></span> 
     </span>
    </p>
   </div>
   <div class='ocr_carea' id='block_1_31' title="bbox 331 1701 1903 1795">
    <p class='ocr_par' dir='ltr' id='par_1_31' title="bbox 331 1701 1892 1777">
     <span class='ocr_line' id='line_1_31' title="bbox 331 1701 1892 1777; baseline -0.006 -15"><span class='ocrx_word' id='word_1_195' title='bbox 331 1705 731 1777; x_wconf 81' lang='grc' dir='ltr'>Ἐνεθυμοῦντο</span> <span class='ocrx_word' id='word_1_196' title='bbox 785 1706 898 1775; x_wconf 87' lang='grc' dir='ltr'><strong>γάρ</strong></span> <span class='ocrx_word' id='word_1_197' title='bbox 944 1704 1044 1768; x_wconf 79' lang='grc' dir='ltr'>τὰς</span> <span class='ocrx_word' id='word_1_198' title='bbox 1075 1705 1317 1767; x_wconf 83' lang='grc' dir='ltr'>παλαιὰς</span> <span class='ocrx_word' id='word_1_199' title='bbox 1373 1703 1635 1769; x_wconf 78' lang='grc' dir='ltr'><strong>συζυγίας</strong></span> <span class='ocrx_word' id='word_1_200' title='bbox 1661 1702 1770 1755; x_wconf 83' lang='grc' dir='ltr'><strong>τῶν</strong></span> <span class='ocrx_word' id='word_1_201' title='bbox 1799 1701 1892 1753; x_wconf 83' lang='grc' dir='ltr'>τοῦ</span> 
     </span>
    </p>
   </div>
   <div class='ocr_carea' id='block_1_32' title="bbox 2004 1701 3554 1795">
    <p class='ocr_par' dir='ltr' id='par_1_32' title="bbox 2004 1711 3554 1783">
     <span class='ocr_line' id='line_1_32' title="bbox 2004 1711 3554 1783; baseline -0.001 -19"><span class='ocrx_word' id='word_1_202' title='bbox 2004 1711 2222 1778; x_wconf 83' lang='lat' dir='ltr'><strong>antiqua</strong></span> <span class='ocrx_word' id='word_1_203' title='bbox 2250 1712 2494 1780; x_wconf 79' lang='lat' dir='ltr'><strong>conjugis</strong></span> <span class='ocrx_word' id='word_1_204' title='bbox 2528 1713 2820 1782; x_wconf 76' lang='lat' dir='ltr'><strong>iustorum,</strong></span> <span class='ocrx_word' id='word_1_205' title='bbox 2849 1714 2938 1783; x_wconf 87' lang='lat' dir='ltr'><strong>qui</strong></span> <span class='ocrx_word' id='word_1_206' title='bbox 2968 1728 2996 1766; x_wconf 89' lang='lat' dir='ltr'><strong>a</strong></span> <span class='ocrx_word' id='word_1_207' title='bbox 3029 1714 3135 1767; x_wconf 88' lang='lat' dir='ltr'><strong>Deo</strong></span> <span class='ocrx_word' id='word_1_208' title='bbox 3178 1712 3279 1766; x_wconf 85' lang='lat' dir='ltr'><strong>sibi</strong></span> <span class='ocrx_word' id='word_1_209' title='bbox 3325 1712 3554 1763; x_wconf 84' lang='lat' dir='ltr'><strong>invicem</strong></span> 
     </span>
    </p>
   </div>
   <div class='ocr_carea' id='block_1_33' title="bbox 319 1791 1888 1864">
    <p class='ocr_par' dir='ltr' id='par_1_33' title="bbox 319 1791 1888 1864">
     <span class='ocr_line' id='line_1_33' title="bbox 319 1791 1888 1864; baseline -0.003 -17"><span class='ocrx_word' id='word_1_210' title='bbox 319 1795 454 1848; x_wconf 80' lang='grc' dir='ltr'>Θεοῦ</span> <span class='ocrx_word' id='word_1_211' title='bbox 485 1793 816 1864; x_wconf 83' lang='grc' dir='ltr'>ἀνθρώπων,</span> <span class='ocrx_word' id='word_1_212' title='bbox 847 1793 899 1845; x_wconf 87' lang='grc' dir='ltr'>οἶ</span> <span class='ocrx_word' id='word_1_213' title='bbox 927 1792 1111 1862; x_wconf 77' lang='grc' dir='ltr'><strong>βοηθοὶ</strong></span> <span class='ocrx_word' id='word_1_214' title='bbox 1141 1793 1280 1864; x_wconf 83' lang='grc' dir='ltr'>πρὸς</span> <span class='ocrx_word' id='word_1_215' title='bbox 1324 1794 1460 1846; x_wconf 76' lang='grc' dir='ltr'>Θεοῦ</span> <span class='ocrx_word' id='word_1_216' title='bbox 1490 1791 1766 1862; x_wconf 82' lang='grc' dir='ltr'>δεδομένοι</span> <span class='ocrx_word' id='word_1_217' title='bbox 1794 1791 1888 1844; x_wconf 89' lang='grc' dir='ltr'>ἀλ-</span> 
     </span>
    </p>
   </div>
   <div class='ocr_carea' id='block_1_34' title="bbox 321 1879 1383 1957">
    <p class='ocr_par' dir='ltr' id='par_1_34' title="bbox 321 1879 1383 1957">
     <span class='ocr_line' id='line_1_34' title="bbox 321 1879 1383 1957; baseline 0.004 -20"><span class='ocrx_word' id='word_1_218' title='bbox 321 1886 519 1957; x_wconf 72' lang='grc' dir='ltr'>λήλοις,</span> <span class='ocrx_word' id='word_1_219' title='bbox 556 1886 786 1955; x_wconf 77' lang='grc' dir='ltr'>ἐργάται</span> <span class='ocrx_word' id='word_1_220' title='bbox 810 1879 953 1956; x_wconf 81' lang='grc' dir='ltr'>ἦσαν</span> <span class='ocrx_word' id='word_1_221' title='bbox 982 1885 1190 1938; x_wconf 85' lang='grc' dir='ltr'>ἐκείνου</span> <span class='ocrx_word' id='word_1_222' title='bbox 1221 1885 1383 1952; x_wconf 76' lang='grc' dir='ltr'>ἄξιοι.</span> 
     </span>
    </p>
   </div>
   <div class='ocr_carea' id='block_1_35' title="bbox 381 1992 1885 2067">
    <p class='ocr_par' dir='ltr' id='par_1_35' title="bbox 381 1992 1885 2067">
     <span class='ocr_line' id='line_1_35' title="bbox 381 1992 1885 2067; baseline -0.001 -17"><span class='ocrx_word' id='word_1_223' title='bbox 381 1996 482 2064; x_wconf 88' lang='grc' dir='ltr'>ιγ’.</span> <span class='ocrx_word' id='word_1_224' title='bbox 520 1998 610 2059; x_wconf 82' lang='grc' dir='ltr'>Ὠς</span> <span class='ocrx_word' id='word_1_225' title='bbox 652 1996 718 2066; x_wconf 77' lang='grc' dir='ltr'><strong>δὴ</strong></span> <span class='ocrx_word' id='word_1_226' title='bbox 749 1995 906 2050; x_wconf 79' lang='grc' dir='ltr'>ταῦθ’</span> <span class='ocrx_word' id='word_1_227' title='bbox 953 1995 1121 2058; x_wconf 76' lang='grc' dir='ltr'>οὕτως</span> <span class='ocrx_word' id='word_1_228' title='bbox 1170 1992 1305 2067; x_wconf 75' lang='grc' dir='ltr'>εἶχε,</span> <span class='ocrx_word' id='word_1_229' title='bbox 1358 1997 1451 2050; x_wconf 79' lang='grc' dir='ltr'>καὶ</span> <span class='ocrx_word' id='word_1_230' title='bbox 1479 1997 1645 2067; x_wconf 74' lang='grc' dir='ltr'>ἐχρῆν</span> <span class='ocrx_word' id='word_1_231' title='bbox 1673 1997 1763 2050; x_wconf 82' lang='grc' dir='ltr'>τὸν</span> <span class='ocrx_word' id='word_1_232' title='bbox 1792 1997 1885 2049; x_wconf 83' lang='grc' dir='ltr'><strong>τοῦ</strong></span> 
     </span>
    </p>
   </div>
   <div class='ocr_carea' id='block_1_36' title="bbox 317 2087 1887 2157">
    <p class='ocr_par' dir='ltr' id='par_1_36' title="bbox 317 2087 1887 2157">
     <span class='ocr_line' id='line_1_36' title="bbox 317 2087 1887 2157; baseline 0.002 -19"><span class='ocrx_word' id='word_1_233' title='bbox 317 2087 448 2142; x_wconf 74' lang='grc' dir='ltr'>θεοῦ</span> <span class='ocrx_word' id='word_1_234' title='bbox 477 2088 720 2157; x_wconf 78' lang='grc' dir='ltr'><strong>πελάτην</strong></span> <span class='ocrx_word' id='word_1_235' title='bbox 738 2090 1025 2157; x_wconf 80' lang='grc' dir='ltr'>ἐγγυτάτω</span> <span class='ocrx_word' id='word_1_236' title='bbox 1048 2089 1211 2142; x_wconf 83' lang='grc' dir='ltr'>πλέον</span> <span class='ocrx_word' id='word_1_237' title='bbox 1235 2089 1444 2142; x_wconf 79' lang='grc' dir='ltr'>ἐκείνου</span> <span class='ocrx_word' id='word_1_238' title='bbox 1465 2087 1718 2156; x_wconf 80' lang='grc' dir='ltr'>γενέσθαι</span> <span class='ocrx_word' id='word_1_239' title='bbox 1741 2088 1887 2155; x_wconf 76' lang='grc' dir='ltr'>(ἔδει</span> 
     </span>
    </p>
   </div>
   <div class='ocr_carea' id='block_1_37' title="bbox 319 2179 1887 2250">
    <p class='ocr_par' dir='ltr' id='par_1_37' title="bbox 319 2179 1887 2250">
     <span class='ocr_line' id='line_1_37' title="bbox 319 2179 1887 2250; baseline 0 -17"><span class='ocrx_word' id='word_1_240' title='bbox 319 2182 369 2233; x_wconf 77' lang='grc' dir='ltr'><strong>δὲ</strong></span> <span class='ocrx_word' id='word_1_241' title='bbox 399 2181 499 2232; x_wconf 69' lang='grc' dir='ltr'>καὶ</span> <span class='ocrx_word' id='word_1_242' title='bbox 541 2180 716 2244; x_wconf 81' lang='grc' dir='ltr'>ἄλλως</span> <span class='ocrx_word' id='word_1_243' title='bbox 741 2179 834 2233; x_wconf 78' lang='grc' dir='ltr'>τὸν</span> <span class='ocrx_word' id='word_1_244' title='bbox 872 2181 960 2233; x_wconf 74' lang='grc' dir='ltr'>ἀεὶ</span> <span class='ocrx_word' id='word_1_245' title='bbox 990 2180 1322 2250; x_wconf 82' lang='grc' dir='ltr'>θεωρητικὸν</span> <span class='ocrx_word' id='word_1_246' title='bbox 1349 2182 1620 2233; x_wconf 71' lang='grc' dir='ltr'>ἐπιτεῖναι</span> <span class='ocrx_word' id='word_1_247' title='bbox 1644 2179 1742 2249; x_wconf 78' lang='grc' dir='ltr'>τὴν</span> <span class='ocrx_word' id='word_1_248' title='bbox 1776 2181 1887 2233; x_wconf 85' lang='grc' dir='ltr'><strong>διό-</strong></span> 
     </span>
    </p>
   </div>
   <div class='ocr_carea' id='block_1_38' title="bbox 323 2270 1886 2340">
    <p class='ocr_par' dir='ltr' id='par_1_38' title="bbox 323 2270 1886 2340">
     <span class='ocr_line' id='line_1_38' title="bbox 323 2270 1886 2340; baseline -0.001 -16"><span class='ocrx_word' id='word_1_249' title='bbox 323 2289 507 2340; x_wconf 83' lang='grc' dir='ltr'>ρασιν,</span> <span class='ocrx_word' id='word_1_250' title='bbox 543 2272 642 2323; x_wconf 72' lang='grc' dir='ltr'>καὶ</span> <span class='ocrx_word' id='word_1_251' title='bbox 671 2272 788 2323; x_wconf 80' lang='grc' dir='ltr'>ἀντὶ</span> <span class='ocrx_word' id='word_1_252' title='bbox 815 2270 1003 2340; x_wconf 78' lang='grc' dir='ltr'>νοεροῦ</span> <span class='ocrx_word' id='word_1_253' title='bbox 1029 2272 1153 2324; x_wconf 77' lang='grc' dir='ltr'>νοῦν</span> <span class='ocrx_word' id='word_1_254' title='bbox 1181 2271 1254 2335; x_wconf 84' lang='grc' dir='ltr'>ὡς</span> <span class='ocrx_word' id='word_1_255' title='bbox 1279 2271 1399 2335; x_wconf 78' lang='grc' dir='ltr'>ἐξὸν</span> <span class='ocrx_word' id='word_1_256' title='bbox 1431 2270 1886 2340; x_wconf 77' lang='grc' dir='ltr'>ἀποτελεσθῆναι,</span> 
     </span>
    </p>
   </div>
   <div class='ocr_carea' id='block_1_39' title="bbox 321 2361 1888 2432">
    <p class='ocr_par' dir='ltr' id='par_1_39' title="bbox 321 2361 1888 2432">
     <span class='ocr_line' id='line_1_39' title="bbox 321 2361 1888 2432; baseline -0.001 -17"><span class='ocrx_word' id='word_1_257' title='bbox 321 2365 412 2415; x_wconf 69' lang='grc' dir='ltr'>καὶ</span> <span class='ocrx_word' id='word_1_258' title='bbox 443 2365 525 2425; x_wconf 80' lang='grc' dir='ltr'><strong>εἰς</strong></span> <span class='ocrx_word' id='word_1_259' title='bbox 566 2362 912 2430; x_wconf 79' lang='grc' dir='ltr'>ἀγγελοειδές</span> <span class='ocrx_word' id='word_1_260' title='bbox 947 2361 1306 2432; x_wconf 76' lang='grc' dir='ltr'>ἀναχθῆναι),</span> <span class='ocrx_word' id='word_1_261' title='bbox 1332 2363 1541 2430; x_wconf 86' lang='grc' dir='ltr'>γίνεται</span> <span class='ocrx_word' id='word_1_262' title='bbox 1581 2362 1718 2432; x_wconf 79' lang='grc' dir='ltr'>πρὸς</span> <span class='ocrx_word' id='word_1_263' title='bbox 1765 2363 1888 2414; x_wconf 81' lang='grc' dir='ltr'>ἐπι-</span> 
     </span>
    </p>
   </div>
   <div class='ocr_carea' id='block_1_40' title="bbox 321 2453 1887 2524">
    <p class='ocr_par' dir='ltr' id='par_1_40' title="bbox 321 2453 1887 2524">
     <span class='ocr_line' id='line_1_40' title="bbox 321 2453 1887 2524; baseline 0 -18"><span class='ocrx_word' id='word_1_264' title='bbox 321 2453 522 2524; x_wconf 66' lang='grc' dir='ltr'>θυμίας</span> <span class='ocrx_word' id='word_1_265' title='bbox 549 2453 724 2523; x_wconf 84' lang='grc' dir='ltr'>αὐτῷ,</span> <span class='ocrx_word' id='word_1_266' title='bbox 766 2454 864 2506; x_wconf 80' lang='grc' dir='ltr'>καὶ</span> <span class='ocrx_word' id='word_1_267' title='bbox 920 2455 1000 2516; x_wconf 79' lang='grc' dir='ltr'>εἰς</span> <span class='ocrx_word' id='word_1_268' title='bbox 1053 2454 1351 2523; x_wconf 70' lang='grc' dir='ltr'>ἱερωσύνης</span> <span class='ocrx_word' id='word_1_269' title='bbox 1391 2453 1523 2523; x_wconf 75' lang='grc' dir='ltr'>ὕψος</span> <span class='ocrx_word' id='word_1_270' title='bbox 1554 2454 1887 2523; x_wconf 83' lang='grc' dir='ltr'>ἀναπτῆναι,</span> 
     </span>
    </p>
   </div>
   <div class='ocr_carea' id='block_1_41' title="bbox 321 2543 1889 2614">
    <p class='ocr_par' dir='ltr' id='par_1_41' title="bbox 321 2543 1889 2614">
     <span class='ocr_line' id='line_1_41' title="bbox 321 2543 1889 2614; baseline 0.001 -17"><span class='ocrx_word' id='word_1_271' title='bbox 321 2546 410 2597; x_wconf 74' lang='grc' dir='ltr'><strong>καὶ</strong></span> <span class='ocrx_word' id='word_1_272' title='bbox 441 2543 620 2607; x_wconf 77' lang='grc' dir='ltr'>οὕτως</span> <span class='ocrx_word' id='word_1_273' title='bbox 681 2543 1043 2613; x_wconf 80' lang='grc' dir='ltr'>ἐγκαταμίξαι</span> <span class='ocrx_word' id='word_1_274' title='bbox 1071 2547 1182 2607; x_wconf 87' lang='grc' dir='ltr'>τοῖς</span> <span class='ocrx_word' id='word_1_275' title='bbox 1206 2546 1299 2596; x_wconf 77' lang='grc' dir='ltr'>τοῦ</span> <span class='ocrx_word' id='word_1_276' title='bbox 1339 2544 1473 2598; x_wconf 83' lang='grc' dir='ltr'>Θεοῦ</span> <span class='ocrx_word' id='word_1_277' title='bbox 1509 2545 1889 2614; x_wconf 85' lang='grc' dir='ltr'>παραστάταις</span> 
     </span>
    </p>
   </div>
   <div class='ocr_carea' id='block_1_42' title="bbox 319 2636 1888 2708">
    <p class='ocr_par' dir='ltr' id='par_1_42' title="bbox 319 2636 1888 2708">
     <span class='ocr_line' id='line_1_42' title="bbox 319 2636 1888 2708; baseline 0.002 -21"><span class='ocrx_word' id='word_1_278' title='bbox 319 2637 537 2699; x_wconf 68' lang='grc' dir='ltr'>ἑαυτὸν,</span> <span class='ocrx_word' id='word_1_279' title='bbox 597 2636 1010 2708; x_wconf 37' lang='grc' dir='ltr'>’τεχνησάμενος</span> <span class='ocrx_word' id='word_1_280' title='bbox 1050 2637 1148 2706; x_wconf 78' lang='grc' dir='ltr'>τὴν</span> <span class='ocrx_word' id='word_1_281' title='bbox 1199 2637 1372 2706; x_wconf 79' lang='grc' dir='ltr'>ἀρχὴν</span> <span class='ocrx_word' id='word_1_282' title='bbox 1416 2639 1513 2704; x_wconf 82' lang='grc' dir='ltr'>μὲν</span> <span class='ocrx_word' id='word_1_283' title='bbox 1555 2639 1660 2707; x_wconf 74' lang='grc' dir='ltr'>πρὸ</span> <span class='ocrx_word' id='word_1_284' title='bbox 1701 2638 1888 2690; x_wconf 86' lang='grc' dir='ltr'>πυλῶν</span> 
     </span>
    </p>
   </div>
   <div class='ocr_carea' id='block_1_43' title="bbox 1994 1800 3557 1873">
    <p class='ocr_par' dir='ltr' id='par_1_43' title="bbox 1994 1800 3557 1873">
     <span class='ocr_line' id='line_1_43' title="bbox 1994 1800 3557 1873; baseline 0 -19"><span class='ocrx_word' id='word_1_285' title='bbox 1994 1801 2060 1854; x_wconf 83' lang='lat' dir='ltr'><strong>ad</strong></span> <span class='ocrx_word' id='word_1_286' title='bbox 2125 1801 2493 1871; x_wconf 73' lang='lat' dir='ltr'><strong>adiumentum</strong></span> <span class='ocrx_word' id='word_1_287' title='bbox 2551 1805 2699 1868; x_wconf 89' lang='lat' dir='ltr'><strong>dati,</strong></span> <span class='ocrx_word' id='word_1_288' title='bbox 2753 1804 2900 1873; x_wconf 87' lang='lat' dir='ltr'><strong>digni</strong></span> <span class='ocrx_word' id='word_1_289' title='bbox 2956 1803 3100 1857; x_wconf 90' lang='lat' dir='ltr'><strong>illius</strong></span> <span class='ocrx_word' id='word_1_290' title='bbox 3152 1801 3388 1870; x_wconf 85' lang='lat' dir='ltr'><strong>operarii</strong></span> <span class='ocrx_word' id='word_1_291' title='bbox 3439 1800 3557 1854; x_wconf 84' lang='lat' dir='ltr'><strong>fue-</strong></span> 
     </span>
    </p>
   </div>
   <div class='ocr_carea' id='block_1_44' title="bbox 1993 1902 3302 1947">
    <p class='ocr_par' dir='ltr' id='par_1_44' title="bbox 1993 1902 3302 1947">
     <span class='ocr_line' id='line_1_44' title="bbox 1993 1902 3302 1947; baseline -0.002 -1"><span class='ocrx_word' id='word_1_292' title='bbox 1993 1902 2142 1947; x_wconf 86' lang='lat' dir='ltr'><strong>runt.</strong></span> <span class='ocrx_word' id='word_1_293' title='bbox 3293 1905 3302 1910; x_wconf 80' lang='grc'><em>’</em></span> 
     </span>
    </p>
   </div>
   <div class='ocr_carea' id='block_1_45' title="bbox 2062 2004 3559 2073">
    <p class='ocr_par' dir='ltr' id='par_1_45' title="bbox 2062 2004 3559 2073">
     <span class='ocr_line' id='line_1_45' title="bbox 2062 2004 3559 2073; baseline 0.001 -15"><span class='ocrx_word' id='word_1_294' title='bbox 2062 2006 2150 2061; x_wconf 76' lang='grc'><strong>13.</strong></span> <span class='ocrx_word' id='word_1_295' title='bbox 2189 2004 2321 2060; x_wconf 89' lang='lat' dir='ltr'><strong>Cum</strong></span> <span class='ocrx_word' id='word_1_296' title='bbox 2352 2005 2516 2073; x_wconf 80' lang='lat' dir='ltr'><strong>igitur</strong></span> <span class='ocrx_word' id='word_1_297' title='bbox 2545 2004 2659 2060; x_wconf 82' lang='lat' dir='ltr'><strong>haec</strong></span> <span class='ocrx_word' id='word_1_298' title='bbox 2697 2005 2768 2059; x_wconf 89' lang='lat' dir='ltr'><strong>ita</strong></span> <span class='ocrx_word' id='word_1_299' title='bbox 2799 2019 2857 2060; x_wconf 92' lang='lat' dir='ltr'><strong>se</strong></span> <span class='ocrx_word' id='word_1_300' title='bbox 2878 2005 3139 2061; x_wconf 90' lang='lat' dir='ltr'><strong>haberent</strong></span> <span class='ocrx_word' id='word_1_301' title='bbox 3165 2015 3218 2061; x_wconf 89' lang='lat' dir='ltr'><strong>et</strong></span> <span class='ocrx_word' id='word_1_302' title='bbox 3245 2005 3337 2059; x_wconf 90' lang='lat' dir='ltr'><strong>Dei</strong></span> <span class='ocrx_word' id='word_1_303' title='bbox 3367 2019 3559 2060; x_wconf 88' lang='lat' dir='ltr'><strong>servus</strong></span> 
     </span>
    </p>
   </div>
   <div class='ocr_carea' id='block_1_46' title="bbox 1992 2096 3558 2166">
    <p class='ocr_par' dir='ltr' id='par_1_46' title="bbox 1992 2096 3558 2166">
     <span class='ocr_line' id='line_1_46' title="bbox 1992 2096 3558 2166; baseline -0.001 -16"><span class='ocrx_word' id='word_1_304' title='bbox 1992 2097 2162 2166; x_wconf 85' lang='lat' dir='ltr'><strong>magis</strong></span> <span class='ocrx_word' id='word_1_305' title='bbox 2188 2096 2466 2166; x_wconf 81' lang='lat' dir='ltr'><strong>magisque</strong></span> <span class='ocrx_word' id='word_1_306' title='bbox 2509 2098 2576 2151; x_wconf 87' lang='lat' dir='ltr'><strong>ad</strong></span> <span class='ocrx_word' id='word_1_307' title='bbox 2618 2097 2781 2151; x_wconf 89' lang='lat' dir='ltr'><strong>Deum</strong></span> <span class='ocrx_word' id='word_1_308' title='bbox 2811 2099 3070 2153; x_wconf 86' lang='lat' dir='ltr'><strong>accedere</strong></span> <span class='ocrx_word' id='word_1_309' title='bbox 3118 2098 3342 2153; x_wconf 82' lang='lat' dir='ltr'><strong>deberet</strong></span> <span class='ocrx_word' id='word_1_310' title='bbox 3375 2099 3558 2166; x_wconf 62' lang='lat' dir='ltr'><strong>(caete-</strong></span> 
     </span>
    </p>
   </div>
   <div class='ocr_carea' id='block_1_47' title="bbox 1991 2189 3562 2260">
    <p class='ocr_par' dir='ltr' id='par_1_47' title="bbox 1991 2189 3562 2260">
     <span class='ocr_line' id='line_1_47' title="bbox 1991 2189 3562 2260; baseline 0 -19"><span class='ocrx_word' id='word_1_311' title='bbox 1991 2203 2106 2242; x_wconf 91' lang='lat' dir='ltr'><strong>rum</strong></span> <span class='ocrx_word' id='word_1_312' title='bbox 2138 2205 2234 2255; x_wconf 91' lang='lat' dir='ltr'><strong>par</strong></span> <span class='ocrx_word' id='word_1_313' title='bbox 2265 2199 2382 2244; x_wconf 90' lang='lat' dir='ltr'><strong>erat</strong></span> <span class='ocrx_word' id='word_1_314' title='bbox 2404 2197 2460 2243; x_wconf 92' lang='lat' dir='ltr'><strong>ut</strong></span> <span class='ocrx_word' id='word_1_315' title='bbox 2494 2189 2584 2258; x_wconf 89' lang='lat' dir='ltr'><strong>qui</strong></span> <span class='ocrx_word' id='word_1_316' title='bbox 2613 2205 2830 2260; x_wconf 87' lang='lat' dir='ltr'><strong>semper</strong></span> <span class='ocrx_word' id='word_1_317' title='bbox 2857 2191 3237 2256; x_wconf 84' lang='lat' dir='ltr'><strong>meditabatur,</strong></span> <span class='ocrx_word' id='word_1_318' title='bbox 3261 2189 3562 2259; x_wconf 86' lang='lat' dir='ltr'><strong>intelligen-</strong></span> 
     </span>
    </p>
   </div>
   <div class='ocr_carea' id='block_1_48' title="bbox 1993 2279 3556 2350">
    <p class='ocr_par' dir='ltr' id='par_1_48' title="bbox 1993 2279 3556 2350">
     <span class='ocr_line' id='line_1_48' title="bbox 1993 2279 3556 2350; baseline -0.001 -18"><span class='ocrx_word' id='word_1_319' title='bbox 1993 2279 2124 2332; x_wconf 87' lang='lat' dir='ltr'><strong>tiam</strong></span> <span class='ocrx_word' id='word_1_320' title='bbox 2151 2288 2523 2348; x_wconf 87' lang='lat' dir='ltr'><strong>promoveret,</strong></span> <span class='ocrx_word' id='word_1_321' title='bbox 2556 2287 2611 2335; x_wconf 88' lang='lat' dir='ltr'><strong>et</strong></span> <span class='ocrx_word' id='word_1_322' title='bbox 2633 2289 2866 2335; x_wconf 90' lang='lat' dir='ltr'><strong>mentem</strong></span> <span class='ocrx_word' id='word_1_323' title='bbox 2895 2295 2995 2350; x_wconf 91' lang='lat' dir='ltr'><strong>pro</strong></span> <span class='ocrx_word' id='word_1_324' title='bbox 3022 2280 3230 2336; x_wconf 82' lang='lat' dir='ltr'><strong>viribus</strong></span> <span class='ocrx_word' id='word_1_325' title='bbox 3257 2279 3556 2344; x_wconf 86' lang='lat' dir='ltr'><strong>excoleret,</strong></span> 
     </span>
    </p>
   </div>
   <div class='ocr_carea' id='block_1_49' title="bbox 1987 2370 3557 2440">
    <p class='ocr_par' dir='ltr' id='par_1_49' title="bbox 1987 2370 3557 2440">
     <span class='ocr_line' id='line_1_49' title="bbox 1987 2370 3557 2440; baseline -0.001 -16"><span class='ocrx_word' id='word_1_326' title='bbox 1987 2370 2066 2424; x_wconf 87' lang='lat' dir='ltr'><strong>ita</strong></span> <span class='ocrx_word' id='word_1_327' title='bbox 2130 2378 2190 2423; x_wconf 92' lang='lat' dir='ltr'><strong>ut</strong></span> <span class='ocrx_word' id='word_1_328' title='bbox 2246 2370 2314 2424; x_wconf 92' lang='lat' dir='ltr'><strong>ad</strong></span> <span class='ocrx_word' id='word_1_329' title='bbox 2368 2372 2680 2440; x_wconf 80' lang='lat' dir='ltr'><strong>angelorum</strong></span> <span class='ocrx_word' id='word_1_330' title='bbox 2727 2371 3134 2426; x_wconf 86' lang='lat' dir='ltr'><strong>similitudinem</strong></span> <span class='ocrx_word' id='word_1_331' title='bbox 3191 2371 3557 2438; x_wconf 88' lang='lat' dir='ltr'><strong>eveheretur),</strong></span> 
     </span>
    </p>
   </div>
   <div class='ocr_carea' id='block_1_50' title="bbox 1990 2461 3562 2532">
    <p class='ocr_par' dir='ltr' id='par_1_50' title="bbox 1990 2461 3562 2532">
     <span class='ocr_line' id='line_1_50' title="bbox 1990 2461 3562 2532; baseline -0.001 -14"><span class='ocrx_word' id='word_1_332' title='bbox 1990 2461 2321 2518; x_wconf 86' lang='lat' dir='ltr'><strong>desideravit</strong></span> <span class='ocrx_word' id='word_1_333' title='bbox 2342 2463 2408 2516; x_wconf 88' lang='lat' dir='ltr'><strong>ad</strong></span> <span class='ocrx_word' id='word_1_334' title='bbox 2441 2464 2728 2517; x_wconf 87' lang='lat' dir='ltr'><strong>sacerdotii</strong></span> <span class='ocrx_word' id='word_1_335' title='bbox 2753 2463 3024 2532; x_wconf 75' lang='lat' dir='ltr'><strong>fastigium</strong></span> <span class='ocrx_word' id='word_1_336' title='bbox 3049 2468 3365 2528; x_wconf 87' lang='lat' dir='ltr'><strong>ascendere,</strong></span> <span class='ocrx_word' id='word_1_337' title='bbox 3399 2473 3562 2531; x_wconf 82' lang='lat' dir='ltr'><strong>atque</strong></span> 
     </span>
    </p>
   </div>
   <div class='ocr_carea' id='block_1_51' title="bbox 1991 2552 3560 2621">
    <p class='ocr_par' dir='ltr' id='par_1_51' title="bbox 1991 2552 3560 2621">
     <span class='ocr_line' id='line_1_51' title="bbox 1991 2552 3560 2621; baseline -0.001 -13"><span class='ocrx_word' id='word_1_338' title='bbox 1991 2555 2073 2608; x_wconf 87' lang='lat' dir='ltr'><strong>sic</strong></span> <span class='ocrx_word' id='word_1_339' title='bbox 2102 2552 2192 2606; x_wconf 90' lang='lat' dir='ltr'><strong>Dei</strong></span> <span class='ocrx_word' id='word_1_340' title='bbox 2227 2552 2631 2620; x_wconf 86' lang='lat' dir='ltr'><strong>apparitoribus</strong></span> <span class='ocrx_word' id='word_1_341' title='bbox 2661 2567 2782 2606; x_wconf 90' lang='lat' dir='ltr'><strong>sese</strong></span> <span class='ocrx_word' id='word_1_342' title='bbox 2810 2568 3123 2621; x_wconf 73' lang='lat' dir='ltr'><strong>aggregare.</strong></span> <span class='ocrx_word' id='word_1_343' title='bbox 3159 2553 3339 2621; x_wconf 85' lang='lat' dir='ltr'><strong>Coepit</strong></span> <span class='ocrx_word' id='word_1_344' title='bbox 3380 2562 3560 2606; x_wconf 86' lang='lat' dir='ltr'><strong>autem</strong></span> 
     </span>
    </p>
   </div>
   <div class='ocr_carea' id='block_1_52' title="bbox 1991 2643 3562 2714">
    <p class='ocr_par' dir='ltr' id='par_1_52' title="bbox 1991 2643 3562 2714">
     <span class='ocr_line' id='line_1_52' title="bbox 1991 2643 3562 2714; baseline -0.003 -14"><span class='ocrx_word' id='word_1_345' title='bbox 1991 2661 2051 2701; x_wconf 89' lang='lat' dir='ltr'><strong>se</strong></span> <span class='ocrx_word' id='word_1_346' title='bbox 2077 2655 2420 2714; x_wconf 88' lang='lat' dir='ltr'><strong>prosternere</strong></span> <span class='ocrx_word' id='word_1_347' title='bbox 2451 2652 2578 2698; x_wconf 88' lang='lat' dir='ltr'><strong>ante</strong></span> <span class='ocrx_word' id='word_1_348' title='bbox 2636 2653 2822 2710; x_wconf 90' lang='lat' dir='ltr'><strong>portas</strong></span> <span class='ocrx_word' id='word_1_349' title='bbox 2872 2643 2988 2708; x_wconf 85' lang='lat' dir='ltr'><strong>Dei,</strong></span> <span class='ocrx_word' id='word_1_350' title='bbox 3040 2648 3255 2711; x_wconf 85' lang='lat' dir='ltr'><strong>quando</strong></span> <span class='ocrx_word' id='word_1_351' title='bbox 3317 2657 3436 2712; x_wconf 84' lang='lat' dir='ltr'><strong>quae</strong></span> <span class='ocrx_word' id='word_1_352' title='bbox 3494 2643 3562 2696; x_wconf 89' lang='lat' dir='ltr'><strong>ad</strong></span> 
     </span>
    </p>
   </div>
   <div class='ocr_carea' id='block_1_53' title="bbox 321 2727 1903 2800">
    <p class='ocr_par' dir='ltr' id='par_1_53' title="bbox 321 2727 1890 2800">
     <span class='ocr_line' id='line_1_53' title="bbox 321 2727 1890 2800; baseline 0.001 -20"><span class='ocrx_word' id='word_1_353' title='bbox 321 2727 640 2797; x_wconf 72' lang='grc' dir='ltr'>ῥιπτεῖσθαι</span> <span class='ocrx_word' id='word_1_354' title='bbox 701 2727 857 2794; x_wconf 79' lang='grc' dir='ltr'>Θεοῦ,</span> <span class='ocrx_word' id='word_1_355' title='bbox 899 2728 988 2780; x_wconf 85' lang='grc' dir='ltr'>ὅτε</span> <span class='ocrx_word' id='word_1_356' title='bbox 1021 2728 1093 2781; x_wconf 84' lang='grc' dir='ltr'><strong>τά</strong></span> <span class='ocrx_word' id='word_1_357' title='bbox 1141 2729 1263 2782; x_wconf 81' lang='grc' dir='ltr'>κατ’</span> <span class='ocrx_word' id='word_1_358' title='bbox 1313 2729 1516 2800; x_wconf 80' lang='grc' dir='ltr'>ἀρετὴν</span> <span class='ocrx_word' id='word_1_359' title='bbox 1545 2728 1890 2798; x_wconf 82' lang='grc' dir='ltr'>εἰσαγωγικά</span> 
     </span>
    </p>
   </div>
   <div class='ocr_carea' id='block_1_54' title="bbox 2004 2727 3563 2800">
    <p class='ocr_par' dir='ltr' id='par_1_54' title="bbox 2004 2733 3563 2800">
     <span class='ocr_line' id='line_1_54' title="bbox 2004 2733 3563 2800; baseline -0.001 -11"><span class='ocrx_word' id='word_1_360' title='bbox 2004 2739 2243 2792; x_wconf 71' lang='lat' dir='ltr'><strong>virtutem</strong></span> <span class='ocrx_word' id='word_1_361' title='bbox 2277 2737 2587 2790; x_wconf 89' lang='lat' dir='ltr'><strong>conducunt</strong></span> <span class='ocrx_word' id='word_1_362' title='bbox 2619 2734 3175 2800; x_wconf 86' lang='lat' dir='ltr'><strong>administrabantur;</strong></span> <span class='ocrx_word' id='word_1_363' title='bbox 3222 2733 3441 2798; x_wconf 87' lang='lat' dir='ltr'><strong>deinde,</strong></span> <span class='ocrx_word' id='word_1_364' title='bbox 3468 2749 3563 2788; x_wconf 87' lang='lat' dir='ltr'><strong>se-</strong></span> 
     </span>
    </p>
   </div>
   <div class='ocr_carea' id='block_1_55' title="bbox 319 2813 1903 2894">
    <p class='ocr_par' dir='ltr' id='par_1_55' title="bbox 319 2813 1893 2891">
     <span class='ocr_line' id='line_1_55' title="bbox 319 2813 1893 2891; baseline 0.003 -22"><span class='ocrx_word' id='word_1_365' title='bbox 319 2822 577 2872; x_wconf 81' lang='grc' dir='ltr'>ἐπονείτο</span> <span class='ocrx_word' id='word_1_366' title='bbox 599 2835 614 2849; x_wconf 88' lang='grc'><strong>·</strong></span> <span class='ocrx_word' id='word_1_367' title='bbox 648 2813 768 2871; x_wconf 75' lang='grc' dir='ltr'>εἷτα</span> <span class='ocrx_word' id='word_1_368' title='bbox 793 2821 886 2872; x_wconf 77' lang='grc' dir='ltr'>καὶ</span> <span class='ocrx_word' id='word_1_369' title='bbox 919 2817 1164 2890; x_wconf 80' lang='grc' dir='ltr'>ζητήσας</span> <span class='ocrx_word' id='word_1_370' title='bbox 1212 2820 1585 2888; x_wconf 85' lang='grc' dir='ltr'>εὐαγγελικῶς</span> <span class='ocrx_word' id='word_1_371' title='bbox 1626 2821 1705 2882; x_wconf 86' lang='grc' dir='ltr'><strong>εἱς</strong></span> <span class='ocrx_word' id='word_1_372' title='bbox 1736 2820 1893 2891; x_wconf 79' lang='grc' dir='ltr'>εὕρε-</span> 
     </span>
    </p>
   </div>
   <div class='ocr_carea' id='block_1_56' title="bbox 2004 2813 3566 2894">
    <p class='ocr_par' dir='ltr' id='par_1_56' title="bbox 2004 2823 3566 2894">
     <span class='ocr_line' id='line_1_56' title="bbox 2004 2823 3566 2894; baseline -0.005 -9"><span class='ocrx_word' id='word_1_373' title='bbox 2004 2829 2228 2885; x_wconf 75' lang='lat' dir='ltr'><strong>cundum</strong></span> <span class='ocrx_word' id='word_1_374' title='bbox 2257 2825 2630 2894; x_wconf 73' lang='lat' dir='ltr'><strong>Evangelium,</strong></span> <span class='ocrx_word' id='word_1_375' title='bbox 2666 2826 2916 2894; x_wconf 74' lang='lat' dir='ltr'><strong>quaesivit</strong></span> <span class='ocrx_word' id='word_1_376' title='bbox 2950 2835 3005 2878; x_wconf 90' lang='lat' dir='ltr'><strong>ut</strong></span> <span class='ocrx_word' id='word_1_377' title='bbox 3043 2825 3333 2888; x_wconf 72' lang='lat' dir='ltr'><strong>inveniret,</strong></span> <span class='ocrx_word' id='word_1_378' title='bbox 3365 2834 3417 2878; x_wconf 92' lang='lat' dir='ltr'><strong>et</strong></span> <span class='ocrx_word' id='word_1_379' title='bbox 3450 2823 3566 2893; x_wconf 85' lang='lat' dir='ltr'><strong>pul-</strong></span> 
     </span>
    </p>
   </div>
   <div class='ocr_carea' id='block_1_57' title="bbox 320 2899 1903 2984">
    <p class='ocr_par' dir='ltr' id='par_1_57' title="bbox 320 2907 1892 2979">
     <span class='ocr_line' id='line_1_57' title="bbox 320 2907 1892 2979; baseline 0.002 -19"><span class='ocrx_word' id='word_1_380' title='bbox 320 2927 424 2970; x_wconf 85' lang='grc' dir='ltr'>σιν,</span> <span class='ocrx_word' id='word_1_381' title='bbox 466 2909 570 2964; x_wconf 69' lang='grc' dir='ltr'>καὶ</span> <span class='ocrx_word' id='word_1_382' title='bbox 596 2907 837 2978; x_wconf 76' lang='grc' dir='ltr'>κρούσας</span> <span class='ocrx_word' id='word_1_383' title='bbox 867 2911 946 2972; x_wconf 86' lang='grc' dir='ltr'><strong>εἱς</strong></span> <span class='ocrx_word' id='word_1_384' title='bbox 975 2909 1178 2974; x_wconf 69' lang='grc' dir='ltr'>ἄνοιξιν</span> <span class='ocrx_word' id='word_1_385' title='bbox 1200 2927 1212 2938; x_wconf 92' lang='grc'><strong>·</strong></span> <span class='ocrx_word' id='word_1_386' title='bbox 1249 2909 1386 2979; x_wconf 79' lang='grc' dir='ltr'><strong>μετά</strong></span> <span class='ocrx_word' id='word_1_387' title='bbox 1429 2911 1485 2962; x_wconf 80' lang='grc' dir='ltr'><strong>δὲ</strong></span> <span class='ocrx_word' id='word_1_388' title='bbox 1514 2910 1774 2966; x_wconf 82' lang='grc' dir='ltr'>εἰσελθὼν</span> <span class='ocrx_word' id='word_1_389' title='bbox 1796 2912 1892 2964; x_wconf 70' lang='grc' dir='ltr'>καὶ</span> 
     </span>
    </p>
   </div>
   <div class='ocr_carea' id='block_1_58' title="bbox 2004 2899 3565 2984">
    <p class='ocr_par' dir='ltr' id='par_1_58' title="bbox 2004 2899 3565 2984">
     <span class='ocr_line' id='line_1_58' title="bbox 2004 2899 3565 2984; baseline -0.004 -10"><span class='ocrx_word' id='word_1_390' title='bbox 2004 2919 2134 2974; x_wconf 77' lang='lat' dir='ltr'><strong>savit</strong></span> <span class='ocrx_word' id='word_1_391' title='bbox 2159 2925 2216 2973; x_wconf 88' lang='lat' dir='ltr'><strong>ut</strong></span> <span class='ocrx_word' id='word_1_392' title='bbox 2250 2916 2555 2984; x_wconf 89' lang='lat' dir='ltr'><strong>aperiretur</strong></span> <span class='ocrx_word' id='word_1_393' title='bbox 2579 2932 2593 2980; x_wconf 89' lang='lat'><strong>;</strong></span> <span class='ocrx_word' id='word_1_394' title='bbox 2628 2899 2824 2971; x_wconf 78' lang='lat' dir='ltr'><strong>deinde</strong></span> <span class='ocrx_word' id='word_1_395' title='bbox 2846 2915 3066 2970; x_wconf 88' lang='lat' dir='ltr'><strong>intravit</strong></span> <span class='ocrx_word' id='word_1_396' title='bbox 3092 2915 3565 2982; x_wconf 80' lang='lat' dir='ltr'><strong>desideratumque</strong></span> 
     </span>
    </p>
   </div>
   <div class='ocr_carea' id='block_1_59' title="bbox 323 2998 1903 3092">
    <p class='ocr_par' dir='ltr' id='par_1_59' title="bbox 323 2998 1889 3070">
     <span class='ocr_line' id='line_1_59' title="bbox 323 2998 1889 3070; baseline 0.003 -20"><span class='ocrx_word' id='word_1_397' title='bbox 323 2999 450 3052; x_wconf 78' lang='grc' dir='ltr'>ἰδὼν</span> <span class='ocrx_word' id='word_1_398' title='bbox 477 2999 574 3050; x_wconf 81' lang='grc' dir='ltr'>τὸν</span> <span class='ocrx_word' id='word_1_399' title='bbox 613 2998 972 3067; x_wconf 78' lang='grc' dir='ltr'>ποθούμενον,</span> <span class='ocrx_word' id='word_1_400' title='bbox 1021 3003 1119 3053; x_wconf 72' lang='grc' dir='ltr'>καὶ</span> <span class='ocrx_word' id='word_1_401' title='bbox 1173 2999 1482 3061; x_wconf 77' lang='grc' dir='ltr'>ἀκολούθως</span> <span class='ocrx_word' id='word_1_402' title='bbox 1510 3003 1756 3070; x_wconf 83' lang='grc' dir='ltr'>ἐγγίσας,</span> <span class='ocrx_word' id='word_1_403' title='bbox 1793 3005 1889 3056; x_wconf 77' lang='grc' dir='ltr'>καὶ</span> 
     </span>
    </p>
   </div>
   <div class='ocr_carea' id='block_1_60' title="bbox 2004 2998 3564 3092">
    <p class='ocr_par' dir='ltr' id='par_1_60' title="bbox 2004 3003 3564 3077">
     <span class='ocr_line' id='line_1_60' title="bbox 2004 3003 3564 3077; baseline -0.004 -15"><span class='ocrx_word' id='word_1_404' title='bbox 2004 3010 2128 3062; x_wconf 82' lang='lat' dir='ltr'><strong>vidit</strong></span> <span class='ocrx_word' id='word_1_405' title='bbox 2155 3018 2208 3062; x_wconf 88' lang='lat' dir='ltr'><strong>et</strong></span> <span class='ocrx_word' id='word_1_406' title='bbox 2243 3006 2712 3077; x_wconf 83' lang='lat' dir='ltr'><strong>appropinquavit,</strong></span> <span class='ocrx_word' id='word_1_407' title='bbox 2761 3012 2814 3059; x_wconf 90' lang='lat' dir='ltr'><strong>et</strong></span> <span class='ocrx_word' id='word_1_408' title='bbox 2862 3004 3111 3074; x_wconf 87' lang='lat' dir='ltr'><strong>denique,</strong></span> <span class='ocrx_word' id='word_1_409' title='bbox 3173 3004 3246 3058; x_wconf 93' lang='lat' dir='ltr'><strong>uti</strong></span> <span class='ocrx_word' id='word_1_410' title='bbox 3298 3003 3564 3058; x_wconf 88' lang='lat' dir='ltr'><strong>desiderio</strong></span> 
     </span>
    </p>
   </div>
   <div class='ocr_carea' id='block_1_61' title="bbox 320 3091 1903 3168">
    <p class='ocr_par' dir='ltr' id='par_1_61' title="bbox 320 3091 1892 3165">
     <span class='ocr_line' id='line_1_61' title="bbox 320 3091 1892 3165; baseline 0.003 -23"><span class='ocrx_word' id='word_1_411' title='bbox 320 3092 415 3146; x_wconf 74' lang='grc' dir='ltr'>ἐπὶ</span> <span class='ocrx_word' id='word_1_412' title='bbox 444 3092 618 3145; x_wconf 72' lang='grc' dir='ltr'>πᾶσιν</span> <span class='ocrx_word' id='word_1_413' title='bbox 649 3091 890 3156; x_wconf 82' lang='grc' dir='ltr'>ἐνωθεὶς,</span> <span class='ocrx_word' id='word_1_414' title='bbox 932 3091 1043 3144; x_wconf 73' lang='grc' dir='ltr'>εἴτε</span> <span class='ocrx_word' id='word_1_415' title='bbox 1071 3092 1164 3144; x_wconf 75' lang='grc' dir='ltr'><strong>καὶ</strong></span> <span class='ocrx_word' id='word_1_416' title='bbox 1201 3093 1551 3162; x_wconf 81' lang='grc' dir='ltr'>ἀνακραθεὶς,</span> <span class='ocrx_word' id='word_1_417' title='bbox 1589 3093 1779 3162; x_wconf 77' lang='grc' dir='ltr'>ὥσπερ</span> <span class='ocrx_word' id='word_1_418' title='bbox 1813 3093 1892 3165; x_wconf 81' lang='grc' dir='ltr'>τῷ</span> 
     </span>
    </p>
   </div>
   <div class='ocr_carea' id='block_1_62' title="bbox 2004 3091 3562 3168">
    <p class='ocr_par' dir='ltr' id='par_1_62' title="bbox 2004 3095 3562 3168">
     <span class='ocr_line' id='line_1_62' title="bbox 2004 3095 3562 3168; baseline -0.004 -14"><span class='ocrx_word' id='word_1_419' title='bbox 2004 3101 2135 3168; x_wconf 78' lang='lat' dir='ltr'><strong>ejus,</strong></span> <span class='ocrx_word' id='word_1_420' title='bbox 2192 3100 2266 3153; x_wconf 90' lang='lat' dir='ltr'><strong>ita</strong></span> <span class='ocrx_word' id='word_1_421' title='bbox 2327 3101 2489 3153; x_wconf 91' lang='lat' dir='ltr'><strong>etiam</strong></span> <span class='ocrx_word' id='word_1_422' title='bbox 2542 3098 2938 3152; x_wconf 90' lang='lat' dir='ltr'><strong>illuminatione</strong></span> <span class='ocrx_word' id='word_1_423' title='bbox 2991 3097 3137 3150; x_wconf 89' lang='lat' dir='ltr'><strong>illinc</strong></span> <span class='ocrx_word' id='word_1_424' title='bbox 3190 3095 3562 3164; x_wconf 89' lang='lat' dir='ltr'><strong>proveniente,</strong></span> 
     </span>
    </p>
   </div>
   <div class='ocr_carea' id='block_1_63' title="bbox 321 3181 1903 3254">
    <p class='ocr_par' dir='ltr' id='par_1_63' title="bbox 321 3181 1756 3254">
     <span class='ocr_line' id='line_1_63' title="bbox 321 3181 1756 3254; baseline 0.003 -20"><span class='ocrx_word' id='word_1_425' title='bbox 321 3184 477 3252; x_wconf 62' lang='grc' dir='ltr'>πόθῳ</span> <span class='ocrx_word' id='word_1_426' title='bbox 507 3182 699 3248; x_wconf 76' lang='grc' dir='ltr'>αὐτοῦ,</span> <span class='ocrx_word' id='word_1_427' title='bbox 730 3181 877 3237; x_wconf 80' lang='grc' dir='ltr'>οὕτω</span> <span class='ocrx_word' id='word_1_428' title='bbox 908 3186 1002 3236; x_wconf 74' lang='grc' dir='ltr'>καὶ</span> <span class='ocrx_word' id='word_1_429' title='bbox 1023 3185 1144 3248; x_wconf 80' lang='grc' dir='ltr'>ταῖς</span> <span class='ocrx_word' id='word_1_430' title='bbox 1171 3183 1378 3237; x_wconf 83' lang='grc' dir='ltr'>ἐκεῖθεν</span> <span class='ocrx_word' id='word_1_431' title='bbox 1402 3183 1756 3254; x_wconf 83' lang='grc' dir='ltr'>ἐλλάμψεσιν.</span> 
     </span>
    </p>
   </div>
   <div class='ocr_carea' id='block_1_64' title="bbox 2004 3181 3106 3254">
    <p class='ocr_par' dir='ltr' id='par_1_64' title="bbox 2004 3189 3106 3246">
     <span class='ocr_line' id='line_1_64' title="bbox 2004 3189 3106 3246; baseline -0.004 0"><span class='ocrx_word' id='word_1_432' title='bbox 2004 3190 2252 3246; x_wconf 89' lang='lat' dir='ltr'><strong>oumibus</strong></span> <span class='ocrx_word' id='word_1_433' title='bbox 2288 3190 2472 3244; x_wconf 90' lang='lat' dir='ltr'><strong>unitus</strong></span> <span class='ocrx_word' id='word_1_434' title='bbox 2509 3189 2622 3243; x_wconf 84' lang='lat' dir='ltr'><strong>sive</strong></span> <span class='ocrx_word' id='word_1_435' title='bbox 2654 3189 2972 3244; x_wconf 83' lang='lat' dir='ltr'><strong>commistus</strong></span> <span class='ocrx_word' id='word_1_436' title='bbox 3003 3198 3106 3243; x_wconf 86' lang='lat' dir='ltr'><strong>est.</strong></span> 
     </span>
    </p>
   </div>
   <div class='ocr_carea' id='block_1_65' title="bbox 397 3307 1903 3389">
    <p class='ocr_par' dir='ltr' id='par_1_65' title="bbox 397 3311 1894 3388">
     <span class='ocr_line' id='line_1_65' title="bbox 397 3311 1894 3388; baseline -0.001 -19"><span class='ocrx_word' id='word_1_437' title='bbox 397 3317 490 3371; x_wconf 80' lang='grc' dir='ltr'><strong>ιδ’.</strong></span> <span class='ocrx_word' id='word_1_438' title='bbox 528 3316 618 3379; x_wconf 85' lang='grc' dir='ltr'>Ὦς</span> <span class='ocrx_word' id='word_1_439' title='bbox 639 3315 732 3370; x_wconf 77' lang='grc' dir='ltr'>οὖν</span> <span class='ocrx_word' id='word_1_440' title='bbox 753 3318 851 3370; x_wconf 74' lang='grc' dir='ltr'>καὶ</span> <span class='ocrx_word' id='word_1_441' title='bbox 876 3315 1035 3369; x_wconf 86' lang='grc' dir='ltr'>τοῦτο</span> <span class='ocrx_word' id='word_1_442' title='bbox 1068 3316 1231 3369; x_wconf 83' lang='grc' dir='ltr'>καλὸν</span> <span class='ocrx_word' id='word_1_443' title='bbox 1255 3311 1419 3388; x_wconf 80' lang='grc' dir='ltr'>ἦλθεν</span> <span class='ocrx_word' id='word_1_444' title='bbox 1452 3317 1600 3388; x_wconf 81' lang='grc' dir='ltr'>αὐτῷ</span> <span class='ocrx_word' id='word_1_445' title='bbox 1635 3318 1727 3370; x_wconf 81' lang='grc' dir='ltr'>ἐπὶ</span> <span class='ocrx_word' id='word_1_446' title='bbox 1748 3316 1894 3382; x_wconf 76' lang='grc' dir='ltr'>νοῦν,</span> 
     </span>
    </p>
   </div>
   <div class='ocr_carea' id='block_1_66' title="bbox 2004 3307 3568 3389">
    <p class='ocr_par' dir='ltr' id='par_1_66' title="bbox 2069 3307 3568 3389">
     <span class='ocr_line' id='line_1_66' title="bbox 2069 3307 3568 3389; baseline -0.002 -14"><span class='ocrx_word' id='word_1_447' title='bbox 2069 3321 2158 3375; x_wconf 73' lang='grc' dir='ltr'><strong>Η.</strong></span> <span class='ocrx_word' id='word_1_448' title='bbox 2197 3319 2329 3375; x_wconf 91' lang='lat' dir='ltr'><strong>Cum</strong></span> <span class='ocrx_word' id='word_1_449' title='bbox 2355 3319 2519 3389; x_wconf 86' lang='lat' dir='ltr'><strong>igitur</strong></span> <span class='ocrx_word' id='word_1_450' title='bbox 2547 3307 2651 3374; x_wconf 82' lang='lat' dir='ltr'><strong>hoc</strong></span> <span class='ocrx_word' id='word_1_451' title='bbox 2685 3317 2952 3372; x_wconf 86' lang='lat' dir='ltr'><strong>laudabile</strong></span> <span class='ocrx_word' id='word_1_452' title='bbox 2987 3319 3326 3388; x_wconf 89' lang='lat' dir='ltr'><strong>propositum</strong></span> <span class='ocrx_word' id='word_1_453' title='bbox 3357 3333 3422 3374; x_wconf 85' lang='lat' dir='ltr'><strong>ex</strong></span> <span class='ocrx_word' id='word_1_454' title='bbox 3450 3317 3568 3372; x_wconf 90' lang='lat' dir='ltr'><strong>ani-</strong></span> 
     </span>
    </p>
   </div>
   <div class='ocr_carea' id='block_1_67' title="bbox 324 3407 1903 3480">
    <p class='ocr_par' dir='ltr' id='par_1_67' title="bbox 324 3407 1898 3480">
     <span class='ocr_line' id='line_1_67' title="bbox 324 3407 1898 3480; baseline 0 -20"><span class='ocrx_word' id='word_1_455' title='bbox 324 3411 423 3461; x_wconf 75' lang='grc' dir='ltr'>καὶ</span> <span class='ocrx_word' id='word_1_456' title='bbox 462 3408 752 3478; x_wconf 75' lang='grc' dir='ltr'>ἐξεφάνθη,</span> <span class='ocrx_word' id='word_1_457' title='bbox 790 3409 884 3463; x_wconf 78' lang='grc' dir='ltr'><strong>καὶ</strong></span> <span class='ocrx_word' id='word_1_458' title='bbox 919 3407 1259 3461; x_wconf 79' lang='grc' dir='ltr'>ἐκτελεῖσθαι</span> <span class='ocrx_word' id='word_1_459' title='bbox 1292 3409 1519 3480; x_wconf 74' lang='grc' dir='ltr'>ἤρξατο,</span> <span class='ocrx_word' id='word_1_460' title='bbox 1568 3411 1664 3462; x_wconf 73' lang='grc' dir='ltr'>καὶ</span> <span class='ocrx_word' id='word_1_461' title='bbox 1693 3410 1720 3461; x_wconf 86' lang='grc' dir='ltr'>ὁ</span> <span class='ocrx_word' id='word_1_462' title='bbox 1753 3409 1898 3477; x_wconf 71' lang='grc' dir='ltr'>ἱερὸς</span> 
     </span>
    </p>
   </div>
   <div class='ocr_carea' id='block_1_68' title="bbox 2004 3407 3567 3480">
    <p class='ocr_par' dir='ltr' id='par_1_68' title="bbox 2004 3408 3567 3480">
     <span class='ocr_line' id='line_1_68' title="bbox 2004 3408 3567 3480; baseline -0.001 -14"><span class='ocrx_word' id='word_1_463' title='bbox 2004 3411 2073 3467; x_wconf 91' lang='lat' dir='ltr'><strong>mi</strong></span> <span class='ocrx_word' id='word_1_464' title='bbox 2101 3411 2407 3466; x_wconf 89' lang='lat' dir='ltr'><strong>recessibus</strong></span> <span class='ocrx_word' id='word_1_465' title='bbox 2437 3411 2491 3464; x_wconf 93' lang='lat' dir='ltr'><strong>in</strong></span> <span class='ocrx_word' id='word_1_466' title='bbox 2524 3409 2697 3464; x_wconf 86' lang='lat' dir='ltr'><strong>lucem</strong></span> <span class='ocrx_word' id='word_1_467' title='bbox 2727 3408 2943 3478; x_wconf 88' lang='lat' dir='ltr'><strong>prodire</strong></span> <span class='ocrx_word' id='word_1_468' title='bbox 2965 3419 3018 3464; x_wconf 91' lang='lat' dir='ltr'><strong>et</strong></span> <span class='ocrx_word' id='word_1_469' title='bbox 3053 3411 3119 3464; x_wconf 91' lang='lat' dir='ltr'><strong>ad</strong></span> <span class='ocrx_word' id='word_1_470' title='bbox 3141 3408 3390 3466; x_wconf 80' lang='lat' dir='ltr'><strong>effectum</strong></span> <span class='ocrx_word' id='word_1_471' title='bbox 3440 3425 3567 3480; x_wconf 89' lang='lat' dir='ltr'><strong>per-</strong></span> 
     </span>
    </p>
   </div>
   <div class='ocr_carea' id='block_1_69' title="bbox 324 3494 1903 3574">
    <p class='ocr_par' dir='ltr' id='par_1_69' title="bbox 324 3494 1900 3572">
     <span class='ocr_line' id='line_1_69' title="bbox 324 3494 1900 3572; baseline -0.001 -19"><span class='ocrx_word' id='word_1_472' title='bbox 324 3498 516 3553; x_wconf 82' lang='grc' dir='ltr'>κανὼν</span> <span class='ocrx_word' id='word_1_473' title='bbox 537 3500 724 3570; x_wconf 77' lang='grc' dir='ltr'>ἐζήτει</span> <span class='ocrx_word' id='word_1_474' title='bbox 757 3500 856 3570; x_wconf 85' lang='grc' dir='ltr'>τὴν</span> <span class='ocrx_word' id='word_1_475' title='bbox 886 3502 950 3553; x_wconf 89' lang='grc' dir='ltr'><strong>ἐκ</strong></span> <span class='ocrx_word' id='word_1_476' title='bbox 983 3500 1299 3572; x_wconf 85' lang='grc' dir='ltr'>μαρτυριῶν</span> <span class='ocrx_word' id='word_1_477' title='bbox 1346 3503 1606 3554; x_wconf 83' lang='grc' dir='ltr'>σύστασιν</span> <span class='ocrx_word' id='word_1_478' title='bbox 1632 3517 1646 3533; x_wconf 79' lang='grc' dir='ltr'><strong>ο</strong></span> <span class='ocrx_word' id='word_1_479' title='bbox 1673 3494 1739 3568; x_wconf 79' lang='grc' dir='ltr'>ἦν</span> <span class='ocrx_word' id='word_1_480' title='bbox 1771 3501 1900 3554; x_wconf 87' lang='grc' dir='ltr'>ἰδεῖν</span> 
     </span>
    </p>
   </div>
   <div class='ocr_carea' id='block_1_70' title="bbox 2004 3494 3568 3574">
    <p class='ocr_par' dir='ltr' id='par_1_70' title="bbox 2004 3502 3568 3574">
     <span class='ocr_line' id='line_1_70' title="bbox 2004 3502 3568 3574; baseline -0.003 -14"><span class='ocrx_word' id='word_1_481' title='bbox 2004 3505 2122 3560; x_wconf 87' lang='lat' dir='ltr'><strong>duci</strong></span> <span class='ocrx_word' id='word_1_482' title='bbox 2182 3503 2478 3574; x_wconf 71' lang='lat' dir='ltr'><strong>coepisset,</strong></span> <span class='ocrx_word' id='word_1_483' title='bbox 2529 3512 2584 3558; x_wconf 89' lang='lat' dir='ltr'><strong>et</strong></span> <span class='ocrx_word' id='word_1_484' title='bbox 2633 3503 2772 3556; x_wconf 88' lang='lat' dir='ltr'><strong>sacri</strong></span> <span class='ocrx_word' id='word_1_485' title='bbox 2842 3517 3078 3558; x_wconf 87' lang='lat' dir='ltr'><strong>canones</strong></span> <span class='ocrx_word' id='word_1_486' title='bbox 3137 3502 3568 3558; x_wconf 82' lang='lat' dir='ltr'><strong>testimoniorum</strong></span> 
     </span>
    </p>
   </div>
   <div class='ocr_carea' id='block_1_71' title="bbox 324 3587 1903 3662">
    <p class='ocr_par' dir='ltr' id='par_1_71' title="bbox 324 3587 1901 3660">
     <span class='ocr_line' id='line_1_71' title="bbox 324 3587 1901 3660; baseline -0.001 -18"><span class='ocrx_word' id='word_1_487' title='bbox 324 3587 574 3642; x_wconf 78' lang='grc' dir='ltr'>ἐνταῦθα</span> <span class='ocrx_word' id='word_1_488' title='bbox 620 3587 682 3640; x_wconf 79' lang='grc' dir='ltr'>οὐ</span> <span class='ocrx_word' id='word_1_489' title='bbox 718 3587 1232 3658; x_wconf 85' lang='grc' dir='ltr'>προσκαλουμένους</span> <span class='ocrx_word' id='word_1_490' title='bbox 1279 3589 1407 3650; x_wconf 71' lang='grc' dir='ltr'>τοὺς</span> <span class='ocrx_word' id='word_1_491' title='bbox 1447 3593 1901 3660; x_wconf 78' lang='grc' dir='ltr'>μαρτυρήσοντας</span> 
     </span>
    </p>
   </div>
   <div class='ocr_carea' id='block_1_72' title="bbox 2004 3587 3571 3662">
    <p class='ocr_par' dir='ltr' id='par_1_72' title="bbox 2004 3592 3571 3662">
     <span class='ocr_line' id='line_1_72' title="bbox 2004 3592 3571 3662; baseline -0.002 -11"><span class='ocrx_word' id='word_1_492' title='bbox 2004 3595 2531 3651; x_wconf 86' lang='lat' dir='ltr'><strong>commendationem</strong></span> <span class='ocrx_word' id='word_1_493' title='bbox 2568 3593 2948 3662; x_wconf 85' lang='lat' dir='ltr'><strong>requirerent:</strong></span> <span class='ocrx_word' id='word_1_494' title='bbox 2996 3602 3120 3646; x_wconf 90' lang='lat' dir='ltr'><strong>tunc</strong></span> <span class='ocrx_word' id='word_1_495' title='bbox 3152 3592 3372 3648; x_wconf 87' lang='lat' dir='ltr'><strong>videres</strong></span> <span class='ocrx_word' id='word_1_496' title='bbox 3405 3601 3571 3648; x_wconf 87' lang='lat' dir='ltr'><strong>testes</strong></span> 
     </span>
    </p>
   </div>
   <div class='ocr_carea' id='block_1_73' title="bbox 322 3676 1903 3756">
    <p class='ocr_par' dir='ltr' id='par_1_73' title="bbox 322 3676 1903 3751">
     <span class='ocr_line' id='line_1_73' title="bbox 322 3676 1903 3751; baseline -0.002 -21"><span class='ocrx_word' id='word_1_497' title='bbox 322 3679 536 3751; x_wconf 78' lang='grc' dir='ltr'>ἀρετὴν</span> <span class='ocrx_word' id='word_1_498' title='bbox 585 3678 848 3732; x_wconf 81' lang='grc' dir='ltr'>παντοίαν</span> <span class='ocrx_word' id='word_1_499' title='bbox 884 3678 1055 3747; x_wconf 82' lang='grc' dir='ltr'>αὐτῷ,</span> <span class='ocrx_word' id='word_1_500' title='bbox 1099 3677 1222 3730; x_wconf 71' lang='grc' dir='ltr'>οὐδὲ</span> <span class='ocrx_word' id='word_1_501' title='bbox 1258 3677 1392 3745; x_wconf 84' lang='grc' dir='ltr'>πρὸς</span> <span class='ocrx_word' id='word_1_502' title='bbox 1421 3676 1642 3742; x_wconf 84' lang='grc' dir='ltr'>ἀξίωσιν</span> <span class='ocrx_word' id='word_1_503' title='bbox 1682 3677 1903 3730; x_wconf 85' lang='grc' dir='ltr'>λαλοῦν-</span> 
     </span>
    </p>
   </div>
   <div class='ocr_carea' id='block_1_74' title="bbox 2004 3676 3568 3756">
    <p class='ocr_par' dir='ltr' id='par_1_74' title="bbox 2004 3683 3568 3756">
     <span class='ocr_line' id='line_1_74' title="bbox 2004 3683 3568 3756; baseline -0.002 -18"><span class='ocrx_word' id='word_1_504' title='bbox 2004 3686 2093 3756; x_wconf 90' lang='lat' dir='ltr'><strong>qui</strong></span> <span class='ocrx_word' id='word_1_505' title='bbox 2125 3684 2488 3738; x_wconf 85' lang='lat' dir='ltr'><strong>omnimodam</strong></span> <span class='ocrx_word' id='word_1_506' title='bbox 2525 3683 2666 3736; x_wconf 90' lang='lat' dir='ltr'><strong>illius</strong></span> <span class='ocrx_word' id='word_1_507' title='bbox 2719 3683 2971 3736; x_wconf 86' lang='lat' dir='ltr'><strong>virtutem</strong></span> <span class='ocrx_word' id='word_1_508' title='bbox 2996 3683 3406 3746; x_wconf 87' lang='lat' dir='ltr'><strong>confirmarent,</strong></span> <span class='ocrx_word' id='word_1_509' title='bbox 3463 3698 3568 3736; x_wconf 91' lang='lat' dir='ltr'><strong>non</strong></span> 
     </span>
    </p>
   </div>
   <div class='ocr_carea' id='block_1_75' title="bbox 324 3767 1903 3842">
    <p class='ocr_par' dir='ltr' id='par_1_75' title="bbox 324 3767 1903 3841">
     <span class='ocr_line' id='line_1_75' title="bbox 324 3767 1903 3841; baseline -0.004 -16"><span class='ocrx_word' id='word_1_510' title='bbox 324 3790 455 3838; x_wconf 85' lang='grc' dir='ltr'>τας,</span> <span class='ocrx_word' id='word_1_511' title='bbox 490 3773 525 3836; x_wconf 80' lang='grc' dir='ltr'>ἢ</span> <span class='ocrx_word' id='word_1_512' title='bbox 573 3771 705 3825; x_wconf 79' lang='grc' dir='ltr'>ἄλλο</span> <span class='ocrx_word' id='word_1_513' title='bbox 735 3789 787 3824; x_wconf 90' lang='grc' dir='ltr'><strong>τι</strong></span> <span class='ocrx_word' id='word_1_514' title='bbox 815 3771 1062 3841; x_wconf 77' lang='grc' dir='ltr'>ἐφολκὸν,</span> <span class='ocrx_word' id='word_1_515' title='bbox 1093 3771 1252 3824; x_wconf 82' lang='grc' dir='ltr'>ὁποῖα</span> <span class='ocrx_word' id='word_1_516' title='bbox 1291 3768 1465 3822; x_wconf 88' lang='grc' dir='ltr'>πολλά</span> <span class='ocrx_word' id='word_1_517' title='bbox 1489 3771 1547 3821; x_wconf 82' lang='grc' dir='ltr'><strong>ἐν</strong></span> <span class='ocrx_word' id='word_1_518' title='bbox 1584 3769 1697 3832; x_wconf 87' lang='grc' dir='ltr'>τοῖς</span> <span class='ocrx_word' id='word_1_519' title='bbox 1727 3767 1903 3821; x_wconf 83' lang='grc' dir='ltr'>τοιού-</span> 
     </span>
    </p>
   </div>
   <div class='ocr_carea' id='block_1_76' title="bbox 2004 3767 3572 3842">
    <p class='ocr_par' dir='ltr' id='par_1_76' title="bbox 2005 3773 3572 3842">
     <span class='ocr_line' id='line_1_76' title="bbox 2005 3773 3572 3842; baseline -0.003 -12"><span class='ocrx_word' id='word_1_520' title='bbox 2005 3776 2366 3842; x_wconf 85' lang='lat' dir='ltr'><strong>undecunque</strong></span> <span class='ocrx_word' id='word_1_521' title='bbox 2425 3773 2780 3842; x_wconf 87' lang='lat' dir='ltr'><strong>conquisitos,</strong></span> <span class='ocrx_word' id='word_1_522' title='bbox 2817 3781 2911 3826; x_wconf 89' lang='lat' dir='ltr'><strong>aut</strong></span> <span class='ocrx_word' id='word_1_523' title='bbox 2968 3773 3084 3840; x_wconf 85' lang='lat' dir='ltr'><strong>ejus</strong></span> <span class='ocrx_word' id='word_1_524' title='bbox 3139 3773 3458 3842; x_wconf 86' lang='lat' dir='ltr'><strong>dignitatem</strong></span> <span class='ocrx_word' id='word_1_525' title='bbox 3517 3783 3572 3826; x_wconf 89' lang='lat' dir='ltr'><strong>et</strong></span> 
     </span>
    </p>
   </div>
   <div class='ocr_carea' id='block_1_77' title="bbox 326 3861 1907 3933">
    <p class='ocr_par' dir='ltr' id='par_1_77' title="bbox 326 3861 1907 3933">
     <span class='ocr_line' id='line_1_77' title="bbox 326 3861 1907 3933; baseline -0.002 -17"><span class='ocrx_word' id='word_1_526' title='bbox 326 3881 444 3927; x_wconf 86' lang='grc' dir='ltr'>τοις</span> <span class='ocrx_word' id='word_1_527' title='bbox 476 3861 837 3933; x_wconf 81' lang='grc' dir='ltr'>τεχνάζονται</span> <span class='ocrx_word' id='word_1_528' title='bbox 861 3862 910 3916; x_wconf 94' lang='grc' dir='ltr'><strong>οἱ</strong></span> <span class='ocrx_word' id='word_1_529' title='bbox 943 3862 1018 3933; x_wconf 81' lang='grc' dir='ltr'>μὴ</span> <span class='ocrx_word' id='word_1_530' title='bbox 1039 3861 1158 3915; x_wconf 83' lang='grc' dir='ltr'>κατ’</span> <span class='ocrx_word' id='word_1_531' title='bbox 1179 3861 1383 3931; x_wconf 78' lang='grc' dir='ltr'>ἀρετὴν</span> <span class='ocrx_word' id='word_1_532' title='bbox 1403 3861 1626 3915; x_wconf 84' lang='grc' dir='ltr'>αὐτόθεν</span> <span class='ocrx_word' id='word_1_533' title='bbox 1656 3861 1907 3932; x_wconf 84' lang='grc' dir='ltr'>προλάμ-</span> 
     </span>
    </p>
   </div>
   <div class='ocr_carea' id='block_1_78' title="bbox 327 3951 1908 4022">
    <p class='ocr_par' dir='ltr' id='par_1_78' title="bbox 327 3951 1908 4022">
     <span class='ocr_line' id='line_1_78' title="bbox 327 3951 1908 4022; baseline -0.003 -14"><span class='ocrx_word' id='word_1_534' title='bbox 327 3972 562 4018; x_wconf 85' lang='grc' dir='ltr'>ποντες,</span> <span class='ocrx_word' id='word_1_535' title='bbox 613 3953 753 4011; x_wconf 82' lang='grc' dir='ltr'><strong>ἀλλά</strong></span> <span class='ocrx_word' id='word_1_536' title='bbox 804 3953 956 4007; x_wconf 79' lang='grc' dir='ltr'>νόθον</span> <span class='ocrx_word' id='word_1_537' title='bbox 1018 3954 1132 4022; x_wconf 81' lang='grc' dir='ltr'><strong>φῶς</strong></span> <span class='ocrx_word' id='word_1_538' title='bbox 1173 3953 1559 4022; x_wconf 82' lang='grc' dir='ltr'>ἐπικτὼμενοι.</span> <span class='ocrx_word' id='word_1_539' title='bbox 1623 3952 1697 4004; x_wconf 87' lang='grc' dir='ltr'>Ού</span> <span class='ocrx_word' id='word_1_540' title='bbox 1727 3951 1908 4004; x_wconf 83' lang='grc' dir='ltr'>τοίνυν</span> 
     </span>
    </p>
   </div>
   <div class='ocr_carea' id='block_1_79' title="bbox 326 4044 1906 4117">
    <p class='ocr_par' dir='ltr' id='par_1_79' title="bbox 326 4044 1906 4117">
     <span class='ocr_line' id='line_1_79' title="bbox 326 4044 1906 4117; baseline -0.003 -18"><span class='ocrx_word' id='word_1_541' title='bbox 326 4048 533 4117; x_wconf 72' lang='grc' dir='ltr'>κλητοὶ</span> <span class='ocrx_word' id='word_1_542' title='bbox 566 4047 661 4099; x_wconf 77' lang='grc' dir='ltr'>καὶ</span> <span class='ocrx_word' id='word_1_543' title='bbox 709 4045 1008 4116; x_wconf 81' lang='grc' dir='ltr'>ὡρισμένοι</span> <span class='ocrx_word' id='word_1_544' title='bbox 1059 4045 1372 4117; x_wconf 78' lang='grc' dir='ltr'>παρήγοντὸ</span> <span class='ocrx_word' id='word_1_545' title='bbox 1415 4061 1560 4104; x_wconf 87' lang='grc' dir='ltr'>τινες</span> <span class='ocrx_word' id='word_1_546' title='bbox 1595 4044 1906 4114; x_wconf 86' lang='grc' dir='ltr'>μάρτυρες·</span> 
     </span>
    </p>
   </div>
   <div class='ocr_carea' id='block_1_80' title="bbox 329 4133 1908 4210">
    <p class='ocr_par' dir='ltr' id='par_1_80' title="bbox 329 4133 1908 4210">
     <span class='ocr_line' id='line_1_80' title="bbox 329 4133 1908 4210; baseline -0.005 -16"><span class='ocrx_word' id='word_1_547' title='bbox 329 4142 481 4194; x_wconf 77' lang='grc' dir='ltr'>ἀλλὰ</span> <span class='ocrx_word' id='word_1_548' title='bbox 513 4140 634 4210; x_wconf 74' lang='grc' dir='ltr'>ἅμα</span> <span class='ocrx_word' id='word_1_549' title='bbox 663 4136 928 4208; x_wconf 82' lang='grc' dir='ltr'>περιῆλθε</span> <span class='ocrx_word' id='word_1_550' title='bbox 955 4137 1110 4207; x_wconf 77' lang='grc' dir='ltr'>φήμη</span> <span class='ocrx_word' id='word_1_551' title='bbox 1149 4138 1275 4198; x_wconf 80' lang='grc' dir='ltr'>τοὺς</span> <span class='ocrx_word' id='word_1_552' title='bbox 1301 4135 1620 4207; x_wconf 78' lang='grc' dir='ltr'>ἐγχωρίους,</span> <span class='ocrx_word' id='word_1_553' title='bbox 1651 4135 1726 4196; x_wconf 85' lang='grc' dir='ltr'>ὡς</span> <span class='ocrx_word' id='word_1_554' title='bbox 1758 4135 1787 4188; x_wconf 80' lang='grc' dir='ltr'>ὁ</span> <span class='ocrx_word' id='word_1_555' title='bbox 1815 4133 1908 4186; x_wconf 83' lang='grc' dir='ltr'>τοῦ</span> 
     </span>
    </p>
   </div>
   <div class='ocr_carea' id='block_1_81' title="bbox 326 4225 1910 4302">
    <p class='ocr_par' dir='ltr' id='par_1_81' title="bbox 326 4225 1910 4302">
     <span class='ocr_line' id='line_1_81' title="bbox 326 4225 1910 4302; baseline -0.006 -14"><span class='ocrx_word' id='word_1_556' title='bbox 326 4234 608 4302; x_wconf 69' lang='grc' dir='ltr'>Θεοφίλου</span> <span class='ocrx_word' id='word_1_557' title='bbox 642 4230 760 4300; x_wconf 83' lang='grc' dir='ltr'>βίος</span> <span class='ocrx_word' id='word_1_558' title='bbox 805 4229 1368 4300; x_wconf 88' lang='grc' dir='ltr'>πολυπραγμονεῖται,</span> <span class='ocrx_word' id='word_1_559' title='bbox 1403 4230 1451 4281; x_wconf 82' lang='grc' dir='ltr'><strong>εἱ</strong></span> <span class='ocrx_word' id='word_1_560' title='bbox 1485 4227 1780 4297; x_wconf 85' lang='grc' dir='ltr'>ἐκλάμπει,</span> <span class='ocrx_word' id='word_1_561' title='bbox 1815 4225 1910 4280; x_wconf 73' lang='grc' dir='ltr'>καὶ</span> 
     </span>
    </p>
   </div>
   <div class='ocr_carea' id='block_1_82' title="bbox 330 4318 1908 4396">
    <p class='ocr_par' dir='ltr' id='par_1_82' title="bbox 330 4318 1908 4396">
     <span class='ocr_line' id='line_1_82' title="bbox 330 4318 1908 4396; baseline -0.006 -17"><span class='ocrx_word' id='word_1_562' title='bbox 330 4324 693 4396; x_wconf 63' lang='grc' dir='ltr'>προφανῖῃθαι</span> <span class='ocrx_word' id='word_1_563' title='bbox 724 4323 970 4390; x_wconf 83' lang='grc' dir='ltr'>ζητεῖται</span> <span class='ocrx_word' id='word_1_564' title='bbox 994 4322 1074 4385; x_wconf 87' lang='grc' dir='ltr'><strong>εἱς</strong></span> <span class='ocrx_word' id='word_1_565' title='bbox 1108 4321 1408 4391; x_wconf 76' lang='grc' dir='ltr'>ἱερωσύνην</span> <span class='ocrx_word' id='word_1_566' title='bbox 1429 4318 1908 4389; x_wconf 82' lang='grc' dir='ltr'>προκαλουμένου·</span> 
     </span>
    </p>
   </div>
   <div class='ocr_carea' id='block_1_83' title="bbox 330 4408 1908 4484">
    <p class='ocr_par' dir='ltr' id='par_1_83' title="bbox 330 4408 1908 4484">
     <span class='ocr_line' id='line_1_83' title="bbox 330 4408 1908 4484; baseline -0.008 -13"><span class='ocrx_word' id='word_1_567' title='bbox 330 4421 436 4471; x_wconf 71' lang='grc' dir='ltr'>καὶ</span> <span class='ocrx_word' id='word_1_568' title='bbox 463 4416 536 4479; x_wconf 82' lang='grc' dir='ltr'>ὡς</span> <span class='ocrx_word' id='word_1_569' title='bbox 565 4418 646 4478; x_wconf 83' lang='grc' dir='ltr'><strong>εἰς</strong></span> <span class='ocrx_word' id='word_1_570' title='bbox 673 4415 928 4483; x_wconf 81' lang='grc' dir='ltr'>γλῶσσαν</span> <span class='ocrx_word' id='word_1_571' title='bbox 963 4413 1096 4484; x_wconf 88' lang='grc' dir='ltr'>μίαν</span> <span class='ocrx_word' id='word_1_572' title='bbox 1131 4411 1484 4474; x_wconf 80' lang='grc' dir='ltr'>συντακέντες</span> <span class='ocrx_word' id='word_1_573' title='bbox 1527 4411 1768 4473; x_wconf 77' lang='grc' dir='ltr'>ἅπαντες</span> <span class='ocrx_word' id='word_1_574' title='bbox 1815 4408 1908 4461; x_wconf 73' lang='grc' dir='ltr'>καὶ</span> 
     </span>
    </p>
   </div>
   <div class='ocr_carea' id='block_1_84' title="bbox 333 4501 1910 4575">
    <p class='ocr_par' dir='ltr' id='par_1_84' title="bbox 333 4501 1910 4575">
     <span class='ocr_line' id='line_1_84' title="bbox 333 4501 1910 4575; baseline -0.006 -13"><span class='ocrx_word' id='word_1_575' title='bbox 333 4509 692 4572; x_wconf 72' lang='grc' dir='ltr'>ἑνθεάζοντες</span> <span class='ocrx_word' id='word_1_576' title='bbox 719 4505 1058 4575; x_wconf 84' lang='grc' dir='ltr'>ἐμεγάλυνον</span> <span class='ocrx_word' id='word_1_577' title='bbox 1084 4507 1176 4557; x_wconf 81' lang='grc' dir='ltr'>τὸν</span> <span class='ocrx_word' id='word_1_578' title='bbox 1207 4503 1394 4573; x_wconf 81' lang='grc' dir='ltr'>ἄνδρα,</span> <span class='ocrx_word' id='word_1_579' title='bbox 1419 4504 1520 4556; x_wconf 76' lang='grc' dir='ltr'>οὐκ</span> <span class='ocrx_word' id='word_1_580' title='bbox 1546 4501 1910 4572; x_wconf 83' lang='grc' dir='ltr'>ἀγνοούμενον</span> 
     </span>
    </p>
   </div>
   <div class='ocr_carea' id='block_1_85' title="bbox 337 4593 1912 4670">
    <p class='ocr_par' dir='ltr' id='par_1_85' title="bbox 337 4593 1912 4670">
     <span class='ocr_line' id='line_1_85' title="bbox 337 4593 1912 4670; baseline -0.006 -16"><span class='ocrx_word' id='word_1_581' title='bbox 337 4601 473 4654; x_wconf 72' lang='grc' dir='ltr'><strong>οὐδὲ</strong></span> <span class='ocrx_word' id='word_1_582' title='bbox 499 4603 613 4663; x_wconf 84' lang='grc' dir='ltr'>τοῖς</span> <span class='ocrx_word' id='word_1_583' title='bbox 645 4600 890 4670; x_wconf 86' lang='grc' dir='ltr'>ἐρωτῶσι</span> <span class='ocrx_word' id='word_1_584' title='bbox 922 4600 990 4652; x_wconf 77' lang='grc' dir='ltr'><strong>τὰ</strong></span> <span class='ocrx_word' id='word_1_585' title='bbox 1019 4599 1136 4651; x_wconf 84' lang='grc' dir='ltr'>κατ’</span> <span class='ocrx_word' id='word_1_586' title='bbox 1163 4598 1348 4650; x_wconf 72' lang='grc' dir='ltr'>αὐτόν.</span> <span class='ocrx_word' id='word_1_587' title='bbox 1397 4595 1635 4656; x_wconf 83' lang='grc' dir='ltr'>Κανόνος</span> <span class='ocrx_word' id='word_1_588' title='bbox 1683 4595 1788 4662; x_wconf 68' lang='grc' dir='ltr'>γὰρ</span> <span class='ocrx_word' id='word_1_589' title='bbox 1823 4593 1912 4644; x_wconf 84' lang='grc' dir='ltr'>εύ-</span> 
     </span>
    </p>
   </div>
   <div class='ocr_carea' id='block_1_86' title="bbox 340 4681 1912 4758">
    <p class='ocr_par' dir='ltr' id='par_1_86' title="bbox 340 4681 1912 4758">
     <span class='ocr_line' id='line_1_86' title="bbox 340 4681 1912 4758; baseline -0.005 -15"><span class='ocrx_word' id='word_1_590' title='bbox 340 4691 583 4745; x_wconf 81' lang='grc' dir='ltr'>θυτάτου</span> <span class='ocrx_word' id='word_1_591' title='bbox 638 4693 840 4742; x_wconf 86' lang='grc' dir='ltr'>ἐκεῖνοι</span> <span class='ocrx_word' id='word_1_592' title='bbox 888 4689 1160 4758; x_wconf 81' lang='grc' dir='ltr'>ἐπλήρουν</span> <span class='ocrx_word' id='word_1_593' title='bbox 1215 4685 1620 4758; x_wconf 73' lang='grc' dir='ltr'>παράγγελμαο</span> <span class='ocrx_word' id='word_1_594' title='bbox 1679 4685 1740 4738; x_wconf 81' lang='grc' dir='ltr'>οὐ</span> <span class='ocrx_word' id='word_1_595' title='bbox 1807 4681 1912 4753; x_wconf 83' lang='grc' dir='ltr'>μὴν</span> 
     </span>
    </p>
   </div>
   <div class='ocr_carea' id='block_1_87' title="bbox 337 4776 1916 4853">
    <p class='ocr_par' dir='ltr' id='par_1_87' title="bbox 337 4776 1916 4853">
     <span class='ocr_line' id='line_1_87' title="bbox 337 4776 1916 4853; baseline -0.007 -15"><span class='ocrx_word' id='word_1_596' title='bbox 337 4784 524 4845; x_wconf 77' lang='grc' dir='ltr'>ἄλλως</span> <span class='ocrx_word' id='word_1_597' title='bbox 548 4781 878 4853; x_wconf 75' lang='grc' dir='ltr'>ηκριὸοὖντο</span> <span class='ocrx_word' id='word_1_598' title='bbox 908 4782 1043 4850; x_wconf 74' lang='grc' dir='ltr'>πρὸς</span> <span class='ocrx_word' id='word_1_599' title='bbox 1072 4781 1316 4847; x_wconf 80' lang='grc' dir='ltr'>ἄγνοιαν.</span> <span class='ocrx_word' id='word_1_600' title='bbox 1351 4778 1639 4846; x_wconf 79' lang='grc' dir='ltr'>Ἐτελέσθη</span> <span class='ocrx_word' id='word_1_601' title='bbox 1667 4776 1797 4846; x_wconf 78' lang='grc' dir='ltr'>γοῦν</span> <span class='ocrx_word' id='word_1_602' title='bbox 1821 4776 1916 4829; x_wconf 76' lang='grc' dir='ltr'>καὶ</span> 
     </span>
    </p>
   </div>
   <div class='ocr_carea' id='block_1_88' title="bbox 336 4871 1918 4948">
    <p class='ocr_par' dir='ltr' id='par_1_88' title="bbox 336 4871 1918 4948">
     <span class='ocr_line' id='line_1_88' title="bbox 336 4871 1918 4948; baseline -0.006 -18"><span class='ocrx_word' id='word_1_603' title='bbox 336 4880 407 4930; x_wconf 69' lang='grc' dir='ltr'>τὸ</span> <span class='ocrx_word' id='word_1_604' title='bbox 447 4878 740 4948; x_wconf 84' lang='grc' dir='ltr'>ἱερώτατον</span> <span class='ocrx_word' id='word_1_605' title='bbox 766 4875 939 4938; x_wconf 79' lang='grc' dir='ltr'>οὕτως</span> <span class='ocrx_word' id='word_1_606' title='bbox 965 4874 1051 4928; x_wconf 77' lang='grc' dir='ltr'><strong>ἐπ’</strong></span> <span class='ocrx_word' id='word_1_607' title='bbox 1104 4873 1254 4944; x_wconf 86' lang='grc' dir='ltr'><strong>αύτῷ</strong></span> <span class='ocrx_word' id='word_1_608' title='bbox 1280 4875 1509 4943; x_wconf 80' lang='grc' dir='ltr'>χρίσμα,</span> <span class='ocrx_word' id='word_1_609' title='bbox 1540 4873 1633 4925; x_wconf 77' lang='grc' dir='ltr'>καὶ</span> <span class='ocrx_word' id='word_1_610' title='bbox 1663 4873 1740 4932; x_wconf 86' lang='grc' dir='ltr'><strong>εἱς</strong></span> <span class='ocrx_word' id='word_1_611' title='bbox 1768 4871 1918 4939; x_wconf 82' lang='grc' dir='ltr'>ἱερέα</span> 
     </span>
    </p>
   </div>
   <div class='ocr_carea' id='block_1_89' title="bbox 337 4962 1921 5035">
    <p class='ocr_par' dir='ltr' id='par_1_89' title="bbox 337 4962 1921 5035">
     <span class='ocr_line' id='line_1_89' title="bbox 337 4962 1921 5035; baseline -0.008 -11"><span class='ocrx_word' id='word_1_612' title='bbox 337 4971 655 5034; x_wconf 65' lang='grc' dir='ltr'>καταστὰς,</span> <span class='ocrx_word' id='word_1_613' title='bbox 677 4962 769 5021; x_wconf 76' lang='grc' dir='ltr'>οἷα</span> <span class='ocrx_word' id='word_1_614' title='bbox 803 4969 896 5020; x_wconf 74' lang='grc' dir='ltr'>καὶ</span> <span class='ocrx_word' id='word_1_615' title='bbox 936 4965 1112 5035; x_wconf 71' lang='grc' dir='ltr'>φωτὸς</span> <span class='ocrx_word' id='word_1_616' title='bbox 1159 4966 1389 5033; x_wconf 82' lang='grc' dir='ltr'>ἅγγελος</span> <span class='ocrx_word' id='word_1_617' title='bbox 1423 4965 1516 5016; x_wconf 81' lang='grc' dir='ltr'>καὶ</span> <span class='ocrx_word' id='word_1_618' title='bbox 1560 4963 1786 5031; x_wconf 72' lang='grc' dir='ltr'>φλόγεος</span> <span class='ocrx_word' id='word_1_619' title='bbox 1808 4962 1921 5013; x_wconf 86' lang='grc' dir='ltr'>λει-</span> 
     </span>
    </p>
   </div>
   <div class='ocr_carea' id='block_1_90' title="bbox 335 5048 1924 5131">
    <p class='ocr_par' dir='ltr' id='par_1_90' title="bbox 335 5048 1924 5131">
     <span class='ocr_line' id='line_1_90' title="bbox 335 5048 1924 5131; baseline -0.008 -13"><span class='ocrx_word' id='word_1_620' title='bbox 335 5063 602 5131; x_wconf 67' lang='grc' dir='ltr'>τουργὸς,</span> <span class='ocrx_word' id='word_1_621' title='bbox 635 5061 821 5114; x_wconf 77' lang='grc' dir='ltr'>οὐκέτι</span> <span class='ocrx_word' id='word_1_622' title='bbox 869 5057 1104 5128; x_wconf 81' lang='grc' dir='ltr'>μιμητὸς</span> <span class='ocrx_word' id='word_1_623' title='bbox 1156 5051 1246 5128; x_wconf 79' lang='grc' dir='ltr'>ἦν,</span> <span class='ocrx_word' id='word_1_624' title='bbox 1283 5055 1403 5128; x_wconf 78' lang='grc' dir='ltr'><strong>ούδέ</strong></span> <span class='ocrx_word' id='word_1_625' title='bbox 1449 5048 1558 5116; x_wconf 79' lang='grc' dir='ltr'>οἷος</span> <span class='ocrx_word' id='word_1_626' title='bbox 1584 5053 1728 5123; x_wconf 75' lang='grc' dir='ltr'>ἔχειν</span> <span class='ocrx_word' id='word_1_627' title='bbox 1758 5052 1924 5106; x_wconf 79' lang='grc' dir='ltr'>ἀνθά-</span> 
     </span>
    </p>
   </div>
   <div class='ocr_carea' id='block_1_91' title="bbox 343 5142 1926 5226">
    <p class='ocr_par' dir='ltr' id='par_1_91' title="bbox 343 5142 1926 5226">
     <span class='ocr_line' id='line_1_91' title="bbox 343 5142 1926 5226; baseline -0.008 -18"><span class='ocrx_word' id='word_1_628' title='bbox 343 5156 574 5226; x_wconf 73' lang='grc' dir='ltr'>μιλλονο</span> <span class='ocrx_word' id='word_1_629' title='bbox 610 5153 753 5208; x_wconf 85' lang='grc' dir='ltr'><strong>ἀλλά</strong></span> <span class='ocrx_word' id='word_1_630' title='bbox 802 5151 1164 5212; x_wconf 74' lang='grc' dir='ltr'>διπλασιάσας</span> <span class='ocrx_word' id='word_1_631' title='bbox 1193 5148 1315 5217; x_wconf 82' lang='grc' dir='ltr'>τὴν,</span> <span class='ocrx_word' id='word_1_632' title='bbox 1344 5146 1417 5208; x_wconf 84' lang='grc' dir='ltr'>ὡς</span> <span class='ocrx_word' id='word_1_633' title='bbox 1448 5147 1512 5200; x_wconf 84' lang='grc' dir='ltr'>ἄν</span> <span class='ocrx_word' id='word_1_634' title='bbox 1539 5161 1622 5207; x_wconf 86' lang='grc' dir='ltr'><strong>τις</strong></span> <span class='ocrx_word' id='word_1_635' title='bbox 1649 5145 1798 5215; x_wconf 77' lang='grc' dir='ltr'>εἴπῃ,</span> <span class='ocrx_word' id='word_1_636' title='bbox 1835 5142 1926 5196; x_wconf 78' lang='grc' dir='ltr'><strong>διὰ</strong></span> 
     </span>
    </p>
   </div>
   <div class='ocr_carea' id='block_1_92' title="bbox 338 5233 1921 5316">
    <p class='ocr_par' dir='ltr' id='par_1_92' title="bbox 338 5233 1921 5316">
     <span class='ocr_line' id='line_1_92' title="bbox 338 5233 1921 5316; baseline -0.012 -14"><span class='ocrx_word' id='word_1_637' title='bbox 338 5247 544 5302; x_wconf 80' lang='grc' dir='ltr'>πασῶν</span> <span class='ocrx_word' id='word_1_638' title='bbox 572 5247 776 5316; x_wconf 69' lang='grc' dir='ltr'>ἀρετὴν</span> <span class='ocrx_word' id='word_1_639' title='bbox 799 5241 1042 5314; x_wconf 85' lang='grc' dir='ltr'>μολπῶν,</span> <span class='ocrx_word' id='word_1_640' title='bbox 1069 5238 1167 5292; x_wconf 51' lang='grc' dir='ltr'><strong>καὶ⁵</strong></span> <span class='ocrx_word' id='word_1_641' title='bbox 1196 5240 1254 5292; x_wconf 62' lang='grc' dir='ltr'><strong>τ’»</strong></span> <span class='ocrx_word' id='word_1_642' title='bbox 1278 5237 1572 5305; x_wconf 84' lang='grc' dir='ltr'>ὑπέρτονον</span> <span class='ocrx_word' id='word_1_643' title='bbox 1599 5233 1921 5304; x_wconf 79' lang='grc' dir='ltr'>ἁρμοσάμε-</span> 
     </span>
    </p>
   </div>
   <div class='ocr_carea' id='block_1_93' title="bbox 339 5327 1923 5410">
    <p class='ocr_par' dir='ltr' id='par_1_93' title="bbox 339 5327 1923 5410">
     <span class='ocr_line' id='line_1_93' title="bbox 339 5327 1923 5410; baseline -0.014 -13"><span class='ocrx_word' id='word_1_644' title='bbox 339 5360 471 5404; x_wconf 78' lang='grc' dir='ltr'>νος,</span> <span class='ocrx_word' id='word_1_645' title='bbox 501 5339 804 5410; x_wconf 77' lang='grc' dir='ltr'>ἀγγελικὴν</span> <span class='ocrx_word' id='word_1_646' title='bbox 855 5334 1158 5404; x_wconf 80' lang='grc' dir='ltr'>ἐμμέλειαν</span> <span class='ocrx_word' id='word_1_647' title='bbox 1209 5328 1556 5394; x_wconf 76' lang='grc' dir='ltr'>ἀνεϐάλλετο,</span> <span class='ocrx_word' id='word_1_648' title='bbox 1591 5329 1710 5389; x_wconf 89' lang='grc' dir='ltr'>ταῖς</span> <span class='ocrx_word' id='word_1_649' title='bbox 1748 5327 1923 5394; x_wconf 78' lang='grc' dir='ltr'>ἱεραῖς</span> 
     </span>
    </p>
   </div>
   <div class='ocr_carea' id='block_1_94' title="bbox 341 5417 1923 5503">
    <p class='ocr_par' dir='ltr' id='par_1_94' title="bbox 341 5417 1923 5503">
     <span class='ocr_line' id='line_1_94' title="bbox 341 5417 1923 5503; baseline -0.013 -15"><span class='ocrx_word' id='word_1_650' title='bbox 341 5434 698 5503; x_wconf 70' lang='grc' dir='ltr'>παραμένων</span> <span class='ocrx_word' id='word_1_651' title='bbox 733 5431 811 5492; x_wconf 86' lang='grc' dir='ltr'><strong>εἱς</strong></span> <span class='ocrx_word' id='word_1_652' title='bbox 847 5428 1008 5480; x_wconf 87' lang='grc' dir='ltr'>πλέον</span> <span class='ocrx_word' id='word_1_653' title='bbox 1043 5422 1318 5487; x_wconf 75' lang='grc' dir='ltr'>συνάξεσι,</span> <span class='ocrx_word' id='word_1_654' title='bbox 1360 5420 1526 5484; x_wconf 81' lang='grc' dir='ltr'>θείοις</span> <span class='ocrx_word' id='word_1_655' title='bbox 1556 5419 1792 5490; x_wconf 81' lang='grc' dir='ltr'>ψαλμοῖς</span> <span class='ocrx_word' id='word_1_656' title='bbox 1828 5417 1923 5469; x_wconf 72' lang='grc' dir='ltr'>καὶ</span> 
     </span>
    </p>
   </div>
   <div class='ocr_carea' id='block_1_95' title="bbox 344 5508 1926 5596">
    <p class='ocr_par' dir='ltr' id='par_1_95' title="bbox 344 5508 1926 5596">
     <span class='ocr_line' id='line_1_95' title="bbox 344 5508 1926 5596; baseline -0.012 -18"><span class='ocrx_word' id='word_1_657' title='bbox 344 5527 553 5596; x_wconf 70' lang='grc' dir='ltr'>ὕμνοις</span> <span class='ocrx_word' id='word_1_658' title='bbox 587 5517 998 5592; x_wconf 81' lang='grc' dir='ltr'>προστετηκὼς,</span> <span class='ocrx_word' id='word_1_659' title='bbox 1026 5513 1417 5584; x_wconf 84' lang='grc' dir='ltr'>ἀναγινώσκων</span> <span class='ocrx_word' id='word_1_660' title='bbox 1438 5511 1508 5565; x_wconf 78' lang='grc' dir='ltr'>τὰ</span> <span class='ocrx_word' id='word_1_661' title='bbox 1541 5512 1640 5582; x_wconf 79' lang='grc' dir='ltr'>μὲν</span> <span class='ocrx_word' id='word_1_662' title='bbox 1671 5509 1758 5561; x_wconf 83' lang='grc' dir='ltr'>ἐπ’</span> <span class='ocrx_word' id='word_1_663' title='bbox 1783 5508 1926 5576; x_wconf 75' lang='grc' dir='ltr'>ὠφε-</span> 
     </span>
    </p>
   </div>
   <div class='ocr_carea' id='block_1_96' title="bbox 337 5601 1928 5683">
    <p class='ocr_par' dir='ltr' id='par_1_96' title="bbox 337 5601 1928 5683">
     <span class='ocr_line' id='line_1_96' title="bbox 337 5601 1928 5683; baseline -0.012 -12"><span class='ocrx_word' id='word_1_664' title='bbox 337 5617 484 5683; x_wconf 71' lang='grc' dir='ltr'>λείᾳ</span> <span class='ocrx_word' id='word_1_665' title='bbox 503 5615 611 5668; x_wconf 75' lang='grc' dir='ltr'>τῶν</span> <span class='ocrx_word' id='word_1_666' title='bbox 643 5612 1036 5682; x_wconf 80' lang='grc' dir='ltr'>ἀκροωμένων,</span> <span class='ocrx_word' id='word_1_667' title='bbox 1063 5609 1130 5662; x_wconf 86' lang='grc' dir='ltr'><strong>τά</strong></span> <span class='ocrx_word' id='word_1_668' title='bbox 1155 5609 1212 5660; x_wconf 73' lang='grc' dir='ltr'>δὲ</span> <span class='ocrx_word' id='word_1_669' title='bbox 1249 5606 1344 5661; x_wconf 81' lang='grc' dir='ltr'><strong>καὶ</strong></span> <span class='ocrx_word' id='word_1_670' title='bbox 1374 5606 1688 5672; x_wconf 77' lang='grc' dir='ltr'>καταμόνας</span> <span class='ocrx_word' id='word_1_671' title='bbox 1717 5602 1795 5663; x_wconf 84' lang='grc' dir='ltr'><strong>εἱς</strong></span> <span class='ocrx_word' id='word_1_672' title='bbox 1830 5601 1928 5669; x_wconf 65' lang='grc' dir='ltr'>θηη</span> 
     </span>
    </p>
   </div>
   <div class='ocr_carea' id='block_1_97' title="bbox 344 5697 1927 5777">
    <p class='ocr_par' dir='ltr' id='par_1_97' title="bbox 344 5697 1927 5777">
     <span class='ocr_line' id='line_1_97' title="bbox 344 5697 1927 5777; baseline -0.009 -16"><span class='ocrx_word' id='word_1_673' title='bbox 344 5710 648 5777; x_wconf 65' lang='grc' dir='ltr'>ηαᾷρισμα</span> <span class='ocrx_word' id='word_1_674' title='bbox 697 5706 894 5777; x_wconf 72' lang='grc' dir='ltr'>ψυχῆς,</span> <span class='ocrx_word' id='word_1_675' title='bbox 923 5703 1019 5758; x_wconf 74' lang='grc' dir='ltr'><strong>νῦν</strong></span> <span class='ocrx_word' id='word_1_676' title='bbox 1056 5703 1154 5772; x_wconf 81' lang='grc' dir='ltr'>μὲν</span> <span class='ocrx_word' id='word_1_677' title='bbox 1193 5700 1372 5772; x_wconf 82' lang='grc' dir='ltr'>ἐαυτῷ</span> <span class='ocrx_word' id='word_1_678' title='bbox 1405 5697 1799 5767; x_wconf 82' lang='grc' dir='ltr'>ἀποτιθέμενον</span> <span class='ocrx_word' id='word_1_679' title='bbox 1831 5712 1927 5748; x_wconf 81' lang='grc' dir='ltr'>ταο</span> 
     </span>
    </p>
   </div>
   <div class='ocr_carea' id='block_1_98' title="bbox 2005 3862 3572 3934">
    <p class='ocr_par' dir='ltr' id='par_1_98' title="bbox 2005 3862 3572 3934">
     <span class='ocr_line' id='line_1_98' title="bbox 2005 3862 3572 3934; baseline -0.003 -15"><span class='ocrx_word' id='word_1_680' title='bbox 2005 3865 2268 3934; x_wconf 88' lang='lat' dir='ltr'><strong>quidquid</strong></span> <span class='ocrx_word' id='word_1_681' title='bbox 2302 3863 2368 3916; x_wconf 91' lang='lat' dir='ltr'><strong>ad</strong></span> <span class='ocrx_word' id='word_1_682' title='bbox 2401 3878 2521 3916; x_wconf 88' lang='lat' dir='ltr'><strong>eum</strong></span> <span class='ocrx_word' id='word_1_683' title='bbox 2553 3862 2975 3930; x_wconf 89' lang='lat' dir='ltr'><strong>promovendum</strong></span> <span class='ocrx_word' id='word_1_684' title='bbox 3007 3864 3330 3919; x_wconf 85' lang='lat' dir='ltr'><strong>conduceret</strong></span> <span class='ocrx_word' id='word_1_685' title='bbox 3359 3862 3572 3931; x_wconf 82' lang='lat' dir='ltr'><strong>profes-</strong></span> 
     </span>
    </p>
   </div>
   <div class='ocr_carea' id='block_1_99' title="bbox 2008 3953 3575 4025">
    <p class='ocr_par' dir='ltr' id='par_1_99' title="bbox 2008 3953 3575 4025">
     <span class='ocr_line' id='line_1_99' title="bbox 2008 3953 3575 4025; baseline -0.002 -14"><span class='ocrx_word' id='word_1_686' title='bbox 2008 3971 2119 4021; x_wconf 85' lang='lat' dir='ltr'><strong>sos,</strong></span> <span class='ocrx_word' id='word_1_687' title='bbox 2150 3953 2601 4025; x_wconf 91' lang='lat' dir='ltr'><strong>quemadmodum</strong></span> <span class='ocrx_word' id='word_1_688' title='bbox 2624 3967 2764 4021; x_wconf 73' lang='lat' dir='ltr'><strong>saepe</strong></span> <span class='ocrx_word' id='word_1_689' title='bbox 2789 3953 2987 4008; x_wconf 89' lang='lat' dir='ltr'><strong>accidit</strong></span> <span class='ocrx_word' id='word_1_690' title='bbox 3020 3955 3088 4009; x_wconf 90' lang='lat' dir='ltr'><strong>de</strong></span> <span class='ocrx_word' id='word_1_691' title='bbox 3115 3953 3180 4009; x_wconf 92' lang='lat' dir='ltr'><strong>iis</strong></span> <span class='ocrx_word' id='word_1_692' title='bbox 3216 3954 3308 4025; x_wconf 90' lang='lat' dir='ltr'><strong>qui</strong></span> <span class='ocrx_word' id='word_1_693' title='bbox 3349 3971 3455 4008; x_wconf 92' lang='lat' dir='ltr'><strong>non</strong></span> <span class='ocrx_word' id='word_1_694' title='bbox 3482 3969 3575 4008; x_wconf 52' lang='lat' dir='ltr'><strong>so.</strong></span> 
     </span>
    </p>
   </div>
   <div class='ocr_carea' id='block_1_100' title="bbox 2009 4043 3575 4116">
    <p class='ocr_par' dir='ltr' id='par_1_100' title="bbox 2009 4043 3575 4116">
     <span class='ocr_line' id='line_1_100' title="bbox 2009 4043 3575 4116; baseline -0.003 -13"><span class='ocrx_word' id='word_1_695' title='bbox 2009 4049 2119 4104; x_wconf 90' lang='lat' dir='ltr'><strong>lum</strong></span> <span class='ocrx_word' id='word_1_696' title='bbox 2149 4047 2370 4116; x_wconf 88' lang='lat' dir='ltr'><strong>propria</strong></span> <span class='ocrx_word' id='word_1_697' title='bbox 2411 4044 2613 4098; x_wconf 84' lang='lat' dir='ltr'><strong>virtute</strong></span> <span class='ocrx_word' id='word_1_698' title='bbox 2643 4059 2748 4099; x_wconf 93' lang='lat' dir='ltr'><strong>non</strong></span> <span class='ocrx_word' id='word_1_699' title='bbox 2785 4043 2985 4110; x_wconf 90' lang='lat' dir='ltr'><strong>lucent,</strong></span> <span class='ocrx_word' id='word_1_700' title='bbox 3033 4047 3127 4100; x_wconf 88' lang='lat' dir='ltr'><strong>sed</strong></span> <span class='ocrx_word' id='word_1_701' title='bbox 3171 4045 3356 4115; x_wconf 88' lang='lat' dir='ltr'><strong>spurio</strong></span> <span class='ocrx_word' id='word_1_702' title='bbox 3391 4045 3575 4100; x_wconf 86' lang='lat' dir='ltr'><strong>asciti-</strong></span> 
     </span>
    </p>
   </div>
   <div class='ocr_carea' id='block_1_101' title="bbox 2013 4134 3573 4208">
    <p class='ocr_par' dir='ltr' id='par_1_101' title="bbox 2013 4134 3573 4208">
     <span class='ocr_line' id='line_1_101' title="bbox 2013 4134 3573 4208; baseline -0.003 -13"><span class='ocrx_word' id='word_1_703' title='bbox 2013 4141 2194 4208; x_wconf 89' lang='lat' dir='ltr'><strong>tioque</strong></span> <span class='ocrx_word' id='word_1_704' title='bbox 2225 4136 2431 4190; x_wconf 91' lang='lat' dir='ltr'><strong>lumine</strong></span> <span class='ocrx_word' id='word_1_705' title='bbox 2467 4135 2771 4203; x_wconf 90' lang='lat' dir='ltr'><strong>splendent.</strong></span> <span class='ocrx_word' id='word_1_706' title='bbox 2827 4134 3018 4206; x_wconf 87' lang='lat' dir='ltr'><strong>Neque</strong></span> <span class='ocrx_word' id='word_1_707' title='bbox 3075 4137 3238 4207; x_wconf 80' lang='lat' dir='ltr'><strong>igitur</strong></span> <span class='ocrx_word' id='word_1_708' title='bbox 3289 4138 3573 4192; x_wconf 83' lang='lat' dir='ltr'><strong>convocati</strong></span> 
     </span>
    </p>
   </div>
   <div class='ocr_carea' id='block_1_102' title="bbox 2013 4227 3577 4306">
    <p class='ocr_par' dir='ltr' id='par_1_102' title="bbox 2013 4227 3577 4306">
     <span class='ocr_line' id='line_1_102' title="bbox 2013 4227 3577 4306; baseline -0.001 -20"><span class='ocrx_word' id='word_1_709' title='bbox 2013 4232 2235 4306; x_wconf 89' lang='lat' dir='ltr'><strong>quidam</strong></span> <span class='ocrx_word' id='word_1_710' title='bbox 2271 4239 2326 4286; x_wconf 86' lang='lat' dir='ltr'><strong>et</strong></span> <span class='ocrx_word' id='word_1_711' title='bbox 2349 4227 2415 4283; x_wconf 85' lang='lat' dir='ltr'><strong>ad</strong></span> <span class='ocrx_word' id='word_1_712' title='bbox 2463 4233 2568 4287; x_wconf 89' lang='lat' dir='ltr'><strong>hoc</strong></span> <span class='ocrx_word' id='word_1_713' title='bbox 2611 4230 2863 4285; x_wconf 88' lang='lat' dir='ltr'><strong>destinati</strong></span> <span class='ocrx_word' id='word_1_714' title='bbox 2910 4231 3197 4300; x_wconf 85' lang='lat' dir='ltr'><strong>prodibant</strong></span> <span class='ocrx_word' id='word_1_715' title='bbox 3246 4240 3430 4294; x_wconf 88' lang='lat' dir='ltr'><strong>testes,</strong></span> <span class='ocrx_word' id='word_1_716' title='bbox 3481 4231 3577 4284; x_wconf 82' lang='lat' dir='ltr'><strong>sed</strong></span> 
     </span>
    </p>
   </div>
   <div class='ocr_carea' id='block_1_103' title="bbox 2017 4321 3576 4396">
    <p class='ocr_par' dir='ltr' id='par_1_103' title="bbox 2017 4321 3576 4396">
     <span class='ocr_line' id='line_1_103' title="bbox 2017 4321 3576 4396; baseline -0.004 -15"><span class='ocrx_word' id='word_1_717' title='bbox 2017 4335 2182 4382; x_wconf 91' lang='lat' dir='ltr'><strong>totam</strong></span> <span class='ocrx_word' id='word_1_718' title='bbox 2205 4325 2477 4396; x_wconf 79' lang='lat' dir='ltr'><strong>regionem</strong></span> <span class='ocrx_word' id='word_1_719' title='bbox 2507 4323 2818 4394; x_wconf 84' lang='lat' dir='ltr'><strong>pertransiit</strong></span> <span class='ocrx_word' id='word_1_720' title='bbox 2847 4321 2990 4376; x_wconf 84' lang='lat' dir='ltr'><strong>fama</strong></span> <span class='ocrx_word' id='word_1_721' title='bbox 3007 4323 3072 4379; x_wconf 92' lang='lat' dir='ltr'><strong>de</strong></span> <span class='ocrx_word' id='word_1_722' title='bbox 3101 4323 3432 4378; x_wconf 88' lang='lat' dir='ltr'><strong>feracissima</strong></span> <span class='ocrx_word' id='word_1_723' title='bbox 3464 4323 3576 4374; x_wconf 88' lang='lat' dir='ltr'><strong>vir-</strong></span> 
     </span>
    </p>
   </div>
   <div class='ocr_carea' id='block_1_104' title="bbox 2014 4414 3577 4488">
    <p class='ocr_par' dir='ltr' id='par_1_104' title="bbox 2014 4414 3577 4488">
     <span class='ocr_line' id='line_1_104' title="bbox 2014 4414 3577 4488; baseline -0.004 -14"><span class='ocrx_word' id='word_1_724' title='bbox 2014 4428 2187 4474; x_wconf 88' lang='lat' dir='ltr'><strong>tutum</strong></span> <span class='ocrx_word' id='word_1_725' title='bbox 2221 4418 2333 4472; x_wconf 87' lang='lat' dir='ltr'><strong>vita</strong></span> <span class='ocrx_word' id='word_1_726' title='bbox 2370 4417 2654 4486; x_wconf 85' lang='lat' dir='ltr'><strong>Theophili</strong></span> <span class='ocrx_word' id='word_1_727' title='bbox 2695 4420 2784 4488; x_wconf 92' lang='lat' dir='ltr'><strong>qui</strong></span> <span class='ocrx_word' id='word_1_728' title='bbox 2811 4417 2876 4472; x_wconf 90' lang='lat' dir='ltr'><strong>ad</strong></span> <span class='ocrx_word' id='word_1_729' title='bbox 2911 4416 3246 4484; x_wconf 88' lang='lat' dir='ltr'><strong>splendidum</strong></span> <span class='ocrx_word' id='word_1_730' title='bbox 3287 4414 3577 4470; x_wconf 88' lang='lat' dir='ltr'><strong>sacerdotii</strong></span> 
     </span>
    </p>
   </div>
   <div class='ocr_carea' id='block_1_105' title="bbox 2014 4506 3576 4578">
    <p class='ocr_par' dir='ltr' id='par_1_105' title="bbox 2014 4506 3576 4578">
     <span class='ocr_line' id='line_1_105' title="bbox 2014 4506 3576 4578; baseline -0.006 -14"><span class='ocrx_word' id='word_1_731' title='bbox 2014 4512 2370 4564; x_wconf 86' lang='lat' dir='ltr'><strong>ministerium</strong></span> <span class='ocrx_word' id='word_1_732' title='bbox 2430 4509 2710 4578; x_wconf 89' lang='lat' dir='ltr'><strong>aspiraret,</strong></span> <span class='ocrx_word' id='word_1_733' title='bbox 2755 4515 2809 4561; x_wconf 87' lang='lat' dir='ltr'><strong>et</strong></span> <span class='ocrx_word' id='word_1_734' title='bbox 2862 4507 3044 4562; x_wconf 90' lang='lat' dir='ltr'><strong>cuncti</strong></span> <span class='ocrx_word' id='word_1_735' title='bbox 3101 4506 3252 4576; x_wconf 89' lang='lat' dir='ltr'><strong>quasi</strong></span> <span class='ocrx_word' id='word_1_736' title='bbox 3302 4506 3356 4559; x_wconf 92' lang='lat' dir='ltr'><strong>in</strong></span> <span class='ocrx_word' id='word_1_737' title='bbox 3416 4520 3576 4556; x_wconf 86' lang='lat' dir='ltr'><strong>unam</strong></span> 
     </span>
    </p>
   </div>
   <div class='ocr_carea' id='block_1_106' title="bbox 2015 4594 3580 4671">
    <p class='ocr_par' dir='ltr' id='par_1_106' title="bbox 2015 4594 3580 4671">
     <span class='ocr_line' id='line_1_106' title="bbox 2015 4594 3580 4671; baseline -0.007 -12"><span class='ocrx_word' id='word_1_738' title='bbox 2015 4605 2281 4671; x_wconf 71' lang='lat' dir='ltr'><strong>compacu</strong></span> <span class='ocrx_word' id='word_1_739' title='bbox 2310 4599 2544 4667; x_wconf 86' lang='lat' dir='ltr'><strong>linguam</strong></span> <span class='ocrx_word' id='word_1_740' title='bbox 2576 4608 2628 4652; x_wconf 89' lang='lat' dir='ltr'><strong>et</strong></span> <span class='ocrx_word' id='word_1_741' title='bbox 2663 4598 2845 4650; x_wconf 87' lang='lat' dir='ltr'><strong>divino</strong></span> <span class='ocrx_word' id='word_1_742' title='bbox 2873 4597 3094 4650; x_wconf 86' lang='lat' dir='ltr'><strong>numine</strong></span> <span class='ocrx_word' id='word_1_743' title='bbox 3143 4594 3303 4649; x_wconf 74' lang='lat' dir='ltr'><strong>afﬂati</strong></span> <span class='ocrx_word' id='word_1_744' title='bbox 3352 4594 3580 4648; x_wconf 83' lang='lat' dir='ltr'><strong>summis</strong></span> 
     </span>
    </p>
   </div>
   <div class='ocr_carea' id='block_1_107' title="bbox 2015 4685 3581 4758">
    <p class='ocr_par' dir='ltr' id='par_1_107' title="bbox 2015 4685 3581 4758">
     <span class='ocr_line' id='line_1_107' title="bbox 2015 4685 3581 4758; baseline -0.008 -8"><span class='ocrx_word' id='word_1_745' title='bbox 2015 4697 2267 4751; x_wconf 89' lang='lat' dir='ltr'><strong>laudibus</strong></span> <span class='ocrx_word' id='word_1_746' title='bbox 2297 4693 2539 4750; x_wconf 76' lang='lat' dir='ltr'><strong>extulere</strong></span> <span class='ocrx_word' id='word_1_747' title='bbox 2565 4691 2738 4744; x_wconf 89' lang='lat' dir='ltr'><strong>virum</strong></span> <span class='ocrx_word' id='word_1_748' title='bbox 2767 4690 2854 4758; x_wconf 91' lang='lat' dir='ltr'><strong>qui</strong></span> <span class='ocrx_word' id='word_1_749' title='bbox 2887 4697 2940 4743; x_wconf 91' lang='lat' dir='ltr'><strong>et</strong></span> <span class='ocrx_word' id='word_1_750' title='bbox 2975 4687 3104 4757; x_wconf 84' lang='lat' dir='ltr'><strong>ipsis</strong></span> <span class='ocrx_word' id='word_1_751' title='bbox 3138 4685 3581 4755; x_wconf 82' lang='lat' dir='ltr'><strong>percontantibus</strong></span> 
     </span>
    </p>
   </div>
   <div class='ocr_carea' id='block_1_108' title="bbox 2021 4775 3584 4855">
    <p class='ocr_par' dir='ltr' id='par_1_108' title="bbox 2021 4775 3584 4855">
     <span class='ocr_line' id='line_1_108' title="bbox 2021 4775 3584 4855; baseline -0.009 -12"><span class='ocrx_word' id='word_1_752' title='bbox 2021 4790 2162 4844; x_wconf 87' lang='lat' dir='ltr'><strong>haud</strong></span> <span class='ocrx_word' id='word_1_753' title='bbox 2191 4789 2402 4855; x_wconf 88' lang='lat' dir='ltr'><strong>ignotus</strong></span> <span class='ocrx_word' id='word_1_754' title='bbox 2429 4794 2566 4838; x_wconf 89' lang='lat' dir='ltr'><strong>erat.</strong></span> <span class='ocrx_word' id='word_1_755' title='bbox 2615 4781 2676 4836; x_wconf 78' lang='lat' dir='ltr'><strong>Hi</strong></span> <span class='ocrx_word' id='word_1_756' title='bbox 2714 4782 2966 4834; x_wconf 91' lang='lat' dir='ltr'><strong>nimirum</strong></span> <span class='ocrx_word' id='word_1_757' title='bbox 3012 4778 3237 4832; x_wconf 86' lang='lat' dir='ltr'><strong>canonis</strong></span> <span class='ocrx_word' id='word_1_758' title='bbox 3298 4775 3584 4830; x_wconf 87' lang='lat' dir='ltr'><strong>rcctissimi</strong></span> 
     </span>
    </p>
   </div>
   <div class='ocr_carea' id='block_1_109' title="bbox 2013 4869 3584 4951">
    <p class='ocr_par' dir='ltr' id='par_1_109' title="bbox 2013 4869 3584 4951">
     <span class='ocr_line' id='line_1_109' title="bbox 2013 4869 3584 4951; baseline -0.01 -18"><span class='ocrx_word' id='word_1_759' title='bbox 2013 4887 2282 4951; x_wconf 66' lang='lat' dir='ltr'><strong>praecepto</strong></span> <span class='ocrx_word' id='word_1_760' title='bbox 2319 4875 2751 4938; x_wconf 78' lang='lat' dir='ltr'><strong>satisfaciebant,</strong></span> <span class='ocrx_word' id='word_1_761' title='bbox 2812 4873 2880 4934; x_wconf 84' lang='lat' dir='ltr'><strong>de</strong></span> <span class='ocrx_word' id='word_1_762' title='bbox 2927 4871 2992 4925; x_wconf 86' lang='lat' dir='ltr'><strong>iis</strong></span> <span class='ocrx_word' id='word_1_763' title='bbox 3035 4885 3154 4939; x_wconf 71' lang='lat' dir='ltr'><strong>qua:</strong></span> <span class='ocrx_word' id='word_1_764' title='bbox 3221 4869 3584 4928; x_wconf 86' lang='lat' dir='ltr'><strong>nescireutur,</strong></span> 
     </span>
    </p>
   </div>
   <div class='ocr_carea' id='block_1_110' title="bbox 2019 4960 3587 5036">
    <p class='ocr_par' dir='ltr' id='par_1_110' title="bbox 2019 4960 3587 5036">
     <span class='ocr_line' id='line_1_110' title="bbox 2019 4960 3587 5036; baseline -0.007 -14"><span class='ocrx_word' id='word_1_765' title='bbox 2019 4974 2161 5036; x_wconf 67' lang='lat' dir='ltr'><strong>haud</strong></span> <span class='ocrx_word' id='word_1_766' title='bbox 2214 4969 2438 5026; x_wconf 84' lang='lat' dir='ltr'><strong>nimium</strong></span> <span class='ocrx_word' id='word_1_767' title='bbox 2488 4967 2647 5021; x_wconf 79' lang='lat' dir='ltr'><strong>anxie</strong></span> <span class='ocrx_word' id='word_1_768' title='bbox 2697 4963 3076 5032; x_wconf 88' lang='lat' dir='ltr'><strong>disquirentes.</strong></span> <span class='ocrx_word' id='word_1_769' title='bbox 3127 4960 3386 5015; x_wconf 88' lang='lat' dir='ltr'><strong>lnnnctus</strong></span> <span class='ocrx_word' id='word_1_770' title='bbox 3423 4960 3587 5027; x_wconf 87' lang='lat' dir='ltr'><strong>igitur</strong></span> 
     </span>
    </p>
   </div>
   <div class='ocr_carea' id='block_1_111' title="bbox 2017 5049 3587 5121">
    <p class='ocr_par' dir='ltr' id='par_1_111' title="bbox 2017 5049 3587 5121">
     <span class='ocr_line' id='line_1_111' title="bbox 2017 5049 3587 5121; baseline -0.014 0"><span class='ocrx_word' id='word_1_771' title='bbox 2017 5074 2100 5121; x_wconf 89' lang='lat' dir='ltr'><strong>est</strong></span> <span class='ocrx_word' id='word_1_772' title='bbox 2134 5066 2236 5119; x_wconf 91' lang='lat' dir='ltr'><strong>hoc</strong></span> <span class='ocrx_word' id='word_1_773' title='bbox 2265 5062 2424 5116; x_wconf 90' lang='lat' dir='ltr'><strong>modo</strong></span> <span class='ocrx_word' id='word_1_774' title='bbox 2456 5059 2574 5114; x_wconf 88' lang='lat' dir='ltr'><strong>oleo</strong></span> <span class='ocrx_word' id='word_1_775' title='bbox 2605 5057 2949 5114; x_wconf 88' lang='lat' dir='ltr'><strong>sanctissimo</strong></span> <span class='ocrx_word' id='word_1_776' title='bbox 2981 5066 3033 5109; x_wconf 92' lang='lat' dir='ltr'><strong>et</strong></span> <span class='ocrx_word' id='word_1_777' title='bbox 3064 5053 3128 5106; x_wconf 89' lang='lat' dir='ltr'><strong>ad</strong></span> <span class='ocrx_word' id='word_1_778' title='bbox 3155 5052 3454 5106; x_wconf 88' lang='lat' dir='ltr'><strong>sacerdotis</strong></span> <span class='ocrx_word' id='word_1_779' title='bbox 3476 5049 3587 5100; x_wconf 85' lang='lat' dir='ltr'><strong>fas-</strong></span> 
     </span>
    </p>
   </div>
   <div class='ocr_carea' id='block_1_112' title="bbox 2023 5140 3586 5227">
    <p class='ocr_par' dir='ltr' id='par_1_112' title="bbox 2023 5140 3586 5227">
     <span class='ocr_line' id='line_1_112' title="bbox 2023 5140 3586 5227; baseline -0.013 -17"><span class='ocrx_word' id='word_1_780' title='bbox 2023 5157 2208 5227; x_wconf 85' lang='lat' dir='ltr'><strong>tigium</strong></span> <span class='ocrx_word' id='word_1_781' title='bbox 2251 5163 2546 5223; x_wconf 89' lang='lat' dir='ltr'><strong>promotus.</strong></span> <span class='ocrx_word' id='word_1_782' title='bbox 2572 5150 2689 5216; x_wconf 87' lang='lat' dir='ltr'><strong>Quo</strong></span> <span class='ocrx_word' id='word_1_783' title='bbox 2719 5147 2879 5210; x_wconf 90' lang='lat' dir='ltr'><strong>facto,</strong></span> <span class='ocrx_word' id='word_1_784' title='bbox 2915 5144 3058 5199; x_wconf 90' lang='lat' dir='ltr'><strong>velut</strong></span> <span class='ocrx_word' id='word_1_785' title='bbox 3084 5143 3221 5197; x_wconf 87' lang='lat' dir='ltr'><strong>lucis</strong></span> <span class='ocrx_word' id='word_1_786' title='bbox 3271 5140 3491 5209; x_wconf 84' lang='lat' dir='ltr'><strong>angelus</strong></span> <span class='ocrx_word' id='word_1_787' title='bbox 3529 5146 3586 5190; x_wconf 91' lang='lat' dir='ltr'><strong>et</strong></span> 
     </span>
    </p>
   </div>
   <div class='ocr_carea' id='block_1_113' title="bbox 2017 5229 3586 5312">
    <p class='ocr_par' dir='ltr' id='par_1_113' title="bbox 2017 5229 3586 5312">
     <span class='ocr_line' id='line_1_113' title="bbox 2017 5229 3586 5312; baseline -0.017 -10"><span class='ocrx_word' id='word_1_788' title='bbox 2017 5249 2244 5304; x_wconf 74' lang='lat' dir='ltr'><strong>ﬂammae</strong></span> <span class='ocrx_word' id='word_1_789' title='bbox 2273 5247 2543 5308; x_wconf 86' lang='lat' dir='ltr'><strong>minister,</strong></span> <span class='ocrx_word' id='word_1_790' title='bbox 2602 5241 2710 5312; x_wconf 72' lang='lat' dir='ltr'><strong>iam</strong></span> <span class='ocrx_word' id='word_1_791' title='bbox 2754 5239 3022 5294; x_wconf 88' lang='lat' dir='ltr'><strong>nemiuem</strong></span> <span class='ocrx_word' id='word_1_792' title='bbox 3060 5236 3246 5290; x_wconf 87' lang='lat' dir='ltr'><strong>habuit</strong></span> <span class='ocrx_word' id='word_1_793' title='bbox 3281 5233 3369 5303; x_wconf 92' lang='lat' dir='ltr'><strong>qui</strong></span> <span class='ocrx_word' id='word_1_794' title='bbox 3410 5229 3586 5298; x_wconf 86' lang='lat' dir='ltr'><strong>ipsum</strong></span> 
     </span>
    </p>
   </div>
   <div class='ocr_carea' id='block_1_114' title="bbox 2019 5324 3584 5404">
    <p class='ocr_par' dir='ltr' id='par_1_114' title="bbox 2019 5324 3584 5404">
     <span class='ocr_line' id='line_1_114' title="bbox 2019 5324 3584 5404; baseline -0.014 -12"><span class='ocrx_word' id='word_1_795' title='bbox 2019 5338 2284 5392; x_wconf 85' lang='lat' dir='ltr'><strong>imitando</strong></span> <span class='ocrx_word' id='word_1_796' title='bbox 2315 5343 2718 5404; x_wconf 85' lang='lat' dir='ltr'><strong>assequeretur,</strong></span> <span class='ocrx_word' id='word_1_797' title='bbox 2761 5330 2855 5384; x_wconf 88' lang='lat' dir='ltr'><strong>sed</strong></span> <span class='ocrx_word' id='word_1_798' title='bbox 2894 5328 3142 5400; x_wconf 78' lang='lat' dir='ltr'><strong>omnium</strong></span> <span class='ocrx_word' id='word_1_799' title='bbox 3194 5324 3472 5383; x_wconf 84' lang='lat' dir='ltr'><strong>virtutum,</strong></span> <span class='ocrx_word' id='word_1_800' title='bbox 3527 5325 3584 5370; x_wconf 89' lang='lat' dir='ltr'><strong>ut</strong></span> 
     </span>
    </p>
   </div>
   <div class='ocr_carea' id='block_1_115' title="bbox 2024 5410 3586 5488">
    <p class='ocr_par' dir='ltr' id='par_1_115' title="bbox 2024 5410 3586 5488">
     <span class='ocr_line' id='line_1_115' title="bbox 2024 5410 3586 5488; baseline -0.015 -10"><span class='ocrx_word' id='word_1_801' title='bbox 2024 5424 2103 5478; x_wconf 87' lang='lat' dir='ltr'><strong>ita</strong></span> <span class='ocrx_word' id='word_1_802' title='bbox 2130 5425 2331 5488; x_wconf 86' lang='lat' dir='ltr'><strong>dicam,</strong></span> <span class='ocrx_word' id='word_1_803' title='bbox 2366 5425 2689 5476; x_wconf 88' lang='lat' dir='ltr'><strong>concentum</strong></span> <span class='ocrx_word' id='word_1_804' title='bbox 2734 5417 3023 5471; x_wconf 86' lang='lat' dir='ltr'><strong>intendens</strong></span> <span class='ocrx_word' id='word_1_805' title='bbox 3083 5421 3137 5467; x_wconf 88' lang='lat' dir='ltr'><strong>et</strong></span> <span class='ocrx_word' id='word_1_806' title='bbox 3194 5410 3261 5464; x_wconf 92' lang='lat' dir='ltr'><strong>ad</strong></span> <span class='ocrx_word' id='word_1_807' title='bbox 3315 5419 3586 5461; x_wconf 88' lang='lat' dir='ltr'><strong>summam</strong></span> 
     </span>
    </p>
   </div>
   <div class='ocr_carea' id='block_1_116' title="bbox 2025 5495 3585 5577">
    <p class='ocr_par' dir='ltr' id='par_1_116' title="bbox 2025 5495 3585 5577">
     <span class='ocr_line' id='line_1_116' title="bbox 2025 5495 3585 5577; baseline -0.012 -11"><span class='ocrx_word' id='word_1_808' title='bbox 2025 5513 2359 5568; x_wconf 89' lang='lat' dir='ltr'><strong>harmoniam</strong></span> <span class='ocrx_word' id='word_1_809' title='bbox 2391 5510 2643 5572; x_wconf 84' lang='lat' dir='ltr'><strong>evehens,</strong></span> <span class='ocrx_word' id='word_1_810' title='bbox 2676 5505 2916 5577; x_wconf 83' lang='lat' dir='ltr'><strong>angelica</strong></span> <span class='ocrx_word' id='word_1_811' title='bbox 2971 5499 3292 5558; x_wconf 88' lang='lat' dir='ltr'><strong>consnicnus</strong></span> <span class='ocrx_word' id='word_1_812' title='bbox 3344 5496 3446 5549; x_wconf 92' lang='lat' dir='ltr'><strong>fuit</strong></span> <span class='ocrx_word' id='word_1_813' title='bbox 3479 5495 3585 5548; x_wconf 83' lang='lat' dir='ltr'><strong>vita</strong></span> 
     </span>
    </p>
   </div>
   <div class='ocr_carea' id='block_1_117' title="bbox 2028 5585 3582 5671">
    <p class='ocr_par' dir='ltr' id='par_1_117' title="bbox 2028 5585 3582 5671">
     <span class='ocr_line' id='line_1_117' title="bbox 2028 5585 3582 5671; baseline -0.012 -17"><span class='ocrx_word' id='word_1_814' title='bbox 2028 5601 2198 5671; x_wconf 79' lang='lat' dir='ltr'><strong>Magis</strong></span> <span class='ocrx_word' id='word_1_815' title='bbox 2223 5599 2498 5669; x_wconf 88' lang='lat' dir='ltr'><strong>magisque</strong></span> <span class='ocrx_word' id='word_1_816' title='bbox 2529 5597 2692 5667; x_wconf 89' lang='lat' dir='ltr'><strong>igitur</strong></span> <span class='ocrx_word' id='word_1_817' title='bbox 2711 5593 2912 5649; x_wconf 90' lang='lat' dir='ltr'><strong>sanctis</strong></span> <span class='ocrx_word' id='word_1_818' title='bbox 2933 5587 3212 5645; x_wconf 77' lang='lat' dir='ltr'><strong>sacrificiis</strong></span> <span class='ocrx_word' id='word_1_819' title='bbox 3238 5601 3460 5657; x_wconf 87' lang='lat' dir='ltr'><strong>operam</strong></span> <span class='ocrx_word' id='word_1_820' title='bbox 3493 5585 3582 5636; x_wconf 86' lang='lat' dir='ltr'><strong>de-</strong></span> 
     </span>
    </p>
   </div>
   <div class='ocr_carea' id='block_1_118' title="bbox 2033 5678 3586 5760">
    <p class='ocr_par' dir='ltr' id='par_1_118' title="bbox 2033 5678 3586 5760">
     <span class='ocr_line' id='line_1_118' title="bbox 2033 5678 3586 5760; baseline -0.013 -10"><span class='ocrx_word' id='word_1_821' title='bbox 2033 5695 2132 5758; x_wconf 85' lang='lat' dir='ltr'><strong>dit,</strong></span> <span class='ocrx_word' id='word_1_822' title='bbox 2157 5693 2354 5748; x_wconf 91' lang='lat' dir='ltr'><strong>divinis</strong></span> <span class='ocrx_word' id='word_1_823' title='bbox 2375 5689 2593 5760; x_wconf 87' lang='lat' dir='ltr'><strong>psalmis</strong></span> <span class='ocrx_word' id='word_1_824' title='bbox 2620 5697 2674 5743; x_wconf 91' lang='lat' dir='ltr'><strong>et</strong></span> <span class='ocrx_word' id='word_1_825' title='bbox 2710 5685 2924 5756; x_wconf 86' lang='lat' dir='ltr'><strong>hymnis</strong></span> <span class='ocrx_word' id='word_1_826' title='bbox 2972 5680 3205 5747; x_wconf 78' lang='lat' dir='ltr'><strong>inhaesit,</strong></span> <span class='ocrx_word' id='word_1_827' title='bbox 3231 5690 3283 5736; x_wconf 90' lang='lat' dir='ltr'><strong>et</strong></span> <span class='ocrx_word' id='word_1_828' title='bbox 3311 5680 3414 5736; x_wconf 91' lang='lat' dir='ltr'><strong>alia</strong></span> <span class='ocrx_word' id='word_1_829' title='bbox 3461 5678 3586 5747; x_wconf 71' lang='lat' dir='ltr'><strong>legit</strong></span> 
     </span>
    </p>
   </div>
  </div>
