  <div class='ocr_page' id='page_1' title='image "/cluster/home/n/w/nwhite01/storage/ocr_20150623/136/hvd.32044054100201/085.png"; bbox 0 0 4036 6224; ppageno 0'>
   <div class='ocr_carea' id='block_1_1' title="bbox 446 324 553 388">
    <p class='ocr_par' dir='ltr' id='par_1_1' title="bbox 446 324 553 388">
     <span class='ocr_line' id='line_1_1' title="bbox 446 324 553 388; baseline 0.009 -1"><span class='ocrx_word' id='word_1_1' title='bbox 446 324 553 388; x_wconf 76' lang='grc'><strong>155</strong></span> 
     </span>
    </p>
   </div>
   <div class='ocr_carea' id='block_1_2' title="bbox 1192 321 2022 389">
    <p class='ocr_par' dir='ltr' id='par_1_2' title="bbox 1192 323 2022 389">
     <span class='ocr_line' id='line_1_2' title="bbox 1192 323 2022 389; baseline -0.006 -2"><span class='ocrx_word' id='word_1_2' title='bbox 1192 328 1611 389; x_wconf 58' lang='grc' dir='ltr'><strong>ΕυΞΤιΧἹῚΙῐῐ</strong></span> <span class='ocrx_word' id='word_1_3' title='bbox 1650 323 2022 388; x_wconf 65' lang='lat' dir='ltr'><strong>TIIESSALC</strong></span> 
     </span>
    </p>
   </div>
   <div class='ocr_carea' id='block_1_3' title="bbox 2124 321 3009 389">
    <p class='ocr_par' dir='ltr' id='par_1_3' title="bbox 2124 322 3009 385">
     <span class='ocr_line' id='line_1_3' title="bbox 2124 322 3009 385; baseline 0.005 -7"><span class='ocrx_word' id='word_1_4' title='bbox 2124 323 2407 385; x_wconf 59' lang='lat' dir='ltr'><strong>(CENSIS</strong></span> <span class='ocrx_word' id='word_1_5' title='bbox 2444 322 3009 384; x_wconf 70' lang='grc' dir='ltr'><strong>ΜΕΤΠΟΡΟΙᾸΉΞ</strong></span> 
     </span>
    </p>
   </div>
   <div class='ocr_carea' id='block_1_4' title="bbox 3612 319 3718 383">
    <p class='ocr_par' dir='ltr' id='par_1_4' title="bbox 3612 319 3718 383">
     <span class='ocr_line' id='line_1_4' title="bbox 3612 319 3718 383; baseline 0 0"><span class='ocrx_word' id='word_1_6' title='bbox 3612 319 3718 383; x_wconf 65' lang='grc' dir='ltr'>ιεις</span> 
     </span>
    </p>
   </div>
   <div class='ocr_carea' id='block_1_5' title="bbox 449 432 2022 510">
    <p class='ocr_par' dir='ltr' id='par_1_5' title="bbox 449 441 2022 509">
     <span class='ocr_line' id='line_1_5' title="bbox 449 441 2022 509; baseline -0.003 -12"><span class='ocrx_word' id='word_1_7' title='bbox 449 444 503 497; x_wconf 87' lang='lat' dir='ltr'><strong>itt</strong></span> <span class='ocrx_word' id='word_1_8' title='bbox 532 443 873 495; x_wconf 73' lang='lat' dir='ltr'><strong>l‘ﬂtlttllOtltlm</strong></span> <span class='ocrx_word' id='word_1_9' title='bbox 903 445 1235 508; x_wconf 64' lang='lat' dir='ltr'><strong>auditorum,</strong></span> <span class='ocrx_word' id='word_1_10' title='bbox 1269 446 1371 509; x_wconf 74' lang='lat' dir='ltr'><strong>alia</strong></span> <span class='ocrx_word' id='word_1_11' title='bbox 1415 447 1466 498; x_wconf 81' lang='lat' dir='ltr'><strong>in</strong></span> <span class='ocrx_word' id='word_1_12' title='bbox 1527 459 1638 498; x_wconf 65' lang='lat' dir='ltr'><strong>sum</strong></span> <span class='ocrx_word' id='word_1_13' title='bbox 1683 442 1883 498; x_wconf 68' lang='lat' dir='ltr'><strong>anima:</strong></span> <span class='ocrx_word' id='word_1_14' title='bbox 1913 441 2022 494; x_wconf 76' lang='lat' dir='ltr'><strong>lbr-</strong></span> 
     </span>
    </p>
   </div>
   <div class='ocr_carea' id='block_1_6' title="bbox 2124 432 3719 510">
    <p class='ocr_par' dir='ltr' id='par_1_6' title="bbox 2136 432 3719 510">
     <span class='ocr_line' id='line_1_6' title="bbox 2136 432 3719 510; baseline -0.003 -19"><span class='ocrx_word' id='word_1_15' title='bbox 2136 439 2460 507; x_wconf 80' lang='grc' dir='ltr'>μιευτικῶς.</span> <span class='ocrx_word' id='word_1_16' title='bbox 2485 439 2679 509; x_wconf 76' lang='grc' dir='ltr'>αὔριον</span> <span class='ocrx_word' id='word_1_17' title='bbox 2706 437 2765 491; x_wconf 76' lang='grc' dir='ltr'>δὲ</span> <span class='ocrx_word' id='word_1_18' title='bbox 2812 435 3263 510; x_wconf 75' lang='grc' dir='ltr'>προϐλησόμενον</span> <span class='ocrx_word' id='word_1_19' title='bbox 3300 432 3399 488; x_wconf 79' lang='grc' dir='ltr'>καὶ</span> <span class='ocrx_word' id='word_1_20' title='bbox 3429 435 3547 497; x_wconf 77' lang='grc' dir='ltr'>τοῖς</span> <span class='ocrx_word' id='word_1_21' title='bbox 3580 437 3719 488; x_wconf 74' lang='grc' dir='ltr'>ἀπο-</span> 
     </span>
    </p>
   </div>
   <div class='ocr_carea' id='block_1_7' title="bbox 446 532 2028 605">
    <p class='ocr_par' dir='ltr' id='par_1_7' title="bbox 446 532 2028 605">
     <span class='ocr_line' id='line_1_7' title="bbox 446 532 2028 605; baseline -0.003 -16"><span class='ocrx_word' id='word_1_22' title='bbox 446 548 606 589; x_wconf 84' lang='lat' dir='ltr'><strong>sanro</strong></span> <span class='ocrx_word' id='word_1_23' title='bbox 630 535 954 597; x_wconf 84' lang='lat' dir='ltr'><strong>recondidit,</strong></span> <span class='ocrx_word' id='word_1_24' title='bbox 989 544 1044 589; x_wconf 90' lang='lat' dir='ltr'><strong>et</strong></span> <span class='ocrx_word' id='word_1_25' title='bbox 1087 551 1206 605; x_wconf 75' lang='lat' dir='ltr'><strong>quae</strong></span> <span class='ocrx_word' id='word_1_26' title='bbox 1239 536 1416 596; x_wconf 82' lang='lat' dir='ltr'><strong>hodie.</strong></span> <span class='ocrx_word' id='word_1_27' title='bbox 1447 536 1571 589; x_wconf 88' lang='lat' dir='ltr'><strong>boni</strong></span> <span class='ocrx_word' id='word_1_28' title='bbox 1614 532 1885 591; x_wconf 72' lang='lat' dir='ltr'><strong>mconomi</strong></span> <span class='ocrx_word' id='word_1_29' title='bbox 1942 532 2028 585; x_wconf 83' lang='lat' dir='ltr'><strong>in-</strong></span> 
     </span>
    </p>
   </div>
   <div class='ocr_carea' id='block_1_8' title="bbox 448 624 2026 699">
    <p class='ocr_par' dir='ltr' id='par_1_8' title="bbox 448 624 2026 699">
     <span class='ocr_line' id='line_1_8' title="bbox 448 624 2026 699; baseline -0.003 -17"><span class='ocrx_word' id='word_1_30' title='bbox 448 641 585 692; x_wconf 83' lang='lat' dir='ltr'><strong>star,</strong></span> <span class='ocrx_word' id='word_1_31' title='bbox 614 627 713 682; x_wconf 84' lang='lat' dir='ltr'><strong>sibi</strong></span> <span class='ocrx_word' id='word_1_32' title='bbox 745 637 1075 694; x_wconf 77' lang='lat' dir='ltr'><strong>reservarat,</strong></span> <span class='ocrx_word' id='word_1_33' title='bbox 1139 628 1425 699; x_wconf 89' lang='lat' dir='ltr'><strong>postridie.</strong></span> <span class='ocrx_word' id='word_1_34' title='bbox 1481 628 1528 683; x_wconf 90' lang='lat' dir='ltr'><strong>si</strong></span> <span class='ocrx_word' id='word_1_35' title='bbox 1578 628 1671 698; x_wconf 89' lang='lat' dir='ltr'><strong>qui</strong></span> <span class='ocrx_word' id='word_1_36' title='bbox 1701 627 1769 685; x_wconf 90' lang='lat' dir='ltr'><strong>iis</strong></span> <span class='ocrx_word' id='word_1_37' title='bbox 1820 624 2026 698; x_wconf 83' lang='lat' dir='ltr'><strong>perfrui</strong></span> 
     </span>
    </p>
   </div>
   <div class='ocr_carea' id='block_1_9' title="bbox 448 716 1600 790">
    <p class='ocr_par' dir='ltr' id='par_1_9' title="bbox 448 716 1600 790">
     <span class='ocr_line' id='line_1_9' title="bbox 448 716 1600 790; baseline 0 -20"><span class='ocrx_word' id='word_1_38' title='bbox 448 716 842 784; x_wconf 81' lang='lat' dir='ltr'><strong>desiderarent,</strong></span> <span class='ocrx_word' id='word_1_39' title='bbox 874 719 1023 790; x_wconf 81' lang='lat' dir='ltr'><strong>larga</strong></span> <span class='ocrx_word' id='word_1_40' title='bbox 1051 734 1210 774; x_wconf 88' lang='lat' dir='ltr'><strong>manu</strong></span> <span class='ocrx_word' id='word_1_41' title='bbox 1244 718 1600 789; x_wconf 67' lang='lat' dir='ltr'><strong>etprmnpsit.</strong></span> 
     </span>
    </p>
   </div>
   <div class='ocr_carea' id='block_1_10' title="bbox 520 809 2026 881">
    <p class='ocr_par' dir='ltr' id='par_1_10' title="bbox 520 809 2026 881">
     <span class='ocr_line' id='line_1_10' title="bbox 520 809 2026 881; baseline -0.002 -17"><span class='ocrx_word' id='word_1_42' title='bbox 520 811 608 865; x_wconf 78' lang='grc'><strong>15.</strong></span> <span class='ocrx_word' id='word_1_43' title='bbox 652 810 757 865; x_wconf 82' lang='lat' dir='ltr'><strong>Pro</strong></span> <span class='ocrx_word' id='word_1_44' title='bbox 807 811 1144 868; x_wconf 87' lang='lat' dir='ltr'><strong>habitatione</strong></span> <span class='ocrx_word' id='word_1_45' title='bbox 1200 810 1516 881; x_wconf 86' lang='lat' dir='ltr'><strong>plerumque</strong></span> <span class='ocrx_word' id='word_1_46' title='bbox 1569 810 1805 866; x_wconf 76' lang='lat' dir='ltr'><strong>habebat</strong></span> <span class='ocrx_word' id='word_1_47' title='bbox 1856 809 2026 864; x_wconf 70' lang='lat' dir='ltr'><strong>sedem</strong></span> 
     </span>
    </p>
   </div>
   <div class='ocr_carea' id='block_1_11' title="bbox 448 901 2029 976">
    <p class='ocr_par' dir='ltr' id='par_1_11' title="bbox 448 901 2029 976">
     <span class='ocr_line' id='line_1_11' title="bbox 448 901 2029 976; baseline 0 -20"><span class='ocrx_word' id='word_1_48' title='bbox 448 902 708 966; x_wconf 87' lang='lat' dir='ltr'><strong>divinam,</strong></span> <span class='ocrx_word' id='word_1_49' title='bbox 741 904 797 959; x_wconf 91' lang='lat' dir='ltr'><strong>in</strong></span> <span class='ocrx_word' id='word_1_50' title='bbox 826 920 931 976; x_wconf 90' lang='lat' dir='ltr'><strong>qua</strong></span> <span class='ocrx_word' id='word_1_51' title='bbox 964 905 1124 960; x_wconf 80' lang='lat' dir='ltr'><strong>veluti</strong></span> <span class='ocrx_word' id='word_1_52' title='bbox 1149 905 1422 974; x_wconf 87' lang='lat' dir='ltr'><strong>plantatns</strong></span> <span class='ocrx_word' id='word_1_53' title='bbox 1444 903 1843 973; x_wconf 84' lang='lat' dir='ltr'><strong>pulcherrimos</strong></span> <span class='ocrx_word' id='word_1_54' title='bbox 1878 901 2029 956; x_wconf 80' lang='lat' dir='ltr'><strong>fruc-</strong></span> 
     </span>
    </p>
   </div>
   <div class='ocr_carea' id='block_1_12' title="bbox 451 992 2027 1075">
    <p class='ocr_par' dir='ltr' id='par_1_12' title="bbox 451 992 2027 1075">
     <span class='ocr_line' id='line_1_12' title="bbox 451 992 2027 1075; baseline 0.001 -29"><span class='ocrx_word' id='word_1_55' title='bbox 451 1003 539 1048; x_wconf 87' lang='lat' dir='ltr'><strong>tus</strong></span> <span class='ocrx_word' id='word_1_56' title='bbox 560 994 712 1075; x_wconf 77' lang='lat' dir='ltr'><strong>tulit.</strong></span> <span class='ocrx_word' id='word_1_57' title='bbox 761 993 1056 1053; x_wconf 83' lang='lat' dir='ltr'><strong>Rarissime</strong></span> <span class='ocrx_word' id='word_1_58' title='bbox 1103 996 1266 1066; x_wconf 73' lang='lat' dir='ltr'><strong>igitur</strong></span> <span class='ocrx_word' id='word_1_59' title='bbox 1285 996 1367 1052; x_wconf 91' lang='lat' dir='ltr'><strong>sol</strong></span> <span class='ocrx_word' id='word_1_60' title='bbox 1392 1012 1514 1051; x_wconf 87' lang='lat' dir='ltr'><strong>eum</strong></span> <span class='ocrx_word' id='word_1_61' title='bbox 1536 992 2027 1065; x_wconf 77' lang='lat' dir='ltr'><strong>conspexitqnibus</strong></span> 
     </span>
    </p>
   </div>
   <div class='ocr_carea' id='block_1_13' title="bbox 449 1086 2027 1159">
    <p class='ocr_par' dir='ltr' id='par_1_13' title="bbox 449 1086 2027 1159">
     <span class='ocr_line' id='line_1_13' title="bbox 449 1086 2027 1159; baseline 0 -19"><span class='ocrx_word' id='word_1_62' title='bbox 449 1086 599 1153; x_wconf 82' lang='lat' dir='ltr'><strong>prius</strong></span> <span class='ocrx_word' id='word_1_63' title='bbox 627 1099 948 1144; x_wconf 83' lang='lat' dir='ltr'><strong>assueverat</strong></span> <span class='ocrx_word' id='word_1_64' title='bbox 981 1104 1205 1159; x_wconf 81' lang='lat' dir='ltr'><strong>operam</strong></span> <span class='ocrx_word' id='word_1_65' title='bbox 1237 1091 1480 1155; x_wconf 87' lang='lat' dir='ltr'><strong>dantem,</strong></span> <span class='ocrx_word' id='word_1_66' title='bbox 1526 1088 1629 1144; x_wconf 87' lang='lat' dir='ltr'><strong>nisi</strong></span> <span class='ocrx_word' id='word_1_67' title='bbox 1683 1087 1824 1144; x_wconf 79' lang='lat' dir='ltr'><strong>forte</strong></span> <span class='ocrx_word' id='word_1_68' title='bbox 1859 1088 1926 1142; x_wconf 88' lang='lat' dir='ltr'><strong>de</strong></span> <span class='ocrx_word' id='word_1_69' title='bbox 1960 1087 2027 1141; x_wconf 88' lang='lat' dir='ltr'><strong>iis</strong></span> 
     </span>
    </p>
   </div>
   <div class='ocr_carea' id='block_1_14' title="bbox 450 1179 2028 1247">
    <p class='ocr_par' dir='ltr' id='par_1_14' title="bbox 450 1179 2028 1247">
     <span class='ocr_line' id='line_1_14' title="bbox 450 1179 2028 1247; baseline 0.001 -16"><span class='ocrx_word' id='word_1_70' title='bbox 450 1194 570 1247; x_wconf 81' lang='lat' dir='ltr'><strong>quae</strong></span> <span class='ocrx_word' id='word_1_71' title='bbox 603 1182 837 1236; x_wconf 80' lang='lat' dir='ltr'><strong>maxime</strong></span> <span class='ocrx_word' id='word_1_72' title='bbox 867 1184 1179 1238; x_wconf 86' lang='lat' dir='ltr'><strong>necessaria</strong></span> <span class='ocrx_word' id='word_1_73' title='bbox 1218 1190 1347 1238; x_wconf 88' lang='lat' dir='ltr'><strong>sunt</strong></span> <span class='ocrx_word' id='word_1_74' title='bbox 1373 1180 1706 1247; x_wconf 83' lang='lat' dir='ltr'><strong>hominibus,</strong></span> <span class='ocrx_word' id='word_1_75' title='bbox 1759 1179 2028 1247; x_wconf 82' lang='lat' dir='ltr'><strong>dispicere</strong></span> 
     </span>
    </p>
   </div>
   <div class='ocr_carea' id='block_1_15' title="bbox 449 1270 2025 1344">
    <p class='ocr_par' dir='ltr' id='par_1_15' title="bbox 449 1270 2025 1344">
     <span class='ocr_line' id='line_1_15' title="bbox 449 1270 2025 1344; baseline -0.003 -19"><span class='ocrx_word' id='word_1_76' title='bbox 449 1281 676 1326; x_wconf 86' lang='lat' dir='ltr'><strong>coactus</strong></span> <span class='ocrx_word' id='word_1_77' title='bbox 699 1282 867 1339; x_wconf 82' lang='lat' dir='ltr'><strong>esset,</strong></span> <span class='ocrx_word' id='word_1_78' title='bbox 894 1291 948 1328; x_wconf 88' lang='lat' dir='ltr'><strong>v.</strong></span> <span class='ocrx_word' id='word_1_79' title='bbox 986 1290 1036 1330; x_wconf 92' lang='lat' dir='ltr'><strong>c.</strong></span> <span class='ocrx_word' id='word_1_80' title='bbox 1085 1274 1152 1328; x_wconf 88' lang='lat' dir='ltr'><strong>de</strong></span> <span class='ocrx_word' id='word_1_81' title='bbox 1180 1275 1567 1344; x_wconf 77' lang='lat' dir='ltr'><strong>agricultura.</strong></span> <span class='ocrx_word' id='word_1_82' title='bbox 1617 1270 1803 1342; x_wconf 84' lang='lat' dir='ltr'><strong>Neque</strong></span> <span class='ocrx_word' id='word_1_83' title='bbox 1848 1270 2025 1325; x_wconf 82' lang='lat' dir='ltr'><strong>solum</strong></span> 
     </span>
    </p>
   </div>
   <div class='ocr_carea' id='block_1_16' title="bbox 449 1361 2029 1435">
    <p class='ocr_par' dir='ltr' id='par_1_16' title="bbox 449 1361 2029 1435">
     <span class='ocr_line' id='line_1_16' title="bbox 449 1361 2029 1435; baseline -0.003 -17"><span class='ocrx_word' id='word_1_84' title='bbox 449 1363 594 1418; x_wconf 89' lang='lat' dir='ltr'><strong>enim</strong></span> <span class='ocrx_word' id='word_1_85' title='bbox 625 1378 720 1434; x_wconf 90' lang='lat' dir='ltr'><strong>per</strong></span> <span class='ocrx_word' id='word_1_86' title='bbox 758 1367 1125 1421; x_wconf 87' lang='lat' dir='ltr'><strong>mercenarios</strong></span> <span class='ocrx_word' id='word_1_87' title='bbox 1149 1379 1349 1422; x_wconf 88' lang='lat' dir='ltr'><strong>terram</strong></span> <span class='ocrx_word' id='word_1_88' title='bbox 1370 1367 1437 1420; x_wconf 84' lang='lat' dir='ltr'><strong>ad</strong></span> <span class='ocrx_word' id='word_1_89' title='bbox 1455 1362 1831 1435; x_wconf 85' lang='lat' dir='ltr'><strong>producendos</strong></span> <span class='ocrx_word' id='word_1_90' title='bbox 1849 1361 2029 1415; x_wconf 76' lang='lat' dir='ltr'><strong>varios</strong></span> 
     </span>
    </p>
   </div>
   <div class='ocr_carea' id='block_1_17' title="bbox 451 1453 2031 1522">
    <p class='ocr_par' dir='ltr' id='par_1_17' title="bbox 451 1453 2031 1522">
     <span class='ocr_line' id='line_1_17' title="bbox 451 1453 2031 1522; baseline -0.001 -13"><span class='ocrx_word' id='word_1_91' title='bbox 451 1454 660 1511; x_wconf 79' lang='lat' dir='ltr'><strong>frttctus</strong></span> <span class='ocrx_word' id='word_1_92' title='bbox 717 1456 1076 1513; x_wconf 77' lang='lat' dir='ltr'><strong>cﬂ‘udiendam</strong></span> <span class='ocrx_word' id='word_1_93' title='bbox 1141 1458 1377 1520; x_wconf 78' lang='lat' dir='ltr'><strong>curavit,</strong></span> <span class='ocrx_word' id='word_1_94' title='bbox 1440 1457 1535 1511; x_wconf 88' lang='lat' dir='ltr'><strong>sed</strong></span> <span class='ocrx_word' id='word_1_95' title='bbox 1582 1455 1746 1512; x_wconf 90' lang='lat' dir='ltr'><strong>etiam</strong></span> <span class='ocrx_word' id='word_1_96' title='bbox 1798 1453 2031 1522; x_wconf 76' lang='lat' dir='ltr'><strong>propriis</strong></span> 
     </span>
    </p>
   </div>
   <div class='ocr_carea' id='block_1_18' title="bbox 451 1547 2029 1618">
    <p class='ocr_par' dir='ltr' id='par_1_18' title="bbox 451 1547 2029 1618">
     <span class='ocr_line' id='line_1_18' title="bbox 451 1547 2029 1618; baseline 0.001 -19"><span class='ocrx_word' id='word_1_97' title='bbox 451 1549 707 1603; x_wconf 88' lang='lat' dir='ltr'><strong>rnanilms</strong></span> <span class='ocrx_word' id='word_1_98' title='bbox 752 1562 871 1603; x_wconf 88' lang='lat' dir='ltr'><strong>eam</strong></span> <span class='ocrx_word' id='word_1_99' title='bbox 912 1548 1248 1618; x_wconf 80' lang='lat' dir='ltr'><strong>sollicitavit,</strong></span> <span class='ocrx_word' id='word_1_100' title='bbox 1295 1547 1568 1603; x_wconf 75' lang='lat' dir='ltr'><strong>laudabile</strong></span> <span class='ocrx_word' id='word_1_101' title='bbox 1598 1547 1703 1603; x_wconf 82' lang='lat' dir='ltr'><strong>hoc</strong></span> <span class='ocrx_word' id='word_1_102' title='bbox 1742 1560 1862 1601; x_wconf 87' lang='lat' dir='ltr'><strong>esse</strong></span> <span class='ocrx_word' id='word_1_103' title='bbox 1891 1558 2029 1613; x_wconf 88' lang='lat' dir='ltr'><strong>opus</strong></span> 
     </span>
    </p>
   </div>
   <div class='ocr_carea' id='block_1_19' title="bbox 445 1637 2031 1713">
    <p class='ocr_par' dir='ltr' id='par_1_19' title="bbox 445 1637 2031 1713">
     <span class='ocr_line' id='line_1_19' title="bbox 445 1637 2031 1713; baseline -0.003 -21"><span class='ocrx_word' id='word_1_104' title='bbox 445 1638 700 1709; x_wconf 85' lang='lat' dir='ltr'><strong>judicans</strong></span> <span class='ocrx_word' id='word_1_105' title='bbox 734 1650 790 1695; x_wconf 91' lang='lat' dir='ltr'><strong>et</strong></span> <span class='ocrx_word' id='word_1_106' title='bbox 816 1640 1035 1697; x_wconf 89' lang='lat' dir='ltr'><strong>bomine</strong></span> <span class='ocrx_word' id='word_1_107' title='bbox 1066 1641 1313 1713; x_wconf 89' lang='lat' dir='ltr'><strong>dignum.</strong></span> <span class='ocrx_word' id='word_1_108' title='bbox 1343 1639 1559 1695; x_wconf 78' lang='lat' dir='ltr'><strong>Etenim</strong></span> <span class='ocrx_word' id='word_1_109' title='bbox 1589 1646 1646 1693; x_wconf 90' lang='lat' dir='ltr'><strong>et</strong></span> <span class='ocrx_word' id='word_1_110' title='bbox 1692 1637 1746 1695; x_wconf 89' lang='lat' dir='ltr'><strong>in</strong></span> <span class='ocrx_word' id='word_1_111' title='bbox 1790 1645 1934 1691; x_wconf 88' lang='lat' dir='ltr'><strong>terra</strong></span> <span class='ocrx_word' id='word_1_112' title='bbox 1973 1640 2031 1690; x_wconf 88' lang='lat' dir='ltr'><strong>et</strong></span> 
     </span>
    </p>
   </div>
   <div class='ocr_carea' id='block_1_20' title="bbox 452 1726 2033 1799">
    <p class='ocr_par' dir='ltr' id='par_1_20' title="bbox 452 1726 2033 1799">
     <span class='ocr_line' id='line_1_20' title="bbox 452 1726 2033 1799; baseline -0.001 -16"><span class='ocrx_word' id='word_1_113' title='bbox 452 1728 505 1784; x_wconf 95' lang='lat' dir='ltr'><strong>in</strong></span> <span class='ocrx_word' id='word_1_114' title='bbox 533 1730 669 1785; x_wconf 91' lang='lat' dir='ltr'><strong>mari</strong></span> <span class='ocrx_word' id='word_1_115' title='bbox 693 1730 946 1787; x_wconf 88' lang='lat' dir='ltr'><strong>laborant</strong></span> <span class='ocrx_word' id='word_1_116' title='bbox 975 1731 1256 1787; x_wconf 80' lang='lat' dir='ltr'><strong>homines:</strong></span> <span class='ocrx_word' id='word_1_117' title='bbox 1279 1740 1334 1787; x_wconf 91' lang='lat' dir='ltr'><strong>et</strong></span> <span class='ocrx_word' id='word_1_118' title='bbox 1368 1729 1536 1785; x_wconf 86' lang='lat' dir='ltr'><strong>maris</strong></span> <span class='ocrx_word' id='word_1_119' title='bbox 1554 1728 1778 1799; x_wconf 84' lang='lat' dir='ltr'><strong>quidem</strong></span> <span class='ocrx_word' id='word_1_120' title='bbox 1803 1726 1955 1782; x_wconf 90' lang='lat' dir='ltr'><strong>labor</strong></span> <span class='ocrx_word' id='word_1_121' title='bbox 1974 1735 2033 1781; x_wconf 90' lang='lat' dir='ltr'><strong>et</strong></span> 
     </span>
    </p>
   </div>
   <div class='ocr_carea' id='block_1_21' title="bbox 450 1822 2027 1893">
    <p class='ocr_par' dir='ltr' id='par_1_21' title="bbox 450 1822 2027 1893">
     <span class='ocr_line' id='line_1_21' title="bbox 450 1822 2027 1893; baseline -0.003 -14"><span class='ocrx_word' id='word_1_122' title='bbox 450 1822 686 1879; x_wconf 81' lang='lat' dir='ltr'><strong>studium</strong></span> <span class='ocrx_word' id='word_1_123' title='bbox 731 1823 1035 1879; x_wconf 87' lang='lat' dir='ltr'><strong>serioribus</strong></span> <span class='ocrx_word' id='word_1_124' title='bbox 1081 1825 1418 1893; x_wconf 81' lang='lat' dir='ltr'><strong>temporibus</strong></span> <span class='ocrx_word' id='word_1_125' title='bbox 1450 1824 1755 1879; x_wconf 89' lang='lat' dir='ltr'><strong>introducta</strong></span> <span class='ocrx_word' id='word_1_126' title='bbox 1804 1830 1934 1878; x_wconf 87' lang='lat' dir='ltr'><strong>sunt</strong></span> <span class='ocrx_word' id='word_1_127' title='bbox 1970 1830 2027 1875; x_wconf 87' lang='lat' dir='ltr'><strong>et</strong></span> 
     </span>
    </p>
   </div>
   <div class='ocr_carea' id='block_1_22' title="bbox 453 1914 2027 1989">
    <p class='ocr_par' dir='ltr' id='par_1_22' title="bbox 453 1914 2027 1989">
     <span class='ocr_line' id='line_1_22' title="bbox 453 1914 2027 1989; baseline -0.001 -17"><span class='ocrx_word' id='word_1_128' title='bbox 453 1914 765 1973; x_wconf 57' lang='lat' dir='ltr'><strong>infensariis</strong></span> <span class='ocrx_word' id='word_1_129' title='bbox 789 1919 879 1987; x_wconf 85' lang='lat' dir='ltr'><strong>qui</strong></span> <span class='ocrx_word' id='word_1_130' title='bbox 911 1918 1002 1973; x_wconf 90' lang='lat' dir='ltr'><strong>diu</strong></span> <span class='ocrx_word' id='word_1_131' title='bbox 1032 1926 1086 1973; x_wconf 90' lang='lat' dir='ltr'><strong>et</strong></span> <span class='ocrx_word' id='word_1_132' title='bbox 1110 1932 1302 1973; x_wconf 90' lang='lat' dir='ltr'><strong>secure</strong></span> <span class='ocrx_word' id='word_1_133' title='bbox 1321 1918 1508 1975; x_wconf 84' lang='lat' dir='ltr'><strong>vivere</strong></span> <span class='ocrx_word' id='word_1_134' title='bbox 1561 1917 1828 1989; x_wconf 89' lang='lat' dir='ltr'><strong>cupiunt;</strong></span> <span class='ocrx_word' id='word_1_135' title='bbox 1885 1926 2027 1971; x_wconf 86' lang='lat' dir='ltr'><strong>terra</strong></span> 
     </span>
    </p>
   </div>
   <div class='ocr_carea' id='block_1_23' title="bbox 453 2010 2030 2080">
    <p class='ocr_par' dir='ltr' id='par_1_23' title="bbox 453 2010 2030 2080">
     <span class='ocr_line' id='line_1_23' title="bbox 453 2010 2030 2080; baseline -0.001 -17"><span class='ocrx_word' id='word_1_136' title='bbox 453 2019 659 2075; x_wconf 83' lang='lat' dir='ltr'><strong>autem,</strong></span> <span class='ocrx_word' id='word_1_137' title='bbox 710 2017 893 2080; x_wconf 86' lang='lat' dir='ltr'><strong>utpote</strong></span> <span class='ocrx_word' id='word_1_138' title='bbox 950 2021 1149 2076; x_wconf 83' lang='lat' dir='ltr'><strong>mater,</strong></span> <span class='ocrx_word' id='word_1_139' title='bbox 1212 2010 1521 2066; x_wconf 86' lang='lat' dir='ltr'><strong>desiderata</strong></span> <span class='ocrx_word' id='word_1_140' title='bbox 1560 2010 1738 2079; x_wconf 77' lang='lat' dir='ltr'><strong>diligit</strong></span> <span class='ocrx_word' id='word_1_141' title='bbox 1762 2020 1817 2065; x_wconf 92' lang='lat' dir='ltr'><strong>et</strong></span> <span class='ocrx_word' id='word_1_142' title='bbox 1845 2024 2030 2063; x_wconf 87' lang='lat' dir='ltr'><strong>amore</strong></span> 
     </span>
    </p>
   </div>
   <div class='ocr_carea' id='block_1_24' title="bbox 453 2099 2027 2172">
    <p class='ocr_par' dir='ltr' id='par_1_24' title="bbox 453 2099 2027 2172">
     <span class='ocr_line' id='line_1_24' title="bbox 453 2099 2027 2172; baseline -0.003 -16"><span class='ocrx_word' id='word_1_143' title='bbox 453 2099 834 2171; x_wconf 79' lang='lat' dir='ltr'><strong>complectitur</strong></span> <span class='ocrx_word' id='word_1_144' title='bbox 858 2116 953 2157; x_wconf 91' lang='lat' dir='ltr'><strong>eos</strong></span> <span class='ocrx_word' id='word_1_145' title='bbox 993 2100 1082 2170; x_wconf 90' lang='lat' dir='ltr'><strong>qui</strong></span> <span class='ocrx_word' id='word_1_146' title='bbox 1128 2102 1233 2172; x_wconf 89' lang='lat' dir='ltr'><strong>ipsi</strong></span> <span class='ocrx_word' id='word_1_147' title='bbox 1270 2101 1572 2166; x_wconf 68' lang='lat' dir='ltr'><strong>adhaerent,</strong></span> <span class='ocrx_word' id='word_1_148' title='bbox 1623 2110 1678 2157; x_wconf 91' lang='lat' dir='ltr'><strong>et</strong></span> <span class='ocrx_word' id='word_1_149' title='bbox 1718 2099 2027 2169; x_wconf 80' lang='lat' dir='ltr'><strong>Neptunum</strong></span> 
     </span>
    </p>
   </div>
   <div class='ocr_carea' id='block_1_25' title="bbox 452 2193 2026 2266">
    <p class='ocr_par' dir='ltr' id='par_1_25' title="bbox 452 2193 2026 2266">
     <span class='ocr_line' id='line_1_25' title="bbox 452 2193 2026 2266; baseline -0.001 -18"><span class='ocrx_word' id='word_1_150' title='bbox 452 2208 648 2249; x_wconf 75' lang='lat' dir='ltr'><strong>arcens</strong></span> <span class='ocrx_word' id='word_1_151' title='bbox 671 2208 765 2249; x_wconf 88' lang='lat' dir='ltr'><strong>eos</strong></span> <span class='ocrx_word' id='word_1_152' title='bbox 803 2194 896 2264; x_wconf 90' lang='lat' dir='ltr'><strong>qui</strong></span> <span class='ocrx_word' id='word_1_153' title='bbox 941 2205 1248 2265; x_wconf 87' lang='lat' dir='ltr'><strong>opportuno</strong></span> <span class='ocrx_word' id='word_1_154' title='bbox 1299 2205 1545 2266; x_wconf 88' lang='lat' dir='ltr'><strong>tempore</strong></span> <span class='ocrx_word' id='word_1_155' title='bbox 1588 2203 1786 2250; x_wconf 89' lang='lat' dir='ltr'><strong>terram</strong></span> <span class='ocrx_word' id='word_1_156' title='bbox 1820 2193 2026 2258; x_wconf 85' lang='lat' dir='ltr'><strong>colunt,</strong></span> 
     </span>
    </p>
   </div>
   <div class='ocr_carea' id='block_1_26' title="bbox 451 2284 2030 2356">
    <p class='ocr_par' dir='ltr' id='par_1_26' title="bbox 451 2284 2030 2356">
     <span class='ocr_line' id='line_1_26' title="bbox 451 2284 2030 2356; baseline 0.001 -17"><span class='ocrx_word' id='word_1_157' title='bbox 451 2293 768 2340; x_wconf 85' lang='lat' dir='ltr'><strong>conservat.</strong></span> <span class='ocrx_word' id='word_1_158' title='bbox 802 2284 898 2339; x_wconf 84' lang='lat' dir='ltr'><strong>Est</strong></span> <span class='ocrx_word' id='word_1_159' title='bbox 941 2299 1106 2355; x_wconf 86' lang='lat' dir='ltr'><strong>porro</strong></span> <span class='ocrx_word' id='word_1_160' title='bbox 1142 2285 1473 2356; x_wconf 81' lang='lat' dir='ltr'><strong>agricultura</strong></span> <span class='ocrx_word' id='word_1_161' title='bbox 1522 2285 1722 2341; x_wconf 90' lang='lat' dir='ltr'><strong>bonum</strong></span> <span class='ocrx_word' id='word_1_162' title='bbox 1761 2285 2030 2354; x_wconf 71' lang='lat' dir='ltr'><strong>antiquis.-</strong></span> 
     </span>
    </p>
   </div>
   <div class='ocr_carea' id='block_1_27' title="bbox 450 2375 2027 2445">
    <p class='ocr_par' dir='ltr' id='par_1_27' title="bbox 450 2375 2027 2445">
     <span class='ocr_line' id='line_1_27' title="bbox 450 2375 2027 2445; baseline 0 -15"><span class='ocrx_word' id='word_1_163' title='bbox 450 2377 671 2440; x_wconf 87' lang='lat' dir='ltr'><strong>simum,</strong></span> <span class='ocrx_word' id='word_1_164' title='bbox 719 2390 854 2443; x_wconf 86' lang='lat' dir='ltr'><strong>opus</strong></span> <span class='ocrx_word' id='word_1_165' title='bbox 908 2375 1110 2441; x_wconf 90' lang='lat' dir='ltr'><strong>ditaus,</strong></span> <span class='ocrx_word' id='word_1_166' title='bbox 1156 2391 1242 2432; x_wconf 89' lang='lat' dir='ltr'><strong>res</strong></span> <span class='ocrx_word' id='word_1_167' title='bbox 1302 2375 1529 2445; x_wconf 82' lang='lat' dir='ltr'><strong>pulchra</strong></span> <span class='ocrx_word' id='word_1_168' title='bbox 1581 2386 1634 2430; x_wconf 89' lang='lat' dir='ltr'><strong>et</strong></span> <span class='ocrx_word' id='word_1_169' title='bbox 1694 2389 1907 2439; x_wconf 86' lang='lat' dir='ltr'><strong>secura,</strong></span> <span class='ocrx_word' id='word_1_170' title='bbox 1938 2389 2027 2432; x_wconf 83' lang='lat' dir='ltr'><strong>ars</strong></span> 
     </span>
    </p>
   </div>
   <div class='ocr_carea' id='block_1_28' title="bbox 452 2464 1042 2535">
    <p class='ocr_par' dir='ltr' id='par_1_28' title="bbox 452 2464 1042 2535">
     <span class='ocr_line' id='line_1_28' title="bbox 452 2464 1042 2535; baseline 0.003 -16"><span class='ocrx_word' id='word_1_171' title='bbox 452 2464 760 2520; x_wconf 84' lang='lat' dir='ltr'><strong>hominibus</strong></span> <span class='ocrx_word' id='word_1_172' title='bbox 791 2474 1042 2535; x_wconf 77' lang='lat' dir='ltr'><strong>cognata.</strong></span> 
     </span>
    </p>
   </div>
   <div class='ocr_carea' id='block_1_29' title="bbox 526 2554 2023 2631">
    <p class='ocr_par' dir='ltr' id='par_1_29' title="bbox 526 2554 2023 2631">
     <span class='ocr_line' id='line_1_29' title="bbox 526 2554 2023 2631; baseline 0.003 -23"><span class='ocrx_word' id='word_1_173' title='bbox 526 2556 612 2610; x_wconf 84' lang='lat' dir='ltr'><strong>l6.</strong></span> <span class='ocrx_word' id='word_1_174' title='bbox 656 2554 780 2609; x_wconf 66' lang='lat' dir='ltr'><strong>Haec</strong></span> <span class='ocrx_word' id='word_1_175' title='bbox 810 2556 974 2625; x_wconf 78' lang='lat' dir='ltr'><strong>igitur</strong></span> <span class='ocrx_word' id='word_1_176' title='bbox 995 2568 1046 2610; x_wconf 89' lang='lat' dir='ltr'><strong>et</strong></span> <span class='ocrx_word' id='word_1_177' title='bbox 1067 2556 1265 2611; x_wconf 84' lang='lat' dir='ltr'><strong>similia</strong></span> <span class='ocrx_word' id='word_1_178' title='bbox 1301 2559 1500 2626; x_wconf 89' lang='lat' dir='ltr'><strong>quibus</strong></span> <span class='ocrx_word' id='word_1_179' title='bbox 1520 2558 1851 2631; x_wconf 77' lang='lat' dir='ltr'><strong>agricultura</strong></span> <span class='ocrx_word' id='word_1_180' title='bbox 1870 2574 2023 2614; x_wconf 85' lang='lat' dir='ltr'><strong>com-</strong></span> 
     </span>
    </p>
   </div>
   <div class='ocr_carea' id='block_1_30' title="bbox 452 2646 2023 2719">
    <p class='ocr_par' dir='ltr' id='par_1_30' title="bbox 452 2646 2023 2719">
     <span class='ocr_line' id='line_1_30' title="bbox 452 2646 2023 2719; baseline 0 -17"><span class='ocrx_word' id='word_1_181' title='bbox 452 2648 758 2714; x_wconf 85' lang='lat' dir='ltr'><strong>mendatur,</strong></span> <span class='ocrx_word' id='word_1_182' title='bbox 795 2646 1137 2703; x_wconf 82' lang='lat' dir='ltr'><strong>Pbilntlteum</strong></span> <span class='ocrx_word' id='word_1_183' title='bbox 1167 2649 1233 2703; x_wconf 88' lang='lat' dir='ltr'><strong>ad</strong></span> <span class='ocrx_word' id='word_1_184' title='bbox 1283 2648 1430 2704; x_wconf 86' lang='lat' dir='ltr'><strong>illam</strong></span> <span class='ocrx_word' id='word_1_185' title='bbox 1484 2658 1846 2713; x_wconf 78' lang='lat' dir='ltr'><strong>attraxerunt,</strong></span> <span class='ocrx_word' id='word_1_186' title='bbox 1883 2665 2023 2719; x_wconf 69' lang='lat' dir='ltr'><strong>pra:-</strong></span> 
     </span>
    </p>
   </div>
   <div class='ocr_carea' id='block_1_31' title="bbox 454 2733 2017 2806">
    <p class='ocr_par' dir='ltr' id='par_1_31' title="bbox 454 2733 2017 2806">
     <span class='ocr_line' id='line_1_31' title="bbox 454 2733 2017 2806; baseline 0.003 -19"><span class='ocrx_word' id='word_1_187' title='bbox 454 2743 598 2790; x_wconf 86' lang='lat' dir='ltr'><strong>tcrea</strong></span> <span class='ocrx_word' id='word_1_188' title='bbox 631 2736 771 2804; x_wconf 88' lang='lat' dir='ltr'><strong>quod</strong></span> <span class='ocrx_word' id='word_1_189' title='bbox 814 2733 1103 2791; x_wconf 78' lang='lat' dir='ltr'><strong>sudoribus</strong></span> <span class='ocrx_word' id='word_1_190' title='bbox 1154 2736 1402 2806; x_wconf 89' lang='lat' dir='ltr'><strong>corporis</strong></span> <span class='ocrx_word' id='word_1_191' title='bbox 1427 2738 1619 2797; x_wconf 81' lang='lat' dir='ltr'><strong>sordes</strong></span> <span class='ocrx_word' id='word_1_192' title='bbox 1642 2740 2017 2806; x_wconf 90' lang='lat' dir='ltr'><strong>detergentnr,</strong></span> 
     </span>
    </p>
   </div>
   <div class='ocr_carea' id='block_1_32' title="bbox 450 2822 2020 2895">
    <p class='ocr_par' dir='ltr' id='par_1_32' title="bbox 450 2822 2020 2895">
     <span class='ocr_line' id='line_1_32' title="bbox 450 2822 2020 2895; baseline 0.004 -20"><span class='ocrx_word' id='word_1_193' title='bbox 450 2831 503 2876; x_wconf 89' lang='lat' dir='ltr'><strong>et</strong></span> <span class='ocrx_word' id='word_1_194' title='bbox 524 2824 603 2877; x_wconf 88' lang='lat' dir='ltr'><strong>sic</strong></span> <span class='ocrx_word' id='word_1_195' title='bbox 636 2824 796 2878; x_wconf 79' lang='lat' dir='ltr'><strong>homo</strong></span> <span class='ocrx_word' id='word_1_196' title='bbox 831 2822 990 2880; x_wconf 82' lang='lat' dir='ltr'><strong>furtis</strong></span> <span class='ocrx_word' id='word_1_197' title='bbox 1029 2838 1093 2879; x_wconf 91' lang='lat' dir='ltr'><strong>ac</strong></span> <span class='ocrx_word' id='word_1_198' title='bbox 1124 2825 1386 2881; x_wconf 83' lang='lat' dir='ltr'><strong>robustus</strong></span> <span class='ocrx_word' id='word_1_199' title='bbox 1415 2824 1482 2878; x_wconf 92' lang='lat' dir='ltr'><strong>ad</strong></span> <span class='ocrx_word' id='word_1_200' title='bbox 1524 2826 1790 2895; x_wconf 80' lang='lat' dir='ltr'><strong>agendum</strong></span> <span class='ocrx_word' id='word_1_201' title='bbox 1843 2827 2020 2881; x_wconf 79' lang='lat' dir='ltr'><strong>reddi-</strong></span> 
     </span>
    </p>
   </div>
   <div class='ocr_carea' id='block_1_33' title="bbox 452 2916 2020 2989">
    <p class='ocr_par' dir='ltr' id='par_1_33' title="bbox 452 2916 2020 2989">
     <span class='ocr_line' id='line_1_33' title="bbox 452 2916 2020 2989; baseline 0.002 -19"><span class='ocrx_word' id='word_1_202' title='bbox 452 2926 557 2971; x_wconf 89' lang='lat' dir='ltr'><strong>tur.</strong></span> <span class='ocrx_word' id='word_1_203' title='bbox 597 2916 777 2985; x_wconf 88' lang='lat' dir='ltr'><strong>Quarc</strong></span> <span class='ocrx_word' id='word_1_204' title='bbox 808 2918 896 2974; x_wconf 90' lang='lat' dir='ltr'><strong>bic</strong></span> <span class='ocrx_word' id='word_1_205' title='bbox 923 2933 1144 2989; x_wconf 91' lang='lat' dir='ltr'><strong>quoque</strong></span> <span class='ocrx_word' id='word_1_206' title='bbox 1169 2918 1363 2973; x_wconf 89' lang='lat' dir='ltr'><strong>melius</strong></span> <span class='ocrx_word' id='word_1_207' title='bbox 1398 2917 1705 2986; x_wconf 87' lang='lat' dir='ltr'><strong>eligendum</strong></span> <span class='ocrx_word' id='word_1_208' title='bbox 1738 2917 2020 2987; x_wconf 82' lang='lat' dir='ltr'><strong>cssejndi-</strong></span> 
     </span>
    </p>
   </div>
   <div class='ocr_carea' id='block_1_34' title="bbox 449 3008 2021 3080">
    <p class='ocr_par' dir='ltr' id='par_1_34' title="bbox 449 3008 2021 3080">
     <span class='ocr_line' id='line_1_34' title="bbox 449 3008 2021 3080; baseline 0 -16"><span class='ocrx_word' id='word_1_209' title='bbox 449 3011 617 3072; x_wconf 81' lang='lat' dir='ltr'><strong>cavit,</strong></span> <span class='ocrx_word' id='word_1_210' title='bbox 641 3019 695 3064; x_wconf 92' lang='lat' dir='ltr'><strong>et</strong></span> <span class='ocrx_word' id='word_1_211' title='bbox 724 3024 848 3062; x_wconf 90' lang='lat' dir='ltr'><strong>cum</strong></span> <span class='ocrx_word' id='word_1_212' title='bbox 903 3012 1071 3064; x_wconf 89' lang='lat' dir='ltr'><strong>sciret</strong></span> <span class='ocrx_word' id='word_1_213' title='bbox 1095 3018 1356 3080; x_wconf 88' lang='lat' dir='ltr'><strong>quantum</strong></span> <span class='ocrx_word' id='word_1_214' title='bbox 1412 3009 1627 3065; x_wconf 88' lang='lat' dir='ltr'><strong>sudoris</strong></span> <span class='ocrx_word' id='word_1_215' title='bbox 1663 3008 1925 3080; x_wconf 86' lang='lat' dir='ltr'><strong>agricola,</strong></span> <span class='ocrx_word' id='word_1_216' title='bbox 1963 3022 2021 3064; x_wconf 94' lang='lat' dir='ltr'><strong>ut</strong></span> 
     </span>
    </p>
   </div>
   <div class='ocr_carea' id='block_1_35' title="bbox 2130 528 2661 587">
    <p class='ocr_par' dir='ltr' id='par_1_35' title="bbox 2130 528 2661 587">
     <span class='ocr_line' id='line_1_35' title="bbox 2130 528 2661 587; baseline 0.011 -6"><span class='ocrx_word' id='word_1_217' title='bbox 2130 528 2319 585; x_wconf 85' lang='grc' dir='ltr'>λαύειν</span> <span class='ocrx_word' id='word_1_218' title='bbox 2359 529 2661 587; x_wconf 72' lang='grc' dir='ltr'>ἐθέλουσιν.</span> 
     </span>
    </p>
   </div>
   <div class='ocr_carea' id='block_1_36' title="bbox 2204 802 3717 880">
    <p class='ocr_par' dir='ltr' id='par_1_36' title="bbox 2204 802 3717 880">
     <span class='ocr_line' id='line_1_36' title="bbox 2204 802 3717 880; baseline -0.005 -12"><span class='ocrx_word' id='word_1_219' title='bbox 2204 819 2287 869; x_wconf 82' lang='grc' dir='ltr'>ιε’.</span> <span class='ocrx_word' id='word_1_220' title='bbox 2320 807 2484 875; x_wconf 80' lang='grc' dir='ltr'><strong>Οἶκος</strong></span> <span class='ocrx_word' id='word_1_221' title='bbox 2533 811 2592 866; x_wconf 72' lang='grc' dir='ltr'>δὲ</span> <span class='ocrx_word' id='word_1_222' title='bbox 2623 808 2778 878; x_wconf 79' lang='grc' dir='ltr'>αὐτῷ</span> <span class='ocrx_word' id='word_1_223' title='bbox 2808 802 2878 880; x_wconf 77' lang='grc' dir='ltr'>ἦν</span> <span class='ocrx_word' id='word_1_224' title='bbox 2905 806 2981 871; x_wconf 83' lang='grc' dir='ltr'>ὡς</span> <span class='ocrx_word' id='word_1_225' title='bbox 3038 806 3114 860; x_wconf 83' lang='grc' dir='ltr'>τὰ</span> <span class='ocrx_word' id='word_1_226' title='bbox 3147 803 3324 859; x_wconf 76' lang='grc' dir='ltr'>πολλὰ</span> <span class='ocrx_word' id='word_1_227' title='bbox 3363 805 3395 858; x_wconf 83' lang='grc' dir='ltr'><strong>ό</strong></span> <span class='ocrx_word' id='word_1_228' title='bbox 3447 804 3542 858; x_wconf 86' lang='grc' dir='ltr'><strong>τοῦ</strong></span> <span class='ocrx_word' id='word_1_229' title='bbox 3572 804 3717 861; x_wconf 83' lang='grc' dir='ltr'>Θεοῦ</span> 
     </span>
    </p>
   </div>
   <div class='ocr_carea' id='block_1_37' title="bbox 2128 897 3718 973">
    <p class='ocr_par' dir='ltr' id='par_1_37' title="bbox 2128 897 3718 973">
     <span class='ocr_line' id='line_1_37' title="bbox 2128 897 3718 973; baseline -0.004 -12"><span class='ocrx_word' id='word_1_230' title='bbox 2128 902 2296 972; x_wconf 75' lang='grc' dir='ltr'>οἳκος,</span> <span class='ocrx_word' id='word_1_231' title='bbox 2325 906 2383 960; x_wconf 73' lang='grc' dir='ltr'><strong>ιν</strong></span> <span class='ocrx_word' id='word_1_232' title='bbox 2436 897 2483 973; x_wconf 78' lang='grc' dir='ltr'>ᾧ</span> <span class='ocrx_word' id='word_1_233' title='bbox 2526 898 2641 957; x_wconf 74' lang='grc' dir='ltr'>οἷον</span> <span class='ocrx_word' id='word_1_234' title='bbox 2682 899 3093 971; x_wconf 78' lang='grc' dir='ltr'>πεφυτευμένος</span> <span class='ocrx_word' id='word_1_235' title='bbox 3146 899 3432 968; x_wconf 79' lang='grc' dir='ltr'><strong>κάρπιμον</strong></span> <span class='ocrx_word' id='word_1_236' title='bbox 3464 897 3718 954; x_wconf 68' lang='grc' dir='ltr'>ἔθαλλεν.</span> 
     </span>
    </p>
   </div>
   <div class='ocr_carea' id='block_1_38' title="bbox 2138 987 3719 1066">
    <p class='ocr_par' dir='ltr' id='par_1_38' title="bbox 2138 987 3719 1066">
     <span class='ocr_line' id='line_1_38' title="bbox 2138 987 3719 1066; baseline -0.006 -14"><span class='ocrx_word' id='word_1_237' title='bbox 2138 991 2450 1066; x_wconf 51' lang='grc' dir='ltr'>Ὀλίγαηοῦν</span> <span class='ocrx_word' id='word_1_238' title='bbox 2478 995 2507 1049; x_wconf 86' lang='grc' dir='ltr'><strong>ὁ</strong></span> <span class='ocrx_word' id='word_1_239' title='bbox 2536 994 2691 1066; x_wconf 80' lang='grc' dir='ltr'>ἥλιος</span> <span class='ocrx_word' id='word_1_240' title='bbox 2712 991 2879 1048; x_wconf 78' lang='grc' dir='ltr'>αὑτὸν</span> <span class='ocrx_word' id='word_1_241' title='bbox 2909 991 3060 1061; x_wconf 80' lang='grc' dir='ltr'>ἑώρα</span> <span class='ocrx_word' id='word_1_242' title='bbox 3090 987 3580 1060; x_wconf 63' lang='grc' dir='ltr'>ἐμφιλοχωροῦντα</span> <span class='ocrx_word' id='word_1_243' title='bbox 3600 992 3719 1051; x_wconf 74' lang='grc' dir='ltr'>τοῖς</span> 
     </span>
    </p>
   </div>
   <div class='ocr_carea' id='block_1_39' title="bbox 2130 1080 3718 1163">
    <p class='ocr_par' dir='ltr' id='par_1_39' title="bbox 2130 1080 3718 1163">
     <span class='ocr_line' id='line_1_39' title="bbox 2130 1080 3718 1163; baseline -0.007 -18"><span class='ocrx_word' id='word_1_244' title='bbox 2130 1089 2328 1163; x_wconf 81' lang='grc' dir='ltr'>πρώην</span> <span class='ocrx_word' id='word_1_245' title='bbox 2349 1088 2664 1159; x_wconf 81' lang='grc' dir='ltr'><strong>συνήθεσιν,</strong></span> <span class='ocrx_word' id='word_1_246' title='bbox 2696 1084 2860 1140; x_wconf 84' lang='grc' dir='ltr'>ὁπότε</span> <span class='ocrx_word' id='word_1_247' title='bbox 2882 1082 3047 1154; x_wconf 74' lang='grc' dir='ltr'>τυχὸν</span> <span class='ocrx_word' id='word_1_248' title='bbox 3090 1080 3496 1151; x_wconf 72' lang='grc' dir='ltr'>ἐπισκέψασθαι</span> <span class='ocrx_word' id='word_1_249' title='bbox 3528 1099 3583 1135; x_wconf 89' lang='grc' dir='ltr'><strong>τι</strong></span> <span class='ocrx_word' id='word_1_250' title='bbox 3606 1081 3718 1134; x_wconf 69' lang='grc' dir='ltr'>ἔδει</span> 
     </span>
    </p>
   </div>
   <div class='ocr_carea' id='block_1_40' title="bbox 2129 1173 3719 1247">
    <p class='ocr_par' dir='ltr' id='par_1_40' title="bbox 2129 1173 3719 1247">
     <span class='ocr_line' id='line_1_40' title="bbox 2129 1173 3719 1247; baseline -0.005 -11"><span class='ocrx_word' id='word_1_251' title='bbox 2129 1182 2239 1236; x_wconf 84' lang='grc' dir='ltr'><strong>τῶν</strong></span> <span class='ocrx_word' id='word_1_252' title='bbox 2264 1182 2366 1236; x_wconf 82' lang='grc' dir='ltr'>ὅσα</span> <span class='ocrx_word' id='word_1_253' title='bbox 2393 1180 2510 1244; x_wconf 81' lang='grc' dir='ltr'>τοῖς</span> <span class='ocrx_word' id='word_1_254' title='bbox 2538 1179 2680 1235; x_wconf 77' lang='grc' dir='ltr'>κατὰ</span> <span class='ocrx_word' id='word_1_255' title='bbox 2708 1177 2918 1247; x_wconf 79' lang='grc' dir='ltr'><strong>κόσμον</strong></span> <span class='ocrx_word' id='word_1_256' title='bbox 2949 1174 3366 1243; x_wconf 76' lang='grc' dir='ltr'><strong>ἀναγκαιότατα</strong></span> <span class='ocrx_word' id='word_1_257' title='bbox 3385 1189 3400 1205; x_wconf 89' lang='grc'><strong>·</strong></span> <span class='ocrx_word' id='word_1_258' title='bbox 3425 1173 3618 1226; x_wconf 80' lang='grc' dir='ltr'>ὁποῖον</span> <span class='ocrx_word' id='word_1_259' title='bbox 3646 1174 3719 1245; x_wconf 78' lang='grc' dir='ltr'>δή</span> 
     </span>
    </p>
   </div>
   <div class='ocr_carea' id='block_1_41' title="bbox 2128 1264 3721 1344">
    <p class='ocr_par' dir='ltr' id='par_1_41' title="bbox 2128 1264 3721 1344">
     <span class='ocr_line' id='line_1_41' title="bbox 2128 1264 3721 1344; baseline -0.006 -15"><span class='ocrx_word' id='word_1_260' title='bbox 2128 1293 2182 1329; x_wconf 83' lang='grc' dir='ltr'><strong>τι</strong></span> <span class='ocrx_word' id='word_1_261' title='bbox 2215 1272 2311 1328; x_wconf 76' lang='grc' dir='ltr'>καὶ</span> <span class='ocrx_word' id='word_1_262' title='bbox 2340 1275 2375 1344; x_wconf 76' lang='grc' dir='ltr'><strong>ἠ</strong></span> <span class='ocrx_word' id='word_1_263' title='bbox 2418 1271 2550 1343; x_wconf 73' lang='grc' dir='ltr'>περὶ</span> <span class='ocrx_word' id='word_1_264' title='bbox 2597 1270 2707 1341; x_wconf 81' lang='grc' dir='ltr'>γῆν</span> <span class='ocrx_word' id='word_1_265' title='bbox 2736 1268 2889 1339; x_wconf 82' lang='grc' dir='ltr'>αὐτῷ</span> <span class='ocrx_word' id='word_1_266' title='bbox 2937 1264 3195 1338; x_wconf 69' lang='grc' dir='ltr'>ἑργασία.</span> <span class='ocrx_word' id='word_1_267' title='bbox 3243 1265 3475 1344; x_wconf 80' lang='grc' dir='ltr'>Ἥγάπα</span> <span class='ocrx_word' id='word_1_268' title='bbox 3508 1265 3623 1336; x_wconf 84' lang='grc' dir='ltr'>γὰρ</span> <span class='ocrx_word' id='word_1_269' title='bbox 3653 1266 3721 1319; x_wconf 80' lang='grc' dir='ltr'>οὐ</span> 
     </span>
    </p>
   </div>
   <div class='ocr_carea' id='block_1_42' title="bbox 2134 1342 3726 1436">
    <p class='ocr_par' dir='ltr' id='par_1_42' title="bbox 2134 1342 3726 1436">
     <span class='ocr_line' id='line_1_42' title="bbox 2134 1342 3726 1436; baseline -0.007 -17"><span class='ocrx_word' id='word_1_270' title='bbox 2134 1365 2296 1436; x_wconf 87' lang='grc' dir='ltr'>μόνον</span> <span class='ocrx_word' id='word_1_271' title='bbox 2322 1342 2573 1435; x_wconf 83' lang='grc' dir='ltr'>θητικατς</span> <span class='ocrx_word' id='word_1_272' title='bbox 2601 1362 2790 1433; x_wconf 79' lang='grc' dir='ltr'>χερσὶν</span> <span class='ocrx_word' id='word_1_273' title='bbox 2813 1358 3186 1415; x_wconf 82' lang='grc' dir='ltr'>ἀνασκάλλειν</span> <span class='ocrx_word' id='word_1_274' title='bbox 3215 1356 3317 1429; x_wconf 75' lang='grc' dir='ltr'>τὴν</span> <span class='ocrx_word' id='word_1_275' title='bbox 3343 1342 3563 1426; x_wconf 72' lang='grc' dir='ltr'>γῆνοείς</span> <span class='ocrx_word' id='word_1_276' title='bbox 3589 1374 3726 1410; x_wconf 73' lang='grc' dir='ltr'><strong>σπαν⁸</strong></span> 
     </span>
    </p>
   </div>
   <div class='ocr_carea' id='block_1_43' title="bbox 2129 1449 3724 1525">
    <p class='ocr_par' dir='ltr' id='par_1_43' title="bbox 2129 1449 3724 1525">
     <span class='ocr_line' id='line_1_43' title="bbox 2129 1449 3724 1525; baseline -0.004 -15"><span class='ocrx_word' id='word_1_277' title='bbox 2129 1455 2365 1511; x_wconf 80' lang='grc' dir='ltr'>τοδαπὺν</span> <span class='ocrx_word' id='word_1_278' title='bbox 2417 1455 2698 1525; x_wconf 80' lang='grc' dir='ltr'>φύτευμα,</span> <span class='ocrx_word' id='word_1_279' title='bbox 2754 1452 2894 1507; x_wconf 81' lang='grc' dir='ltr'><strong>ἀλλά</strong></span> <span class='ocrx_word' id='word_1_280' title='bbox 2939 1452 3038 1506; x_wconf 78' lang='grc' dir='ltr'>καὶ</span> <span class='ocrx_word' id='word_1_281' title='bbox 3068 1451 3232 1521; x_wconf 75' lang='grc' dir='ltr'>χερσὶ</span> <span class='ocrx_word' id='word_1_282' title='bbox 3259 1449 3549 1504; x_wconf 81' lang='grc' dir='ltr'><strong>πονεῖσθαι</strong></span> <span class='ocrx_word' id='word_1_283' title='bbox 3586 1450 3724 1517; x_wconf 80' lang='grc' dir='ltr'>περὶ</span> 
     </span>
    </p>
   </div>
   <div class='ocr_carea' id='block_1_44' title="bbox 2128 1537 3718 1619">
    <p class='ocr_par' dir='ltr' id='par_1_44' title="bbox 2128 1537 3718 1619">
     <span class='ocr_line' id='line_1_44' title="bbox 2128 1537 3718 1619; baseline -0.006 -16"><span class='ocrx_word' id='word_1_284' title='bbox 2128 1548 2323 1619; x_wconf 79' lang='grc' dir='ltr'>αὐτὴν,</span> <span class='ocrx_word' id='word_1_285' title='bbox 2346 1547 2569 1616; x_wconf 80' lang='grc' dir='ltr'>εὐγενὲς</span> <span class='ocrx_word' id='word_1_286' title='bbox 2600 1545 2763 1600; x_wconf 86' lang='grc' dir='ltr'>τοῦτο</span> <span class='ocrx_word' id='word_1_287' title='bbox 2789 1544 3083 1613; x_wconf 72' lang='grc' dir='ltr'>ἐπικρίνας</span> <span class='ocrx_word' id='word_1_288' title='bbox 3121 1542 3285 1613; x_wconf 71' lang='grc' dir='ltr'>ἔργον</span> <span class='ocrx_word' id='word_1_289' title='bbox 3312 1537 3452 1597; x_wconf 73' lang='grc' dir='ltr'>εἶναι</span> <span class='ocrx_word' id='word_1_290' title='bbox 3481 1544 3576 1596; x_wconf 77' lang='grc' dir='ltr'><strong>καὶ</strong></span> <span class='ocrx_word' id='word_1_291' title='bbox 3608 1543 3718 1594; x_wconf 81' lang='grc' dir='ltr'>ἀν-</span> 
     </span>
    </p>
   </div>
   <div class='ocr_carea' id='block_1_45' title="bbox 2132 1634 3722 1712">
    <p class='ocr_par' dir='ltr' id='par_1_45' title="bbox 2132 1634 3722 1712">
     <span class='ocr_line' id='line_1_45' title="bbox 2132 1634 3722 1712; baseline -0.004 -19"><span class='ocrx_word' id='word_1_292' title='bbox 2132 1637 2338 1712; x_wconf 82' lang='grc' dir='ltr'>θρώπῳ</span> <span class='ocrx_word' id='word_1_293' title='bbox 2394 1639 2697 1709; x_wconf 82' lang='grc' dir='ltr'>προσῆκον.</span> <span class='ocrx_word' id='word_1_294' title='bbox 2749 1639 2912 1691; x_wconf 70' lang='lat' dir='ltr'><strong>Atter</strong></span> <span class='ocrx_word' id='word_1_295' title='bbox 2963 1634 3075 1704; x_wconf 82' lang='grc' dir='ltr'><strong>γὰρ</strong></span> <span class='ocrx_word' id='word_1_296' title='bbox 3104 1635 3336 1700; x_wconf 85' lang='grc' dir='ltr'>τούτων,</span> <span class='ocrx_word' id='word_1_297' title='bbox 3390 1634 3500 1705; x_wconf 79' lang='grc' dir='ltr'>γῆς</span> <span class='ocrx_word' id='word_1_298' title='bbox 3533 1651 3594 1687; x_wconf 83' lang='grc' dir='ltr'><strong>τε</strong></span> <span class='ocrx_word' id='word_1_299' title='bbox 3622 1636 3722 1687; x_wconf 71' lang='grc' dir='ltr'>καὶ</span> 
     </span>
    </p>
   </div>
   <div class='ocr_carea' id='block_1_46' title="bbox 2133 1724 3717 1801">
    <p class='ocr_par' dir='ltr' id='par_1_46' title="bbox 2133 1724 3717 1801">
     <span class='ocr_line' id='line_1_46' title="bbox 2133 1724 3717 1801; baseline -0.004 -17"><span class='ocrx_word' id='word_1_300' title='bbox 2133 1730 2436 1801; x_wconf 81' lang='grc' dir='ltr'><strong>θαλάσσης,</strong></span> <span class='ocrx_word' id='word_1_301' title='bbox 2467 1729 2679 1800; x_wconf 81' lang='grc' dir='ltr'><strong>ταύτης</strong></span> <span class='ocrx_word' id='word_1_302' title='bbox 2709 1727 2809 1798; x_wconf 77' lang='grc' dir='ltr'>μὲν</span> <span class='ocrx_word' id='word_1_303' title='bbox 2840 1724 3151 1798; x_wconf 54' lang='grc' dir='ltr'>ἠὶργασία</span> <span class='ocrx_word' id='word_1_304' title='bbox 3189 1725 3522 1787; x_wconf 67' lang='grc' dir='ltr'>ἐπείσακτος</span> <span class='ocrx_word' id='word_1_305' title='bbox 3556 1725 3717 1778; x_wconf 77' lang='grc' dir='ltr'>ὔστε-</span> 
     </span>
    </p>
   </div>
   <div class='ocr_carea' id='block_1_47' title="bbox 2063 1786 3717 1894">
    <p class='ocr_par' dir='ltr' id='par_1_47' title="bbox 2063 1786 3717 1894">
     <span class='ocr_line' id='line_1_47' title="bbox 2063 1786 3717 1894; baseline -0.004 -18"><span class='ocrx_word' id='word_1_306' title='bbox 2063 1786 2102 1843; x_wconf 74' lang='lat' dir='ltr'><strong>B</strong></span> <span class='ocrx_word' id='word_1_307' title='bbox 2134 1840 2227 1894; x_wconf 89' lang='grc' dir='ltr'><strong>ρον</strong></span> <span class='ocrx_word' id='word_1_308' title='bbox 2256 1786 2481 1894; x_wconf 62' lang='grc' dir='ltr'>χρόνοι),</span> <span class='ocrx_word' id='word_1_309' title='bbox 2503 1822 2599 1875; x_wconf 75' lang='grc' dir='ltr'><strong>καὶ</strong></span> <span class='ocrx_word' id='word_1_310' title='bbox 2796 1786 3151 1888; x_wconf 66' lang='grc' dir='ltr'>πεφιλημένη</span> <span class='ocrx_word' id='word_1_311' title='bbox 3176 1821 3291 1881; x_wconf 81' lang='grc' dir='ltr'>τοις</span> <span class='ocrx_word' id='word_1_312' title='bbox 3328 1786 3586 1871; x_wconf 74' lang='grc' dir='ltr'>ἑθέλοῦσι</span> <span class='ocrx_word' id='word_1_313' title='bbox 3613 1835 3717 1887; x_wconf 79' lang='grc' dir='ltr'>μα-</span> 
     </span>
    </p>
   </div>
   <div class='ocr_carea' id='block_1_48' title="bbox 2131 1910 3719 1984">
    <p class='ocr_par' dir='ltr' id='par_1_48' title="bbox 2131 1910 3719 1984">
     <span class='ocr_line' id='line_1_48' title="bbox 2131 1910 3719 1984; baseline -0.004 -15"><span class='ocrx_word' id='word_1_314' title='bbox 2131 1916 2240 1984; x_wconf 90' lang='grc' dir='ltr'>κρά</span> <span class='ocrx_word' id='word_1_315' title='bbox 2262 1931 2318 1968; x_wconf 85' lang='grc' dir='ltr'><strong>τε</strong></span> <span class='ocrx_word' id='word_1_316' title='bbox 2352 1913 2453 1984; x_wconf 79' lang='grc' dir='ltr'>ζῇν</span> <span class='ocrx_word' id='word_1_317' title='bbox 2488 1915 2585 1969; x_wconf 62' lang='grc' dir='ltr'>καὶ.</span> <span class='ocrx_word' id='word_1_318' title='bbox 2621 1913 2883 1968; x_wconf 80' lang='grc' dir='ltr'>ἀκίνδυνα</span> <span class='ocrx_word' id='word_1_319' title='bbox 2902 1926 2917 1940; x_wconf 79' lang='grc'><strong><em>⁸</em></strong></span> <span class='ocrx_word' id='word_1_320' title='bbox 2950 1911 3025 1982; x_wconf 81' lang='grc' dir='ltr'>γῆ</span> <span class='ocrx_word' id='word_1_321' title='bbox 3048 1910 3106 1964; x_wconf 79' lang='grc' dir='ltr'>δὲ</span> <span class='ocrx_word' id='word_1_322' title='bbox 3135 1910 3472 1980; x_wconf 81' lang='grc' dir='ltr'>ποθουμένη,</span> <span class='ocrx_word' id='word_1_323' title='bbox 3494 1910 3597 1963; x_wconf 84' lang='grc' dir='ltr'>ὅσα</span> <span class='ocrx_word' id='word_1_324' title='bbox 3619 1912 3719 1963; x_wconf 74' lang='grc' dir='ltr'>καὶ</span> 
     </span>
    </p>
   </div>
   <div class='ocr_carea' id='block_1_49' title="bbox 2135 2001 3719 2079">
    <p class='ocr_par' dir='ltr' id='par_1_49' title="bbox 2135 2001 3719 2079">
     <span class='ocr_line' id='line_1_49' title="bbox 2135 2001 3719 2079; baseline -0.003 -20"><span class='ocrx_word' id='word_1_325' title='bbox 2135 2009 2345 2079; x_wconf 83' lang='grc' dir='ltr'>μήτηρ,</span> <span class='ocrx_word' id='word_1_326' title='bbox 2401 2006 2550 2076; x_wconf 80' lang='grc' dir='ltr'>φιλεῖ</span> <span class='ocrx_word' id='word_1_327' title='bbox 2582 2022 2641 2059; x_wconf 88' lang='grc' dir='ltr'><strong>τε</strong></span> <span class='ocrx_word' id='word_1_328' title='bbox 2675 2006 2770 2058; x_wconf 72' lang='grc' dir='ltr'>καὶ</span> <span class='ocrx_word' id='word_1_329' title='bbox 2809 2004 3120 2067; x_wconf 76' lang='grc' dir='ltr'>ἀσπάζεται</span> <span class='ocrx_word' id='word_1_330' title='bbox 3168 2002 3298 2067; x_wconf 81' lang='grc' dir='ltr'>τοῦς</span> <span class='ocrx_word' id='word_1_331' title='bbox 3329 2001 3719 2065; x_wconf 79' lang='grc' dir='ltr'>κυπτάζοντας</span> 
     </span>
    </p>
   </div>
   <div class='ocr_carea' id='block_1_50' title="bbox 2130 2093 3723 2169">
    <p class='ocr_par' dir='ltr' id='par_1_50' title="bbox 2130 2093 3723 2169">
     <span class='ocr_line' id='line_1_50' title="bbox 2130 2093 3723 2169; baseline -0.005 -17"><span class='ocrx_word' id='word_1_332' title='bbox 2130 2102 2260 2168; x_wconf 75' lang='grc' dir='ltr'>περὶ</span> <span class='ocrx_word' id='word_1_333' title='bbox 2297 2098 2486 2169; x_wconf 76' lang='grc' dir='ltr'>αὐτὴν,</span> <span class='ocrx_word' id='word_1_334' title='bbox 2523 2097 2619 2151; x_wconf 73' lang='grc' dir='ltr'>καὶ</span> <span class='ocrx_word' id='word_1_335' title='bbox 2647 2097 2739 2150; x_wconf 71' lang='grc' dir='ltr'><strong>τὸν</strong></span> <span class='ocrx_word' id='word_1_336' title='bbox 2773 2095 3068 2165; x_wconf 81' lang='grc' dir='ltr'><strong>Ἀσφάλιον</strong></span> <span class='ocrx_word' id='word_1_337' title='bbox 3097 2093 3470 2164; x_wconf 72' lang='grc' dir='ltr'>προϊσχομένη</span> <span class='ocrx_word' id='word_1_338' title='bbox 3521 2109 3723 2160; x_wconf 73' lang='grc' dir='ltr'>συντηο</span> 
     </span>
    </p>
   </div>
   <div class='ocr_carea' id='block_1_51' title="bbox 2131 2185 3716 2262">
    <p class='ocr_par' dir='ltr' id='par_1_51' title="bbox 2131 2185 3716 2262">
     <span class='ocr_line' id='line_1_51' title="bbox 2131 2185 3716 2262; baseline -0.005 -17"><span class='ocrx_word' id='word_1_339' title='bbox 2131 2195 2218 2262; x_wconf 73' lang='lat' dir='ltr'><strong>psi</strong></span> <span class='ocrx_word' id='word_1_340' title='bbox 2250 2193 2378 2254; x_wconf 77' lang='grc' dir='ltr'>τοὺς</span> <span class='ocrx_word' id='word_1_341' title='bbox 2431 2190 2840 2260; x_wconf 80' lang='grc' dir='ltr'>γεηπονοῦντας</span> <span class='ocrx_word' id='word_1_342' title='bbox 2903 2190 2986 2253; x_wconf 81' lang='grc' dir='ltr'><strong>είς</strong></span> <span class='ocrx_word' id='word_1_343' title='bbox 3048 2187 3287 2258; x_wconf 88' lang='grc' dir='ltr'>καίριον.</span> <span class='ocrx_word' id='word_1_344' title='bbox 3333 2186 3444 2240; x_wconf 75' lang='grc' dir='ltr'><strong>Καὶ</strong></span> <span class='ocrx_word' id='word_1_345' title='bbox 3496 2185 3716 2254; x_wconf 77' lang='grc' dir='ltr'>ἐστινὴ</span> 
     </span>
    </p>
   </div>
   <div class='ocr_carea' id='block_1_52' title="bbox 2128 2275 3719 2350">
    <p class='ocr_par' dir='ltr' id='par_1_52' title="bbox 2128 2275 3719 2350">
     <span class='ocr_line' id='line_1_52' title="bbox 2128 2275 3719 2350; baseline -0.004 -18"><span class='ocrx_word' id='word_1_346' title='bbox 2128 2280 2373 2350; x_wconf 84' lang='grc' dir='ltr'>γεωργία</span> <span class='ocrx_word' id='word_1_347' title='bbox 2393 2281 2426 2349; x_wconf 79' lang='grc' dir='ltr'><strong>ἡ</strong></span> <span class='ocrx_word' id='word_1_348' title='bbox 2456 2279 2945 2348; x_wconf 77' lang='grc' dir='ltr'>όπωσοῦν“ἀγαθδν</span> <span class='ocrx_word' id='word_1_349' title='bbox 2998 2277 3319 2349; x_wconf 80' lang='grc' dir='ltr'>ἀρχέγονον,</span> <span class='ocrx_word' id='word_1_350' title='bbox 3351 2275 3719 2330; x_wconf 70' lang='grc' dir='ltr'>πλουτοποιὸν</span> 
     </span>
    </p>
   </div>
   <div class='ocr_carea' id='block_1_53' title="bbox 2129 2367 3712 2441">
    <p class='ocr_par' dir='ltr' id='par_1_53' title="bbox 2129 2367 3712 2441">
     <span class='ocr_line' id='line_1_53' title="bbox 2129 2367 3712 2441; baseline -0.002 -18"><span class='ocrx_word' id='word_1_351' title='bbox 2129 2369 2312 2441; x_wconf 73' lang='grc' dir='ltr'>ἔργον,</span> <span class='ocrx_word' id='word_1_352' title='bbox 2340 2369 2623 2426; x_wconf 83' lang='grc' dir='ltr'>ἀκίνδυνον</span> <span class='ocrx_word' id='word_1_353' title='bbox 2649 2367 2838 2435; x_wconf 79' lang='grc' dir='ltr'>καλὸν,</span> <span class='ocrx_word' id='word_1_354' title='bbox 2865 2369 3028 2439; x_wconf 81' lang='grc' dir='ltr'>τέχνη</span> <span class='ocrx_word' id='word_1_355' title='bbox 3064 2369 3340 2439; x_wconf 83' lang='grc' dir='ltr'>συγγενὴς</span> <span class='ocrx_word' id='word_1_356' title='bbox 3370 2367 3712 2434; x_wconf 80' lang='grc' dir='ltr'>ἀνθρώποις.</span> 
     </span>
    </p>
   </div>
   <div class='ocr_carea' id='block_1_54' title="bbox 2202 2550 3713 2620">
    <p class='ocr_par' dir='ltr' id='par_1_54' title="bbox 2202 2550 3713 2620">
     <span class='ocr_line' id='line_1_54' title="bbox 2202 2550 3713 2620; baseline -0.003 -12"><span class='ocrx_word' id='word_1_357' title='bbox 2202 2560 2298 2620; x_wconf 79' lang='grc' dir='ltr'>ις’.</span> <span class='ocrx_word' id='word_1_358' title='bbox 2337 2552 2525 2607; x_wconf 86' lang='grc' dir='ltr'>Ταῦτά</span> <span class='ocrx_word' id='word_1_359' title='bbox 2580 2569 2639 2606; x_wconf 82' lang='grc' dir='ltr'><strong>τε</strong></span> <span class='ocrx_word' id='word_1_360' title='bbox 2698 2550 2813 2616; x_wconf 86' lang='grc' dir='ltr'>οῦν,</span> <span class='ocrx_word' id='word_1_361' title='bbox 2844 2551 2942 2605; x_wconf 78' lang='grc' dir='ltr'>καὶ</span> <span class='ocrx_word' id='word_1_362' title='bbox 2985 2551 3087 2605; x_wconf 74' lang='grc' dir='ltr'>ὅσα</span> <span class='ocrx_word' id='word_1_363' title='bbox 3138 2551 3368 2606; x_wconf 81' lang='grc' dir='ltr'>τοιαῦτα</span> <span class='ocrx_word' id='word_1_364' title='bbox 3402 2552 3578 2620; x_wconf 81' lang='grc' dir='ltr'>σεμνά</span> <span class='ocrx_word' id='word_1_365' title='bbox 3606 2550 3713 2620; x_wconf 84' lang='grc' dir='ltr'>τῆς</span> 
     </span>
    </p>
   </div>
   <div class='ocr_carea' id='block_1_55' title="bbox 2128 2642 3716 2716">
    <p class='ocr_par' dir='ltr' id='par_1_55' title="bbox 2128 2642 3716 2716">
     <span class='ocr_line' id='line_1_55' title="bbox 2128 2642 3716 2716; baseline -0.002 -16"><span class='ocrx_word' id='word_1_366' title='bbox 2128 2645 2470 2716; x_wconf 74' lang='grc' dir='ltr'>γεωργικῆς,</span> <span class='ocrx_word' id='word_1_367' title='bbox 2521 2643 2782 2699; x_wconf 73' lang='grc' dir='ltr'>καθεῖλκε</span> <span class='ocrx_word' id='word_1_368' title='bbox 2836 2642 2930 2698; x_wconf 82' lang='grc' dir='ltr'><strong>τδν</strong></span> <span class='ocrx_word' id='word_1_369' title='bbox 2961 2643 3215 2698; x_wconf 84' lang='grc' dir='ltr'>Φιλόοεον</span> <span class='ocrx_word' id='word_1_370' title='bbox 3243 2646 3325 2707; x_wconf 83' lang='grc' dir='ltr'>εἰς</span> <span class='ocrx_word' id='word_1_371' title='bbox 3375 2642 3574 2714; x_wconf 78' lang='grc' dir='ltr'>αὐτὴν,</span> <span class='ocrx_word' id='word_1_372' title='bbox 3612 2642 3716 2697; x_wconf 75' lang='grc' dir='ltr'><strong>καὶ</strong></span> 
     </span>
    </p>
   </div>
   <div class='ocr_carea' id='block_1_56' title="bbox 2125 2735 3705 2808">
    <p class='ocr_par' dir='ltr' id='par_1_56' title="bbox 2125 2735 3705 2808">
     <span class='ocr_line' id='line_1_56' title="bbox 2125 2735 3705 2808; baseline -0.005 -13"><span class='ocrx_word' id='word_1_373' title='bbox 2125 2741 2208 2796; x_wconf 81' lang='grc' dir='ltr'>ὅτι</span> <span class='ocrx_word' id='word_1_374' title='bbox 2230 2739 2324 2793; x_wconf 87' lang='grc' dir='ltr'><strong>τοῦ</strong></span> <span class='ocrx_word' id='word_1_375' title='bbox 2361 2737 2502 2792; x_wconf 69' lang='grc' dir='ltr'>κατὰ</span> <span class='ocrx_word' id='word_1_376' title='bbox 2524 2738 2685 2808; x_wconf 88' lang='grc' dir='ltr'>σῶμα</span> <span class='ocrx_word' id='word_1_377' title='bbox 2710 2737 2888 2807; x_wconf 77' lang='grc' dir='ltr'>πηλοῦ</span> <span class='ocrx_word' id='word_1_378' title='bbox 2930 2736 3244 2807; x_wconf 76' lang='grc' dir='ltr'>ὲξικμάζει,</span> <span class='ocrx_word' id='word_1_379' title='bbox 3277 2736 3373 2789; x_wconf 77' lang='grc' dir='ltr'>καὶ</span> <span class='ocrx_word' id='word_1_380' title='bbox 3399 2735 3543 2790; x_wconf 74' lang='grc' dir='ltr'>οὕτω</span> <span class='ocrx_word' id='word_1_381' title='bbox 3573 2752 3705 2788; x_wconf 74' lang='grc' dir='ltr'>στε-</span> 
     </span>
    </p>
   </div>
   <div class='ocr_carea' id='block_1_57' title="bbox 2126 2826 3709 2898">
    <p class='ocr_par' dir='ltr' id='par_1_57' title="bbox 2126 2826 3709 2898">
     <span class='ocr_line' id='line_1_57' title="bbox 2126 2826 3709 2898; baseline -0.004 -13"><span class='ocrx_word' id='word_1_382' title='bbox 2126 2832 2293 2896; x_wconf 77' lang='grc' dir='ltr'>γανὸν</span> <span class='ocrx_word' id='word_1_383' title='bbox 2315 2833 2523 2886; x_wconf 73' lang='grc' dir='ltr'>ἐκεῖνον</span> <span class='ocrx_word' id='word_1_384' title='bbox 2547 2832 2696 2883; x_wconf 85' lang='grc' dir='ltr'>ποιεῖ</span> <span class='ocrx_word' id='word_1_385' title='bbox 2721 2831 2814 2884; x_wconf 74' lang='grc' dir='ltr'><strong>καὶ</strong></span> <span class='ocrx_word' id='word_1_386' title='bbox 2840 2828 3168 2898; x_wconf 79' lang='grc' dir='ltr'>καρτερικὸν</span> <span class='ocrx_word' id='word_1_387' title='bbox 3189 2828 3272 2891; x_wconf 86' lang='grc' dir='ltr'><strong>είς</strong></span> <span class='ocrx_word' id='word_1_388' title='bbox 3296 2828 3454 2897; x_wconf 78' lang='grc' dir='ltr'>ἔργα.</span> <span class='ocrx_word' id='word_1_389' title='bbox 3485 2826 3709 2896; x_wconf 77' lang='grc' dir='ltr'>Ἐφιλοο</span> 
     </span>
    </p>
   </div>
   <div class='ocr_carea' id='block_1_58' title="bbox 2131 2916 3712 2996">
    <p class='ocr_par' dir='ltr' id='par_1_58' title="bbox 2131 2916 3712 2996">
     <span class='ocr_line' id='line_1_58' title="bbox 2131 2916 3712 2996; baseline -0.004 -19"><span class='ocrx_word' id='word_1_390' title='bbox 2131 2926 2336 2996; x_wconf 83' lang='grc' dir='ltr'>σόφησε</span> <span class='ocrx_word' id='word_1_391' title='bbox 2380 2924 2582 2986; x_wconf 74' lang='grc' dir='ltr'>τοίνυν,</span> <span class='ocrx_word' id='word_1_392' title='bbox 2616 2922 2738 2976; x_wconf 74' lang='grc' dir='ltr'>δέον</span> <span class='ocrx_word' id='word_1_393' title='bbox 2793 2916 2938 2974; x_wconf 77' lang='grc' dir='ltr'>εἶναι</span> <span class='ocrx_word' id='word_1_394' title='bbox 2994 2918 3280 2974; x_wconf 74' lang='grc' dir='ltr'>κάνταῦθα</span> <span class='ocrx_word' id='word_1_395' title='bbox 3338 2920 3622 2990; x_wconf 67' lang='grc' dir='ltr'>ἐπικρῖναι</span> <span class='ocrx_word' id='word_1_396' title='bbox 3643 2919 3712 2972; x_wconf 67' lang='grc' dir='ltr'>’τὸ</span> 
     </span>
    </p>
   </div>
   <div class='ocr_carea' id='block_1_59' title="bbox 2127 3012 3711 3090">
    <p class='ocr_par' dir='ltr' id='par_1_59' title="bbox 2127 3012 3711 3090">
     <span class='ocr_line' id='line_1_59' title="bbox 2127 3012 3711 3090; baseline -0.005 -18"><span class='ocrx_word' id='word_1_397' title='bbox 2127 3020 2374 3090; x_wconf 83' lang='grc' dir='ltr'>κρεῖττον</span> <span class='ocrx_word' id='word_1_398' title='bbox 2391 3034 2406 3049; x_wconf 79' lang='grc' dir='ltr'><strong>ο</strong></span> <span class='ocrx_word' id='word_1_399' title='bbox 2434 3018 2528 3071; x_wconf 70' lang='grc' dir='ltr'><strong>καὶ</strong></span> <span class='ocrx_word' id='word_1_400' title='bbox 2549 3014 2730 3079; x_wconf 80' lang='grc' dir='ltr'>εἰδὼς.</span> <span class='ocrx_word' id='word_1_401' title='bbox 2754 3015 2951 3068; x_wconf 79' lang='grc' dir='ltr'>ὁπόσον</span> <span class='ocrx_word' id='word_1_402' title='bbox 2969 3013 3168 3082; x_wconf 78' lang='grc' dir='ltr'>ἱδρῶτα</span> <span class='ocrx_word' id='word_1_403' title='bbox 3194 3013 3276 3076; x_wconf 86' lang='grc' dir='ltr'><strong>είς</strong></span> <span class='ocrx_word' id='word_1_404' title='bbox 3304 3012 3426 3066; x_wconf 80' lang='grc' dir='ltr'>δέον</span> <span class='ocrx_word' id='word_1_405' title='bbox 3448 3012 3711 3077; x_wconf 78' lang='grc' dir='ltr'>ἐκϐλύζει</span> 
     </span>
    </p>
   </div>
   <div class='ocr_carea' id='block_1_60' title="bbox 449 3097 2022 3180">
    <p class='ocr_par' dir='ltr' id='par_1_60' title="bbox 449 3097 2013 3169">
     <span class='ocr_line' id='line_1_60' title="bbox 449 3097 2013 3169; baseline 0.003 -21"><span class='ocrx_word' id='word_1_406' title='bbox 449 3098 621 3152; x_wconf 80' lang='lat' dir='ltr'><strong>nl‘fn-io</strong></span> <span class='ocrx_word' id='word_1_407' title='bbox 648 3099 970 3165; x_wconf 78' lang='lat' dir='ltr'><strong>satisfaciat,</strong></span> <span class='ocrx_word' id='word_1_408' title='bbox 1003 3116 1033 3154; x_wconf 91' lang='lat' dir='ltr'><strong>e</strong></span> <span class='ocrx_word' id='word_1_409' title='bbox 1060 3115 1286 3168; x_wconf 88' lang='lat' dir='ltr'><strong>corpore</strong></span> <span class='ocrx_word' id='word_1_410' title='bbox 1319 3097 1632 3169; x_wconf 73' lang='lat' dir='ltr'><strong>profundat,</strong></span> <span class='ocrx_word' id='word_1_411' title='bbox 1653 3099 1919 3168; x_wconf 82' lang='lat' dir='ltr'><strong>siquidem</strong></span> <span class='ocrx_word' id='word_1_412' title='bbox 1951 3100 2013 3153; x_wconf 87' lang='lat' dir='ltr'><strong>ad</strong></span> 
     </span>
    </p>
   </div>
   <div class='ocr_carea' id='block_1_61' title="bbox 2124 3097 3708 3180">
    <p class='ocr_par' dir='ltr' id='par_1_61' title="bbox 2128 3104 3708 3180">
     <span class='ocr_line' id='line_1_61' title="bbox 2128 3104 3708 3180; baseline -0.004 -16"><span class='ocrx_word' id='word_1_413' title='bbox 2128 3112 2238 3163; x_wconf 81' lang='grc' dir='ltr'><strong>τῶν</strong></span> <span class='ocrx_word' id='word_1_414' title='bbox 2268 3109 2486 3180; x_wconf 82' lang='grc' dir='ltr'>σαρκῶν</span> <span class='ocrx_word' id='word_1_415' title='bbox 2505 3110 2533 3161; x_wconf 81' lang='grc' dir='ltr'>ὁ</span> <span class='ocrx_word' id='word_1_416' title='bbox 2562 3105 2880 3176; x_wconf 83' lang='grc' dir='ltr'>γεωπονῶν,</span> <span class='ocrx_word' id='word_1_417' title='bbox 2900 3104 3090 3158; x_wconf 79' lang='grc' dir='ltr'>καθότι</span> <span class='ocrx_word' id='word_1_418' title='bbox 3121 3106 3217 3158; x_wconf 83' lang='grc' dir='ltr'><strong>καὶ</strong></span> <span class='ocrx_word' id='word_1_419' title='bbox 3238 3106 3298 3159; x_wconf 74' lang='grc' dir='ltr'>ἑν</span> <span class='ocrx_word' id='word_1_420' title='bbox 3320 3104 3511 3174; x_wconf 73' lang='grc' dir='ltr'>ἱδρῶτι</span> <span class='ocrx_word' id='word_1_421' title='bbox 3530 3119 3674 3173; x_wconf 80' lang='grc' dir='ltr'>προσ</span> <span class='ocrx_word' id='word_1_422' title='bbox 3687 3134 3708 3144; x_wconf 84' lang='grc'><strong><em>-</em></strong></span> 
     </span>
    </p>
   </div>
   <div class='ocr_carea' id='block_1_62' title="bbox 449 3188 2016 3260">
    <p class='ocr_par' dir='ltr' id='par_1_62' title="bbox 449 3188 2016 3260">
     <span class='ocr_line' id='line_1_62' title="bbox 449 3188 2016 3260; baseline -0.003 -17"><span class='ocrx_word' id='word_1_423' title='bbox 449 3192 839 3245; x_wconf 83' lang='lat' dir='ltr'><strong>emnedendnm</strong></span> <span class='ocrx_word' id='word_1_424' title='bbox 871 3205 1061 3260; x_wconf 88' lang='lat' dir='ltr'><strong>panem</strong></span> <span class='ocrx_word' id='word_1_425' title='bbox 1097 3198 1337 3244; x_wconf 88' lang='lat' dir='ltr'><strong>nostrum</strong></span> <span class='ocrx_word' id='word_1_426' title='bbox 1364 3190 1415 3243; x_wconf 95' lang='lat' dir='ltr'><strong>in</strong></span> <span class='ocrx_word' id='word_1_427' title='bbox 1463 3190 1662 3244; x_wconf 89' lang='lat' dir='ltr'><strong>sudore</strong></span> <span class='ocrx_word' id='word_1_428' title='bbox 1691 3188 1847 3243; x_wconf 76' lang='lat' dir='ltr'><strong>faciei</strong></span> <span class='ocrx_word' id='word_1_429' title='bbox 1885 3203 2016 3243; x_wconf 86' lang='lat' dir='ltr'><strong>c0n-</strong></span> 
     </span>
    </p>
   </div>
   <div class='ocr_carea' id='block_1_63' title="bbox 448 3282 2017 3352">
    <p class='ocr_par' dir='ltr' id='par_1_63' title="bbox 448 3282 2017 3352">
     <span class='ocr_line' id='line_1_63' title="bbox 448 3282 2017 3352; baseline -0.001 -16"><span class='ocrx_word' id='word_1_430' title='bbox 448 3282 686 3338; x_wconf 88' lang='lat' dir='ltr'><strong>demnati</strong></span> <span class='ocrx_word' id='word_1_431' title='bbox 719 3296 930 3349; x_wconf 89' lang='lat' dir='ltr'><strong>sumus,</strong></span> <span class='ocrx_word' id='word_1_432' title='bbox 957 3294 1009 3339; x_wconf 87' lang='lat' dir='ltr'><strong>et</strong></span> <span class='ocrx_word' id='word_1_433' title='bbox 1037 3298 1155 3337; x_wconf 90' lang='lat' dir='ltr'><strong>cum</strong></span> <span class='ocrx_word' id='word_1_434' title='bbox 1178 3282 1433 3337; x_wconf 89' lang='lat' dir='ltr'><strong>sudorem</strong></span> <span class='ocrx_word' id='word_1_435' title='bbox 1468 3297 1532 3338; x_wconf 93' lang='lat' dir='ltr'><strong>ac</strong></span> <span class='ocrx_word' id='word_1_436' title='bbox 1566 3283 1705 3338; x_wconf 90' lang='lat' dir='ltr'><strong>bona</strong></span> <span class='ocrx_word' id='word_1_437' title='bbox 1746 3283 1870 3337; x_wconf 89' lang='lat' dir='ltr'><strong>inde</strong></span> <span class='ocrx_word' id='word_1_438' title='bbox 1896 3297 2017 3352; x_wconf 82' lang='lat' dir='ltr'><strong>pro-</strong></span> 
     </span>
    </p>
   </div>
   <div class='ocr_carea' id='block_1_64' title="bbox 448 3373 2022 3446">
    <p class='ocr_par' dir='ltr' id='par_1_64' title="bbox 448 3373 2022 3446">
     <span class='ocr_line' id='line_1_64' title="bbox 448 3373 2022 3446; baseline -0.003 -17"><span class='ocrx_word' id='word_1_439' title='bbox 448 3375 667 3431; x_wconf 82' lang='lat' dir='ltr'><strong>ﬂuentia</strong></span> <span class='ocrx_word' id='word_1_440' title='bbox 712 3387 1072 3446; x_wconf 83' lang='lat' dir='ltr'><strong>compararet,</strong></span> <span class='ocrx_word' id='word_1_441' title='bbox 1109 3383 1272 3443; x_wconf 86' lang='lat' dir='ltr'><strong>atque</strong></span> <span class='ocrx_word' id='word_1_442' title='bbox 1305 3375 1420 3429; x_wconf 70' lang='lat' dir='ltr'><strong>haec</strong></span> <span class='ocrx_word' id='word_1_443' title='bbox 1453 3375 1661 3429; x_wconf 90' lang='lat' dir='ltr'><strong>lancem</strong></span> <span class='ocrx_word' id='word_1_444' title='bbox 1720 3373 2022 3443; x_wconf 85' lang='lat' dir='ltr'><strong>deprimere</strong></span> 
     </span>
    </p>
   </div>
   <div class='ocr_carea' id='block_1_65' title="bbox 449 3464 2022 3538">
    <p class='ocr_par' dir='ltr' id='par_1_65' title="bbox 449 3464 2022 3538">
     <span class='ocr_line' id='line_1_65' title="bbox 449 3464 2022 3538; baseline -0.002 -18"><span class='ocrx_word' id='word_1_445' title='bbox 449 3468 838 3538; x_wconf 80' lang='lat' dir='ltr'><strong>perspexisset,</strong></span> <span class='ocrx_word' id='word_1_446' title='bbox 887 3467 1029 3522; x_wconf 88' lang='lat' dir='ltr'><strong>hanc</strong></span> <span class='ocrx_word' id='word_1_447' title='bbox 1067 3478 1238 3520; x_wconf 88' lang='lat' dir='ltr'><strong>artem</strong></span> <span class='ocrx_word' id='word_1_448' title='bbox 1291 3464 1633 3535; x_wconf 88' lang='lat' dir='ltr'><strong>amplectitur</strong></span> <span class='ocrx_word' id='word_1_449' title='bbox 1687 3472 1874 3533; x_wconf 90' lang='lat' dir='ltr'><strong>utpote</strong></span> <span class='ocrx_word' id='word_1_450' title='bbox 1903 3478 2022 3532; x_wconf 83' lang='lat' dir='ltr'><strong>quae</strong></span> 
     </span>
    </p>
   </div>
   <div class='ocr_carea' id='block_1_66' title="bbox 446 3554 2020 3614">
    <p class='ocr_par' dir='ltr' id='par_1_66' title="bbox 446 3554 2020 3614">
     <span class='ocr_line' id='line_1_66' title="bbox 446 3554 2020 3614; baseline -0.006 0"><span class='ocrx_word' id='word_1_451' title='bbox 446 3561 614 3614; x_wconf 68' lang='lat' dir='ltr'><strong>vitam</strong></span> <span class='ocrx_word' id='word_1_452' title='bbox 643 3567 971 3613; x_wconf 85' lang='lat' dir='ltr'><strong>sustentaret</strong></span> <span class='ocrx_word' id='word_1_453' title='bbox 1010 3566 1064 3611; x_wconf 86' lang='lat' dir='ltr'><strong>et</strong></span> <span class='ocrx_word' id='word_1_454' title='bbox 1097 3571 1316 3611; x_wconf 78' lang='lat' dir='ltr'><strong>carnem</strong></span> <span class='ocrx_word' id='word_1_455' title='bbox 1343 3565 1684 3611; x_wconf 78' lang='lat' dir='ltr'><strong>extenuaret.</strong></span> <span class='ocrx_word' id='word_1_456' title='bbox 1721 3554 1812 3609; x_wconf 88' lang='lat' dir='ltr'><strong>Sic</strong></span> <span class='ocrx_word' id='word_1_457' title='bbox 1850 3556 2020 3607; x_wconf 80' lang='lat' dir='ltr'><strong>virtu-</strong></span> 
     </span>
    </p>
   </div>
   <div class='ocr_carea' id='block_1_67' title="bbox 448 3648 2020 3716">
    <p class='ocr_par' dir='ltr' id='par_1_67' title="bbox 448 3648 2020 3716">
     <span class='ocr_line' id='line_1_67' title="bbox 448 3648 2020 3716; baseline -0.003 -12"><span class='ocrx_word' id='word_1_458' title='bbox 448 3659 558 3704; x_wconf 89' lang='lat' dir='ltr'><strong>tem</strong></span> <span class='ocrx_word' id='word_1_459' title='bbox 590 3650 751 3706; x_wconf 87' lang='lat' dir='ltr'><strong>simul</strong></span> <span class='ocrx_word' id='word_1_460' title='bbox 781 3665 905 3705; x_wconf 81' lang='lat' dir='ltr'><strong>cttm</strong></span> <span class='ocrx_word' id='word_1_461' title='bbox 944 3650 1087 3704; x_wconf 85' lang='lat' dir='ltr'><strong>victu</strong></span> <span class='ocrx_word' id='word_1_462' title='bbox 1130 3649 1377 3705; x_wconf 88' lang='lat' dir='ltr'><strong>lucratus</strong></span> <span class='ocrx_word' id='word_1_463' title='bbox 1420 3659 1475 3703; x_wconf 92' lang='lat' dir='ltr'><strong>ct</strong></span> <span class='ocrx_word' id='word_1_464' title='bbox 1517 3657 1678 3703; x_wconf 73' lang='lat' dir='ltr'><strong>terra:</strong></span> <span class='ocrx_word' id='word_1_465' title='bbox 1736 3648 1873 3702; x_wconf 80' lang='lat' dir='ltr'><strong>bona</strong></span> <span class='ocrx_word' id='word_1_466' title='bbox 1901 3661 2020 3716; x_wconf 78' lang='lat' dir='ltr'><strong>qua:</strong></span> 
     </span>
    </p>
   </div>
   <div class='ocr_carea' id='block_1_68' title="bbox 444 3737 2018 3806">
    <p class='ocr_par' dir='ltr' id='par_1_68' title="bbox 444 3737 2018 3806">
     <span class='ocr_line' id='line_1_68' title="bbox 444 3737 2018 3806; baseline -0.004 -9"><span class='ocrx_word' id='word_1_467' title='bbox 444 3743 687 3797; x_wconf 87' lang='lat' dir='ltr'><strong>etiamin</strong></span> <span class='ocrx_word' id='word_1_468' title='bbox 713 3742 950 3795; x_wconf 81' lang='lat' dir='ltr'><strong>animam</strong></span> <span class='ocrx_word' id='word_1_469' title='bbox 979 3741 1344 3796; x_wconf 83' lang='lat' dir='ltr'><strong>redundarent</strong></span> <span class='ocrx_word' id='word_1_470' title='bbox 1376 3751 1586 3806; x_wconf 89' lang='lat' dir='ltr'><strong>nactus,</strong></span> <span class='ocrx_word' id='word_1_471' title='bbox 1619 3749 1669 3795; x_wconf 91' lang='lat' dir='ltr'><strong>et</strong></span> <span class='ocrx_word' id='word_1_472' title='bbox 1702 3740 1815 3795; x_wconf 89' lang='lat' dir='ltr'><strong>suis</strong></span> <span class='ocrx_word' id='word_1_473' title='bbox 1858 3737 2018 3792; x_wconf 83' lang='lat' dir='ltr'><strong>fami-</strong></span> 
     </span>
    </p>
   </div>
   <div class='ocr_carea' id='block_1_69' title="bbox 446 3833 2020 3903">
    <p class='ocr_par' dir='ltr' id='par_1_69' title="bbox 446 3833 2020 3903">
     <span class='ocr_line' id='line_1_69' title="bbox 446 3833 2020 3903; baseline -0.001 -15"><span class='ocrx_word' id='word_1_474' title='bbox 446 3835 696 3900; x_wconf 88' lang='lat' dir='ltr'><strong>liaribus,</strong></span> <span class='ocrx_word' id='word_1_475' title='bbox 729 3844 784 3888; x_wconf 90' lang='lat' dir='ltr'><strong>et</strong></span> <span class='ocrx_word' id='word_1_476' title='bbox 812 3834 1139 3903; x_wconf 85' lang='lat' dir='ltr'><strong>pauperibus</strong></span> <span class='ocrx_word' id='word_1_477' title='bbox 1169 3848 1200 3887; x_wconf 93' lang='lat' dir='ltr'><strong>e</strong></span> <span class='ocrx_word' id='word_1_478' title='bbox 1227 3833 1360 3903; x_wconf 89' lang='lat' dir='ltr'><strong>justi</strong></span> <span class='ocrx_word' id='word_1_479' title='bbox 1388 3833 1594 3888; x_wconf 89' lang='lat' dir='ltr'><strong>laboris</strong></span> <span class='ocrx_word' id='word_1_480' title='bbox 1631 3840 1894 3902; x_wconf 86' lang='lat' dir='ltr'><strong>proventu</strong></span> <span class='ocrx_word' id='word_1_481' title='bbox 1929 3846 2020 3887; x_wconf 50' lang='lat' dir='ltr'><strong>nec</strong></span> 
     </span>
    </p>
   </div>
   <div class='ocr_carea' id='block_1_70' title="bbox 445 3924 2023 3995">
    <p class='ocr_par' dir='ltr' id='par_1_70' title="bbox 445 3924 2023 3995">
     <span class='ocr_line' id='line_1_70' title="bbox 445 3924 2023 3995; baseline -0.004 -11"><span class='ocrx_word' id='word_1_482' title='bbox 445 3926 686 3985; x_wconf 83' lang='lat' dir='ltr'><strong>cessaria</strong></span> <span class='ocrx_word' id='word_1_483' title='bbox 724 3926 1021 3982; x_wconf 86' lang='lat' dir='ltr'><strong>distribuit.</strong></span> <span class='ocrx_word' id='word_1_484' title='bbox 1056 3924 1344 3995; x_wconf 80' lang='lat' dir='ltr'><strong>Nunquam</strong></span> <span class='ocrx_word' id='word_1_485' title='bbox 1382 3926 1526 3980; x_wconf 89' lang='lat' dir='ltr'><strong>enim</strong></span> <span class='ocrx_word' id='word_1_486' title='bbox 1568 3925 1776 3980; x_wconf 87' lang='lat' dir='ltr'><strong>destitit</strong></span> <span class='ocrx_word' id='word_1_487' title='bbox 1818 3925 2023 3978; x_wconf 82' lang='lat' dir='ltr'><strong>exhau-</strong></span> 
     </span>
    </p>
   </div>
   <div class='ocr_carea' id='block_1_71' title="bbox 447 4015 2018 4086">
    <p class='ocr_par' dir='ltr' id='par_1_71' title="bbox 447 4015 2018 4086">
     <span class='ocr_line' id='line_1_71' title="bbox 447 4015 2018 4086; baseline -0.004 -12"><span class='ocrx_word' id='word_1_488' title='bbox 447 4020 556 4074; x_wconf 90' lang='lat' dir='ltr'><strong>rire</strong></span> <span class='ocrx_word' id='word_1_489' title='bbox 583 4020 784 4073; x_wconf 80' lang='lat' dir='ltr'><strong>fontem</strong></span> <span class='ocrx_word' id='word_1_490' title='bbox 823 4031 979 4071; x_wconf 89' lang='lat' dir='ltr'><strong>suum</strong></span> <span class='ocrx_word' id='word_1_491' title='bbox 1024 4019 1076 4070; x_wconf 91' lang='lat' dir='ltr'><strong>in</strong></span> <span class='ocrx_word' id='word_1_492' title='bbox 1124 4017 1358 4086; x_wconf 85' lang='lat' dir='ltr'><strong>gratiam</strong></span> <span class='ocrx_word' id='word_1_493' title='bbox 1391 4030 1580 4070; x_wconf 91' lang='lat' dir='ltr'><strong>corum</strong></span> <span class='ocrx_word' id='word_1_494' title='bbox 1619 4015 1713 4084; x_wconf 92' lang='lat' dir='ltr'><strong>qui</strong></span> <span class='ocrx_word' id='word_1_495' title='bbox 1776 4015 2018 4077; x_wconf 84' lang='lat' dir='ltr'><strong>sitirent,</strong></span> 
     </span>
    </p>
   </div>
   <div class='ocr_carea' id='block_1_72' title="bbox 446 4108 2019 4178">
    <p class='ocr_par' dir='ltr' id='par_1_72' title="bbox 446 4108 2019 4178">
     <span class='ocr_line' id='line_1_72' title="bbox 446 4108 2019 4178; baseline -0.004 -10"><span class='ocrx_word' id='word_1_496' title='bbox 446 4114 624 4168; x_wconf 90' lang='lat' dir='ltr'><strong>minus</strong></span> <span class='ocrx_word' id='word_1_497' title='bbox 654 4110 755 4165; x_wconf 84' lang='lat' dir='ltr'><strong>sibi</strong></span> <span class='ocrx_word' id='word_1_498' title='bbox 778 4120 831 4164; x_wconf 90' lang='lat' dir='ltr'><strong>et</strong></span> <span class='ocrx_word' id='word_1_499' title='bbox 856 4109 989 4173; x_wconf 89' lang='lat' dir='ltr'><strong>suis,</strong></span> <span class='ocrx_word' id='word_1_500' title='bbox 1019 4123 1179 4178; x_wconf 88' lang='lat' dir='ltr'><strong>quam</strong></span> <span class='ocrx_word' id='word_1_501' title='bbox 1212 4108 1468 4164; x_wconf 83' lang='lat' dir='ltr'><strong>fratribus</strong></span> <span class='ocrx_word' id='word_1_502' title='bbox 1492 4110 1544 4163; x_wconf 92' lang='lat' dir='ltr'><strong>in</strong></span> <span class='ocrx_word' id='word_1_503' title='bbox 1569 4108 1785 4163; x_wconf 82' lang='lat' dir='ltr'><strong>Christo</strong></span> <span class='ocrx_word' id='word_1_504' title='bbox 1815 4122 2019 4163; x_wconf 84' lang='lat' dir='ltr'><strong>consu-</strong></span> 
     </span>
    </p>
   </div>
   <div class='ocr_carea' id='block_1_73' title="bbox 446 4205 584 4261">
    <p class='ocr_par' dir='ltr' id='par_1_73' title="bbox 446 4205 584 4261">
     <span class='ocr_line' id='line_1_73' title="bbox 446 4205 584 4261; baseline -0.014 -1"><span class='ocrx_word' id='word_1_505' title='bbox 446 4205 584 4261; x_wconf 85' lang='lat' dir='ltr'><strong>lens.</strong></span> 
     </span>
    </p>
   </div>
   <div class='ocr_carea' id='block_1_74' title="bbox 519 4289 2023 4355">
    <p class='ocr_par' dir='ltr' id='par_1_74' title="bbox 519 4289 2023 4355">
     <span class='ocr_line' id='line_1_74' title="bbox 519 4289 2023 4355; baseline -0.007 -4"><span class='ocrx_word' id='word_1_506' title='bbox 519 4298 609 4351; x_wconf 86' lang='grc'><strong>17.</strong></span> <span class='ocrx_word' id='word_1_507' title='bbox 652 4296 779 4352; x_wconf 69' lang='lat' dir='ltr'><strong>llaec</strong></span> <span class='ocrx_word' id='word_1_508' title='bbox 808 4307 986 4351; x_wconf 89' lang='lat' dir='ltr'><strong>autem</strong></span> <span class='ocrx_word' id='word_1_509' title='bbox 1023 4294 1203 4348; x_wconf 86' lang='lat' dir='ltr'><strong>omnia</strong></span> <span class='ocrx_word' id='word_1_510' title='bbox 1230 4308 1334 4345; x_wconf 90' lang='lat' dir='ltr'><strong>nnn</strong></span> <span class='ocrx_word' id='word_1_511' title='bbox 1381 4290 1552 4345; x_wconf 85' lang='lat' dir='ltr'><strong>solum</strong></span> <span class='ocrx_word' id='word_1_512' title='bbox 1610 4289 1929 4355; x_wconf 85' lang='lat' dir='ltr'><strong>ell&#39;ecerunt,</strong></span> <span class='ocrx_word' id='word_1_513' title='bbox 1963 4296 2023 4343; x_wconf 90' lang='lat' dir='ltr'><strong>ut</strong></span> 
     </span>
    </p>
   </div>
   <div class='ocr_carea' id='block_1_75' title="bbox 446 4379 2018 4451">
    <p class='ocr_par' dir='ltr' id='par_1_75' title="bbox 446 4379 2018 4451">
     <span class='ocr_line' id='line_1_75' title="bbox 446 4379 2018 4451; baseline -0.006 -9"><span class='ocrx_word' id='word_1_514' title='bbox 446 4397 671 4443; x_wconf 87' lang='lat' dir='ltr'><strong>sanctus</strong></span> <span class='ocrx_word' id='word_1_515' title='bbox 698 4389 780 4441; x_wconf 92' lang='lat' dir='ltr'><strong>vir</strong></span> <span class='ocrx_word' id='word_1_516' title='bbox 814 4387 1148 4448; x_wconf 87' lang='lat' dir='ltr'><strong>laudaretur,</strong></span> <span class='ocrx_word' id='word_1_517' title='bbox 1177 4395 1230 4438; x_wconf 89' lang='lat' dir='ltr'><strong>et</strong></span> <span class='ocrx_word' id='word_1_518' title='bbox 1257 4385 1396 4437; x_wconf 89' lang='lat' dir='ltr'><strong>bona</strong></span> <span class='ocrx_word' id='word_1_519' title='bbox 1433 4380 1574 4435; x_wconf 82' lang='lat' dir='ltr'><strong>fama</strong></span> <span class='ocrx_word' id='word_1_520' title='bbox 1608 4379 1935 4451; x_wconf 78' lang='lat' dir='ltr'><strong>Splenderet,</strong></span> <span class='ocrx_word' id='word_1_521' title='bbox 1964 4388 2018 4434; x_wconf 91' lang='lat' dir='ltr'><strong>et</strong></span> 
     </span>
    </p>
   </div>
   <div class='ocr_carea' id='block_1_76' title="bbox 2126 3195 3709 3268">
    <p class='ocr_par' dir='ltr' id='par_1_76' title="bbox 2126 3195 3709 3268">
     <span class='ocr_line' id='line_1_76' title="bbox 2126 3195 3709 3268; baseline -0.004 -15"><span class='ocrx_word' id='word_1_522' title='bbox 2126 3200 2278 3254; x_wconf 84' lang='grc' dir='ltr'>ὠπου</span> <span class='ocrx_word' id='word_1_523' title='bbox 2327 3201 2525 3268; x_wconf 80' lang='grc' dir='ltr'>φαγεῖν</span> <span class='ocrx_word' id='word_1_524' title='bbox 2554 3198 2646 3252; x_wconf 84' lang='grc' dir='ltr'>τὸν</span> <span class='ocrx_word' id='word_1_525' title='bbox 2683 3199 2853 3267; x_wconf 86' lang='grc' dir='ltr'>ἀρτον</span> <span class='ocrx_word' id='word_1_526' title='bbox 2887 3196 3048 3266; x_wconf 78' lang='grc' dir='ltr'>ήμῶν</span> <span class='ocrx_word' id='word_1_527' title='bbox 3101 3195 3578 3267; x_wconf 83' lang='grc' dir='ltr'>κατακεκρίμεθα,</span> <span class='ocrx_word' id='word_1_528' title='bbox 3606 3195 3709 3247; x_wconf 73' lang='grc' dir='ltr'><strong>καὶ</strong></span> 
     </span>
    </p>
   </div>
   <div class='ocr_carea' id='block_1_77' title="bbox 2127 3283 3709 3359">
    <p class='ocr_par' dir='ltr' id='par_1_77' title="bbox 2127 3283 3709 3359">
     <span class='ocr_line' id='line_1_77' title="bbox 2127 3283 3709 3359; baseline -0.005 -16"><span class='ocrx_word' id='word_1_529' title='bbox 2127 3290 2497 3352; x_wconf 79' lang='grc' dir='ltr'>ταλαντεύσας</span> <span class='ocrx_word' id='word_1_530' title='bbox 2553 3289 2691 3359; x_wconf 74' lang='grc' dir='ltr'>πρὸς</span> <span class='ocrx_word' id='word_1_531' title='bbox 2735 3288 2945 3340; x_wconf 75' lang='grc' dir='ltr'>ἐκεῖνον</span> <span class='ocrx_word' id='word_1_532' title='bbox 2978 3285 3046 3339; x_wconf 76' lang='grc' dir='ltr'>τὰ</span> <span class='ocrx_word' id='word_1_533' title='bbox 3084 3286 3144 3350; x_wconf 78' lang='grc' dir='ltr'><strong>ἐξ</strong></span> <span class='ocrx_word' id='word_1_534' title='bbox 3178 3285 3344 3338; x_wconf 73' lang='grc' dir='ltr'>αὑτοῦ</span> <span class='ocrx_word' id='word_1_535' title='bbox 3390 3285 3555 3349; x_wconf 84' lang='grc' dir='ltr'>καλά,</span> <span class='ocrx_word' id='word_1_536' title='bbox 3606 3283 3709 3337; x_wconf 78' lang='grc' dir='ltr'>καὶ</span> 
     </span>
    </p>
   </div>
   <div class='ocr_carea' id='block_1_78' title="bbox 2126 3372 3709 3449">
    <p class='ocr_par' dir='ltr' id='par_1_78' title="bbox 2126 3372 3709 3449">
     <span class='ocr_line' id='line_1_78' title="bbox 2126 3372 3709 3449; baseline -0.003 -16"><span class='ocrx_word' id='word_1_537' title='bbox 2126 3380 2418 3434; x_wconf 78' lang='grc' dir='ltr'>καθέλκειν</span> <span class='ocrx_word' id='word_1_538' title='bbox 2449 3379 2591 3432; x_wconf 79' lang='grc' dir='ltr'>αὐτὰ</span> <span class='ocrx_word' id='word_1_539' title='bbox 2626 3378 2801 3449; x_wconf 80' lang='grc' dir='ltr'>ῥοπῆς</span> <span class='ocrx_word' id='word_1_540' title='bbox 2835 3375 2984 3447; x_wconf 85' lang='grc' dir='ltr'>λόγῳ</span> <span class='ocrx_word' id='word_1_541' title='bbox 3030 3376 3304 3444; x_wconf 74' lang='grc' dir='ltr'>διαγνοὺς,</span> <span class='ocrx_word' id='word_1_542' title='bbox 3366 3376 3577 3445; x_wconf 89' lang='grc' dir='ltr'>γίνεται</span> <span class='ocrx_word' id='word_1_543' title='bbox 3602 3372 3709 3444; x_wconf 80' lang='grc' dir='ltr'>τῆς</span> 
     </span>
    </p>
   </div>
   <div class='ocr_carea' id='block_1_79' title="bbox 2124 3468 3706 3543">
    <p class='ocr_par' dir='ltr' id='par_1_79' title="bbox 2124 3468 3706 3543">
     <span class='ocr_line' id='line_1_79' title="bbox 2124 3468 3706 3543; baseline -0.004 -17"><span class='ocrx_word' id='word_1_544' title='bbox 2124 3470 2563 3543; x_wconf 78' lang='grc' dir='ltr'>τέχνηςταύτης</span> <span class='ocrx_word' id='word_1_545' title='bbox 2596 3472 2677 3533; x_wconf 84' lang='grc' dir='ltr'><strong>είς</strong></span> <span class='ocrx_word' id='word_1_546' title='bbox 2715 3469 2831 3539; x_wconf 80' lang='grc' dir='ltr'>βίου</span> <span class='ocrx_word' id='word_1_547' title='bbox 2863 3486 2924 3541; x_wconf 81' lang='grc' dir='ltr'><strong>τε</strong></span> <span class='ocrx_word' id='word_1_548' title='bbox 2955 3468 3230 3539; x_wconf 83' lang='grc' dir='ltr'>πορισμὸν</span> <span class='ocrx_word' id='word_1_549' title='bbox 3258 3469 3354 3522; x_wconf 78' lang='grc' dir='ltr'>καὶ</span> <span class='ocrx_word' id='word_1_550' title='bbox 3377 3468 3534 3537; x_wconf 75' lang='grc' dir='ltr'>τῆξιν</span> <span class='ocrx_word' id='word_1_551' title='bbox 3568 3483 3706 3536; x_wconf 87' lang='grc' dir='ltr'>σαρ-</span> 
     </span>
    </p>
   </div>
   <div class='ocr_carea' id='block_1_80' title="bbox 2126 3558 3707 3634">
    <p class='ocr_par' dir='ltr' id='par_1_80' title="bbox 2126 3558 3707 3634">
     <span class='ocr_line' id='line_1_80' title="bbox 2126 3558 3707 3634; baseline -0.004 -17"><span class='ocrx_word' id='word_1_552' title='bbox 2126 3565 2274 3617; x_wconf 83' lang='grc' dir='ltr'>κῶν·</span> <span class='ocrx_word' id='word_1_553' title='bbox 2310 3564 2403 3615; x_wconf 77' lang='grc' dir='ltr'><strong>καὶ</strong></span> <span class='ocrx_word' id='word_1_554' title='bbox 2459 3562 2665 3634; x_wconf 78' lang='grc' dir='ltr'>ἀρετὴν</span> <span class='ocrx_word' id='word_1_555' title='bbox 2724 3566 2783 3616; x_wconf 85' lang='grc' dir='ltr'>ὲν</span> <span class='ocrx_word' id='word_1_556' title='bbox 2835 3558 3022 3631; x_wconf 83' lang='grc' dir='ltr'>ταυτῷ</span> <span class='ocrx_word' id='word_1_557' title='bbox 3056 3560 3152 3613; x_wconf 75' lang='grc' dir='ltr'>καὶ</span> <span class='ocrx_word' id='word_1_558' title='bbox 3192 3558 3307 3629; x_wconf 83' lang='grc' dir='ltr'>βίον</span> <span class='ocrx_word' id='word_1_559' title='bbox 3330 3558 3707 3629; x_wconf 77' lang='grc' dir='ltr'>τεχνῶμενος,</span> 
     </span>
    </p>
   </div>
   <div class='ocr_carea' id='block_1_81' title="bbox 2126 3651 3711 3726">
    <p class='ocr_par' dir='ltr' id='par_1_81' title="bbox 2126 3651 3711 3726">
     <span class='ocr_line' id='line_1_81' title="bbox 2126 3651 3711 3726; baseline -0.004 -16"><span class='ocrx_word' id='word_1_560' title='bbox 2126 3656 2219 3710; x_wconf 73' lang='grc' dir='ltr'>καὶ</span> <span class='ocrx_word' id='word_1_561' title='bbox 2242 3655 2385 3709; x_wconf 75' lang='grc' dir='ltr'>οὕτω</span> <span class='ocrx_word' id='word_1_562' title='bbox 2412 3655 2777 3726; x_wconf 75' lang='grc' dir='ltr'>ποριζόμενος</span> <span class='ocrx_word' id='word_1_563' title='bbox 2808 3655 2878 3710; x_wconf 75' lang='grc' dir='ltr'>’τὰ</span> <span class='ocrx_word' id='word_1_564' title='bbox 2906 3656 2970 3707; x_wconf 81' lang='grc' dir='ltr'>ἐκ</span> <span class='ocrx_word' id='word_1_565' title='bbox 3001 3656 3105 3722; x_wconf 80' lang='grc' dir='ltr'>γῆς</span> <span class='ocrx_word' id='word_1_566' title='bbox 3135 3652 3319 3719; x_wconf 82' lang='grc' dir='ltr'>ἀγαοά</span> <span class='ocrx_word' id='word_1_567' title='bbox 3348 3651 3711 3706; x_wconf 75' lang='grc' dir='ltr'>διαϐαίνοντα</span> 
     </span>
    </p>
   </div>
   <div class='ocr_carea' id='block_1_82' title="bbox 2125 3742 3708 3819">
    <p class='ocr_par' dir='ltr' id='par_1_82' title="bbox 2125 3742 3708 3819">
     <span class='ocr_line' id='line_1_82' title="bbox 2125 3742 3708 3819; baseline -0.004 -18"><span class='ocrx_word' id='word_1_568' title='bbox 2125 3748 2221 3802; x_wconf 70' lang='grc' dir='ltr'><strong>κού⁹</strong></span> <span class='ocrx_word' id='word_1_569' title='bbox 2245 3750 2301 3811; x_wconf 72' lang='grc' dir='ltr'>ἐς</span> <span class='ocrx_word' id='word_1_570' title='bbox 2333 3748 2533 3819; x_wconf 76' lang='grc' dir='ltr'>ψυχὴν,</span> <span class='ocrx_word' id='word_1_571' title='bbox 2568 3750 2678 3810; x_wconf 84' lang='grc' dir='ltr'>τοῖς</span> <span class='ocrx_word' id='word_1_572' title='bbox 2711 3765 2772 3801; x_wconf 86' lang='grc' dir='ltr'><strong>τε</strong></span> <span class='ocrx_word' id='word_1_573' title='bbox 2802 3746 3026 3809; x_wconf 77' lang='grc' dir='ltr'>οἰκείοις</span> <span class='ocrx_word' id='word_1_574' title='bbox 3051 3742 3347 3815; x_wconf 83' lang='grc' dir='ltr'>ὲπεμὲτρει</span> <span class='ocrx_word' id='word_1_575' title='bbox 3376 3744 3436 3797; x_wconf 76' lang='grc' dir='ltr'>τὸ</span> <span class='ocrx_word' id='word_1_576' title='bbox 3468 3743 3708 3815; x_wconf 85' lang='grc' dir='ltr'>ἀρκοῦν,</span> 
     </span>
    </p>
   </div>
   <div class='ocr_carea' id='block_1_83' title="bbox 2124 3839 3709 3913">
    <p class='ocr_par' dir='ltr' id='par_1_83' title="bbox 2124 3839 3709 3913">
     <span class='ocr_line' id='line_1_83' title="bbox 2124 3839 3709 3913; baseline -0.002 -17"><span class='ocrx_word' id='word_1_577' title='bbox 2124 3843 2218 3897; x_wconf 72' lang='grc' dir='ltr'>καὶ</span> <span class='ocrx_word' id='word_1_578' title='bbox 2245 3844 2358 3906; x_wconf 86' lang='grc' dir='ltr'>τοῖς</span> <span class='ocrx_word' id='word_1_579' title='bbox 2387 3841 2669 3913; x_wconf 78' lang='grc' dir='ltr'>δεομένοις</span> <span class='ocrx_word' id='word_1_580' title='bbox 2715 3844 2779 3895; x_wconf 77' lang='grc' dir='ltr'>ἐκ</span> <span class='ocrx_word' id='word_1_581' title='bbox 2818 3839 3048 3895; x_wconf 87' lang='grc' dir='ltr'>δικαίων</span> <span class='ocrx_word' id='word_1_582' title='bbox 3080 3839 3418 3910; x_wconf 88' lang='grc' dir='ltr'>πονημάτων</span> <span class='ocrx_word' id='word_1_583' title='bbox 3447 3839 3709 3909; x_wconf 72' lang='grc' dir='ltr'>ἐσιτομέ-</span> 
     </span>
    </p>
   </div>
   <div class='ocr_carea' id='block_1_84' title="bbox 2122 3929 3707 4007">
    <p class='ocr_par' dir='ltr' id='par_1_84' title="bbox 2122 3929 3707 4007">
     <span class='ocr_line' id='line_1_84' title="bbox 2122 3929 3707 4007; baseline -0.004 -19"><span class='ocrx_word' id='word_1_584' title='bbox 2122 3953 2239 4007; x_wconf 87' lang='grc' dir='ltr'>τρει</span> <span class='ocrx_word' id='word_1_585' title='bbox 2272 3936 2338 3989; x_wconf 77' lang='grc' dir='ltr'><strong>τὰ</strong></span> <span class='ocrx_word' id='word_1_586' title='bbox 2367 3936 2578 3989; x_wconf 79' lang='grc' dir='ltr'>δέοντα.</span> <span class='ocrx_word' id='word_1_587' title='bbox 2626 3929 2906 3989; x_wconf 71' lang='grc' dir='ltr'>Ὀὐδέποτε</span> <span class='ocrx_word' id='word_1_588' title='bbox 2956 3933 3066 4005; x_wconf 80' lang='grc' dir='ltr'><strong>γᾲρ</strong></span> <span class='ocrx_word' id='word_1_589' title='bbox 3098 3932 3243 3986; x_wconf 89' lang='grc' dir='ltr'>ἀνίει</span> <span class='ocrx_word' id='word_1_590' title='bbox 3275 3931 3551 3997; x_wconf 71' lang='grc' dir='ltr'>ἐξαντλῶν</span> <span class='ocrx_word' id='word_1_591' title='bbox 3598 3932 3707 4003; x_wconf 77' lang='grc' dir='ltr'>τὴν</span> 
     </span>
    </p>
   </div>
   <div class='ocr_carea' id='block_1_85' title="bbox 2125 4021 3705 4097">
    <p class='ocr_par' dir='ltr' id='par_1_85' title="bbox 2125 4021 3705 4097">
     <span class='ocr_line' id='line_1_85' title="bbox 2125 4021 3705 4097; baseline -0.004 -18"><span class='ocrx_word' id='word_1_592' title='bbox 2125 4027 2255 4094; x_wconf 76' lang='grc' dir='ltr'>παρ’</span> <span class='ocrx_word' id='word_1_593' title='bbox 2271 4025 2421 4097; x_wconf 85' lang='grc' dir='ltr'><strong>αύτῷ</strong></span> <span class='ocrx_word' id='word_1_594' title='bbox 2439 4025 2752 4096; x_wconf 78' lang='grc' dir='ltr'>περιούσιον</span> <span class='ocrx_word' id='word_1_595' title='bbox 2773 4024 3074 4095; x_wconf 81' lang='grc' dir='ltr'>δεξαμενὴν</span> <span class='ocrx_word' id='word_1_596' title='bbox 3098 4024 3212 4086; x_wconf 86' lang='grc' dir='ltr'>τοῖς</span> <span class='ocrx_word' id='word_1_597' title='bbox 3241 4021 3470 4092; x_wconf 79' lang='grc' dir='ltr'>διψῶσιν</span> <span class='ocrx_word' id='word_1_598' title='bbox 3498 4022 3705 4090; x_wconf 77' lang='grc' dir='ltr'>αὐτῆς,</span> 
     </span>
    </p>
   </div>
   <div class='ocr_carea' id='block_1_86' title="bbox 2123 4113 3702 4189">
    <p class='ocr_par' dir='ltr' id='par_1_86' title="bbox 2123 4113 3702 4189">
     <span class='ocr_line' id='line_1_86' title="bbox 2123 4113 3702 4189; baseline -0.005 -19"><span class='ocrx_word' id='word_1_599' title='bbox 2123 4119 2183 4170; x_wconf 71' lang='grc' dir='ltr'>οὗ</span> <span class='ocrx_word' id='word_1_600' title='bbox 2205 4117 2668 4189; x_wconf 80' lang='grc' dir='ltr'>τοσοῦτον.ὲαυτῷ</span> <span class='ocrx_word' id='word_1_601' title='bbox 2708 4119 2803 4173; x_wconf 77' lang='grc' dir='ltr'>καὶ</span> <span class='ocrx_word' id='word_1_602' title='bbox 2835 4119 2949 4179; x_wconf 81' lang='grc' dir='ltr'>τοῖς</span> <span class='ocrx_word' id='word_1_603' title='bbox 2993 4114 3162 4169; x_wconf 85' lang='grc' dir='ltr'>αὐτοῦ</span> <span class='ocrx_word' id='word_1_604' title='bbox 3202 4113 3562 4182; x_wconf 76' lang='grc' dir='ltr'>πονούμενος,</span> <span class='ocrx_word' id='word_1_605' title='bbox 3616 4113 3702 4173; x_wconf 79' lang='grc' dir='ltr'><strong>εἰς</strong></span> 
     </span>
    </p>
   </div>
   <div class='ocr_carea' id='block_1_87' title="bbox 2122 4210 3030 4281">
    <p class='ocr_par' dir='ltr' id='par_1_87' title="bbox 2122 4210 3030 4281">
     <span class='ocr_line' id='line_1_87' title="bbox 2122 4210 3030 4281; baseline 0 -18"><span class='ocrx_word' id='word_1_606' title='bbox 2122 4210 2246 4263; x_wconf 83' lang='grc' dir='ltr'>ὅσον</span> <span class='ocrx_word' id='word_1_607' title='bbox 2272 4213 2388 4275; x_wconf 79' lang='grc' dir='ltr'>τοῖς</span> <span class='ocrx_word' id='word_1_608' title='bbox 2420 4211 2479 4263; x_wconf 75' lang='grc' dir='ltr'>ἐν</span> <span class='ocrx_word' id='word_1_609' title='bbox 2506 4210 2729 4281; x_wconf 82' lang='grc' dir='ltr'>Χριστῷ</span> <span class='ocrx_word' id='word_1_610' title='bbox 2757 4210 3030 4278; x_wconf 79' lang='grc' dir='ltr'>ἀδελφοῖς.</span> 
     </span>
    </p>
   </div>
   <div class='ocr_carea' id='block_1_88' title="bbox 2194 4295 3704 4370">
    <p class='ocr_par' dir='ltr' id='par_1_88' title="bbox 2194 4295 3704 4370">
     <span class='ocr_line' id='line_1_88' title="bbox 2194 4295 3704 4370; baseline -0.001 -19"><span class='ocrx_word' id='word_1_611' title='bbox 2194 4295 2282 4362; x_wconf 77' lang='grc' dir='ltr'><strong>ιζ’.</strong></span> <span class='ocrx_word' id='word_1_612' title='bbox 2310 4297 2491 4352; x_wconf 85' lang='grc' dir='ltr'>Ἦσαν</span> <span class='ocrx_word' id='word_1_613' title='bbox 2512 4299 2569 4352; x_wconf 76' lang='grc' dir='ltr'>δὲ</span> <span class='ocrx_word' id='word_1_614' title='bbox 2596 4299 2706 4369; x_wconf 83' lang='grc' dir='ltr'><strong>ἀρα</strong></span> <span class='ocrx_word' id='word_1_615' title='bbox 2735 4301 2912 4352; x_wconf 83' lang='grc' dir='ltr'>πάντα</span> <span class='ocrx_word' id='word_1_616' title='bbox 2940 4299 3116 4352; x_wconf 84' lang='grc' dir='ltr'>ταῦτα</span> <span class='ocrx_word' id='word_1_617' title='bbox 3146 4299 3228 4370; x_wconf 84' lang='grc' dir='ltr'><strong>τῷ</strong></span> <span class='ocrx_word' id='word_1_618' title='bbox 3262 4299 3403 4368; x_wconf 74' lang='grc' dir='ltr'>ἁγίῳ</span> <span class='ocrx_word' id='word_1_619' title='bbox 3428 4297 3492 4350; x_wconf 83' lang='grc' dir='ltr'><strong>ού</strong></span> <span class='ocrx_word' id='word_1_620' title='bbox 3533 4297 3704 4368; x_wconf 82' lang='grc' dir='ltr'>μόνον</span> 
     </span>
    </p>
   </div>
   <div class='ocr_carea' id='block_1_89' title="bbox 2124 4387 3705 4461">
    <p class='ocr_par' dir='ltr' id='par_1_89' title="bbox 2124 4387 3705 4461">
     <span class='ocr_line' id='line_1_89' title="bbox 2124 4387 3705 4461; baseline 0.001 -21"><span class='ocrx_word' id='word_1_621' title='bbox 2124 4387 2275 4442; x_wconf 80' lang='grc' dir='ltr'>αἴτια</span> <span class='ocrx_word' id='word_1_622' title='bbox 2305 4388 2399 4442; x_wconf 89' lang='grc' dir='ltr'><strong>τοῦ</strong></span> <span class='ocrx_word' id='word_1_623' title='bbox 2435 4388 2621 4453; x_wconf 82' lang='grc' dir='ltr'>ἁπλῶς</span> <span class='ocrx_word' id='word_1_624' title='bbox 2649 4391 2709 4443; x_wconf 81' lang='grc' dir='ltr'>ὲν</span> <span class='ocrx_word' id='word_1_625' title='bbox 2742 4389 2842 4461; x_wconf 84' lang='grc' dir='ltr'><strong>βίῳ</strong></span> <span class='ocrx_word' id='word_1_626' title='bbox 2869 4388 3263 4461; x_wconf 82' lang='grc' dir='ltr'>σεμνύνεσθαι,</span> <span class='ocrx_word' id='word_1_627' title='bbox 3294 4388 3389 4443; x_wconf 76' lang='grc' dir='ltr'>καὶ</span> <span class='ocrx_word' id='word_1_628' title='bbox 3417 4387 3705 4450; x_wconf 82' lang='grc' dir='ltr'>εύκλείαις</span> 
     </span>
    </p>
   </div>
   <div class='ocr_carea' id='block_1_90' title="bbox 446 4446 2022 4551">
    <p class='ocr_par' dir='ltr' id='par_1_90' title="bbox 446 4474 2016 4543">
     <span class='ocr_line' id='line_1_90' title="bbox 446 4474 2016 4543; baseline -0.004 -10"><span class='ocrx_word' id='word_1_629' title='bbox 446 4480 661 4535; x_wconf 82' lang='lat' dir='ltr'><strong>relebcr</strong></span> <span class='ocrx_word' id='word_1_630' title='bbox 718 4487 867 4533; x_wconf 85' lang='lat' dir='ltr'><strong>esset</strong></span> <span class='ocrx_word' id='word_1_631' title='bbox 920 4477 1101 4532; x_wconf 84' lang='lat' dir='ltr'><strong>verbis</strong></span> <span class='ocrx_word' id='word_1_632' title='bbox 1126 4485 1179 4531; x_wconf 90' lang='lat' dir='ltr'><strong>et</strong></span> <span class='ocrx_word' id='word_1_633' title='bbox 1242 4474 1399 4529; x_wconf 77' lang='lat' dir='ltr'><strong>factis</strong></span> <span class='ocrx_word' id='word_1_634' title='bbox 1463 4474 1660 4543; x_wconf 86' lang='lat' dir='ltr'><strong>quibus</strong></span> <span class='ocrx_word' id='word_1_635' title='bbox 1712 4474 1925 4527; x_wconf 79' lang='lat' dir='ltr'><strong>tlieona</strong></span> <span class='ocrx_word' id='word_1_636' title='bbox 1960 4481 2016 4526; x_wconf 71' lang='lat' dir='ltr'><strong>et</strong></span> 
     </span>
    </p>
   </div>
   <div class='ocr_carea' id='block_1_91' title="bbox 2124 4446 3700 4551">
    <p class='ocr_par' dir='ltr' id='par_1_91' title="bbox 2127 4446 3700 4551">
     <span class='ocr_line' id='line_1_91' title="bbox 2127 4446 3700 4551; baseline 0.001 -23"><span class='ocrx_word' id='word_1_637' title='bbox 2127 4476 2524 4547; x_wconf 84' lang='grc' dir='ltr'>ἐλλάμπεσοαι,</span> <span class='ocrx_word' id='word_1_638' title='bbox 2554 4446 2649 4531; x_wconf 75' lang='grc' dir='ltr'>καὶ</span> <span class='ocrx_word' id='word_1_639' title='bbox 2670 4446 3056 4547; x_wconf 40' lang='grc' dir='ltr'>ὲνιλόγοιςααὶ</span> <span class='ocrx_word' id='word_1_640' title='bbox 3076 4480 3135 4533; x_wconf 83' lang='grc' dir='ltr'>ὲν</span> <span class='ocrx_word' id='word_1_641' title='bbox 3162 4446 3345 4551; x_wconf 71' lang='grc' dir='ltr'>ἔργοις</span> <span class='ocrx_word' id='word_1_642' title='bbox 3369 4473 3512 4532; x_wconf 77' lang='grc' dir='ltr'>εῖναι</span> <span class='ocrx_word' id='word_1_643' title='bbox 3535 4446 3700 4548; x_wconf 42' lang='grc' dir='ltr'>περίῖ</span> 
     </span>
    </p>
   </div>
   <div class='ocr_carea' id='block_1_92' title="bbox 444 4564 2015 4640">
    <p class='ocr_par' dir='ltr' id='par_1_92' title="bbox 444 4564 2015 4640">
     <span class='ocr_line' id='line_1_92' title="bbox 444 4564 2015 4640; baseline -0.004 -16"><span class='ocrx_word' id='word_1_644' title='bbox 444 4570 634 4640; x_wconf 81' lang='lat' dir='ltr'><strong>praxis</strong></span> <span class='ocrx_word' id='word_1_645' title='bbox 668 4569 1057 4624; x_wconf 86' lang='lat' dir='ltr'><strong>constituitur:</strong></span> <span class='ocrx_word' id='word_1_646' title='bbox 1089 4567 1180 4621; x_wconf 86' lang='lat' dir='ltr'><strong>sed</strong></span> <span class='ocrx_word' id='word_1_647' title='bbox 1219 4565 1405 4620; x_wconf 84' lang='lat' dir='ltr'><strong>habuit</strong></span> <span class='ocrx_word' id='word_1_648' title='bbox 1434 4564 1601 4618; x_wconf 90' lang='lat' dir='ltr'><strong>etiam</strong></span> <span class='ocrx_word' id='word_1_649' title='bbox 1619 4579 1889 4618; x_wconf 87' lang='lat' dir='ltr'><strong>summum</strong></span> <span class='ocrx_word' id='word_1_650' title='bbox 1913 4579 2015 4617; x_wconf 90' lang='lat' dir='ltr'><strong>au-</strong></span> 
     </span>
    </p>
   </div>
   <div class='ocr_carea' id='block_1_93' title="bbox 445 4655 2019 4727">
    <p class='ocr_par' dir='ltr' id='par_1_93' title="bbox 445 4655 2019 4727">
     <span class='ocr_line' id='line_1_93' title="bbox 445 4655 2019 4727; baseline -0.001 -13"><span class='ocrx_word' id='word_1_651' title='bbox 445 4662 631 4715; x_wconf 77' lang='lat' dir='ltr'><strong>xilium</strong></span> <span class='ocrx_word' id='word_1_652' title='bbox 654 4660 911 4716; x_wconf 89' lang='lat' dir='ltr'><strong>divinitus</strong></span> <span class='ocrx_word' id='word_1_653' title='bbox 935 4660 1144 4723; x_wconf 81' lang='lat' dir='ltr'><strong>datum,</strong></span> <span class='ocrx_word' id='word_1_654' title='bbox 1197 4657 1355 4727; x_wconf 86' lang='lat' dir='ltr'><strong>quale</strong></span> <span class='ocrx_word' id='word_1_655' title='bbox 1402 4655 1543 4711; x_wconf 87' lang='lat' dir='ltr'><strong>Deus</strong></span> <span class='ocrx_word' id='word_1_656' title='bbox 1564 4658 1865 4711; x_wconf 85' lang='lat' dir='ltr'><strong>concedere</strong></span> <span class='ocrx_word' id='word_1_657' title='bbox 1881 4657 2019 4712; x_wconf 87' lang='lat' dir='ltr'><strong>solet</strong></span> 
     </span>
    </p>
   </div>
   <div class='ocr_carea' id='block_1_94' title="bbox 448 4750 2016 4824">
    <p class='ocr_par' dir='ltr' id='par_1_94' title="bbox 448 4750 2016 4824">
     <span class='ocr_line' id='line_1_94' title="bbox 448 4750 2016 4824; baseline 0.001 -19"><span class='ocrx_word' id='word_1_658' title='bbox 448 4754 554 4809; x_wconf 87' lang='lat' dir='ltr'><strong>illis</strong></span> <span class='ocrx_word' id='word_1_659' title='bbox 599 4754 689 4821; x_wconf 87' lang='lat' dir='ltr'><strong>qui</strong></span> <span class='ocrx_word' id='word_1_660' title='bbox 741 4754 917 4824; x_wconf 88' lang='lat' dir='ltr'><strong>ipsum</strong></span> <span class='ocrx_word' id='word_1_661' title='bbox 960 4765 1302 4821; x_wconf 85' lang='lat' dir='ltr'><strong>summopere</strong></span> <span class='ocrx_word' id='word_1_662' title='bbox 1359 4750 1692 4816; x_wconf 88' lang='lat' dir='ltr'><strong>desiderant,</strong></span> <span class='ocrx_word' id='word_1_663' title='bbox 1725 4751 2016 4807; x_wconf 81' lang='lat' dir='ltr'><strong>examinati</strong></span> 
     </span>
    </p>
   </div>
   <div class='ocr_carea' id='block_1_95' title="bbox 446 4840 2019 4912">
    <p class='ocr_par' dir='ltr' id='par_1_95' title="bbox 446 4840 2019 4912">
     <span class='ocr_line' id='line_1_95' title="bbox 446 4840 2019 4912; baseline -0.001 -13"><span class='ocrx_word' id='word_1_664' title='bbox 446 4846 702 4899; x_wconf 87' lang='lat' dir='ltr'><strong>nimirum</strong></span> <span class='ocrx_word' id='word_1_665' title='bbox 730 4844 977 4900; x_wconf 82' lang='lat' dir='ltr'><strong>desiderii</strong></span> <span class='ocrx_word' id='word_1_666' title='bbox 1004 4845 1281 4911; x_wconf 61' lang='lat' dir='ltr'><strong>praemium</strong></span> <span class='ocrx_word' id='word_1_667' title='bbox 1304 4840 1799 4911; x_wconf 89' lang='lat' dir='ltr'><strong>splendidissimum</strong></span> <span class='ocrx_word' id='word_1_668' title='bbox 1824 4857 2019 4912; x_wconf 88' lang='lat' dir='ltr'><strong>repen—</strong></span> 
     </span>
    </p>
   </div>
   <div class='ocr_carea' id='block_1_96' title="bbox 447 4932 2019 5004">
    <p class='ocr_par' dir='ltr' id='par_1_96' title="bbox 447 4932 2019 5004">
     <span class='ocr_line' id='line_1_96' title="bbox 447 4932 2019 5004; baseline 0.001 -15"><span class='ocrx_word' id='word_1_669' title='bbox 447 4936 604 4989; x_wconf 85' lang='lat' dir='ltr'><strong>dens.</strong></span> <span class='ocrx_word' id='word_1_670' title='bbox 635 4933 1000 5004; x_wconf 79' lang='lat' dir='ltr'><strong>Prtcterqnam</strong></span> <span class='ocrx_word' id='word_1_671' title='bbox 1033 4935 1178 4987; x_wconf 86' lang='lat' dir='ltr'><strong>enim</strong></span> <span class='ocrx_word' id='word_1_672' title='bbox 1205 4932 1352 5003; x_wconf 87' lang='lat' dir='ltr'><strong>quod</strong></span> <span class='ocrx_word' id='word_1_673' title='bbox 1384 4932 1622 5002; x_wconf 84' lang='lat' dir='ltr'><strong>alioquin</strong></span> <span class='ocrx_word' id='word_1_674' title='bbox 1654 4934 2019 5003; x_wconf 82' lang='lat' dir='ltr'><strong>indigentibus</strong></span> 
     </span>
    </p>
   </div>
   <div class='ocr_carea' id='block_1_97' title="bbox 446 5024 2020 5094">
    <p class='ocr_par' dir='ltr' id='par_1_97' title="bbox 446 5024 2020 5094">
     <span class='ocr_line' id='line_1_97' title="bbox 446 5024 2020 5094; baseline -0.001 -14"><span class='ocrx_word' id='word_1_675' title='bbox 446 5025 705 5081; x_wconf 81' lang='lat' dir='ltr'><strong>auxilium</strong></span> <span class='ocrx_word' id='word_1_676' title='bbox 742 5025 904 5078; x_wconf 81' lang='lat' dir='ltr'><strong>[erret</strong></span> <span class='ocrx_word' id='word_1_677' title='bbox 934 5040 1030 5092; x_wconf 92' lang='lat' dir='ltr'><strong>per</strong></span> <span class='ocrx_word' id='word_1_678' title='bbox 1054 5040 1240 5092; x_wconf 88' lang='lat' dir='ltr'><strong>preces</strong></span> <span class='ocrx_word' id='word_1_679' title='bbox 1256 5034 1311 5078; x_wconf 87' lang='lat' dir='ltr'><strong>et</strong></span> <span class='ocrx_word' id='word_1_680' title='bbox 1335 5025 1646 5078; x_wconf 88' lang='lat' dir='ltr'><strong>unctionem</strong></span> <span class='ocrx_word' id='word_1_681' title='bbox 1666 5024 1808 5094; x_wconf 87' lang='lat' dir='ltr'><strong>(oleo</strong></span> <span class='ocrx_word' id='word_1_682' title='bbox 1833 5024 2020 5081; x_wconf 75' lang='lat' dir='ltr'><strong>exsul-</strong></span> 
     </span>
    </p>
   </div>
   <div class='ocr_carea' id='block_1_98' title="bbox 447 5113 2022 5186">
    <p class='ocr_par' dir='ltr' id='par_1_98' title="bbox 447 5113 2022 5186">
     <span class='ocr_line' id='line_1_98' title="bbox 447 5113 2022 5186; baseline -0.003 -11"><span class='ocrx_word' id='word_1_683' title='bbox 447 5119 690 5182; x_wconf 86' lang='lat' dir='ltr'><strong>lationis,</strong></span> <span class='ocrx_word' id='word_1_684' title='bbox 710 5117 786 5171; x_wconf 93' lang='lat' dir='ltr'><strong>uti</strong></span> <span class='ocrx_word' id='word_1_685' title='bbox 812 5115 1143 5169; x_wconf 82' lang='lat' dir='ltr'><strong>Psalmorutn</strong></span> <span class='ocrx_word' id='word_1_686' title='bbox 1161 5126 1352 5170; x_wconf 88' lang='lat' dir='ltr'><strong>auctor</strong></span> <span class='ocrx_word' id='word_1_687' title='bbox 1375 5115 1452 5168; x_wconf 86' lang='lat' dir='ltr'><strong>ait</strong></span> <span class='ocrx_word' id='word_1_688' title='bbox 1468 5113 1536 5186; x_wconf 68' lang='grc' dir='ltr'><strong>δ),</strong></span> <span class='ocrx_word' id='word_1_689' title='bbox 1561 5124 1615 5168; x_wconf 91' lang='lat' dir='ltr'><strong>et</strong></span> <span class='ocrx_word' id='word_1_690' title='bbox 1632 5131 1892 5170; x_wconf 90' lang='lat' dir='ltr'><strong>manuum</strong></span> <span class='ocrx_word' id='word_1_691' title='bbox 1920 5116 2022 5171; x_wconf 88' lang='lat' dir='ltr'><strong>im-</strong></span> 
     </span>
    </p>
   </div>
   <div class='ocr_carea' id='block_1_99' title="bbox 447 5207 2019 5283">
    <p class='ocr_par' dir='ltr' id='par_1_99' title="bbox 447 5207 2019 5283">
     <span class='ocr_line' id='line_1_99' title="bbox 447 5207 2019 5283; baseline 0.003 -21"><span class='ocrx_word' id='word_1_692' title='bbox 447 5212 797 5283; x_wconf 81' lang='lat' dir='ltr'><strong>positionem,</strong></span> <span class='ocrx_word' id='word_1_693' title='bbox 853 5210 1014 5264; x_wconf 89' lang='lat' dir='ltr'><strong>etiam</strong></span> <span class='ocrx_word' id='word_1_694' title='bbox 1080 5224 1271 5278; x_wconf 76' lang='lat' dir='ltr'><strong>magna</strong></span> <span class='ocrx_word' id='word_1_695' title='bbox 1334 5207 1459 5262; x_wconf 84' lang='lat' dir='ltr'><strong>iecit</strong></span> <span class='ocrx_word' id='word_1_696' title='bbox 1511 5208 1793 5273; x_wconf 89' lang='lat' dir='ltr'><strong>miracula,</strong></span> <span class='ocrx_word' id='word_1_697' title='bbox 1851 5225 2019 5280; x_wconf 84' lang='lat' dir='ltr'><strong>panes</strong></span> 
     </span>
    </p>
   </div>
   <div class='ocr_carea' id='block_1_100' title="bbox 445 5300 2019 5374">
    <p class='ocr_par' dir='ltr' id='par_1_100' title="bbox 445 5300 2019 5374">
     <span class='ocr_line' id='line_1_100' title="bbox 445 5300 2019 5374; baseline -0.003 -15"><span class='ocrx_word' id='word_1_698' title='bbox 445 5304 688 5374; x_wconf 83' lang='lat' dir='ltr'><strong>aliasque</strong></span> <span class='ocrx_word' id='word_1_699' title='bbox 718 5316 805 5357; x_wconf 89' lang='lat' dir='ltr'><strong>res</strong></span> <span class='ocrx_word' id='word_1_700' title='bbox 832 5300 899 5356; x_wconf 90' lang='lat' dir='ltr'><strong>ad</strong></span> <span class='ocrx_word' id='word_1_701' title='bbox 921 5300 1118 5355; x_wconf 69' lang='lat' dir='ltr'><strong>victum</strong></span> <span class='ocrx_word' id='word_1_702' title='bbox 1145 5300 1480 5356; x_wconf 75' lang='lat' dir='ltr'><strong>necessarias</strong></span> <span class='ocrx_word' id='word_1_703' title='bbox 1500 5316 1530 5356; x_wconf 90' lang='lat' dir='ltr'><strong>e</strong></span> <span class='ocrx_word' id='word_1_704' title='bbox 1551 5300 1787 5355; x_wconf 89' lang='lat' dir='ltr'><strong>minimis</strong></span> <span class='ocrx_word' id='word_1_705' title='bbox 1817 5301 2019 5370; x_wconf 88' lang='lat' dir='ltr'><strong>princi-</strong></span> 
     </span>
    </p>
   </div>
   <div class='ocr_carea' id='block_1_101' title="bbox 446 5391 2015 5465">
    <p class='ocr_par' dir='ltr' id='par_1_101' title="bbox 446 5391 2015 5465">
     <span class='ocr_line' id='line_1_101' title="bbox 446 5391 2015 5465; baseline -0.001 -17"><span class='ocrx_word' id='word_1_706' title='bbox 446 5397 549 5465; x_wconf 83' lang='lat' dir='ltr'><strong>piis</strong></span> <span class='ocrx_word' id='word_1_707' title='bbox 593 5394 659 5449; x_wconf 89' lang='lat' dir='ltr'><strong>ad</strong></span> <span class='ocrx_word' id='word_1_708' title='bbox 696 5407 948 5464; x_wconf 79' lang='lat' dir='ltr'><strong>magnum</strong></span> <span class='ocrx_word' id='word_1_709' title='bbox 1008 5406 1291 5446; x_wconf 89' lang='lat' dir='ltr'><strong>numerum</strong></span> <span class='ocrx_word' id='word_1_710' title='bbox 1355 5391 1655 5461; x_wconf 87' lang='lat' dir='ltr'><strong>adaugens,</strong></span> <span class='ocrx_word' id='word_1_711' title='bbox 1717 5392 2015 5448; x_wconf 89' lang='lat' dir='ltr'><strong>secundum</strong></span> 
     </span>
    </p>
   </div>
   <div class='ocr_carea' id='block_1_102' title="bbox 450 5480 2009 5554">
    <p class='ocr_par' dir='ltr' id='par_1_102' title="bbox 450 5480 2009 5554">
     <span class='ocr_line' id='line_1_102' title="bbox 450 5480 2009 5554; baseline -0.003 -15"><span class='ocrx_word' id='word_1_712' title='bbox 450 5486 734 5541; x_wconf 77' lang='lat' dir='ltr'><strong>Dominum</strong></span> <span class='ocrx_word' id='word_1_713' title='bbox 768 5484 859 5554; x_wconf 84' lang='lat' dir='ltr'><strong>qui</strong></span> <span class='ocrx_word' id='word_1_714' title='bbox 892 5482 1177 5539; x_wconf 87' lang='lat' dir='ltr'><strong>verissime</strong></span> <span class='ocrx_word' id='word_1_715' title='bbox 1215 5482 1482 5552; x_wconf 88' lang='lat' dir='ltr'><strong>promisit,</strong></span> <span class='ocrx_word' id='word_1_716' title='bbox 1514 5482 1659 5551; x_wconf 88' lang='lat' dir='ltr'><strong>quod</strong></span> <span class='ocrx_word' id='word_1_717' title='bbox 1688 5480 1723 5536; x_wconf 93' lang='lat' dir='ltr'><strong>ii</strong></span> <span class='ocrx_word' id='word_1_718' title='bbox 1783 5482 1873 5551; x_wconf 89' lang='lat' dir='ltr'><strong>qui</strong></span> <span class='ocrx_word' id='word_1_719' title='bbox 1910 5482 2009 5551; x_wconf 91' lang='lat' dir='ltr'><strong>ipsi</strong></span> 
     </span>
    </p>
   </div>
   <div class='ocr_carea' id='block_1_103' title="bbox 448 5571 2005 5645">
    <p class='ocr_par' dir='ltr' id='par_1_103' title="bbox 448 5571 2005 5645">
     <span class='ocr_line' id='line_1_103' title="bbox 448 5571 2005 5645; baseline -0.001 -16"><span class='ocrx_word' id='word_1_720' title='bbox 448 5578 692 5631; x_wconf 83' lang='lat' dir='ltr'><strong>serviunt</strong></span> <span class='ocrx_word' id='word_1_721' title='bbox 724 5578 911 5630; x_wconf 85' lang='lat' dir='ltr'><strong>eadem</strong></span> <span class='ocrx_word' id='word_1_722' title='bbox 941 5590 1060 5645; x_wconf 77' lang='lat' dir='ltr'><strong>qua:</strong></span> <span class='ocrx_word' id='word_1_723' title='bbox 1094 5574 1180 5629; x_wconf 86' lang='lat' dir='ltr'><strong>ille</strong></span> <span class='ocrx_word' id='word_1_724' title='bbox 1234 5572 1378 5635; x_wconf 70' lang='lat' dir='ltr'><strong>fecit,</strong></span> <span class='ocrx_word' id='word_1_725' title='bbox 1428 5571 1529 5641; x_wconf 85' lang='lat' dir='ltr'><strong>ipsi</strong></span> <span class='ocrx_word' id='word_1_726' title='bbox 1574 5584 1786 5641; x_wconf 87' lang='lat' dir='ltr'><strong>quoque</strong></span> <span class='ocrx_word' id='word_1_727' title='bbox 1815 5571 2005 5627; x_wconf 82' lang='lat' dir='ltr'><strong>facturi</strong></span> 
     </span>
    </p>
   </div>
   <div class='ocr_carea' id='block_1_104' title="bbox 461 5742 987 5827">
    <p class='ocr_par' dir='ltr' id='par_1_104' title="bbox 461 5742 987 5827">
     <span class='ocr_line' id='line_1_104' title="bbox 461 5742 987 5827; baseline 0.008 -15"><span class='ocrx_word' id='word_1_728' title='bbox 461 5742 465 5755; x_wconf 63' lang='grc'><strong>’</strong></span> <span class='ocrx_word' id='word_1_729' title='bbox 520 5754 541 5786; x_wconf 73' lang='grc'><strong>⁸</strong></span> <span class='ocrx_word' id='word_1_730' title='bbox 571 5757 713 5818; x_wconf 81' lang='lat' dir='ltr'><strong>Psal.</strong></span> <span class='ocrx_word' id='word_1_731' title='bbox 758 5764 987 5827; x_wconf 71' lang='lat' dir='ltr'><strong>xuv,&#39;8.</strong></span> 
     </span>
    </p>
   </div>
   <div class='ocr_carea' id='block_1_105' title="bbox 2115 4563 3700 4642">
    <p class='ocr_par' dir='ltr' id='par_1_105' title="bbox 2115 4563 3700 4642">
     <span class='ocr_line' id='line_1_105' title="bbox 2115 4563 3700 4642; baseline 0.003 -22"><span class='ocrx_word' id='word_1_732' title='bbox 2115 4568 2370 4635; x_wconf 73' lang='grc' dir='ltr'>ϐλεπτον,</span> <span class='ocrx_word' id='word_1_733' title='bbox 2423 4570 2494 4623; x_wconf 83' lang='grc' dir='ltr'><strong>δι’</strong></span> <span class='ocrx_word' id='word_1_734' title='bbox 2542 4563 2617 4625; x_wconf 83' lang='grc' dir='ltr'>ὧν</span> <span class='ocrx_word' id='word_1_735' title='bbox 2649 4569 2852 4642; x_wconf 87' lang='grc' dir='ltr'>θεωρία</span> <span class='ocrx_word' id='word_1_736' title='bbox 2896 4571 3263 4640; x_wconf 82' lang='grc' dir='ltr'>κατορθοῦται</span> <span class='ocrx_word' id='word_1_737' title='bbox 3310 4571 3407 4624; x_wconf 79' lang='grc' dir='ltr'>καὶ</span> <span class='ocrx_word' id='word_1_738' title='bbox 3434 4572 3700 4641; x_wconf 50' lang='grc' dir='ltr'>,πρᾶξις-</span> 
     </span>
    </p>
   </div>
   <div class='ocr_carea' id='block_1_106' title="bbox 2116 4659 3706 4733">
    <p class='ocr_par' dir='ltr' id='par_1_106' title="bbox 2116 4659 3706 4733">
     <span class='ocr_line' id='line_1_106' title="bbox 2116 4659 3706 4733; baseline 0.001 -20"><span class='ocrx_word' id='word_1_739' title='bbox 2116 4659 2255 4713; x_wconf 74' lang='grc' dir='ltr'>ἀλλὰ</span> <span class='ocrx_word' id='word_1_740' title='bbox 2287 4661 2381 4713; x_wconf 90' lang='grc' dir='ltr'><strong>καί</strong></span> <span class='ocrx_word' id='word_1_741' title='bbox 2424 4678 2511 4723; x_wconf 88' lang='grc' dir='ltr'><strong>τις</strong></span> <span class='ocrx_word' id='word_1_742' title='bbox 2567 4663 2809 4733; x_wconf 85' lang='grc' dir='ltr'>μεγίστη</span> <span class='ocrx_word' id='word_1_743' title='bbox 2840 4662 3133 4733; x_wconf 81' lang='grc' dir='ltr'>προσθήκη</span> <span class='ocrx_word' id='word_1_744' title='bbox 3184 4663 3251 4716; x_wconf 81' lang='grc' dir='ltr'>ὲκ</span> <span class='ocrx_word' id='word_1_745' title='bbox 3280 4660 3440 4725; x_wconf 85' lang='grc' dir='ltr'>Θεοῦ,</span> <span class='ocrx_word' id='word_1_746' title='bbox 3495 4662 3706 4715; x_wconf 81' lang='grc' dir='ltr'>ὀποὶαν</span> 
     </span>
    </p>
   </div>
   <div class='ocr_carea' id='block_1_107' title="bbox 2118 4747 3704 4827">
    <p class='ocr_par' dir='ltr' id='par_1_107' title="bbox 2118 4747 3704 4827">
     <span class='ocr_line' id='line_1_107' title="bbox 2118 4747 3704 4827; baseline 0.002 -24"><span class='ocrx_word' id='word_1_747' title='bbox 2118 4751 2281 4813; x_wconf 74' lang='grc' dir='ltr'>αὐτὸς</span> <span class='ocrx_word' id='word_1_748' title='bbox 2311 4747 2451 4805; x_wconf 84' lang='grc' dir='ltr'>οἶδεν</span> <span class='ocrx_word' id='word_1_749' title='bbox 2476 4753 2798 4823; x_wconf 77' lang='grc' dir='ltr'>ὲπιμετρείν</span> <span class='ocrx_word' id='word_1_750' title='bbox 2835 4756 2951 4816; x_wconf 81' lang='grc' dir='ltr'>τοῖς</span> <span class='ocrx_word' id='word_1_751' title='bbox 3002 4753 3192 4827; x_wconf 78' lang='grc' dir='ltr'>ἄκρως</span> <span class='ocrx_word' id='word_1_752' title='bbox 3219 4752 3478 4808; x_wconf 81' lang='grc' dir='ltr'>ποθοῦσιν</span> <span class='ocrx_word' id='word_1_753' title='bbox 3507 4753 3704 4820; x_wconf 75' lang='grc' dir='ltr'>αὐτὸν,</span> 
     </span>
    </p>
   </div>
   <div class='ocr_carea' id='block_1_108' title="bbox 2119 4842 3704 4919">
    <p class='ocr_par' dir='ltr' id='par_1_108' title="bbox 2119 4842 3704 4919">
     <span class='ocr_line' id='line_1_108' title="bbox 2119 4842 3704 4919; baseline 0.003 -24"><span class='ocrx_word' id='word_1_754' title='bbox 2119 4842 2586 4914; x_wconf 74' lang='grc' dir='ltr'>ἐξαριθμούμενος</span> <span class='ocrx_word' id='word_1_755' title='bbox 2618 4845 2709 4899; x_wconf 75' lang='grc' dir='ltr'><strong>τὸν</strong></span> <span class='ocrx_word' id='word_1_756' title='bbox 2760 4845 2949 4912; x_wconf 81' lang='grc' dir='ltr'>πόθον,</span> <span class='ocrx_word' id='word_1_757' title='bbox 2981 4847 3079 4900; x_wconf 61' lang='grc' dir='ltr'><strong>καὶ⁵</strong></span> <span class='ocrx_word' id='word_1_758' title='bbox 3116 4846 3487 4919; x_wconf 82' lang='grc' dir='ltr'>ἀντάλλαγμα</span> <span class='ocrx_word' id='word_1_759' title='bbox 3517 4846 3704 4912; x_wconf 78' lang='grc' dir='ltr'>διδοὺς</span> 
     </span>
    </p>
   </div>
   <div class='ocr_carea' id='block_1_109' title="bbox 2118 4937 3706 5011">
    <p class='ocr_par' dir='ltr' id='par_1_109' title="bbox 2118 4937 3706 5011">
     <span class='ocr_line' id='line_1_109' title="bbox 2118 4937 3706 5011; baseline 0 -21"><span class='ocrx_word' id='word_1_760' title='bbox 2118 4937 2181 4992; x_wconf 77' lang='grc' dir='ltr'>τὸ</span> <span class='ocrx_word' id='word_1_761' title='bbox 2214 4937 2504 5007; x_wconf 85' lang='grc' dir='ltr'>μεγαλεῖον</span> <span class='ocrx_word' id='word_1_762' title='bbox 2536 4940 2636 5010; x_wconf 81' lang='grc' dir='ltr'>τῆς</span> <span class='ocrx_word' id='word_1_763' title='bbox 2672 4938 2895 5002; x_wconf 86' lang='grc' dir='ltr'>δύσεως.</span> <span class='ocrx_word' id='word_1_764' title='bbox 2928 4938 3062 5009; x_wconf 87' lang='grc' dir='ltr'>Δίχα</span> <span class='ocrx_word' id='word_1_765' title='bbox 3095 4939 3206 5011; x_wconf 85' lang='grc' dir='ltr'><strong>γὰρ</strong></span> <span class='ocrx_word' id='word_1_766' title='bbox 3227 4939 3321 4993; x_wconf 90' lang='grc' dir='ltr'><strong>τοῦ</strong></span> <span class='ocrx_word' id='word_1_767' title='bbox 3354 4939 3528 5003; x_wconf 84' lang='grc' dir='ltr'>ἄλλως</span> <span class='ocrx_word' id='word_1_768' title='bbox 3565 4939 3706 5010; x_wconf 85' lang='grc' dir='ltr'>βοη-</span> 
     </span>
    </p>
   </div>
   <div class='ocr_carea' id='block_1_110' title="bbox 2120 5028 3704 5102">
    <p class='ocr_par' dir='ltr' id='par_1_110' title="bbox 2120 5028 3704 5102">
     <span class='ocr_line' id='line_1_110' title="bbox 2120 5028 3704 5102; baseline 0.003 -21"><span class='ocrx_word' id='word_1_769' title='bbox 2120 5028 2234 5081; x_wconf 86' lang='grc' dir='ltr'>θεῖν</span> <span class='ocrx_word' id='word_1_770' title='bbox 2260 5034 2370 5091; x_wconf 87' lang='grc' dir='ltr'>τοῐς</span> <span class='ocrx_word' id='word_1_771' title='bbox 2402 5029 2665 5101; x_wconf 76' lang='grc' dir='ltr'>χρῄζουσι</span> <span class='ocrx_word' id='word_1_772' title='bbox 2697 5029 2787 5083; x_wconf 82' lang='grc' dir='ltr'><strong>διά</strong></span> <span class='ocrx_word' id='word_1_773' title='bbox 2805 5047 2863 5082; x_wconf 88' lang='grc' dir='ltr'><strong>τε</strong></span> <span class='ocrx_word' id='word_1_774' title='bbox 2900 5029 3080 5101; x_wconf 87' lang='grc' dir='ltr'>εὐχῶν</span> <span class='ocrx_word' id='word_1_775' title='bbox 3106 5033 3202 5085; x_wconf 78' lang='grc' dir='ltr'>καὶ</span> <span class='ocrx_word' id='word_1_776' title='bbox 3232 5032 3465 5102; x_wconf 76' lang='grc' dir='ltr'>ἀλοιφῆς</span> <span class='ocrx_word' id='word_1_777' title='bbox 3487 5031 3704 5100; x_wconf 83' lang='grc' dir='ltr'>(ἐλαίου</span> 
     </span>
    </p>
   </div>
   <div class='ocr_carea' id='block_1_111' title="bbox 2118 5120 3703 5197">
    <p class='ocr_par' dir='ltr' id='par_1_111' title="bbox 2118 5120 3703 5197">
     <span class='ocr_line' id='line_1_111' title="bbox 2118 5120 3703 5197; baseline 0.006 -26"><span class='ocrx_word' id='word_1_778' title='bbox 2118 5120 2519 5187; x_wconf 82' lang='grc' dir='ltr'>ἀγαλλιάσεως,</span> <span class='ocrx_word' id='word_1_779' title='bbox 2539 5121 2682 5175; x_wconf 83' lang='grc' dir='ltr'><strong>κατά</strong></span> <span class='ocrx_word' id='word_1_780' title='bbox 2707 5121 2800 5175; x_wconf 82' lang='grc' dir='ltr'>τὸν</span> <span class='ocrx_word' id='word_1_781' title='bbox 2829 5121 3141 5193; x_wconf 63' lang='grc' dir='ltr'>Ψαλμιρδδν</span> <span class='ocrx_word' id='word_1_782' title='bbox 3162 5124 3205 5194; x_wconf 80' lang='grc'>),</span> <span class='ocrx_word' id='word_1_783' title='bbox 3231 5127 3325 5179; x_wconf 66' lang='grc' dir='ltr'><strong>καὶ</strong></span> <span class='ocrx_word' id='word_1_784' title='bbox 3346 5125 3548 5197; x_wconf 83' lang='grc' dir='ltr'>χειρῶν</span> <span class='ocrx_word' id='word_1_785' title='bbox 3573 5127 3703 5181; x_wconf 73' lang='grc' dir='ltr'>ἑπι-</span> 
     </span>
    </p>
   </div>
   <div class='ocr_carea' id='block_1_112' title="bbox 2118 5207 3704 5287">
    <p class='ocr_par' dir='ltr' id='par_1_112' title="bbox 2118 5207 3704 5287">
     <span class='ocr_line' id='line_1_112' title="bbox 2118 5207 3704 5287; baseline 0.006 -28"><span class='ocrx_word' id='word_1_786' title='bbox 2118 5207 2177 5287; x_wconf 79' lang='grc' dir='ltr'><strong><em>θὲ</em></strong></span> <span class='ocrx_word' id='word_1_787' title='bbox 2193 5226 2339 5270; x_wconf 85' lang='grc' dir='ltr'>;εως,</span> <span class='ocrx_word' id='word_1_788' title='bbox 2361 5211 2455 5262; x_wconf 74' lang='grc' dir='ltr'>καὶ</span> <span class='ocrx_word' id='word_1_789' title='bbox 2472 5210 2736 5280; x_wconf 80' lang='grc' dir='ltr'>τεράστια</span> <span class='ocrx_word' id='word_1_790' title='bbox 2760 5210 3165 5283; x_wconf 76' lang='grc' dir='ltr'>κατειργάζετο</span> <span class='ocrx_word' id='word_1_791' title='bbox 3193 5215 3473 5286; x_wconf 76' lang='grc' dir='ltr'>θαύματα,</span> <span class='ocrx_word' id='word_1_792' title='bbox 3495 5216 3704 5286; x_wconf 83' lang='grc' dir='ltr'>ἄρτους</span> 
     </span>
    </p>
   </div>
   <div class='ocr_carea' id='block_1_113' title="bbox 2119 5299 3702 5373">
    <p class='ocr_par' dir='ltr' id='par_1_113' title="bbox 2119 5299 3702 5373">
     <span class='ocr_line' id='line_1_113' title="bbox 2119 5299 3702 5373; baseline 0.003 -19"><span class='ocrx_word' id='word_1_793' title='bbox 2119 5317 2179 5354; x_wconf 78' lang='grc' dir='ltr'><strong>τε</strong></span> <span class='ocrx_word' id='word_1_794' title='bbox 2211 5300 2306 5354; x_wconf 75' lang='grc' dir='ltr'>καὶ</span> <span class='ocrx_word' id='word_1_795' title='bbox 2336 5299 2501 5353; x_wconf 74' lang='grc' dir='ltr'>λοιπὰ</span> <span class='ocrx_word' id='word_1_796' title='bbox 2538 5304 2659 5355; x_wconf 87' lang='grc' dir='ltr'>σῖτα</span> <span class='ocrx_word' id='word_1_797' title='bbox 2696 5304 2754 5369; x_wconf 79' lang='grc' dir='ltr'>ἐξ</span> <span class='ocrx_word' id='word_1_798' title='bbox 2778 5304 3047 5373; x_wconf 77' lang='grc' dir='ltr'>ἀφορμῶν</span> <span class='ocrx_word' id='word_1_799' title='bbox 3091 5306 3387 5373; x_wconf 86' lang='grc' dir='ltr'>ὀλιγίστων</span> <span class='ocrx_word' id='word_1_800' title='bbox 3410 5315 3490 5369; x_wconf 81' lang='grc' dir='ltr'><strong>εἰς</strong></span> <span class='ocrx_word' id='word_1_801' title='bbox 3525 5309 3702 5360; x_wconf 64' lang='grc' dir='ltr'>πολὺν</span> 
     </span>
    </p>
   </div>
   <div class='ocr_carea' id='block_1_114' title="bbox 2115 5392 3698 5467">
    <p class='ocr_par' dir='ltr' id='par_1_114' title="bbox 2115 5392 3698 5467">
     <span class='ocr_line' id='line_1_114' title="bbox 2115 5392 3698 5467; baseline 0.003 -21"><span class='ocrx_word' id='word_1_802' title='bbox 2115 5392 2352 5464; x_wconf 72' lang='grc' dir='ltr'>ἀριθμὸν</span> <span class='ocrx_word' id='word_1_803' title='bbox 2392 5393 2708 5467; x_wconf 86' lang='grc' dir='ltr'>πληθύνων,</span> <span class='ocrx_word' id='word_1_804' title='bbox 2760 5398 2904 5450; x_wconf 72' lang='grc' dir='ltr'>κατὰ</span> <span class='ocrx_word' id='word_1_805' title='bbox 2937 5397 3030 5450; x_wconf 74' lang='grc' dir='ltr'>τὸν</span> <span class='ocrx_word' id='word_1_806' title='bbox 3062 5398 3311 5467; x_wconf 51' lang='lat' dir='ltr'><strong>sesese,-</strong></span> <span class='ocrx_word' id='word_1_807' title='bbox 3363 5397 3698 5464; x_wconf 74' lang='grc' dir='ltr'>ὲπαγγειλάο</span> 
     </span>
    </p>
   </div>
   <div class='ocr_carea' id='block_1_115' title="bbox 2119 5468 3697 5559">
    <p class='ocr_par' dir='ltr' id='par_1_115' title="bbox 2119 5484 3697 5559">
     <span class='ocr_line' id='line_1_115' title="bbox 2119 5484 3697 5559; baseline 0.003 -22"><span class='ocrx_word' id='word_1_808' title='bbox 2119 5502 2280 5555; x_wconf 85' lang='grc' dir='ltr'>μενον</span> <span class='ocrx_word' id='word_1_809' title='bbox 2306 5484 2531 5556; x_wconf 81' lang='grc' dir='ltr'>Κύριον,</span> <span class='ocrx_word' id='word_1_810' title='bbox 2559 5485 2636 5550; x_wconf 88' lang='grc' dir='ltr'>ὡς</span> <span class='ocrx_word' id='word_1_811' title='bbox 2666 5488 2713 5539; x_wconf 85' lang='lat' dir='ltr'><strong>oi</strong></span> <span class='ocrx_word' id='word_1_812' title='bbox 2746 5488 2911 5541; x_wconf 67' lang='grc' dir='ltr'>αὐτὸν</span> <span class='ocrx_word' id='word_1_813' title='bbox 2935 5486 3393 5559; x_wconf 80' lang='grc' dir='ltr'>θεραπεύσαντες,</span> <span class='ocrx_word' id='word_1_814' title='bbox 3424 5488 3459 5541; x_wconf 71' lang='lat' dir='ltr'><strong>5t</strong></span> <span class='ocrx_word' id='word_1_815' title='bbox 3484 5490 3697 5552; x_wconf 68' lang='grc' dir='ltr'>ἐκεῖνος</span> 
     </span>
    </p>
   </div>
   <div class='ocr_carea' id='block_1_116' title="bbox 2119 5576 3688 5650">
    <p class='ocr_par' dir='ltr' id='par_1_116' title="bbox 2119 5576 3688 5650">
     <span class='ocr_line' id='line_1_116' title="bbox 2119 5576 3688 5650; baseline 0.001 -22"><span class='ocrx_word' id='word_1_816' title='bbox 2119 5578 2281 5641; x_wconf 85' lang='grc' dir='ltr'>ποιεῖ,</span> <span class='ocrx_word' id='word_1_817' title='bbox 2337 5576 2429 5629; x_wconf 70' lang='grc' dir='ltr'><strong>καὶ</strong></span> <span class='ocrx_word' id='word_1_818' title='bbox 2462 5577 2620 5633; x_wconf 75' lang='grc' dir='ltr'>αὐτοὶ</span> <span class='ocrx_word' id='word_1_819' title='bbox 2654 5579 2970 5650; x_wconf 62' lang='grc' dir='ltr'>ποιήσουσι,</span> <span class='ocrx_word' id='word_1_820' title='bbox 3019 5579 3114 5634; x_wconf 85' lang='grc' dir='ltr'><strong>καί</strong></span> <span class='ocrx_word' id='word_1_821' title='bbox 3148 5595 3251 5631; x_wconf 78' lang='grc' dir='ltr'><strong>που</strong></span> <span class='ocrx_word' id='word_1_822' title='bbox 3305 5578 3398 5631; x_wconf 74' lang='lat' dir='ltr'><strong>tul.</strong></span> <span class='ocrx_word' id='word_1_823' title='bbox 3433 5576 3688 5648; x_wconf 74' lang='grc' dir='ltr'>μείζονα·</span> 
     </span>
    </p>
   </div>
  </div>
